3968 6462
182 374 319 439 1081

1284 378 1461 439 νιΤΑ
1501 379 1561 438 S.
1604 378 1933 439 ANDRE/E
1978 381 2057 441 IN
2094 382 2324 443 CRISI.

3304 388 3324 451 1
3337 386 3443 450 082

2093 556 2378 565 W

2384 557 3039 569 “omn—.—

183 544 3402 592 ﬁam“mwom_m—

494 728 747 880 DE
919 724 1078 881 S.
1259 728 2032 885 ANDREA
2187 732 3123 890 CRETENSI

1477 1007 1715 1079 DICTO
1768 1007 1872 1069 IN
1912 1007 2158 1071 CRISI.

852 1174 992 1236 (Acta
1014 1175 1100 1225 SS.
1134 1176 1357 1226 Bolland.
1381 1177 1439 1226 ad
1463 1178 1594 1227 diem
1625 1176 1684 1227 20
1709 1178 1954 1235 Octobris,
1989 1177 2249 1228 tom.Vlll.
2277 1176 2553 1241 Bruxellis,
2594 1178 2753 1239 [853.)

295 1494 323 1566 §
352 1496 401 1549 l.
429 1493 615 1548 Sancti
640 1496 893 1549 memoria
917 1495 969 1547 in
994 1496 1173 1565 fastis,
1200 1494 1389 1551 Cultus
1408 1506 1457 1551 et
1477 1497 1633 1550 Acta.

175 1585 479 1642 1.Sanctus
509 1586 776 1652 Andreas,
816 1597 1020 1656 martyr
1064 1587 1402 1656 Cpolitanus,
1441 1588 1495 1641 in
1531 1588 1754 1645 Oriente

155 1680 461 1749 plurimum
496 1679 820 1744 celebratus,
857 1678 911 1732 in
942 1680 1199 1734 omnibus
1230 1695 1382 1750 paene
1411 1679 1614 1736 Graecis
1672 1681 1753 1735 fa-

152 1772 268 1826 stis
326 1788 467 1843 quos
508 1772 761 1833 vidimus,
792 1772 951 1827 modo
995 1782 1117 1843 post
1141 1772 1261 1843 ejus
1290 1774 1596 1843 passionem
1622 1789 1754 1829 con-

150 1863 357 1932 scripti
415 1863 639 1925 fuerint,
709 1863 1000 1928 recolitur;
1036 1879 1137 1919 nec
1187 1865 1329 1933 apud
1387 1880 1479 1921 eas
1541 1874 1752 1921 tantum

151 1967 375 2027 gentes,
407 1974 527 2028 qua:
560 1956 749 2014 Graeca
779 1959 961 2031 lingua
992 1960 1121 2015 olim
1147 1978 1258 2018 usa:
1288 1970 1415 2017 sunt
1460 1974 1554 2018 aut
1586 1975 1751 2020 utun-

154 2062 269 2115 tur,
298 2052 393 2109 sed
440 2052 601 2107 etiam
638 2053 779 2120 apud
826 2051 1096 2117 Moscltos,
1133 2055 1416 2111 Ruthenos
1445 2057 1748 2113 etMelchi-

149 2151 242 2194 tas
288 2141 681 2200 Antiochenos.
717 2139 1059 2196 Kalendariis
1108 2145 1497 2200 ecclesiasticis
1541 2148 1749 2202 adscri-

141 2241 284 2299 ptus
346 2241 451 2286 est.
508 2231 564 2285 In
618 2232 1019 2299 antiquissimis
1064 2244 1247 2290 autem
1306 2237 1607 2308 Eclogadiis
1648 2254 1745 2295 seu

140 2322 639 2393 Menologiis,quae
661 2325 942 2380 codicibus
974 2325 1107 2381 Novi
1143 2327 1483 2385 Testamenti
1516 2331 1740 2403 afligun-

140 2422 245 2467 tur
285 2423 342 2469 et
374 2417 515 2470 nuda
546 2417 766 2470 nomina
795 2414 1119 2471 Sanctorum
1160 2420 1421 2475 exhibent
1443 2438 1566 2477 cum
1602 2424 1744 2478 iudi-

136 2507 371 2561 catione
402 2508 699 2563 lectionum
744 2509 797 2561 in
839 2524 1028 2567 eorum
1080 2509 1219 2564 festo
1262 2512 1739 2581 inStitnendarum,

139 2596 206 2650 S.
240 2599 487 2652 Andreas
517 2601 569 2653 in
590 2598 730 2654 Crisi
766 2615 831 2655 eo
860 2601 979 2669 ipso
1013 2599 1101 2654 die
1127 2604 1505 2667 annuntiatnr,
1541 2620 1649 2674 quo
1686 2607 1739 2660 in

130 2690 298 2744 Actis
330 2693 532 2744 nOstris
558 2693 760 2747 obiisse
793 2691 986 2755 fertur,
1019 2708 1085 2746 xx
1115 2710 1308 2764 nempe
1338 2694 1606 2752 Octobris.
1634 2698 1744 2753 llu-

132 2781 382 2851 iusmodi
439 2792 567 2836 sunt
621 2782 921 2852 Menologia
962 2787 1352 2858 Hierosolymis
1401 2799 1454 2843 et
1507 2790 1733 2861 Calipoli

131 2875 348 2928 saaculo
386 2874 601 2929 decimo
631 2877 960 2946 conscripta,
984 2879 1168 2946 judice
1220 2882 1354 2950 Aug.
1386 2880 1604 2948 Scholz,
1638 2883 1728 2953 qui

130 2982 202 3021 ea
239 2968 293 3021 in
323 2968 501 3023 lucem
540 2969 625 3024 edi
668 2971 879 3025 curavit
911 2973 1005 3039 (l),
1040 2972 1164 3027 dein
1195 2972 1557 3043 Menologinm
1584 2975 1732 3031 aliud

131 3062 331 3115 saeculi
383 3078 456 3126 xi,
491 3063 634 3133 quod
669 3079 699 3118 a
734 3063 1110 3134 Mingharellio
1140 3068 1417 3135 vulgatum
1450 3077 1533 3123 est
1562 3069 1640 3138 (‘2)
1678 3078 1733 3125 et

132 3153 413 3208 Sanctum
444 3166 691 3209 nostrum
728 3157 922 3211 iisdem
971 3160 1198 3213 omnino
1235 3162 1421 3233 verbis
1443 3164 1731 3217 annuntiat

128 3262 203 3301 ac
264 3248 377 3300 duo
427 3248 836 3317 prtecedentia:
888 3250 965 3319 Τῇ
1018 3251 1155 3320 αὐτῇ
1203 3252 1384 3323 ἡμέρᾳ
1430 3253 1525 3305 τοῦ
1568 3254 1727 3321 ἁγίου

126 3341 547 3410 ὀσιομάρτυρος
594 3340 851 3412 Ἀνδρέου
905 3343 1002 3413 τῆς
1058 3343 1342 3415 Κρίσεωςς
1400 3345 1591 3400 eadem
1639 3346 1728 3402 die

127 3434 229 3502 (xx
263 3433 536 3498 Octobris)
610 3433 783 3490 sancti
831 3435 1086 3490 monachi
1150 3438 1297 3501 (nam
1346 3437 1495 3501 ὅσιος
1538 3453 1728 3492 mona—

125 3527 300 3580 chum
347 3526 617 3597 designat)
665 3534 720 3581 et
783 3526 1036 3596 martyris
1078 3528 1308 3583 Andreae
1345 3544 1378 3582 ι
1422 3529 1585 3585 Crisi.
1644 3530 1727 3585 Ad

124 3619 394 3673 eumdem
420 3618 564 3671 diem
592 3632 657 3669 xx
697 3632 823 3670 eum
854 3616 1106 3672 similiter
1129 3618 1376 3675 referunt
1401 3621 1599 3676 Menaea
1633 3638 1728 3678 ve-

126 3720 456 3778 tusta,qu:e
520 3708 809 3764 Mediolani
862 3710 917 3764 in
964 3710 1297 3768 Bibliotheca
1342 3713 1721 3780 Ambrosiana,

124 3805 183 3857 in
223 3802 554 3857 Taurinensi
591 3805 754 3857 etiam
786 3810 842 3856 et
889 3800 1132 3857 Parisina
1166 3814 1543 3868 asservantnr,
1574 3816 1629 3859 et
1658 3822 1724 3860 ex

122 3897 340 3965 quibus
368 3895 496 3949 olim
534 3893 895 3971 llagiograpbi
944 3895 1372 3965 Antverpienses
1412 3896 1579 3952 multa
1626 3896 1724 3968 Sy-

122 3988 401 4048 naxaria.
462 4001 558 4040 seu
620 3986 863 4041 Vitarum
925 3990 1246 4058 compendia
1311 4002 1719 4060 excerpserunt.

120 4084 392 4137 Attamen
419 4095 543 4135 cum
575 4080 763 4135 eadem
794 4080 883 4134 die
925 4096 990 4133 xx
1025 4080 1277 4135 Octobris
1328 4084 1592 4136 memoria
1624 4084 1721 4138 lie-

121 4186 211 4230 ret
242 4173 474 4228 alterius
515 4175 658 4243 apud
706 4173 925 4229 Grtecos
954 4174 1188 4228 maxime
1228 4174 1485 4231 celebrati
1522 4187 1722 4249 marty-
1752 4210 1795 4270 ο

120 4266 203 4321 ris
259 4278 464 4334 nempe
518 4265 744 4319 Artemii
790 4266 968 4333 ducis,
1034 4268 1200 4338 coepit
1245 4267 1443 4323 festum
1498 4268 1557 4323 S.
1604 4270 1719 4323 An-

118 4360 276 4414 dreae
313 4355 599 4411 transferri
636 4357 702 4411 ad
734 4373 847 4421 xix,
880 4374 989 4427 quo
1039 4359 1128 4413 die
1159 4362 1397 4416 occurrit
1432 4361 1485 4415 in
1538 4362 1717 4416 omni—

119 4451 231 4506 bus
284 4449 530 4519 antiquis
576 4450 988 4519 exemplaribus
1031 4452 1369 4505 collectionis
1416 4453 1723 4522 Metaphra-

117 4544 299 4598 sciere.
335 4541 393 4595 Id
438 4540 789 4596 manifestum
833 4550 915 4597 est
962 4558 1025 4597 ex
1076 4542 1425 4598 Bibliotheca:
1460 4544 1720 4599 Parisina:

1788 1496 1838 1555 Α
1868 1496 1948 1550 vis
1980 1504 2371 1555 memorentur.
2418 1495 2597 1549 locum
2630 1504 2810 1550 tamen
2844 1495 2898 1550 in
2937 1496 3100 1551 modo
3139 1498 3317 1555 allatis
3349 1514 3443 1554 co—

1856 1589 2070 1643 dicibus
2095 1588 2237 1658 apud
2270 1586 2686 1656 Metapbrastem
2720 1604 2829 1643 non
2862 1588 3133 1645 obtinent.
3172 1590 3287 1657 Qua
3315 1608 3445 1647 vero

1854 1686 2015 1732 aatate
2063 1679 2181 1733 dies
2219 1679 2400 1734 cultus
2443 1680 2515 1733 ita
2565 1688 2807 1733 mutatus
2850 1684 2921 1734 sit
2954 1694 3062 1735 non
3118 1682 3256 1736 bene
3287 1682 3444 1737 nobis

1854 1780 2101 1836 constat;
2151 1773 2505 1827 collectiones
2554 1782 2734 1827 tamen
2788 1772 3221 1843 lletaphrastica:
3256 1774 3439 1829 saeculi

1857 1879 1950 1928 xm
1983 1871 2039 1918 et
2074 1879 2160 1918 xtv
2191 1864 2337 1919 diem
2372 1881 2459 1918 xtx
2492 1864 2790 1928 retinuere.
2815 1875 2870 1919 et
2900 1865 3134 1935 printum
3168 1867 3287 1922 dies
3311 1883 3439 1933 xvn,

1852 1965 2115 2027 quantum
2170 1957 2224 2011 id
2270 1957 2484 2026 assequi
2535 1958 2831 2025 potuimus,
2866 1966 3094 2027 apparet
3154 1958 3209 2013 in
3252 1959 3441 2015 codice

1851 2051 2033 2103 sa:culi
2068 2066 2157 2112 xv,
2190 2048 2280 2117 qui
2307 2058 2486 2104 exstat
2517 2049 2571 2102 in
2608 2048 2942 2104 Bibliotheca
2985 2050 3228 2103 Parisina
3265 2061 3318 2105 et
3364 2052 3442 2106 si-

1850 2149 2047 2210 gnatur
2085 2148 2142 2193 n°
2173 2139 2332 2194 l558.
2372 2140 2428 2192 In
2469 2140 2776 2209 Menologio
2807 2143 3012 2207 Sirleti,
3063 2145 3205 2213 quod
3240 2159 3441 2214 perpe-

1850 2247 1964 2286 ram
1998 2231 2198 2286 smculo
2223 2247 2274 2286 xt
2329 2241 2423 2285 aut
2447 2231 2518 2285 xit
2552 2233 2926 2301 conscriptum
2974 2250 3097 2289 esse
3142 2234 3439 2305 Basnagius

1847 2324 2067 2393 coniicit
2092 2325 2189 2393 (ὅ),
2226 2323 2496 2393 siquidem
2547 2341 2693 2378 mera
2726 2326 3040 2394 compilatio
3067 2336 3151 2381 est
3176 2342 3205 2379 a
3238 2324 3438 2382 Sirleto

1846 2430 1912 2470 ex
1975 2413 2193 2469 Menaeis
2256 2416 2474 2469 excusis
2531 2425 2625 2468 aut
2680 2418 3066 2487 manuscriptis
3126 2428 3436 2490 desumpta,

1844 2511 2173 2576 quandoque
2198 2522 2365 2576 opera
2407 2508 2543 2561 satis
2571 2507 2673 2561 levi
2711 2508 2806 2579 (6),
2841 2510 2986 2576 quod
3026 2509 3317 2565 Barunium
3356 2512 3436 2565 la-

1846 2600 2012 2653 tuisse
2044 2598 2262 2653 videtur
2291 2599 2389 2665 (7),
2424 2599 2477 2651 in
2530 2599 2635 2653 hoc
2673 2600 2996 2670 Menologio,
3036 2603 3281 2670 inquam.
3316 2604 3435 2659 dies

1842 2692 2031 2747 itidem
2066 2708 2174 2747 xvtt
2219 2692 2275 2747 S.
2313 2690 2544 2746 Andreae
2594 2694 2922 2763 assignatur.
2962 2695 3016 2747 In
3052 2695 3435 2764 l-themeridi-

1841 2787 1945 2842 bus
1974 2787 2467 2856 Graeco-Moschis,
2515 2787 2567 2842 in
2606 2788 2827 2844 Tabulis
2869 2788 3238 2860 Capponianis
3281 2805 3337 2848 et
3380 2794 3433 2849 in

1838 2879 2057 2934 Menaeis
2105 2881 2323 2936 excusis
2370 2890 2688 2935 constanter
2726 2883 2792 2939 ad
2840 2883 2981 2937 diem
3034 2901 3141 2939 xm
3194 2884 3434 2942 Sanctus

1840 2981 2024 3025 noster
2099 2970 2359 3036 refertur,
2429 2973 2576 3027 unde
2647 2973 2811 3028 etiam
2872 2975 2937 3028 ad
2987 2973 3432 3050 Martyrologium

1839 3060 2147 3116 Romanum
2200 3078 2266 3119 eo
2318 3064 2407 3118 die
2455 3064 2761 3119 devenerit.
2828 3065 2887 3118 ln
2962 3065 3186 3121 Tabulis
3250 3068 3432 3137 itaque

1835 3156 2226 3223 Capponianis,
2266 3156 2354 3208 ubi
2388 3154 2443 3207 S.
2492 3158 2737 3209 Andreas
2776 3150 2957 3211 loculo
3007 3159 3168 3212 tertio
3224 3161 3431 3216 mensis

1835 3244 2085 3299 Octobris
2134 3246 2358 3300 ultimus
2411 3246 2588 3316 prodit
2639 3248 2739 3317 (8),
2784 3250 2886 3302 sub
2942 3250 3126 3305 habitu
3176 3254 3429 3309 monachi

1836 3345 2143 3406 comparet,
2176 3336 2421 3406 itemque
2470 3341 2522 3392 in
2559 3338 3026 3409 Papebrochianis
3068 3360 3083 3408 ;
3117 3360 3429 3413 quanquam

1835 3431 1983 3486 enim
2029 3432 2181 3487 stolae
2222 3431 2461 3501 speciem
2508 3430 2674 3487 habet
2702 3448 2733 3486 e
2766 3434 2907 3486 collo
2940 3434 3289 3503 pendentem,
3319 3451 3428 3491 non

1836 3524 1958 3577 ideo
1988 3540 2111 3579 cum
2154 3526 2457 3580 Assemano
2488 3537 2545 3579 ut
2577 3527 2959 3597 presbyterum
3010 3541 3134 3580 cum
3167 3529 3439 3603 vestitum.

1833 3616 2100 3681 dicemus,
2130 3630 2254 3671 cum
2288 3631 2481 3671 omnes
2518 3618 2765 3671 monachi
2800 3628 2853 3670 et
2894 3620 3224 3674 eremitreita
3257 3620 3429 3690 prod-

1834 3718 1982 3771 eant,
2024 3720 2081 3763 et
2139 3710 2385 3778 quidem.
2446 3722 2503 3765 ut
2549 3709 2606 3764 S.
2640 3710 2905 3773 Andreas.
2941 3712 3164 3767 dextera
3200 3713 3428 3768 benedi-

1831 3815 1957 3854 cere
1985 3801 2296 3853 videantur.
2332 3805 2457 3855 tunc
2505 3803 2765 3855 distincte
2808 3806 2955 3861 cerni
3009 3816 3235 3873 possunt
3280 3808 3425 3876 apud

1835 3889 2380 3961 Papebrochium(9),
2413 3893 2501 3961 qui
2537 3893 2802 3963 imagines
2825 3896 3114 3965 diligenter
3136 3899 3232 3952 :eri
3257 3900 3423 3955 incidi

1831 3983 2040 4038 curavit
2072 3992 2129 4040 et
2151 3984 2217 4038 de
2244 3999 2433 4038 eorum
2463 3986 2674 4056 origine
2705 3997 2760 4041 et
2792 4003 2891 4042 usu
2918 3989 3178 4047 nonnulla
3205 3991 3419 4047 curiosa

1830 4076 2088 4144 praefatus
2116 4086 2231 4141 est;
2261 4092 2449 4130 verum
2479 4077 2846 4147 Capponianze
2875 4082 3143 4149 imagines
3180 4091 3285 4135 tam
3318 4098 3420 4137 ne-

1830 4167 2095 4239 gligenter
2125 4184 2269 4223 cusae
2299 4181 2427 4225 sunt
2465 4182 2523 4226 ut
2551 4188 2639 4225 vix
2666 4172 2963 4242 quidquam
2988 4173 3042 4229 in
3084 4173 3152 4227 iis
3182 4174 3417 4229 discerni

1829 4262 2020 4332 possit.
2050 4260 2237 4331 Neqne
2286 4273 2464 4316 tamen
2517 4275 2804 4331 propterea
2851 4265 2894 4317 is
2930 4265 3049 4318 illas
3082 4282 3109 4318 a
3153 4267 3311 4321 nobis
3362 4268 3416 4322 in

1830 4355 2087 4408 omnibus
2122 4355 2364 4423 praeponi
2407 4355 2676 4424 quispiam
2708 4356 3007 4421 existimet,
3046 4371 3171 4412 cum
3197 4374 3415 4420 errores

1829 4448 1969 4502 bene
2009 4448 2209 4501 multos
2258 4447 2309 4499 in
2363 4450 2478 4502 suis
2512 4447 2736 4503 Tabulis
2777 4449 3206 4520 deprehenderit
3241 4453 3416 4522 Pape-

1833 4541 2111 4605 brochius,
2151 4540 2241 4595 ubi
2280 4540 2646 4609 Capponianaz
2681 4551 2940 4595 accurate
2971 4558 3071 4597 sua
3101 4543 3391 4612 proferunt

117 4635 417 4694 codicibus
448 4634 584 4687 bene
618 4634 804 4690 multis
836 4637 935 4705 (⁸5),
961 4652 1026 4694 ex
1065 4638 1255 4693 codice
1282 4636 1542 4693 historico
1580 4638 1640 4691 l7
1665 4645 1721 4693 et
1817 4632 2021 4688 lterum
2077 4634 2257 4701 prodit
2311 4632 2367 4686 S.
2408 4633 2654 4687 Andreas
2702 4632 2755 4686 in
2803 4632 3064 4704 diptycbo
3121 4634 3413 4701 Cpolitano

120 4727 188 4780 18
221 4725 580 4780 Bibliotheca:
611 4728 1055 4784 Vindobonensis
1076 4731 1150 4799 (1i)
1186 4743 1241 4784 et
1266 4730 1550 4800 permultis
1576 4732 1716 4796 aliis,

117 4829 185 4868 ex
223 4812 577 4883 Synaxarista
614 4815 849 4886 denique
882 4816 1157 4873 Sirmondi
1192 4821 1571 4890 nostri,qucm
1599 4820 1718 4874 Bol-

1818 4726 1964 4796 quod
2012 4725 2417 4793 Papebrochins
2453 4724 2914 4792 Ephemeridibus
2940 4726 3057 4779 suis
3089 4726 3324 4795 subjecit
3357 4737 3414 4782 et

1815 4818 1908 4872 aeri
1947 4816 2108 4872 incidi
2147 4818 2274 4872 item
2304 4817 2545 4879 curavit;
2585 4816 2656 4871 ibi
2690 4826 2874 4872 autem
2899 4833 3022 4872 cum
3061 4818 3250 4873 Sancti
3285 4828 3409 4874 tan-

118 4905 371 4962 landiani
421 4907 552 4960 socii
600 4922 664 4961 ex
700 4908 928 4979 collegio
955 4908 1381 4967 Claromontano
1424 4914 1715 4969 Parisiensi
1815 4920 1929 4965 tum
1957 4910 2312 4981 quadraginta
2332 4910 2486 4981 Cpoli
2516 4910 2847 4965 celebriores
2864 4921 3278 4973 recenscantur,
3306 4926 3406 4979 pa-

117 5001 255 5057 olim
289 4998 712 5054 exscribcntlum
742 5013 1093 5071 acceperunt.

187 5091 249 5144 ‘2.
295 5089 403 5143 Sed
442 5090 555 5146 haec
603 5092 831 5145 mutatio
876 5109 981 5147 non
1012 5095 1269 5164 perstitit,
1307 5104 1361 5149 et
1413 5096 1605 5151 iterum
1653 5097 1708 5152 S.

117 5181 377 5235 Andreas
420 5180 484 5234 ad
540 5198 647 5236 xvn
692 5180 941 5237 Octobris
990 5186 1285 5239 translatus
1330 5194 1434 5245 est.
1468 5202 1575 5254 quo
1624 5186 1710 5242 die

117 5271 296 5329 Oscos
332 5272 594 5342 prepheta
628 5283 683 5329 et
708 5274 809 5329 SS.
840 5274 1067 5331 Cosmas
1101 5286 1155 5331 et
1206 5278 1498 5332 Damianus
1522 5294 1712 5347 qnam-

1824 5012 1898 5057 tet
1942 5011 2145 5073 quanto
2194 5006 2400 5059 honore
2458 5014 2751 5073 martyrem
2806 5000 2958 5055 illum
3006 5002 3182 5058 Graeci
3217 5018 3408 5073 prose-

1820 5106 2078 5165 quantur.
2105 5097 2369 5151 Praeterea
2403 5097 2455 5151 in
2494 5095 2805 5166 Synaxariis
2842 5092 2971 5148 Mss.
3003 5094 3324 5151 Rntbenicis
3350 5102 3406 5150 et

1822 5189 2057 5244 Moschis
2088 5206 2209 5258 qua:
2236 5189 2293 5244 P.
2327 5189 2490 5244 David
2524 5188 2582 5242 S.
2608 5188 2659 5245 .l.
2687 5204 2833 5244 anno
2870 5188 3005 5242 1688
3037 5198 3090 5242 et
3116 5187 3314 5243 Comes
3334 5188 3403 5243 de

1820 5280 2191 5350 Sparwenl‘eld
2222 5297 2367 5335 anno
2415 5280 2549 5334 l7l2
2583 5281 2649 5334 ad
2696 5278 3110 5350 Hagiographos
3145 5278 3401 5333 transmi-

190 5454 280 5529 (l_)
316 5454 391 5507 De
420 5451 744 5529 yenologiis
771 5456 1002 5510 duorum
1034 5457 1279 5510 codicum
1307 5457 1482 5511 Graec.
1517 5457 1715 5513 Bonna:
1752 5464 1793 5518 D
1820 5457 1925 5515 556
1958 5468 2017 5529 et
2041 5474 2192 5529 seqq.

187 5540 536 5664 (2;),szidliccs
564 5594 883 5656 Naniorum,
924 5612 973 5664 p.
1003 5596 1127 5651 569.

191 5666 274 5733 (5)
312 5661 487 5718 Calai.
531 5665 704 5720 Codd.
753 5664 878 5719 Mss.
925 5661 1066 5721 Bibl.
1105 5667 1299 5732 Puris.,
1333 5676 1369 5720 t.
1423 5669 1494 5734 Il,
1531 5668 1702 5724 Codd.

126 5736 287 5794 1180.
326 5735 482 5799 1481,
520 5736 671 5799 1495,
699 5744 804 5791 etc.

189 5806 272 5875 (1)
311 5805 655 5874 Lambecius,
703 5807 1094 5877 Commentar.,
1128 5820 1258 5879 etc.,
1313 5823 1347 5866 t.
1384 5809 1534 5878 Vlll,
1567 5812 1700 5869 Cod.

1898 5531 1972 5599 (5)
2002 5525 2287 5584 Lectiones
2318 5528 2511 5596 antiq.,
2545 5538 2582 5582 t.
2622 5526 2709 5593 ΙΙΙ,
2746 5537 2882 5598 part.
2923 5544 2959 5591 ι,
2991 5543 3043 5597 p.
3082 5525 3203 5581 180.

1891 5602 1965 5667 (δ)
2000 5599 2061 5655 τ.
2103 5599 2165 5654 ιιι
2202 5601 2345 5659 Maii,
2389 5615 2439 5665 ρ.
2478 5599 2563 5651 sa.

1889 5674 1964 5739 (7)
2005 5672 2138 5735 Ibid,
2171 5681 2221 5723 et
2256 5680 2292 5723 ι.
2333 5668 2369 5722 ll
2406 5668 2599 5729 Martii,
2638 5686 2688 5739 p.
2728 5670 2852 5732 609.
2885 5680 2990 5722 etc.

1888 5737 1963 5805 (8)
1996 5742 2280 5795 Kalendar.
2325 5742 2508 5795 Eccles
2539 5779 2551 5799 ,
2596 5737 2647 5793 ιζ
2673 5739 2730 5801 ν,
2771 5759 2821 5810 p.
2846 5740 2949 5793 ’216
2978 5749 3029 5795 et
3056 5737 3179 5795 504.

1887 5815 1965 5889 (9)
2003 5814 2063 5865 'l'.
2105 5812 2142 5876 Ι,
2191 5812 2332 5875 Maii,
2369 5828 2420 5879 p.
2460 5827 2599 5875 xcvi,
2638 5827 2697 5864 l..\
2734 5824 2863 5881 etp.
2894 5827 2948 5865 ιι.
