3968 6432
550 361 684 423 1083
1811 354 2093 417 MENSlS
2130 349 2500 411 OCTOBER.
3663 339 3803 401 1034

547 486 687 533 sere,
734 469 789 523 S.
841 469 1088 525 Andreas
1143 468 1395 525 similiter
1446 486 1599 526 suam
1644 470 2116 526 annuntiationem
2148 468 2193 525 Α
2222 462 2799 517 Cretensemuostrum
2828 454 3121 511 ostendere
3153 452 3388 505 conabor
3420 448 3709 517 inferius§
3751 466 3807 497 ιι.

547 565 777 625 obtinet,
803 564 890 619 die
920 564 1102 617 itidem
1142 580 1248 617 xvu
1287 562 1560 618 Octobris.

615 658 668 710 3.
709 657 806 711 Hic
841 657 1178 725 praetermitti
1227 672 1335 711 non
1367 656 1530 711 debet
1569 656 1919 727 Papebroehii
1948 656 2124 711 Tabu-

548 750 628 804 las
675 765 972 818 earumque
1011 749 1425 818 explicationes,
1458 752 1509 804 in
1556 751 1942 822 Supplemento
1976 750 2123 805 The-

550 841 695 896 sauri
743 842 964 896 Goriant
1020 841 1405 913 Diptychornm
1458 852 1736 897 mutuatas
1770 858 1892 897 esse
1940 843 2121 907 modo,

550 944 606 987 ut
630 933 909 987 lenissime
938 933 1305 996 dicam,valde
1337 935 1619 1002 singulari.
1642 935 1924 989 Passerius
1953 935 2120 997 enim,

549 1026 640 1093 qui
694 1025 951 1093 praeclaro
986 1025 1111 1078 huic
1155 1024 1303 1095 Operi
1337 1035 1546 1094 partem
1595 1035 1841 1094 quartam
1875 1041 1933 1079 se
1980 1026 2127 1093 adje-

548 1118 692 1171 cisse
749 1127 996 1179 testatur,
1042 1117 1118 1169 ait
1170 1131 1229 1171 se
1277 1115 1521 1185 Diptychi
1567 1116 1829 1182 Cpolitani
1876 1125 2123 1186 ectypum

550 1218 899 1263 consecutum
920 1209 1051 1278 (l0),
1082 1220 1132 1261 at
1156 1224 1276 1261 cum
1302 1223 1365 1261 ex
1390 1207 1739 1262 Bollandiano
1763 1224 1927 1277 opere
1949 1210 2124 1261 lumen

549 1308 836 1368 quaereret,
878 1302 1096 1354 nomina
1137 1301 1303 1354 multa
1345 1302 1670 1356 Sanctorum
1704 1302 1904 1354 omissa
1938 1316 1995 1353 se
2032 1302 2125 1353 ad-

550 1395 781 1446 vertisse
837 1402 1134 1456 asseverat,
1169 1392 1270 1445 alia
1318 1392 1659 1462 perturbata,
1698 1391 2127 1445 Commentarios

553 1484 680 1537 item
715 1483 864 1536 nullo
898 1484 1087 1537 ordine
1123 1486 1485 1553 conscriptos,
1520 1484 1592 1536 ita
1622 1493 1680 1536 ut
1710 1499 1816 1536 non
1846 1483 1897 1535 in
1924 1483 2125 1546 lumen,

553 1574 647 1628 sed
686 1575 737 1627 in
783 1575 1067 1644 caliginem
1117 1575 1351 1638 irruens,
1388 1575 1501 1644 ipse
1533 1591 1628 1644 per
1661 1591 1717 1629 se
1750 1576 1927 1628 omnia
1963 1576 2128 1629 extri-

552 1682 678 1720 care
723 1666 990 1721 debuerit.
1029 1667 1189 1736 Atqui
1239 1682 1305 1720 ex
1351 1668 1434 1720 his
1474 1667 1748 1730 omnibus,
1776 1684 1842 1721 ne
1875 1685 1976 1721 una
2016 1667 2131 1736 qui-

554 1758 676 1813 dem
720 1760 954 1812 assertio
1014 1774 1139 1812 vero
1213 1759 1455 1828 proxima
1517 1770 1619 1820 est.
1677 1776 1775 1814 nec
1832 1762 2126 1830 quidquam

2224 556 2397 623 Atque
2425 552 2515 606 hic
2549 559 2760 604 tantum
2812 544 3013 600 notabo
3058 543 3171 597 haec
3209 556 3400 611 pauca.
3447 539 3651 593 Passus
3686 539 3807 606 qui-

2224 646 2347 699 dem
2399 654 2481 699 est
2532 642 2589 697 S.
2626 641 2933 711 Stephanus
2964 651 3129 691 xxvm
3178 634 3524 693 Novembris,
3553 633 3649 686 sed
3686 647 3804 684 cuni

2225 738 2291 791 sit
2336 736 2645 807 prtecipuus
2702 729 3097 801 persecutionis
3156 724 3613 795 Copronymiana:
3667 739 3806 775 mar-

2228 838 2327 899 tyr,
2386 829 2451 882 iis
2501 828 2694 882 diebus
2744 824 2941 893 quibus
2987 822 3075 875 alii
3131 820 3374 889 ejusdem
3414 817 3806 885 persecutionis

2227 931 2491 989 martyres
2526 918 2947 974 annuntiantnr.
2986 928 3128 982 saepe
3158 915 3272 980 ipse
3296 910 3457 963 simul
3508 918 3803 975 comparet.

2226 1010 2643 1081 Coniunguntur
2717 1010 2896 1075 itaque
2965 1005 3275 1072 frequenter
3339 1000 3394 1054 S.
3473 998 3804 1066 Stephanus,

2227 1104 2283 1159 S.
2321 1105 2585 1162 Andreas,
2613 1102 2669 1156 S.
2704 1102 2897 1155 Petrus
2926 1109 2980 1152 et
3017 1098 3072 1149 ὃ.
3105 1098 3301 1150 Paulus
3330 1098 3432 1148 sub
3469 1095 3806 1161 (Zopronymo

2231 1197 2401 1266 passi,
2435 1208 2745 1265 quanquam
2787 1189 2949 1245 simul
2976 1189 3040 1241 ad
3070 1188 3408 1256 martyrium,
3444 1195 3505 1238 ut
3534 1202 3599 1237 ex
3635 1187 3810 1253 singu-

2237 1287 2410 1340 lorum
2462 1286 2611 1339 Actis
2651 1293 2817 1353 patet.
2871 1298 2978 1335 non
3030 1288 3435 1349 processerunt.
3485 1278 3544 1329 In
3598 1275 3807 1329 Mentis

2232 1380 2358 1433 Mss.
2392 1378 2767 1431 Ambrosianis
2808 1390 2904 1430 seu
2942 1372 3438 1428 Mediolanensibus
3486 1373 3541 1423 hi
3588 1382 3811 1438 quatuor

2230 1468 2328 1523 SS.
2373 1478 2638 1539 martyres
2687 1468 2847 1521 simul
2888 1466 3102 1522 colendi
3147 1465 3494 1527 assignantur
3534 1480 3601 1516 xx
3658 1464 3811 1515 Octo.

2233 1560 2379 1623 bris;
2405 1559 2530 1613 dein
2570 1558 2628 1613 S.
2662 1557 2891 1612 Andreae
2950 1557 3002 1610 in
3042 1556 3180 1611 Crisi
3220 1554 3611 1623 Synaxarium,
3648 1554 3695 1606 id
3739 1563 3813 1605 est

2233 1651 2414 1705 brevis
2443 1652 2565 1706 vita:
2609 1659 2661 1704 et
2698 1650 2968 1719 passionis
2999 1646 3221 1701 historia
3257 1644 3635 1713 subiungitur.
3679 1644 3812 1697 Idem

2235 1742 2286 1795 in
2323 1744 2442 1797 aliis
2472 1743 2693 1798 Menaeis
2733 1741 2863 1795 MSs.
2896 1749 2955 1793 ut
2999 1740 3050 1792 in
3097 1738 3285 1792 codice
3318 1738 3560 1805 quodam
3598 1733 3813 1788 Malari-

552 1852 866 1906 emendavit
897 1852 984 1909 ille
1017 1854 1254 1921 scriptor
1281 1864 1373 1906 aut
1400 1864 1630 1922 ectypon
1664 1864 1995 1906 consecutus
2024 1864 2125 1918 est,

2243 1852 2349 1890 meo
2399 1852 2504 1904 quo
2549 1851 2690 1904 saepe
2738 1836 3057 1887 decessores
3098 1831 3270 1884 nostri
3324 1830 3403 1883 usi
3458 1837 3613 1889 sunt,
3646 1828 3817 1881 videre

552 1943 647 1998 sed
680 1943 880 2012 emgies
928 1945 1397 2012 Papebrochianas
1437 1954 1665 1997 conatus
1709 1944 1933 2006 referre,
1981 1960 2130 1998 erro-

554 2050 640 2090 res
670 2052 775 2090 non
807 2037 953 2091 leves
982 2037 1220 2091 admisit.
1243 2036 1497 2091 Testatur
1526 2037 1669 2091 enim
1705 2035 2127 2105 Papebroehius,

552 2142 676 2183 cum
705 2136 875 2181 totum
910 2128 1209 2195 Diptychou
1250 2130 1441 2197 pagina
1474 2144 1670 2196 capere
1702 2143 1806 2180 non
1841 2136 2045 2197 posset.
2072 2144 2129 2180 se

552 2219 816 2273 artiﬁcem
863 2234 1078 2287 rogasse
1115 2229 1172 2272 ut
1204 2219 1387 2273 icones
1419 2220 1510 2272 teri
1547 2218 1916 2271 inciderentur
1941 2218 2131 2272 ordine

555 2312 747 2366 leviter
797 2311 1124 2375 immutate;
1158 2312 1251 2364 sed
1306 2326 1452 2373 eum,
1491 2309 1855 2377 postulatione
1888 2324 1995 2361 non
2034 2312 2133 2362 rite

556 2403 857 2467 intellecta,
896 2402 1199 2473 plusculum
1242 2419 1269 2453 a
1306 2416 1429 2454 vera
1482 2402 1727 2471 Diptychi
1780 2401 2133 2471 dispositione

554 2494 874 2561 aberrasse;
916 2510 1072 2562 quam
1125 2504 1302 2546 tamen
1356 2492 1780 2558 Papebroehius.
1815 2493 1940 2545 dum
1995 2490 2129 2545 San-

554 2596 766 2644 ctorum
802 2586 1025 2640 nomina
1055 2585 1303 2649 (nitidius
1331 2585 1501 2636 multo
1537 2584 1588 2636 in
1627 2593 1817 2653 ectypo
1846 2599 1945 2637 suo
1970 2596 2131 2653 quam

558 2681 612 2739 in
658 2678 896 2732 Goriano
951 2676 1334 2744 supplemento
1391 2676 1659 2743 prolata),
1716 2675 2138 2729 Commentariis

556 2772 872 2833 illustravit,
910 2771 976 2822 ad
1030 2770 1261 2838 rigorem
1317 2777 1537 2820 secutus
1582 2777 1663 2821 est
1701 2768 1835 2834 (ll).
1870 2764 1922 2819 Si
1977 2766 2136 2835 igitur

552 2872 787 2933 ectypon
820 2860 1097 2915 habuisset
1129 2859 1363 2928 scriptor
1413 2858 1522 2919 ille.
1562 2857 1855 2926 scnlptoris
1890 2858 2135 2924 sphalma

558 2971 662 3009 non
693 2967 880 3009 exacte
927 2954 1222 3015 retulisset,
1260 2968 1435 3019 neque
1468 2951 1556 3005 tibi
1588 2950 1990 3019 Papebrochius
2019 2950 2137 3003 Tri-

556 3048 738 3120 ptychi
770 3046 971 3101 Moschi
1007 3060 1225 3113 capsam
1254 3044 1495 3107 rescidit,
1523 3044 1648 3111 quia
1672 3060 1791 3095 eam
1827 3043 2023 3094 iterum
2049 3058 2139 3110 pa-

555 3140 678 3210 gina
733 3154 837 3192 non
892 3138 1163 3208 capiebat,
1206 3137 1292 3190 ille
1344 3136 1598 3190 similiter
1653 3134 1986 3197 rescidisset,
2036 3149 2137 3187 nec
2168 3156 2208 3209 ρ

555 3229 793 3298 denique
849 3238 955 3282 tant
1012 3240 1268 3283 accurate
1325 3230 1731 3282 Bollandianam
1782 3228 2011 3297 etligiem
2049 3227 2142 3281 de-

559 3320 896 3388 scripsisset,
915 3331 973 3374 ut
999 3337 1065 3374 ne
1090 3321 1170 3373 vel
1194 3322 1467 3375 levissima
1494 3323 1781 3377 diversitas
1806 3320 2143 3389 deprehendi

561 3416 754 3482 possit.
804 3411 913 3467 Sed
967 3414 1373 3483 Papehroehius
1412 3423 1677 3466 mutatum
1729 3428 1850 3466 esse
1897 3414 2142 3465 ordinem

562 3506 842 3568 indicavit,
888 3521 950 3558 ac
1004 3507 1055 3558 in
1114 3506 1332 3558 icouum
1384 3504 1701 3557 recensione
1753 3504 1925 3572 ipsius
1962 3515 2145 3567 proto-

561 3596 671 3666 typi
724 3607 970 3649 servatus
1012 3604 1093 3651 est
1142 3597 1309 3659 ordo;
1344 3596 1433 3651 ille
1482 3613 1610 3649 vero
1649 3598 1841 3649 horum
1890 3607 2143 3650 neutrum

562 3689 711 3751 fecit,
738 3699 793 3743 et
839 3690 963 3755 quia
1005 3689 1231 3754 singulis
1278 3688 1595 3741 nominibus
1637 3688 2143 3741 commentariolum

563 3792 857 3835 annectere
898 3780 1087 3842 voluit,
1120 3779 1207 3833 ubi
1242 3777 1727 3848 Hagiographicum
1764 3793 2011 3835 nostrum
2049 3782 2146 3833 du-

563 3890 681 3927 cem
734 3889 840 3926 non
900 3873 1108 3937 habuit,
1137 3887 1352 3926 errores
1391 3872 1743 3940 gravissimos
1785 3872 2024 3925 admisit.
2072 3872 2144 3925 Ita

564 3966 621 4017 S.
640 3962 977 4031 Stephanum
1001 3962 1279 4015 Juuioreni
1304 3961 1438 4031 (i2),
1466 3970 1752 4030 martyrem
1778 3963 2143 4026 notissimum,

568 4070 673 4109 non
709 4056 810 4108 sub
837 4054 1178 4124 Conronynio
1215 4055 1309 4108 sed
1357 4054 1457 4107 sub
1490 4054 1668 4108 Leone
1713 4053 1896 4110 Isauro
1927 4070 2145 4125 passum

566 4143 827 4207 afﬁrmat,
883 4145 1027 4214 quod
1100 4145 1509 4213 l‘apehrocliius
1567 4149 1810 4215 profecto
1870 4163 2146 4218 nunquam

565 4238 893 4305 scripsisset.
953 4238 1153 4291 Eodem
1212 4239 1373 4291 modo
1416 4240 1708 4307 procedere
1753 4241 1967 4294 videtur
2019 4242 2146 4294 dum

568 4329 858 4400 Triptycha
885 4329 1099 4384 Moseha
1132 4333 1407 4400 explanat,
1443 4333 1537 4385 sed
1572 4348 1679 4385 non
1733 4343 1887 4387 vacat
1920 4349 2032 4387 rem
2064 4333 2147 4387 di-

568 4424 820 4495 ligentius
871 4424 1264 4494 indigare(l5).
1298 4426 1408 4481 Nec
1457 4428 1746 4497 quisquam
1788 4428 1873 4482 hic
1920 4430 2145 4497 objicint

2230 1936 2333 1979 est.
2362 1924 2714 1994 Synaxarium
2744 1932 2925 1975 autem
2959 1920 3377 1977 Mediolanense.
3407 1920 3672 1985 quoniam
3689 1934 3815 1970 non-

2232 2020 2367 2072 nihil
2413 2017 2596 2072 diﬂ'ert
2625 2017 2691 2078 ab
2729 2014 2820 2067 illo
2852 2012 2994 2080 quod
3038 2012 3103 2066 ad
3154 2026 3262 2065 XVII
3310 2009 3571 2062 Ottobris
3608 2010 3661 2060 in
3715 2009 3815 2062 Mc-

2233 2111 2363 2166 na:is
2406 2109 2723 2178 vulgaribus
2767 2120 3026 2159 excusum
3076 2113 3181 2166 est,
3212 2113 3267 2157 et
3322 2102 3656 2155 mirabiliter
3702 2116 3817 2154 cuiu

2236 2201 2384 2254 Actis
2425 2199 2626 2253 nostris
2665 2197 2936 2267 prioribus
2983 2204 3271 2255 consonat,
3303 2193 3377 2246 ita
3413 2202 3469 2245 ut
3507 2209 3577 2244 ex
3620 2192 3703 2245 his
3732 2193 3819 2243 de-

2236 2300 2511 2359 sumptum
2550 2290 2679 2343 illud
2728 2288 2920 2342 merito
2972 2286 3269 2355 eonjicias,~
3303 2284 3391 2338 hic
3447 2282 3725 2350 integrum
3760 2296 3818 2335 ex

2236 2383 2423 2437 codice
2459 2381 2559 2436 Ms.
2590 2379 2935 2450 proferimus.
2957 2376 3123 2430 Datur
3159 2390 3288 2429 vero
3320 2373 3485 2427 sicuti
3513 2384 3624 2433 est,
3645 2374 3820 2441 sphal-

2237 2476 2395 2528 matis
2422 2486 2471 2528 et
2502 2473 2867 2527 locutionibus
2907 2469 3220 2523 Graecorum
3252 2465 3453 2516 intimae
3484 2464 3666 2515 relatis
3712 2462 3820 2514 ubi-

2237 2582 2339 2635 que
2362 2567 2603 2627 retentis,
2624 2565 2689 2619 de
2712 2564 2928 2630 quibus,
2962 2562 3002 2612 si
3027 2560 3195 2618 lubet,
3213 2556 3379 2624 aliqui
3410 2556 3581 2606 videri
3607 2563 3822 2623 possunt

2238 2659 2379 2728 apud
2408 2658 2486 2711 Cl.
2523 2658 2662 2709 iiase
2701 2654 2753 2706 iu
2784 2654 3020 2707 editione
3051 2650 3249 2704 Leonis
3283 2648 3507 2701 Diaconi
3538 2650 3653 2717 (Η)

2315 2772 2369 2825 5.
2403 2771 2544 2838 Μηνὶ
2605 2764 2890 2835 ὀκτωϐρῑῳ
2918 2770 2962 2817 κ’
2990 2763 3098 2817 τῶν
3131 2762 3306 2828 ἁγίων
3350 2760 3639 2828 νεοφινῶν
3688 2776 3821 2828 pap-

2238 2856 2417 2933 τ’ύρων
2483 2863 2788 2931 Στεφάνου,
2859 2857 3094 2918 Παύλου,
3133 2856 3339 2923 Πέτρου
3398 2853 3497 2904 καὶ
3554 2851 3820 2918 Ἀνδρὲου,

2237 2960 2343 3010 τῶν
2376 2960 2465 3009 ἐπὶ
2499 2952 2875 3022 Κοπρωνύμου
2905 2949 3403 3017 μαρτυρησάντων.
3446 2936 3627 3005 Οὗτος
3657 2938 3821 3011 ἦνὲπὶ

2242 3047 2649 3103 Κωνσταντξνου
2717 3043 2809 3096 τοῦ
2843 3039 3167 3093 καὸα).).ίνου
3213 3040 3270 3091 ὲν
3310 3037 3546 3105 ἀσκήσει
3602 3036 3821 3103 διάγων.

2241 3144 2298 3193 ὲν
2328 3143 2393 3209 τῇ
2418 3143 2565 3208 νήσῳ
2587 3138 2798 3207 Κρήτῃ.
2865 3131 3107 3185 Ἀκούων
3138 3130 3192 3183 δὲ
3225 3131 3315 3182 τὸν
3346 3128 3617 3197 τύραννον
3655 3145 3820 3195 τιμω-

2248 3236 2495 3305 ρήσαντα
2540 3232 2665 3292 τοὺς
2718 3228 3057 3297 ὀρῦοδὸξους,
3116 3224 3418 3278 ἀνέπλευσε
3481 3223 3623 3289 προς
3671 3221 3819 3272 Κων-

2251 3323 2695 3378 σταντινούπο>.ιν
2755 3321 2991 3383 ἐλέγξων
3046 3316 3226 3376 αὑτὸν,
3286 3316 3379 3366 καὶ
3434 3314 3617 3382 εὑρὼν
3668 3313 3822 3363 αὑτὸν

2248 3419 2422 3483 πέραν
2450 3418 2505 3466 ὲν
2531 3413 2625 3465 τοῦ
2652 3413 2807 3478 ἁγίου
2838 3409 3041 3461 Maium:
3055 3422 3136 3466 τος
3160 3405 3439 3464 πα).ατόις
3476 3403 3824 3470 τιμωροῦντα

2247 3511 2373 3572 τοὺς
2407 3506 2480 3576 μὴ
2509 3505 2878 3576 ἀρνουμένους
2909 3497 3005 3561 τὰς
3043 3498 3192 3556 θείας
3241 3494 3481 3555 εἰκόνας,
3513 3494 3620 3562 Ξ-ρη
3647 3509 3661 3522 ·
3688 3487 3825 3559 Ἀρι

2250 3600 2556 3669 χριστιανδς
2588 3593 2658 3659 εἴ,
2721 3591 2976 3664 βασιλεῦς
3017 3590 3076 3643 '0
3102 3589 3157 3641 δὲ
3186 3587 3320 3657 πρὸς
3361 3587 3527 3639 αὐτὴν
3596 3584 3714 3656 μετ’
3745 3583 3825 3652 op-

2249 3695 2349 3761 γῆς
2389 3689 2650 3760 στραφεὶς
2697 3687 2952 3739 ἐκέλευσε
2986 3683 3122 3753 πρὸς
3168 3682 3331 3734 αὑτὸν
3389 3678 3652 3743 ἄγεσθαι·
3690 3678 3739 3729 οἱ
3776 3675 3825 3728 δὲ

2246 3785 2351 3836 τῶν
2379 3781 2580 3852 τριχῶν
2623 3779 2895 3847 σύροντες,
2926 3774 3075 3829 ἄλλοι
3107 3774 3197 3824 τὸν
3220 3769 3455 3841 xei-.6541.
3497 3768 3824 3838 ῥηγνύντες,

2249 3874 2341 3927 καὶ
2376 3876 2439 3925 ἐκ
2494 3872 2601 3925 τῶν
2630 3870 2855 3923 ὄπισθεν
2910 3868 3230 3925 τύπτοντες,
3276 3863 3473 3929 ἔσυρον
3511 3862 3604 3912 τὸν
3656 3862 3823 3926 ἅγιον,

2250 3958 2351 4015 καί.
2384 3978 2517 4030 φησι
2547 3960 2681 4029 “Pb;
2731 3957 2892 4009 αὐτόν
2918 3971 2929 3984 ⁸
2993 3952 3177 4014 οὕτως
3210 3950 3500 4020 ἐδιδάχθης
3535 3952 3824 4020 ἀτιμάζειν

2249 4054 2507 4125 βασιλέας
2547 4052 2605 4103 '0
2644 4051 2701 4103 δεῖ
2736 4064 2747 4078 ’
2777 4047 2966 4109 Οὐδεὶς
2990 4045 3296 4115 ἁμαρτάνει
3324 4042 3556 4110 βασιλέα
3586 4045 3825 4111 ἐλέγχων

2248 4144 2672 4216 παρανομοῦντα
2694 4160 2707 4177 ⁸
2731 4144 2758 4195 ὁ
2788 4142 2843 4195 δέ
2883 4157 2896 4173 ⁸
2930 4140 3069 4203 Τοὺς
3116 4134 3575 4207 παρανομοῦντας
3635 4136 3825 4203 μᾶλλον

2250 4240 2407 4307 ὑμεῖς
2446 4237 2767 4303 κολάζομεν,
2792 4235 2917 4295 τοὺς
2948 4235 3017 4294 ὠς
3041 4233 3195 4294 Θεους
3224 4230 3710 4299 προσερχομένους
3740 4230 3825 4278 καὶ

2249 4329 2612 4400 λατρεύοντας
2640 4328 2755 4388 ταῖς
2787 4325 3010 4378 εἰκόσιψ
3042 4325 3163 4377 ἁδέ-
3204 4324 3475 4389 ’Λ-ίνοεῖς,
3509 4315 3554 4373 ᾧ
3587 4319 3823 4392 βασιλεῦ,

2251 4427 2303 4476 τί
2334 4425 2430 4492 μὲν
2455 4424 2514 4474 τὸ
2542 4420 2805 4491 σχετικῶς
2839 4418 3185 4486 προσκυνεῖν,
3208 4414 3258 4464 τί
3275 4412 3332 4463 δὲ
3353 4412 3411 4462 τὸ
3436 4411 3819 4479 λατρευτικῶς.

569 4518 622 4570 in
662 4516 955 4570 editionem
1000 4517 1256 4571 Venetam
1290 4518 1624 4574 Bollandiani
1662 4519 1858 4588 Operis
1891 4523 2136 4589 praedicta

2267 4518 2324 4569 ’0
2354 4516 2409 4568 δὲ
2438 4512 2714 4566 τεὶνεσΟαι
2763 4510 2955 4562 τοῦτον
2987 4510 3043 4560 ὲν
3086 4504 3357 4575 μαστὶγας
3387 4503 3669 4565 ἐκέλευσε,
3706 4505 3823 4571 βου-

569 4609 879 4679 gravamina
910 4611 1111 4677 prolata
1165 4610 1349 4665 fuisse.
1383 4611 1515 4665 Nam
1570 4614 1747 4680 primo
1781 4614 2147 4680 Antverpien-

569 4714 680 4752 sem
708 4698 860 4759 citat.
893 4700 1018 4753 dein
1043 4701 1098 4754 in
1130 4710 1361 4771 utraque
1384 4703 1620 4757 editi0ne
1650 4702 1813 4757 iidem
1841 4713 1968 4758 sunt
1989 4703 2146 4756 Com-

569 4795 845 4856 mentarii,
884 4809 1019 4860 quos
1067 4796 1111 4848 si
1164 4796 1432 4851 immerito
1480 4813 1709 4866 arguere
1759 4808 1813 4852 et
1854 4799 2145 4853 immutare

569 4903 737 4943 ausus
760 4894 865 4950 est,
898 4886 1041 4940 ineo
1071 4887 1285 4955 dignam
1327 4891 1652 4958 arrogantia:
1688 4905 1903 4961 poenam
1938 4892 2058 4943 tulit
2093 4900 2149 4945 ut

570 4982 662 5036 tibi
705 4979 1057 5050 gravissimos
1113 4994 1329 5035 errores
1383 4996 1449 5034 ex
1510 4982 1721 5035 calamo
1770 4981 2021 5035 excidere
2077 4982 2148 5035 sit

570 5087 786 5142 passus.

637 5167 688 5220 4.
730 5162 942 5218 Colitur
981 5162 1039 5218 S.
1074 5164 1319 5217 Andreas
1364 5180 1472 5219 nou
1504 5176 1710 5220 tantum
1739 5170 2006 5237 pnedictis
2031 5174 2147 5227 die-

571 5258 691 5321 bus,
746 5271 933 5310 verum
981 5257 1141 5310 etiam
1192 5272 1353 5309 iuvui
1399 5256 1717 5313 Novembris
1759 5276 1880 5314 cum
1927 5262 1983 5317 S.
2022 5265 2146 5319 Ste-

574 5348 752 5415 phano
778 5346 1022 5401 Juniore.
1059 5347 1333 5401 Andream
1364 5348 1530 5413 enim,
1568 5350 1657 5417 qui
1708 5351 1757 5403 in
1798 5353 1949 5407 fastis
1978 5358 2148 5410 sacris

576 5456 681 5493 una
737 5454 862 5494 cum
913 5439 1015 5491 hoc
1069 5440 1346 5505 Stephano
1383 5442 1577 5508 prodit,
1624 5445 1873 5498 enuulciu
1920 5462 2038 5501 esse
2087 5465 2146 5501 ne

653 5579 761 5645 (10)
791 5576 937 5650 (Aiorii
976 5576 1286 5629 Thesaurus
1320 5585 1557 5650 veterum
1586 5580 1987 5650 diptycltorum.
2024 5583 2147 5638 Floo

584 5652 768 5699 rentia:
797 5648 952 5709 1759,
990 5657 1125 5707 part.
1160 5662 1310 5717 lyp.
1348 5646 1367 5697 ‘l
1404 5656 1457 5698 et
1490 5662 1616 5717 seqq

653 5717 763 5775 (ll)
796 5717 925 5768 Acta
961 5717 1083 5776 $8.,
1121 5727 1156 5768 t.
1186 5716 1202 5767 l
1236 5716 1375 5777 Maii,
1416 5732 1466 5782 p.
1500 5716 1668 5780 “,7...
1704 5723 1754 5772 .L

658 5787 763 5847 (l2)
798 5786 921 5835 Loc.
957 5786 1071 5845 cit.,
1105 5799 1153 5852 p.
1189 5789 1276 5845 8.,

2255 4609 2463 4678 νεύροις
2484 4609 2625 4659 κατὰ
2655 4605 2746 4657 τοῦ
2765 4603 2920 4655 νότου
2958 4602 3053 4653 καὶ
3086 4596 3181 4651 τοῦ
3212 4595 3447 4663 στήθους
3483 4594 3819 4663 φραγελλῶνο

2255 4697 2371 4753 εἶτα
2404 4699 2550 4750 λίθου
2578 4697 2637 4749 τὸ
2671 4695 2845 4763 στόμα
2901 4689 3203 4760 προσέταξε
3259 4686 3589 4742 τύπτεσθαι.
3646 4684 3726 4757 Τῇ
3772 4686 3822 4737 δὲ

2256 4788 2521 4858 ἐπαύριον
2550 4783 2819 4845 ἐκϐαλὼν,
2852 4780 2926 4843 ὡς
2953 4780 3053 4832 οὐκ
3087 4778 3308 4831 ἔπεισεν
3359 4777 3710 4847 ἀρνήσασθαι
3739 4778 3822 4828 τὸν

2257 4884 2492 4949 Χριστὸν
2528 4882 2621 4933 καὶ
2653 4878 2751 4940 τὰς
2786 4877 2949 4943 ἁγίας
2983 4874 3223 4932 εἰκόνας,
3273 4870 3449 4937 τύψας
3480 4870 3665 4935 πάλιν,
3693 4871 3821 4921 uti

2258 4976 2501 5043 κεφαλῆς
2538 4970 2802 5043 σύρεσθαι
2843 4968 3031 5020 τοῦτον
3080 4963 3187 5016 τῶν
3214 4962 3391 5014 ποδῶν
3420 4962 3547 5024 τοὺς
3589 4963 3821 5030 σχοίνους

2258 5069 2573 5136 ἐξάψαντες,
2622 5068 2679 5116 ὲν
2716 5065 2780 5129 τῇ
2820 5055 3397 5114 Κωνσταντινουπῶει
3445 5052 3817 5123 Θεατρὶζεσθαι

2259 5158 2615 5227 προστάσσει.
2653 5153 2714 5205 Οἱ
2751 5151 2807 5203 δὲ
2852 5150 3082 5218 τάχιστα
3122 5143 3586 5217 περανιωοέντες,
3620 5146 3712 5195 καὶ
3739 5142 3819 5192 τὸν

2260 5250 2414 5316 ἅγιον
2445 5250 2701 5319 σύροντες
2746 5244 2983 5296 ἔδαπτον
3015 5241 3112 5307 τὴν
3152 5239 3253 5305 γῆν
3284 5238 3399 5297 τοῖς
3436 5237 3664 5303 aius:va
3690 5249 3701 5261 ο
3755 5231 3820 5292 ὡς

2256 5342 2309 5393 δὲ
2339 5348 2414 5400 εἰς
2452 5344 2545 5409 τὴν
2579 5338 2670 5389 τοῦ
2704 5337 2831 5398 Βοὸς
2854 5335 3062 5402 ἀγορὰν
3115 5331 3483 5397 πεφθάκασιν,
3531 5328 3687 5379 εἱδῶν
3728 5324 3817 5375 αὺ-

2256 5437 2385 5495 τούς
2424 5450 2503 5492 τις
2529 5431 2654 5498 ἄρτι
2689 5428 2820 5487 τοὺς
2853 5426 3041 5493 ἰχθύας
3076 5420 3614 5489 ἀποφορτισαμενος,
3642 5415 3813 5483 ἠρώτα

2332 5565 2629 5634 (l3)lhitl.,
2672 5561 2848 5635 pain.
2944 5631 2953 5635 _
3198 5626 3206 5634 ι
3661 5622 3693 5635 η

2332 5618 2444 5703 itii
2480 5618 2684 5689 Leonis
2735 5631 2956 5685 Diaconi
3013 5624 3257 5681 Historiae.
3308 5639 3353 5702 ε,
3392 5638 3604 5681 recens.
3657 5622 3715 5674 (ι.
3763 5618 3814 5668 Β.

2267 5695 2438 5773 Ηέςε,
2466 5708 2660 5759 Bonna:
2691 5703 2843 5764 1893,
2888 5718 2935 5767 μ.
2976 5713 3095 5749 utr
3128 5706 3178 5750 et
3217 5695 3434 5764 passim.
