3968 6470
144 398 282 463 1085

1253 403 1428 462 VlTA
1469 404 1527 466 S.
1575 402 1907 463 ANDREA‘J
1948 405 2028 465 IN
2075 407 2303 466 CRlSl.

3276 407 3405 471 l086

133 508 237 576 τὴν
286 508 468 561 αἰτίαν
501 507 871 580 τῆίβασὰνου
898 511 994 565 καὶ
1021 511 1233 581 μαθὼν,
1258 512 1449 580 ἀξίνην
1488 513 1697 582 μακελ-

1824 522 2045 581 ιυειιῑει·
2096 522 2313 566 sanctos
2360 512 2559 575 varios,
2595 513 2684 579 qui
2740 512 2942 567 Sancto
2990 512 3261 583 pra‘cipno
3310 513 3401 568 tali

130 600 299 670 λικὴν
324 600 354 652 6
385 601 569 667 ἄθλιος
598 604 879 673 ἁρπάσας,
932 604 1299 676 χαριζόμενος
1326 610 1439 669 τοῖς
1469 606 1560 659 τοῦ
1593 607 1712 660 δια-

133 693 301 745 ϐόλου
352 693 678 763 ὑπηρέταις,
707 695 991 765 δρομαέως
1030 697 1250 767 ἔρχεται
1282 699 1376 751 καὶ
1406 698 1495 750 τὸν
1542 699 1716 764 δεξιὸν

133 783 281 835 πόδα
303 783 397 836 τοῦ
424 786 582 851 ἁγίου
612 786 879 856 ἀπέκοψε,
916 788 1012 840 καὶ
1046 788 1175 857 παρ’
1208 787 1373 840 αὑτοῦ
1404 789 1503 859 τὴν
1553 790 1716 856 ἁγίαν

133 877 312 930 αὐτοῦ
367 880 461 931 καὶ
509 879 788 949 μακαρὶαν
821 878 1000 949 ψυχὴν
1050 881 1324 952 παρέθετο
1376 882 1452 951 τῷ
1506 882 1715 953 Κυρίῳ.

133 973 203 1022 Οἱ
241 969 337 1023 οὖν
380 972 660 1041 σύροντες,
683 973 877 1041 νεκρδν
930 974 1153 1035 ἰδόντες.
1196 974 1271 1036 ὦς
1304 991 1356 1025 τε
1393 973 1716 1043 Ονησιμαῖον

130 1064 195 1113 ἓν
228 1064 496 1135 κοπρώδει
525 1063 710 1134 χωρίῳ
734 1064 1064 1136 ἀπέρῤιψαν,
1084 1067 1282 1129 ’νυκτὸς
1302 1065 1355 1117 δὲ
1386 1067 1720 1119 καταλαΰού-

134 1172 264 1223 σης,
294 1156 441 1215 τινὲς
468 1154 578 1206 τῶν
604 1156 907 1224 ὁρθοδὸξων
937 1158 1192 1224 ἄραντες,
1220 1157 1431 1226 ἔθαψαν
1460 1159 1520 1210 ὲν
1565 1158 1717 1228 τόπῳ

132 1245 425 1315 ὶεγομένῳ
481 1245 577 1314 τῆς
625 1246 898 1314 Κρίσεως.
958 1247 1082 1301 licet:
1118 1248 1283 1301 latine
1319 1266 1467 1301 versa
1516 1250 1589 1302 sic
1634 1266 1721 1303 so-

133 1346 293 1390 naut.

204 1429 261 1481 6.
330 1428 423 1483 Die
464 1445 529 1482 xx
567 1430 817 1483 Octobris
850 1429 1111 1486 Memoria
1154 1434 1453 1487 recentium
1501 1439 1718 1489 sancto-

129 1535 257 1573 rum
311 1530 606 1591 martyrum
647 1521 930 1591 Stephani,
977 1524 1145 1587 Pauli,
1196 1526 1336 1579 Petri
1388 1534 1440 1579 et
1492 1527 1720 1580 Andreae

130 1612 227 1679 qui
259 1614 362 1665 sub
390 1613 735 1684 Capronymo
768 1614 907 1683 passi
950 1626 1096 1669 sunt.
1129 1647 1195 1657 --
1229 1618 1279 1671 ls
1303 1620 1591 1687 (Andreas)
1619 1620 1719 1675 sub

129 1704 501 1757 Constantino
534 1704 837 1768 Caballino,
870 1707 1119 1761 ascetica:
1151 1709 1273 1763 vitae
1302 1711 1549 1763 addictus
1577 1711 1720 1765 vive-

130 1794 229 1848 bat
262 1796 315 1849 in
348 1796 521 1849 insula
562 1796 742 1861 Creta,
779 1813 1014 1867 cumque
1044 1801 1286 1856 audisset
1320 1811 1606 1873 tyrannum
1628 1818 1717 1855 or.

133 1888 413 1943 thodoxos
466 1892 749 1945 tormentis
812 1892 1103 1962 exagitare,
1154 1894 1302 1947 illum
1356 1895 1715 1966 redarguendi

129 1995 303 2034 causa
340 1981 868 2051 Constantinopolim
911 1986 1202 2054 navigavit.
1255 1986 1608 2041 Inveniteum
1638 1989 1719 2041 ul-

132 2083 219 2126 tra
260 2074 595 2140 (civitatem,
628 2077 663 2127 ἰ.
695 2092 739 2127 e.
771 2074 835 2127 ad
874 2085 1080 2142 partem
1134 2078 1547 2133 occidentalem.
1587 2081 1717 2135 Vide

131 2166 277 2219 infra
316 2184 468 2219 num.
503 2167 592 2235 50)
628 2167 679 2218 in
715 2166 920 2221 Palatio
958 2168 1023 2221 ad
1060 2170 1115 2222 S.
1151 2169 1463 2240 Mamantis,
1491 2175 1719 2228 saevien-

133 2270 246 2312 tem
280 2260 335 2311 in
368 2273 463 2312 eos
494 2260 582 2328 qui
624 2273 899 2313 sacrarum
951 2260 1245 2330 imaginum
1276 2264 1480 2318 nollent
1512 2267 1719 2321 cultum

129 2351 393 2419 abjicere,
455 2367 690 2422 eumque
743 2354 1077 2422 compellans
1133 2372 1146 2406 :
1207 2355 1526 2423 Imperator,
1589 2370 1718 2413 tune

128 2444 484 2499 Christianus
542 2461 626 2511 es,
660 2446 878 2515 inquit?
910 2446 1007 2500 Hic
1053 2462 1182 2500 vero
1228 2464 1349 2500 cum
1385 2448 1461 2501 ira
1495 2450 1559 2502 ad
1592 2465 1717 2502 eum

128 2549 455 2599 conversus,
506 2536 699 2590 adduci
747 2536 931 2605 jussit.
982 2536 1120 2591 Tum
1183 2538 1270 2592 alii
1331 2538 1541 2606 capillis
1574 2539 1720 2593 abri-

131 2628 374 2697 pientes,
408 2628 495 2681 alii
534 2630 774 2684 tunicam
814 2631 1119 2687 lacerantes
1161 2640 1218 2687 et
1261 2648 1289 2686 a
1324 2643 1473 2703 tergo
1506 2633 1718 2687 czeden-

135 2729 235 2785 tes,
268 2719 529 2774 Sanctum
561 2722 868 2789 raptabant.
904 2724 1002 2778 Cui
1046 2733 1309 2796 tyrannus
1353 2744 1366 2781 :
1399 2726 1549 2783 ltane
1591 2745 1721 2784 con-

136 2811 378 2865 tumeliis
402 2803 790 2882 imperatorem
815 2814 1028 2869 allicere
1058 2818 1286 2871 edoctus
1312 2820 1410 2872 es?
1434 2820 1528 2873 lllc
1559 2837 1715 2876 vero:

134 2901 306 2957 Nemo
350 2904 638 2973 delinquit,
677 2906 1060 2975 imperatorem
1109 2923 1362 2979 arguens.
1415 2913 1538 2965 dum
1572 2912 1720 2980 leges

133 2999 461 3052 contemnit.
511 2999 800 3069 Tyrannus
835 3002 1030 3055 iterum
1069 3022 1081 3057 :
1114 3002 1173 3056 ln
1210 3019 1303 3057 vos
1326 3004 1506 3072 potius
1539 3005 1716 3073 legum

133 3099 486 3156 corruptores
505 3091 1011 3155 animadvertimus,
1032 3099 1125 3159 qut
1154 3096 1305 3161 quasi
1330 3097 1432 3149 diis
1455 3097 1717 3158 advoluti.

1819 605 1905 659 die
1929 605 2206 659 celebrato
2248 602 2436 658 aﬂines
2464 614 2610 664 sunt.
2648 613 2701 659 et
2738 613 2920 659 tamen
2978 605 3188 672 priores
3237 606 3402 661 etiam

1820 713 1977 753 suum
2024 698 2306 767 proprium
2357 696 2498 751 diem
2546 696 2816 751 obtinere.
2847 696 2903 750 In
2951 696 3170 751 Menaeis
3222 698 3404 765 itaque

1819 790 2061 859 praedicti
2100 798 2334 857 quatuor
2370 789 2552 843 Sancti
2603 789 2668 842 ad
2700 789 2843 843 diem
2887 806 2974 843 xxi
3008 789 3278 849 Octobris,
3310 789 3400 858 qui

1819 880 1923 935 diei
1956 897 2063 950 quo
2102 896 2294 950 passus
2326 891 2409 933 est
2442 879 2500 936 S.
2534 882 2782 935 Andreas
2816 882 2868 935 in
2896 881 3059 941 Crisi.
3092 899 3159 935 xx
3194 882 3401 937 scilicet

1820 973 2104 1042 proximus
2153 982 2255 1032 est.
2291 972 2441 1025 relati
2480 983 2608 1025 sunt
2650 984 2700 1027 et
2756 974 3003 1043 sequenti
3041 974 3190 1027 brevi
3235 988 3403 1028 θηρο-

1821 1066 1931 1119 mio
1972 1064 2321 1118 celebrantur
2351 1082 2363 1117 :
2394 1065 2471 1133 Τῇ
2496 1064 2633 1133 αὐτῇ
2655 1065 2862 1135 ἡμέρᾳ,
2893 1064 3080 1134 μνήμη
3110 1064 3215 1116 τῶν
3234 1064 3404 1129 ἁγίων

1824 1157 2106 1222 νεοφανῶν
2138 1156 2436 1226 μαρτύρων
2496 1155 2767 1227 Ἀνερέου,
2838 1156 3135 1223 Στεξξάνου,
3193 1158 3407 1209 Παύλου

1823 1246 1914 1300 καὶ
1943 1247 2178 1315 Πέτρην.

1821 1339 2000 1409 Στίχοι
2028 1356 2041 1369 ⁸
2073 1337 2253 1408 Τρεῖς,
2280 1340 2306 1389 ὁ
2327 1339 2616 1407 Σῖέςςπνος,
2652 1340 2714 1391 σὺ
2745 1342 3065 1408 στεφανῗτις
3089 1341 3230 1409 ἔχεις

2080 1432 2219 1495 Τοὺς
2243 1432 2324 1484 col.
2349 1430 2781 1499 συνιολήςχντκς
2805 1434 2861 1497 ἐξ
2886 1433 3002 1496 ἑνὸς
3028 1434 3231 1501 ξῖφους.

1893 1523 1947 1577 ld
1977 1533 2057 1578 est
2088 1540 2102 1575 :
2133 1524 2330 1577 Eadem
2362 1523 2450 1575 die
2480 1523 2587 1591 (xxi
2622 1521 2838 1588 Octob.)
2891 1524 3154 1576 memoria
3192 1532 3409 1579 sancto-

1825 1632 1943 1670 rum
1971 1616 2267 1671 recentium
2287 1625 2582 1685 martyrum
2607 1615 2857 1679 Andrem,
2876 1614 3161 1685 Stephani,
3184 1616 3335 1670 Pauli
3357 1624 3411 1671 et

1825 1706 1993 1762 Petri.

1829 1798 2023 1854 Versus
2061 1818 2075 1854 :
2110 1800 2243 1854 Tres
2277 1810 2671 1854 concoronatos
2706 1797 2893 1861 habes,
2922 1813 2954 1852 ο
2990 1795 3295 1867 Stephano,

2114 1893 2315 1949 Tecum
2345 1908 2475 1948 ense
2506 1901 2805 1963 pugnantes
2837 1890 3025 1947 eodem
3047 1902 3287 1947 strenue.

1820 1985 2057 2039 Rursum
2088 1986 2174 2039 die
2205 2003 2368 2039 xxvtu
2401 1984 2725 2039 Octobrisin
2752 1984 2927 2036 altero
2958 1984 3187 2035 duorum
3222 1982 3409 2038 Meno-

1820 2078 2086 2147 logiorum
2142 2092 2261 2146 quae
2316 2078 2604 2130 Scholzius
2666 2075 2838 2130 edidit
2896 2074 3034 2143 (ιδ).
3090 2084 3409 2143 comparent

1824 2166 1923 2221 SS.
1978 2176 2244 2236 martyres
2308 2164 2640 2234 Stephanus,
2702 2164 2898 2218 Petrus
2955 2175 3011 2218 et
3060 2164 3304 2221 Andreas
3354 2173 3409 2217 et

1824 2274 1994 2311 xxvm
2028 2257 2164 2310 Nov.
2198 2257 2398 2310 iterum
2427 2255 2485 2311 S.
2519 2256 2834 2325 Stephanus
2860 2256 3054 2312 Junior
3095 2266 3293 2326 martyr
3324 2272 3411 2311 so-

1822 2350 1937 2414 lus;
1976 2350 2029 2403 in
2066 2350 2239 2404 altero
2271 2365 2399 2403 vero
2431 2350 2579 2403 solus
2626 2348 2680 2402 S.
2718 2348 3029 2419 Stephanus
3067 2349 3262 2406 Junior
3292 2363 3409 2403 mo-

1822 2443 2029 2496 nachus
2060 2451 2114 2494 et
2159 2452 2361 2513 martyr
2390 2435 2477 2496 die
2510 2459 2677 2496 xxvm
2708 2442 2827 2497 Oct.
2858 2443 3025 2497 semel
3075 2458 3409 2497 commemo-

1822 2540 1993 2585 ratur.
2029 2531 2160 2585 Item
2194 2533 2249 2585 in
2305 2533 2494 2587 codice
2541 2533 2913 2589 Laurentiano
2952 2536 3062 2601 (17)
3107 2534 3289 2589 saeculi
3326 2552 3354 2589 κ
3395 2552 3407 2589 :

1822 2639 1991 2678 txvm
2019 2621 2214 2678 Octob.
2252 2626 2311 2678 S.
2347 2624 2608 2694 Stephani
2637 2635 2693 2679 et
2723 2626 2964 2694 quicum
2997 2641 3064 2680 eo
3093 2628 3235 2695 passi
3262 2635 3409 2680 sunt.

1822 2715 2151 2785 Coniectura
2196 2717 2345 2771 ducti
2397 2728 2456 2771 ut
2486 2733 2825 2788 exponemus
2866 2734 2921 2771 η.
2980 2718 3051 2772 23
3082 2720 3413 2772 arbitramur

1825 2810 1915 2864 hic
1983 2810 2132 2863 illum
2161 2810 2498 2880 Stephanum
2544 2811 2670 2864 olim
2719 2820 3209 2865 commemoratum
3246 2810 3415 2867 fuisse

1825 2902 1917 2966 qui
1954 2904 2055 2953 sub
2083 2904 2275 2957 eodem
2314 2903 2661 2974 Copronymo
2693 2904 2924 2973 plurima
2959 2920 3172 2973 passus,
3204 2905 3330 2959 dein
3358 2906 3411 2959 in

1824 2992 2105 3063 Sugdaeam
2172 2996 2326 3049 exsul
2359 3007 2543 3049 sancte
2579 2998 2741 3049 vitam
2783 2997 2976 3050 tinivit.
3019 2998 3095 3049 Ita
3143 2998 3287 3051 enim
3332 2997 3411 3051 fe-

1824 3096 1952 3139 runt
1986 3096 2097 3140 tum
2132 3086 2355 3151 Menea,
2395 3100 2507 3143 tum
2544 3088 2845 3159 Menologia
2880 3089 3062 3143 Sirleti
3096 3098 3152 3143 et
3189 3088 3425 3143 Basiliam

134 3180 401 3249 imagines
438 3182 756 3235 adoratione
801 3182 1215 3250 prnsequimini.
1253 3184 1551 3251 Respondit
1589 3188 1713 3241 ille:
1748 3196 1789 3251 ρ
1827 3195 1954 3233 num
2002 3180 2069 3233 ad
2120 3181 2261 3235 diem
2310 3199 2480 3237 xxviii
2535 3182 2875 3236 Novembris.
2929 3181 3064 3236 lluic
3107 3183 3305 3237 deinde
3348 3198 3415 3237 ex

130 3272 348 3333 Nescis,
381 3274 701 3340 imperator,
734 3273 863 3341 quid
897 3275 963 3326 sit
996 3275 1201 3327 cultum
1239 3275 1519 3329 relativum
1556 3278 1712 3330 exhi-

131 3364 283 3429 bere,
337 3364 467 3432 quid
516 3380 645 3417 vero
693 3365 1063 3419 latreuticum.
1099 3364 1235 3419 Tum
1268 3383 1390 3421 eum
1434 3369 1498 3422 ad
1551 3369 1714 3438 ﬂagra

129 3453 401 3517 extendit,
447 3464 657 3527 tergum
695 3466 747 3510 et
802 3466 988 3525 pectus
1019 3457 1230 3511 bovinis
1270 3459 1452 3511 nervis
1483 3460 1717 3523 concidi,

131 3546 334 3600 deinde
351 3562 414 3602 os
442 3548 585 3602 saxis
613 3548 873 3602 contundi
903 3549 1193 3616 praecepit;
1233 3558 1450 3614 postera
1472 3551 1560 3602 die
1587 3552 1716 3602 toris

131 3639 392 3706 ejectum,
428 3648 619 3706 utpote
666 3637 752 3692 cui
802 3638 1081 3692 Christum
1132 3646 1184 3690 et
1234 3654 1417 3693 sacras
1452 3641 1717 3711 imagines

130 3731 406 3801 abnegare
440 3746 548 3783 non
590 3732 976 3800 persuasisset.
1013 3746 1202 3783 rursus
1237 3730 1586 3801 ﬂagellatum,
1627 3751 1717 3788 ca-

131 3824 245 3891 pite
296 3823 351 3875 in
400 3833 601 3875 terram
660 3822 919 3885 demisso,
954 3822 1184 3892 alligatis
1233 3826 1461 3893 pedibus
1515 3828 1715 3893 raptari

127 3915 299 3985 jussit
321 3925 375 3968 et
407 3915 878 3983 Constantinopoli
913 3915 1131 3985 publice
1163 3916 1519 3971 deridendum
1550 3933 1717 3985 eXpo-

131 4008 209 4062 ni.
232 4008 407 4072 Quem
438 4008 696 4062 citissime
716 4009 1115 4074 pertrahentes,
1138 4018 1336 4062 terram
1372 4010 1423 4061 in
1455 4011 1717 4079 raptando

130 4104 403 4171 sanguine
433 4113 879 4171 consperscrunt.
912 4102 986 4155 lta
1027 4102 1203 4155 forum
1235 4102 1393 4155 [iovis
1438 4112 1718 4159 assecutos

129 4194 485 4261 conspiciens
511 4194 709 4260 aliquis
748 4196 837 4262 qui
870 4194 1030 4247 modo
1071 4194 1247 4261 pisces
1276 4204 1621 4261 cxonerarat,
1651 4199 1716 4252 de

132 4284 392 4339 tormenti
439 4300 600 4339 causa
648 4286 991 4351 sciscitatur;
1049 4301 1106 4341 re
1163 4300 1462 4356 comperta.
1510 4291 1717 4345 macelli

129 4378 314 4431 cultro
348 4377 514 4431 miser
542 4387 782 4445 arrepto,
834 4378 1009 4431 servis
1049 4378 1247 4433 diaboli
1298 4379 1512 4448 placere
1555 4396 1716 4448 appe-

1822 3288 1974 3325 more
2017 3273 2329 3327 Graecorum
2366 3274 2534 3328 additi
2584 3274 2790 3326 fuerint
2841 3272 2938 3326 SS.
2977 3274 3169 3325 Petrus
3214 3286 3267 3327 ct
3304 3274 3414 3326 An-

1820 3363 2012 3425 dreas,
2047 3380 2109 3417 ex
2146 3380 2255 3433 quo
2287 3364 2448 3418 etiam
2483 3363 2736 3433 proﬂuxit
2774 3373 2832 3418 ut
2867 3366 2951 3419 die
2984 3381 3149 3419 xxviii
3182 3366 3414 3420 Novem-

1820 3457 1954 3520 bris,
1984 3472 2092 3523 quo
2121 3456 2176 3512 S.
2210 3456 2522 3526 Stephanus
2545 3456 2738 3511 Junior
2766 3472 2958 3527 passus
2987 3466 3091 3518 est,
3129 3457 3268 3510 idem
3306 3457 3414 3510 duo

1822 3546 2003 3599 Sancti
2054 3557 2167 3599 tum
2223 3549 2275 3599 in
2331 3548 2571 3611 Menaeis,
2602 3558 2714 3601 tum
2770 3550 2825 3602 in
2877 3548 3041 3602 variis
3094 3547 3413 3621 Menologiis

1822 3635 2019 3689 iterum
2047 3636 2359 3691 rccolantur
2391 3638 2577 3706 (supra
2617 3654 2769 3690 num.
2808 3638 2913 3702 l4).

1892 3728 1943 3782 8.
1981 3727 2054 3782 De
2112 3729 2263 3783 Actis
2310 3745 2428 3798 quae
2495 3731 2816 3799 subjicimus
2862 3730 2973 3784 haec
3041 3731 3243 3799 accipe.
3310 3729 3415 3783 Du-

1828 3820 1984 3888 plicia
2040 3821 2386 3882 exhibemus,
2441 3833 2670 3889 utraque
2704 3822 2893 3874 Graece
2954 3822 3177 3885 inedita,
3229 3822 3409 3889 priora

1829 3927 1955 3965 vero
1982 3913 2143 3964 etiam
2172 3910 2401 3976 Latine;
2434 3914 2486 3967 id
2520 3913 2749 3967 facimus
2782 3924 2893 3968 tum
2926 3914 3067 3982 quod
3110 3915 3411 3981 posteriora

1820 4021 1881 4056 ex
1916 4004 2018 4057 illis
2052 4016 2158 4055 non
2199 4004 2596 4072 proﬂuxerunt,
2630 4006 2722 4061 sed
2773 4006 2959 4073 paucis
3003 4005 3242 4070 omissis,
3275 4020 3413 4059 non-

1822 4096 1967 4149 nulla
2010 4096 2416 4163 superaddunt;
2450 4104 2563 4149 tum
2602 4098 2765 4150 etiam
2799 4098 2940 4165 quod
2991 4098 3181 4150 horum
3229 4113 3412 4164 exem-

1821 4186 1937 4253 plar
1976 4184 2428 4254 perfectissimum
2480 4186 2622 4240 nacti
2678 4201 2888 4249 sumus,
2920 4187 3159 4256 quinque
3204 4188 3411 4241 scilicet

1822 4276 1951 4331 Mss.
2018 4278 2266 4332 codicum
2322 4279 2671 4333 collationem
2727 4281 2782 4333 in
2842 4280 3083 4349 margine
3140 4280 3407 4335 referens.

1822 4370 2164 4425 Tribuuntur
2199 4370 2311 4424 haec
2345 4370 2744 4439 Meraphrastr,
2787 4381 2843 4424 ut
2889 4372 3092 4425 diserte
3122 4372 3283 4426 habet
3318 4375 3407 4427 Al-

131 4482 279 4534 tens,
306 4486 470 4524 cursu
499 4470 779 4523 contendit
815 4478 869 4521 et
900 4469 1150 4522 dextrum
1180 4472 1373 4537 pedem
1414 4473 1593 4525 Sancti
1627 4474 1719 4525 ah-
1754 4460 1798 4518 D
1826 4461 2007 4525 ιλιίυεν
2048 4464 2138 4530 (1⁸Ιί
2182 4462 2235 4513 in
2286 4462 2514 4516 άίίητίυδ
2548 4464 2615 4515 de
2656 4464 3024 4531 8Υ³¹¹οοηίδυδ
3069 4480 3259 4519 eorum
3308 4468 3409 4519 ίηί-

126 4562 318 4628 scidit,
356 4562 447 4631 qui
479 4562 684 4614 interea
710 4571 952 4615 sanctam
985 4575 1047 4613 ac
1082 4560 1295 4614 beatam
1335 4564 1571 4616 animam
1616 4565 1720 4617 Do—

133 4656 286 4709 mino
337 4656 577 4709 tradidit.
628 4653 729 4720 Qui
785 4670 909 4707 eum
960 4654 1270 4722 raptabant,
1330 4666 1389 4709 ut
1443 4664 1715 4709 mortuum

132 4764 431 4816 aspexere,
462 4747 607 4801 velut
656 4748 785 4817 quid
832 4747 1108 4801 morticini
1149 4748 1200 4801 in
1255 4748 1611 4805 lautissimum
1644 4752 1720 4803 lo-

132 4856 259 4894 cum
294 4838 644 4908 abjeccrunt;
682 4847 840 4896 nocte
892 4854 1020 4894 vero
1073 4842 1422 4903 adventante,
1446 4842 1714 4895 sublatum

131 4929 357 4999 quidam
395 4928 680 4983 orthodoxi
712 4929 925 4983 tumulo
974 4930 1340 4985 condiderunt
1386 4931 1439 4983 in
1476 4932 1592 4985 loco
1623 4932 1712 5002 qui

132 5023 340 5079 dicitur
364 5022 553 5077 Crisis.

203 5136 260 5191 7.
318 5134 376 5188 In
426 5134 644 5191 Mena-is
674 5135 889 5191 excusis
915 5136 1220 5207 saepissime
1251 5136 1480 5193 diversis
1518 5137 1712 5192 diebus

134 5224 299 5278 iidem
356 5222 535 5277 Sancti
580 5239 1083 5280 commemorantur
1132 5228 1255 5297 quia
1312 5228 1553 5282 diversos
1586 5229 1713 5284 Mss.

131 5317 353 5371 codices
391 5315 628 5371 editores
656 5317 976 5371 adhibuere.
1008 5318 1183 5372 Aliam
1217 5330 1394 5373 tamen
1440 5321 1599 5389 hujus
1636 5320 1712 5373 rci

132 5426 354 5463 causam
388 5410 629 5480 assignat
674 5411 1082 5481 Papebrochlus
1114 5413 1247 5481 (15).
1290 5413 1506 5469 Grazcos
1554 5414 1713 5469 nimi-

132 5514 249 5555 rum
287 5502 482 5556 eodem
539 5509 631 5556 aut
680 5503 932 5570 sequenti
987 5503 1074 5558 die
1127 5518 1559 5557 commemorare
1607 5504 1713 5557 frc-

205 5652 318 5722 (15)
358 5653 505 5727 Eph.
532 5653 936 5727 Graeco-Moser:
971 5697 982 5714 .
1018 5666 1054 5708 t.
1096 5658 1110 5709 l
1147 5657 1289 5721 Maii,
1316 5674 1364 5727 ιι.
1396 5675 1483 5710 vni
1511 5668 1714 5727 etpas-

138 5728 272 5791 sim;
312 5734 351 5778 l.
389 5723 429 5777 ΙΙ
464 5725 609 5793 Maii.
644 5727 853 5793 p.1l0,
891 5743 944 5781 ll.
985 5728 1067 5778 il.

206 5798 316 5861 (161
358 5794 428 5848 De
462 5792 792 5865 llenolbgiis,
825 5799 951 5851 etc..
986 5813 1036 5865 p.
1068 5798 1117 5850 8.

203 5870 314 5936 (li)
351 5864 577 5921 Bandini
612 5864 747 5923 codd
801 5868 993 5937 Graeci,
1026 5880 1057 5923 t.
1099 5868 1136 5935 l,
1170 5885 1219 5938 ιι.
1264 5869 1378 5923 150.

1827 4553 1959 4605 tium
1994 4550 2153 4605 affert
2182 4551 2295 4619 (l8)
2328 4567 2537 4620 :quare
2561 4550 2709 4605 hunc.
2735 4552 2911 4606 locum
2947 4570 3055 4608 non
3090 4557 3282 4609 viderit
3307 4555 3409 4609 l’a-

1823 4646 1941 4716 gius
1977 4646 2092 4713 (19)
2130 4646 2220 4713 qui
2256 4654 2417 4713 negat
2454 4648 2582 4699 Acta
2611 4645 2699 4699 illa
2739 4647 2991 4715 Symconi
3032 4648 3408 4717 Metapbrastac

1823 4737 2127 4806 adjudicata
2162 4737 2349 4793 fuisse.
2390 4737 2785 4791 Testimonium
2811 4749 2992 4792 autem
3027 4741 3208 4794 Allatii
3236 4758 3411 4812 quau-

1823 4839 1934 4883 tum
1967 4829 2024 4883 in
2058 4828 2161 4883 bac
2207 4844 2263 4882 re
2319 4830 2514 4893 valeat,
2568 4846 2729 4883 nemo
2771 4832 3019 4899 ignorat;
3067 4843 3325 4896 attamen,
3363 4836 3408 4889 si

1820 4938 1957 4991 opus
1978 4932 2141 4987 esset,
2175 4936 2287 4975 rem
2324 4924 2657 4991 argumentis
2688 4924 2957 4988 pluribus,
2991 4940 3054 4977 ex
3098 4927 3227 4992 ipsis
3259 4927 3407 4982 Actis

1819 5016 2145 5084 desumptis,
2202 5016 2455 5067 evincere
2518 5031 2823 5084 possemus.
2888 5016 3021 5069 Acta
3067 5017 3247 5086 priora
3313 5033 3408 5074 ex-

1817 5107 2017 5176 scripta
2048 5117 2259 5161 suntex
2293 5116 2508 5160 vetusto
2535 5110 2719 5162 codice
2746 5108 3094 5163 Bibliotheca:
3126 5109 3400 5177 Parisinz,

1817 5215 1978 5269 quem
2015 5198 2072 5251 Β.
2115 5199 2461 5252 Montfaucon
2498 5200 2697 5252 saeculo
2729 5217 2777 5253 Ix
2809 5201 3069 5255 adscribit
3100 5196 3235 5271 (‘20),
3264 5213 3317 5257 et
3348 5213 3416 5258 ur

1818 5302 2085 5361 perpetua
2124 5292 2527 5357 comparatione
2559 5307 2679 5345 cum
2705 5290 3134 5361 Metaphrastaeis
3164 5295 3399 5348 conferri

1817 5383 2050 5453 possint,
2082 5392 2307 5450 utraque
2342 5382 2533 5436 iisdem
2559 5385 2822 5449 numeris,
2857 5386 2946 5438 ubi
2979 5385 3169 5439 eadem
3208 5402 3398 5439 narra-

1819 5477 2038 5543 bantur,
2067 5476 2425 5546 signavimus.
2455 5476 2574 5539 Quo
2608 5488 2787 5531 autem
2822 5487 3065 5547 tempore
3092 5492 3397 5550 conscripta

1887 5658 2000 5725 (l8)
2037 5656 2285 5723 Allatius,
2315 5658 2378 5709 de
2411 5657 2793 5725 Symeonibus.
2826 5674 2877 5727 p.
2925 5659 3039 5711 l28.

1889 5730 1999 5795 (111)
2036 5729 2094 5780 1η
2120 5728 2317 5781 Critica
2347 5727 2584 5787 Barunii,
2624 5731 2689 5781 ad
2719 5745 2845 5783 ann.
2883 5730 3006 5795 761,
3045 5747 3097 5785 n.
3125 5730 3177 5783 ﬁ.

1883 5800 1993 5867 ('20)
2026 5798 2140 5852 Btb.
2174 5800 2424 5862 Coislin.,
2460 5814 2513 5871 p.
2554 5800 2667 5852 185.
