3968 6440
569 338 703 405 108⁸1

1840 358 2124 419 MENSIS
2162 357 2524 420 OCTOBER.

3712 374 3842 439 1688

564 448 767 509 iuerint
800 458 1013 515 deﬁniri
1050 466 1268 533 nequit;
1299 466 1431 521 nihil
1461 468 1606 523 enim
1649 471 1974 539 reperimus,
2006 488 2141 541 prae-
2170 471 2220 530 A
2246 473 2546 527 berrimum
2602 472 2770 527 fuisse
2821 473 2874 528 S.
2937 485 3225 547 martyrem
3275 480 3383 546 jam
3452 498 3479 535 a
3518 486 3723 541 saeculo
3768 503 3838 541 ix.

566 553 652 599 ter
688 548 897 603 minimi
930 557 1187 609 momenti
1234 567 1415 611 notam
1455 559 1892 632 chronologicam
1934 580 1999 620 ex
2039 582 2144 635 qua

567 646 785 693 constat
838 642 1155 711 scriptorem
1212 649 1348 705 satis
1398 650 1490 705 diu
1564 663 1685 722 post
1739 654 2143 729 Copronyinuiii

568 737 788 815 vixisse.
836 737 1030 805 Locus,
1077 745 1169 813 qui
1206 763 1355 800 num.
1387 749 1420 805 ὅ
1446 751 1546 805 sub
1597 752 1755 807 tinem
1796 756 2055 820 occurrit,
2100 756 2146 811 is

568 828 825 887 est:lste
880 848 1009 888 vero
1063 847 1183 891 erat
1232 837 1715 899 Constantinus....
1755 860 1916 914 quem
1963 846 2147 900 fideles

566 920 686 987 ejus
732 925 990 988 temporis
1024 927 1094 996 (oi
1136 928 1197 981 ἐν
1236 932 1347 991 τοῖς
1380 932 1499 985 τότε
1548 935 1779 1004 χρόνοις)
1819 937 2014 991 merito
2047 939 2146 993 sub

569 1014 899 1079 cognomine
932 1014 1255 1088 Copronymi
1293 1021 1652 1078 infamariiiit.
1684 1024 1789 1080 Sed
1817 1043 1883 1081 ex
1917 1045 1982 1083 co
2014 1032 2145 1085 Acta

570 1099 658 1152 illa
698 1103 876 1168 priora
917 1112 1394 1169 commendantur.
1425 1116 1567 1182 quod
1603 1116 1777 1171 locum
1818 1120 2001 1175 Sancti
2044 1138 2143 1176 na-

570 1190 825 1255 talitium,
863 1194 1007 1247 dlem
1061 1201 1330 1265 passionis
1370 1203 1579 1273 aliaque
1618 1209 1869 1279 adjuncta
1913 1213 2145 1281 plurima

567 1280 777 1336 minute
814 1286 1121 1353 proferunt,
1161 1301 1217 1345 et
1264 1308 1571 1363 quanquam
1621 1280 2000 1366 prolixioribus
2028 1320 2149 1359 ver-

565 1368 649 1422 bis
680 1370 952 1426 interdum
987 1374 1045 1431 S.
1072 1389 1272 1449 martyr
1299 1381 1445 1451 loqui
1477 1384 1713 1449 videtur,
1746 1389 1933 1443 eadem
1964 1397 2145 1445 tamen

568 1460 685 1515 fere
734 1463 787 1515 in
817 1465 941 1520 aliis
968 1468 1116 1523 Actis
1159 1482 1477 1537 occurrunt,
1510 1492 1651 1546 saepe
1684 1480 1909 1535 vocibus
1953 1482 2144 1539 iisdem

569 1556 665 1602 aut
697 1554 964 1611 similibus
1004 1574 1284 1627 expressa.
1312 1562 1558 1619 Conferri
1592 1568 1645 1628 in
1690 1584 1809 1625 eam
1858 1587 1970 1626 rem
2017 1589 2147 1643 pos-

570 1652 696 1694 sunt
730 1646 941 1699 numeri
974 1652 1313 1716 potissimum
1350 1657 1380 1709 7
1409 1666 1462 1712 et
1498 1658 1579 1713 10.
1621 1661 1694 1714 Ex
1729 1662 1970 1717 locorum
2006 1666 2148 1720 desi-

2250 562 2527 618 miraculis
2553 564 2736 619 multis
2768 565 3029 622 claruisse
3061 570 3352 640 colligitur.
3387 572 3666 642 Josephus
3696 578 3835 629 enini

2226 654 2685 725 hymnographus
2707 670 2886 725 quem,
2912 673 2978 711 ex
3020 659 3168 715 Actis
3198 677 3225 715 a
3256 660 3638 731 Papebrochio
3678 667 3734 719 in
3763 667 3838 721 lu-

2249 761 2368 799 cem
2408 746 2546 801 datis
2572 745 2709 815 (22),
2737 761 2803 800 eo
2847 749 3049 804 sarculo
3090 749 3338 806 ﬂoruisse
3388 763 3627 815 constat.
3655 756 3832 810 decem

2249 837 2479 893 diversis
2507 838 2639 892 locis
2671 838 2722 891 in
2758 854 2860 893 suo
2893 840 3115 896 Canone
3142 844 3403 897 miracula
3434 846 3698 907 Celebrat,
3726 863 3835 914 qua:

2249 931 2350 985 sub
2385 932 2552 1000 ipsius
2592 932 2762 987 oculis
2792 932 2944 1001 Cpoli
2986 949 3165 989 coram
3199 934 3381 989 Sancti
3419 937 3635 989 tumulo
3669 949 3833 1003 patra-

2248 1022 2467 1080 bautur.
2505 1023 2699 1077 Merito
2743 1025 2927 1094 itaque
2971 1035 3028 1080 et
3072 1026 3126 1079 iii
3171 1026 3431 1080 Actorum
3472 1029 3636 1080 titulo
3670 1028 3835 1081 Thau-

2248 1126 2529 1183 iiiatiirgus
2579 1116 2759 1171 dictus
2812 1128 2916 1178 est,
2969 1128 3022 1172 et
3073 1120 3125 1171 in
3173 1118 3460 1183 Contaeio,
3503 1130 3565 1173 ut
3626 1130 3831 1181 vocant,

2248 1208 2416 1263 (ἕτεεεί
2446 1208 2635 1267 Olbcii.
2663 1210 2747 1263 his
2778 1212 2960 1264 verbis
2988 1211 3265 1265 extollitur
3297 1228 3309 1261 :

2249 1316 2343 1371 ρον
2390 1302 2420 1367 ἡ
2466 1299 2827 1369 βασιλεύουσα.
2877 1302 3028 1366 noli;
3078 1304 3270 1374 ὲόρτὴν
3312 1304 3716 1373 ὑπέρλαμπρον
3745 1303 3835 1369 τῆς

2250 1391 2575 1460 φωτοφόρου
2657 1408 2752 1445 σου
2856 1393 3101 1461 μνήμης,
3190 1392 3414 1446 ἃπασαν
3498 1394 3831 1458 προακούου-

2256 1483 2394 1551 μένη
2461 1482 2616 1535 πόλιν
2672 1484 2768 1534 καὶ
2844 1480 3067 1551 χώραν·
3122 1476 3298 1552 χαίρει
3349 1484 3462 1553 γὰρ
3508 1486 3588 1547 ὡς
3642 1501 3831 1553 κεκτη-

2256 1575 2393 1645 μένη
2450 1575 2726 1644 θησαυρὸν
2778 1575 2976 1643 μέγαν.
3030 1576 3091 1627 τὸ
3165 1574 3469 1627 πολύσθὶόν
3525 1593 3627 1629 σου
3662 1578 3839 1644 σῶμα..

2260 1665 2484 1734 Ἀνδρὲα
2560 1665 2788 1732 μάρτυς,
2851 1666 3158 1735 ὀρθοδοξὲας
3208 1669 3453 1735 φωστήρ.
3494 1665 3554 1721 Id
3612 1670 3835 1723 estzﬂo-

3383 1212 3657 1280 Εορτάζῖι
3680 1216 3835 1279 σήμε-

570 1734 849 1801 gnatione,
880 1748 939 1791 ut
970 1741 1106 1795 infra
1145 1744 1367 1801 uberius
1396 1748 1737 1815 disserimus,
1771 1762 1906 1808 etex
1944 1755 2009 1810 iis
2029 1773 2147 1827 quae
2186 1826 2195 1827 ί
2249 1756 2337 1811 die
2390 1758 2626 1810 celebrat
2688 1734 2895 1827 regina
2926 1760 3139 1813 urbium
3194 1759 3413 1827 (Cpolis)
3493 1760 3715 1813 illustre
3770 1762 3835 1813 le-

570 1824 623 1876 iii
659 1825 765 1880 fine
806 1830 1064 1887 Actorum
1113 1838 1452 1901 scribuntur,
1491 1852 1550 1895 ut
1579 1842 1766 1899 itidem
1801 1824 2146 1904 Inferius—dio
2182 1826 2222 1880 Β
2257 1862 2399 1904 stum
2464 1860 2569 1905 tua:
2620 1851 2914 1924 memoriae,
2953 1862 3116 1904 totam
3146 1868 3459 1907 convocans
3486 1854 3766 1907 civitatem
3787 1865 3833 1910 et

571 1926 751 1980 cetur,
799 1924 1127 1980 arbitramur
1161 1944 1223 1983 ea
1259 1928 1409 1998 Cpoli
1460 1937 1769 2007 conscripta
1805 1955 1913 1994 non
1963 1941 2149 1999 fuisse.

577 2008 796 2069 Scimus
840 2024 1049 2070 tantum
1100 2021 1385 2078 maximam
1416 2039 1623 2095 partem
1672 2044 1951 2085 sacrorum
2003 2034 2155 2088 codi-

570 2117 695 2157 cum
731 2104 1078 2164 Bihliotlieca:
1123 2113 1487 2180 Coislinianze,
1520 2130 1579 2174 ut
1624 2120 1676 2174 in
1709 2121 2031 2179 Praafaiione
2071 2138 2151 2181 te-

567 2205 740 2249 statur
772 2198 1024 2257 laudatus
1073 2202 1445 2267 Montfaucou.
1473 2227 1539 2264 ex
1571 2217 1918 2270 monasteriis
1953 2220 2153 2272 montis

566 2286 711 2339 Atho
755 2291 1042 2358 prodiisse,
1095 2305 1147 2347 et
1191 2296 1301 2350 illic
1343 2299 1471 2353 olim
1504 2301 1784 2358 brachium
1836 2304 1892 2360 S.
1928 2310 2153 2364 Andrea:

568 2375 869 2466 Cretensis,
899 2384 991 2451 qui
1025 2385 1166 2439 idem
1197 2396 1282 2441 est
1311 2388 1542 2447 fortasse
1568 2410 1631 2449 ac
1674 2395 1911 2453 Sanctus
1942 2413 2148 2466 uoster,

567 2459 906 2525 assert-aiunt
964 2475 1151 2532 fuisse.
1184 2480 1298 2545 Qua
1336 2483 1401 2536 de
1434 2501 1490 2538 re
1526 2488 1679 2555 plura
1724 2492 1842 2543 vide
1875 2507 2023 2547 num.
2061 2496 2149 2548 57.

636 2560 690 2613 9.
749 2561 1171 2633 Metaphrasten.
1224 2574 1383 2641 cujus
1422 2578 1551 2631 Acta
1597 2582 1840 2636 secundo
1883 2584 2000 2639 loco
2038 2603 2154 2654 pr0‘

566 2652 756 2715 dcunt,
788 2656 966 2722 priora
996 2659 1081 2713 illa
1123 2677 1234 2716 non
1266 2667 1465 2722 vidisse
1492 2671 1624 2726 satis
1653 2684 1803 2728 certo
1831 2677 1989 2730 nobis
2018 2694 2152 2733 con-

570 2754 696 2798 stat.
730 2746 850 2816 Ipse
886 2752 1030 2806 enim
1083 2771 1183 2808 nec
1212 2766 1363 2812 ortus
1393 2760 1591 2825 locum,
1632 2781 1732 2820 nec
1764 2768 1907 2823 diem
1949 2772 2169 2837 obitus.

566 2850 728 2901 quem
796 2853 968 2905 usque
1020 2840 1310 2905 diligenter
1364 2847 1706 2917 inquisivisse
1766 2855 1847 2907 vel
1916 2870 1981 2910 ex
2037 2856 2151 2911 Vita

565 2926 623 2978 S.
658 2925 996 2986 Theoctistes
1041 2932 1250 2991 Lesbiie
1299 2950 1509 2995 constat
1559 2944 1696 3013 (21).
1735 2961 1789 2999 ιη
1839 2951 2152 3006 narratione

566 3032 662 3071 sua
695 3024 1057 3093 consignavit.
1100 3026 1209 3083 Nec
1240 3043 1501 3100 praterea
1539 3037 1664 3089 dum
1699 3038 1861 3091 vitam
1894 3042 2024 3095 satis
2058 3059 2150 3096 ac-

563 3113 751 3171 ciirate
802 3119 1059 3189 scriptam
1108 3135 1298 3185 nactus
1338 3138 1457 3181 erat
1511 3130 1753 3183 ordinem
1805 3140 1897 3184 aut
1942 3136 2209 3208 stylumc

564 3209 792 3263 multum
838 3212 1126 3271 immutare
1157 3233 1547 3289 consuewrat;
1579 3238 1812 3293 Cumque
1852 3229 1993 3296 apud
2030 3243 2143 3284 am-

564 3297 662 3351 bos
693 3302 988 3371 scriptores
1025 3307 1340 3380 plerumque
1377 3314 1572 3369 similia
1606 3317 1767 3372 obvia
1787 3318 1916 3392 sint,
1952 3322 2140 3375 existi—

568 3403 782 3444 mamus
811 3403 1100 3465 utrumque
1134 3416 1198 3454 ex
1234 3402 1379 3457 Actis
1418 3408 1839 3477 antiquioribus,
1870 3410 1962 3464 sed
2000 3426 2143 3465 nunc

565 3478 879 3547 deperditis,
914 3502 1068 3540 suam
1109 3492 1478 3547 narrationem
1526 3498 1822 3563 excepisse,
1855 3502 1917 3554 iis
1944 3501 2141 3555 additis

564 3586 685 3639 qua:
722 3574 1226 3650 aliunde-colligere
1274 3590 1577 3651 potuerant.
1626 3588 2014 3659 Metaphrastes
2060 3604 2141 3647 ta-

566 3675 874 3725 menatate
903 3675 1169 3734 posterior
1199 3675 1412 3728 videtur
1439 3692 1504 3730 ex
1530 3694 1596 3732 eo
1623 3682 1763 3747 quod
1803 3683 1853 3735 in
1889 3683 2007 3752 ejus
2030 3685 2142 3737 col-

566 3755 892 3811 lectionibus
916 3758 972 3812 S.
1002 3762 1232 3819 Andrea:
1274 3766 1387 3822 Vita
1420 3769 1561 3823 diein
1585 3787 1672 3839 xix
1696 3771 1946 3828 Octobris
1984 3790 2142 3830 occu-

563 3854 656 3914 pat
692 3886 707 3910 ,
740 3860 924 3903 uoster
950 3860 1129 3906 autein
1160 3855 1413 3924 scriptor,
1453 3860 1541 3913 ubi
1572 3861 1735 3914 refert
1765 3861 2021 3916 Sanctum
2054 3863 2140 3917 die

562 3948 631 3988 xx
664 3952 879 4003 passum
903 3955 1045 4000 esse.
1074 3942 1211 3995 nihil
1238 3944 1303 3997 de
1347 3944 1633 4001 inimiitato
1666 3951 1843 4003 cultus
1871 3951 1957 4003 die
1986 3966 2137 4005 coui-

564 4038 869 4094 memorat;
912 4031 1007 4085 scd
1056 4049 1177 4088 cum
1211 4035 1345 4090 levis
1393 4053 1452 4091 ca
1499 4040 1636 4093 ratio
1669 4041 1833 4094 videri
1872 4051 2054 4110 queat,
2086 4042 2138 4096 id

562 4119 721 4175 aliter
748 4124 1102 4189 adstruimus,
1140 4128 1515 4199 Metaphrastie
1551 4149 1743 4202 nempe
1790 4135 2141 4191 collectiones

564 4211 700 4265 adeo
746 4224 865 4282 post
910 4218 1262 4285 scriptionem
1322 4221 1463 4275 illico
1505 4224 1843 4293 pervulgatas
1885 4225 2051 4279 fuisse
2084 4234 2141 4280 ut

564 4303 800 4370 priorem
851 4308 1167 4377 scriptorem
1230 4312 1380 4365 illum
1437 4313 1624 4380 fugere
1670 4330 1775 4367 non
1837 4317 2136 4384 potuerint.

562 4396 694 4460 Quae
741 4396 902 4467 igitur
935 4403 1075 4470 apud
1125 4419 1249 4457 eum
1282 4406 1348 4459 de
1386 4404 1442 4461 S.
1474 4404 1684 4460 Andrea
1738 4408 1789 4460 in
1823 4408 1981 4461 Creta
2023 4422 2137 4462 mo-

2256 1941 2533 2012 regionem
2561 1958 2576 2007 ;
2614 1941 2813 2011 jubilat
2839 1942 2983 1996 enim
3019 1958 3270 2012 magnum
3301 1945 3630 1997 thesaurum
3670 1947 3832 2014 possi-

2254 2032 2413 2094 dens.
2454 2048 2652 2102 corpus
2675 2032 3065 2087 certaminibus
3114 2032 3433 2102 gloriosum,
3477 2046 3674 2090 sancte
3709 2053 3831 2088 uiar-

2255 2136 2339 2198 tyr
2371 2127 2612 2191 Andrca,
2652 2127 2988 2180 orthodoxia‘.
3013 2127 3221 2180 lumen.
3257 2126 3351 2181 Hic
3373 2143 3502 2179 vero
3530 2128 3710 2182 Obiter
3733 2145 3833 2181 uio-

2254 2234 2468 2283 nemus,
2510 2220 2553 2273 si
2598 2218 2720 2286 quis
2756 2218 2974 2271 nomina
3006 2233 3068 2271 ex
3121 2218 3430 2272 Grmcorum
3472 2218 3721 2288 Liturgia
3750 2221 3832 2274 de-

2254 2320 2466 2379 sumpta
2501 2326 2609 2365 non
2636 2308 2767 2364 satis
2793 2308 2894 2363 sibi
2931 2315 3057 2363 nota
3087 2309 3173 2363 hic
3201 2310 3528 2372 oﬂ'enderet,
3562 2328 3688 2365 eum
3727 2315 3831 2365 sin-

2254 2402 2500 2472 gulorum
2525 2402 2945 2460 declarationem
2985 2411 3324 2470 reperturum
3371 2403 3424 2455 iii
3460 2403 3611 2473 Ryazi
3643 2405 3832 2457 disser-

2257 2495 2456 2549 tatione
2483 2495 2549 2549 de
2577 2494 2864 2549 Acolutliia
2918 2494 3253 2555 Graecorum,
3280 2510 3400 2563 quae
3444 2496 3497 2548 in
3539 2494 3708 2548 Jiinio
3745 2511 3831 2547 no-

2254 2598 2367 2642 Itro
2406 2587 2549 2641 edita
2583 2597 2668 2639 est
2697 2586 2809 2655 (9.3)
2836 2627 2850 2651 ,
2884 2585 3188 2652 expeditius
3220 2595 3399 2640 autem
3434 2602 3497 2639 ea
3523 2589 3830 2655 utetur.qiii

2256 2678 2487 2732 indicem
2532 2678 2795 2730 ultimum.
2822 2692 2851 2729 a
2888 2676 3228 2744 GheSquiero
3268 2686 3415 2731 toino
3462 2681 3644 2745 primo
3688 2678 3830 2734 Orto-

2255 2769 2368 2823 bris
2403 2770 2468 2824 ad
2503 2769 2705 2823 cali-em
2740 2768 3044 2837 subjectum
3079 2770 3337 2823 adhibere
3374 2772 3637 2825 voluerit.

2259 2906 2285 2979 ᾗ
2337 2908 2402 2962 ll.
2454 2909 2662 2976 Septem
2706 2906 2967 2975 Martyres
3020 2910 3075 2959 in
3121 2908 3381 2976 plerisque
3422 2907 3586 2973 faslis
3631 2910 3829 2973 confuse

2323 2980 2520 3045 prolati
2564 2980 2626 3030 ab
2671 2979 2886 3029 invicem
2920 2978 3318 3044 distinguuntur
3371 2989 3417 3031 et
3474 2995 3658 3031 eorum
3707 2982 3827 3034 Acta

2323 3052 2545 3102 breuiter
2608 3047 2972 3100 illiish'autur.
3051 3046 3437 3100 Persecutionis
3498 3049 3828 3104 Commmini

2325 3120 2639 3187 (Ioprouymi'
2663 3119 2832 3171 brevis
2853 3118 3071 3170 historia
3103 3127 3149 3169 et
3181 3118 3517 3171 clirouotaxis
3544 3122 3826 3172 minuetur.

2319 3211 2401 3265 il.
2446 3210 2763 3279 Hossepteiii
2796 3208 3042 3268 Sanctos.
3073 3208 3162 3278 qui
3196 3224 3386 3264 omnes
3424 3211 3526 3264 sub
3556 3212 3828 3283 Coprony-

2245 3321 2333 3358 mo
2363 3304 2506 3357 varia
2555 3313 2845 3368 tormenta,
2881 3313 2933 3357 et
2959 3312 3210 3367 mortem,
3250 3317 3360 3357 uiio
3402 3314 3658 3373 excepto,
3688 3308 3822 3373 passi

2249 3408 2395 3460 sunt,
2430 3397 2517 3449 hic
2545 3398 2699 3465 juxta
2740 3398 2936 3449 seriem
2975 3397 3244 3449 mensium
3298 3405 3352 3448 et
3380 3398 3595 3451 dierum
3635 3400 3826 3467 quibus

2244 3491 2495 3544 Coluutur
2561 3488 2902 3557 subjicimus,
2934 3503 2998 3542 ex
3045 3502 3153 3555 quo
3197 3488 3357 3541 simul
3409 3491 3693 3557 apparebit
3724 3508 3825 3559 quo

2244 3582 2361 3636 loco
2394 3585 2445 3634 iii
2480 3598 2646 3650 opere
2669 3590 2857 3634 nostro
2900 3580 2966 3633 de
3001 3580 3067 3633 iis
3105 3588 3285 3633 actum
3316 3580 3405 3641 sit,
3432 3591 3527 3633 aut
3560 3582 3612 3634 in
3647 3594 3824 3651 poste—

2246 3687 2363 3725 rum
2396 3674 2663 3743 agendum
2697 3687 2754 3726 :i
2792 3671 2883 3725 Die
2934 3686 3044 3727 xvtt
3083 3670 3280 3728 Martii.
3317 3669 3355 3724 S
3412 3671 3615 3726 Paulus
3643 3689 3824 3727 mona-

2242 3763 2379 3818 chus
2403 3774 2454 3818 et
2483 3775 2685 3833 martyr
2722 3764 2771 3816 iii
2810 3764 2963 3817 Creta
2994 3779 3080 3827 ;-
3122 3779 3206 3816 xvi
3239 3762 3382 3825 Maii,
3411 3763 3467 3817 S.
3500 3762 3694 3818 Petrus
3723 3765 3823 3817 Ca-

2244 3859 2407 3927 lybita
2440 3865 2495 3910 et
2526 3865 2724 3923 martyr
2749 3854 2801 3907 in
2832 3853 3164 3916 Blacheriiis,
3203 3870 3370 3922 prope
3402 3854 3616 3922 Cpolim
3657 3872 3743 3915 ;-—
3776 3871 3821 3906 iv

2242 3947 2412 4011 Junii,
2467 3947 2525 4000 S.
2577 3944 2814 3999 Joannes
2868 3945 3156 4013 Mouagria:
3206 3942 3582 4011 Hegiimeniis,
3628 3952 3823 4014 martyr

2243 4037 2392 4107 Cpoli
2434 4053 2523 4101 ;——
2548 4051 2636 4089 vni
2681 4036 2831 4100 Julii,
2864 4036 2920 4090 S.
2954 4034 3150 4089 Paulus
3182 4033 3363 4089 Novus
3398 4049 3605 4104 martyr
3629 4036 3776 4106 Cpoli
3804 4055 3817 4101 ;

2241 4156 2307 4168 -—
2354 4146 2420 4182 xx
2455 4128 2720 4191 Octobris,
2757 4126 2813 4180 S.
2868 4128 3112 4180 Andreas
3165 4126 3470 4180 monachus
3526 4127 3817 4190 Cretensis,

2240 4220 2419 4273 dictus
2448 4220 2500 4272 iii
2542 4218 2700 4282 Crisi,
2738 4227 2936 4286 martyr
2968 4217 3120 4285 Cpoli
3154 4233 3243 4281 ;-
3276 4233 3446 4270 xxviii
3481 4216 3733 4272 Octobris
3756 4218 3817 4284 (ἲ)

2243 4309 2301 4360 S.
2355 4308 2663 4376 Stephanus
2711 4307 2798 4376 qui
2856 4308 2909 4359 iii
2970 4306 3252 4376 Sugdaaaui
3284 4307 3558 4374 relegatus
3590 4319 3717 4371 est;
3755 4338 3817 4346 —

2244 4416 2409 4453 xxvm
2462 4398 2803 4464 Novembris,
2876 4397 2931 4450 S.
2992 4399 3305 4468 Stephanus
3348 4396 3567 4463 Juiiior,
3626 4411 3818 4469 martyr

562 4489 823 4542 nasticam
868 4492 1028 4546 vitam
1075 4495 1323 4564 amplexo
1360 4506 1670 4560 narrantur,
1704 4498 1829 4552 dein
1860 4500 1926 4554 de
1968 4500 2135 4552 niira-
2170 4486 2213 4539 ί)
2241 4495 2413 4566 Cpoli.
2453 4525 2521 4535 —
2547 4492 2728 4547 Placet
2757 4502 2810 4547 el
2849 4493 2917 4546 de
2948 4493 3031 4546 his
3069 4493 3322 4546 omnibus
3356 4495 3623 4547 ηοηηυηίι
3658 4496 3793 4547 disse

560 4582 697 4637 culis
735 4585 932 4652 quibus
981 4602 1105 4640 eum
1155 4589 1532 4659 Metaphrastze
1578 4594 1738 4646 etiam
1775 4594 2135 4661 temporibus,

563 4674 677 4740 ipso
702 4684 858 4741 teste,
891 4677 943 4731 in
988 4680 1118 4734 urbe
1146 4680 1294 4752 Cpoli
1348 4682 1486 4739 Deus
1516 4684 1870 4756 gloriﬁcabat,
1904 4686 2139 4756 scriptor

561 4764 702 4817 idem
745 4765 831 4819 ille
855 4770 1000 4836 prior
1033 4788 1137 4827 non
1188 4776 1479 4831 omisisset.
1512 4778 1721 4843 Quibus
1775 4782 1984 4847 positis,
2016 4797 2137 4836 cum

562 4866 749 4911 notum
795 4858 865 4913 sit
899 4858 1300 4931 Metaphrasten
1338 4869 1518 4922 medio
1572 4870 1771 4923 Sieculo
1809 4888 1835 4923 x
1869 4870 2135 4936 ﬂoruisse,

563 4947 690 4999 hinc
741 4948 1009 5005 deducere
1054 4952 1180 5007 licet
1211 4958 1339 5011 Acta
1377 4952 1496 5027 qua:
1542 4958 1704 5027 priori
1753 4958 1870 5014 loco
1902 4960 2135 5027 edimus,

562 5036 650 5091 illa
678 5047 839 5093 aetate
866 5043 1173 5112 antiquiora
1209 5062 1354 5101 esse.

635 5128 701 5181 10
746 5130 913 5186 Sicuti
948 5149 1009 5187 ex
1044 5136 1305 5207 Anonymi
1334 5140 1477 5195 Actis
1503 5142 1855 5211 Syiiaxarium
1885 5140 2135 5199 Mediola-

563 5236 757 5285 iiense,
787 5224 931 5291 quod
979 5241 1127 5279 nimi.
1162 5230 1195 5283 5
1225 5232 1526 5298 retulimus,
1561 5234 1902 5304 desumptiim
1931 5246 2030 5299 est,
2066 5238 2135 5291 ita

560 5310 693 5366 illud
745 5316 887 5380 quod
934 5315 986 5369 in
1041 5316 1259 5373 Mentiris
1302 5325 1515 5379 excusis
1563 5328 1821 5389 occurrit,
1858 5345 1918 5381 ex
1965 5328 2136 5384 Meta-

562 5405 796 5473 phrastze
846 5412 1157 5465 narratione
1206 5414 1484 5469 evidenter
1546 5420 1818 5486 profluxit.
1874 5423 1945 5475 Ex
2005 5440 2132 5492 quo,

564 5498 701 5551 sicut
748 5514 812 5552 ex
870 5497 1052 5552 Sancti
1098 5503 1281 5560 Oﬂicio
1318 5510 1461 5577 quod
1515 5510 1710 5564 ibidem
1745 5514 1952 5583 legitur,
1988 5518 2133 5571 cele-

777 5698 969 5774 Siirius
1002 5701 1066 5774 ad
1108 5719 1135 5755 κ
1168 5702 1325 5763 Νυν..
1350 5721 1399 5774 p.
1426 5710 1543 5767 238.
1584 5710 1712 5765 edit.
1750 5712 1876 5771 |6|8

637 5764 749 5831 κὶα)
785 5768 844 5821 'l'.
890 5770 904 5822 Ι
935 5772 1127 5837 April,
1160 5790 1210 5837 p.
1240 5764 1362 5829 “266:

2245 4604 2383 4650 rere,
2420 4603 2482 4642 ex
2535 4586 2732 4656 quibus
2781 4586 2961 4638 lumen
3021 4586 3237 4654 aliquod
3302 4587 3675 4653 persecutioui
3714 4586 3815 4639 Co-

2245 4680 2607 4749 proiiymiana:
2668 4677 2901 4732 aﬂusum
2956 4676 3019 4729 iri
3070 4692 3249 4745 spero.
3296 4677 3368 4730 De
3413 4679 3692 4756 primocx
3737 4680 3815 4733 his

2243 4780 2471 4839 septem,
2499 4785 2693 4838 nempe
2731 4771 2796 4823 de
2831 4768 2888 4821 S.
2925 4768 3089 4821 Paulo
3117 4776 3350 4840 martyre
3393 4768 3445 4823 in
3489 4772 3670 4834 Creta,
3698 4787 3814 4841 ege-

2244 4872 2370 4916 runt
2396 4862 2710 4916 deccssores
2740 4862 2805 4914 ad
2837 4862 2977 4916 diem
3010 4861 3183 4915 Martii
3216 4861 3518 4916 indicatum
3552 4865 3687 4934 (24).
3716 4866 3813 4918 ibi-

2240 4969 2345 5022 que
2376 4970 2438 5007 ex
2471 4955 2615 5008 Actis
2643 4953 2698 5007 S.
2734 4952 2993 5025 Stephani
3018 4953 3284 5015 Jiinioris,
3323 4969 3353 5008 a
3383 4954 3717 5024 Lipoinaniio
3751 4971 3811 5009 ex

2242 5046 2599 5116 Sletaphraste
2628 5044 2821 5099 Latine
2872 5044 3121 5113 vulgatis,
3150 5045 3269 5098 loco
3295 5045 3476 5113 aliquo
3509 5045 3701 5116 insigni
3748 5045 3811 5097 de

2242 5137 2480 5192 S.Paulo
2508 5140 2759 5202 adducto,
2795 5138 3129 5192 concludunt
3159 5152 3283 5191 eum
3319 5138 3370 5189 iii
3397 5139 3575 5206 Cypro
3600 5146 3804 5207 passum

2238 5248 2393 5298 esse;
2426 5249 2610 5286 verum
2646 5247 2768 5284 eum
2802 5230 2855 5284 in
2908 5232 3019 5301 ipsa
3066 5231 3224 5285 Creta
3254 5245 3476 5299 passum
3511 5248 3632 5286 esse
3662 5231 3806 5284 nobis

2236 5324 2457 5379 omnino
2487 5323 2829 5378 manifestum
2863 5334 2964 5380 est.
2997 5324 3136 5379 Sunt
3162 5323 3304 5377 enim
3337 5326 3400 5377 ad
3434 5340 3655 5377 manum
3681 5324 3803 5374 Acta

2234 5416 2477 5485 ejusdem
2506 5414 2765 5485 Stephani
2797 5416 3058 5479 Junioris,
3091 5416 3498 5470 accuratissime
3520 5432 3549 5467 a
3580 5415 3799 5483 quodam

2235 5509 2513 5576 Stephano
2574 5510 2810 5562 Diaeono
2866 5509 3196 5579 conscripta.
3242 5509 3377 5561 Dum
3432 5508 3575 5561 hunc
3632 5508 3801 5574 itaque

2308 5716 2419 5775 (‘23)
2456 5713 2519 5766 Τ.
2556 5710 2595 5764 ll
2628 5710 2791 5764 Junii.
2830 5727 2881 5780 p.
2911 5728 2922 5762 ι
2958 5721 3013 5763 et
3041 5726 3194 5778 seqq.

2308 5785 2418 5851 (24)
2449 5781 2509 5834 Τ.
2546 5780 2586 5833 ll
2617 5780 2813 5845 Martii,
2851 5798 2898 5849 p.
2936 5780 3059 5850 609.
