3968 6448
112 382 249 446 1089

1203 388 1375 449 νιΤΑ
1414 386 1474 445 S.
1510 383 1842 446 ANDRE/E
1899 386 1979 445 IN
2035 387 2258 448 CRISI.

3236 389 3371 453 1090

103 509 418 552 narrantem
447 499 621 554 secuti
654 513 847 555 sumus
868 500 1005 570 (‘25),
1031 500 1499 571 deprehendimus
1520 500 1687 565 illico,
1719 508 1761 563 Α
1795 500 2171 571 persecutione
2201 518 2320 572 qua:
2366 501 2602 572 praefecti
2658 502 3003 574 imperatoris
3055 502 3289 559 diversis
3320 506 3372 557 in

104 592 189 645 vel
213 591 370 661 Cypri
395 606 595 645 nomen
628 592 886 647 mendose
922 593 975 647 in
997 595 1246 649 codicem
1271 593 1591 663 Lipomanni
1618 597 1689 647 ir-

104 687 344 753 repsisse
376 685 455 737 vel
482 687 658 753 ipsum
709 686 1064 756 interpretem
1108 686 1412 741 oscitantia:
1455 702 1689 756 arguen-

102 776 232 828 dttm
256 791 395 829 esse.
425 777 503 830 En
533 779 806 845 quomodo
833 794 895 832 ea
917 780 968 832 in
992 779 1049 833 S.
1093 777 1355 849 Stephani
1377 779 1688 849 antiquiore

106 868 227 920 Vita
263 880 555 922 narrentur
586 868 719 939 (26).
758 870 941 939 Itaque
976 870 1029 924 in
1081 873 1317 925 medium
1351 870 1551 940 prodiit
1578 874 1689 923 Att-

103 960 289 1014 tonius
323 977 387 1014 ex
437 960 595 1017 Creta
648 962 843 1027 insula,
867 962 957 1032 qui
1009 962 1076 1017 de
1111 964 1325 1018 victima
1356 962 1464 1017 Deo
1494 962 1688 1017 immo-

100 1051 207 1106 lata
252 1053 335 1105 his
364 1052 544 1107 verbis
572 1054 783 1107 locutus
810 1064 892 1107 est
926 1073 939 1108 :
969 1054 1255 1119 Quomodo
1287 1055 1405 1109 sine
1437 1054 1688 1124 lacrymis

100 1143 319 1213 egregia
350 1144 560 1198 abbatis
590 1144 724 1214 (quo
747 1147 1010 1200 vocabulo
1041 1162 1150 1200 non
1199 1146 1374 1201 solum
1409 1155 1684 1199 monaste-

102 1234 170 1287 rii
209 1236 630 1299 moderatorem,
657 1237 768 1290 sive
803 1237 1127 1307 ἡγούμενον,
1165 1239 1259 1291 sed
1285 1249 1475 1292 omnes
1499 1252 1685 1290 mona-

100 1327 237 1380 chos
270 1325 439 1380 Graeci
495 1327 636 1379 Illius
677 1330 939 1398 temporis
973 1331 1296 1399 plerumque
1346 1328 1683 1398 nuncupant)

101 1416 253 1471 Pauli
288 1419 584 1473 certamina
634 1419 689 1473 in
737 1430 972 1475 vestrum
1014 1433 1365 1492 conspectum
1398 1422 1681 1484 adducam,

101 1512 402 1564 venerandi
433 1508 661 1566 Patres?
704 1513 795 1567 Vir
826 1514 915 1567 ille
948 1529 1246 1584 generosus
1292 1530 1319 1567 a
1352 1513 1685 1581 'l‘he0phatte

99 1613 473 1671 cognomento
508 1602 832 1675 Lardotyro,
866 1605 1056 1659 insula:
1105 1606 1496 1673 archisatrapa,
1533 1619 1683 1657 com-

103 1696 436 1763 prehensus.
500 1696 553 1749 in
613 1698 928 1766 praetorium
987 1692 1217 1751 Hei-aelii
1269 1696 1685 1767 interrogandus

101 1787 378 1837 adductus
410 1797 512 1839 est.
540 1787 656 1840 lite.
694 1789 963 1843 Antonius
991 1790 1172 1857 igitur,
1212 1788 1339 1841 dum
1377 1789 1568 1841 insulae
1594 1802 1683 1840 ar-

1788 594 1921 649 locis
1956 594 2339 648 adhibuerant.
2379 594 2566 664 itaque
2606 595 2659 650 iit
2690 597 2927 650 medium
2969 595 3167 665 prodiit
3200 596 3369 651 Anto-

1787 687 1909 740 nius
1957 703 2023 740 ex
2075 687 2233 741 Creta
2299 686 2475 740 insula
2526 696 2633 741 etc.
2671 685 2813 755 (Cl'r.
2862 702 3030 756 supra
3073 703 3220 740 tmtn.
3262 688 3374 756 ll.)

1786 780 2017 834 Aliunde
2067 780 2312 834 inductio
2360 780 2449 834 illa
2498 780 2778 849 Cpolitana
2821 786 3035 847 quinta,
3075 795 3178 848 qua
3241 778 3369 833 novi

1788 870 2028 942 prazfecti
2062 870 2130 925 ad
2177 870 2484 940 provincias
2544 871 2694 924 missi
2752 882 2900 932 sunt,
2925 874 3175 925 currebat
3204 888 3231 923 a
3272 870 3373 925 Se-

1791 962 2031 1034 ptembri
2073 964 2199 1017 anni
2226 962 2347 1026 766,
2375 963 2441 1018 ad
2468 962 2842 1033 Septembrem
2875 964 2999 1017 anni
3031 962 3156 1027 767,
3192 974 3243 1017 et
3271 979 3379 1031 prae

1788 1066 1935 1112 terea
1966 1066 2175 1110 certum
2206 1064 2289 1109 est
2340 1053 2397 1111 S.
2448 1054 2792 1118 Stephanum
2828 1054 2929 1109 hoc
2958 1069 3102 1110 anno
3132 1055 3255 1119 767,
3288 1056 3375 1109 die

1787 1146 2283 1203 xxvniNovembris
2298 1157 2552 1218 martyrio
2567 1156 2886 1203 coronatum
2908 1146 3089 1200 inisse.
3115 1145 3252 1217 Ergo
3272 1146 3375 1199 sub

1788 1242 1902 1308 ipsa
1930 1239 2224 1294 indictione
2245 1240 2331 1294 illa
2353 1240 2562 1309 quinta.
2579 1249 2703 1293 ante
2725 1238 3098 1308 Septembrem
3121 1241 3247 1292 anni
3274 1238 3371 1291 767

1786 1332 2408 1402 contigeritmartyriutn
2438 1330 2495 1386 S.
2515 1333 2661 1385 Pauli
2690 1333 2743 1385 iti
2764 1331 3026 1391 Creta.de
3065 1347 3174 1399 quo
3205 1330 3378 1383 Anto-

1786 1424 1912 1478 nius
1967 1424 2055 1478 ille
2096 1424 2372 1479 Cretensis
2423 1434 2628 1479 narrat.
2659 1423 2795 1478 Cum
2832 1438 2959 1477 vero
2984 1420 3039 1475 S.
3073 1422 3273 1476 Paulus
3305 1421 3369 1475 ad

1786 1514 1930 1567 diem
1966 1530 2073 1567 ινιι
2091 1513 2263 1568 Martii
2293 1514 2345 1567 in
2365 1513 2675 1570 Graecorum
2701 1513 2853 1568 lastis
2878 1518 3204 1566 metueretur
3226 1512 3362 1580 (55)»

1786 1606 1923 1660 forte
1952 1622 2060 1659 non
2094 1606 2364 1660 immerito
2386 1607 2489 1660 hoc
2507 1606 2615 1665 die,
2647 1606 2946 1660 indictione
2976 1604 3188 1673 quinta,
3222 1618 3367 1659 anno

1786 1707 2181 1765 consequenter
2212 1694 2334 1761 767,
2356 1710 2479 1748 eum
2502 1710 2715 1763 passum
2735 1709 2855 1747 esse
2874 1694 3369 1761 pronuntiabimus.

1862 1785 1949 1839 15.
2003 1785 2135 1839 Cum
2191 1783 2247 1839 S.
2298 1785 2464 1839 Paulo
2507 1783 2573 1837 ad
2641 1782 2892 1836 eumdem
2974 1780 3118 1835 diem
3176 1782 3372 1837 colitur

106 1878 476 1946 chisatrapam
525 1889 933 1940 commemorat.
968 1894 1077 1932 non
1125 1879 1191 1933 de
1231 1878 1407 1949 Cypro
1432 1879 1687 1947 loquitur,
1723 1862 1762 1915 Β
1796 1878 1852 1930 S.
1900 1875 2308 1931 Theosterictus
2344 1876 2479 1945 (3-5),
2518 1874 2815 1929 monachus
2860 1873 3170 1926 monasterii
3218 1871 3376 1927 Pele-

106 1968 267 2035 cujus
294 1970 441 2022 nulla
476 1971 533 2022 tit
564 1970 771 2023 mentio
805 1969 858 2022 in
896 1972 976 2024 his
1013 1970 1163 2024 Actis
1187 1969 1243 2023 S.
1280 1970 1567 2039 Stephani,
1596 1972 1690 2023 sed

106 2056 173 2110 de
203 2056 389 2121 Creta,
423 2074 488 2111 ex
533 2073 637 2127 qua
683 2059 966 2123 oriundus,
1018 2060 1229 2128 Cpolim
1283 2058 1521 2114 advenit.
1556 2056 1690 2112 Cotti

104 2166 238 2203 vero
270 2166 337 2204 ex
367 2153 555 2204 iisdem
606 2154 757 2205 Actis
797 2152 1195 2221 antiquioribus
1228 2150 1286 2204 S.
1325 2150 1604 2219 Stephani.
1641 2160 1694 2203 et

106 2240 544 2311 Metaphrasttra,
575 2259 695 2310 qua
741 2242 1111 2311 Lipomannus
1143 2242 1329 2296 Latine
1363 2256 1515 2294 versa
1544 2240 1689 2293 exhi-

109 2332 220 2390 bet.
251 2347 306 2385 et
338 2336 540 2401 reliqua
579 2336 766 2387 omnia
811 2334 1194 2402 produxerim,
1230 2334 1445 2388 etiamsi
1493 2332 1696 2387 alicubi

105 2422 266 2490 Cypri
314 2439 513 2475 nomen
570 2426 835 2491 prodiret,
870 2441 933 2478 ex
971 2426 1121 2477 Actis
1170 2425 1574 2492 probatioribus
1610 2439 1693 2476 re-

107 2514 417 2581 spitendunt
453 2523 621 2567 esset.
655 2513 857 2567 Verum
888 2514 1053 2567 dubio
1102 2515 1278 2567 locum
1313 2516 1537 2567 omnino
1574 2514 1696 2565 nul-

108 2603 215 2658 lum
247 2606 528 2675 relinquit,
552 2606 699 2676 quod
725 2605 863 2659 libro
888 2606 1065 2674 primo
1094 2604 1161 2659 de
1198 2602 1556 2659 Thematibus
1580 2603 1692 2673 (i7)

110 2696 279 2749 refert
307 2698 706 2751 Constantinus
740 2694 1280 2769 i’orpltvrogenncta,
1306 2697 1545 2769 Cyprum
1587 2698 1695 2752 sci-

109 2788 251 2848 licet,
286 2788 355 2837 ab
397 2787 629 2843 Heraclii
682 2800 925 2859 tempore
961 2807 1130 2859 usqtte
1170 2793 1237 2846 ad
1286 2792 1546 2844 Basiliutn
1588 2790 1697 2843 Ma-

106 2878 396 2941 cedonem,
430 2894 458 2930 a
482 2879 771 2932 Saracenis
801 2879 970 2932 fuisse
995 2892 1339 2949 oecupatam,
1376 2881 1430 2934 itt
1462 2896 1692 2949 quorum

108 2979 459 3039 potestatem,
492 2982 799 3041 postquam.
822 2972 1018 3026 Basilio
1048 2976 1369 3042 imperante,
1404 2989 1501 3041 per
1520 2988 1694 3025 annos

109 3073 319 3130 septem
380 3062 613 3116 inissent
658 3063 890 3132 depulsi,
946 3063 1142 3117 iterum
1189 3063 1429 3116 devenit.
1468 3063 1539 3114 lix
1586 3077 1695 3131 quo

110 3156 463 3208 manifestum
494 3166 577 3209 est
605 3154 1010 3226 Copronymum
1044 3155 1222 3225 Cypro
1278 3169 1562 3223 nunquam
1596 3156 1695 3207 itit-

1794 1974 1948 2028 cetze,
1979 1966 2032 2018 in
2062 1967 2185 2019 Asia
2228 1967 2293 2018 ad
2350 1965 2756 2034 Hellespontcm
2794 1964 2882 2017 siti
2927 1964 3060 2032 (35,),
3093 1980 3196 2016 non
3224 1964 3369 2033 quod

1795 2073 1860 2111 eo
1892 2058 1980 2111 die
2013 2058 2213 2112 obierit
2271 2062 2419 2126 (nam
2465 2058 2835 2111 contessorem
2884 2072 3007 2109 eum
3039 2056 3228 2110 dicunt
3262 2055 3373 2111 Me-

1793 2168 1906 2205 naaa
1939 2152 2051 2219 (36)
2081 2166 2134 2206 et
2184 2154 2237 2206 in
2291 2168 2420 2217 pace
2477 2150 2795 2219 mortuum),
2839 2150 2933 2203 sed
2986 2149 3132 2218 quod
3181 2149 3371 2204 eodem

1795 2244 1913 2297 loco
1949 2244 2060 2313 (57)
2092 2243 2351 2296 Actorum
2384 2242 2440 2296 S.
2476 2242 2763 2310 Stephani,
2792 2250 2915 2309 post
2967 2240 3169 2293 dictum
3196 2239 3373 2292 Anto-

1796 2334 2313 2397 niumCretensem,
2347 2332 2761 2387 Theosterictus
2801 2331 3168 2384 narrationem
3210 2329 3371 2383 insti-

1798 2435 1930 2489 tuat,
1964 2428 2030 2480 de
2066 2427 2329 2479 tuartvrio
2375 2424 2593 2495 triginta
2650 2431 2772 2477 octo
2814 2420 3207 2476 monachorum
3260 2436 3378 2474 ino-

1795 2515 2019 2566 nasterii
2078 2513 2161 2565 sui
2215 2512 2321 2567 Hos
2380 2513 2543 2582 igitur
2595 2512 2726 2566 dicit
2778 2528 2806 2565 a
2859 2511 3375 2566 Lachanodraconte

1796 2602 2073 2673 praefecto,
2112 2605 2245 2657 feria
2293 2609 2482 2673 quinta
2519 2608 2571 2658 in
2598 2604 2764 2659 Camn
2802 2603 3036 2669 Domini,
3094 2604 3147 2656 in
3182 2618 3372 2657 mona-

1796 2696 1963 2749 sterio
2026 2711 2128 2751 suo
2198 2695 2461 2751 Peleceta:
2528 2697 2959 2765 comprehensos
3012 2710 3375 2763 esse,eoque

1796 2798 2026 2854 vastato,
2058 2789 2125 2843 ab
2157 2788 2346 2843 eodem
2397 2786 2913 2841 Lachattodraconte
2965 2801 3152 2840 versus
3189 2786 3372 2854 liplte-

1798 2899 1916 2938 sum
1941 2884 2225 2949 abductos,
2250 2882 2323 2938 ibi
2345 2886 2588 2952 martyrii
2615 2881 2843 2949 palmam
2864 2879 3184 2934 obtinuisse.
3209 2878 3377 2933 Porro

1800 2973 1944 3026 inter
1977 2974 2283 3042 praefectos,
2315 2988 2452 3042 quos
2482 2988 2635 3026 num.
2670 2973 2996 3042 priecet'lentt
3031 2988 3060 3023 a
3092 2970 3373 3039 Coprony-

1797 3077 1909 3125 mn,
1930 3062 2225 3116 indictione
2252 3064 2459 3131 quinta,
2487 3063 2539 3115 in
2570 3064 2879 3130 provincias
2908 3064 3100 3114 missos
3125 3076 3247 3114 esse
3287 3061 3373 3112 tli-

1800 3158 1998 3227 ximus,
2023 3154 2335 3208 nominatur
2365 3170 2395 3207 a
2421 3152 2752 3223 Theophane
2779 3154 2893 3223 ipse
2921 3152 3374 3207 Laehanodracon

111 3262 352 3313 perasse,
387 3264 568 3315 neque
615 3250 681 3300 ab
707 3250 946 3301 Antonio
972 3249 1063 3301 illo
1092 3264 1155 3301 ex
1194 3247 1376 3312 Creta,
1404 3251 1532 3301 dum
1562 3262 1692 3300 nar-
1727 3229 1769 3288 ί·
1804 3246 1909 3307 ille,
1940 3247 2027 3300 cui
2054 3248 2243 3301 thema
2271 3247 2413 3301 Asiae.
2442 3246 2665 3301 Minoris
2712 3248 2967 3300 traditum
3000 3248 3207 3308 scribit,
3245 3242 3377 3297 altas

110 3342 383 3392 rationem
414 3354 566 3392 suam
614 3340 863 3403 absolvit,
887 3340 954 3393 de
982 3340 1143 3408 Cypri
1174 3342 1431 3409 praelecto
1462 3338 1566 3391 dici
1597 3354 1694 3405 po-

112 3433 279 3487 tuisse
312 3430 429 3500 (28)
466 3453 478 3484 ;
511 3430 603 3487 Sic
655 3441 899 3487 sanctum
934 3433 1108 3487 \irttnt
1163 3431 1538 3486 holocaustum
1573 3432 1694 3501 igne

106 3525 293 3576 eth-cit
329 3539 565 3593 nequam
613 3526 943 3594 imperatore
993 3529 1360 3597 (Cnpronymo
1416 3526 1693 3593 nimirum)

106 3620 339 3684 nequior
366 3620 671 3687 praefectus,
700 3618 785 3671 ille
812 3634 1007 3687 nempe
1044 3618 1405 3685 Tht‘Ophaltes
1436 3619 1695 3687 Lardoty-

108 3726 223 3775 rus,
256 3711 325 3763 de
356 3726 465 3779 quo
488 3723 671 3777 stipiti.
701 3708 805 3762 Sed
838 3711 903 3763 de
933 3709 1092 3763 Creta
1121 3711 1305 3779 utique
1332 3720 1544 3779 poterat
1564 3710 1693 3774 diei,

105 3819 273 3871 quam
310 3803 451 3854 idem
491 3799 1011 3871 Porphyrogcntieta
1047 3802 1267 3855 nonnisi
1303 3803 1405 3856 sub
1435 3802 1695 3857 Michaele

109 3890 277 3943 Balbo
308 3904 338 3941 a
374 3889 665 3944 Saracenis
689 3903 903 3961 captant
930 3890 1162 3943 allirmat
1191 3890 1325 3959 (Q9).

180 3980 266 4035 ιε.
308 3979 544 4052 Tempus
597 3984 837 4053 martyrii
873 3997 937 4036 ex
986 3983 1341 4053 ’l'heophane,
1380 3998 1503 4036 cum
1545 3981 1697 4058 Actis

101 4074 160 4127 S.
197 4070 463 4145 Stephani
494 4074 689 4128 collato
724 4078 803 4128 sic
842 4076 1005 4129 statui
1042 4077 1241 4145 potest.
1284 4072 1475 4128 Narrat
1508 4076 1595 4129 ille
1628 4078 1695 4129 ad

103 4176 315 4218 annum
375 4167 563 4220 mutuli
620 4164 781 4229 6257,
837 4167 939 4218 sub
995 4166 1293 4219 indictione
1323 4176 1514 4233 quarta
1554 4166 1693 4235 (50),

103 4256 520 4327 Copronytnum
549 4260 806 4311 omnibus
832 4256 1063 4309 subditis
1086 4257 1459 4326 jutatncntuni
1489 4273 1695 4326 prisce-

104 4351 279 4419 pisse.
345 4365 410 4401 ne
482 4349 817 4419 imaginibus
877 4350 1285 4403 venerationem
1335 4350 1691 4416 exhibeiettt;

102 4459 255 4497 anno
287 4458 417 4496 vero
446 4454 717 4511 sequenti,
752 4445 1049 4497 indictione
1091 4444 1280 4512 quinta
1331 4443 1464 4512 (51),
1500 4443 1693 4511 prafe-

100 4542 226 4589 ctos
254 4535 314 4589 in
356 4537 665 4605 provincias
692 4552 787 4589 seu
829 4539 1065 4590 themata
1098 4537 1330 4599 misisse,
1354 4539 1446 4604 qui
1475 4540 1689 4589 easdem

102 4630 178 4682 ibi
206 4632 261 4681 in
280 4630 749 4698 monachos,qu;ts
782 4630 895 4696 ipse
922 4628 1100 4697 Cpoli,
1124 4628 1347 4682 ederent
1376 4629 1688 4696 tragwdias.

98 4723 275 4776 Porro
309 4724 584 4785 monachi,
616 4727 705 4790 qui
743 4738 886 4775 anno
921 4721 1017 4774 767
1059 4736 1183 4775 cum
1222 4722 1278 4774 S.
1322 4722 1603 4790 Stephano
1636 4724 1689 4773 in

97 4827 328 4867 carcere
395 4813 633 4879 praetorii
670 4814 1047 4873 versabantur,
1082 4812 1148 4865 de
1186 4808 1507 4866 criidelitafe
1557 4827 1689 4879 prae-

99 4906 373 4959 fectorum
429 4907 481 4955 iii
538 4905 833 4972 provinciis
881 4905 1113 4974 plurima
1197 4913 1500 4958 memorant
1553 4902 1683 4972 (5‘2).

96 5000 241 5055 Cum
276 5008 457 5051 autem
512 4999 747 5065 quadam
784 4992 872 5050 die
908 5013 1013 5051 una
1044 5013 1167 5051 cum
1218 4997 1411 5049 vinctis
1440 4996 1559 5049 aliis
1592 4996 1687 5047 Pa-

100 5093 285 5146 tribus
341 5094 555 5145 sederet
599 5088 677 5142 vir
734 5100 975 5153 sanctus,
1026 5105 1210 5143 sermo
1263 5098 1439 5142 motus
1488 5099 1570 5143 est
1621 5088 1688 5143 de

171 5268 291 5339 (‘25)
326 5268 583 5333 Analecta
610 5267 813 5323 Graeca.
837 5267 1006 5333 l’aris,
1045 5266 1197 5331 l688,
1228 5283 1280 5337 p.
1312 5265 1433 5319 504.

170 5343 288 5409 (26)
324 5341 582 5391 Analecta
612 5339 820 5402 Graca,
859 5340 961 5391 loc.
996 5340 1088 5393 cit.

173 5408 291 5479 {27)
331 5410 472 5461 Edlt.
511 5408 714 5471 Betim,
744 5429 795 5479 p.
830 5410 917 5464 40.

172 5478 289 5551 \23)
324 5480 582 5551 Analecta
610 5478 817 5545 Graeca,
848 5500 900 5551 p.
931 5478 1051 5534 505.

173 5547 288 5617 tiu)
320 5547 400 5621 De
425 5560 629 5621 admtn.
660 5552 820 5618 Imp.,
848 5547 967 5621 cap.
997 5568 1125 5605 uti.

170 5621 282 5741 (130)
316 5620 671 5739 Ἰἱὶιιριψὴιιιιιδ
725 5620 1195 5693 Chronograpnia,
1258 5622 1457 5678 Bonum
1514 5624 1683 5691 1839,

210 5730 222 5741 .
258 5706 307 5741 n.
385 5694 463 5741 75.

101 5702 139 5744 ι.
182 5694 222 5747 Ι.
258 5706 307 5747 D.
340 5694 463 5742 575.

182 5706 222 5747 ι.
256 5706 307 5758 p.
340 5706 463 5742 tuo.

171 5762 285 5828 ti’il;
321 5762 481 5822 εἰκώ,
516 5779 570 5831 p.
611 5761 734 5815 03L

172 5834 284 5905 t3?)
322 5835 584 5887 Analecta
618 5834 819 5901 Graeca,
855 5848 907 5902 ιι.
943 5834 1063 5890 504.

1720 4579 1771 4639 D

1796 3338 1998 3390 dictum
2025 3338 2461 3392 Tliracesiorum.
2488 3340 2780 3407 Perperatn
2802 3340 3002 3407 itaque,
3040 3347 3095 3392 ut
3122 3339 3171 3391 id
3202 3338 3378 3393 obiter

1796 3438 1999 3487 ttotcm,
2036 3426 2246 3482 Ceartts
2279 3429 2364 3483 hic
2397 3430 2577 3483 thema
2606 3428 2997 3486 Thracensium
3044 3431 3377 3499 interpreta-

1800 3526 1886 3572 tus
1921 3532 2003 3572 cst
2042 3519 2191 3588 p78);
2222 3536 2347 3573 nam
2403 3520 2596 3574 horum
2648 3521 2828 3575 thema
2868 3522 2919 3573 in
2964 3518 3173 3590 Eumpa
3211 3523 3375 3577 situm

1797 3622 1934 3675 erat,
1963 3610 2379 3667 Thracesioruin
2412 3628 2540 3665 vero
2574 3614 3040 3682 complectebatur
3065 3617 3247 3668 Asiam
3275 3614 3378 3667 Mi-

1797 3718 2007 3755 norem.
2046 3704 2303 3771 Apprime
2343 3718 2404 3755 ca
2434 3703 2743 3772 distinguit,
2773 3702 2936 3755 simul
2976 3719 3165 3757 vocum
3197 3714 3374 3773 etyma

1800 3799 2038 3860 tradens,
2072 3797 2471 3852 Constantinus
2511 3795 3031 3867 Porpltyrogenneta
3068 3798 3121 3851 in
3161 3800 3379 3855 laudato

1795 3902 1961 3960 opere
2000 3888 2066 3941 de
2094 3883 2450 3942 Thematibus
2499 3890 2636 3957 (39).
2672 3889 2897 3943 Indittio
2930 3900 3112 3944 autem
3164 3893 3375 3960 quinta,

1792 3982 1905 4051 jam
1939 3980 2199 4045 indicata,
2243 3979 2559 4050 incipiebat,
2596 3991 2651 4036 ut
2698 3981 2958 4045 diximus,
2992 3998 3021 4035 a
3066 3984 3374 4052 Septembri

1798 4077 1923 4128 anni
1956 4077 2096 4141 766;
2130 4078 2224 4130 sed
2256 4091 2379 4130 cuin
2406 4075 2820 4129 Theosterictus
2851 4076 3241 4129 monasterium
3272 4076 3375 4130 Pe-

1797 4170 1979 4223 leceta:
2026 4184 2056 4221 a
2116 4168 2658 4231 Laelianodracontc,
2697 4170 2827 4220 l'eria
2883 4171 3070 4234 quinta
3108 4168 3159 4221 in
3208 4170 3374 4222 Cinna

1796 4260 2031 4323 Domini,
2069 4260 2317 4315 invasum
2365 4269 2571 4325 narret,
2616 4261 2907 4314 dicendum
2951 4262 3056 4313 erit
3109 4260 3161 4313 id
3197 4262 3377 4315 couti-

1795 4357 1938 4425 gisse
1961 4370 2105 4408 anno
2129 4354 2251 4420 767,
2280 4354 2369 4409 die
2412 4368 2498 4406 λνι
2532 4355 2754 4421 Aprilis,
2790 4352 3008 4421 quando
3040 4351 3242 4406 Pascha
3286 4353 3375 4408 die

1796 4462 1906 4499 iuit.
1943 4443 2258 4513 Martyrium
2290 4453 2470 4497 autem
2502 4444 2717 4513 triginta
2749 4452 2873 4497 octo
2893 4443 3163 4496 sociorum
3194 4442 3374 4497 Theo-

1798 4538 2026 4597 stericti,
2057 4537 2199 4603 quod
2242 4535 2294 4587 in
2350 4533 2549 4603 Ephesi
2595 4534 2839 4603 partibus
2873 4533 3116 4605 contigit,
3152 4535 3373 4605 alligen-

1798 4629 1925 4682 dttm
1959 4637 2042 4682 cst
2093 4627 2337 4696 profecto
2378 4630 2551 4680 eidem
2597 4642 2742 4680 anno
2785 4628 2905 4687 769,
2945 4626 3213 4696 siquidem
3247 4638 3374 4680 ante

1794 4721 1956 4775 linem
1988 4720 2309 4773 onembris
2342 4719 2485 4773 illius
2519 4721 2667 4781 anni,
2688 4718 2739 4772 S.
2770 4718 3048 4787 Stephano
3077 4719 3130 4772 in
3155 4733 3379 4773 carcere

1794 4822 2073 4865 narratum
2107 4811 2228 4864 l'uit.
2267 4809 2415 4863 Diem
2438 4810 2677 4877 martyrii
2708 4811 2970 4877 aSsignai-i
3001 4807 3138 4859 forte
3172 4806 3371 4874 poteri-

1794 4920 1916 4957 mus
1944 4908 1996 4957 in
2045 4903 2190 4959 hunc
2242 4904 2485 4959 modum.
2515 4904 2735 4956 Obtinet
2767 4902 2984 4971 quidem
3029 4900 3141 4954 haec
3178 4909 3374 4968 marty-

1794 5014 1912 5052 rum
1968 4998 2168 5054 cohors
2246 4998 2301 5049 in
2377 4996 2755 5066 MartyroIOgio
2813 4995 3060 5047 Romano
3118 4995 3261 5046 diem
3299 5006 3373 5048 Ml

1789 5090 2055 5155 Januarii,
2110 5089 2175 5142 ad
2224 5101 2383 5158 quem
2438 5091 2752 5142 deeessores
2806 5087 2972 5140 nostri
3020 5084 3087 5139 de
3135 5085 3200 5138 iis
3250 5098 3379 5161 βεεν

1859 5274 1973 5344 ('55)
2010 5272 2075 5344 Τ.
2115 5270 2155 5325 ll
2192 5269 2389 5334 Martii,
2423 5287 2473 5338 p.
2502 5270 2625 5325 609.

1862 5343 1973 5412 (at)
2012 5343 2146 5397 Ibid.

1864 5411 1976 5483 t35)
2014 5414 2077 5466 Τ.
2113 5414 2131 5468 l
2164 5411 2363 5483 April..
2396 5427 2450 5480 p.
2484 5411 2572 5465 '50.

1817 5477 1974 5567 “(36)
2003 5486 2103 5571 And“
2119 5477 2262 5537 diem
2297 5477 2409 5536 xwi
2439 5484 2640 5543 Martii,
2668 5480 2762 5536 Cir
2783 5481 2913 5535 Acta
2945 5477 3068 5545 SS.,
3102 5491 3140 5548 t,
3174 5478 3369 5533 llMar-

1792 5567 1975 5709 “'67)
2000 5557 2219 5693 (629mm
2265 5625 2499 5686 ratione,
2534 5623 2659 5678 vide
2696 5636 2881 5691 sopra,
2916 5636 2971 5675 ιι.
3012 5624 3042 5677 7
3083 5623 3371 5678 Commen-

1792 5709 1969 5833 lmii’iii)
2004 5763 2352 5833 Theophatt.,
2390 5764 2428 5815 I.
2458 5779 2535 5827 c.,
2570 5778 2623 5831 p.
2655 5761 2782 5816 681.

1863 5832 1971 5900 (59)
2008 5835 2123 5891 Lib.
2165 5832 2200 5903 i,
2235 5838 2401 5889 them.
2444 5852 2521 5902 ut,
2554 5848 2607 5889 et
2630 5835 2719 5889 lib.
2750 5850 2807 5900 ti,
2839 5835 3009 5888 tlient.
3042 5849 3081 5889 t.
