3968 6438
594 370 725 428 1091

1882 365 2163 424 MENSIS
2200 364 2568 427 OCTOBER.

3716 364 3847 429 1092

594 493 722 536 runt
757 484 889 552 (40),
929 486 1022 544 sed
1058 486 1106 539 hi
1141 486 1379 541 fatentur
1413 485 1549 539 sein
1588 484 1751 537 nullis
1785 483 1936 539 fastis
1961 485 2029 537 ad
2084 483 2168 537 di—
2198 492 2244 547 Α
2279 484 2581 553 πτάμενος)
2636 499 2732 554 pro
2767 483 2967 538 Christi
3016 482 3243 555 imagine
3301 498 3498 548 crcsus,
3531 484 3688 537 illum
3745 484 3847 537 Da-

592 585 743 629 Ctum
785 577 927 630 diem
977 581 1322 647 consignatos
1351 592 1444 631 eos
1477 577 1765 646 reperisse.
1812 575 2005 629 Postea
2040 590 2165 629 vero

591 668 810 722 eosdem
836 672 1026 723 obvios
1064 670 1375 724 habuerunt
1408 671 1459 721 in
1501 669 1899 738 pretiosissimo
1922 669 2165 737 Synaxa-

594 762 724 815 rista
774 760 1133 825 Chiﬂlctiano,
1173 763 1238 815 ad
1290 762 1430 814 diem
1479 776 1512 813 ιι
1560 760 1735 824 Junii;
1771 775 1891 812 nam
1944 760 2163 813 eosdem

590 868 730 916 esse,
770 869 836 906 ex
870 855 1179 907 narratione
1220 851 1577 905 Theostericti
1634 867 1758 903 cum
1830 853 2165 920 synaxarista

592 946 684 1000 illo
708 948 900 1000 collata
920 948 1003 1015 (Η
1020 950 1058 1013 ),
1079 947 1301 1000 cuilibet
1326 946 1670 998 manifestum
1705 943 1795 997 fiet
1819 984 1834 1008 ,
1856 960 2164 1012 quanquam

592 1038 998 1093 Hensehenimu
1035 1050 1280 1093 nostrum
1314 1038 1362 1091 id
1402 1049 1511 1091 tum
1546 1038 1730 1106 fugere
1767 1040 1964 1105 potuit.
1998 1036 2167 1089 Porro

591 1132 847 1184 laudatus
884 1132 1248 1200 synaxaristes
1299 1146 1404 1183 non
1455 1130 1627 1183 solum
1671 1130 1736 1182 ad
1772 1130 1913 1181 diem
1952 1144 1986 1181 ιι
2020 1122 2167 1181 Junii

586 1237 683 1276 eos
707 1223 905 1291 signat,
927 1223 1019 1275 sed
1051 1234 1306 1291 praeterea
1337 1223 1470 1273 satis
1499 1231 1687 1289 aperte
1714 1220 1953 1273 insinuat
1988 1221 2052 1273 iis
2078 1221 2167 1275 illo

586 1314 673 1367 die
714 1316 946 1383 palmam
981 1315 1221 1383 martyrii
1260 1313 1537 1381 obtigisse.
1573 1314 1643 1365 Ex
1681 1314 1876 1381 quibus
1899 1313 2170 1367 verisimi-

586 1406 712 1459 liter
742 1405 1063 1458 conficimus
1092 1406 1191 1456 hos
1217 1405 1536 1467 monachos,
1566 1420 1751 1457 mense
1780 1419 1900 1457 cum
1943 1405 2169 1457 dimidio

586 1506 873 1564 postquam
900 1497 1294 1549 monasterium
1335 1511 1493 1549 suum
1536 1494 1793 1549 Pelecetm
1822 1505 2086 1549 vastatum
2118 1506 2171 1550 et

586 1592 931 1641 combustum
999 1588 1272 1649 viderunt,
1332 1604 1499 1657 prope
1555 1589 1827 1656 Ephesum
1878 1589 2171 1643 suﬂocatos

588 1676 778 1737 fuisse,
822 1678 908 1730 die
940 1679 1151 1732 scilicet
1188 1695 1223 1731 ιι
1254 1678 1402 1732 Junii
1431 1680 1555 1731 anni
1587 1682 1705 1733 737.

662 1768 748 1821 Η.
788 1767 859 1822 De
897 1767 954 1821 8.
991 1771 1148 1823 Petro
1188 1771 1255 1823 de
1311 1771 1638 1830 Blachernis.
1683 1789 1844 1842 quem
1903 1789 2056 1827 num.
2107 1776 2163 1828 ll

2267 578 2487 631 cianum
2540 586 2595 630 et
2644 578 3116 646 praevaricatorem
3173 577 3342 630 libere
3379 577 3730 645 appellando,
3762 592 3848 629 su-

2266 669 2533 737 blatisque
2565 669 2629 721 ad
2658 668 2821 721 Deum
2858 668 3031 720 oculis
3062 668 3316 729 dicendo,
3338 666 3555 721 Gratias
3595 668 3691 720 tibi
3733 684 3846 737 ago,

2268 762 2512 825 Domine,
2558 763 2610 815 in
2667 762 2863 815 mediis
2901 762 3187 814 verberum
3243 762 3580 813 cruciatibus
3606 761 3845 829 exspira-

2266 855 2343 905 vit
2368 853 2502 919 (Η).
2530 854 2607 906 Ad
2652 854 2765 907 hzec
2795 854 3026 921 primum
3077 852 3417 906 advertimus
3444 868 3597 916 eum,
3626 852 3719 919 qui
3769 852 3846 903 hic

2268 944 2557 1007 Dacianus,
2602 946 2653 998 id
2711 956 2795 998 est
2852 956 3171 1014 persecutor
3218 946 3561 997 saevissimus
3597 946 3736 1008 (45),
3765 960 3850 1010 ap-

2268 1037 2521 1105 pellatur,
2554 1054 2581 1089 a
2612 1037 2976 1105 Metaphraste
3003 1039 3055 1089 in
3092 1038 3279 1090 eadem
3319 1038 3425 1088 vita
3452 1037 3601 1103 apud
3635 1037 3845 1089 Surium

2268 1130 2335 1183 ad
2364 1132 2505 1182 diem
2542 1144 2710 1184 xxvul
2746 1128 3010 1183 Novemb.
3039 1130 3315 1182 Juliauum
3368 1130 3700 1196 Apostatam
3730 1128 3846 1192 dici,

2268 1220 2413 1289 quod
2464 1219 2788 1289 Theophani
2851 1236 3076 1290 prorsus
3141 1236 3445 1273 consonum
3499 1229 3588 1273 est
3657 1226 3845 1289 (supra

2267 1327 2421 1366 num.
2458 1312 2566 1379 14).
2604 1312 2807 1366 Deinde
2835 1314 3038 1380 reliqua
3072 1312 3250 1365 omnia
3288 1328 3408 1379 qua:
3442 1311 3501 1364 S.
3545 1312 3847 1379 Stephanus

2272 1416 2457 1459 narrat
2484 1408 2549 1458 de
2586 1405 2751 1459 Petro
2786 1406 2839 1457 in
2877 1405 3192 1458 Blachernis
3226 1404 3463 1467 incluso,
3498 1405 3640 1455 nihil
3680 1404 3848 1457 diver-

2272 1512 2389 1550 sum
2452 1496 2655 1549 habent
2699 1508 2894 1565 praeter
2940 1498 3113 1551 solum
3165 1510 3389 1558 nomen,
3428 1498 3499 1547 ab
3534 1496 3601 1548 iis
3637 1512 3753 1563 qua:
3790 1497 3849 1549 de

2271 1588 2484 1641 Andrea
2514 1590 2565 1640 in
2598 1588 2912 1641 Blachernis
2945 1588 3189 1656 Calybila
3223 1587 3417 1640 scribit
3466 1586 3848 1655 Theophanes.

2274 1677 2541 1732 Praeterea
2579 1679 2624 1732 si
2658 1678 3041 1748 TheOphanes,
3080 1680 3170 1732 ubi
3222 1681 3287 1733 de
3323 1679 3485 1731 Petro
3519 1681 3709 1747 stylita
3735 1682 3851 1732 scri—

2274 1770 2356 1823 bit
2410 1772 2487 1839 (n.
2520 1772 2628 1839 l4),
2681 1788 2808 1825 vere
2860 1769 3077 1825 Petrum
3129 1771 3180 1822 in
3226 1770 3551 1825 Biat'hCl‘lliS
3593 1774 3848 1825 inclusum

584 1871 707 1928 post
739 1859 793 1911 8.
828 1860 1386 1915 PaulumCretensem
1414 1866 1715 1931 posuimus.
1746 1866 1975 1933 plurima
2004 1868 2164 1921 etiam
2202 1861 2240 1915 Β
2270 1864 2600 1931 designaret,
2652 1880 2773 1932 qme
2830 1864 2896 1916 de
2948 1864 3052 1915 isto
3094 1874 3406 1927 narrantur,
3442 1881 3571 1918 eum
3640 1867 3847 1918 historia

585 1966 652 2005 ex
680 1952 827 2006 Actis
864 1951 921 2005 S.
957 1952 1221 2023 Stephani
1256 1956 1627 2009 innotescunt.
1663 1955 2065 2025 Papebrochius
2099 1962 2163 2013 ad

584 2042 730 2097 diem
782 2060 866 2096 xvi
915 2044 1039 2097 Maii
1080 2047 1191 2113 (42)
1242 2062 1306 2098 ex
1360 2046 1573 2099 laudato
1618 2050 1949 2117 synaxarista
1995 2048 2093 2104 Ms.
2129 2065 2159 2104 ε

582 2134 856 2189 Chililetio
906 2146 1100 2190 nostro
1152 2148 1396 2205 accepto,
1440 2139 1505 2191 tle
1552 2141 1610 2193 S.
1671 2140 1833 2194 l‘etro
1882 2144 2166 2209 sequentia

598 2226 871 2296 depromit
910 2246 921 2280 :
966 2229 1025 2281 Ὀ
1076 2231 1132 2280 ἐν
1185 2230 1515 2301 Βλαχέρναις
1568 2234 1790 2303 Πέτρος,
1842 2234 2164 2304 βουνεύροις

583 2320 925 2385 τυπτόμενος
954 2320 1293 2385 τε).ειοῦται;
1340 2324 1389 2374 id
1438 2332 1559 2377 est:
1596 2324 1788 2377 Petrus
1821 2326 1873 2377 in
1912 2325 2165 2379 Blachcr-

585 2409 672 2462 nis
702 2410 978 2473 habitans,
1014 2413 1217 2464 taurcis
1240 2427 1429 2474 caesus,
1452 2416 1769 2482 martyrium
1803 2426 2164 2469 consummat.

587 2498 753 2553 Recte
802 2501 1207 2571 Papebrochius
1260 2503 1482 2572 conjicit
1518 2504 1604 2557 hic
1651 2508 1733 2575 agi
1786 2506 1854 2559 de
1904 2507 2167 2562 alterutro

585 2592 817 2645 duorum
852 2607 1173 2664 martyrum,
1210 2611 1349 2663 quos
1382 2597 1752 2665 Theophanes
1780 2600 1845 2653 ad
1877 2616 2079 2653 annum
2098 2602 2161 2656 21

584 2692 639 2737 et
667 2683 735 2735 ‘27
772 2686 1096 2757 Cupronymi
1136 2687 1304 2741 refert
1335 2705 1351 2753 ;
1403 2704 1471 2741 en
1520 2689 1682 2757 hujus
1728 2692 1970 2745 historici
2000 2693 2165 2746 verba

590 2774 781 2828 Latine
818 2792 967 2829 versa
1000 2778 1107 2846 (45)
1143 2796 1153 2829 :
1180 2778 1379 2831 Eodem
1408 2779 1566 2832 etiam
1595 2796 1736 2834 anno
1759 2783 1967 2847 (mundi
1998 2782 2157 2843 6255,

584 2866 927 2923 Constantini
964 2869 1055 2936 21)
1090 2869 1485 2925 Constantinus
1545 2882 1861 2938 persecutor
1896 2876 2167 2927 Andream

585 2960 947 3012 venerabilem
987 2960 1339 3021 monachum,
1373 2960 1677 3029 Calyhitam
1708 2964 1933 3025 dictum,
1962 2966 2027 3019 ad
2052 2965 2170 3019 Bla-

587 3048 823 3099 chcrnas
857 3048 1219 3110 habitantem.
1249 3051 1301 3101 in
1350 3050 1535 3103 Sancti
1584 3052 1868 3108 Mamantis
1896 3056 2043 3109 circo
2075 3057 2170 3110 fla-

586 3140 739 3209 gellis
786 3140 1087 3202 interfecit,
1116 3142 1262 3210 quod
1308 3143 1426 3212 ejus
1458 3143 1814 3212 impietatem,
1846 3162 1910 3199 eo
1948 3147 2169 3202 Valente

2274 1954 2329 2008 8.
2366 1956 2626 2024 Stephani
2663 1957 2914 2023 componi
2952 1971 3059 2007 non
3091 1965 3333 2024 possent.
3370 1956 3614 2010 Sanctus
3639 1958 3851 2025 Stepha-

2270 2063 2373 2100 nus
2397 2048 2565 2109 euim,
2605 2059 2663 2100 ut
2709 2064 2806 2101 suo
2837 2048 2956 2100 loco
3009 2048 3383 2115 probabimus,
3421 2065 3449 2100 a
3497 2064 3691 2103 mense
3723 2049 3851 2103 Νυι.

2270 2137 2374 2191 763
2405 2154 2573 2203 usque
2600 2139 2665 2191 ad
2698 2139 2857 2190 finem
2890 2141 3016 2191 anni
3056 2138 3157 2191 766
3190 2139 3241 2191 in
3284 2140 3479 2193 exsilio
3517 2141 3643 2202 fuit,
3679 2153 3730 2193 et
3755 2143 3849 2193 cir-

2270 2232 2404 2285 citer
2427 2233 2491 2284 ah
2517 2233 2736 2285 ineunte
2765 2230 3030 2284 Januario
3070 2234 3168 2285 767
3198 2250 3321 2285 cum
3355 2234 3642 2301 praedictis
3676 2249 3850 2286 mona-

2267 2324 2387 2379 chis
2438 2325 2489 2377 in
2536 2339 2756 2378 carcere
2823 2323 3061 2375 Przetorii
3124 2324 3469 2377 versabatur.
3525 2324 3605 2377 Ex
3663 2327 3849 2394 quibus

2272 2415 2550 2483 probabile
2582 2416 2637 2466 fit
2666 2423 2794 2467 ante
2818 2413 2918 2466 765
2949 2412 3005 2465 8.
3034 2422 3325 2482 martyrem
3360 2414 3620 2477 Petrum,
3654 2416 3719 2467 de
3753 2430 3851 2482 quo

2275 2513 2482 2567 narrat,
2520 2504 2874 2568 occubuisse;
2908 2519 3028 2556 nam
3078 2506 3339 2572 alioquin,
3373 2508 3466 2572 qui
3515 2522 3634 2559 non
3667 2509 3847 2564 melius

2272 2598 2523 2651 monachi
2562 2597 2618 2651 8.
2664 2596 2967 2665 Stephano,
3001 2613 3159 2666 quam
3215 2598 3302 2650 hic
3351 2597 3481 2657 illis,
3535 2601 3846 2667 martyrium

2272 2691 2414 2743 istud
2449 2688 3038 2754 cnarrassent?Neque
3075 2690 3135 2738 S.
3164 2687 3407 2739 Andreas
3440 2687 3493 2737 in
3543 2686 3849 2740 Blachernis

2273 2796 2438 2849 prope
2474 2781 2682 2848 (Zpulim
2722 2779 3020 2837 habitabat,
3050 2788 3104 2829 ut
3129 2778 3495 2846 TheOphanes
3526 2780 3740 2841 scribit,
3765 2780 3846 2833 scd

2271 2887 2335 2925 ex
2368 2870 2526 2923 Creta
2558 2870 2858 2924 adveniens
2898 2868 2961 2921 ad
3010 2868 3338 2922 Blachernas
3372 2884 3432 2921 se
3472 2871 3728 2933 contulit,
3766 2870 3845 2927 ubi

2270 2964 2651 3033 Copronyinus
2684 2963 2735 3015 in
2770 2962 2966 3029 palatio
3016 2977 3115 3013 suo
3148 2960 3263 3012 Divi
3295 2959 3591 3014 Mimantis
3627 2960 3680 3013 in
3717 2977 3849 3014 mar-

2274 3065 2415 3125 tyres
2445 3055 2723 3115 smviehat,
2752 3053 3078 3121 quibuscum
3105 3052 3250 3103 illico
3284 3058 3471 3103 tentus
3493 3061 3602 3104 est.
3632 3052 3850 3105 Testan-

2276 3158 2362 3199 tur
2394 3146 2443 3198 id
2474 3146 2603 3199 Acta
2629 3154 2679 3197 et
2716 3142 3074 3212 Synaxarium
3110 3156 3274 3208 supra
3312 3141 3547 3194 relatum
3586 3152 3759 3211 (num.
3781 3143 3850 3213 5).

582 3232 803 3299 jnniore
848 3243 903 3286 et
948 3231 1166 3287 Juliano
1218 3235 1471 3300 voeitato,
1512 3237 1811 3305 arguisset;
1844 3238 1964 3305 ejus
1994 3251 2172 3292 autem
2201 3213 2241 3267 Ο
2279 3237 2386 3290 Nec
2430 3238 2591 3289 ctiam
2632 3247 2891 3306 tyrannus
2920 3234 3086 3299 jussit
3135 3248 3259 3285 eum
3298 3248 3471 3300 usque
3509 3238 3575 3285 ad
3631 3249 3848 3289 niurtrm

583 3336 783 3389 corpus
845 3324 897 3374 in
949 3322 1211 3377 ﬂuentum
1262 3327 1453 3395 projici
1511 3328 1773 3394 jusserat,
1808 3328 1903 3381 sed
1948 3329 2175 3385 Androm

582 3427 801 3467 sorores
835 3413 1011 3483 ipsum
1054 3415 1365 3479 efferentes,
1405 3416 1459 3469 in
1511 3417 1765 3472 Leucadii
1812 3422 2054 3489 emporio
2087 3438 2174 3475 se-

584 3506 818 3573 pultura:
851 3508 1200 3560 mandarunt.
1231 3508 1297 3560 Et
1325 3522 1477 3561 anno
1498 3513 1683 3563 mundi
1714 3510 1871 3575 6&59,
1906 3512 2174 3566 Constan-

588 3596 686 3649 tini
728 3596 817 3649 27.
888 3600 1140 3650 Ceterum
1194 3601 1259 3651 ab
1302 3601 1403 3652 hoc
1437 3610 1679 3667 tempore
1715 3602 1902 3668 majori
1955 3608 2172 3660 vesania

586 3690 639 3741 in
672 3700 890 3743 sanctas
927 3691 1017 3743 Dei
1050 3691 1322 3745 Ecclesias
1374 3691 1683 3759 ferebatur;
1719 3694 1868 3748 misit
1898 3696 2044 3750 enim
2081 3700 2171 3767 qui

582 3776 807 3833 Petrum
862 3783 1233 3833 venerabilem
1288 3784 1525 3852 stylitam
1560 3799 1589 3834 a
1627 3795 1779 3851 petra
1833 3790 2169 3854 exturbaret,

584 3886 821 3937 eumque
864 3872 1211 3941 dogmatibus
1244 3874 1357 3927 suis
1383 3885 1758 3945 repugantein,
1798 3880 1981 3935 vivum
2019 3883 2172 3951 pedi-

586 3960 689 4014 bus
718 3963 988 4025 vinctum,
1023 3979 1084 4016 ac
1128 3980 1225 4032 per
1263 3963 1469 4019 medias
1504 3967 1652 4019 urbis
1690 3969 1803 4021 vias
1832 3980 2168 4037 pertractum

588 4052 639 4105 in
670 4054 880 4124 Pelagia
917 4055 1107 4123 projlci
1158 4056 1342 4122 jussit,
1372 4057 1509 4109 alios
1543 4073 1671 4109 vero
1714 4059 2168 4125 saccisinclusos,

585 4143 822 4213 alligatis
857 4146 1106 4211 pedibus,
1142 4147 1194 4199 in
1227 4161 1375 4199 mare
1411 4147 1675 4218 demergi.

664 4237 751 4291 15.
816 4236 1176 4307 Synaxaristze
1220 4254 1322 4291 suo
1354 4238 1757 4308 Papebrochius
1785 4243 2009 4298 nimium
2038 4246 2171 4299 diffi-

585 4328 683 4391 dit,
734 4331 863 4383 dutn
923 4330 1224 4383 arbitratur
1268 4346 1390 4383 eum
1440 4330 1549 4385 duo
1587 4333 1745 4385 allata
1798 4339 2051 4405 martyria
2113 4338 2165 4390 in

587 4435 756 4473 unum
792 4419 1096 4482 conﬂasse;
1143 4423 1256 4491 ipse
1306 4423 1451 4475 enim
1486 4422 1851 4493 TheOphanes
1882 4428 1968 4480 hic
2000 4443 2166 4481 unum

2280 3328 2458 3397 ﬂagris
2486 3329 2642 3389 caedi,
2679 3336 2735 3380 ut
2767 3327 2962 3379 iterum
2998 3323 3366 3393 Theophanes
3413 3326 3628 3387 scribit,
3657 3338 3709 3381 et
3735 3330 3849 3381 dein

2280 3422 2331 3475 in
2366 3422 2627 3475 fluentum
2665 3420 2880 3487 projici,
2916 3418 3009 3472 sed
3047 3419 3340 3472 crudeliter
3372 3422 3576 3487 raptari
3608 3423 3848 3489 perviam

2276 3514 2581 3582 publicam;
2614 3526 2716 3563 nec
2742 3511 2894 3578 (Ipoli
2931 3524 3147 3561 sorores
3174 3524 3298 3560 suas
3334 3510 3538 3561 habere
3574 3512 3847 3579 potuitqui

2276 3606 2327 3657 in
2360 3602 2519 3657 Creta
2550 3603 2905 3656 monasticam
2938 3604 3101 3653 vitam
3130 3601 3356 3668 degens,
3399 3600 3530 3653 illuc
3561 3608 3849 3653 advenerat

2276 3707 2335 3749 ut
2362 3698 2564 3748 cultum
2592 3695 2694 3748 SS.
2721 3695 3017 3762 imaginum
3048 3708 3233 3747 coram
3260 3703 3494 3761 tyranno
3518 3694 3850 3754 defenderet;

2275 3801 2457 3853 neque
2482 3786 2699 3840 demum
2731 3785 2783 3837 in
2833 3784 3079 3852 emporio
3111 3782 3364 3835 Leucadii
3409 3783 3475 3835 ad
3516 3783 3672 3835 littus
3710 3784 3851 3834 Asia-

2277 3879 2441 3931 ticum
2472 3876 2717 3945 Bospori,
2750 3875 2993 3928 honestze
3028 3874 3323 3941 sepulturae
3370 3874 3622 3925 mandari
3662 3875 3846 3942 potuit,

2274 3984 2432 4038 quem
2488 3970 2540 4022 in
2586 3971 2697 4036 ipsa
2739 3969 2893 4028 urbe,
2931 3968 3057 4018 dum
3098 3970 3427 4030 raptaretur,
3461 3968 3846 4032 exspirantem,

2277 4066 2329 4113 in
2362 4063 2539 4114 locum
2581 4058 3046 4118 sordidissimum,
3095 4056 3147 4108 in
3195 4054 3408 4123 Pelagia
3468 4056 3701 4119 scilicet,
3734 4073 3847 4111 eum

2275 4152 2538 4207 maleficis
2566 4153 2866 4222 projccere,
2899 4164 3172 4219 quemque
3200 4148 3325 4201 dein
3358 4150 3455 4200 viri
3481 4151 3772 4205 orthodoxi
3804 4152 3849 4201 in

2274 4246 2391 4300 loco
2433 4257 2621 4298 sancto
2656 4244 2845 4306 Crisis,
2892 4244 3089 4296 iterum
3130 4241 3182 4294 in
3227 4241 3363 4293 urbe
3412 4240 3554 4307 ipsa,
3583 4245 3834 4310 deposue'

2274 4346 2421 4391 runt.
2471 4338 2600 4397 Quae
2642 4335 2853 4403 singula
2902 4350 3025 4389 cum
3074 4348 3142 4387 ex
3184 4335 3330 4386 Actis
3363 4330 3425 4385 S.
3460 4336 3693 4387 Andre:
3737 4335 3846 4388 luce

2275 4428 2505 4481 clariora
2540 4427 2677 4488 sint,
2699 4425 3053 4478 manifestum
3086 4432 3165 4477 est
3190 4423 3591 4491 Theophanem
3625 4441 3733 4477 non
3761 4426 3846 4489 ad:

596 4522 887 4581 martyrem
942 4526 1037 4579 pro
1082 4512 1256 4564 altero
1290 4514 1493 4581 posuit,
1531 4523 1589 4566 ut
1624 4516 1971 4570 manifestum
2018 4521 2073 4571 fit
2106 4534 2170 4572 ex
2205 4540 2245 4591 ι)
2273 4521 2457 4586 juncta
2485 4517 2721 4587 martyrii
2754 4517 3099 4579 immutasse,
3121 4515 3215 4571 sed
3257 4516 3371 4569 sola
3407 4517 3631 4570 nomina
3658 4527 3846 4585 marty-

587 4604 907 4657 narratione
935 4603 997 4657 S.
1028 4604 1294 4673 Stephani
1323 4604 1587 4668 Junioris,
1626 4622 1734 4675 qua
1768 4611 2061 4664 monachos
2089 4625 2171 4665 se-

589 4712 715 4752 cum
752 4698 805 4749 in
852 4712 1072 4751 carcere
1112 4699 1356 4751 Praetorii
1381 4715 1525 4752 anno
1556 4700 1658 4754 767
1691 4702 1945 4758 detentos
1982 4706 2045 4759 ad
2078 4721 2172 4775 pa-

594 4790 838 4843 tientiam
874 4790 1122 4842 hortatur
1156 4810 1168 4845 :
1201 4788 1433 4845 Sanctus
1466 4793 1586 4845 illos
1616 4793 1827 4855 l'atres,
1863 4796 2172 4865 inquit,qui

590 4884 733 4951 apud
788 4897 886 4934 nos
934 4882 1099 4933 vitam
1149 4883 1411 4950 martyrio
1464 4883 1839 4949 absolverunt,
1873 4886 2171 4940 imitemur.

592 4974 854 5027 Sanctum
885 4973 1037 5026 illum
1066 4973 1395 5026 monachum
1422 4972 1639 5028 Petrum
1664 4974 1811 5039 dico,
1835 4977 1885 5029 in
1919 4977 2172 5033 Blaeher-

591 5066 674 5119 nis
703 5066 971 5119 inclusum
1005 5065 1494 5134 (ἐγκεκλεισμένον
1539 5087 1549 5120 :
1599 5068 1888 5133 inclusum,
1923 5069 2125 5128 Gallice
2158 5090 2171 5127 :

592 5157 792 5217 reclus,
829 5172 937 5223 quo
990 5172 1155 5209 sensu
1210 5157 1650 5221 frequentissime
1710 5161 1823 5213 haec
1888 5179 1989 5215 vox
2047 5180 2173 5232 pro-

591 5249 707 5310 dit;
750 5262 1033 5317 perperam
1078 5247 1239 5317 igitur
1299 5248 1711 5317 Lipomannus:
1751 5248 2058 5306 Blachernis
2119 5256 2172 5308 in

595 5343 826 5395 vinculis
894 5341 1199 5409 conjectum
1271 5344 1359 5409 qui
1422 5352 1544 5398 ante
1616 5341 1969 5410 imperatoris
2048 5362 2176 5399 con-

596 5444 840 5503 spectum
876 5433 1225 5486 intolerandis
1278 5435 1437 5486 boum
1484 5434 1665 5485 nervis
1698 5433 2030 5504 (βουνεὺροις
2085 5456 2175 5491 1'.)-

669 5568 780 5637 (JO)
908 5565 927 5617 1
960 5566 1207 5637 Jannar.,
1244 5584 1295 5637 p.
1337 5567 1460 5621 7J7.

670 5634 781 5708 (41)
819 5634 932 5708 T._l
966 5635 1131 5699 Junii,
1164 5655 1213 5706 p.
1244 5634 1371 5691 ⁷168.
1407 5637 1518 5691 Cfr.
1558 5648 1595 5691 ι.
1625 5638 1641 5691 1
1675 5640 1930 5702 Januar.,
1962 5641 1997 5692 ι.
2039 5660 2086 5696 c.
2124 5652 2175 5703 et

596 5705 851 5763 Analecta
879 5705 1086 5767 Grteca,
1113 5705 1173 5772 ρ.
1198 5709 1319 5762 50:3.

671 5778 779 5842 (49.)
818 5776 879 5831 Τ.
922 5776 984 5830 ΙΙΙ
1024 5774 1164 5840 Mali,
1204 5794 1258 5847 7p.
1288 5780 1411 5833 6‘23.

2280 4625 2399 4663 rum
2434 4608 2859 4678 transposuisse.
2896 4609 3071 4676 Atque
3110 4609 3223 4660 haec
3257 4608 3477 4668 iterum,
3516 4623 3625 4661 non
3657 4609 3843 4664 dicant.

2276 4704 2686 4766 confirmantur,
2720 4702 2813 4755 se‘d
2866 4715 2990 4753 vere
3037 4687 3487 4752 demonstrantur:
3516 4712 3582 4750 ex
3634 4698 3697 4749 iis
3738 4712 3845 4763 qua!

2277 4797 2439 4848 habet
2463 4793 2826 4863 Menulogium
2861 4791 3043 4844 Basilii
3077 4792 3141 4842 ad
3170 4804 3337 4840 xxviii
3359 4788 3683 4842 Novemhris
3711 4798 3847 4858 post-

2276 4902 2437 4954 quam
2492 4888 2559 4939 de
2611 4887 2667 4938 S.
2722 4886 3002 4953 Stephano
3072 4882 3293 4936 Juniore
3343 4881 3474 4950 egit.
3513 4879 3771 4934 Similiter
3800 4887 3846 4932 et

2281 4978 2340 5033 8.
2388 4978 2634 5032 Andreas
2682 4979 2756 5046 (in
2793 4975 2955 5042 Crisi)
2991 4975 3227 5033 vinctus,
3270 4983 3648 5040 raptatusque,
3683 4985 3713 5022 e
3747 4967 3843 5020 vita

2276 5073 2529 5129 excessit.
2568 5071 2635 5123 At
2662 5079 2883 5123 sanctus
2930 5066 3123 5119 Petrus
3157 5066 3244 5134 (de
3295 5062 3635 5127 Blachernis)
3662 5061 3713 5113 in
3740 5076 3844 5113 car—

2277 5183 2457 5220 cerem
2499 5166 2650 5233 prius
2679 5162 2978 5229 eonjectus,
3007 5157 3203 5212 deinde
3248 5155 3498 5215 eductus,
3532 5153 3729 5206 tamdiu
3761 5151 3843 5203 lla-

2280 5259 2432 5328 gellis
2470 5256 2718 5317 caeditur,
2758 5254 2936 5307 donec
2987 5248 3237 5318 spiritum
3292 5246 3400 5298 Deo
3444 5247 3685 5299 tradidit.
3714 5245 3838 5298 Num

2278 5358 2457 5401 autem
2495 5346 2553 5400 S.
2580 5345 2825 5399 Andreas
2854 5341 3045 5411 Stylita
3084 5341 3187 5395 dici
3223 5336 3412 5406 possit.
3449 5337 3588 5391 infra
3622 5334 3840 5407 inquiri-

2281 5454 2417 5495 mus.
2451 5441 2522 5493 De
2550 5438 2807 5508 Calyhitte
2853 5452 2982 5490 vero
3030 5431 3358 5501 cognomine
3386 5446 3509 5483 cum
3542 5432 3690 5501 plura
3723 5439 3842 5477 con-

2350 5578 2459 5646 (Ιιό)
2490 5574 2838 5646 TheOphan.,
2872 5584 2911 5628 t.
2952 5572 2989 5631 I.
3012 5570 3240 5646 _p._667.

2349 5641 2459 5713 (4i)
2496 5641 2659 5699 AnalQ
2684 5645 2889 5705 Cratca,
2918 5659 2969 5711 p.
3008 5641 3132 5713 507.

2494 5715 2606 5770 Cfr.
2641 5726 2676 5769 t.
2712 5716 2753 5769 Il
2783 5714 2948 5776 Junii,
2978 5728 3031 5765 υ.
3071 5712 3194 5778 788,
3231 5729 3284 5763 n.
3312 5711 3366 5765 9.
