3968 6460
159 408 299 471 1093

1279 393 1448 455 VITA
1490 393 1549 453 S.
1592 392 1919 451 ANDBEAZ
1965 391 2043 450 lN
2083 392 2310 451 CRISI.

3278 394 3411 460 1094

150 519 383 589 gesserit
442 514 734 569 Bollandus
783 512 847 566 ad
898 512 1039 565 diem
1097 525 1160 562 sv
1209 507 1474 568 Januarii,
1519 504 1610 559 tibi
1666 506 1731 558 de
1770 535 1809 585 Α
1863 506 2071 565 Phoce.
2097 508 2179 563 cui
2215 522 2352 559 unus
2386 520 2556 559 annus
2582 508 2854 561 detractus
2882 520 2961 561 ρει
2990 509 3123 575 (19),
3158 513 3412 577 usquead

149 610 368 663 Joanne
406 607 668 676 Calybita,
696 606 826 657 satis
848 604 951 657 erit
982 604 1067 655 hic
1088 600 1287 653 dixisse
1324 598 1453 651 illud
1482 612 1511 650 a
1541 598 1731 651 vocula

154 688 417 769 Κοῖλύδη,
456 712 573 767 quae
622 708 703 749 ast
768 695 1040 765 tugurium
1091 690 1396 759 signiﬁcat,
1442 689 1732 743 deductum

154 793 357 855 fuisse,
389 793 461 845 ita
505 802 561 844 ut
596 788 868 856 Calybitcs
898 787 982 839 illc
1015 785 1084 839 sit
1115 783 1207 852 qui
1246 785 1300 836 in
1339 782 1552 853 tugurio
1586 780 1737 833 habi-

154 895 257 939 tat.
292 883 461 949 Quam
494 892 638 936 recte
694 896 821 934 vero
872 878 926 931 S.
974 877 1168 931 Petrus
1223 876 1325 928 hoc
1379 884 1738 944 cognomento

157 978 493 1047 insigniatur
525 991 686 1046 quem
726 974 780 1028 S.
811 972 1121 1040 Stephanus
1154 969 1388 1039 appellat
1430 969 1533 1021 Τὸν
1570 969 1735 1031 ὅσιον,

154 1070 253 1119 τὸν
318 1069 376 1119 tv
433 1067 765 1136 Β).αχέρναις
817 1061 1313 1130 ἐγκεκλεισμένον,
1373 1060 1514 1113 sicut
1564 1059 1737 1127 ipsum

157 1159 218 1211 S.
266 1158 604 1227 Stephanum
660 1154 1023 1223 Theophanes
1077 1153 1255 1207 dicit:
1288 1151 1378 1202 τὸν
1426 1149 1739 1217 ἓγκλειστον

156 1249 295 1303 ὄντα
322 1253 400 1312 εἰς
446 1251 539 1302 τὸν
571 1249 723 1314 ἆγισν
752 1246 1039 1310 Αὑξὲντιον
1064 1245 1087 1315 ·(
1114 1243 1255 1311 quod
1298 1256 1493 1295 nomen
1541 1241 1741 1294 montis

156 1349 291 1403 esti,
327 1353 486 1394 nemo
512 1356 617 1392 non
651 1339 799 1391 videt
837 1337 950 1404 (16)

239 1430 326 1482 16.
383 1429 489 1482 Sed
542 1427 812 1497 quomodo
856 1425 1217 1496 Theophanes
1261 1426 1313 1477 in
1366 1425 1505 1477 hanc
1543 1423 1733 1477 confu-

158 1525 376 1575 sionem
409 1520 669 1572 devenit?
717 1518 825 1571 Nos
871 1519 1028 1570 aliam
1082 1531 1302 1571 causam
1338 1529 1447 1569 non
1492 1514 1744 1568 novimus

160 1614 266 1666 nisi
304 1611 447 1679 quod
481 1621 611 1665 tunc
642 1609 958 1663 adolescens
986 1608 1147 1663 fuerit
1175 1606 1349 1668 valde,
1377 1616 1436 1659 ut
1471 1604 1584 1673 ipse
1618 1620 1745 1673 pro-

160 1704 243 1757 dit
276 1703 341 1755 ad
385 1702 448 1753 Λ.
479 1700 540 1752 C.
586 1699 689 1753 763
718 1699 843 1769 (ipsi
880 1714 1081 1751 annum
1122 1696 1305 1750 mundi
1339 1694 1500 1763 6255)
1530 1695 1656 1747 dum
1690 1693 1743 1744 in

161 1792 301 1846 mari
339 1792 509 1862 glacie
554 1790 851 1843 constricto
879 1804 999 1841 cum
1052 1788 1235 1856 pueris
1268 1801 1324 1839 se
1374 1785 1567 1839 lusisse
1598 1800 1745 1838 com-

1842 616 2041 651 annum
2099 598 2346 651 ultimum
2400 597 2755 670 Coprouymi,
2784 599 2873 653 ubi
2921 614 3070 652 error
3102 602 3416 668 praecedens

1839 705 1980 744 novo
2015 703 2201 744 errore
2234 690 2432 760 tegitur
2459 690 2599 757 (50),
2630 691 2712 744 vel
2745 705 2916 744 annos
2942 694 3124 744 mundi
3162 696 3242 745 vel
3273 692 3411 746 indi-

1837 781 2044 832 ctiones
2072 787 2333 847 perpetuo
2373 779 2703 845 claudicare,
2736 779 2985 849 idemque
3028 781 3093 837 dc
3124 781 3414 851 Theopha-

1838 868 1924 921 nis
1967 871 2346 924 emendationc
2396 872 2689 939 specialem
2734 873 3024 927 diatribam
3072 875 3240 931 edidit
3278 874 3413 944 (51).

1839 976 1901 1014 ex
1928 966 2031 1029 qua
2059 961 2446 1030 Theophanem
2480 979 2637 1017 suum
2665 964 2955 1033 plurimutn
2986 980 3181 1021 ornare
3212 967 3417 1021 doctis-

1841 1054 1961 1107 simi
1997 1054 2232 1108 editores
2256 1054 2574 1110 Bonnenses
2600 1056 2715 1126 (5'2)
2744 1059 3065 1126 potuissent.
3096 1056 3293 1111 Verum
3314 1057 3415 1111 hoc

1844 1147 1961 1200 loco
1998 1157 2179 1201 manet
2210 1149 2375 1201 altera
2408 1148 2496 1201 via
2520 1160 2773 1202 accurate
2805 1165 2984 1203 annos
3015 1152 3177 1204 modo
3206 1151 3414 1204 indica-

1842 1244 1926 1290 tos
1977 1238 2043 1290 ad
2102 1253 2262 1291 teram
2322 1239 2597 1307 vulgarem
2658 1241 2994 1307 reducendi;
3057 1242 3418 1313 'l‘he0phanes

1844 1329 1986 1381 enim
2027 1329 2092 1383 ad
2122 1345 2326 1384 annum
2362 1331 2521 1395 6259.,
2552 1332 2641 1400 qui
2677 1348 2877 1384 annum
2907 1336 3145 1404 martyrii
3182 1336 3325 1390 Petri
3349 1336 3417 1391 de

1846 1423 2164 1478 Blachernis
2222 1426 2534 1479 immediate
2568 1428 2863 1495 praecessit,
2897 1428 3147 1497 eclipsim
3178 1430 3414 1499 aliquam

1847 1516 1976 1569 solis
2007 1516 2419 1585 diligentissime
2452 1519 2736 1586 consignat
2761 1520 2844 1573 his
2882 1522 3081 1584 verbis,
3120 1536 3183 1574 ex
3215 1523 3420 1575 versio-

1849 1623 1916 1659 ne
1948 1606 2133 1661 Goari.
2194 1610 2506 1678 Apparente
2558 1609 2682 1663 solis
2719 1609 2935 1664 defectu
2964 1613 3167 1665 mensis
3192 1614 3416 1683 Augusti

1848 1700 1935 1754 die
1969 1700 2180 1754 decimo
2224 1703 2435 1770 quinto,
2484 1702 2613 1755 feria
2647 1714 2819 1767 sexta,
2852 1706 2983 1757 hora
3030 1705 3135 1757 diei
3185 1706 3415 1768 decima,

1852 1808 1996 1847 anno
2025 1794 2251 1863 proinde
2290 1793 2412 1858 760,
2456 1804 2513 1847 ut
2542 1808 2607 1847 ex
2633 1794 2829 1847 tabulis
2882 1795 3262 1850 astronomicis
3292 1810 3419 1850 con-

164 1894 457 1937 memorat.
515 1882 572 1934 In
634 1880 966 1933 monasterio
1021 1888 1270 1931 versatus
1317 1877 1427 1947 (47)
1474 1878 1661 1946 procul
1716 1894 1744 1932 a
1779 1897 1818 1951 Β
1848 1892 1953 1937 stat
1987 1884 2120 1953 (55).
2152 1882 2213 1937 Et
2244 1883 2369 1952 quia
2417 1899 2592 1938 annus
2625 1885 2809 1938 mundi
2838 1884 2976 1939 6255
3004 1884 3153 1954 Cpoli
3194 1886 3415 1963 incepit,

162 1974 342 2044 Cpoli,
378 1974 660 2041 diligenter
690 1970 931 2039 quidem,
970 1978 1027 2023 ut
1064 1971 1113 2021 in
1150 1984 1247 2022 suo
1280 1970 1543 2039 prommio
1580 1979 1746 2023 testa-

164 2075 255 2118 tur
292 2064 405 2128 (58)
439 2062 711 2117 volumina
749 2060 981 2129 plurima
1026 2061 1375 2125 examinavit,
1410 2062 1503 2115 sed
1546 2062 1614 2116 de
1658 2078 1743 2116 re-

161 2155 423 2209 centibus
452 2166 558 2203 non
592 2151 785 2214 multa,
821 2160 878 2204 ut
927 2150 1178 2212 arbitror,
1212 2164 1502 2220 congerere
1536 2149 1743 2219 potuit;

161 2251 418 2311 sequitur
466 2243 516 2294 in
553 2243 638 2297 his
684 2244 1003 2314 plerumque
1052 2241 1383 2295 Breviarium
1431 2241 1745 2310 Nicephori,

161 2335 256 2400 qui
286 2333 481 2387 Pbotio
530 2334 787 2402 probatus
834 2335 1063 2402 scriptor
1094 2333 1313 2397 dicitur,
1343 2333 1436 2387 sed
1484 2334 1526 2387 is
1573 2334 1746 2388 histo-

163 2427 327 2488 riam,
358 2442 467 2479 non
505 2427 997 2496 chronographiam
1052 2436 1147 2481 aut
1192 2427 1417 2480 annales
1447 2428 1744 2481 contexuit.

162 2517 362 2571 Causis
394 2526 575 2571 autem
604 2519 807 2571 erroris
849 2518 996 2571 illius
1020 2517 1366 2586 assignandis
1398 2519 1518 2573 ideo
1541 2520 1746 2573 diutius

164 2606 521 2670 inhaeremus,
572 2608 714 2677 quod
763 2609 816 2661 in
864 2609 1122 2677 martyrio
1171 2610 1227 2661 S.
1261 2608 1521 2678 Stephani
1564 2610 1747 2679 lapsus

167 2711 369 2755 Iterum
401 2700 691 2753 nonnullos
728 2698 1029 2764 admiserit,
1057 2707 1115 2752 ut
1150 2698 1213 2751 ad
1248 2714 1414 2752 xxviii
1446 2696 1579 2756 Nov.
1615 2698 1747 2754 ube-

166 2792 283 2845 rius
312 2793 548 2845 dicetur.
593 2791 731 2856 Quid
784 2792 947 2861 igitur
988 2790 1203 2852 mirum,
1236 2790 1363 2844 dum
1418 2790 1469 2843 in
1510 2789 1743 2854 Menais,

166 2884 224 2935 in
258 2881 577 2950 Menologiis
621 2883 940 2949 caeterisque
989 2882 1139 2935 fastis
1181 2880 1384 2935 Grazcis
1423 2882 1652 2935 Andrez
1686 2881 1747 2933 il-

165 2976 277 3027 lius
303 2972 559 3044 Calybitae
596 2972 924 3025 mentionem
952 2974 1405 3042 qualemcumque
1433 2972 1746 3043 diligentius

162 3068 601 3135 exquireremus,
635 3063 778 3117 nulla
812 3078 910 3117 nos
941 3080 1165 3133 usquam
1212 3066 1372 3132 hujus
1404 3066 1747 3134 cognominis

169 3158 401 3227 vestigia
434 3157 594 3210 obvia
641 3154 938 3209 habuisse?
966 3154 1437 3209 Commemoratur
1465 3167 1644 3209 tamen
1677 3158 1745 3209 ab

164 3249 422 3306 ouinibus
455 3250 509 3302 S.
541 3248 783 3303 Andreas
806 3248 1101 3301 monachus
1134 3248 1233 3301 sub
1256 3246 1604 3318 Copronymo
1626 3262 1745 3317 pas-

166 3353 264 3391 sus
293 3348 348 3391 et
379 3338 696 3406 plerumque
719 3340 877 3390 verba
912 3340 963 3389 in
985 3336 1125 3390 Crisi
1153 3349 1524 3406 apponuntur.
1548 3336 1745 3409 Depre-

169 3430 476 3481 henderant
502 3430 711 3481 scilicet
742 3426 911 3481 Graeci
941 3427 1200 3480 fastorum
1236 3430 1549 3495 scriptores,
1580 3446 1745 3498 quam

168 3522 504 3589 Theophane
536 3520 901 3573 afl‘erebantur
936 3536 1058 3574 cum
1085 3520 1299 3573 caeteris
1330 3521 1674 3587 testimoniis,
1700 3522 1744 3576 si

172 3615 357 3667 minus
391 3614 798 3673 historicorum,
823 3623 877 3666 at
917 3617 1063 3666 certe
1098 3613 1584 3681 hagiographorum
1614 3628 1745 3668 con-

172 3716 322 3761 stare
362 3722 469 3759 non
512 3721 692 3773 posse,
724 3717 778 3759 et
810 3706 934 3757 idco
965 3703 1295 3773 'l‘heriphane
1330 3703 1612 3764 derelicto,
1649 3703 1745 3774 Sy-

172 3798 393 3849 naxaria
426 3812 520 3848 sua
550 3797 728 3864 potius
759 3813 821 3849 ex
854 3796 1219 3863 illetaphraste
1249 3796 1435 3849 aliisve
1484 3798 1743 3849 Actorum

169 3885 558 3954 scriptoribus,
614 3894 670 3938 ut
724 3895 977 3938 ca’terum
1024 3884 1338 3952 plerumque
1390 3900 1743 3949 consuevere,

173 3978 496 4045 depromere
523 3976 853 4029 maluerunt.
888 3974 1059 4027 Latini
1093 3989 1122 4028 e
1147 3975 1422 4029 contrario
1454 3974 1744 4045 Theopha—

172 4082 299 4120 nem
327 4077 420 4119 aut
456 4069 575 4136 ejus
604 4066 956 4135 interpretem
984 4065 1203 4120 Paulum
1236 4065 1526 4119 Diaconum
1551 4066 1743 4128 secuti,

173 4156 301 4209 inde
333 4172 451 4226 qute
481 4171 509 4208 a
547 4158 724 4225 priore
760 4156 983 4210 confusa
1018 4154 1236 4209 fuerant
1274 4157 1637 4211 retinuerunt.

246 4269 333 4321 t7.
397 4266 464 4322 Ut
498 4276 678 4321 autem
726 4266 791 4319 ad
825 4266 997 4335 ipsum
1049 4282 1248 4321 annum
1289 4266 1568 4335 utriusque
1599 4282 1741 4319 mar-

175 4360 324 4429 tyrii,
361 4360 503 4412 Petri
538 4374 733 4427 nempe
766 4370 821 4413 et
850 4358 1097 4422 Andreae,
1129 4360 1237 4423 jam
1272 4358 1633 4429 indagandum
1660 4375 1747 4414 ac-

173 4452 455 4514 cedamus,
505 4450 583 4504 sic
638 4448 986 4519 TheOphanis
1047 4451 1205 4503 verba
1253 4466 1402 4503 num.
1466 4454 1531 4505 14
1579 4453 1741 4505 relata

1849 1990 1911 2028 ex
1966 1990 2114 2029 more
2145 1974 2479 2037 Graecorum,
2508 1990 2694 2029 mense
2729 1973 3037 2045 Septembri
3087 1977 3212 2029 anni
3258 1977 3420 2048 760

1849 2075 1908 2121 ut
1953 2082 2126 2136 usque
2171 2067 2236 2120 ad
2288 2067 2662 2137 Septembrem
2720 2069 2846 2121 anni
2914 2067 3007 2121 761
3066 2070 3416 2131 decurreret.

1848 2158 2043 2213 exinde
2092 2158 2369 2226 probabile
2419 2159 2476 2213 fit
2512 2160 2569 2213 S.
2616 2158 2834 2213 Petrum
2879 2160 2946 2214 de
2983 2158 3295 2217 Blachernis
3328 2179 3418 2218 occ

1848 2250 2019 2301 cisum
2058 2261 2178 2301 esse
2212 2248 2299 2301 die
2330 2264 2414 2300 ιιί
2451 2249 2569 2301 Maii
2598 2249 2725 2305 dicti
2769 2253 2897 2301 anni
2930 2250 3049 2303 761.
3078 2250 3223 2304 Diem
3266 2253 3415 2307 illum

1847 2342 1992 2394 enim
2060 2342 2298 2410 assignat
2372 2341 2785 2410 antiquissimus
2864 2342 3242 2411 Synaxaristes
3314 2342 3414 2398 Ms.

1847 2448 2006 2502 quem
2034 2430 2441 2501 Papebrochius
2470 2446 2500 2484 a
2536 2431 2806 2485 Chimetio
2869 2442 3055 2486 nostro
3105 2434 3153 2485 in
3194 2434 3422 2504 collegio

1851 2526 2161 2581 Divionensi
2197 2524 2609 2579 exscribendum
2640 2525 2869 2594 accepit.

1919 2621 2007 2673 18.
2046 2623 2235 2672 Annus
2268 2620 2507 2688 martyrii
2554 2622 2611 2673 δ.
2672 2621 2906 2675 Andreae
2961 2622 3013 2674 in
3056 2621 3191 2676 Crisi
3242 2622 3415 2689 dupli-

1848 2711 1984 2765 citer
2017 2710 2217 2778 inquiri
2280 2724 2344 2761 ac
2398 2708 2562 2763 statui
2616 2718 2815 2778 potest.
2856 2710 3067 2765 Primus
3116 2714 3307 2766 modus
3336 2723 3419 2767 est

1847 2803 1947 2858 iste
2002 2820 2015 2855 :
2081 2800 2383 2855 Memorant
2438 2799 2776 2869 Niccplwrus
2835 2802 2948 2871 (54)
3012 2812 3067 2857 et
3130 2804 3418 2873 Theopha-

1849 2912 1947 2950 nes
1978 2896 2090 2965 (55)
2126 2894 2299 2947 varias
2319 2892 2646 2963 Copronynii
2683 2895 3061 2962 expeditiones
3099 2896 3421 2965 plerumque

1848 2988 2031 3042 felices
2057 2988 2107 3040 in
2148 2986 2419 3053 Bulgaros,
2449 2995 2503 3039 at
2523 3001 2681 3055 quam
2704 2987 2998 3041 iudieiione
3025 2999 3214 3058 quarta
3238 3005 3424 3046 mense

1830 3079 2104 3134 Januario
2156 3080 2414 3147 suscepit,
2470 3094 2614 3130 anno
2647 3079 2903 3132 nimirum
2961 3080 3081 3144 766,
3114 3082 3305 3135 iisdem
3342 3088 3422 3135 te-

1851 3170 2023 3223 stibus
2074 3168 2443 3221 infelicissima
2496 3167 2632 3231 fuit;
2670 3183 2734 3221 ex
2782 3184 2885 3239 qua
2938 3184 3132 3239 nempe
3189 3171 3420 3241 turpiter

1850 3256 2201 3310 tnenseJulio
2239 3272 2490 3311 reversus
2516 3268 2618 3322 est,
2671 3273 2733 3311 ac
2765 3258 2947 3313 furore
2981 3262 3213 3329 quodam
3237 3278 3423 3317 corre-

1848 3358 1995 3416 ptus,
2029 3350 2247 3401 sentiae
2284 3348 2336 3399 in
2375 3350 2671 3402 monachos
2701 3365 2764 3403 ac
2789 3362 3097 3405 sanctarum
3124 3354 3421 3424 imaginum

1848 3440 2083 3494 cultores
2117 3440 2405 3508 tragazdias
2455 3441 2616 3493 cdere
2643 3442 2826 3510 cmpit.
2875 3442 3071 3496 Eadem
3128 3445 3424 3501 indictione

1843 3532 2210 3601 juramentum
2243 3531 2309 3584 ab
2340 3532 2596 3585 omnibus
2648 3534 2885 3586 subditis
2915 3536 3163 3603 exegisse
3199 3536 3418 3599 dicitur,

1847 3639 1953 3691 qtto
1986 3622 2393 3676 venerationem
2454 3621 2780 3690 imaginibus
2810 3622 2863 3675 in
2906 3634 3184 3691 posterum
3221 3641 3279 3679 se
3313 3640 3419 3679 non

1845 3712 2185 3766 cxhibituros
2229 3727 2347 3765 esse
2380 3714 2731 3779 Sponderent.
2773 3713 2940 3767 Porro
2961 3715 3073 3768 haec
3122 3717 3333 3787 singula
3368 3720 3419 3771 in

1847 3805 1996 3860 Actis
2027 3804 2229 3857 nostris
2265 3803 2508 3873 utrisque
2560 3804 2885 3873 reperimus.
2936 3805 3011 3859 lbi
3066 3807 3169 3860 sub
3204 3822 3351 3860 num.
3389 3812 3422 3863 8

1847 3901 1962 3966 ipse
2013 3896 2389 3965 Copronyinus
2438 3898 2571 3951 dicit
2622 3913 2680 3952 se
2743 3900 3023 3953 decretum
3077 3901 3267 3953 tulisse
3315 3917 3425 3970 quo

1848 3990 2119 4062 plectendi
2160 3998 2309 4054 sunt,
2343 3990 2655 4058 quicunque
2682 3991 2945 4060 imagines
2998 4003 3417 4048 venerarentur.

1849 4085 1982 4139 Dein
2012 4099 2166 4137 num.
2202 4083 2267 4137 10
2296 4083 2540 4152 arguitur
2568 4098 2596 4135 a
2627 4084 2683 4136 S.
2716 4085 2927 4136 Andrea
2960 4085 3103 4151 quod
3144 4084 3337 4138 bellum
3366 4086 3418 4138 in

1849 4178 2116 4231 Barbaros
2155 4177 2471 4244 ordinisque
2515 4176 2715 4244 politici
2764 4176 3287 4230 admini~trationem
3320 4192 3416 4231 ne-

1846 4268 2096 4341 glexerit,
2134 4283 2196 4321 ac
2235 4268 2527 4336 superbqu
2571 4268 2809 4319 animum
2863 4269 2913 4319 in
2960 4269 3294 4323 Ehristianos
3328 4271 3421 4323 dc-

1847 4372 2150 4415 tnonstrare
2211 4360 2481 4413 statuerit.
2533 4358 2798 4412 Praeterea
2836 4373 2987 4411 num.
3018 4356 3050 4411 6
3097 4367 3149 4412 et
3195 4358 3245 4422 7,
3291 4362 3418 4414 dum

1849 4454 1906 4507 S.
1944 4456 2184 4505 Andreas
2242 4454 2477 4519 primum
2535 4466 2714 4506 coram
2781 4450 3110 4517 imperatore
3145 4452 3416 4519 apparuit.

171 4549 569 4610 consequenter
599 4541 664 4593 ad
702 4540 844 4593 dicta
876 4540 1299 4609 interpretamur
1333 4558 1345 4593 :
1379 4542 1535 4595 Anno
1556 4541 1740 4595 mundi
1776 4569 1818 4625 η
1848 4543 2146 4611 permultos
2183 4544 2385 4596 invenit
2417 4544 2701 4611 qumstioni
2752 4542 3046 4611 subjectos.
3098 4543 3282 4597 nervis
3323 4544 3419 4597 bu-

171 4630 335 4692 6255.
368 4647 463 4685 seu
498 4632 558 4685 2|
595 4630 918 4700 Copronytni
977 4632 1204 4703 contigit
1253 4635 1590 4702 martyrium,
1634 4647 1743 4688 non

175 4735 234 4775 ut
266 4722 629 4791 Theophanes
674 4722 884 4787 scribit,
934 4724 1161 4774 Andreae
1210 4720 1467 4791 Calybita:
1521 4725 1572 4774 in
1622 4722 1741 4775 Bla-

171 4814 419 4875 chcrnis,
456 4815 549 4867 sed
585 4812 730 4867 Petri
762 4814 1017 4884 Calybitze
1044 4814 1094 4867 in
1131 4813 1481 4879 Blacheruis;
1516 4826 1568 4868 et
1598 4830 1740 4868 anno

172 4905 363 4958 mundi
401 4904 558 4968 6259,
596 4903 921 4973 (iopronymi
974 4915 1152 4958 autem
1182 4906 1273 4970 9.7,
1318 4906 1634 4975 martyrium
1687 4910 1739 4958 in

170 4997 496 5066 quibusdam
541 4996 735 5056 simile,
770 5003 860 5048 sed
890 4996 1157 5049 diversam
1215 5007 1442 5049 mortem
1479 5008 1532 5051 et
1562 4999 1742 5066 sepul—

175 5096 353 5145 turam
386 5102 578 5144 nactus
607 5102 692 5146 est
735 5093 792 5146 S.
822 5092 1087 5153 Andreas.
1120 5094 1207 5162 qui
1239 5109 1264 5145 a
1298 5092 1593 5160 sepulturae
1623 5095 1741 5148 loco

172 5185 349 5238 dictus
385 5192 467 5235 est
496 5183 546 5234 in
572 5184 730 5236 (li-isi.
767 5185 836 5237 De
863 5191 1020 5239 annis
1047 5202 1075 5237 a
1099 5185 1429 5252 'l'heophaue
1457 5186 1740 5255 assignatis

171 5277 491 5345 jamdudum
554 5275 926 5330 Hensrhemus
1001 5280 1306 5331 adverterat
1387 5277 1455 5331 ab
1512 5278 1741 5344 imperio

251 5408 360 5473 (16)
397 5407 965 5477 'l'heOph.t;hronogr.
1001 5407 1139 5461 Edit.
1169 5408 1362 5477 Bonn_.,
1398 5415 1435 5462 t.
1473 5407 1511 5473 l,
1538 5422 1591 5474 p.
1614 5406 1737 5461 67d.

253 5479 364 5545 αἳ)
401 5478 457 5529 In
489 5482 608 5549 ejus
635 5476 772 5540 Vita,
808 5490 845 5532 t.
883 5475 936 5532 11·
956 5478 1150 5545 Martii,
1178 5495 1228 5547 p.
1263 5475 1387 5533 9.90.
1426 5496 1479 5529 ιι.
1518 5479 1577 5530 14
1610 5487 1733 5549 etp.

174 5546 301 5603 2n.
340 5559 453 5599 Itut.
480 5546 531 5599 Κ.

248 5621 360 5686 (48)
388 5619 513 5670 Luc.
550 5621 670 5681 cit.,
703 5633 757 5686 p.
793 5619 844 5671 5.

252 5689 365 5759 ita;
396 5686 465 5759 _'l‘.
493 5686 559 5741 ιιι
591 5688 784 5751 Martii,
811 5704 866 5759 p.
899 5689 1016 5757 vni,
1052 5707 1106 5742 η.
1140 5690 1220 5742 n.

248 5756 359 5824 (60)
392 5757 552 5827 lbid.,
591 5774 644 5827 p.
684 5774 757 5822 is,
790 5756 958 5813 n.18.

241 5830 362 5892 (5i)
388 5826 551 5892 lbid.,
579 5826 628 5895 p.
664 5848 699 5884 t.

1847 4633 1992 4689 bulis
2012 4647 2203 4694 caesos,
2241 4633 2523 4684 oculorum
2566 4632 2855 4684 emissione
2885 4634 3173 4693 cruciatos,
3207 4635 3417 4701 aliaque

1846 4725 2041 4779 similia
2072 4738 2279 4792 passos,
2314 4738 2431 4791 qua:
2458 4738 2484 4773 ιι
2526 4722 2739 4775 duobus
2764 4722 3033 4791 praedictis
3064 4725 3419 4790 scriptoribus

1844 4826 1970 4869 ante
2014 4815 2368 4867 indictionem
2421 4824 2665 4880 quartam
2720 4829 2986 4881 nusquam
3044 4828 3413 4882 recensentur,

1844 4908 1937 4961 sed
1962 4922 2021 4959 ea
2045 4906 2339 4959 iudieiione
2363 4905 2551 4957 iisdem
2573 4918 2710 4973 pene
2761 4905 2942 4958 verbis
2970 4905 3240 4975 descripta
3265 4918 3412 4967 sunt.

1846 4998 1920 5050 uti
1952 5007 2005 5049 et
2035 4996 2292 5064 deinceps
2325 4996 2527 5064 pluries
2559 4995 2689 5064 (56).
2725 4996 2797 5047 Ex
2834 4996 2918 5047 his
2948 4996 3111 5063 igitur
3138 5009 3281 5050 recte
3302 5010 3413 5050 sta-

1846 5094 2046 5145 tuimus
2080 5100 2203 5143 ante
2266 5088 2619 5141 indictionem
2659 5087 2799 5139 illam
2832 5088 2905 5151 id,
2952 5100 3034 5141 est
3060 5099 3183 5142 ante
3212 5103 3415 5143 annum

1846 5184 1946 5237 766
1982 5184 2036 5238 S.
2067 5183 2295 5236 Andrea:
2327 5180 2638 5248 martyrium
2672 5194 2779 5231 non
2806 5180 3117 5249 contigisse.

1914 5276 2000 5330 l9.
2043 5276 2192 5328 Alter
2247 5274 2458 5337 modus,
2506 5290 2611 5340 quo
2656 5276 2891 5341 pressius
2927 5288 3127 5326 annum
3175 5274 3414 5344 martyrii

1913 5408 2024 5477 (59.)
2056 5406 2402 5474 Thwphanis
2430 5403 2869 5474 Chronographia
2889 5421 2949 5456 es
2986 5404 3303 5461 recensione
3324 5404 3409 5463 Jo.

1841 5480 2104 5533 Classeni.
2140 5477 2336 5530 Bonna:
2365 5478 2521 5529 1851).

1915 5549 2027 5615 (55)
2064 5551 2158 5600 Art
2187 5550 2251 5599 de
2284 5546 2440 5599 re’ril’.
2470 5550 2546 5599 les
2567 5546 2738 5608 dates,
2766 5546 2896 5599 édit.
2928 5546 3076 5606 I783.
3110 5556 3147 5600 ι.
3177 5545 3219 5608 l,
3245 5560 3294 5613 p.
3325 5544 3414 5600 66.

1915 5619 2025 5686 (54)
2065 5617 2121 5670 S.
2175 5617 2461 5686 chpbori
2524 5616 2669 5667 l’atr.
2712 5617 2866 5684 upol.
2919 5616 3254 5680 Breviarum,
3306 5623 3413 5670 etc.

1844 5690 1989 5746 fidit.
2020 5687 2217 5751 Bentt,
2241 5702 2293 5755 p.
2320 5688 2381 5739 77
2417 5695 2471 5738 et
2497 5701 2647 5754 seqq.

1912 5760 2025 5826 (551
2060 5758 2185 5810 Loc.
2224 5762 2341 5819 cit.,
2376 5766 2413 5808 ι.
2445 5755 2484 5815 Ι,
2515 5771 2569 5826 p.
2594 5755 2718 5826 691.

1916 5829 2027 5899 (515)
2061 5828 2406 5896 'l'ltetiphau..
2446 5837 2482 5879 t.
2510 5825 2547 5890 l,
2588 5842 2640 5895 p.
2676 5825 2777 5880 677
2814 5833 2868 5881 et
2907 5838 3058 5893 seqq.
