3968 6432
561 360 694 423 1095

1840 353 2119 413 MENSIS
2159 350 2524 412 OCTOBER.

3688 346 3816 411 1096

557 471 613 523 S.
652 467 881 522 Andreae
908 465 1341 522 determinamus
1375 465 1463 520 hic
1493 474 1577 518 est
1617 482 1629 517 :
1660 462 2025 533 TheOphanes
2067 459 2131 512 ad
2161 468 2207 526 Α
2236 456 2635 513 Grammaticus
2685 454 2905 518 Snidas,
2940 456 3158 511 tradunt
3211 456 3274 511 ad
3327 459 3519 514 Divum
3580 458 3815 514 Mamm-

557 577 756 616 annum
786 560 925 615 6259
952 576 1074 613 tera:
1105 557 1412 618 mundanze,
1445 566 1504 610 ut
1533 557 1735 610 dictum
1771 565 1854 610 ρει
1885 566 2037 606 num.
2071 553 2131 604 14

557 664 608 708 et
645 654 731 715 17,
770 654 1088 722 martyrium
1142 647 1197 703 S.
1247 649 1390 703 Petri
1433 650 1626 717 stylitre
1657 663 1782 700 cum
1827 645 1882 699 S.
1916 646 2131 699 Andrea

554 742 898 805 commutati,
932 748 1361 804 commemorat;
1396 739 1493 793 sed
1545 738 1610 791 ad
1638 738 1889 791 eumdem
1929 751 2131 789 annmu

555 836 715 889 etiam
752 832 1107 887 iudieiionem
1142 831 1403 901 signavit,
1444 828 1589 897 quod
1647 829 1778 881 satis
1818 827 2133 895 frequenter

554 928 772 995 quidem
798 926 949 989 facit,
979 940 1085 977 non
1126 934 1304 978 tamen
1356 922 1579 990 ubique.
1610 919 1839 985 Quando
1868 932 2048 971 autern
2084 916 2134 969 id

556 1018 704 1072 facit.
739 1017 931 1087 Pagius
956 1018 1153 1085 aliique
1187 1015 1490 1087 gravissimi
1544 1016 1841 1085 scriptores
1899 1024 2007 1062 non
2034 1009 2134 1061 du-

558 1109 733 1162 bitant
769 1108 1125 1161 indictionem
1160 1122 1269 1175 prae
1310 1121 1416 1160 ara
1444 1106 1786 1159 Antiocltena
1824 1098 2133 1163 admittere,

558 1217 661 1268 qua
698 1200 1067 1268 Theophanes
1105 1202 1293 1261 utitur,
1322 1200 1450 1253 licet
1497 1198 1820 1269 profiteatur
1862 1208 1918 1247 se
1971 1207 2132 1245 teratu

556 1289 681 1343 Julii
711 1287 948 1345 Africani
983 1290 1397 1360 adbiberets7).
1432 1289 1556 1342 Mihi
1586 1299 1764 1341 tamen
1796 1296 2134 1354 compertum

556 1393 640 1438 est
670 1398 831 1435 arram
857 1384 1145 1451 aliquoties
1177 1393 1320 1435 recte
1346 1381 1598 1452 proferri.
1637 1396 1755 1433 cum
1802 1391 2029 1432 erronea
2056 1375 2135 1428 in-

556 1475 819 1535 dictione,
858 1476 1092 1544 exempli
1126 1490 1290 1528 causa
1324 1477 1388 1528 ad
1417 1491 1509 1528 an.
1557 1473 1717 1535 6235,
1746 1482 1803 1525 ut
1830 1486 1891 1525 ex
1924 1469 2136 1537 adjecta

556 1568 779 1637 eclipsis
820 1568 1153 1623 iudicatione
1217 1569 1566 1623 manifestum
1615 1577 1717 1621 est.
1749 1566 1905 1619 l‘atct
1934 1563 2136 1617 nihilo-

558 1658 739 1711 minus
770 1665 916 1712 recte
952 1662 1152 1730 egisse,
1182 1662 1272 1726 qni
1308 1660 1634 1713 indictiones
1678 1656 1973 1711 universini
2001 1670 2137 1724 pra:-

558 1749 820 1801 tulerunt.
855 1750 936 1802 Ad
990 1750 1135 1803 hunc
1167 1751 1331 1819 igitur
1362 1766 1563 1801 annum
1601 1747 1741 1801 6259
1772 1746 2136 1813 Tthphanes

556 1839 912 1892 indictionem
982 1840 1158 1908 signat
1214 1843 1299 1892 his
1350 1839 1533 1892 verbis
1596 1837 1709 1906 (58)
1748 1853 1760 1890 :
1803 1836 1914 1889 Hoc
1971 1850 2137 1899 anno,

556 1930 763 1984 mensis
818 1929 1071 1984 Octobris
1119 1932 1205 1984 die
1252 1940 1428 1996 sexto,
1479 1930 1774 1985 indictione
1833 1940 1980 1983 sexta
2029 1938 2132 1981 etc.

556 2020 756 2076 Verum
792 2024 905 2077 hac
941 2024 1163 2076 indictio
1192 2038 1313 2078 cum
1349 2038 1492 2076 anno
1524 2023 1663 2076 6259
1698 2037 1819 2075 certe
1852 2020 2140 2073 mundana:

558 2130 667 2167 non
701 2116 1018 2177 concordat,
1054 2130 1175 2167 cum
1208 2131 1272 2168 ex
1308 2117 1490 2184 regula
1528 2113 1585 2166 S.
1618 2112 1833 2167 Maximi
1864 2112 2138 2182 (59),:2ra2

558 2207 809 2261 addenda
852 2209 922 2261 sit
959 2208 1160 2267 unitas,
1194 2209 1319 2261 dein
1352 2208 1619 2260 divisione
1646 2206 1892 2260 instituta
1927 2221 2023 2274 per
2048 2204 2135 2270 15,

556 2305 702 2368 quod
759 2298 1026 2367 reliquum
1082 2310 1186 2362 est,
1240 2300 1595 2353 indictionem
1658 2296 1870 2351 eﬂicere
1919 2296 2133 2349 debeat.

553 2388 724 2443 Porro
753 2392 852 2443 hac
876 2390 1134 2445 methodo
1166 2393 1251 2445 hic
1274 2405 1380 2443 non
1410 2407 1525 2452 sex,
1551 2391 1643 2443 sed
1663 2398 1900 2458 quinque
1930 2396 2137 2441 tantum

553 2483 887 2537 obtinemus.
928 2484 1291 2537 Nihilominus
1340 2484 1699 2538 indictionern
1748 2483 1836 2537 hic
1868 2493 2014 2537 recte
2044 2482 2139 2535 ad-

554 2572 744 2634 scribi,
777 2572 981 2639 duplici
1013 2572 1095 2625 tia
1134 2576 1400 2625 firmatur.
1436 2572 1640 2633 Primo,
1669 2571 1795 2641 quia
1847 2568 2138 2639 Theopha-

553 2675 653 2712 nes
708 2664 773 2713 ad
824 2677 1027 2714 annum
1088 2674 1455 2731 sequentem,
1515 2662 1816 2714 indictione
1866 2660 2132 2727 septima,

552 2752 745 2805 scribit
780 2753 917 2806 diem
952 2768 965 2805 ι
1002 2754 1205 2822 Aprilis
1242 2753 1409 2806 fuisse
1458 2754 1600 2805 diem
1632 2751 1849 2805 Sabbati
1891 2750 2037 2819 (60);
2071 2765 2137 2804 ex

551 2858 660 2912 quo
690 2846 1041 2899 manifestum
1094 2856 1217 2906 est.
1256 2844 1605 2900 indictiouem
1658 2846 1802 2899 illam
1847 2847 2135 2913 septimam

552 2945 699 2987 recte
733 2937 1003 2999 adscribi;
1039 2954 1167 3007 ergo
1209 2948 1261 2991 et
1284 2940 1348 2990 ad
1380 2938 1775 3003 praecedentem
1806 2948 1951 2990 recte
1984 2942 2137 2989 sexta

552 3025 823 3093 adscripta
856 3034 958 3079 est.
991 3026 1257 3080 Praeterea
1284 3028 1349 3079 ad
1379 3027 1517 3078 hanc
1542 3026 1898 3078 indictionem
1928 3034 2134 3079 sextam

552 3118 732 3185 signat
767 3115 1133 3185 Theophanes
1174 3132 1376 3170 annum
1404 3119 1643 3185 primum
1670 3116 1930 3186 Stephani
1957 3132 2131 3188 paptc;

551 3210 699 3277 atqui
740 3224 932 3278 reapse
968 3210 1285 3278 Stephanus
1316 3210 1403 3276 ΙΙΙ,
1444 3212 1546 3266 hac
1594 3211 1918 3275 indictione,
1950 3225 2136 3265 mense

546 3302 792 3369 Augusto
841 3304 1047 3354 electus
1097 3312 1181 3354 est
1220 3302 1355 3368 (lii).
1405 3304 1495 3353 Sic
1544 3304 1777 3354 stabilita
1840 3301 2139 3353 indictione

549 3406 654 3460 qua
683 3405 873 3459 passus
907 3403 989 3442 est
1020 3391 1076 3442 S.
1112 3392 1357 3443 Andreas
1412 3391 1464 3443 in
1505 3391 1642 3445 (ῥιὶεί
1694 3407 1791 3460 pro
1819 3408 1926 3460 QUO
1961 3391 2138 3447 Theo-

552 3484 759 3551 phanes
791 3481 1008 3534 Petrum
1046 3483 1109 3534 de
1156 3482 1470 3537 Blachernis
1501 3484 1657 3548 dixit,
1695 3484 1855 3538 faeile
1905 3486 2018 3555 ipse
2042 3500 2138 3539 an-

550 3588 655 3625 nus
709 3574 941 3625 eruitur.
990 3574 1203 3627 Etenim
1260 3576 1313 3625 ιιι
1371 3578 1517 3625 Actis
1590 3577 1790 3627 nostris
1842 3578 2135 3643 prioribus,

552 3668 871 3733 martyrium
922 3666 1214 3732 contigisse
1258 3664 1453 3716 dicitur
1499 3665 1583 3718 die
1646 3682 1709 3718 xx
1762 3666 2027 3731 Octobris,
2069 3684 2133 3721 ex

549 3769 665 3823 quo
697 3756 871 3823 palam
913 3753 968 3805 lit
1000 3755 1129 3807 illud
1167 3769 1310 3807 anno
1343 3756 1442 3808 767
1471 3757 1796 3824 alligendum
1826 3772 1965 3813 che.

619 3848 707 3901 ‘20.
768 3850 956 3898 Annus
989 3848 1227 3915 martyrii
1270 3848 1326 3899 S.
1368 3849 1593 3903 Andreae
1640 3849 1693 3901 in
1724 3850 1862 3905 L'risi
1907 3866 2014 3903 uno
2060 3860 2135 3903 le-

553 3954 687 3993 nore
718 3954 842 3992 cum
877 3938 969 3991 illo
1020 3954 1128 4007 quo
1158 3954 1351 4008 passus
1404 3950 1487 3993 est
1538 3942 1591 3995 S.
1654 3943 1853 3996 Petrus
1909 3944 1975 3995 de
2010 3942 2131 3996 Bla-

559 4030 801 4096 clicrnis,
837 4034 1260 4084 constituendus
1295 4032 1416 4095 fuit,
1452 4033 1572 4086 licet
1619 4033 1879 4086 nonnulla
1913 4035 1979 4087 de
2040 4019 2135 4103 p0:-

555 4124 787 4177 steriore
844 4133 1037 4173 sancto
1095 4123 1321 4176 dicenda
1372 4125 1666 4194 supersint.
1724 4126 1934 4196 Corpus
1990 4128 2129 4194 ejus,

556 4220 842 4283 postquam
881 4212 934 4264 in
969 4212 1118 4265 cit'co
1178 4213 1299 4267 Diri
1357 4214 1645 4270 Mamanlis
1687 4216 1865 4288 ﬂagris
1911 4218 2134 4271 interfe-

554 4316 675 4359 ctus
735 4315 837 4369 est,
890 4306 1285 4373 projiciendum
1348 4317 1464 4360 erat
1521 4312 1573 4360 in
1616 4308 1875 4363 ﬂuentum
1947 4316 2131 4381 (supra

559 4413 712 4449 num.
754 4396 819 4450 M
851 4401 1029 4465 seqq.)
1059 4398 1117 4450 ἐν
1150 4399 1225 4469 τῷ
1262 4400 1521 4467 ῥεύματι,
1560 4411 1617 4453 ιιι
1643 4402 1673 4454 Ἰ
1692 4403 2005 4471 heophanes
2055 4405 2131 4456 lo-

2237 557 2343 601 tem
2383 558 2600 617 pontem
2656 548 2822 602 fuisse
2876 548 3161 602 duodecim
3216 550 3515 603 fornicibus
3566 565 3816 606 Constan-

2239 648 2378 701 tem;
2418 640 2600 693 multa:
2634 640 2776 694 enim
2831 655 2983 707 aqua:
3024 656 3088 694 eo
3138 640 3468 695 deﬂuebant.
3525 642 3815 714 Theopha-

2237 746 2335 783 nes
2367 732 2552 800 igitur,
2588 749 2709 785 cum
2751 733 2819 786 de
2862 732 3067 786 ﬂuento
3116 734 3480 788 determinato
3542 739 3816 805 loquatur,

2238 832 2297 876 ut
2326 833 2472 891 patet
2499 839 2561 877 ex
2592 825 2803 893 adjecto
2838 827 3067 878 articulo
3113 826 3211 895 τῷ,
3248 827 3346 881 has
3388 844 3563 896 aquas
3614 836 3678 882 ad
3736 831 3818 884 Di-

2239 932 2366 969 vum
2397 915 2722 970 Mamantem
2757 918 3042 988 designat;
3080 919 3183 973 nisi
3239 920 3382 975 forte
3418 922 3609 975 sinum
3659 923 3821 977 Cera-

2242 1006 2441 1072 liuum,
2478 1010 2568 1076 qui
2596 1025 2660 1063 ex
2698 1009 2939 1078 BoSporo
2969 1027 3159 1066 versus
3204 1012 3565 1067 Occidentem
3612 1032 3669 1068 se
3704 1032 3822 1083 por-

2242 1099 2384 1169 rigit,
2422 1101 2655 1155 voluerit
2702 1102 3030 1171 significare.
3091 1103 3167 1156 lta
3204 1104 3540 1160 intellexisse
3596 1106 3819 1163 Coarius

2240 1192 2471 1257 videtur,
2524 1192 2616 1261 qui
2672 1194 2830 1247 vertit
2870 1192 3135 1247 ﬂuentum
3194 1196 3363 1249 maris
3424 1197 3583 1265 (63.):
3641 1216 3817 1252 verum

2241 1282 2420 1353 ῥεῦμα
2468 1282 2533 1336 de
2582 1282 2761 1336 ﬂuviis
2791 1299 3091 1353 eorumque
3117 1284 3317 1351 impetu
3364 1287 3590 1349 dicitur,
3622 1306 3726 1342 non
3759 1291 3819 1345 de

2241 1378 2365 1429 sinu
2396 1377 2595 1440 maris;
2652 1392 2830 1445 neque
2884 1378 3072 1441 etiam,
3111 1381 3156 1434 si
3208 1380 3350 1433 sinui
3410 1381 3676 1436 Ceratino
3726 1384 3821 1437 hoc

2241 1481 2441 1521 nomen
2481 1469 2623 1537 apud
2661 1468 2990 1538 Byzantinos
3046 1476 3343 1542 scriptores
3397 1476 3709 1544 obtigisset,
3772 1477 3820 1531 id

2239 1560 2497 1631 Gyllium,
2539 1562 2804 1631 Cangium
2852 1562 2987 1631 (64),
3044 1564 3289 1633 aliosque
3341 1566 3599 1637 fugisset.
3657 1567 3821 1621 Porro

2239 1651 2398 1706 dotet
2436 1650 2667 1721 Gyllitts,
2700 1652 2964 1721 templum
2994 1663 3047 1706 et
3077 1654 3286 1707 circum
3340 1654 3457 1708 Divi
3511 1657 3818 1721 Mamantis,

2245 1747 2319 1799 uti
2355 1756 2405 1801 et
2445 1748 2703 1815 palatium
2738 1748 2805 1801 ab
2837 1764 2903 1801 eo
2936 1749 3169 1810 dictum,
3222 1751 3324 1803 sita
3383 1750 3560 1804 fuisse
3601 1751 3657 1803 iu
3707 1751 3822 1803 Bla-

2245 1838 2491 1905 chernis,
2545 1850 2697 1892 extra
2764 1854 2950 1894 muros
3006 1841 3242 1895 civitatis
3306 1841 3444 1912 (65).
3514 1843 3823 1896 Blacberme

2243 1932 2389 1983 enim
2423 1930 2630 1982 audivit
2657 1931 2842 1983 omnis
2871 1931 3038 1999 regio,
3073 1947 3193 1999 qua:
3221 1931 3363 1984 inter
3394 1933 3662 2001 angulum
3691 1932 3821 2002 Cpo-

2244 2020 2310 2074 lis
2346 2020 2744 2074 occidentalem
2779 2030 2832 2073 et
2894 2022 3073 2073 sinum
3132 2021 3449 2075 Ceratinum
3506 2024 3821 2092 jacet,‘quo

2242 2114 2365 2166 sinu
2394 2113 2586 2166 civitas
2620 2127 2648 2165 a
2696 2112 3087 2181 Septentrione
3143 2112 3451 2179 clauditur;
3519 2116 3613 2169 hic
3668 2118 3818 2169 etiam

2242 2205 2512 2260 decimam
2564 2218 2813 2273 quartam
2869 2204 3051 2274 Cpolis
3118 2206 3394 2274 regionem
3462 2206 3638 2262 fuisse
3686 2208 3818 2261 idem

2242 2297 2446 2367 Gyllitts
2474 2298 2778 2354 constituit.
2821 2298 2895 2351 De
2921 2297 3055 2351 locis
3091 2297 3197 2351 illis
3229 2297 3381 2365 plura
3433 2300 3643 2353 videsis
3689 2301 3821 2368 apud

2242 2388 2678 2456 PapebrOchium
2716 2387 2783 2441 ad
2812 2389 2953 2440 diem
2983 2404 3071 2442 χγι
3104 2388 3224 2441 Maii
3276 2388 3387 2456 (66)
3452 2398 3510 2442 et
3573 2390 3629 2442 in
3695 2404 3821 2459 pra-

2243 2481 2392 2534 claro
2418 2494 2583 2548 opere
2617 2478 2806 2550 Cangii
2858 2482 3001 2549 quod
3042 2480 3226 2549 Cpolis
3269 2481 3588 2535 Christiana
3640 2482 3823 2536 inscri-

2244 2573 2389 2627 bitur
2417 2573 2555 2642 (67).

2306 2663 2395 2716 21.
2435 2663 2747 2730 Emporium
2803 2661 3077 2723 Leucadii,
3111 2661 3165 2712 in
3195 2674 3304 2729 quo
3360 2674 3590 2713 sorores
3639 2659 3698 2712 S.
3726 2658 3820 2713 Pe-

2245 2753 2310 2803 tri
2345 2752 2412 2803 de
2443 2746 2764 2802 Blachernis
2818 2749 2938 2816 ejus
2985 2764 3183 2818 corpus
3242 2749 3607 2817 sepelierunt,
3648 2750 3821 2804 diver-

2244 2859 2364 2897 sum
2398 2855 2504 2895 non
2530 2851 2614 2895 est
2646 2857 2674 2894 a
2709 2842 2827 2895 loco
2866 2857 3028 2911 quem
3066 2844 3354 2913 Dionysius
3391 2844 3730 2915 Byzantinus
3769 2846 3816 2896 in

2238 2934 2451 3003 Anaplo
2480 2932 2704 3003 Bospori
2744 2934 2863 3004 (68)
2901 2935 3191 3007 Lycadium
3249 2940 3696 3004 promontorium
3743 2939 3817 2989 di-

2240 3027 2331 3091 cit,
2359 3037 2587 3098 eratque
2622 3030 2675 3082 in
2705 3028 2887 3083 littore
2934 3028 3184 3083 orientali
3236 3027 3494 3096 Bospori,
3552 3044 3659 3081 non
3705 3046 3819 3097 pro-

2240 3121 2326 3174 cul
2362 3137 2391 3175 a
2421 3120 2743 3194 Clirysopoli
2775 3123 2962 3175 situm.
2992 3120 3218 3171 Constat
3251 3120 3302 3171 id
3336 3120 3539 3175 iterum
3565 3136 3629 3174 ex
3654 3120 3819 3174 Chro-

2245 3217 2385 3267 nicis
2425 3216 2711 3284 Symeonis
2753 3215 2989 3283 Magistri
3020 3212 3152 3283 (09),
3179 3210 3391 3283 Georgii
3421 3216 3678 3269 monachi
3703 3216 3813 3286 ~(70)

2245 3314 2300 3359 et
2333 3306 2729 3361 continuatoris
2762 3306 3013 3376 anonymi
3044 3304 3394 3375 Theophanis
3429 3308 3569 3375 (7i).
3624 3311 3817 3378 Empo-

2244 3398 2309 3451 rii
2344 3409 2524 3452 autem
2560 3399 2806 3463 nomine,
2839 3398 2979 3466 quod
3006 3399 3139 3451 locis
3164 3398 3227 3450 ad
3262 3413 3409 3451 mare
3445 3399 3567 3451 sitis
3602 3402 3817 3468 potissi—

2242 3505 2389 3543 mum
2422 3490 2587 3540 tribui
2628 3498 2814 3541 notum
2844 3498 2944 3551 est,
2976 3505 3085 3541 non
3115 3489 3409 3557 improprie
3468 3491 3559 3541 hic
3598 3491 3816 3559 insigni-

2250 3590 2360 3633 tur.
2404 3580 2574 3633 Porro
2604 3580 2752 3633 locus
2796 3580 2939 3633 idem
2973 3580 3213 3643 omnino,
3251 3581 3528 3647 siquidem
3563 3586 3629 3636 ad
3669 3600 3816 3637 cum-

2244 3670 2365 3723 dent
2401 3686 2602 3723 annum
2653 3669 2846 3722 similia
2885 3669 3085 3738 ubique
3124 3672 3190 3723 de
3240 3685 3305 3722 eo
3352 3676 3749 3735 tnetnOrantur,
3791 3692 3820 3727 a

2249 3760 2520 3831 Symeone
2548 3771 2602 3813 et
2632 3758 2845 3813 Joanne
2873 3758 3103 3829 Scylitza
3153 3759 3468 3817 Leucatium
3503 3767 3655 3819 audit
3690 3766 3818 3835 (τε).

2239 3868 2268 3906 a
2303 3854 2515 3906 caeteris
2540 3868 2673 3906 vero
2702 3852 2999 3915 Leucates;
3034 3838 3387 3922 quamobrem
3433 3857 3724 3912 manifeste
3752 3860 3817 3913 de

2241 3960 2308 3999 eo
2345 3948 2425 4015 agi
2460 3947 2699 4011 videtur,
2728 3946 2796 3999 ad
2838 3940 2977 3999 diem
3012 3962 3141 3999 xxttt
3171 3945 3319 4013 Julii,
3356 3949 3447 4003 ubi
3481 3951 3550 4003 de
3582 3951 3642 4006 S.
3670 3954 3819 4005 Anna

2238 4040 2298 4091 ὲν
2336 4038 2413 4106 τῷ
2448 4039 2704 4109 Acumen
2734 4038 2925 4090 Pinius
2975 4049 3160 4091 noster
3222 4041 3443 4095 disserit
3502 4046 3641 4115 (75).
3693 4046 3821 4100 Pro-

2247 4130 2578 4184 montorium
2622 4131 2767 4184 enim
2827 4130 3090 4184 Leucatas
3142 4130 3225 4182 \‘el
3285 4131 3591 4189 Leucactas
3653 4153 3817 4206 prope

2242 4225 2615 4279 Nicomediam
2648 4224 2702 4278 in
2736 4222 3009 4295 Bithynia,
3038 4232 3092 4278 ut
3116 4233 3309 4281 caetera
3337 4227 3577 4291 mittam,
3606 4233 3817 4302 longius

2247 4333 2275 4370 a
2306 4316 2457 4385 Cpoli
2488 4317 2738 4370 dissitum
2768 4310 2891 4381 fuit,
2920 4329 3081 4384 quam
3131 4325 3186 4369 ut
3226 4317 3353 4371 illuc
3411 4310 3470 4373 S.
3540 4322 3696 4377 Anna
3748 4326 3813 4377 ad

2242 4410 2627 4476 imperatorem
2664 4406 2924 4460 Basilium
2970 4409 3339 4472 Macedonem,
3386 4426 3417 4464 a
3458 4429 3571 4482 quo
3620 4418 3814 4470 dicitur

559 4490 767 4556 quitur,
798 4491 891 4541 sed
924 4490 1044 4555 ejus
1072 4504 1285 4543 sorores
1316 4492 1490 4559 ipsum
1540 4494 1851 4558 ellerenles,
1899 4495 1951 4548 in
1989 4495 2129 4548 Leu-
2164 4506 2206 4561 ι)
2242 4499 2294 4552 in
2334 4513 2589 4565 sponsam
2625 4499 2987 4567 expostulata,
3017 4514 3074 4553 se
3102 4500 3397 4557 conferret.
3428 4501 3601 4559 Nobis
3635 4518 3809 4562 autem

555 4584 725 4637 cadia:
760 4588 1005 4651 emporio
1036 4585 1327 4652 sepulturae
1366 4587 1720 4642 mandarunt.
1753 4586 1920 4651 Quale
1964 4589 2127 4643 fuerit

555 4677 706 4731 istud
760 4674 1052 4738 ﬂuentum,
1112 4678 1270 4731 facile
1320 4680 1589 4747 colligitur
1644 4696 1707 4731 ex
1754 4680 2125 4749 'l‘opographia

551 4769 837 4838 Cpolitana
892 4770 1036 4823 Petri
1073 4769 1256 4841 Gyllii,
1289 4774 1429 4840 apud
1462 4787 1619 4841 quem
1678 4772 1770 4826 lib.
1822 4789 1867 4824 ιι·
1919 4790 2037 4843 cap.
2072 4791 2121 4826 γι

560 4866 670 4915 haec
696 4863 947 4931 leguntur
980 4864 1089 4932 (6'2)
1130 4880 1142 4915 :
1182 4863 1297 4916 Non
1337 4864 1575 4916 historici
1632 4865 1809 4925 modo,
1846 4865 1937 4917 scd
1961 4865 2120 4918 etiam

624 5000 736 5067 (57)
776 5000 1050 5064 Petavius,
1086 5002 1156 5054 De
1191 5002 1435 5057 doctrina
1477 5010 1802 5070 temporum,
1833 5000 1909 5055 Ad
1939 5008 2125 5057 aucta-

552 5070 717 5128 rium,
751 5082 881 5130 etc.,
917 5072 1009 5123 lib.
1058 5088 1173 5133 \‘ltl,
1201 5090 1319 5141 cap.
1358 5092 1369 5126 l
1415 5083 1467 5125 et
1502 5090 1597 5135 tv,,
1647 5082 1684 5124 ι.
1732 5073 1813 5135 Ill,
1844 5089 1895 5139 p.
1944 5074 2040 5128 153
2075 5084 2125 5128 et

554 5141 638 5193 ‘15.
674 5142 814 5193 Edit.
849 5140 1144 5208 Andwerp.
1176 5140 1634 5209 (Amstelodant.).

623 5210 735 5281 (bis)
769 5210 1045 5277 Theoph.,
1072 5214 1175 5264 loc.
1206 5223 1323 5273 Ctt.,
1356 5229 1404 5281 p.
1435 5214 1556 5267 (581.

620 5277 734 5353 (iiii)
763 5280 1034 5353 Returns,
1074 5281 1176 5353 loc.
1212 5284 1328 5349 cit.,
1357 5277 1479 5350 cap.
1518 5301 1565 5342 ν,
1604 5301 1657 5353 p.
1704 5286 1825 5339 16!.

623 5347 736 5421 (fill)
768 5350 1047 5421 :fheoplt.,
1082 5352 1184 5406 loc.
1219 5347 1339 5415 cit.,
1372 5347 1436 5421 p.’
1462 5352 1585 5406 686.

624 5419 735 5490 (6i)
766 5418 1031 5472 Barunius
1053 5434 1105 5474 et
1137 5422 1349 5489 l’agius,
1374 5418 1441 5475 ad
1476 5440 1562 5476 an.
1592 5427 1716 5490 7.68,
1758 5440 1907 5481 num.
1943 5430 1987 5481 l.

551 5488 741 5611 uti?)
772 5490 1009 5544 Gronovi
1044 5488 1313 5561 Antiquit.
1341 5493 1537 5556 Graec,
1581 5508 1618 5550 ι.
1648 5488 1732 5561 Vl,
1772 5500 1875 5551 col.
1911 5500 2049 5553 5325
2079 5498 2147 5550 ρι’

624 5574 656 5610 o
701 5598 713 5611 .

624 5568 713 5613 ι’)υ.

627 5627 745 5704 (ρῦ)
774 5629 1006 5704 Τὴεορὶι
1041 5673 1053 5697 ,
1090 5633 1196 5689 loc.
1226 5636 1345 5701 cit.,
1371 5652 1426 5704 p.
1461 5636 1585 5692 667.

625 5701 733 5781 (ῥίς)
769 5702 881 5781 (_1lr.
922 5701 1468 5781 tantettﬁlossatium
1497 5708 1738 5764 Graecum
1768 5712 1827 5765 γυ
1862 5710 2057 5781 ῥεῦμα.

628 5772 737 5837 ιϋδ)
778 5772 834 5825 L.
868 5792 943 5839 c.,
975 5778 1077 5830 col.
1108 5778 1244 5831 5322
1275 5788 1326 5830 et
1359 5792 1508 5846 seqq.

2238 4607 2345 4646 non
2383 4592 2573 4646 inutile
2617 4591 2787 4644 visum
2815 4601 2918 4655 est,
2946 4592 3107 4646 situm
3140 4594 3377 4662 Emporii
3435 4597 3603 4659 illius,
3662 4603 3812 4672 cujus

2245 4688 2565 4753 frequenter
2596 4684 2871 4754 Byzantini
2898 4685 3192 4753 scriptores
3223 4686 3548 4754 meminere,
3596 4690 3683 4746 hic
3717 4709 3809 4747 ac-

2240 4785 2427 4828 curate
2465 4775 2763 4842 assignare.
2798 4774 3059 4828 Addimus
3101 4774 3294 4839 solum,
3330 4776 3383 4830 in
3435 4791 3699 4848 quantum
3745 4799 3807 4837 ex

2233 4867 2430 4937 Gyllio,
2463 4866 2670 4936 Cangio
2695 4876 2750 4918 et
2779 4867 2995 4919 erudito
3022 4868 3330 4937 geographo
3363 4870 3651 4928 Hammers
3675 4876 3803 4945 (74),

2304 5004 2413 5074 (66)
2446 5003 2509 5074 Τ.
2545 5002 2607 5056 ιιι
2640 5001 2784 5063 Maii,
2815 5018 2867 5074 τι.
2909 5001 3034 5057 625.

2300 5073 2416 5143 (67)
2452 5073 2683 5149 Libltv,
2720 5089 2772 5141 p.
2804 5073 2891 5137 83,
2930 5089 2986 5127 ιι.
3013 5073 3066 5136 6,
3096 5082 3149 5125 et
3196 5090 3249 5144 p.
3289 5076 3410 5143 l74,
3444 5094 3499 5132 n.
3540 5080 3609 5146 3;
3637 5080 3726 5137 lib.
3766 5101 3804 5149 ι,

2234 5144 2637 5285 ωςάδξ
2698 5208 2961 5278 Gronov.,
3009 5214 3115 5269 loc.
3164 5215 3284 5280 cit.,
3332 5216 3437 5271 col.
3490 5219 3626 5277 5201
3678 5224 3707 5279 d
3753 5239 3805 5281 ει

2234 5287 2372 5345 5⁸205
2405 5288 2459 5339 d.

2310 5360 2421 5425 (69)
2454 5354 2554 5409 Ed.
2588 5355 2787 5418 Bonn.,
2813 5370 2867 5425 p.
2893 5354 3016 5408 721.

2306 5430 2416 5495 (70)
2453 5426 2550 5479 Ed.
2575 5428 2767 5489 Bonn.,
2802 5443 2855 5496 p.
2893 5426 3017 5479 877.

2304 5500 2415 5567 (71)
2458 5497 2555 5556 Ed.
2586 5499 2785 5559 Bonn.,
2818 5514 2869 5566 p.
2903 5496 3032 5549 584.

2310 5570 2421 5645 (72)
2452 5568 2692 5637 Cangius
2722 5570 2772 5620 in
2808 5568 2951 5620 notis
2980 5568 3045 5619 ad
3080 5569 3275 5629 Zonar.
3324 5575 3428 5630 Ed.
3454 5576 3624 5631 Paris.
3660 5589 3693 5631 t.
3732 5580 3797 5645 ll,

2238 5661 2289 5714 p.
2321 5641 2407 5696 98.

2309 5714 2423 5781 (75)
2446 5710 2507 5763 T.
2545 5710 2583 5764 V
2610 5708 2760 5770 Julii,
2789 5723 2839 5775 p.
2869 5710 2991 5764 486.

2307 5786 2417 5852 ﬁt)
2460 5782 2762 5846 Hammers,
2786 5781 2990 5849 tlpolis.
3022 5783 3202 5840 Pesth.
3248 5788 3399 5852 l822,
3435 5805 3485 5859 p.
3517 5793 3639 5849 298.
