3968 6452
167 374 181 438 1
198 373 303 435 097

1257 364 1429 424 VITA
1473 363 1532 422 S.
1565 363 1894 424 ANDREE
1931 364 2008 422 ΙΝ
2050 363 2275 422 CRISI.

3267 364 3403 429 1098

158 499 278 536 rem
315 483 529 550 assequi
571 480 870 550 potuimus,
902 477 1278 533 collocandum
1340 479 1468 532 illud
1517 494 1637 536 esse
1681 479 1733 532 in
1763 485 1808 539 Α
1835 479 1983 545 Julii,
2018 496 2184 542 anno,
2223 489 2281 535 ut
2320 479 2554 542 videtur,
2585 475 2706 532 77l.
2745 478 2964 548 Reliqua
3013 495 3132 548 qua
3169 481 3236 536 ad
3279 495 3402 537 eum

161 573 286 627 loco
326 574 416 642 qui
491 573 650 628 hodie
717 569 956 626 Keurftts
1012 570 1232 636 dicitur,
1296 571 1542 640 jacetque
1597 570 1736 622 inter

158 661 491 716 Kandlische
527 673 580 716 et
615 662 852 726 Anatoli,
917 661 1202 715 etduabus
1255 660 1368 714 fere
1425 660 1595 718 leucis
1642 661 1738 713 ho-

162 754 328 805 rariis
365 763 516 806 trans
547 752 849 821 Bosporum
883 767 910 805 a
944 751 1096 820 Cpoli
1131 752 1313 804 distat.

237 838 329 892 22.
363 837 437 891 De
497 837 554 892 S.
609 838 814 892 Joanne
865 836 1117 905 praefecto
1176 837 1492 890 monasterii
1555 838 1740 891 Mona-

157 927 313 997 grize,
351 933 443 996 qui
480 939 724 996 tempore
768 926 1160 996 persecutionis
1207 925 1653 997 (Ξορτοημῃῐδῐιερ
1684 927 1737 980 in

156 1033 321 1072 sacco
358 1019 621 1082 inclusus,
664 1020 714 1071 in
753 1034 898 1071 mare
943 1018 1228 1071 demersus
1273 1028 1375 1081 est,
1423 1034 1593 1086 pauca
1648 1020 1740 1071 lia-

157 1108 253 1162 bet
281 1110 346 1162 ad
378 1111 521 1164 diem
557 1127 610 1164 iv
639 1108 783 1164 Junii
831 1109 1211 1162 Henschenius
1262 1118 1447 1162 noster
1478 1109 1610 1179 (75),
1650 1124 1738 1162 ea-

153 1214 264 1268 que
298 1201 493 1256 iterum
525 1217 589 1254 ex
626 1199 937 1268 Synaxariis
978 1215 1006 1253 a
1057 1199 1326 1253 Clitﬂletio
1363 1201 1597 1267 acceptis
1643 1201 1738 1253 de-

157 1292 384 1359 promit.
421 1291 684 1346 Joannem
719 1290 864 1345 lmnc
901 1292 972 1344 ita
1018 1291 1256 1344 celebrat
1315 1289 1372 1344 S.
1429 1291 1740 1360 Stephanus

154 1381 212 1433 in
249 1397 473 1436 carcere
507 1383 770 1450 praetorii,
809 1395 1094 1452 postquam
1129 1384 1192 1436 de
1228 1381 1286 1436 S.
1329 1381 1488 1436 Petro
1515 1385 1579 1437 de
1620 1380 1739 1436 Bla-

149 1474 382 1525 ehernis
419 1473 582 1526 verba
622 1473 826 1528 fecerat
867 1492 879 1526 :
917 1475 1194 1528 Imitemur
1240 1483 1295 1528 et
1343 1474 1434 1544 qui
1464 1490 1585 1528 eum
1613 1479 1736 1542 (Pe-

151 1565 324 1624 trum)
370 1569 589 1613 secutus
615 1569 717 1621 est,
754 1559 1019 1614 Joannem
1051 1563 1292 1614 divinum
1337 1562 1488 1614 illum
1537 1561 1738 1614 ammni

152 1650 481 1700 monasterii
531 1649 819 1719 Monagriae
872 1651 1206 1718 praelectum,
1258 1664 1417 1717 quem
1479 1659 1738 1719 tyrannus

150 1739 458 1807 imperator
490 1740 902 1808 (Copronymus)
944 1740 1223 1808 tyranuice
1257 1740 1733 1808 comprehensum,

1842 581 2112 641 spectant,
2149 572 2202 625 in
2237 571 2386 625 Actis
2424 572 2625 625 nostris
2666 572 2732 625 ad
2763 571 2966 626 dictum
2999 572 3138 627 diem
3163 589 3410 643 quaeran-

1844 671 1952 714 tur.
1979 659 2090 714 Nos
2117 661 2202 714 hic
2234 661 2406 714 solum
2437 676 2465 714 a
2495 661 2659 715 Paulo
2684 677 2746 714 ex
2792 662 2972 726 Creta,
3007 664 3073 716 de
3097 677 3204 732 quo
3245 679 3407 735 supra

1843 765 1997 803 num.
2038 751 2095 804 11
2139 761 2193 804 et
2254 767 2434 820 seqq.,
2491 767 2614 805 eum
2653 752 2992 822 distinguere
3049 754 3408 819 intendimus,

1843 837 1968 891 dein
2004 837 2206 906 aliquid
2228 838 2294 892 de
2319 855 2462 892 anno
2497 841 2734 910 martyrii
2771 842 3113 898 emendatius
3141 844 3408 913 proferre.

1845 927 2107 983 Refertur
2142 932 2194 982 in
2221 932 2369 985 Actis
2395 933 2534 1002 ejus,
2580 934 2680 988 122
2713 936 2870 987 annis
2916 945 3039 1004 post
3079 937 3410 1004 passionem.

1846 1021 2178 1076 revelatione
2208 1021 2346 1076 facta
2383 1025 2622 1077 Antonio
2676 1025 2891 1078 Cauleaa
2931 1026 3248 1094 patriarchae
3275 1026 3413 1095 Cpo-

1842 1111 2033 1177 litano,
2062 1114 2182 1182 ejus
2235 1130 2445 1168 sacrum
2503 1129 2705 1184 corpus
2765 1116 3079 1171 honoriﬁca:
3124 1119 3414 1187 sepultura

1843 1204 1995 1272 Cpoli
2035 1205 2086 1258 in
2118 1207 2446 1260 monasterio
2471 1205 2709 1275 Cajumae
2746 1208 3001 1260 traditum
3052 1208 3240 1273 fuisse,
3270 1209 3414 1266 unde

1843 1295 1972 1349 illud
2013 1294 2204 1350 Veneti
2246 1312 2390 1350 anno
2428 1297 2565 1350 1222
2595 1311 2927 1368 acceperunt
2971 1308 3024 1352 ct
3071 1299 3210 1354 forte
3240 1316 3414 1370 usque

1844 1386 1898 1440 in
1931 1388 2253 1442 hodiernam
2294 1389 2432 1442 diem
2497 1401 2798 1443 asservant.
2847 1391 3281 1446 Demonstratum
3332 1402 3416 1448 est

1843 1491 2025 1534 autem
2077 1481 2161 1535 ab.
2211 1479 2558 1536 llenschenio
2631 1482 2923 1536 Antonium
2987 1482 3240 1537 Caulcam
3303 1500 3412 1538 non

1841 1587 1988 1626 anno
2029 1574 2152 1638 888,
2205 1584 2262 1627 ut
2321 1584 2478 1631 antea
2535 1575 2878 1635 credebatur,
2913 1575 3009 1628 sed
3069 1575 3172 1628 893
3221 1575 3414 1631 sedere

1841 1664 2072 1732 coepisse
2112 1665 2262 1733 (Si);
2297 1681 2361 1718 ex
2407 1680 2515 1733 quo
2565 1681 2814 1727 numero.
2871 1666 2914 1718 si
2971 1666 3073 1720 122
3127 1667 3415 1723 demantur

1842 1756 2043 1810 residui
2084 1766 2245 1811 erunt
2297 1756 2421 1809 77l.
2475 1754 2675 1810 Verum
2746 1756 2935 1812 Pinius
3019 1761 3413 1814 corrcCtionem

149 1829 303 1895 quod
373 1827 574 1882 Christi
639 1829 866 1896 ejusque
921 1827 1105 1881 Matris
1167 1829 1457 1899 imaginem
1507 1829 1732 1898 pedibus

1847 1849 2177 1903 Henschenii
2224 1865 2385 1920 quam
2422 1849 2617 1919 Pagius
2682 1849 2880 1920 aliique
2929 1866 3119 1906 omnes
3178 1854 3410 1922 amplexi

149 1919 478 1971 conculcare
513 1928 791 1980 renuerat,
868 1933 1030 1973 sacco
1073 1919 1314 1983 inclusit,
1371 1935 1606 1989 eumque
1667 1921 1732 1973 ad

149 2007 435 2076 ingentem
495 2009 731 2078 lapidem
794 2010 1069 2077 alligatum
1119 2011 1173 2064 in
1242 2010 1511 2081 profundo
1570 2012 1733 2065 maris

147 2100 494 2166 praefocavit.
534 2100 672 2166 Quid
726 2101 1038 2172 hujusmodi
1091 2112 1265 2156 morte
1310 2103 1602 2157 acerbius?
1635 2101 1734 2157 Ve-

151 2201 303 2251 rum,
347 2203 411 2242 eo
466 2192 842 2260 gloriosiorem
893 2207 1148 2246 coronam
1212 2194 1415 2262 praebet
1462 2194 1598 2262 (76).
1653 2193 1729 2247 Ex

149 2284 378 2351 quibus,
422 2286 581 2338 sicuti
629 2295 682 2339 et
731 2302 795 2340 ex
827 2286 1231 2357 chronologieis
1263 2286 1734 2341 observationibus

151 2375 260 2428 sub
289 2390 442 2429 num.
503 2377 565 2428 17
607 2378 802 2441 allatis,
858 2388 1004 2430 recte
1058 2378 1328 2431 deducere
1379 2379 1533 2430 nobis
1583 2377 1732 2431 vide-

151 2481 303 2528 mur,
345 2465 401 2519 S.
432 2465 696 2520 Joannem
756 2467 1131 2536 llegumenum
1185 2470 1502 2522 monasterii
1553 2469 1736 2523 Mona—

151 2558 288 2626 griae
318 2558 405 2610 die
437 2574 504 2612 tv.
542 2555 715 2622 Junii,
767 2575 910 2610 anno
949 2558 1072 2622 761,
1137 2561 1328 2610 eodem
1379 2559 1584 2611 scilicet
1624 2574 1731 2626 quo

154 2649 216 2702 S.
256 2649 473 2714 Petrus,
525 2651 767 2721 martyrii
821 2651 1034 2720 palman
1088 2657 1342 2721 adeptum
1395 2665 1534 2704 esse.
1575 2651 1730 2718 Apud

152 2741 570 2796 llenschcnium
607 2745 825 2812 quidem
864 2745 1085 2808 dicitur,
1123 2760 1231 2798 non
1292 2742 1583 2814 Monagria:
1638 2745 1730 2798 sed

153 2831 448 2901 Menagria:
506 2835 833 2901 praelectus;
879 2852 1068 2888 verum
1127 2836 1256 2890 illud
1319 2853 1384 2890 ex
1434 2853 1734 2891 amanuen-

151 2924 294 2976 sium
329 2926 485 2993 lapsu
522 2924 722 2978 factum
751 2939 870 2978 esse
895 2926 1202 2988 coalicitur,
1248 2941 1371 2977 cum
1412 2939 1475 2977 ex
1497 2937 1732 2995 quatuor

151 3031 287 3070 mss.
319 3019 600 3071 codicibus
623 3032 768 3085 .quos
827 3016 941 3070 Jac.
976 3015 1144 3087 L0pin
1201 3032 1260 3070 se
1291 3017 1587 3070 contulisse
1650 3027 1730 3070 tc-

1838 1950 1966 1995 sunt
1997 1941 2134 2010 (82),
2171 1957 2277 1995 non
2310 1951 2615 2008 assecutus,
2651 1958 2772 1996 cum
2801 1942 3034 1996 Baronio
3076 1960 3276 1999 annum
3307 1946 3412 2002 888

1839 2047 2070 2087 crronee
2126 2033 2352 2086 retinuit
2406 2033 2540 2102 (83).
2603 2034 2836 2088 Proinde
2891 2049 3092 2088 annum
3137 2052 3244 2090 non
3285 2037 3408 2100 771.

1836 2124 1930 2177 sed
1962 2124 2064 2177 766
2096 2126 2353 2195 martyrio
2391 2124 2446 2178 S.
2492 2125 2637 2179 Pauli
2693 2127 3084 2196 assignaverat.
3137 2129 3296 2184 Nunc
3344 2147 3410 2186 ex

1820 2215 1979 2269 ‘serie
2010 2231 2172 2285 quam
2217 2216 2520 2286 sequimur,
2551 2215 2874 2271 devenimus
2920 2219 2984 2272 ad
3029 2217 3085 2271 S.
3137 2219 3409 2275 Andream

1839 2307 1893 2359 in
1929 2305 2088 2370 Crisi,
2126 2323 2286 2376 quem
2324 2307 2410 2360 die
2444 2323 2510 2360 xx
2558 2306 2809 2362 Octobris
2853 2308 2980 2361 anni
3035 2308 3136 2362 767
3187 2325 3406 2380 passum

1838 2413 1979 2461 esse,
2013 2413 2176 2466 supra
2211 2414 2363 2452 num.
2415 2399 2480 2452 l8
2505 2413 2619 2467 seq.
2668 2399 3075 2465 adstruximus;
3110 2417 3296 2455 verum
3329 2418 3410 2457 re-

1837 2490 2091 2553 servatis,
2125 2505 2244 2560 quze
2271 2489 2336 2545 de
2367 2505 2432 2544 eo
2474 2491 2683 2559 reliqua
2717 2500 2864 2556 sunt,
2897 2493 2961 2545 ad
2989 2491 3014 2562 ᾗ
3063 2483 3404 2562 sequentem,

1831 2582 1940 2652 jam
1978 2584 2170 2651 paucis
2204 2584 2346 2638 diem
2403 2601 2572 2638 xxviii
2639 2584 2880 2653 ejusdem
2935 2585 3138 2640 mensis
3186 2589 3405 2658 attingi—

1834 2688 1976 2726 mus.
2015 2672 2130 2728 Jain
2161 2674 2366 2726 dictum
2394 2682 2476 2727 est
2512 2689 2673 2742 supra
2709 2690 2863 2729 num.
2896 2675 2948 2741 7,
3003 2677 3091 2730 illo
3123 2677 3211 2732 die
3251 2694 3279 2733 a
3317 2695 3410 2732 ve-

1836 2765 2155 2819 tustissimis
2187 2764 2492 2836 Eclogadiis
2528 2779 2622 2818 seu
2658 2764 2973 2834 lllenolqgiis
3017 2767 3275 2824 colendos
3321 2770 3407 2823 in-

1835 2857 1941 2912 dici
1997 2856 2054 2911 S.
2109 2857 2471 2927 Stephanum,
2533 2857 2748 2912 Petrum
2805 2858 2892 2926 (de
2940 2857 3273 2921 Blachernis)
3355 2874 3406 2918 et

1833 2949 2105 3003 Andream
2141 2949 2237 3020 (in.
2273 2948 2457 3018 Crisi).
2506 2947 2559 3001 In
2595 2947 2794 3018 Typieo
2854 2948 2912 3002 S.
2965 2947 3119 3003 Saba:
3181 2950 3408 3020 aliisque

1836 3039 2014 3103 fastis,
2056 3040 2236 3108 prodit
2271 3040 2372 3092 hoc
2411 3040 2603 3093 eodem
2636 3041 2724 3094 die
2757 3038 2813 3094 S.
2847 3039 3156 3110 Stephanus
3190 3041 3406 3098 Sabaita

158 3120 338 3162 statur
375 3112 514 3181 (77),
541 3121 651 3164 tum
685 3126 748 3164 ex
783 3111 899 3180 ipso
928 3109 1290 3180 Metaphraste
1321 3110 1414 3178 qui
1461 3111 1600 3179 apud
1626 3109 1732 3163 Su-

1841 3147 2108 3186 canonum
2145 3131 2398 3201 scriptor,
2454 3133 2520 3186 de
2560 3147 2666 3202 quo
2707 3133 2815 3202 agit
2853 3148 3026 3186 canon
3079 3134 3404 3190 Menaeorum

155 3201 297 3253 rium
333 3203 398 3254 ad
439 3204 582 3255 diem
613 3218 778 3256 xxviii
825 3202 1119 3256 Novembr.
1178 3203 1432 3256 similiter
1486 3203 1676 3257 scribit
1715 3219 1728 3255 :

152 3296 551 3348 monasterium
589 3294 898 3361 Monagriie.
931 3293 1045 3344 Non
1072 3294 1235 3361 igitur
1260 3295 1538 3346 veritatem
1572 3295 1731 3362 plane

153 3400 378 3438 omnem
444 3387 847 3455 Papebrochius
909 3388 1241 3452 assequitur,
1278 3385 1405 3437 dum
1464 3385 1513 3436 in
1569 3385 1730 3454 hujus

155 3479 477 3532 monasterii
537 3479 1004 3547 nuncupationem
1055 3477 1282 3548 inquirit
1336 3474 1488 3548 (78);
1541 3477 1730 3531 verisi-

155 3571 286 3624 mile
321 3581 502 3624 tameu
533 3581 615 3625 est
647 3572 778 3624 illud
810 3571 864 3623 in
929 3572 1050 3635 ista,
1085 3585 1245 3639 quam
1301 3569 1457 3628 dicit.
1509 3570 1730 3638 regione

152 3659 409 3732 Sigriana
447 3663 610 3715 situm
644 3660 832 3722 fuisse,
861 3662 1011 3728 quia,
1055 3671 1106 3713 ut
1151 3658 1274 3712 alibi
1328 3656 1561 3710 adstruit
1592 3657 1728 3726 (79),

153 3753 226 3804 ibi
260 3751 496 3820 plurima
531 3749 861 3801 monasteria
891 3749 1149 3802 exstitere
1181 3762 1382 3801 nomen
1417 3762 1526 3800 non
1575 3747 1731 3800 valde

153 3842 434 3896 diversum
491 3849 806 3904 consecuta,
844 3851 899 3894 ut
925 3847 1076 3892 erant
1129 3854 1246 3908 quae
1284 3838 1438 3892 Parvi
1498 3838 1626 3908 Agri
1677 3848 1730 3890 et

154 3932 334 4002 Magni
383 3934 507 4002 Agri
551 3935 891 3988 dicebantur.
941 3934 1208 3987 Praeterea
1274 3931 1316 3985 si
1379 3930 1507 3983 illud
1562 3943 1730 3999 prope

150 4022 367 4092 tipolim
423 4028 634 4092 fuisset,
677 4044 783 4081 non
837 4028 1152 4080 dubitamus
1186 4023 1316 4092 quin
1367 4020 1621 4092 Cangius,
1655 4030 1732 4075 tot

154 4122 460 4190 scriptores
490 4122 667 4174 editus
689 4130 741 4172 et
775 4134 906 4172 mss.
946 4116 1250 4170 incredibili
1297 4114 1570 4183 diligentia
1610 4126 1734 4181 per-

155 4223 460 4278 scrutatus,
491 4214 632 4282 ejus,
676 4213 727 4265 in
759 4229 854 4266 sua
900 4207 1369 4276 Constantinopoli
1425 4204 1732 4259 Christiana

153 4287 408 4356 notitiam
438 4306 768 4359 tradidisset.

227 4417 322 4473 25.
352 4417 409 4469 111
443 4415 683 4471 indiculo
733 4426 1027 4484 martyrum
1081 4416 1149 4467 de
1210 4412 1408 4481 quibus
1448 4409 1536 4464 hic
1570 4422 1729 4478 agere

1836 3239 1992 3277 nova:
2022 3224 2302 3287 editionis,
2336 3240 2363 3276 a
2406 3224 2694 3278 Theodoro
2726 3223 2930 3294 Giapto
2962 3225 3152 3280 Nicaza:
3200 3238 3407 3284 metro-

1831 3314 1998 3382 polita
2045 3313 2157 3379 (84)
2195 3315 2561 3382 conscriptus.
2610 3314 2666 3367 In
2719 3314 3018 3383 Synaxario
3076 3317 3403 3373 Menteorum

1835 3405 1926 3458 hic
1961 3405 2273 3474 Stephanus
2308 3405 2510 3460 dicitur
2534 3407 2825 3477 episcOpus
2871 3407 3039 3463 fuisse
3086 3419 3139 3465 et
3167 3420 3407 3466 certasse

1833 3506 2024 3549 contra
2083 3496 2356 3560 haereses;
2396 3495 2448 3548 in
2499 3494 2799 3565 Menologio
2854 3497 3034 3551 Sirleti
3093 3508 3151 3552 ut
3202 3510 3406 3571 martyr

1831 3587 2196 3640 annuntiatur
2227 3587 2364 3655 (85).
2415 3585 2538 3641 Haec
2588 3595 2769 3641 autem
2825 3603 2926 3643 nec
2981 3588 3258 3658 Stephano
3308 3590 3406 3646 Sa-

1833 3677 1993 3732 baitae
2030 3679 2183 3748 quia
2216 3678 2511 3734 Theodoro
2555 3679 2760 3749 Grapto
2813 3682 3139 3751 celebratur,
3184 3699 3285 3739 nec
3329 3686 3406 3740 al~

1833 3771 1933 3823 teri
1999 3769 2329 3840 homonymo
2375 3769 2562 3824 itidem
2611 3770 2866 3834 Sabaitze,
2929 3773 3084 3841 cujus
3148 3776 3402 3843 praeclara

1832 3864 1961 3916 Acta
1999 3861 2188 3915 Pinius
2219 3864 2505 3916 illustravit
2534 3864 2599 3917 ad
2644 3881 2742 3919 1111
2765 3863 2912 3931 Julii,
2943 3866 3235 3922 convenire
3269 3884 3401 3940 pos-

1833 3964 1959 4008 sunt
1992 3955 2127 4024 (86).
2166 3954 2508 4024 Quapropter
2538 3957 2772 4024 conjicio
2806 3959 2894 4011 hic
2919 3959 3000 4028 agi
3033 3960 3098 4012 de
3126 3960 3404 4031 Stephano

1835 4047 1949 4108 illo,
1977 4047 2128 4116 quia
2159 4046 2504 4115 Copronymo
2557 4046 2609 4098 in
2661 4044 2966 4117 Sugdaam,
3020 4046 3219 4102 Moesiae
3263 4051 3401 4103 infe-

1835 4136 1994 4188 rioris
2028 4146 2234 4202 partem
2279 4136 2412 4204 (87),
2446 4137 2650 4203 ejectus
2684 4147 2768 4190 est
2822 4136 2961 4204 (88),
3016 4137 3205 4192 eodem
3264 4137 3404 4194 forte

1832 4228 1925 4298 qui
1964 4227 2154 4297 viginti
2220 4227 2331 4281 fere
2380 4237 2503 4298 post
2555 4227 2744 4289 annis.
2806 4229 2858 4281 in
2899 4231 3127 4285 concilio
3188 4230 3404 4289 Nicrno

1836 4319 1964 4372 anni
2000 4319 2105 4372 787
2145 4318 2513 4388 subscripsit:
2548 4321 2817 4388 Στέφανος
2849 4321 3065 4385 ἀνάξιος
3108 4321 3403 4388 ὲπίσκοπος

1836 4410 2117 4474 Σουγδάων
2153 4409 2288 4477 (89).
2330 4408 2434 4462 Sed
2469 4411 2534 4464 de
2571 4411 2653 4464 his
2697 4411 2893 4462 iterum
2943 4410 3010 4464 ad
3071 4426 3240 4468 xxvnt
3299 4413 3402 4470 0c—

153 4511 318 4564 nobis
349 4510 741 4579 assumpsimus
800 4510 982 4578 (supra
1037 4522 1186 4560 num.
1241 4505 1351 4570 11),
1402 4513 1456 4557 et
1495 4499 1551 4555 in
1619 4514 1726 4568 quo
1761 4485 1802 4539 Ῐ)
1835 4501 2026 4554 tobris.

151 4606 404 4658 ordinem
467 4605 734 4659 mensium
800 4616 985 4655 sumus
1051 4598 1246 4659 secuti,
1285 4606 1404 4668 post
1456 4596 1723 4651 Joannem

150 4697 450 4766 Monagrite
527 4693 946 4766 Hegumenum,
985 4689 1164 4761 prodit
1231 4685 1286 4741 S.
1350 4685 1546 4739 Paulus
1614 4682 1725 4737 No-

1896 4592 1986 4647 21.
2035 4591 2152 4646 Jam
2209 4591 2274 4646 ad
2330 4591 2812 4648 celebratissimum
2868 4595 3030 4648 totius
3066 4598 3400 4664 persecutio-

1831 4689 1913 4743 nis
1932 4687 2378 4759 Copronymiana:
2400 4695 2693 4756 martyrem
2728 4684 3064 4756 Stephanum
3095 4687 3398 4749 Juniorem.

159 4807 284 4852 vus,
321 4789 523 4842 militia:
551 4790 682 4852 dux,
719 4787 844 4841 dein
883 4786 1183 4838 monachus
1215 4793 1268 4835 ut
1297 4798 1359 4834 ex
1407 4776 1722 4849 quibusdam
1828 4781 1916 4849 qui
1959 4792 2121 4830 vxvnt
2169 4776 2489 4830 Novembris
2527 4778 2745 4841 colitur,
2780 4778 3118 4834 devenimus.
3154 4779 3251 4835 llic
3302 4796 3398 4835 au-

152 4885 502 4937 docuuientis
532 4889 760 4949 apparet
791 4879 929 4947 (80),
973 4878 1188 4932 demum
1255 4884 1456 4943 martyr
1509 4871 1594 4923 die
1637 4883 1724 4919 vin

227 5040 342 5110 (τε)
375 5040 439 5095 τ.
475 5041 490 5094 1
514 5039 684 5104 Junii,
721 5056 774 5110 p.
815 5039 936 5092 402.

223 5109 338 5179 (76)
366 5113 622 5166 Analecta
649 5109 855 5174 Grieca,
889 5126 942 5180 p.
971 5109 1092 5162 507'.

222 5182 339 5250 (77)
378 5184 508 5234 lbid.
549 5183 602 5234 in
629 5181 875 5250 praefat..

224 5252 337 5322 (78)
455 5254 468 5303 Ι
497 5251 666 5322 Junii,
694 5269 745 5320 p.
774 5251 897 5322 402.

225 5319 339 5393 (79)
459 5322 508 5393 l_|_
529 5319 726 5393 Martii,
763 5320 973 5393 (1.215,
995 5337 1049 5375 11.
1086 5319 1138 5372 2.

224 5386 336 5461 (80)
371 5391 434 5446 Τ.
469 5390 512 5446 ll
537 5391 688 5454 Julii,
728 5386 780 5460 p'.
812 5392 935 5453 656,
970 5406 1023 5461 n_.
1060 5393 1114 5443 2.
1149 5390 1239 5444 Gfr
1263 5390 1490 5452 Mentea,
1526 5396 1579 5440 et
1615 5386 1720 5439 Me-

153 5459 433 5532 uologiutu
468 5461 653 5515 Basilii
682 5459 746 5532 ad
774 5478 936 5518 sunt
969 5459 1260 5532 Novembr.

227 5528 341 5603 (8i)
371 5533 436 5586 'J‘.
473 5535 511 5585 l.
543 5531 777 5603 Augnde
804 5533 1100 5602 patriarcli.
1133 5530 1357 5600 Cpolit..
1384 5545 1434 5600 p.
1463 5528 1582 5580 115.

221 5599 335 5672 (se)
367 5603 530 5672 Ibid,
550 5619 614 5672 in.
636 5599 768 5653 665.

225 5670 338 5746 (es)
373 5670 439 5746 Τ.
473 5671 691 5746 111υ111,
711 5685 763 5746 ρ.
796 5672 920 5746 633,
949 5687 1006 5746 n._
1036 5670 1118 5725 io.

1826 5038 2082 5093 Chronic.
2112 5036 2416 5091 Svmeonis.
2447 5036 2586 5090 Edit.
2613 5034 2811 5096 Bonn_,

1829 4883 1936 4926 tem
1991 4871 2124 4926 satis
2171 4874 2274 4926 erit
2324 4870 2682 4927 chronOtaain
2726 4873 3038 4940 posterioris
3075 4875 3243 4944 partis
3282 4877 3401 4945 ejus

1901 5109 2015 5174 (85)
2050 5096 2213 5162 Ctr'i.
2253 5107 2318 5160 lll
2352 5105 2500 5164 .qui.
2539 5121 2590 5174 p.
2619 5104 2742 5168 525,
2775 5096 2922 5166 n.'9.

1898 5179 2007 5244 (86)
2044 5179 2202 5237 lbid.,
2236 5193 2290 5230 n.
2329 5178 2360 5229 8
2385 5186 2437 5229 et
2472 5191 2586 5243 seq.

1898 5251 2009 5315 (87)
2045 5247 2330 5307 Cellarius,
2365 5256 2401 5299 t.
2453 5245 2491 5306 1,
2531 5246 2660 5299 edit.
2703 5245 2855 5309 I775,
2899 5261 2951 5314 p.
2991 5247 3094 5303 498
3144 5245 3238 5303 Cir
3265 5249 3396 5303 Acta

1829 5319 1906 5372 SS
1937 5360 1949 5378 .
1984 5329 2022 5372 t.
2056 5315 2092 5366 V
2131 5316 2296 5372 Junii.
2327 5333 2377 5386 p.
2413 5315 2538 5369 2-17.

1896 5391 2007 5454 (881
2039 5388 2259 5446 Menam,
2294 5385 2535 5440 \‘enetiis
2570 5386 2725 5444 1815,
2769 5385 2832 5438 ad
2885 5401 3049 5440 xxviii
3079 5385 3392 5450 Novembr.,

1828 5475 1877 5528 p.
1907 5461 2034 5514 211.
2063 5457 2422 5528 Menologium
2458 5456 2656 5522 Basilii,
2695 5455 2885 5510 Urbini
2924 5456 3080 5521 1727,
3110 5459 3177 5512 ad
3211 5463 3392 5514 eumd.

1826 5530 2014 5584 dicm..
2038 5547 2088 5584 υ.
2116 5529 2242 5582 217.

1863 5546 2014 5587 113111..

1898 5548 2014 5676 (ἓξ)
2038 5529 2450 5676 iamborum.
2479 5606 2518 5649 t.
2557 5594 2669 5657 vn,
2703 5594 2892 5676 με’-ἵξῃ
2927 5597 3111 5676 esss
3138 5599 3195 5676 p,
3232 5599 3298 5676 ιε
3331 5615 3395 5660 c,

1825 5664 2068 5731 Coletiis.
2100 5668 2631 5737 Illyricumsacrum,
2661 5677 2712 5737 t.
2736 5664 2866 5729 Vill,
2899 5682 2953 5735 p.
2986 5666 3107 5729 126;
3135 5669 3395 5737 Lequien,

222 5736 334 5814 (84)
368 5745 630 5812 Lequien,
657 5736 849 5796 oriens
881 5744 1108 5805 Christ.,
1145 5754 1181 5797 ι.
1215 5742 1302 5807 ΙΙΙ,
1330 5741 1434 5798 col.
1464 5742 1602 5798 539‘.
1633 5739 1724 5794 Cir

1841 5742 2019 5796 )riens
2051 5739 2280 5795 Christ..
2309 5747 2348 5790 t.
2379 5736 2420 5800 l,
2449 5738 2551 5791 col.
2591 5736 2742 5789 1229.

475 5845 742 5902 Ριιτιιοι..
776 5844 887 5900 Gtt.
923 5843 1094 5906 CXV.

3080 5831 3152 5892 35
