3968 6432
538 344 675 411 1099

1807 338 2088 399 MENSIS
2126 337 2485 398 OCTOBER.

3653 344 3794 411 1160

528 465 675 525 vitae,
710 474 811 527 qua
847 458 1046 527 saepius
1079 458 1133 511 in
1183 456 1286 511 hoc
1311 455 1715 510 Commentario
1759 456 1866 509 nixi
1895 470 2107 515 sumus,
2138 468 2185 522 Α
2218 453 2466 506 undecim
2496 466 2713 506 carcere
2750 458 2986 523 prxtorii
3041 459 3259 522 mansit,
3294 459 3419 514 inde
3468 459 3797 516 conticinno:

530 551 765 607 breviter
826 548 1091 603 stabilire.
1146 548 1318 602 Natus
1364 557 1449 601 est
1498 546 1555 601 8.
1594 546 1904 619 Stephanus
1952 548 2105 615 Cpoli

536 660 681 699 anno
719 642 843 703 715,
877 651 994 711 post
1024 640 1429 695 ordinationem
1481 639 1537 695 8.
1576 640 1827 695 Germani
1872 644 2103 711 patriar-

531 737 648 792 citae
696 734 829 803 (90),
870 749 988 803 quae
1047 735 1273 804 contigit
1333 734 1419 789 die
1462 752 1514 789 xi
1580 736 1807 806 Augusti
1862 735 2107 804 ejusdem

534 826 658 880 anni
689 826 821 895 (9|).
857 825 1131 879 Deductus
1157 834 1237 877 est
1271 840 1299 877 a
1330 825 1666 893 parentibus,
1691 826 1843 879 valde
1867 826 2103 895 juvenis,

533 919 598 973 ad
625 918 889 971 Joannem
917 906 1299 970 anachoretam
1333 916 1535 969 montis
1570 914 1625 969 8.
1663 918 1941 980 Auxentii,
1972 934 2000 970 e
2025 933 2107 970 re-

534 1011 691 1079 gione
721 1008 925 1077 Cpolis,
956 1008 1022 1062 ad
1046 1010 1224 1061 sinum
1263 1007 1591 1062 Nicomediae
1628 1008 1735 1067 siti.
1766 1010 1817 1061 in
1847 1024 1955 1077 quo
1982 1024 2103 1061 cum

534 1102 627 1155 diu
663 1099 905 1163 vixisset,
936 1112 1082 1151 anno
1110 1097 1368 1152 mtatist'l
1401 1098 1536 1166 (9:2),
1566 1098 1771 1151 Christi
1819 1100 1972 1166 proin
2006 1098 2106 1151 756

527 1202 625 1247 aut
654 1193 777 1256 757,
808 1192 872 1245 ad
894 1192 1067 1261 ipsum
1104 1206 1365 1245 cacumen
1395 1195 1592 1244 montis
1614 1193 1665 1244 in
1698 1193 2104 1262 anguiissimam

526 1285 775 1341 cellulam
828 1299 886 1338 se
950 1284 1202 1338 contulit.
1256 1282 1467 1335 interea
1529 1282 1904 1353 (Inpronyinus
1961 1298 2105 1336 anno

531 1376 634 1431 754
678 1375 789 1445 (95)
839 1374 1107 1445 synodum
1150 1374 1589 1429 iconoclasticam
1632 1384 1905 1443 coegerat,
1951 1377 2107 1443 cujus

533 1468 747 1523 decreta
786 1468 897 1537 ipse
923 1468 1181 1534 deinceps
1209 1469 1591 1537 prOpugnavit,
1617 1481 1888 1535 quamque
1918 1482 1945 1519 a
1964 1465 2107 1520 Con-

532 1560 772 1613 stantino
838 1558 1377 1627 pseudopatriarcha,
1440 1566 1729 1626 antequam
1775 1574 1896 1611 cum
1945 1558 2105 1612 morti

534 1648 793 1713 traderet,
836 1663 979 1701 anno
1018 1648 1119 1701 768
1167 1647 1365 1700 iterum
1414 1648 1699 1717 approbari
1748 1649 1917 1701 voluit
1969 1648 2099 1715 (94).

530 1738 702 1808 Hujus
736 1737 1083 1792 conciliabuli
1119 1736 1338 1791 decreta
1364 1752 1507 1790 anno
1532 1738 1635 1790 763
1664 1738 1728 1789 ad
1765 1737 1821 1790 S.
1848 1738 2101 1791 Ausent‘ii

534 1840 771 1883 montem
799 1830 939 1882 idem
973 1828 1268 1898 imperator
1298 1830 1460 1898 jussit
1488 1827 1711 1889 deferri,
1739 1839 1790 1881 ut
1827 1845 1853 1880 a
1888 1830 1946 1881 S.
1981 1828 2104 1882 Ste-
2141 1815 2178 1871 Β

528 1920 712 1992 phano
742 1920 1220 1974 subscriberentur
1248 1920 1385 1989 (95).
1418 1919 1467 1973 Is
1500 1935 1648 1981 vero,
1683 1936 1807 1972 cum
1843 1920 1892 1972 id
1928 1921 2108 1972 facere

529 2020 821 2077 renuisset,
850 2014 916 2067 ad
947 2012 1005 2066 8.
1033 2012 1288 2065 Auxentii
1337 2013 1710 2066 ccetneterium
1743 2022 1889 2065 arcte
1923 2021 2109 2065 custo-

529 2106 698 2168 ditus,
742 2106 827 2159 die
874 2105 1126 2173 septimo,
1181 2104 1309 2157 dum
1364 2102 1611 2174 Bulgaris
1656 2104 1858 2158 bellum
1906 2104 2107 2156 inl'erre

530 2198 825 2266 imperator
850 2195 1061 2259 debuit,
1090 2195 1349 2249 liberatus
1381 2205 1464 2247 est
1497 2193 1631 2263 (96).
1670 2193 1837 2245 Porro
1886 2194 1938 2245 in
1979 2192 2103 2246 Bul-

530 2298 687 2353 garos
741 2284 1014 2352 profectus
1047 2293 1130 2335 est
1162 2282 1545 2351 Copronymus
1589 2285 1675 2334 die
1716 2296 1820 2334 xvii
1850 2281 2019 2342 Junii,
2055 2292 2109 2335 et

526 2376 617 2430 die
642 2391 744 2428 xxx
780 2373 1024 2444 ejusdem
1074 2374 1301 2433 mensis,
1329 2372 1460 2427 feria
1494 2389 1545 2436 γ,
1589 2373 1892 2426 indictione
1940 2389 1977 2436 ι,
2013 2386 2108 2426 eos

531 2469 718 2539 praslio
753 2468 950 2521 devicit
988 2466 1127 2536 (97);
1153 2482 1217 2518 ex
1254 2482 1358 2534 qua
1392 2466 1708 2519 indictionis
1756 2474 1808 2518 et
1833 2465 1981 2519 feriae
2028 2467 2108 2521 in-

531 2562 803 2616 dicatione
832 2560 1198 2612 certissimum
1242 2567 1325 2610 est
1352 2572 1413 2612 ea
1451 2557 1743 2626 contigisse
1765 2572 2105 2629 anno,quem

532 2669 695 2723 supra
723 2651 991 2715 dicebam,
1022 2650 1145 2703 765.

601 2745 692 2798 25.
752 2743 882 2797 Dein
918 2759 945 2796 a
987 2743 1160 2795 reditu
1225 2742 1561 2811 imperatoris
1619 2741 1855 2812 Cpolim,
1922 2740 2107 2811 paucis

536 2836 824 2892 eventibus
851 2833 1172 2902 interjeetis,
1203 2833 1429 2886 incenso
1458 2832 1513 2887 8.
1551 2833 1806 2884 Auxentii
1835 2843 2105 2888 monaste-

535 2926 616 2979 rio
653 2925 762 2993 (98)
800 2922 857 2977 8.
882 2922 1192 2991 Stephanus
1214 2938 1242 2975 e
1272 2924 1487 2987 tugurio
1521 2937 1622 2976 suo
1657 2936 1829 2991 usque
1862 2925 1925 2977 ad
1960 2940 2108 2980 mare

532 3026 839 3086 pertractus
871 3024 973 3074 est.
1010 3012 1191 3082 ibique
1227 3014 1491 3066 naviculae
1521 3013 1809 3082 impositus
1840 3024 1894 3069 et
1936 3015 2108 3087 Chry-

524 3109 758 3173 sopolim
810 3108 876 3161 ad
935 3104 1218 3175 Philippici
1263 3104 1656 3159 monasterium
1718 3106 1929 3160 delatus
1971 3104 2105 3173 (99).

533 3209 815 3271 postquam
872 3198 989 3251 dies
1033 3212 1141 3250 xvii
1186 3197 1294 3249 illic
1341 3198 1701 3264 transegerat,
1750 3196 1815 3247 ad
1876 3194 2107 3248 insulam

531 3291 939 3345 Proconnesum
965 3289 1018 3341 in
1046 3288 1294 3340 exsilium
1319 3290 1515 3339 missus
1548 3293 1628 3339 est
1659 3286 2108 3356 tiOO).Qnoniam

533 3395 665 3437 vero
703 3381 901 3435 dicitur
923 3378 1019 3439 ibi,
1047 3376 1202 3429 initio
1225 3390 1373 3443 paene
1394 3377 1568 3430 exsilii
1603 3378 1707 3441 sui,
1731 3393 1873 3433 anno
1900 3381 1965 3433 40
1983 3390 2112 3433 acta~

534 3476 603 3531 tis
634 3472 1016 3531 domunculam
1050 3473 1101 3524 in
1153 3469 1419 3524 columna:
1461 3472 1689 3524 formam
1728 3486 1755 3522 a
1802 3486 1859 3523 se
1898 3482 2111 3523 exstru-

532 3578 694 3627 Ctam,
745 3567 1050 3633 ingressum
1086 3576 1205 3612 esse
1235 3561 1415 3627 (101),
1475 3562 1519 3612 si
1550 3562 1960 3614 meminerimus
1987 3577 2109 3614 eum

535 3672 682 3712 anno
708 3656 810 3711 715
842 3662 963 3725 post
1000 3668 1051 3707 xi
1078 3652 1303 3723 Augusti
1346 3667 1465 3706 esse
1512 3663 1721 3717 natum,
1763 3655 2031 3707 constabit
2060 3656 2111 3707 id

536 3749 797 3803 accidisse
829 3761 974 3799 anno
1022 3746 1124 3797 765
1172 3752 1425 3804 exeunte,
1460 3755 1552 3796 aut
1587 3755 1841 3797 currente
1875 3745 1995 3799 764.
2035 3745 2110 3799 Ex

536 3840 733 3906 quibus
764 3852 881 3904 quae
923 3851 1073 3886 nuru.
1117 3832 1185 3886 it
1212 3834 1494 3886 attulimus
1528 3834 1593 3887 de
1616 3851 1760 3888 anno
1788 3836 1889 3890 765
1916 3838 2107 3890 iterum

538 3928 946 3984 confirmantur.
972 3926 1204 3979 Rursum
1242 3926 1469 3978 traditur
1494 3927 1545 3977 in
1576 3931 1694 3994 ejus
1723 3928 1847 3990 vita,
1870 3931 2113 3981 secundo

540 4019 715 4075 exsilii
778 4032 944 4077 anno,
995 4018 1043 4068 id
1103 4025 1184 4067 est
1226 4015 1327 4067 763
1379 4024 1470 4067 aut
1516 4014 1634 4080 766,
1691 4028 1917 4071 matrem
1971 4019 2113 4072 illius

542 4112 740 4165 obiisse
783 4110 951 4178 (:02),
986 4106 1218 4176 denique
1260 4108 1532 4163 nonnullis
1589 4109 1748 4164 rebus
1793 4113 2110 4179 interjectis,

542 4203 751 4273 Cpolim
786 4216 905 4255 eum
938 4211 1244 4254 revocatum
1279 4201 1464 4253 fuisse.
1508 4200 1562 4251 In
1594 4218 1697 4269 qua.
1724 4202 1961 4266 civitate,
1994 4205 2111 4257 die-

544 4299 642 4351 bus
667 4297 867 4365 aliquot
891 4308 1111 4347 carcerc
1146 4292 1341 4346 Phiala:
1368 4293 1619 4347 detentus
1652 4292 1818 4363 (105),
1848 4311 1969 4348 cum
2009 4297 2109 4349 im-

540 4398 844 4457 peratorem
893 4386 1107 4455 publice
1151 4386 1436 4454 arguisset,
1469 4401 1563 4455 per
1612 4386 1860 4441 undecim
1898 4404 2111 4443 menses

2210 567 2331 603 eum
2365 553 2464 602 sub
2509 550 2671 602 tinem
2722 552 2850 603 anni
2902 550 3002 605 766
3032 553 3238 620 Cpolim
3278 566 3559 609 revectum
3604 554 3793 615 inisse,

2210 645 2267 697 et
2291 652 2696 711 consequenter
2723 654 2834 696 tres
2868 642 2982 696 fere
3014 660 3190 698 annos
3223 648 3424 701 vixisse
3455 647 3706 701 exsulem
3742 653 3791 700 in

2210 732 2575 788 Proconneso.
2614 732 2898 797 Quocirca,
2930 736 3018 789 ubi
3059 739 3126 790 de
3170 736 3328 791 Petro
3361 741 3427 792 de
3478 740 3794 793 Blachernis

2210 822 2423 894 egimus
2450 828 2635 893 (supra
2670 843 2818 879 num.
2856 828 2959 895 15),
2991 828 3081 896 ιιιιί
3132 845 3277 881 anno
3320 832 3412 883 761
3460 848 3659 898 passus
3690 842 3791 894 est,

2210 916 2409 970 merito
2440 917 2678 971 diximus
2716 920 2834 986 ejus
2870 925 3186 989 martyrium
3230 920 3286 974 8.
3320 921 3611 990 Stephano
3641 926 3793 975 inno-

2209 1017 2414 1061 tescere
2448 1009 2687 1076 potuisse
2721 1020 2775 1061 et
2806 1010 2873 1062 ab
2900 1026 2983 1079 eo,
3021 1028 3111 1064 sex
3147 1014 3308 1065 annis
3340 1013 3567 1079 elapsis,
3600 1017 3652 1066 in
3675 1030 3793 1067 cara

2207 1114 2331 1152 cere
2358 1100 2591 1167 pra'torii
2618 1103 2863 1165 narrari;
2887 1113 2938 1155 at
2970 1118 3074 1155 non
3108 1104 3233 1156 item
3256 1105 3579 1173 martyrium
3607 1104 3665 1157 8.
3690 1109 3793 1156 An-

2208 1191 2348 1243 dreae
2380 1190 2431 1242 in
2470 1189 2631 1255 Crisi,
2671 1192 2815 1261 quod
2846 1209 2911 1246 xx
2948 1194 3198 1247 Octobris
3229 1198 3354 1248 anni
3398 1196 3501 1246 767
3535 1198 3792 1263 contigit:

2210 1290 2321 1336 tum
2346 1282 2500 1340 enim
2526 1284 2846 1350 jamdudum
2879 1284 2937 1337 8.
2973 1284 3287 1354 Stephanus
3318 1291 3367 1339 in
3395 1287 3551 1341 dicto
3577 1302 3794 1340 carcere

2208 1374 2572 1437 detinebatur,
2621 1391 2743 1429 mox
2800 1378 2914 1445 ipse
2959 1378 3023 1431 ad
3074 1380 3320 1431 canalem
3376 1382 3618 1449 palmam
3660 1383 3793 1432 arri-

2211 1466 2484 1535 piendam,
2532 1468 2657 1520 inde
2705 1469 2969 1521 exiturus.
3026 1468 3283 1530 Rursum,
3333 1485 3398 1521 ex
3430 1471 3629 1524 iisdem
3682 1484 3795 1539 qua

2208 1559 2556 1622 deduximus,
2607 1559 2895 1612 coniicitur
2947 1558 3004 1612 S.
3062 1559 3401 1629 Stephanum
3457 1572 3544 1615 ter
3582 1563 3794 1630 publica

2209 1651 2496 1720 prodiisse,
2545 1658 2598 1702 et
2645 1638 2936 1702 crudeliter
2984 1650 3149 1703 fuisse
3196 1650 3417 1718 ligatum
3471 1665 3536 1703 ac
3585 1662 3792 1719 pertra—

2208 1752 2374 1803 ctutn.
2412 1740 2614 1796 ultimis
2655 1743 2866 1797 scilicet
2912 1744 3191 1796 mensibus
3230 1759 3500 1795 annorum
3535 1745 3665 1803 763,
3700 1744 3796 1796 766

2209 1845 2263 1888 et
2288 1835 2386 1887 ’767
2420 1835 2591 1901 (107).
2641 1836 2818 1902 Atque
2850 1835 3047 1888 exinde
3079 1835 3277 1888 factum
3317 1846 3423 1897 est,
3452 1849 3513 1889 ut
3550 1846 3668 1888 tum
3711 1836 3795 1889 Nic

2211 1923 2482 1990 cephorus
2510 1924 2559 1974 in
2593 1921 2869 1975 Breviario
2906 1921 3076 1991 (108),
3111 1932 3222 1975 tum
3256 1922 3630 1991 Theophanes
3657 1922 3792 1991 (109)

2211 2014 2505 2083 anticipate
2538 2025 2592 2067 et
2620 2013 2844 2067 confuse
2877 2015 3058 2067 Omnia
3111 2018 3491 2081 narraverint,
3522 2032 3627 2070 nec
3664 2030 3795 2086 opus

2211 2115 2296 2159 est
2338 2121 2459 2158 cum
2503 2104 2664 2172 Pagio
2697 2105 2844 2173 (110)
2898 2105 2950 2158 in
2999 2105 3157 2157 aliam
3219 2120 3439 2158 caUsam
3492 2108 3789 2176 inquirere.

2212 2197 2377 2251 Porro
2405 2199 2517 2251 haec
2547 2196 2900 2266 TlieOphanis
2948 2198 3186 2250 narratio
3220 2196 3514 2251 Baronium
3554 2201 3795 2269 aliosque

2211 2286 2503 2353 aliquando
2531 2286 2583 2338 in
2615 2300 2878 2351 errorem,
2904 2289 2971 2341 de
3021 2301 3165 2340 anno
3217 2291 3407 2342 mortis
3442 2288 3501 2344 8.
3537 2288 3794 2361 Stephani

2213 2377 2599 2431 constituendo
2623 2378 2858 2433 induxit.

2273 2489 2360 2544 26.
2395 2488 2545 2545 Nunc
2601 2501 2779 2546 autem
2828 2493 3081 2561 quoniam
3141 2495 3417 2562 inquisitio
3477 2495 3583 2548 ista
3626 2497 3679 2546 in
3717 2496 3793 2547 hi-

2211 2584 2432 2637 storiam
2458 2596 2509 2636 et
2535 2584 2939 2653 chronologiam
2979 2585 3375 2650 persecutionis
3402 2586 3795 2640 iconociastica

2213 2673 2491 2732 secundae,
2528 2672 2786 2739 prolixior
2822 2671 2962 2723 facta
2981 2680 3082 2730 est,
3118 2685 3281 2738 quam
3310 2672 3359 2723 id
3405 2672 3650 2738 primum
3688 2674 3796 2722 exi-

2213 2761 2589 2825 stimabamus,
2624 2762 2754 2814 utile
2798 2761 3050 2814 duximus
3097 2775 3239 2821 eam,
3270 2762 3421 2830 juxta
3468 2764 3672 2814 seriem
3701 2777 3793 2813 an-

2213 2869 2430 2917 norum,
2460 2854 2545 2909 hic
2592 2853 2914 2922 compendio
2964 2853 3247 2913 exhibere,
3298 2853 3505 2906 additis
3557 2852 3794 2905 numeris

2212 2943 2624 3010 COmmentarii,
2654 2948 2721 2999 ad
2752 2962 2890 3015 quos
2921 2946 2987 2999 de
3019 2944 3250 3015 singulis
3284 2954 3470 3001 aetum
3497 2953 3584 2995 est
3618 2959 3631 2994 :

2282 3061 2439 3110 Anno
2463 3057 2592 3116 76t,
2628 3072 2713 3109 xvi
2767 3055 2913 3120 Maii,
2943 3056 3123 3125 passio
3150 3054 3207 3107 8.
3257 3053 3401 3107 Petri
3435 3053 3504 3107 de
3544 3052 3795 3107 Blacher-

2136 3149 2180 3211 C
2213 3149 2319 3203 nis.
2351 3146 2523 3217 Supra
2559 3164 2710 3199 num.
2753 3147 2841 3200 17.

2284 3239 2483 3295 Eodem
2534 3255 2697 3305 anno,
2751 3256 2802 3294 iv
2841 3238 3009 3303 Junii,
3046 3240 3225 3310 passio
3266 3238 3322 3292 8.
3358 3237 3594 3293 Joannis
3627 3236 3794 3307 [tegu-

2213 3334 2358 3386 meni
2393 3333 2706 3387 monasterii
2743 3332 3048 3402 Monagria,
3084 3347 3234 3384 num.
3269 3331 3360 3385 22.

2287 3445 2442 3496 Anno
2479 3443 2580 3495 763
2616 3444 2681 3495 ad
2731 3443 2891 3495 tinem
2942 3453 3218 3511 vergente,
3249 3443 3305 3494 S.
3352 3442 3672 3509 Stephanus
3698 3443 3790 3495 Ju-

2215 3534 2335 3586 nior
2386 3548 2449 3585 ex
2501 3532 2768 3597 tuguriolo
2826 3532 3027 3585 montis
3081 3530 3337 3585 Auxentii
3387 3532 3699 3585 abstractus
3746 3541 3793 3582 et

2216 3625 2348 3677 mari
2392 3623 2765 3693 Chrysoliolim
2795 3628 3069 3687 devectus,
3103 3640 3224 3677 mox
3274 3624 3328 3675 in
3387 3621 3791 3677 t’roconnesum

2214 3716 2367 3771 exsul
2402 3717 2656 3778 mittitur,
2693 3732 2843 3769 num.
2882 3715 2949 3770 21
2975 3732 3091 3785 seq.

2282 3811 2439 3864 Anno
2469 3806 2589 3868 766.
2627 3810 2727 3861 sub
2762 3811 2942 3867 linem.
2977 3807 3032 3862 S.
3070 3809 3380 3877 Stephanus
3423 3806 3623 3863 Junior
3658 3808 3793 3878 Cpoo

2215 3903 2306 3955 lim
2343 3903 2533 3963 redux,
2569 3902 2773 3953 carceri
2806 3901 3055 3956 traditur,
3084 3902 3316 3967 primum
3352 3898 3562 3954 Phiala:
3595 3903 3793 3970 aliqua!

2215 3993 2354 4055 dies,
2393 3992 2593 4044 deinde
2629 3990 2888 4056 praetorii,
2925 4003 3075 4040 num.
3103 3989 3191 4039 25.

2276 4084 2478 4137 Eodem
2534 4096 2681 4135 anno
2711 4081 3087 4150 Copronyuius
3124 4094 3314 4134 omnes
3356 4080 3613 4134 subditos
3654 4080 3793 4147 jura-

2216 4188 2458 4232 mentuin
2493 4185 2748 4245 praestare
2780 4168 2953 4244 jubet,
2989 4189 3045 4226 se
3072 4174 3399 4243 imaginibus
3430 4177 3605 4227 sacris
3642 4186 3794 4227 vene-

2219 4268 2481 4322 rationem
2510 4283 2615 4321 non
2652 4269 3014 4330 exhibituros,
3040 4283 3193 4320 num.
3229 4268 3313 4321 12.

2282 4378 2440 4429 Anno
2465 4376 2566 4429 767
2596 4374 2967 4446 Copronymns
2999 4376 3278 4447 praefectos
3302 4377 3716 4431 crudelissimos
3731 4377 3794 4431 ad

543 4481 791 4547 praetorio
836 4480 1209 4531 incarceratnr
1256 4479 1402 4545 (101)
1445 4487 1499 4530 et
1530 4479 1746 4531 demum
1788 4496 1930 4533 anno
1985 4493 2108 4535 teta-

2228 4468 2527 4538 provincias
2560 4467 2745 4530 mittit,
2779 4482 2931 4521 num.
2974 4468 3057 4521 t2.

543 4573 611 4624 tis
647 4570 733 4632 55,
761 4570 846 4623 die
872 4581 1046 4621 λιιι-ιιιΔ
1084 4567 1408 4620 Novembris
1436 4568 1605 4633 (105),
1638 4570 1766 4620 anni
1803 4572 1955 4636 proin
1986 4572 2110 4633 767,

545 4664 783 4735 martyrii
833 4676 1090 4716 coronam
1144 4660 1353 4728 acizepit
1390 4657 1561 4727 (106).
1612 4662 1745 4713 Cum
1791 4664 1938 4714 enim
1972 4678 2115 4716 anno

545 4756 645 4811 715
675 4755 745 4807 sit
776 4753 828 4807 in
860 4753 1034 4806 lucem
1066 4751 1266 4816 editus,
1302 4758 1446 4820 patet
1477 4766 1599 4803 eum
1633 4750 1777 4806 dicto
1816 4767 1961 4806 anno
1991 4752 2112 4817 767,

547 4863 751 4903 annum
786 4846 961 4900 atatis
1013 4845 1081 4897 5'5
1102 4859 1220 4896 esse
1248 4845 1574 4913 ingressum.
1609 4841 1795 4905 Porro,
1831 4847 1870 4896 si
1902 4862 2113 4905 nienses

614 5006 725 5073 (90)
753 5006 1008 5056 Analecta
1044 5017 1233 5073 graeca,
1268 5017 1318 5070 p.
1357 5002 1459 5055 -105
1491 5013 1545 5055 et
1574 5000 1695 5055 101.

613 5078 726 5145 (91)
759 5078 951 5142 Pagius
975 5076 1041 5145 ad
1073 5092 1163 5126 an.
1205 5074 1325 5145 714.
1360 5088 1414 5126 n.
1441 5073 1560 5145 Stet
1592 5076 1653 5127 ad
1684 5091 1772 5128 an.
1817 5076 1935 5128 766.
1979 5092 2029 5129 n.
2058 5082 2109 5134 ‘2,

546 5141 637 5201 cu
672 5141 932 5198 Analecta
959 5141 1077 5204 δι’..
1108 5160 1160 5211 p.
1201 5144 1304 5196 405
1334 5154 1388 5196 et
1426 5141 1550 5205 406.

618 5214 729 5284 (92)
765 5215 1026 5269 Analecta
1059 5213 1177 5275 (in,
1220 5230 1269 5279 ι).
1310 5214 1414 5268 423
1447 5226 1499 5266 et
1535 5227 1648 5280 seq.

616 5286 728 5354 (95)
753 5284 998 5351 't‘heoPh.
1028 5284 1130 5336 loc.
1154 5287 1268 5347 cit,
1297 5300 1343 5352 ρ.
1374 5284 1497 5338 659.
1519 5284 1711 5348 i’agtus
1739 5283 1802 5336 aii
1836 5298 1955 5335 ann.
1991 5286 2110 5346 754,

547 5374 599 5411 n.
634 5358 723 5410 ιο.

619 5426 728 5495 (94)
754 5424 1100 5494 Τὴεοριτιιιι.,
1134 5442 1187 5492 p.
1228 5425 1350 5479 685.

618 5498 730 5560 ιυό)
763 5496 1020 5549 Analecta
1041 5495 1160 5556 Gn,
1189 5514 1240 5565 p.
1272 5495 1370 5549 45⁸1
1406 5504 1459 5549 et
1492 5495 1613 5549 177.

618 5567 730 5633 uio;
758 5565 912 5626 tbid.,
952 5583 1006 5632 μ.
1041 5567 1164 5618 too.

621 5640 732 5704 (97)
766 5634 1013 5702 'I‘lieoph.
1048 5635 1148 5689 loc.
1184 5640 1299 5700 cit.,
1337 5654 1386 5704 p.
1429 5636 1531 5688 6'67
1563 5645 1616 5687 et
1652 5652 1762 5699 εει).

622 5710 731 5777 (98)
762 5705 1021 5777 ῥηίδιαιᾶ
1052 5704 1167 5777 ρι’..
1202 5724 1252 5777 ιι.
1285 5711 1406 5761 475.

622 5774 733 5847 (99)
762 5775 914 5837 uno,
952 5791 1003 5843 μ.
1040 5774 1161 5830 476.

2282 4584 2482 4636 Eodem
2508 4597 2670 4646 anno,
2702 4597 2812 4635 xvii
2846 4577 3025 4633 Martii
3057 4576 3237 4645 passio
3278 4572 3336 4629 8.
3373 4573 3527 4629 Pauti
3553 4576 3790 4628 monachi

2223 4676 2275 4729 in
2296 4675 2594 4737 Creta,suh
2619 4673 2953 4739 TheOphane
2981 4669 3276 4737 Lardotyro
3306 4668 3502 4722 insulae
3535 4668 3790 4738 pia-fecre

2222 4780 2369 4815 num.
2408 4764 2488 4815 l2.

2291 4855 2487 4910 Eodem
2542 4868 2705 4917 anno,
2774 4867 2861 4905 .vvt
2922 4851 3141 4920 Aprilis,
3195 4846 3471 4905 invaditur
3528 4861 3789 4903 monaste-

2295 5008 2437 5073 tith)
2471 5006 2629 5072 tbid.,
2663 5027 2716 5077 p.
2756 5008 2880 5060 485.

2293 5080 2437 5145 (101)
2471 5079 2632 5146 tbid.,
2669 5095 2722 5146 ιι.
2762 5080 2885 5130 686.

2293 5152 2439 5214 uua;
2473 5145 2630 5209 tbid.,
2661 5145 2713 5215 ρ.
2754 5148 2878 5201 405.

2292 5220 2435 5287 tios;
2466 5219 2625 5281 nm,
2653 5235 2705 5285 p.
2742 5218 2865 5271 iss.

2297 5290 2441 5357 iiut)
2478 5290 2632 5351 tbid.,
2668 5304 2721 5358 p.
2758 5289 2859 5341 J99
2890 5297 2945 5343 et
2978 5289 3105 5347 505.

2293 5362 2438 5428 (ιυδ)
2470 5357 2630 5420 tbid.,
2666 5357 2717 5425 ν,
2751 5359 2873 5411 εει.

2289 5432 2433 5493 ιιοῦ)
2459 5429 2549 5479 Cir
2577 5428 2769 5497 Pagius
2794 5431 2857 5482 ad
2887 5446 2975 5483 an.
3012 5429 3133 5491 766,
3166 5445 3219 5482 n.
3246 5435 3301 5490 ξ,

2294 5499 2443 5569 (107)
2476 5501 2736 5569 frutecta
2772 5499 2889 5565 Gtt,
2925 5518 2974 5569 Ρ.
3014 5501 3137 5565 475,
3164 5502 3267 5558 490
3299 5516 3351 5556 et
3386 5504 3514 5560 5t8.

2290 5564 2436 5637 (106)
2471 5564 2614 5624 Edit.
2647 5571 2842 5627 Bunn..
2974 5575 3060 5625 8t.

2288 5639 2430 5705 (109)
2460 5644 2581 5691 an.
2617 5649 2733 5700 ('11.,
2765 5640 2867 5692 6H
2897 5654 2949 5693 et
2980 5645 3102 5700 686.

2294 5713 2441 5779 (110)
2480 5709 2669 5779 Pagius
2696 5716 2870 5765 adan.
2913 5712 3033 5775 765,
3070 5731 3217 5771 num.
3262 5720 3304 5771 1.
