  <div class='ocr_page' id='page_1' title='image "/cluster/home/n/w/nwhite01/storage/ocr_20150623/115/ien.35556001659887/561.png"; bbox 0 0 3968 6432; ppageno 0'>
   <div class='ocr_carea' id='block_1_1' title="bbox 546 376 690 442">
    <p class='ocr_par' dir='ltr' id='par_1_1' title="bbox 546 376 690 442">
     <span class='ocr_line' id='line_1_1' title="bbox 546 376 690 442; baseline 0 -2"><span class='ocrx_word' id='word_1_1' title='bbox 546 376 690 442; x_wconf 80' lang='grc'><strong>1103</strong></span> 
     </span>
    </p>
   </div>
   <div class='ocr_carea' id='block_1_2' title="bbox 1837 372 2508 433">
    <p class='ocr_par' dir='ltr' id='par_1_2' title="bbox 1837 372 2508 433">
     <span class='ocr_line' id='line_1_2' title="bbox 1837 372 2508 433; baseline 0 0"><span class='ocrx_word' id='word_1_2' title='bbox 1837 372 2115 433; x_wconf 76' lang='lat' dir='ltr'><strong>MENSIS</strong></span> <span class='ocrx_word' id='word_1_3' title='bbox 2144 372 2508 433; x_wconf 77' lang='lat' dir='ltr'><strong>OCTOBER.</strong></span> 
     </span>
    </p>
   </div>
   <div class='ocr_carea' id='block_1_3' title="bbox 3695 371 3827 433">
    <p class='ocr_par' dir='ltr' id='par_1_3' title="bbox 3695 371 3827 433">
     <span class='ocr_line' id='line_1_3' title="bbox 3695 371 3827 433; baseline -0.03 0"><span class='ocrx_word' id='word_1_4' title='bbox 3695 371 3827 433; x_wconf 76' lang='lat' dir='ltr'>HM</span> 
     </span>
    </p>
   </div>
   <div class='ocr_carea' id='block_1_4' title="bbox 561 490 3827 566">
    <p class='ocr_par' dir='ltr' id='par_1_4' title="bbox 561 490 3827 566">
     <span class='ocr_line' id='line_1_4' title="bbox 561 490 3827 566; baseline -0 -18"><span class='ocrx_word' id='word_1_5' title='bbox 561 510 723 548; x_wconf 84' lang='lat' dir='ltr'><strong>meon</strong></span> <span class='ocrx_word' id='word_1_6' title='bbox 776 493 1083 566; x_wconf 81' lang='lat' dir='ltr'><strong>stylitarum</strong></span> <span class='ocrx_word' id='word_1_7' title='bbox 1140 493 1537 563; x_wconf 74' lang='lat' dir='ltr'><strong>antesignanus</strong></span> <span class='ocrx_word' id='word_1_8' title='bbox 1596 492 1791 546; x_wconf 89' lang='lat' dir='ltr'><strong>colitur</strong></span> <span class='ocrx_word' id='word_1_9' title='bbox 1849 490 2019 561; x_wconf 74' lang='lat' dir='ltr'><strong>(l2l),</strong></span> <span class='ocrx_word' id='word_1_10' title='bbox 2089 498 2141 544; x_wconf 86' lang='lat' dir='ltr'><strong>et</strong></span> <span class='ocrx_word' id='word_1_11' title='bbox 2171 510 2213 558; x_wconf 68' lang='grc' dir='ltr'><strong>Α</strong></span> <span class='ocrx_word' id='word_1_12' title='bbox 2246 490 2404 543; x_wconf 84' lang='lat' dir='ltr'><strong>situm</strong></span> <span class='ocrx_word' id='word_1_13' title='bbox 2436 490 2622 555; x_wconf 85' lang='lat' dir='ltr'><strong>fuisse,</strong></span> <span class='ocrx_word' id='word_1_14' title='bbox 2655 500 2866 544; x_wconf 80' lang='lat' dir='ltr'><strong>constat</strong></span> <span class='ocrx_word' id='word_1_15' title='bbox 2904 506 2970 546; x_wconf 76' lang='lat' dir='ltr'><strong>ex</strong></span> <span class='ocrx_word' id='word_1_16' title='bbox 3000 490 3170 563; x_wconf 82' lang='lat' dir='ltr'><strong>Gyllio</strong></span> <span class='ocrx_word' id='word_1_17' title='bbox 3194 503 3250 547; x_wconf 92' lang='lat' dir='ltr'><strong>et</strong></span> <span class='ocrx_word' id='word_1_18' title='bbox 3277 490 3481 561; x_wconf 82' lang='lat' dir='ltr'><strong>Cangio</strong></span> <span class='ocrx_word' id='word_1_19' title='bbox 3514 504 3657 559; x_wconf 91' lang='lat' dir='ltr'><strong>quos</strong></span> <span class='ocrx_word' id='word_1_20' title='bbox 3675 505 3735 543; x_wconf 91' lang='lat' dir='ltr'><strong>n.</strong></span> <span class='ocrx_word' id='word_1_21' title='bbox 3764 492 3827 547; x_wconf 75' lang='lat'><strong>20</strong></span> 
     </span>
    </p>
   </div>
   <div class='ocr_carea' id='block_1_5' title="bbox 558 582 2124 655">
    <p class='ocr_par' dir='ltr' id='par_1_5' title="bbox 558 582 2124 655">
     <span class='ocr_line' id='line_1_5' title="bbox 558 582 2124 655; baseline -0.001 -16"><span class='ocrx_word' id='word_1_22' title='bbox 558 587 679 641; x_wconf 88' lang='lat' dir='ltr'><strong>aliis</strong></span> <span class='ocrx_word' id='word_1_23' title='bbox 710 586 843 640; x_wconf 89' lang='lat' dir='ltr'><strong>locis</strong></span> <span class='ocrx_word' id='word_1_24' title='bbox 872 586 1141 655; x_wconf 82' lang='lat' dir='ltr'><strong>plurimis.</strong></span> <span class='ocrx_word' id='word_1_25' title='bbox 1174 585 1258 640; x_wconf 91' lang='lat' dir='ltr'><strong>Cl.</strong></span> <span class='ocrx_word' id='word_1_26' title='bbox 1289 585 1346 640; x_wconf 90' lang='lat' dir='ltr'><strong>B.</strong></span> <span class='ocrx_word' id='word_1_27' title='bbox 1389 584 1549 649; x_wconf 88' lang='lat' dir='ltr'><strong>Hase,</strong></span> <span class='ocrx_word' id='word_1_28' title='bbox 1583 586 1662 638; x_wconf 83' lang='lat' dir='ltr'><strong>vir</strong></span> <span class='ocrx_word' id='word_1_29' title='bbox 1697 582 1895 639; x_wconf 62' lang='lat' dir='ltr'><strong>Grzcat</strong></span> <span class='ocrx_word' id='word_1_30' title='bbox 1943 582 2124 637; x_wconf 66' lang='lat' dir='ltr'><strong>erudi.</strong></span> 
     </span>
    </p>
   </div>
   <div class='ocr_carea' id='block_1_6' title="bbox 546 673 2122 744">
    <p class='ocr_par' dir='ltr' id='par_1_6' title="bbox 546 673 2122 744">
     <span class='ocr_line' id='line_1_6' title="bbox 546 673 2122 744; baseline -0.002 -11"><span class='ocrx_word' id='word_1_31' title='bbox 546 680 715 733; x_wconf 89' lang='lat' dir='ltr'><strong>tionis</strong></span> <span class='ocrx_word' id='word_1_32' title='bbox 741 678 1007 740; x_wconf 72' lang='lat' dir='ltr'><strong>maximae,</strong></span> <span class='ocrx_word' id='word_1_33' title='bbox 1032 677 1085 732; x_wconf 90' lang='lat' dir='ltr'><strong>in</strong></span> <span class='ocrx_word' id='word_1_34' title='bbox 1108 680 1253 733; x_wconf 91' lang='lat' dir='ltr'><strong>notis</strong></span> <span class='ocrx_word' id='word_1_35' title='bbox 1274 680 1339 733; x_wconf 87' lang='lat' dir='ltr'><strong>ad</strong></span> <span class='ocrx_word' id='word_1_36' title='bbox 1371 676 1609 731; x_wconf 80' lang='lat' dir='ltr'><strong>Leonem</strong></span> <span class='ocrx_word' id='word_1_37' title='bbox 1636 673 1928 729; x_wconf 81' lang='lat' dir='ltr'><strong>Diaconum</strong></span> <span class='ocrx_word' id='word_1_38' title='bbox 1950 675 2122 744; x_wconf 65' lang='grc'><strong>(122),</strong></span> 
     </span>
    </p>
   </div>
   <div class='ocr_carea' id='block_1_7' title="bbox 545 767 2128 840">
    <p class='ocr_par' dir='ltr' id='par_1_7' title="bbox 545 767 2128 840">
     <span class='ocr_line' id='line_1_7' title="bbox 545 767 2128 840; baseline -0.003 -15"><span class='ocrx_word' id='word_1_39' title='bbox 545 771 806 825; x_wconf 73' lang='lat' dir='ltr'><strong>observat</strong></span> <span class='ocrx_word' id='word_1_40' title='bbox 845 770 1059 840; x_wconf 78' lang='lat' dir='ltr'><strong>stylitas</strong></span> <span class='ocrx_word' id='word_1_41' title='bbox 1086 785 1258 839; x_wconf 85' lang='lat' dir='ltr'><strong>usque</strong></span> <span class='ocrx_word' id='word_1_42' title='bbox 1297 770 1362 823; x_wconf 89' lang='lat' dir='ltr'><strong>ad</strong></span> <span class='ocrx_word' id='word_1_43' title='bbox 1400 768 1651 822; x_wconf 64' lang='lat' dir='ltr'><strong>saeculum</strong></span> <span class='ocrx_word' id='word_1_44' title='bbox 1693 783 1764 822; x_wconf 76' lang='lat' dir='ltr'><strong>xu</strong></span> <span class='ocrx_word' id='word_1_45' title='bbox 1804 768 1855 821; x_wconf 91' lang='lat' dir='ltr'><strong>in</strong></span> <span class='ocrx_word' id='word_1_46' title='bbox 1906 767 2128 822; x_wconf 75' lang='lat' dir='ltr'><strong>Oriente</strong></span> 
     </span>
    </p>
   </div>
   <div class='ocr_carea' id='block_1_8' title="bbox 546 858 2129 931">
    <p class='ocr_par' dir='ltr' id='par_1_8' title="bbox 546 858 2129 931">
     <span class='ocr_line' id='line_1_8' title="bbox 546 858 2129 931; baseline -0.002 -17"><span class='ocrx_word' id='word_1_47' title='bbox 546 862 894 931; x_wconf 81' lang='lat' dir='ltr'><strong>perdurasse,</strong></span> <span class='ocrx_word' id='word_1_48' title='bbox 932 860 1344 929; x_wconf 85' lang='lat' dir='ltr'><strong>Papehrochius</strong></span> <span class='ocrx_word' id='word_1_49' title='bbox 1421 874 1550 912; x_wconf 81' lang='lat' dir='ltr'><strong>vero</strong></span> <span class='ocrx_word' id='word_1_50' title='bbox 1603 858 1969 928; x_wconf 90' lang='lat' dir='ltr'><strong>deprehendit</strong></span> <span class='ocrx_word' id='word_1_51' title='bbox 2035 874 2129 912; x_wconf 66' lang='lat' dir='ltr'><strong>eo.</strong></span> 
     </span>
    </p>
   </div>
   <div class='ocr_carea' id='block_1_9' title="bbox 546 949 2129 1021">
    <p class='ocr_par' dir='ltr' id='par_1_9' title="bbox 546 949 2129 1021">
     <span class='ocr_line' id='line_1_9' title="bbox 546 949 2129 1021; baseline -0.003 -14"><span class='ocrx_word' id='word_1_52' title='bbox 546 954 791 1008; x_wconf 86' lang='lat' dir='ltr'><strong>rumdem</strong></span> <span class='ocrx_word' id='word_1_53' title='bbox 854 954 1165 1006; x_wconf 90' lang='lat' dir='ltr'><strong>institutum</strong></span> <span class='ocrx_word' id='word_1_54' title='bbox 1226 952 1367 1020; x_wconf 87' lang='lat' dir='ltr'><strong>apud</strong></span> <span class='ocrx_word' id='word_1_55' title='bbox 1418 951 1705 1007; x_wconf 79' lang='lat' dir='ltr'><strong>Rutbenos</strong></span> <span class='ocrx_word' id='word_1_56' title='bbox 1760 951 1997 1021; x_wconf 74' lang='lat' dir='ltr'><strong>viguisse</strong></span> <span class='ocrx_word' id='word_1_57' title='bbox 2064 949 2129 1002; x_wconf 87' lang='lat' dir='ltr'><strong>ad</strong></span> 
     </span>
    </p>
   </div>
   <div class='ocr_carea' id='block_1_10' title="bbox 546 1044 1330 1115">
    <p class='ocr_par' dir='ltr' id='par_1_10' title="bbox 546 1044 1330 1115">
     <span class='ocr_line' id='line_1_10' title="bbox 546 1044 1330 1115; baseline -0.003 -16"><span class='ocrx_word' id='word_1_58' title='bbox 546 1060 642 1100; x_wconf 85' lang='lat' dir='ltr'><strong>sua</strong></span> <span class='ocrx_word' id='word_1_59' title='bbox 679 1060 849 1113; x_wconf 89' lang='lat' dir='ltr'><strong>usque</strong></span> <span class='ocrx_word' id='word_1_60' title='bbox 879 1054 1123 1113; x_wconf 89' lang='lat' dir='ltr'><strong>tempora</strong></span> <span class='ocrx_word' id='word_1_61' title='bbox 1155 1044 1330 1115; x_wconf 70' lang='grc'><strong>(125).</strong></span> 
     </span>
    </p>
   </div>
   <div class='ocr_carea' id='block_1_11' title="bbox 618 1132 2130 1204">
    <p class='ocr_par' dir='ltr' id='par_1_11' title="bbox 618 1132 2130 1204">
     <span class='ocr_line' id='line_1_11' title="bbox 618 1132 2130 1204; baseline -0.003 -15"><span class='ocrx_word' id='word_1_62' title='bbox 618 1135 708 1190; x_wconf 72' lang='grc'><strong>29.</strong></span> <span class='ocrx_word' id='word_1_63' title='bbox 766 1135 955 1196; x_wconf 88' lang='lat' dir='ltr'><strong>Porro,</strong></span> <span class='ocrx_word' id='word_1_64' title='bbox 1004 1135 1048 1188; x_wconf 91' lang='lat' dir='ltr'><strong>si</strong></span> <span class='ocrx_word' id='word_1_65' title='bbox 1128 1135 1414 1204; x_wconf 74' lang='lat' dir='ltr'><strong>styliticam</strong></span> <span class='ocrx_word' id='word_1_66' title='bbox 1487 1134 1648 1187; x_wconf 85' lang='lat' dir='ltr'><strong>vitam</strong></span> <span class='ocrx_word' id='word_1_67' title='bbox 1722 1132 1779 1185; x_wconf 88' lang='grc'><strong>5.</strong></span> <span class='ocrx_word' id='word_1_68' title='bbox 1858 1132 2130 1187; x_wconf 72' lang='lat' dir='ltr'><strong>Andream</strong></span> 
     </span>
    </p>
   </div>
   <div class='ocr_carea' id='block_1_12' title="bbox 546 1226 2129 1297">
    <p class='ocr_par' dir='ltr' id='par_1_12' title="bbox 546 1226 2129 1297">
     <span class='ocr_line' id='line_1_12' title="bbox 546 1226 2129 1297; baseline -0.001 -16"><span class='ocrx_word' id='word_1_69' title='bbox 546 1228 854 1297; x_wconf 81' lang='lat' dir='ltr'><strong>amplexum</strong></span> <span class='ocrx_word' id='word_1_70' title='bbox 881 1241 1002 1281; x_wconf 87' lang='lat' dir='ltr'><strong>esse</strong></span> <span class='ocrx_word' id='word_1_71' title='bbox 1034 1226 1216 1281; x_wconf 90' lang='lat' dir='ltr'><strong>minus</strong></span> <span class='ocrx_word' id='word_1_72' title='bbox 1249 1226 1476 1280; x_wconf 81' lang='lat' dir='ltr'><strong>evidens</strong></span> <span class='ocrx_word' id='word_1_73' title='bbox 1523 1236 1627 1291; x_wconf 85' lang='lat' dir='ltr'><strong>cst,</strong></span> <span class='ocrx_word' id='word_1_74' title='bbox 1675 1238 1822 1281; x_wconf 90' lang='lat' dir='ltr'><strong>certe</strong></span> <span class='ocrx_word' id='word_1_75' title='bbox 1853 1241 1977 1279; x_wconf 82' lang='lat' dir='ltr'><strong>cum</strong></span> <span class='ocrx_word' id='word_1_76' title='bbox 2012 1242 2129 1279; x_wconf 82' lang='lat' dir='ltr'><strong>mo-</strong></span> 
     </span>
    </p>
   </div>
   <div class='ocr_carea' id='block_1_13' title="bbox 547 1317 2129 1379">
    <p class='ocr_par' dir='ltr' id='par_1_13' title="bbox 547 1317 2129 1379">
     <span class='ocr_line' id='line_1_13' title="bbox 547 1317 2129 1379; baseline 0 -10"><span class='ocrx_word' id='word_1_77' title='bbox 547 1320 782 1373; x_wconf 86' lang='lat' dir='ltr'><strong>nachum</strong></span> <span class='ocrx_word' id='word_1_78' title='bbox 815 1318 896 1372; x_wconf 90' lang='lat' dir='ltr'><strong>vel</strong></span> <span class='ocrx_word' id='word_1_79' title='bbox 938 1318 1333 1375; x_wconf 77' lang='lat' dir='ltr'><strong>.anachoretam</strong></span> <span class='ocrx_word' id='word_1_80' title='bbox 1390 1317 1577 1379; x_wconf 82' lang='lat' dir='ltr'><strong>fuisse,</strong></span> <span class='ocrx_word' id='word_1_81' title='bbox 1626 1334 1787 1372; x_wconf 88' lang='lat' dir='ltr'><strong>nemo</strong></span> <span class='ocrx_word' id='word_1_82' title='bbox 1834 1318 2129 1372; x_wconf 87' lang='lat' dir='ltr'><strong>dubitabit.</strong></span> 
     </span>
    </p>
   </div>
   <div class='ocr_carea' id='block_1_14' title="bbox 546 1404 2133 1470">
    <p class='ocr_par' dir='ltr' id='par_1_14' title="bbox 546 1404 2133 1470">
     <span class='ocr_line' id='line_1_14' title="bbox 546 1404 2133 1470; baseline -0.001 -9"><span class='ocrx_word' id='word_1_83' title='bbox 546 1406 839 1462; x_wconf 84' lang='lat' dir='ltr'><strong>Permultis</strong></span> <span class='ocrx_word' id='word_1_84' title='bbox 878 1405 931 1460; x_wconf 89' lang='lat' dir='ltr'><strong>id</strong></span> <span class='ocrx_word' id='word_1_85' title='bbox 976 1404 1307 1460; x_wconf 83' lang='lat' dir='ltr'><strong>testimoniis</strong></span> <span class='ocrx_word' id='word_1_86' title='bbox 1331 1406 1635 1466; x_wconf 79' lang='lat' dir='ltr'><strong>adstruere.</strong></span> <span class='ocrx_word' id='word_1_87' title='bbox 1690 1406 1869 1470; x_wconf 88' lang='lat' dir='ltr'><strong>facile,</strong></span> <span class='ocrx_word' id='word_1_88' title='bbox 1918 1408 2011 1460; x_wconf 88' lang='lat' dir='ltr'><strong>sed</strong></span> <span class='ocrx_word' id='word_1_89' title='bbox 2044 1423 2133 1459; x_wconf 87' lang='lat' dir='ltr'><strong>su-</strong></span> 
     </span>
    </p>
   </div>
   <div class='ocr_carea' id='block_1_15' title="bbox 549 1498 2131 1571">
    <p class='ocr_par' dir='ltr' id='par_1_15' title="bbox 549 1498 2131 1571">
     <span class='ocr_line' id='line_1_15' title="bbox 549 1498 2131 1571; baseline -0.002 -15"><span class='ocrx_word' id='word_1_90' title='bbox 549 1514 943 1571; x_wconf 82' lang='lat' dir='ltr'><strong>pervacaneum</strong></span> <span class='ocrx_word' id='word_1_91' title='bbox 989 1498 1163 1554; x_wconf 84' lang='lat' dir='ltr'><strong>foret:</strong></span> <span class='ocrx_word' id='word_1_92' title='bbox 1192 1514 1293 1553; x_wconf 88' lang='lat' dir='ltr'><strong>nec</strong></span> <span class='ocrx_word' id='word_1_93' title='bbox 1339 1499 1487 1553; x_wconf 83' lang='lat' dir='ltr'><strong>aliud</strong></span> <span class='ocrx_word' id='word_1_94' title='bbox 1534 1500 1623 1553; x_wconf 88' lang='lat' dir='ltr'><strong>hic</strong></span> <span class='ocrx_word' id='word_1_95' title='bbox 1655 1499 1934 1553; x_wconf 76' lang='lat' dir='ltr'><strong>aﬂ‘erimus</strong></span> <span class='ocrx_word' id='word_1_96' title='bbox 1970 1515 2131 1569; x_wconf 86' lang='lat' dir='ltr'><strong>quant</strong></span> 
     </span>
    </p>
   </div>
   <div class='ocr_carea' id='block_1_16' title="bbox 547 1591 2131 1660">
    <p class='ocr_par' dir='ltr' id='par_1_16' title="bbox 547 1591 2131 1660">
     <span class='ocr_line' id='line_1_16' title="bbox 547 1591 2131 1660; baseline -0.001 -14"><span class='ocrx_word' id='word_1_97' title='bbox 547 1607 810 1646; x_wconf 90' lang='lat' dir='ltr'><strong>canonem</strong></span> <span class='ocrx_word' id='word_1_98' title='bbox 842 1591 951 1660; x_wconf 85' lang='lat' dir='ltr'><strong>jam</strong></span> <span class='ocrx_word' id='word_1_99' title='bbox 1000 1591 1300 1654; x_wconf 87' lang='lat' dir='ltr'><strong>laudatum,</strong></span> <span class='ocrx_word' id='word_1_100' title='bbox 1347 1600 1475 1644; x_wconf 89' lang='lat' dir='ltr'><strong>ante</strong></span> <span class='ocrx_word' id='word_1_101' title='bbox 1514 1591 1751 1645; x_wconf 90' lang='lat' dir='ltr'><strong>medium</strong></span> <span class='ocrx_word' id='word_1_102' title='bbox 1785 1592 2046 1645; x_wconf 68' lang='lat' dir='ltr'><strong>saeculum</strong></span> <span class='ocrx_word' id='word_1_103' title='bbox 2081 1608 2131 1644; x_wconf 76' lang='lat' dir='ltr'><strong>ix</strong></span> 
     </span>
    </p>
   </div>
   <div class='ocr_carea' id='block_1_17' title="bbox 546 1682 2135 1753">
    <p class='ocr_par' dir='ltr' id='par_1_17' title="bbox 546 1682 2135 1753">
     <span class='ocr_line' id='line_1_17' title="bbox 546 1682 2135 1753; baseline -0.001 -16"><span class='ocrx_word' id='word_1_104' title='bbox 546 1700 577 1737; x_wconf 86' lang='lat' dir='ltr'><strong>a</strong></span> <span class='ocrx_word' id='word_1_105' title='bbox 633 1682 693 1737; x_wconf 94' lang='lat' dir='ltr'><strong>S.</strong></span> <span class='ocrx_word' id='word_1_106' title='bbox 742 1682 981 1753; x_wconf 82' lang='lat' dir='ltr'><strong>Josepho</strong></span> <span class='ocrx_word' id='word_1_107' title='bbox 1020 1683 1389 1752; x_wconf 84' lang='lat' dir='ltr'><strong>conscriptum</strong></span> <span class='ocrx_word' id='word_1_108' title='bbox 1427 1682 1599 1751; x_wconf 74' lang='grc'><strong>(121).</strong></span> <span class='ocrx_word' id='word_1_109' title='bbox 1651 1682 1724 1735; x_wconf 89' lang='lat' dir='ltr'><strong>lbi</strong></span> <span class='ocrx_word' id='word_1_110' title='bbox 1792 1683 1977 1753; x_wconf 79' lang='lat' dir='ltr'><strong>igitur,</strong></span> <span class='ocrx_word' id='word_1_111' title='bbox 2033 1684 2135 1735; x_wconf 85' lang='lat' dir='ltr'><strong>ode</strong></span> 
     </span>
    </p>
   </div>
   <div class='ocr_carea' id='block_1_18' title="bbox 547 1772 2133 1845">
    <p class='ocr_par' dir='ltr' id='par_1_18' title="bbox 547 1772 2133 1845">
     <span class='ocr_line' id='line_1_18' title="bbox 547 1772 2133 1845; baseline -0.001 -17"><span class='ocrx_word' id='word_1_112' title='bbox 547 1776 743 1845; x_wconf 84' lang='lat' dir='ltr'><strong>prima,</strong></span> <span class='ocrx_word' id='word_1_113' title='bbox 766 1776 1001 1844; x_wconf 82' lang='lat' dir='ltr'><strong>trOpario</strong></span> <span class='ocrx_word' id='word_1_114' title='bbox 1034 1774 1213 1839; x_wconf 85' lang='lat' dir='ltr'><strong>tertio,</strong></span> <span class='ocrx_word' id='word_1_115' title='bbox 1278 1772 1537 1826; x_wconf 87' lang='lat' dir='ltr'><strong>Sanctum</strong></span> <span class='ocrx_word' id='word_1_116' title='bbox 1568 1792 1595 1825; x_wconf 88' lang='lat' dir='ltr'><strong>a</strong></span> <span class='ocrx_word' id='word_1_117' title='bbox 1620 1774 1904 1842; x_wconf 82' lang='lat' dir='ltr'><strong>juventute</strong></span> <span class='ocrx_word' id='word_1_118' title='bbox 1919 1784 2133 1842; x_wconf 81' lang='lat' dir='ltr'><strong>captum</strong></span> 
     </span>
    </p>
   </div>
   <div class='ocr_carea' id='block_1_19' title="bbox 2226 584 3827 654">
    <p class='ocr_par' dir='ltr' id='par_1_19' title="bbox 2226 584 3827 654">
     <span class='ocr_line' id='line_1_19' title="bbox 2226 584 3827 654; baseline 0.002 -17"><span class='ocrx_word' id='word_1_119' title='bbox 2226 585 2575 645; x_wconf 75' lang='lat' dir='ltr'><strong>adduximus.</strong></span> <span class='ocrx_word' id='word_1_120' title='bbox 2608 595 2661 638; x_wconf 86' lang='lat' dir='ltr'><strong>et</strong></span> <span class='ocrx_word' id='word_1_121' title='bbox 2694 600 2819 639; x_wconf 78' lang='lat' dir='ltr'><strong>cum</strong></span> <span class='ocrx_word' id='word_1_122' title='bbox 2856 587 3067 654; x_wconf 75' lang='lat' dir='ltr'><strong>(Ipoliin</strong></span> <span class='ocrx_word' id='word_1_123' title='bbox 3101 602 3165 639; x_wconf 75' lang='lat' dir='ltr'><strong>ex</strong></span> <span class='ocrx_word' id='word_1_124' title='bbox 3206 596 3363 654; x_wconf 88' lang='lat' dir='ltr'><strong>portu</strong></span> <span class='ocrx_word' id='word_1_125' title='bbox 3396 584 3827 640; x_wconf 71' lang='lat' dir='ltr'><strong>advenientibus</strong></span> 
     </span>
    </p>
   </div>
   <div class='ocr_carea' id='block_1_20' title="bbox 2228 677 3827 747">
    <p class='ocr_par' dir='ltr' id='par_1_20' title="bbox 2228 677 3827 747">
     <span class='ocr_line' id='line_1_20' title="bbox 2228 677 3827 747; baseline 0.001 -18"><span class='ocrx_word' id='word_1_126' title='bbox 2228 677 2364 730; x_wconf 89' lang='lat' dir='ltr'><strong>ultra</strong></span> <span class='ocrx_word' id='word_1_127' title='bbox 2390 678 2576 729; x_wconf 85' lang='lat' dir='ltr'><strong>urbem</strong></span> <span class='ocrx_word' id='word_1_128' title='bbox 2607 687 2774 738; x_wconf 88' lang='lat' dir='ltr'><strong>esset,</strong></span> <span class='ocrx_word' id='word_1_129' title='bbox 2802 677 2925 732; x_wconf 88' lang='lat' dir='ltr'><strong>ideo</strong></span> <span class='ocrx_word' id='word_1_130' title='bbox 2956 680 3009 732; x_wconf 95' lang='lat' dir='ltr'><strong>in</strong></span> <span class='ocrx_word' id='word_1_131' title='bbox 3037 679 3185 733; x_wconf 81' lang='lat' dir='ltr'><strong>Actis</strong></span> <span class='ocrx_word' id='word_1_132' title='bbox 3213 677 3488 747; x_wconf 82' lang='lat' dir='ltr'><strong>prioribus</strong></span> <span class='ocrx_word' id='word_1_133' title='bbox 3522 678 3576 729; x_wconf 91' lang='lat' dir='ltr'><strong>iu</strong></span> <span class='ocrx_word' id='word_1_134' title='bbox 3600 692 3827 747; x_wconf 75' lang='lat' dir='ltr'><strong>synan-</strong></span> 
     </span>
    </p>
   </div>
   <div class='ocr_carea' id='block_1_21' title="bbox 2231 768 3826 841">
    <p class='ocr_par' dir='ltr' id='par_1_21' title="bbox 2231 768 3826 841">
     <span class='ocr_line' id='line_1_21' title="bbox 2231 768 3826 841; baseline -0.001 -18"><span class='ocrx_word' id='word_1_135' title='bbox 2231 770 2314 823; x_wconf 89' lang='lat' dir='ltr'><strong>rio</strong></span> <span class='ocrx_word' id='word_1_136' title='bbox 2348 768 2760 830; x_wconf 75' lang='lat' dir='ltr'><strong>Mediolanensi,</strong></span> <span class='ocrx_word' id='word_1_137' title='bbox 2806 774 2947 838; x_wconf 86' lang='lat' dir='ltr'><strong>quod</strong></span> <span class='ocrx_word' id='word_1_138' title='bbox 2990 770 3017 841; x_wconf 60' lang='grc' dir='ltr'>ᾗ</span> <span class='ocrx_word' id='word_1_139' title='bbox 3050 788 3062 824; x_wconf 93' lang='grc' dir='ltr'><strong>ι</strong></span> <span class='ocrx_word' id='word_1_140' title='bbox 3096 788 3357 825; x_wconf 77' lang='lat' dir='ltr'><strong>cxcusnm</strong></span> <span class='ocrx_word' id='word_1_141' title='bbox 3391 781 3500 830; x_wconf 87' lang='lat' dir='ltr'><strong>est,</strong></span> <span class='ocrx_word' id='word_1_142' title='bbox 3535 783 3595 824; x_wconf 88' lang='lat' dir='ltr'><strong>et</strong></span> <span class='ocrx_word' id='word_1_143' title='bbox 3630 772 3681 822; x_wconf 89' lang='lat' dir='ltr'><strong>in</strong></span> <span class='ocrx_word' id='word_1_144' title='bbox 3714 768 3826 822; x_wconf 89' lang='lat' dir='ltr'><strong>Sir-</strong></span> 
     </span>
    </p>
   </div>
   <div class='ocr_carea' id='block_1_22' title="bbox 2235 861 3823 930">
    <p class='ocr_par' dir='ltr' id='par_1_22' title="bbox 2235 861 3823 930">
     <span class='ocr_line' id='line_1_22' title="bbox 2235 861 3823 930; baseline 0.002 -18"><span class='ocrx_word' id='word_1_145' title='bbox 2235 861 2529 913; x_wconf 87' lang='lat' dir='ltr'><strong>mondiano</strong></span> <span class='ocrx_word' id='word_1_146' title='bbox 2553 875 2680 924; x_wconf 89' lang='lat' dir='ltr'><strong>ms.,</strong></span> <span class='ocrx_word' id='word_1_147' title='bbox 2708 862 2967 928; x_wconf 78' lang='lat' dir='ltr'><strong>palatium</strong></span> <span class='ocrx_word' id='word_1_148' title='bbox 2995 865 3102 917; x_wconf 78' lang='lat' dir='ltr'><strong>divi</strong></span> <span class='ocrx_word' id='word_1_149' title='bbox 3131 863 3416 916; x_wconf 79' lang='lat' dir='ltr'><strong>Mamantis</strong></span> <span class='ocrx_word' id='word_1_150' title='bbox 3446 864 3631 930; x_wconf 74' lang='grc' dir='ltr'>πέραν</span> <span class='ocrx_word' id='word_1_151' title='bbox 3664 864 3823 916; x_wconf 90' lang='lat' dir='ltr'><strong>situm</strong></span> 
     </span>
    </p>
   </div>
   <div class='ocr_carea' id='block_1_23' title="bbox 2230 949 3822 1022">
    <p class='ocr_par' dir='ltr' id='par_1_23' title="bbox 2230 949 3822 1022">
     <span class='ocr_line' id='line_1_23' title="bbox 2230 949 3822 1022; baseline 0.003 -22"><span class='ocrx_word' id='word_1_152' title='bbox 2230 949 2530 1007; x_wconf 82' lang='lat' dir='ltr'><strong>dicitur.‘id</strong></span> <span class='ocrx_word' id='word_1_153' title='bbox 2554 960 2657 1009; x_wconf 82' lang='lat' dir='ltr'><strong>cst,</strong></span> <span class='ocrx_word' id='word_1_154' title='bbox 2681 950 2817 1002; x_wconf 87' lang='lat' dir='ltr'><strong>ultra</strong></span> <span class='ocrx_word' id='word_1_155' title='bbox 2854 953 3059 1005; x_wconf 83' lang='lat' dir='ltr'><strong>urbem.</strong></span> <span class='ocrx_word' id='word_1_156' title='bbox 3092 951 3231 1006; x_wconf 91' lang='lat' dir='ltr'><strong>Idem</strong></span> <span class='ocrx_word' id='word_1_157' title='bbox 3267 955 3530 1022; x_wconf 80' lang='lat' dir='ltr'><strong>palatium</strong></span> <span class='ocrx_word' id='word_1_158' title='bbox 3568 950 3822 1020; x_wconf 69' lang='lat' dir='ltr'><strong>Symeoni</strong></span> 
     </span>
    </p>
   </div>
   <div class='ocr_carea' id='block_1_24' title="bbox 2233 1038 3822 1111">
    <p class='ocr_par' dir='ltr' id='par_1_24' title="bbox 2233 1038 3822 1111">
     <span class='ocr_line' id='line_1_24' title="bbox 2233 1038 3822 1111; baseline 0.001 -20"><span class='ocrx_word' id='word_1_159' title='bbox 2233 1038 2609 1107; x_wconf 59' lang='lat' dir='ltr'><strong>Metaphrttsta</strong></span> <span class='ocrx_word' id='word_1_160' title='bbox 2635 1043 2723 1109; x_wconf 84' lang='lat' dir='ltr'><strong>qui</strong></span> <span class='ocrx_word' id='word_1_161' title='bbox 2747 1039 2894 1108; x_wconf 80' lang='lat' dir='ltr'><strong>Cpoli</strong></span> <span class='ocrx_word' id='word_1_162' title='bbox 2921 1043 3173 1111; x_wconf 70' lang='lat' dir='ltr'><strong>desebat,</strong></span> <span class='ocrx_word' id='word_1_163' title='bbox 3194 1046 3244 1096; x_wconf 85' lang='lat' dir='ltr'><strong>in</strong></span> <span class='ocrx_word' id='word_1_164' title='bbox 3275 1046 3423 1095; x_wconf 81' lang='lat' dir='ltr'><strong>Actis</strong></span> <span class='ocrx_word' id='word_1_165' title='bbox 3460 1058 3619 1094; x_wconf 89' lang='lat' dir='ltr'><strong>nurn.</strong></span> <span class='ocrx_word' id='word_1_166' title='bbox 3642 1043 3695 1097; x_wconf 80' lang='lat'><strong>6.</strong></span> <span class='ocrx_word' id='word_1_167' title='bbox 3723 1058 3822 1094; x_wconf 87' lang='lat' dir='ltr'><strong>non</strong></span> 
     </span>
    </p>
   </div>
   <div class='ocr_carea' id='block_1_25' title="bbox 2232 1134 3822 1202">
    <p class='ocr_par' dir='ltr' id='par_1_25' title="bbox 2232 1134 3822 1202">
     <span class='ocr_line' id='line_1_25' title="bbox 2232 1134 3822 1202; baseline -0.001 -16"><span class='ocrx_word' id='word_1_168' title='bbox 2232 1134 2395 1193; x_wconf 88' lang='lat' dir='ltr'><strong>ultra,</strong></span> <span class='ocrx_word' id='word_1_169' title='bbox 2429 1134 2519 1186; x_wconf 75' lang='lat' dir='ltr'><strong>sed</strong></span> <span class='ocrx_word' id='word_1_170' title='bbox 2550 1144 2675 1186; x_wconf 82' lang='lat' dir='ltr'><strong>ante</strong></span> <span class='ocrx_word' id='word_1_171' title='bbox 2720 1135 2909 1187; x_wconf 83' lang='lat' dir='ltr'><strong>urbem</strong></span> <span class='ocrx_word' id='word_1_172' title='bbox 2965 1135 3196 1199; x_wconf 89' lang='lat' dir='ltr'><strong>dicitur;</strong></span> <span class='ocrx_word' id='word_1_173' title='bbox 3234 1137 3457 1187; x_wconf 79' lang='lat' dir='ltr'><strong>demum</strong></span> <span class='ocrx_word' id='word_1_174' title='bbox 3501 1135 3740 1202; x_wconf 79' lang='lat' dir='ltr'><strong>Cangius</strong></span> <span class='ocrx_word' id='word_1_175' title='bbox 3775 1136 3822 1185; x_wconf 88' lang='lat' dir='ltr'><strong>in</strong></span> 
     </span>
    </p>
   </div>
   <div class='ocr_carea' id='block_1_26' title="bbox 2231 1220 3822 1299">
    <p class='ocr_par' dir='ltr' id='par_1_26' title="bbox 2231 1220 3822 1299">
     <span class='ocr_line' id='line_1_26' title="bbox 2231 1220 3822 1299; baseline 0 -24"><span class='ocrx_word' id='word_1_176' title='bbox 2231 1222 2506 1275; x_wconf 84' lang='lat' dir='ltr'><strong>Chronico</strong></span> <span class='ocrx_word' id='word_1_177' title='bbox 2542 1220 2740 1275; x_wconf 78' lang='lat' dir='ltr'><strong>Pascali</strong></span> <span class='ocrx_word' id='word_1_178' title='bbox 2771 1224 2922 1299; x_wconf 68' lang='grc' dir='ltr'><strong>(1ἳ9)</strong></span> <span class='ocrx_word' id='word_1_179' title='bbox 2952 1228 3123 1291; x_wconf 74' lang='grc' dir='ltr'><strong>πέρα-ι</strong></span> <span class='ocrx_word' id='word_1_180' title='bbox 3146 1226 3301 1277; x_wconf 77' lang='lat' dir='ltr'><strong>vertit</strong></span> <span class='ocrx_word' id='word_1_181' title='bbox 3328 1241 3342 1277; x_wconf 91' lang='lat'>:</span> <span class='ocrx_word' id='word_1_182' title='bbox 3380 1240 3574 1276; x_wconf 85' lang='lat' dir='ltr'><strong>versus</strong></span> <span class='ocrx_word' id='word_1_183' title='bbox 3608 1225 3822 1285; x_wconf 84' lang='lat' dir='ltr'><strong>fretum,</strong></span> 
     </span>
    </p>
   </div>
   <div class='ocr_carea' id='block_1_27' title="bbox 2232 1316 3822 1386">
    <p class='ocr_par' dir='ltr' id='par_1_27' title="bbox 2232 1316 3822 1386">
     <span class='ocr_line' id='line_1_27' title="bbox 2232 1316 3822 1386; baseline 0.001 -18"><span class='ocrx_word' id='word_1_184' title='bbox 2232 1316 2498 1383; x_wconf 77' lang='lat' dir='ltr'><strong>siquidem</strong></span> <span class='ocrx_word' id='word_1_185' title='bbox 2528 1317 2672 1369; x_wconf 71' lang='lat' dir='ltr'><strong>aedes</strong></span> <span class='ocrx_word' id='word_1_186' title='bbox 2698 1318 2754 1369; x_wconf 86' lang='grc'><strong>5.</strong></span> <span class='ocrx_word' id='word_1_187' title='bbox 2788 1318 3076 1369; x_wconf 76' lang='lat' dir='ltr'><strong>Mam-antis</strong></span> <span class='ocrx_word' id='word_1_188' title='bbox 3100 1319 3165 1371; x_wconf 87' lang='lat' dir='ltr'><strong>de</strong></span> <span class='ocrx_word' id='word_1_189' title='bbox 3196 1334 3303 1386; x_wconf 90' lang='lat' dir='ltr'><strong>quo</strong></span> <span class='ocrx_word' id='word_1_190' title='bbox 3339 1318 3443 1371; x_wconf 88' lang='lat' dir='ltr'><strong>hoc</strong></span> <span class='ocrx_word' id='word_1_191' title='bbox 3470 1318 3597 1371; x_wconf 88' lang='lat' dir='ltr'><strong>loco</strong></span> <span class='ocrx_word' id='word_1_192' title='bbox 3628 1331 3822 1379; x_wconf 83' lang='lat' dir='ltr'><strong>sermo.</strong></span> 
     </span>
    </p>
   </div>
   <div class='ocr_carea' id='block_1_28' title="bbox 2236 1406 3504 1478">
    <p class='ocr_par' dir='ltr' id='par_1_28' title="bbox 2236 1406 3504 1478">
     <span class='ocr_line' id='line_1_28' title="bbox 2236 1406 3504 1478; baseline 0.002 -17"><span class='ocrx_word' id='word_1_193' title='bbox 2236 1408 2375 1461; x_wconf 85' lang='lat' dir='ltr'><strong>freto</strong></span> <span class='ocrx_word' id='word_1_194' title='bbox 2404 1406 2631 1477; x_wconf 68' lang='lat' dir='ltr'><strong>Syczno</strong></span> <span class='ocrx_word' id='word_1_195' title='bbox 2663 1424 2756 1461; x_wconf 89' lang='lat' dir='ltr'><strong>seu</strong></span> <span class='ocrx_word' id='word_1_196' title='bbox 2791 1408 3050 1462; x_wconf 83' lang='lat' dir='ltr'><strong>Ceratino</strong></span> <span class='ocrx_word' id='word_1_197' title='bbox 3082 1414 3323 1478; x_wconf 70' lang='lat' dir='ltr'><strong>proxima</strong></span> <span class='ocrx_word' id='word_1_198' title='bbox 3361 1421 3504 1464; x_wconf 83' lang='lat' dir='ltr'><strong>erat.</strong></span> 
     </span>
    </p>
   </div>
   <div class='ocr_carea' id='block_1_29' title="bbox 2306 1498 3820 1568">
    <p class='ocr_par' dir='ltr' id='par_1_29' title="bbox 2306 1498 3820 1568">
     <span class='ocr_line' id='line_1_29' title="bbox 2306 1498 3820 1568; baseline -0.001 -14"><span class='ocrx_word' id='word_1_199' title='bbox 2306 1498 2395 1554; x_wconf 77' lang='grc'><strong>51.</strong></span> <span class='ocrx_word' id='word_1_200' title='bbox 2452 1500 2509 1553; x_wconf 88' lang='grc'><strong>5.</strong></span> <span class='ocrx_word' id='word_1_201' title='bbox 2541 1500 2806 1563; x_wconf 76' lang='lat' dir='ltr'><strong>Andreas,</strong></span> <span class='ocrx_word' id='word_1_202' title='bbox 2836 1516 2957 1553; x_wconf 92' lang='lat' dir='ltr'><strong>cum</strong></span> <span class='ocrx_word' id='word_1_203' title='bbox 2989 1500 3333 1568; x_wconf 77' lang='lat' dir='ltr'><strong>COpronymo</strong></span> <span class='ocrx_word' id='word_1_204' title='bbox 3359 1502 3611 1558; x_wconf 82' lang='lat' dir='ltr'><strong>furOrem</strong></span> <span class='ocrx_word' id='word_1_205' title='bbox 3672 1514 3820 1553; x_wconf 81' lang='lat' dir='ltr'><strong>suum</strong></span> 
     </span>
    </p>
   </div>
   <div class='ocr_carea' id='block_1_30' title="bbox 2237 1586 3825 1657">
    <p class='ocr_par' dir='ltr' id='par_1_30' title="bbox 2237 1586 3825 1657">
     <span class='ocr_line' id='line_1_30' title="bbox 2237 1586 3825 1657; baseline 0.001 -17"><span class='ocrx_word' id='word_1_206' title='bbox 2237 1586 2289 1640; x_wconf 83' lang='lat' dir='ltr'><strong>in</strong></span> <span class='ocrx_word' id='word_1_207' title='bbox 2361 1586 2624 1657; x_wconf 79' lang='lat' dir='ltr'><strong>imagines</strong></span> <span class='ocrx_word' id='word_1_208' title='bbox 2705 1598 2886 1640; x_wconf 84' lang='lat' dir='ltr'><strong>sacras</strong></span> <span class='ocrx_word' id='word_1_209' title='bbox 2962 1602 3260 1655; x_wconf 86' lang='lat' dir='ltr'><strong>earumque</strong></span> <span class='ocrx_word' id='word_1_210' title='bbox 3324 1589 3573 1641; x_wconf 80' lang='lat' dir='ltr'><strong>cultores</strong></span> <span class='ocrx_word' id='word_1_211' title='bbox 3636 1604 3825 1653; x_wconf 72' lang='lat' dir='ltr'><strong>expro-</strong></span> 
     </span>
    </p>
   </div>
   <div class='ocr_carea' id='block_1_31' title="bbox 2236 1677 3826 1746">
    <p class='ocr_par' dir='ltr' id='par_1_31' title="bbox 2236 1677 3826 1746">
     <span class='ocr_line' id='line_1_31' title="bbox 2236 1677 3826 1746; baseline 0.001 -16"><span class='ocrx_word' id='word_1_212' title='bbox 2236 1678 2466 1741; x_wconf 85' lang='lat' dir='ltr'><strong>brasset,</strong></span> <span class='ocrx_word' id='word_1_213' title='bbox 2508 1678 2651 1731; x_wconf 85' lang='lat' dir='ltr'><strong>varia</strong></span> <span class='ocrx_word' id='word_1_214' title='bbox 2700 1691 3015 1746; x_wconf 77' lang='lat' dir='ltr'><strong>perpeSsus,</strong></span> <span class='ocrx_word' id='word_1_215' title='bbox 3051 1687 3107 1730; x_wconf 91' lang='lat' dir='ltr'><strong>ut</strong></span> <span class='ocrx_word' id='word_1_216' title='bbox 3145 1681 3197 1730; x_wconf 90' lang='lat' dir='ltr'><strong>in</strong></span> <span class='ocrx_word' id='word_1_217' title='bbox 3244 1677 3396 1731; x_wconf 83' lang='lat' dir='ltr'><strong>Actis</strong></span> <span class='ocrx_word' id='word_1_218' title='bbox 3451 1678 3715 1740; x_wconf 81' lang='lat' dir='ltr'><strong>refertur,</strong></span> <span class='ocrx_word' id='word_1_219' title='bbox 3741 1680 3826 1732; x_wconf 82' lang='lat' dir='ltr'><strong>de-</strong></span> 
     </span>
    </p>
   </div>
   <div class='ocr_carea' id='block_1_32' title="bbox 2241 1768 3823 1838">
    <p class='ocr_par' dir='ltr' id='par_1_32' title="bbox 2241 1768 3823 1838">
     <span class='ocr_line' id='line_1_32' title="bbox 2241 1768 3823 1838; baseline 0.002 -18"><span class='ocrx_word' id='word_1_220' title='bbox 2241 1785 2385 1821; x_wconf 84' lang='lat' dir='ltr'><strong>mum</strong></span> <span class='ocrx_word' id='word_1_221' title='bbox 2424 1770 2475 1821; x_wconf 92' lang='lat' dir='ltr'><strong>in</strong></span> <span class='ocrx_word' id='word_1_222' title='bbox 2502 1783 2709 1823; x_wconf 88' lang='lat' dir='ltr'><strong>arctum</strong></span> <span class='ocrx_word' id='word_1_223' title='bbox 2748 1768 3063 1838; x_wconf 74' lang='lat' dir='ltr'><strong>foedumque</strong></span> <span class='ocrx_word' id='word_1_224' title='bbox 3098 1784 3374 1823; x_wconf 86' lang='lat' dir='ltr'><strong>carcerem</strong></span> <span class='ocrx_word' id='word_1_225' title='bbox 3408 1772 3700 1838; x_wconf 81' lang='lat' dir='ltr'><strong>cciijectus</strong></span> <span class='ocrx_word' id='word_1_226' title='bbox 3728 1779 3823 1824; x_wconf 86' lang='lat' dir='ltr'><strong>est.</strong></span> 
     </span>
    </p>
   </div>
   <div class='ocr_carea' id='block_1_33' title="bbox 548 1844 3827 1935">
    <p class='ocr_par' dir='ltr' id='par_1_33' title="bbox 548 1844 3827 1935">
     <span class='ocr_line' id='line_1_33' title="bbox 548 1844 3827 1935; baseline -0.002 -17"><span class='ocrx_word' id='word_1_227' title='bbox 548 1844 823 1920; x_wconf 82' lang='lat' dir='ltr'><strong>desiderio</strong></span> <span class='ocrx_word' id='word_1_228' title='bbox 854 1865 1080 1930; x_wconf 86' lang='lat' dir='ltr'><strong>Christi,</strong></span> <span class='ocrx_word' id='word_1_229' title='bbox 1115 1863 1363 1917; x_wconf 67' lang='lat' dir='ltr'><strong>iactanter</strong></span> <span class='ocrx_word' id='word_1_230' title='bbox 1400 1879 1617 1917; x_wconf 83' lang='lat' dir='ltr'><strong>crucem</strong></span> <span class='ocrx_word' id='word_1_231' title='bbox 1654 1864 1846 1933; x_wconf 81' lang='lat' dir='ltr'><strong>suique</strong></span> <span class='ocrx_word' id='word_1_232' title='bbox 1896 1864 2133 1935; x_wconf 78' lang='lat' dir='ltr'><strong>abnega-</strong></span> <span class='ocrx_word' id='word_1_233' title='bbox 2168 1844 2207 1897; x_wconf 69' lang='grc' dir='ltr'><strong>υ</strong></span> <span class='ocrx_word' id='word_1_234' title='bbox 2240 1861 2394 1913; x_wconf 89' lang='lat' dir='ltr'><strong>Hunc</strong></span> <span class='ocrx_word' id='word_1_235' title='bbox 2449 1875 2556 1913; x_wconf 85' lang='lat' dir='ltr'><strong>non</strong></span> <span class='ocrx_word' id='word_1_236' title='bbox 2614 1869 2817 1914; x_wconf 74' lang='lat' dir='ltr'><strong>temore</strong></span> <span class='ocrx_word' id='word_1_237' title='bbox 2875 1875 3149 1913; x_wconf 86' lang='lat' dir='ltr'><strong>carcerem</strong></span> <span class='ocrx_word' id='word_1_238' title='bbox 3201 1857 3405 1915; x_wconf 69' lang='lat' dir='ltr'><strong>Phiala:</strong></span> <span class='ocrx_word' id='word_1_239' title='bbox 3469 1876 3573 1914; x_wconf 87' lang='lat' dir='ltr'><strong>seu</strong></span> <span class='ocrx_word' id='word_1_240' title='bbox 3647 1860 3827 1914; x_wconf 79' lang='lat' dir='ltr'><strong>Fontis</strong></span> 
     </span>
    </p>
   </div>
   <div class='ocr_carea' id='block_1_34' title="bbox 548 1955 2130 2027">
    <p class='ocr_par' dir='ltr' id='par_1_34' title="bbox 548 1955 2130 2027">
     <span class='ocr_line' id='line_1_34' title="bbox 548 1955 2130 2027; baseline -0.001 -16"><span class='ocrx_word' id='word_1_241' title='bbox 548 1957 751 2011; x_wconf 88' lang='lat' dir='ltr'><strong>tionem</strong></span> <span class='ocrx_word' id='word_1_242' title='bbox 778 1956 1085 2025; x_wconf 77' lang='lat' dir='ltr'><strong>amplexum</strong></span> <span class='ocrx_word' id='word_1_243' title='bbox 1118 1969 1238 2011; x_wconf 81' lang='lat' dir='ltr'><strong>esse</strong></span> <span class='ocrx_word' id='word_1_244' title='bbox 1272 1955 1401 2009; x_wconf 80' lang='lat' dir='ltr'><strong>dicit</strong></span> <span class='ocrx_word' id='word_1_245' title='bbox 1432 1972 1444 2021; x_wconf 89' lang='lat'>;</span> <span class='ocrx_word' id='word_1_246' title='bbox 1476 1958 1577 2010; x_wconf 90' lang='lat' dir='ltr'><strong>ode</strong></span> <span class='ocrx_word' id='word_1_247' title='bbox 1601 1971 1727 2011; x_wconf 86' lang='lat' dir='ltr'><strong>vero</strong></span> <span class='ocrx_word' id='word_1_248' title='bbox 1753 1972 1916 2021; x_wconf 83' lang='lat' dir='ltr'><strong>nona,</strong></span> <span class='ocrx_word' id='word_1_249' title='bbox 1948 1968 2130 2027; x_wconf 83' lang='lat' dir='ltr'><strong>tropa-</strong></span> 
     </span>
    </p>
   </div>
   <div class='ocr_carea' id='block_1_35' title="bbox 550 2049 2132 2111">
    <p class='ocr_par' dir='ltr' id='par_1_35' title="bbox 550 2049 2132 2111">
     <span class='ocr_line' id='line_1_35' title="bbox 550 2049 2132 2111; baseline 0 -8"><span class='ocrx_word' id='word_1_250' title='bbox 550 2052 631 2105; x_wconf 91' lang='lat' dir='ltr'><strong>rio</strong></span> <span class='ocrx_word' id='word_1_251' title='bbox 654 2051 918 2111; x_wconf 85' lang='lat' dir='ltr'><strong>secundo,</strong></span> <span class='ocrx_word' id='word_1_252' title='bbox 955 2064 1077 2101; x_wconf 91' lang='lat' dir='ltr'><strong>eum</strong></span> <span class='ocrx_word' id='word_1_253' title='bbox 1106 2049 1521 2107; x_wconf 81' lang='lat' dir='ltr'><strong>monachorum.</strong></span> <span class='ocrx_word' id='word_1_254' title='bbox 1559 2050 1640 2103; x_wconf 88' lang='lat' dir='ltr'><strong>vel</strong></span> <span class='ocrx_word' id='word_1_255' title='bbox 1680 2053 2132 2104; x_wconf 85' lang='lat' dir='ltr'><strong>anachoretarum</strong></span> 
     </span>
    </p>
   </div>
   <div class='ocr_carea' id='block_1_36' title="bbox 541 2136 2137 2213">
    <p class='ocr_par' dir='ltr' id='par_1_36' title="bbox 541 2136 2137 2213">
     <span class='ocr_line' id='line_1_36' title="bbox 541 2136 2137 2213; baseline 0.001 -20"><span class='ocrx_word' id='word_1_256' title='bbox 541 2143 718 2195; x_wconf 81' lang='lat' dir='ltr'><strong>decus</strong></span> <span class='ocrx_word' id='word_1_257' title='bbox 743 2140 978 2209; x_wconf 88' lang='lat' dir='ltr'><strong>appellat</strong></span> <span class='ocrx_word' id='word_1_258' title='bbox 1008 2157 1018 2192; x_wconf 93' lang='lat'>:</span> <span class='ocrx_word' id='word_1_259' title='bbox 1043 2136 1406 2203; x_wconf 69' lang='grc' dir='ltr'><strong>Μτινςιζδντων</strong></span> <span class='ocrx_word' id='word_1_260' title='bbox 1438 2140 1892 2211; x_wconf 68' lang='grc' dir='ltr'><strong>ἐγκαλλώπισμα.</strong></span> <span class='ocrx_word' id='word_1_261' title='bbox 1918 2141 1974 2194; x_wconf 85' lang='lat' dir='ltr'><strong>lit</strong></span> <span class='ocrx_word' id='word_1_262' title='bbox 1998 2157 2137 2213; x_wconf 84' lang='lat' dir='ltr'><strong>quo-</strong></span> 
     </span>
    </p>
   </div>
   <div class='ocr_carea' id='block_1_37' title="bbox 548 2229 2140 2301">
    <p class='ocr_par' dir='ltr' id='par_1_37' title="bbox 548 2229 2140 2301">
     <span class='ocr_line' id='line_1_37' title="bbox 548 2229 2140 2301; baseline 0.001 -17"><span class='ocrx_word' id='word_1_263' title='bbox 548 2233 672 2285; x_wconf 87' lang='lat' dir='ltr'><strong>dam</strong></span> <span class='ocrx_word' id='word_1_264' title='bbox 698 2229 998 2300; x_wconf 73' lang='lat' dir='ltr'><strong>blcuologio</strong></span> <span class='ocrx_word' id='word_1_265' title='bbox 1034 2229 1252 2284; x_wconf 84' lang='lat' dir='ltr'><strong>Moscho</strong></span> <span class='ocrx_word' id='word_1_266' title='bbox 1281 2246 1405 2294; x_wconf 88' lang='lat' dir='ltr'><strong>ms.,</strong></span> <span class='ocrx_word' id='word_1_267' title='bbox 1437 2233 1548 2294; x_wconf 84' lang='lat' dir='ltr'><strong>cui,</strong></span> <span class='ocrx_word' id='word_1_268' title='bbox 1582 2235 1658 2285; x_wconf 87' lang='lat' dir='ltr'><strong>uti</strong></span> <span class='ocrx_word' id='word_1_269' title='bbox 1697 2242 1750 2287; x_wconf 87' lang='lat' dir='ltr'><strong>et</strong></span> <span class='ocrx_word' id='word_1_270' title='bbox 1782 2234 1979 2287; x_wconf 81' lang='lat' dir='ltr'><strong>tabulis</strong></span> <span class='ocrx_word' id='word_1_271' title='bbox 2005 2234 2140 2301; x_wconf 68' lang='lat' dir='ltr'><strong>ligu-</strong></span> 
     </span>
    </p>
   </div>
   <div class='ocr_carea' id='block_1_38' title="bbox 553 2319 2137 2393">
    <p class='ocr_par' dir='ltr' id='par_1_38' title="bbox 553 2319 2137 2393">
     <span class='ocr_line' id='line_1_38' title="bbox 553 2319 2137 2393; baseline 0.002 -19"><span class='ocrx_word' id='word_1_272' title='bbox 553 2323 685 2375; x_wconf 81' lang='lat' dir='ltr'><strong>t&#39;atis</strong></span> <span class='ocrx_word' id='word_1_273' title='bbox 722 2322 790 2375; x_wconf 89' lang='lat' dir='ltr'><strong>de</strong></span> <span class='ocrx_word' id='word_1_274' title='bbox 833 2322 1030 2389; x_wconf 85' lang='lat' dir='ltr'><strong>quibus</strong></span> <span class='ocrx_word' id='word_1_275' title='bbox 1057 2335 1207 2373; x_wconf 90' lang='lat' dir='ltr'><strong>num.</strong></span> <span class='ocrx_word' id='word_1_276' title='bbox 1243 2319 1298 2382; x_wconf 78' lang='lat'><strong>‘2,</strong></span> <span class='ocrx_word' id='word_1_277' title='bbox 1354 2320 1521 2375; x_wconf 82' lang='lat' dir='ltr'><strong>fidere</strong></span> <span class='ocrx_word' id='word_1_278' title='bbox 1556 2336 1772 2391; x_wconf 82' lang='lat' dir='ltr'><strong>semper</strong></span> <span class='ocrx_word' id='word_1_279' title='bbox 1802 2339 1908 2376; x_wconf 89' lang='lat' dir='ltr'><strong>non</strong></span> <span class='ocrx_word' id='word_1_280' title='bbox 1947 2339 2137 2393; x_wconf 80' lang='lat' dir='ltr'><strong>possu-</strong></span> 
     </span>
    </p>
   </div>
   <div class='ocr_carea' id='block_1_39' title="bbox 554 2408 2137 2481">
    <p class='ocr_par' dir='ltr' id='par_1_39' title="bbox 554 2408 2137 2481">
     <span class='ocr_line' id='line_1_39' title="bbox 554 2408 2137 2481; baseline 0.001 -16"><span class='ocrx_word' id='word_1_281' title='bbox 554 2427 695 2475; x_wconf 85' lang='lat' dir='ltr'><strong>mus,</strong></span> <span class='ocrx_word' id='word_1_282' title='bbox 732 2422 1077 2481; x_wconf 77' lang='lat' dir='ltr'><strong>nuncUpatur</strong></span> <span class='ocrx_word' id='word_1_283' title='bbox 1109 2410 1165 2464; x_wconf 87' lang='lat' dir='ltr'><strong>S.</strong></span> <span class='ocrx_word' id='word_1_284' title='bbox 1203 2411 1451 2464; x_wconf 77' lang='lat' dir='ltr'><strong>Andreas</strong></span> <span class='ocrx_word' id='word_1_285' title='bbox 1474 2408 1865 2481; x_wconf 83' lang='lat' dir='ltr'><strong>Hieromartyr,</strong></span> <span class='ocrx_word' id='word_1_286' title='bbox 1897 2413 2038 2481; x_wconf 92' lang='lat' dir='ltr'><strong>quod</strong></span> <span class='ocrx_word' id='word_1_287' title='bbox 2070 2414 2137 2467; x_wconf 90' lang='lat' dir='ltr'><strong>de</strong></span> 
     </span>
    </p>
   </div>
   <div class='ocr_carea' id='block_1_40' title="bbox 551 2503 2134 2573">
    <p class='ocr_par' dir='ltr' id='par_1_40' title="bbox 551 2503 2134 2573">
     <span class='ocr_line' id='line_1_40' title="bbox 551 2503 2134 2573; baseline -0.001 -15"><span class='ocrx_word' id='word_1_288' title='bbox 551 2504 882 2573; x_wconf 80' lang='lat' dir='ltr'><strong>martyribus</strong></span> <span class='ocrx_word' id='word_1_289' title='bbox 918 2503 1247 2572; x_wconf 77' lang='lat' dir='ltr'><strong>presbyteris</strong></span> <span class='ocrx_word' id='word_1_290' title='bbox 1280 2504 1455 2555; x_wconf 88' lang='lat' dir='ltr'><strong>solum</strong></span> <span class='ocrx_word' id='word_1_291' title='bbox 1483 2503 1610 2566; x_wconf 93' lang='lat' dir='ltr'><strong>dici,</strong></span> <span class='ocrx_word' id='word_1_292' title='bbox 1641 2503 1694 2556; x_wconf 93' lang='lat' dir='ltr'><strong>in</strong></span> <span class='ocrx_word' id='word_1_293' title='bbox 1728 2514 2007 2573; x_wconf 90' lang='lat' dir='ltr'><strong>comperto</strong></span> <span class='ocrx_word' id='word_1_294' title='bbox 2031 2513 2134 2569; x_wconf 87' lang='lat' dir='ltr'><strong>est;</strong></span> 
     </span>
    </p>
   </div>
   <div class='ocr_carea' id='block_1_41' title="bbox 560 2590 2141 2663">
    <p class='ocr_par' dir='ltr' id='par_1_41' title="bbox 560 2590 2141 2663">
     <span class='ocr_line' id='line_1_41' title="bbox 560 2590 2141 2663; baseline 0.001 -17"><span class='ocrx_word' id='word_1_295' title='bbox 560 2608 747 2646; x_wconf 76' lang='lat' dir='ltr'><strong>verum</strong></span> <span class='ocrx_word' id='word_1_296' title='bbox 780 2592 834 2645; x_wconf 90' lang='lat' dir='ltr'><strong>in</strong></span> <span class='ocrx_word' id='word_1_297' title='bbox 867 2593 1122 2645; x_wconf 86' lang='lat' dir='ltr'><strong>omnibus</strong></span> <span class='ocrx_word' id='word_1_298' title='bbox 1166 2590 1287 2644; x_wconf 88' lang='lat' dir='ltr'><strong>aliis</strong></span> <span class='ocrx_word' id='word_1_299' title='bbox 1336 2601 1393 2645; x_wconf 87' lang='grc' dir='ltr'><strong>ιιι</strong></span> <span class='ocrx_word' id='word_1_300' title='bbox 1429 2592 1819 2663; x_wconf 75' lang='lat' dir='ltr'><strong>Hosiomurtyr,</strong></span> <span class='ocrx_word' id='word_1_301' title='bbox 1848 2594 1900 2647; x_wconf 91' lang='lat' dir='ltr'><strong>id</strong></span> <span class='ocrx_word' id='word_1_302' title='bbox 1940 2602 2046 2656; x_wconf 89' lang='lat' dir='ltr'><strong>est,</strong></span> <span class='ocrx_word' id='word_1_303' title='bbox 2082 2603 2141 2648; x_wconf 90' lang='lat' dir='ltr'><strong>ut</strong></span> 
     </span>
    </p>
   </div>
   <div class='ocr_carea' id='block_1_42' title="bbox 552 2682 2138 2752">
    <p class='ocr_par' dir='ltr' id='par_1_42' title="bbox 552 2682 2138 2752">
     <span class='ocr_line' id='line_1_42' title="bbox 552 2682 2138 2752; baseline 0.001 -18"><span class='ocrx_word' id='word_1_304' title='bbox 552 2683 852 2736; x_wconf 77' lang='lat' dir='ltr'><strong>monachus</strong></span> <span class='ocrx_word' id='word_1_305' title='bbox 889 2694 939 2735; x_wconf 91' lang='lat' dir='ltr'><strong>et</strong></span> <span class='ocrx_word' id='word_1_306' title='bbox 966 2692 1186 2752; x_wconf 80' lang='lat' dir='ltr'><strong>martyr,</strong></span> <span class='ocrx_word' id='word_1_307' title='bbox 1226 2684 1547 2751; x_wconf 88' lang='lat' dir='ltr'><strong>proponitur</strong></span> <span class='ocrx_word' id='word_1_308' title='bbox 1582 2682 1754 2751; x_wconf 76' lang='lat'><strong>(1‘25).</strong></span> <span class='ocrx_word' id='word_1_309' title='bbox 1780 2684 1833 2735; x_wconf 91' lang='lat' dir='ltr'><strong>In</strong></span> <span class='ocrx_word' id='word_1_310' title='bbox 1866 2683 2138 2737; x_wconf 85' lang='lat' dir='ltr'><strong>Sirmondi</strong></span> 
     </span>
    </p>
   </div>
   <div class='ocr_carea' id='block_1_43' title="bbox 552 2768 2138 2843">
    <p class='ocr_par' dir='ltr' id='par_1_43' title="bbox 552 2768 2138 2843">
     <span class='ocr_line' id='line_1_43' title="bbox 552 2768 2138 2843; baseline 0 -18"><span class='ocrx_word' id='word_1_311' title='bbox 552 2772 903 2843; x_wconf 73' lang='lat' dir='ltr'><strong>Synaxarista</strong></span> <span class='ocrx_word' id='word_1_312' title='bbox 948 2786 1074 2833; x_wconf 90' lang='lat' dir='ltr'><strong>ms.,</strong></span> <span class='ocrx_word' id='word_1_313' title='bbox 1133 2785 1293 2839; x_wconf 82' lang='lat' dir='ltr'><strong>quem</strong></span> <span class='ocrx_word' id='word_1_314' title='bbox 1351 2768 1575 2823; x_wconf 74' lang='lat' dir='ltr'><strong>Parisiis</strong></span> <span class='ocrx_word' id='word_1_315' title='bbox 1622 2773 1937 2825; x_wconf 89' lang='lat' dir='ltr'><strong>decessores</strong></span> <span class='ocrx_word' id='word_1_316' title='bbox 1968 2772 2138 2825; x_wconf 84' lang='lat' dir='ltr'><strong>nostri</strong></span> 
     </span>
    </p>
   </div>
   <div class='ocr_carea' id='block_1_44' title="bbox 552 2860 2141 2933">
    <p class='ocr_par' dir='ltr' id='par_1_44' title="bbox 552 2860 2141 2933">
     <span class='ocr_line' id='line_1_44' title="bbox 552 2860 2141 2933; baseline -0.003 -13"><span class='ocrx_word' id='word_1_317' title='bbox 552 2865 682 2920; x_wconf 87' lang='lat' dir='ltr'><strong>olim</strong></span> <span class='ocrx_word' id='word_1_318' title='bbox 727 2873 1081 2932; x_wconf 83' lang='lat' dir='ltr'><strong>acceperunt,</strong></span> <span class='ocrx_word' id='word_1_319' title='bbox 1108 2863 1305 2916; x_wconf 86' lang='lat' dir='ltr'><strong>dicitur</strong></span> <span class='ocrx_word' id='word_1_320' title='bbox 1345 2864 1398 2913; x_wconf 90' lang='lat' dir='ltr'><strong>in</strong></span> <span class='ocrx_word' id='word_1_321' title='bbox 1446 2860 1605 2913; x_wconf 80' lang='lat' dir='ltr'><strong>Creta</strong></span> <span class='ocrx_word' id='word_1_322' title='bbox 1649 2862 1747 2931; x_wconf 67' lang='grc' dir='ltr'><strong>τὴν</strong></span> <span class='ocrx_word' id='word_1_323' title='bbox 1781 2866 1992 2933; x_wconf 65' lang='grc' dir='ltr'><strong>μονήρη</strong></span> <span class='ocrx_word' id='word_1_324' title='bbox 2028 2863 2141 2930; x_wconf 78' lang='grc' dir='ltr'><strong>βίον</strong></span> 
     </span>
    </p>
   </div>
   <div class='ocr_carea' id='block_1_45' title="bbox 560 2952 2141 3025">
    <p class='ocr_par' dir='ltr' id='par_1_45' title="bbox 560 2952 2141 3025">
     <span class='ocr_line' id='line_1_45' title="bbox 560 2952 2141 3025; baseline 0.001 -19"><span class='ocrx_word' id='word_1_325' title='bbox 560 2955 988 3025; x_wconf 72' lang='grc' dir='ltr'><strong>μετεσχόμενος,</strong></span> <span class='ocrx_word' id='word_1_326' title='bbox 1022 2968 1085 3005; x_wconf 80' lang='lat' dir='ltr'><strong>ex</strong></span> <span class='ocrx_word' id='word_1_327' title='bbox 1111 2953 1308 3021; x_wconf 83' lang='lat' dir='ltr'><strong>quibus</strong></span> <span class='ocrx_word' id='word_1_328' title='bbox 1342 2952 1570 3020; x_wconf 80' lang='lat' dir='ltr'><strong>aliisque</strong></span> <span class='ocrx_word' id='word_1_329' title='bbox 1604 2954 1873 3007; x_wconf 79' lang='lat' dir='ltr'><strong>similibus</strong></span> <span class='ocrx_word' id='word_1_330' title='bbox 1906 2954 2141 3023; x_wconf 81' lang='lat' dir='ltr'><strong>appella-</strong></span> 
     </span>
    </p>
   </div>
   <div class='ocr_carea' id='block_1_46' title="bbox 555 3040 2142 3112">
    <p class='ocr_par' dir='ltr' id='par_1_46' title="bbox 555 3040 2142 3112">
     <span class='ocr_line' id='line_1_46' title="bbox 555 3040 2142 3112; baseline 0 -15"><span class='ocrx_word' id='word_1_331' title='bbox 555 3046 816 3109; x_wconf 83' lang='lat' dir='ltr'><strong>tionibus,</strong></span> <span class='ocrx_word' id='word_1_332' title='bbox 851 3040 908 3097; x_wconf 89' lang='lat' dir='ltr'><strong>S.</strong></span> <span class='ocrx_word' id='word_1_333' title='bbox 949 3045 1193 3096; x_wconf 85' lang='lat' dir='ltr'><strong>Andreas</strong></span> <span class='ocrx_word' id='word_1_334' title='bbox 1229 3042 1411 3112; x_wconf 82' lang='lat' dir='ltr'><strong>potius</strong></span> <span class='ocrx_word' id='word_1_335' title='bbox 1460 3049 1809 3097; x_wconf 80' lang='lat' dir='ltr'><strong>anachoreta</strong></span> <span class='ocrx_word' id='word_1_336' title='bbox 1837 3048 1915 3097; x_wconf 93' lang='lat' dir='ltr'><strong>vel</strong></span> <span class='ocrx_word' id='word_1_337' title='bbox 1953 3046 2142 3100; x_wconf 84' lang='lat' dir='ltr'><strong>solita-</strong></span> 
     </span>
    </p>
   </div>
   <div class='ocr_carea' id='block_1_47' title="bbox 554 3133 2137 3203">
    <p class='ocr_par' dir='ltr' id='par_1_47' title="bbox 554 3133 2137 3203">
     <span class='ocr_line' id='line_1_47' title="bbox 554 3133 2137 3203; baseline -0.003 -12"><span class='ocrx_word' id='word_1_338' title='bbox 554 3136 688 3195; x_wconf 79' lang='lat' dir='ltr'><strong>rius,</strong></span> <span class='ocrx_word' id='word_1_339' title='bbox 716 3150 874 3203; x_wconf 82' lang='lat' dir='ltr'><strong>quam</strong></span> <span class='ocrx_word' id='word_1_340' title='bbox 911 3139 1209 3186; x_wconf 80' lang='lat' dir='ltr'><strong>monachus</strong></span> <span class='ocrx_word' id='word_1_341' title='bbox 1249 3148 1343 3185; x_wconf 85' lang='lat' dir='ltr'><strong>seu</strong></span> <span class='ocrx_word' id='word_1_342' title='bbox 1392 3135 1663 3188; x_wconf 67' lang='lat' dir='ltr'><strong>coenobiis</strong></span> <span class='ocrx_word' id='word_1_343' title='bbox 1702 3133 1869 3187; x_wconf 87' lang='lat' dir='ltr'><strong>fuisse</strong></span> <span class='ocrx_word' id='word_1_344' title='bbox 1906 3134 2137 3187; x_wconf 78' lang='lat' dir='ltr'><strong>videtur.</strong></span> 
     </span>
    </p>
   </div>
   <div class='ocr_carea' id='block_1_48' title="bbox 554 3222 2136 3297">
    <p class='ocr_par' dir='ltr' id='par_1_48' title="bbox 554 3222 2136 3297">
     <span class='ocr_line' id='line_1_48' title="bbox 554 3222 2136 3297; baseline -0.003 -14"><span class='ocrx_word' id='word_1_345' title='bbox 554 3222 876 3297; x_wconf 72' lang='lat' dir='ltr'><strong>Huiusmodi</strong></span> <span class='ocrx_word' id='word_1_346' title='bbox 926 3233 1107 3277; x_wconf 84' lang='lat' dir='ltr'><strong>autem</strong></span> <span class='ocrx_word' id='word_1_347' title='bbox 1149 3225 1509 3276; x_wconf 78' lang='lat' dir='ltr'><strong>anachoretas</strong></span> <span class='ocrx_word' id='word_1_348' title='bbox 1553 3238 1659 3276; x_wconf 93' lang='lat' dir='ltr'><strong>non</strong></span> <span class='ocrx_word' id='word_1_349' title='bbox 1693 3227 1853 3276; x_wconf 85' lang='lat' dir='ltr'><strong>rudes</strong></span> <span class='ocrx_word' id='word_1_350' title='bbox 1889 3225 2136 3279; x_wconf 86' lang='lat' dir='ltr'><strong>homines</strong></span> 
     </span>
    </p>
   </div>
   <div class='ocr_carea' id='block_1_49' title="bbox 554 3313 2134 3389">
    <p class='ocr_par' dir='ltr' id='par_1_49' title="bbox 554 3313 2134 3389">
     <span class='ocr_line' id='line_1_49' title="bbox 554 3313 2134 3389; baseline -0.002 -17"><span class='ocrx_word' id='word_1_351' title='bbox 554 3317 741 3379; x_wconf 80' lang='lat' dir='ltr'><strong>fuisse,</strong></span> <span class='ocrx_word' id='word_1_352' title='bbox 774 3316 867 3369; x_wconf 88' lang='lat' dir='ltr'><strong>sed</strong></span> <span class='ocrx_word' id='word_1_353' title='bbox 904 3315 1225 3383; x_wconf 84' lang='lat' dir='ltr'><strong>plerumque</strong></span> <span class='ocrx_word' id='word_1_354' title='bbox 1262 3313 1564 3389; x_wconf 74' lang='lat' dir='ltr'><strong>doctrinam</strong></span> <span class='ocrx_word' id='word_1_355' title='bbox 1594 3328 1804 3366; x_wconf 82' lang='lat' dir='ltr'><strong>sacram</strong></span> <span class='ocrx_word' id='word_1_356' title='bbox 1840 3314 1971 3368; x_wconf 84' lang='lat' dir='ltr'><strong>satis</strong></span> <span class='ocrx_word' id='word_1_357' title='bbox 1996 3317 2134 3370; x_wconf 86' lang='lat' dir='ltr'><strong>bene</strong></span> 
     </span>
    </p>
   </div>
   <div class='ocr_carea' id='block_1_50' title="bbox 553 3394 2133 3478">
    <p class='ocr_par' dir='ltr' id='par_1_50' title="bbox 553 3394 2133 3478">
     <span class='ocr_line' id='line_1_50' title="bbox 553 3394 2133 3478; baseline 0.001 -15"><span class='ocrx_word' id='word_1_358' title='bbox 553 3413 797 3470; x_wconf 82' lang='lat' dir='ltr'><strong>edoctos,</strong></span> <span class='ocrx_word' id='word_1_359' title='bbox 843 3422 909 3459; x_wconf 71' lang='lat' dir='ltr'><strong>ex</strong></span> <span class='ocrx_word' id='word_1_360' title='bbox 972 3405 1119 3458; x_wconf 80' lang='lat' dir='ltr'><strong>Actis</strong></span> <span class='ocrx_word' id='word_1_361' title='bbox 1171 3402 1229 3457; x_wconf 88' lang='lat' dir='ltr'><strong>S.</strong></span> <span class='ocrx_word' id='word_1_362' title='bbox 1287 3403 1549 3475; x_wconf 79' lang='lat' dir='ltr'><strong>Stephani</strong></span> <span class='ocrx_word' id='word_1_363' title='bbox 1591 3404 1851 3474; x_wconf 85' lang='lat' dir='ltr'><strong>Juuioris,</strong></span> <span class='ocrx_word' id='word_1_364' title='bbox 1903 3394 2133 3478; x_wconf 77' lang='lat' dir='ltr'><strong>aliisque</strong></span> 
     </span>
    </p>
   </div>
   <div class='ocr_carea' id='block_1_51' title="bbox 556 3498 1547 3566">
    <p class='ocr_par' dir='ltr' id='par_1_51' title="bbox 556 3498 1547 3566">
     <span class='ocr_line' id='line_1_51' title="bbox 556 3498 1547 3566; baseline -0.009 -10"><span class='ocrx_word' id='word_1_365' title='bbox 556 3499 926 3556; x_wconf 85' lang='lat' dir='ltr'><strong>monumentis</strong></span> <span class='ocrx_word' id='word_1_366' title='bbox 954 3498 1109 3551; x_wconf 78' lang='lat' dir='ltr'><strong>facile</strong></span> <span class='ocrx_word' id='word_1_367' title='bbox 1136 3509 1322 3566; x_wconf 81' lang='lat' dir='ltr'><strong>posset</strong></span> <span class='ocrx_word' id='word_1_368' title='bbox 1348 3499 1547 3550; x_wconf 81' lang='lat' dir='ltr'><strong>evinei.</strong></span> 
     </span>
    </p>
   </div>
   <div class='ocr_carea' id='block_1_52' title="bbox 627 3592 2137 3668">
    <p class='ocr_par' dir='ltr' id='par_1_52' title="bbox 627 3592 2137 3668">
     <span class='ocr_line' id='line_1_52' title="bbox 627 3592 2137 3668; baseline 0 -18"><span class='ocrx_word' id='word_1_369' title='bbox 627 3596 717 3651; x_wconf 81' lang='lat'><strong>’50.</strong></span> <span class='ocrx_word' id='word_1_370' title='bbox 749 3595 865 3649; x_wconf 87' lang='lat' dir='ltr'><strong>.lam</strong></span> <span class='ocrx_word' id='word_1_371' title='bbox 913 3592 1223 3648; x_wconf 85' lang='lat' dir='ltr'><strong>accedimus</strong></span> <span class='ocrx_word' id='word_1_372' title='bbox 1271 3593 1337 3645; x_wconf 84' lang='lat' dir='ltr'><strong>ad</strong></span> <span class='ocrx_word' id='word_1_373' title='bbox 1393 3608 1452 3645; x_wconf 83' lang='lat' dir='ltr'><strong>ea</strong></span> <span class='ocrx_word' id='word_1_374' title='bbox 1487 3609 1604 3661; x_wconf 71' lang='lat' dir='ltr'><strong>quae</strong></span> <span class='ocrx_word' id='word_1_375' title='bbox 1638 3592 1693 3648; x_wconf 91' lang='lat' dir='ltr'><strong>S.</strong></span> <span class='ocrx_word' id='word_1_376' title='bbox 1718 3594 1963 3651; x_wconf 82' lang='lat' dir='ltr'><strong>Andreas</strong></span> <span class='ocrx_word' id='word_1_377' title='bbox 1984 3595 2137 3668; x_wconf 91' lang='lat' dir='ltr'><strong>Cpoli</strong></span> 
     </span>
    </p>
   </div>
   <div class='ocr_carea' id='block_1_53' title="bbox 556 3684 2132 3759">
    <p class='ocr_par' dir='ltr' id='par_1_53' title="bbox 556 3684 2132 3759">
     <span class='ocr_line' id='line_1_53' title="bbox 556 3684 2132 3759; baseline 0 -18"><span class='ocrx_word' id='word_1_378' title='bbox 556 3688 742 3759; x_wconf 72' lang='lat' dir='ltr'><strong>gessit.</strong></span> <span class='ocrx_word' id='word_1_379' title='bbox 775 3687 909 3739; x_wconf 87' lang='lat' dir='ltr'><strong>Acta</strong></span> <span class='ocrx_word' id='word_1_380' title='bbox 956 3685 1158 3752; x_wconf 89' lang='lat' dir='ltr'><strong>priora,</strong></span> <span class='ocrx_word' id='word_1_381' title='bbox 1214 3698 1368 3737; x_wconf 90' lang='lat' dir='ltr'><strong>num.</strong></span> <span class='ocrx_word' id='word_1_382' title='bbox 1407 3684 1459 3746; x_wconf 89' lang='lat'><strong>6,</strong></span> <span class='ocrx_word' id='word_1_383' title='bbox 1496 3690 1621 3737; x_wconf 90' lang='lat' dir='ltr'><strong>dum</strong></span> <span class='ocrx_word' id='word_1_384' title='bbox 1672 3689 1791 3755; x_wconf 74' lang='lat' dir='ltr'><strong>ejus</strong></span> <span class='ocrx_word' id='word_1_385' title='bbox 1841 3690 2132 3742; x_wconf 81' lang='lat' dir='ltr'><strong>adventum</strong></span> 
     </span>
    </p>
   </div>
   <div class='ocr_carea' id='block_1_54' title="bbox 556 3776 2133 3852">
    <p class='ocr_par' dir='ltr' id='par_1_54' title="bbox 556 3776 2133 3852">
     <span class='ocr_line' id='line_1_54' title="bbox 556 3776 2133 3852; baseline -0.001 -15"><span class='ocrx_word' id='word_1_386' title='bbox 556 3782 710 3852; x_wconf 88' lang='lat' dir='ltr'><strong>Cpoli</strong></span> <span class='ocrx_word' id='word_1_387' title='bbox 747 3786 1022 3843; x_wconf 89' lang='lat' dir='ltr'><strong>enarrant,</strong></span> <span class='ocrx_word' id='word_1_388' title='bbox 1066 3790 1187 3829; x_wconf 88' lang='lat' dir='ltr'><strong>eum</strong></span> <span class='ocrx_word' id='word_1_389' title='bbox 1228 3776 1416 3830; x_wconf 82' lang='lat' dir='ltr'><strong>dicunt</strong></span> <span class='ocrx_word' id='word_1_390' title='bbox 1452 3777 1642 3847; x_wconf 71' lang='lat' dir='ltr'><strong>Byzam</strong></span> <span class='ocrx_word' id='word_1_391' title='bbox 1696 3782 1991 3851; x_wconf 81' lang='lat' dir='ltr'><strong>appulisse,</strong></span> <span class='ocrx_word' id='word_1_392' title='bbox 2025 3797 2133 3835; x_wconf 90' lang='lat' dir='ltr'><strong>non</strong></span> 
     </span>
    </p>
   </div>
   <div class='ocr_carea' id='block_1_55' title="bbox 560 3862 2136 3942">
    <p class='ocr_par' dir='ltr' id='par_1_55' title="bbox 560 3862 2136 3942">
     <span class='ocr_line' id='line_1_55' title="bbox 560 3862 2136 3942; baseline 0 -16"><span class='ocrx_word' id='word_1_393' title='bbox 560 3872 897 3942; x_wconf 72' lang='lat' dir='ltr'><strong>Byzantium,</strong></span> <span class='ocrx_word' id='word_1_394' title='bbox 923 3878 1018 3923; x_wconf 87' lang='lat' dir='ltr'><strong>aut</strong></span> <span class='ocrx_word' id='word_1_395' title='bbox 1060 3862 1267 3936; x_wconf 80' lang='lat' dir='ltr'><strong>Cpolitn</strong></span> <span class='ocrx_word' id='word_1_396' title='bbox 1302 3886 1313 3920; x_wconf 89' lang='lat'><strong>:</strong></span> <span class='ocrx_word' id='word_1_397' title='bbox 1352 3868 1463 3938; x_wconf 76' lang='grc' dir='ltr'><strong>Τὴν</strong></span> <span class='ocrx_word' id='word_1_398' title='bbox 1502 3870 1679 3932; x_wconf 67' lang='grc' dir='ltr'>Βυςαν</span> <span class='ocrx_word' id='word_1_399' title='bbox 1724 3874 2136 3940; x_wconf 62' lang='grc' dir='ltr'><strong>κατελάμϐανε.</strong></span> 
     </span>
    </p>
   </div>
   <div class='ocr_carea' id='block_1_56' title="bbox 560 3958 2138 4032">
    <p class='ocr_par' dir='ltr' id='par_1_56' title="bbox 560 3958 2138 4032">
     <span class='ocr_line' id='line_1_56' title="bbox 560 3958 2138 4032; baseline 0 -16"><span class='ocrx_word' id='word_1_400' title='bbox 560 3964 768 4017; x_wconf 78' lang='lat' dir='ltr'><strong>Nomen</strong></span> <span class='ocrx_word' id='word_1_401' title='bbox 801 3960 941 4013; x_wconf 86' lang='lat' dir='ltr'><strong>istud</strong></span> <span class='ocrx_word' id='word_1_402' title='bbox 977 3973 1076 4011; x_wconf 87' lang='lat' dir='ltr'><strong>nec</strong></span> <span class='ocrx_word' id='word_1_403' title='bbox 1112 3959 1253 4011; x_wconf 85' lang='lat' dir='ltr'><strong>inter</strong></span> <span class='ocrx_word' id='word_1_404' title='bbox 1278 3958 1426 4009; x_wconf 86' lang='lat' dir='ltr'><strong>urbis</strong></span> <span class='ocrx_word' id='word_1_405' title='bbox 1460 3970 1668 4026; x_wconf 87' lang='lat' dir='ltr'><strong>portus,</strong></span> <span class='ocrx_word' id='word_1_406' title='bbox 1698 3962 1750 4012; x_wconf 90' lang='lat' dir='ltr'><strong>in</strong></span> <span class='ocrx_word' id='word_1_407' title='bbox 1777 3962 1962 4031; x_wconf 77' lang='lat' dir='ltr'><strong>Cangii</strong></span> <span class='ocrx_word' id='word_1_408' title='bbox 1986 3963 2138 4032; x_wconf 82' lang='lat' dir='ltr'><strong>Cpoli</strong></span> 
     </span>
    </p>
   </div>
   <div class='ocr_carea' id='block_1_57' title="bbox 559 4046 2138 4122">
    <p class='ocr_par' dir='ltr' id='par_1_57' title="bbox 559 4046 2138 4122">
     <span class='ocr_line' id='line_1_57' title="bbox 559 4046 2138 4122; baseline -0.001 -14"><span class='ocrx_word' id='word_1_409' title='bbox 559 4052 869 4108; x_wconf 85' lang='lat' dir='ltr'><strong>Christiana</strong></span> <span class='ocrx_word' id='word_1_410' title='bbox 898 4050 1219 4119; x_wconf 87' lang='lat' dir='ltr'><strong>reperimus,</strong></span> <span class='ocrx_word' id='word_1_411' title='bbox 1249 4061 1351 4101; x_wconf 83' lang='lat' dir='ltr'><strong>nec</strong></span> <span class='ocrx_word' id='word_1_412' title='bbox 1390 4046 1458 4100; x_wconf 88' lang='lat' dir='ltr'><strong>ab</strong></span> <span class='ocrx_word' id='word_1_413' title='bbox 1491 4048 1597 4102; x_wconf 89' lang='lat' dir='ltr'><strong>ullo</strong></span> <span class='ocrx_word' id='word_1_414' title='bbox 1628 4051 1969 4119; x_wconf 84' lang='lat' dir='ltr'><strong>scriptorcde</strong></span> <span class='ocrx_word' id='word_1_415' title='bbox 1986 4052 2138 4122; x_wconf 85' lang='lat' dir='ltr'><strong>Cpoli</strong></span> 
     </span>
    </p>
   </div>
   <div class='ocr_carea' id='block_1_58' title="bbox 563 4136 2141 4214">
    <p class='ocr_par' dir='ltr' id='par_1_58' title="bbox 563 4136 2141 4214">
     <span class='ocr_line' id='line_1_58' title="bbox 563 4136 2141 4214; baseline 0.001 -16"><span class='ocrx_word' id='word_1_416' title='bbox 563 4143 769 4200; x_wconf 87' lang='lat' dir='ltr'><strong>dictum</strong></span> <span class='ocrx_word' id='word_1_417' title='bbox 819 4142 986 4196; x_wconf 85' lang='lat' dir='ltr'><strong>fuisse</strong></span> <span class='ocrx_word' id='word_1_418' title='bbox 1040 4140 1292 4194; x_wconf 89' lang='lat' dir='ltr'><strong>vidimus.</strong></span> <span class='ocrx_word' id='word_1_419' title='bbox 1326 4136 1536 4209; x_wconf 80' lang='lat' dir='ltr'><strong>Gyllius</strong></span> <span class='ocrx_word' id='word_1_420' title='bbox 1583 4144 1769 4196; x_wconf 82' lang='lat' dir='ltr'><strong>scribit</strong></span> <span class='ocrx_word' id='word_1_421' title='bbox 1803 4144 1869 4197; x_wconf 88' lang='lat' dir='ltr'><strong>de</strong></span> <span class='ocrx_word' id='word_1_422' title='bbox 1906 4142 2141 4214; x_wconf 82' lang='lat' dir='ltr'><strong>Barbysa</strong></span> 
     </span>
    </p>
   </div>
   <div class='ocr_carea' id='block_1_59' title="bbox 564 4229 2138 4305">
    <p class='ocr_par' dir='ltr' id='par_1_59' title="bbox 564 4229 2138 4305">
     <span class='ocr_line' id='line_1_59' title="bbox 564 4229 2138 4305; baseline 0.015 -38"><span class='ocrx_word' id='word_1_423' title='bbox 564 4238 725 4293; x_wconf 62' lang='grc' dir='ltr'>ιιωοίο</span> <span class='ocrx_word' id='word_1_424' title='bbox 776 4248 943 4305; x_wconf 73' lang='lat' dir='ltr'><strong>pmpe</strong></span> <span class='ocrx_word' id='word_1_425' title='bbox 986 4229 1194 4303; x_wconf 83' lang='lat' dir='ltr'><strong>Cpolim</strong></span> <span class='ocrx_word' id='word_1_426' title='bbox 1227 4231 1394 4302; x_wconf 73' lang='lat'><strong>(126).</strong></span> <span class='ocrx_word' id='word_1_427' title='bbox 1426 4229 1662 4285; x_wconf 84' lang='lat' dir='ltr'><strong>Ortelius</strong></span> <span class='ocrx_word' id='word_1_428' title='bbox 1696 4234 1843 4301; x_wconf 71' lang='lat' dir='ltr'><strong>(l27)</strong></span> <span class='ocrx_word' id='word_1_429' title='bbox 1882 4236 1949 4289; x_wconf 87' lang='lat' dir='ltr'><strong>de</strong></span> <span class='ocrx_word' id='word_1_430' title='bbox 1993 4234 2138 4300; x_wconf 82' lang='lat' dir='ltr'><strong>Bisa,</strong></span> 
     </span>
    </p>
   </div>
   <div class='ocr_carea' id='block_1_60' title="bbox 569 4321 2145 4400">
    <p class='ocr_par' dir='ltr' id='par_1_60' title="bbox 569 4321 2145 4400">
     <span class='ocr_line' id='line_1_60' title="bbox 569 4321 2145 4400; baseline -0.004 -13"><span class='ocrx_word' id='word_1_431' title='bbox 569 4333 747 4400; x_wconf 75' lang='lat' dir='ltr'><strong>Bizya,</strong></span> <span class='ocrx_word' id='word_1_432' title='bbox 792 4327 919 4379; x_wconf 81' lang='lat' dir='ltr'><strong>Bizo</strong></span> <span class='ocrx_word' id='word_1_433' title='bbox 955 4324 1199 4379; x_wconf 80' lang='lat' dir='ltr'><strong>Thracia:</strong></span> <span class='ocrx_word' id='word_1_434' title='bbox 1242 4336 1297 4376; x_wconf 88' lang='lat' dir='ltr'><strong>et</strong></span> <span class='ocrx_word' id='word_1_435' title='bbox 1329 4321 1530 4377; x_wconf 70' lang='lat' dir='ltr'><strong>Mmsiae</strong></span> <span class='ocrx_word' id='word_1_436' title='bbox 1560 4323 1807 4386; x_wconf 88' lang='lat' dir='ltr'><strong>urbibus,</strong></span> <span class='ocrx_word' id='word_1_437' title='bbox 1848 4327 1942 4379; x_wconf 86' lang='lat' dir='ltr'><strong>sed</strong></span> <span class='ocrx_word' id='word_1_438' title='bbox 1968 4328 2032 4380; x_wconf 88' lang='lat' dir='ltr'><strong>de</strong></span> <span class='ocrx_word' id='word_1_439' title='bbox 2062 4328 2145 4382; x_wconf 89' lang='lat' dir='ltr'><strong>his</strong></span> 
     </span>
    </p>
   </div>
   <div class='ocr_carea' id='block_1_61' title="bbox 565 4414 2144 4490">
    <p class='ocr_par' dir='ltr' id='par_1_61' title="bbox 565 4414 2144 4490">
     <span class='ocr_line' id='line_1_61' title="bbox 565 4414 2144 4490; baseline -0.004 -10"><span class='ocrx_word' id='word_1_440' title='bbox 565 4424 818 4480; x_wconf 85' lang='lat' dir='ltr'><strong>omnibus</strong></span> <span class='ocrx_word' id='word_1_441' title='bbox 850 4423 934 4474; x_wconf 90' lang='lat' dir='ltr'><strong>hic</strong></span> <span class='ocrx_word' id='word_1_442' title='bbox 966 4421 1047 4490; x_wconf 70' lang='lat' dir='ltr'><strong>agi</strong></span> <span class='ocrx_word' id='word_1_443' title='bbox 1075 4434 1181 4472; x_wconf 88' lang='lat' dir='ltr'><strong>non</strong></span> <span class='ocrx_word' id='word_1_444' title='bbox 1220 4425 1420 4487; x_wconf 83' lang='lat' dir='ltr'><strong>potest.</strong></span> <span class='ocrx_word' id='word_1_445' title='bbox 1456 4414 1533 4469; x_wconf 76' lang='lat' dir='ltr'><strong>Ex</strong></span> <span class='ocrx_word' id='word_1_446' title='bbox 1568 4417 1654 4470; x_wconf 91' lang='lat' dir='ltr'><strong>his</strong></span> <span class='ocrx_word' id='word_1_447' title='bbox 1676 4427 1856 4471; x_wconf 86' lang='lat' dir='ltr'><strong>autem</strong></span> <span class='ocrx_word' id='word_1_448' title='bbox 1881 4418 1993 4489; x_wconf 87' lang='lat' dir='ltr'><strong>jam</strong></span> <span class='ocrx_word' id='word_1_449' title='bbox 2016 4434 2144 4489; x_wconf 86' lang='lat' dir='ltr'><strong>pro-</strong></span> 
     </span>
    </p>
   </div>
   <div class='ocr_carea' id='block_1_62' title="bbox 2237 1950 3823 2019">
    <p class='ocr_par' dir='ltr' id='par_1_62' title="bbox 2237 1950 3823 2019">
     <span class='ocr_line' id='line_1_62' title="bbox 2237 1950 3823 2019; baseline -0.001 -16"><span class='ocrx_word' id='word_1_450' title='bbox 2237 1952 2403 2005; x_wconf 90' lang='lat' dir='ltr'><strong>fuisse</strong></span> <span class='ocrx_word' id='word_1_451' title='bbox 2446 1951 2671 2013; x_wconf 71' lang='lat' dir='ltr'><strong>dixeris,</strong></span> <span class='ocrx_word' id='word_1_452' title='bbox 2712 1952 2872 2019; x_wconf 92' lang='lat' dir='ltr'><strong>cujus</strong></span> <span class='ocrx_word' id='word_1_453' title='bbox 2931 1952 3187 2019; x_wconf 83' lang='lat' dir='ltr'><strong>frequens</strong></span> <span class='ocrx_word' id='word_1_454' title='bbox 3241 1951 3447 2003; x_wconf 88' lang='lat' dir='ltr'><strong>mentio</strong></span> <span class='ocrx_word' id='word_1_455' title='bbox 3505 1953 3561 2004; x_wconf 92' lang='lat' dir='ltr'><strong>in</strong></span> <span class='ocrx_word' id='word_1_456' title='bbox 3601 1953 3746 2005; x_wconf 80' lang='lat' dir='ltr'><strong>Actis</strong></span> <span class='ocrx_word' id='word_1_457' title='bbox 3770 1950 3823 2004; x_wconf 90' lang='lat' dir='ltr'><strong>S.</strong></span> 
     </span>
    </p>
   </div>
   <div class='ocr_carea' id='block_1_63' title="bbox 2239 2043 3826 2114">
    <p class='ocr_par' dir='ltr' id='par_1_63' title="bbox 2239 2043 3826 2114">
     <span class='ocr_line' id='line_1_63' title="bbox 2239 2043 3826 2114; baseline 0 -16"><span class='ocrx_word' id='word_1_458' title='bbox 2239 2043 2521 2114; x_wconf 75' lang='lat' dir='ltr'><strong>Stephani,</strong></span> <span class='ocrx_word' id='word_1_459' title='bbox 2546 2061 2816 2113; x_wconf 83' lang='lat' dir='ltr'><strong>quemque</strong></span> <span class='ocrx_word' id='word_1_460' title='bbox 2846 2061 2911 2098; x_wconf 79' lang='lat' dir='ltr'><strong>ex</strong></span> <span class='ocrx_word' id='word_1_461' title='bbox 2948 2045 3143 2097; x_wconf 80' lang='lat' dir='ltr'><strong>iisdem</strong></span> <span class='ocrx_word' id='word_1_462' title='bbox 3170 2060 3275 2097; x_wconf 89' lang='lat' dir='ltr'><strong>non</strong></span> <span class='ocrx_word' id='word_1_463' title='bbox 3313 2047 3504 2112; x_wconf 83' lang='lat' dir='ltr'><strong>procol</strong></span> <span class='ocrx_word' id='word_1_464' title='bbox 3536 2048 3609 2097; x_wconf 85' lang='lat' dir='ltr'><strong>ab</strong></span> <span class='ocrx_word' id='word_1_465' title='bbox 3639 2048 3826 2114; x_wconf 82' lang='lat' dir='ltr'><strong>Hippo-</strong></span> 
     </span>
    </p>
   </div>
   <div class='ocr_carea' id='block_1_64' title="bbox 2237 2136 3823 2207">
    <p class='ocr_par' dir='ltr' id='par_1_64' title="bbox 2237 2136 3823 2207">
     <span class='ocr_line' id='line_1_64' title="bbox 2237 2136 3823 2207; baseline -0.002 -16"><span class='ocrx_word' id='word_1_466' title='bbox 2237 2137 2470 2200; x_wconf 85' lang='lat' dir='ltr'><strong>dromio,</strong></span> <span class='ocrx_word' id='word_1_467' title='bbox 2506 2138 2913 2207; x_wconf 75' lang='lat' dir='ltr'><strong>martyriorum,</strong></span> <span class='ocrx_word' id='word_1_468' title='bbox 2946 2138 2997 2189; x_wconf 85' lang='lat' dir='ltr'><strong>in</strong></span> <span class='ocrx_word' id='word_1_469' title='bbox 3026 2136 3127 2189; x_wconf 81' lang='lat' dir='ltr'><strong>hac</strong></span> <span class='ocrx_word' id='word_1_470' title='bbox 3158 2137 3574 2205; x_wconf 81' lang='lat' dir='ltr'><strong>persecutione.</strong></span> <span class='ocrx_word' id='word_1_471' title='bbox 3610 2141 3823 2189; x_wconf 83' lang='lat' dir='ltr'><strong>ordina-</strong></span> 
     </span>
    </p>
   </div>
   <div class='ocr_carea' id='block_1_65' title="bbox 2238 2228 3825 2303">
    <p class='ocr_par' dir='ltr' id='par_1_65' title="bbox 2238 2228 3825 2303">
     <span class='ocr_line' id='line_1_65' title="bbox 2238 2228 3825 2303; baseline -0.002 -21"><span class='ocrx_word' id='word_1_472' title='bbox 2238 2231 2320 2282; x_wconf 90' lang='lat' dir='ltr'><strong>rio</strong></span> <span class='ocrx_word' id='word_1_473' title='bbox 2361 2231 2593 2291; x_wconf 83' lang='lat' dir='ltr'><strong>theatro,</strong></span> <span class='ocrx_word' id='word_1_474' title='bbox 2627 2234 2816 2283; x_wconf 86' lang='lat' dir='ltr'><strong>situm.</strong></span> <span class='ocrx_word' id='word_1_475' title='bbox 2849 2243 2913 2281; x_wconf 88' lang='lat' dir='ltr'><strong>ac</strong></span> <span class='ocrx_word' id='word_1_476' title='bbox 2941 2228 3095 2281; x_wconf 82' lang='lat' dir='ltr'><strong>valde</strong></span> <span class='ocrx_word' id='word_1_477' title='bbox 3147 2228 3398 2281; x_wconf 87' lang='lat' dir='ltr'><strong>tetricum</strong></span> <span class='ocrx_word' id='word_1_478' title='bbox 3455 2228 3633 2303; x_wconf 80' lang='lat' dir='ltr'><strong>fuisse</strong></span> <span class='ocrx_word' id='word_1_479' title='bbox 3667 2243 3825 2296; x_wconf 83' lang='lat' dir='ltr'><strong>appa-</strong></span> 
     </span>
    </p>
   </div>
   <div class='ocr_carea' id='block_1_66' title="bbox 2241 2318 3824 2388">
    <p class='ocr_par' dir='ltr' id='par_1_66' title="bbox 2241 2318 3824 2388">
     <span class='ocr_line' id='line_1_66' title="bbox 2241 2318 3824 2388; baseline -0.004 -13"><span class='ocrx_word' id='word_1_480' title='bbox 2241 2331 2322 2375; x_wconf 88' lang='lat' dir='ltr'><strong>ret</strong></span> <span class='ocrx_word' id='word_1_481' title='bbox 2360 2320 2531 2387; x_wconf 63' lang='lat' dir='ltr'><strong>(tsoi.</strong></span> <span class='ocrx_word' id='word_1_482' title='bbox 2573 2318 2967 2388; x_wconf 67' lang='lat' dir='ltr'><strong>Metaphrastes</strong></span> <span class='ocrx_word' id='word_1_483' title='bbox 3008 2318 3095 2371; x_wconf 87' lang='lat' dir='ltr'><strong>hic</strong></span> <span class='ocrx_word' id='word_1_484' title='bbox 3151 2320 3391 2371; x_wconf 85' lang='lat' dir='ltr'><strong>insinuat</strong></span> <span class='ocrx_word' id='word_1_485' title='bbox 3444 2319 3503 2372; x_wconf 85' lang='grc'><strong>5.</strong></span> <span class='ocrx_word' id='word_1_486' title='bbox 3563 2321 3824 2373; x_wconf 80' lang='lat' dir='ltr'><strong>Andream</strong></span> 
     </span>
    </p>
   </div>
   <div class='ocr_carea' id='block_1_67' title="bbox 2238 2408 3828 2481">
    <p class='ocr_par' dir='ltr' id='par_1_67' title="bbox 2238 2408 3828 2481">
     <span class='ocr_line' id='line_1_67' title="bbox 2238 2408 3828 2481; baseline -0.001 -17"><span class='ocrx_word' id='word_1_487' title='bbox 2238 2411 2419 2481; x_wconf 88' lang='lat' dir='ltr'><strong>plures</strong></span> <span class='ocrx_word' id='word_1_488' title='bbox 2454 2411 2571 2464; x_wconf 85' lang='lat' dir='ltr'><strong>dies</strong></span> <span class='ocrx_word' id='word_1_489' title='bbox 2600 2414 2651 2462; x_wconf 84' lang='lat' dir='ltr'><strong>in</strong></span> <span class='ocrx_word' id='word_1_490' title='bbox 2685 2423 2904 2463; x_wconf 84' lang='lat' dir='ltr'><strong>Carcere</strong></span> <span class='ocrx_word' id='word_1_491' title='bbox 2935 2408 3263 2478; x_wconf 77' lang='lat' dir='ltr'><strong>transegisse</strong></span> <span class='ocrx_word' id='word_1_492' title='bbox 3286 2419 3341 2461; x_wconf 86' lang='lat' dir='ltr'><strong>et</strong></span> <span class='ocrx_word' id='word_1_493' title='bbox 3365 2414 3554 2462; x_wconf 86' lang='lat' dir='ltr'><strong>socios</strong></span> <span class='ocrx_word' id='word_1_494' title='bbox 3592 2411 3828 2475; x_wconf 84' lang='lat' dir='ltr'><strong>captivos</strong></span> 
     </span>
    </p>
   </div>
   <div class='ocr_carea' id='block_1_68' title="bbox 2238 2501 3827 2569">
    <p class='ocr_par' dir='ltr' id='par_1_68' title="bbox 2238 2501 3827 2569">
     <span class='ocr_line' id='line_1_68' title="bbox 2238 2501 3827 2569; baseline -0.006 -11"><span class='ocrx_word' id='word_1_495' title='bbox 2238 2505 2630 2565; x_wconf 84' lang='lat' dir='ltr'><strong>confirmasse;</strong></span> <span class='ocrx_word' id='word_1_496' title='bbox 2668 2501 2754 2555; x_wconf 92' lang='lat' dir='ltr'><strong>cui</strong></span> <span class='ocrx_word' id='word_1_497' title='bbox 2783 2502 2915 2553; x_wconf 86' lang='lat' dir='ltr'><strong>Acta</strong></span> <span class='ocrx_word' id='word_1_498' title='bbox 2938 2501 3115 2569; x_wconf 88' lang='lat' dir='ltr'><strong>priora</strong></span> <span class='ocrx_word' id='word_1_499' title='bbox 3141 2501 3527 2554; x_wconf 82' lang='lat' dir='ltr'><strong>contradicere</strong></span> <span class='ocrx_word' id='word_1_500' title='bbox 3560 2502 3827 2563; x_wconf 79' lang='lat' dir='ltr'><strong>videntur,</strong></span> 
     </span>
    </p>
   </div>
   <div class='ocr_carea' id='block_1_69' title="bbox 2240 2593 3830 2660">
    <p class='ocr_par' dir='ltr' id='par_1_69' title="bbox 2240 2593 3830 2660">
     <span class='ocr_line' id='line_1_69' title="bbox 2240 2593 3830 2660; baseline -0.006 -10"><span class='ocrx_word' id='word_1_501' title='bbox 2240 2604 2294 2650; x_wconf 89' lang='lat' dir='ltr'><strong>ct</strong></span> <span class='ocrx_word' id='word_1_502' title='bbox 2322 2595 2609 2648; x_wconf 81' lang='lat' dir='ltr'><strong>manifeste</strong></span> <span class='ocrx_word' id='word_1_503' title='bbox 2645 2593 2972 2647; x_wconf 76' lang='lat' dir='ltr'><strong>contradicit</strong></span> <span class='ocrx_word' id='word_1_504' title='bbox 3006 2594 3349 2660; x_wconf 78' lang='lat' dir='ltr'><strong>synaxarium</strong></span> <span class='ocrx_word' id='word_1_505' title='bbox 3396 2606 3465 2643; x_wconf 72' lang='lat' dir='ltr'><strong>ex</strong></span> <span class='ocrx_word' id='word_1_506' title='bbox 3503 2593 3573 2643; x_wconf 86' lang='lat' dir='ltr'><strong>iis</strong></span> <span class='ocrx_word' id='word_1_507' title='bbox 3622 2598 3830 2643; x_wconf 83' lang='lat' dir='ltr'><strong>eontra-</strong></span> 
     </span>
    </p>
   </div>
   <div class='ocr_carea' id='block_1_70' title="bbox 2240 2682 3827 2751">
    <p class='ocr_par' dir='ltr' id='par_1_70' title="bbox 2240 2682 3827 2751">
     <span class='ocr_line' id='line_1_70' title="bbox 2240 2682 3827 2751; baseline -0.004 -10"><span class='ocrx_word' id='word_1_508' title='bbox 2240 2697 2409 2748; x_wconf 90' lang='lat' dir='ltr'><strong>ctum,</strong></span> <span class='ocrx_word' id='word_1_509' title='bbox 2441 2697 2492 2740; x_wconf 91' lang='lat' dir='ltr'><strong>et</strong></span> <span class='ocrx_word' id='word_1_510' title='bbox 2541 2700 2693 2738; x_wconf 90' lang='lat' dir='ltr'><strong>num.</strong></span> <span class='ocrx_word' id='word_1_511' title='bbox 2726 2683 2761 2736; x_wconf 82' lang='grc'><strong>5</strong></span> <span class='ocrx_word' id='word_1_512' title='bbox 2795 2686 3082 2736; x_wconf 79' lang='lat' dir='ltr'><strong>recitatum</strong></span> <span class='ocrx_word' id='word_1_513' title='bbox 3114 2699 3125 2744; x_wconf 84' lang='lat'><strong>;</strong></span> <span class='ocrx_word' id='word_1_514' title='bbox 3162 2697 3287 2734; x_wconf 87' lang='lat' dir='ltr'><strong>nam</strong></span> <span class='ocrx_word' id='word_1_515' title='bbox 3342 2683 3413 2734; x_wconf 88' lang='lat' dir='ltr'><strong>ibi</strong></span> <span class='ocrx_word' id='word_1_516' title='bbox 3451 2695 3675 2750; x_wconf 77' lang='lat' dir='ltr'><strong>postera</strong></span> <span class='ocrx_word' id='word_1_517' title='bbox 3727 2682 3827 2751; x_wconf 85' lang='lat' dir='ltr'><strong>jam</strong></span> 
     </span>
    </p>
   </div>
   <div class='ocr_carea' id='block_1_71' title="bbox 2241 2774 3827 2845">
    <p class='ocr_par' dir='ltr' id='par_1_71' title="bbox 2241 2774 3827 2845">
     <span class='ocr_line' id='line_1_71' title="bbox 2241 2774 3827 2845; baseline -0.003 -12"><span class='ocrx_word' id='word_1_518' title='bbox 2241 2778 2352 2839; x_wconf 81' lang='lat' dir='ltr'><strong>die,</strong></span> <span class='ocrx_word' id='word_1_519' title='bbox 2389 2792 2573 2831; x_wconf 87' lang='lat' dir='ltr'><strong>coram</strong></span> <span class='ocrx_word' id='word_1_520' title='bbox 2628 2775 2975 2845; x_wconf 68' lang='lat' dir='ltr'><strong>Copronytno</strong></span> <span class='ocrx_word' id='word_1_521' title='bbox 3028 2774 3227 2827; x_wconf 88' lang='lat' dir='ltr'><strong>iterum</strong></span> <span class='ocrx_word' id='word_1_522' title='bbox 3283 2789 3613 2842; x_wconf 75' lang='lat' dir='ltr'><strong>apparuisse</strong></span> <span class='ocrx_word' id='word_1_523' title='bbox 3645 2776 3827 2829; x_wconf 81' lang='lat' dir='ltr'><strong>fertur.</strong></span> 
     </span>
    </p>
   </div>
   <div class='ocr_carea' id='block_1_72' title="bbox 2242 2864 3829 2939">
    <p class='ocr_par' dir='ltr' id='par_1_72' title="bbox 2242 2864 3829 2939">
     <span class='ocr_line' id='line_1_72' title="bbox 2242 2864 3829 2939; baseline -0.003 -18"><span class='ocrx_word' id='word_1_524' title='bbox 2242 2869 2383 2939; x_wconf 90' lang='lat' dir='ltr'><strong>quod</strong></span> <span class='ocrx_word' id='word_1_525' title='bbox 2417 2869 2542 2921; x_wconf 90' lang='lat' dir='ltr'><strong>item</strong></span> <span class='ocrx_word' id='word_1_526' title='bbox 2576 2867 2937 2937; x_wconf 76' lang='lat' dir='ltr'><strong>synaxaristes</strong></span> <span class='ocrx_word' id='word_1_527' title='bbox 2967 2864 3291 2919; x_wconf 68' lang='lat' dir='ltr'><strong>Nemeorum</strong></span> <span class='ocrx_word' id='word_1_528' title='bbox 3319 2867 3544 2925; x_wconf 83' lang='lat' dir='ltr'><strong>asserit,</strong></span> <span class='ocrx_word' id='word_1_529' title='bbox 3591 2865 3643 2917; x_wconf 92' lang='lat' dir='ltr'><strong>iu</strong></span> <span class='ocrx_word' id='word_1_530' title='bbox 3681 2866 3829 2918; x_wconf 72' lang='lat' dir='ltr'><strong>caete-</strong></span> 
     </span>
    </p>
   </div>
   <div class='ocr_carea' id='block_1_73' title="bbox 2242 2954 3829 3025">
    <p class='ocr_par' dir='ltr' id='par_1_73' title="bbox 2242 2954 3829 3025">
     <span class='ocr_line' id='line_1_73' title="bbox 2242 2954 3829 3025; baseline -0.005 -12"><span class='ocrx_word' id='word_1_531' title='bbox 2242 2963 2317 3013; x_wconf 88' lang='lat' dir='ltr'><strong>ris</strong></span> <span class='ocrx_word' id='word_1_532' title='bbox 2356 2957 2613 3012; x_wconf 88' lang='lat' dir='ltr'><strong>omnibus</strong></span> <span class='ocrx_word' id='word_1_533' title='bbox 2666 2956 2800 3025; x_wconf 81' lang='lat' dir='ltr'><strong>ipsis</strong></span> <span class='ocrx_word' id='word_1_534' title='bbox 2848 2954 3229 3023; x_wconf 75' lang='lat' dir='ltr'><strong>Melaphrasta:</strong></span> <span class='ocrx_word' id='word_1_535' title='bbox 3269 2954 3454 3007; x_wconf 81' lang='lat' dir='ltr'><strong>verbis</strong></span> <span class='ocrx_word' id='word_1_536' title='bbox 3505 2955 3743 3007; x_wconf 88' lang='lat' dir='ltr'><strong>loeutus.</strong></span> <span class='ocrx_word' id='word_1_537' title='bbox 3778 2954 3829 3005; x_wconf 88' lang='lat' dir='ltr'><strong>In</strong></span> 
     </span>
    </p>
   </div>
   <div class='ocr_carea' id='block_1_74' title="bbox 2246 3046 3828 3115">
    <p class='ocr_par' dir='ltr' id='par_1_74' title="bbox 2246 3046 3828 3115">
     <span class='ocr_line' id='line_1_74' title="bbox 2246 3046 3828 3115; baseline -0.003 -11"><span class='ocrx_word' id='word_1_538' title='bbox 2246 3049 2436 3105; x_wconf 89' lang='lat' dir='ltr'><strong>iisdem</strong></span> <span class='ocrx_word' id='word_1_539' title='bbox 2472 3049 2689 3101; x_wconf 73' lang='lat' dir='ltr'><strong>Menaeis</strong></span> <span class='ocrx_word' id='word_1_540' title='bbox 2724 3047 2964 3103; x_wconf 71' lang='lat' dir='ltr'><strong>excusis.</strong></span> <span class='ocrx_word' id='word_1_541' title='bbox 2992 3048 3057 3098; x_wconf 88' lang='lat' dir='ltr'><strong>ad</strong></span> <span class='ocrx_word' id='word_1_542' title='bbox 3092 3062 3257 3098; x_wconf 73' lang='lat' dir='ltr'><strong>xxviii</strong></span> <span class='ocrx_word' id='word_1_543' title='bbox 3295 3046 3630 3098; x_wconf 74' lang='lat' dir='ltr'><strong>Novembris</strong></span> <span class='ocrx_word' id='word_1_544' title='bbox 3668 3046 3828 3115; x_wconf 72' lang='lat' dir='ltr'><strong>tiSl),</strong></span> 
     </span>
    </p>
   </div>
   <div class='ocr_carea' id='block_1_75' title="bbox 2249 3136 3827 3207">
    <p class='ocr_par' dir='ltr' id='par_1_75' title="bbox 2249 3136 3827 3207">
     <span class='ocr_line' id='line_1_75' title="bbox 2249 3136 3827 3207; baseline -0.004 -14"><span class='ocrx_word' id='word_1_545' title='bbox 2249 3142 2431 3196; x_wconf 86' lang='lat' dir='ltr'><strong>tibide</strong></span> <span class='ocrx_word' id='word_1_546' title='bbox 2466 3141 2521 3193; x_wconf 87' lang='grc'><strong>5.</strong></span> <span class='ocrx_word' id='word_1_547' title='bbox 2556 3139 2833 3207; x_wconf 84' lang='lat' dir='ltr'><strong>Stephano</strong></span> <span class='ocrx_word' id='word_1_548' title='bbox 2852 3136 3054 3189; x_wconf 83' lang='lat' dir='ltr'><strong>dicitur</strong></span> <span class='ocrx_word' id='word_1_549' title='bbox 3074 3151 3198 3189; x_wconf 90' lang='lat' dir='ltr'><strong>eum</strong></span> <span class='ocrx_word' id='word_1_550' title='bbox 3242 3138 3293 3188; x_wconf 90' lang='lat' dir='ltr'><strong>in</strong></span> <span class='ocrx_word' id='word_1_551' title='bbox 3333 3152 3560 3191; x_wconf 84' lang='lat' dir='ltr'><strong>carcere</strong></span> <span class='ocrx_word' id='word_1_552' title='bbox 3598 3138 3827 3203; x_wconf 61' lang='lat' dir='ltr'><strong>praetorii</strong></span> 
     </span>
    </p>
   </div>
   <div class='ocr_carea' id='block_1_76' title="bbox 2244 3226 3830 3291">
    <p class='ocr_par' dir='ltr' id='par_1_76' title="bbox 2244 3226 3830 3291">
     <span class='ocr_line' id='line_1_76' title="bbox 2244 3226 3830 3291; baseline -0.003 -4"><span class='ocrx_word' id='word_1_553' title='bbox 2244 3234 2409 3287; x_wconf 84' lang='lat' dir='ltr'><strong>fuisse</strong></span> <span class='ocrx_word' id='word_1_554' title='bbox 2427 3232 2727 3291; x_wconf 89' lang='lat' dir='ltr'><strong>detentum,</strong></span> <span class='ocrx_word' id='word_1_555' title='bbox 2751 3229 2969 3282; x_wconf 86' lang='lat' dir='ltr'><strong>additur</strong></span> <span class='ocrx_word' id='word_1_556' title='bbox 2992 3244 3115 3282; x_wconf 89' lang='lat' dir='ltr'><strong>eum</strong></span> <span class='ocrx_word' id='word_1_557' title='bbox 3139 3228 3207 3281; x_wconf 90' lang='lat' dir='ltr'><strong>ibi</strong></span> <span class='ocrx_word' id='word_1_558' title='bbox 3236 3226 3457 3281; x_wconf 80' lang='lat' dir='ltr'><strong>Petrum</strong></span> <span class='ocrx_word' id='word_1_559' title='bbox 3485 3238 3538 3281; x_wconf 85' lang='lat' dir='ltr'><strong>et</strong></span> <span class='ocrx_word' id='word_1_560' title='bbox 3562 3230 3830 3282; x_wconf 78' lang='lat' dir='ltr'><strong>Andream</strong></span> 
     </span>
    </p>
   </div>
   <div class='ocr_carea' id='block_1_77' title="bbox 2247 3323 3831 3394">
    <p class='ocr_par' dir='ltr' id='par_1_77' title="bbox 2247 3323 3831 3394">
     <span class='ocr_line' id='line_1_77' title="bbox 2247 3323 3831 3394; baseline -0.001 -16"><span class='ocrx_word' id='word_1_561' title='bbox 2247 3325 2539 3394; x_wconf 76' lang='lat' dir='ltr'><strong>repetisse,</strong></span> <span class='ocrx_word' id='word_1_562' title='bbox 2574 3338 2760 3376; x_wconf 85' lang='lat' dir='ltr'><strong>verum</strong></span> <span class='ocrx_word' id='word_1_563' title='bbox 2817 3323 2945 3375; x_wconf 83' lang='lat' dir='ltr'><strong>illud</strong></span> <span class='ocrx_word' id='word_1_564' title='bbox 2989 3323 3270 3375; x_wconf 81' lang='lat' dir='ltr'><strong>evidenter</strong></span> <span class='ocrx_word' id='word_1_565' title='bbox 3316 3337 3611 3375; x_wconf 86' lang='lat' dir='ltr'><strong>erroneurn</strong></span> <span class='ocrx_word' id='word_1_566' title='bbox 3646 3334 3751 3387; x_wconf 87' lang='lat' dir='ltr'><strong>est,</strong></span> <span class='ocrx_word' id='word_1_567' title='bbox 3782 3331 3831 3376; x_wconf 81' lang='lat' dir='ltr'><strong>et</strong></span> 
     </span>
    </p>
   </div>
   <div class='ocr_carea' id='block_1_78' title="bbox 2247 3406 3829 3481">
    <p class='ocr_par' dir='ltr' id='par_1_78' title="bbox 2247 3406 3829 3481">
     <span class='ocr_line' id='line_1_78' title="bbox 2247 3406 3829 3481; baseline -0.006 -9"><span class='ocrx_word' id='word_1_568' title='bbox 2247 3433 2308 3472; x_wconf 82' lang='lat' dir='ltr'><strong>ex</strong></span> <span class='ocrx_word' id='word_1_569' title='bbox 2344 3417 2483 3470; x_wconf 84' lang='lat' dir='ltr'><strong>male</strong></span> <span class='ocrx_word' id='word_1_570' title='bbox 2512 3414 2788 3468; x_wconf 83' lang='lat' dir='ltr'><strong>intellecto</strong></span> <span class='ocrx_word' id='word_1_571' title='bbox 2819 3412 3125 3481; x_wconf 60' lang='lat' dir='ltr'><strong>Menelosio</strong></span> <span class='ocrx_word' id='word_1_572' title='bbox 3151 3406 3424 3464; x_wconf 78' lang='lat' dir='ltr'><strong>Basili-ano</strong></span> <span class='ocrx_word' id='word_1_573' title='bbox 3459 3412 3739 3479; x_wconf 81' lang='lat' dir='ltr'><strong>proﬂuxit.</strong></span> <span class='ocrx_word' id='word_1_574' title='bbox 3777 3412 3829 3464; x_wconf 90' lang='lat' dir='ltr'><strong>In</strong></span> 
     </span>
    </p>
   </div>
   <div class='ocr_carea' id='block_1_79' title="bbox 2249 3503 3829 3577">
    <p class='ocr_par' dir='ltr' id='par_1_79' title="bbox 2249 3503 3829 3577">
     <span class='ocr_line' id='line_1_79' title="bbox 2249 3503 3829 3577; baseline -0.003 -16"><span class='ocrx_word' id='word_1_575' title='bbox 2249 3509 2411 3577; x_wconf 88' lang='lat' dir='ltr'><strong>hujus</strong></span> <span class='ocrx_word' id='word_1_576' title='bbox 2438 3506 2741 3577; x_wconf 78' lang='lat' dir='ltr'><strong>synaxario,</strong></span> <span class='ocrx_word' id='word_1_577' title='bbox 2773 3505 2839 3557; x_wconf 85' lang='lat' dir='ltr'><strong>ad</strong></span> <span class='ocrx_word' id='word_1_578' title='bbox 2889 3505 3139 3557; x_wconf 78' lang='lat' dir='ltr'><strong>eumdem</strong></span> <span class='ocrx_word' id='word_1_579' title='bbox 3188 3503 3349 3566; x_wconf 77' lang='lat' dir='ltr'><strong>diem,</strong></span> <span class='ocrx_word' id='word_1_580' title='bbox 3397 3503 3591 3557; x_wconf 87' lang='lat' dir='ltr'><strong>titulus</strong></span> <span class='ocrx_word' id='word_1_581' title='bbox 3622 3506 3782 3557; x_wconf 80' lang='lat' dir='ltr'><strong>habet</strong></span> <span class='ocrx_word' id='word_1_582' title='bbox 3815 3520 3829 3557; x_wconf 87' lang='lat'><strong>:</strong></span> 
     </span>
    </p>
   </div>
   <div class='ocr_carea' id='block_1_80' title="bbox 2246 3591 3832 3665">
    <p class='ocr_par' dir='ltr' id='par_1_80' title="bbox 2246 3591 3832 3665">
     <span class='ocr_line' id='line_1_80' title="bbox 2246 3591 3832 3665; baseline -0.004 -12"><span class='ocrx_word' id='word_1_583' title='bbox 2246 3597 2534 3659; x_wconf 84' lang='lat' dir='ltr'><strong>Certamen</strong></span> <span class='ocrx_word' id='word_1_584' title='bbox 2577 3596 2633 3652; x_wconf 86' lang='grc'><strong>5.</strong></span> <span class='ocrx_word' id='word_1_585' title='bbox 2668 3595 2929 3665; x_wconf 70' lang='lat' dir='ltr'><strong>Stephani</strong></span> <span class='ocrx_word' id='word_1_586' title='bbox 2970 3591 3215 3647; x_wconf 79' lang='lat' dir='ltr'><strong>Junioris</strong></span> <span class='ocrx_word' id='word_1_587' title='bbox 3260 3596 3514 3648; x_wconf 81' lang='lat' dir='ltr'><strong>monachi</strong></span> <span class='ocrx_word' id='word_1_588' title='bbox 3547 3606 3603 3649; x_wconf 85' lang='lat' dir='ltr'><strong>et</strong></span> <span class='ocrx_word' id='word_1_589' title='bbox 3636 3607 3832 3665; x_wconf 66' lang='lat' dir='ltr'><strong>martyv</strong></span> 
     </span>
    </p>
   </div>
   <div class='ocr_carea' id='block_1_81' title="bbox 2247 3687 3829 3759">
    <p class='ocr_par' dir='ltr' id='par_1_81' title="bbox 2247 3687 3829 3759">
     <span class='ocr_line' id='line_1_81' title="bbox 2247 3687 3829 3759; baseline -0.001 -15"><span class='ocrx_word' id='word_1_590' title='bbox 2247 3691 2345 3753; x_wconf 84' lang='lat' dir='ltr'><strong>ris,</strong></span> <span class='ocrx_word' id='word_1_591' title='bbox 2390 3700 2442 3744; x_wconf 80' lang='lat' dir='ltr'><strong>et</strong></span> <span class='ocrx_word' id='word_1_592' title='bbox 2484 3691 2577 3759; x_wconf 81' lang='lat' dir='ltr'><strong>qui</strong></span> <span class='ocrx_word' id='word_1_593' title='bbox 2624 3705 2745 3743; x_wconf 91' lang='lat' dir='ltr'><strong>cum</strong></span> <span class='ocrx_word' id='word_1_594' title='bbox 2790 3704 2856 3743; x_wconf 91' lang='lat' dir='ltr'><strong>co</strong></span> <span class='ocrx_word' id='word_1_595' title='bbox 2904 3690 3046 3758; x_wconf 85' lang='lat' dir='ltr'><strong>passi</strong></span> <span class='ocrx_word' id='word_1_596' title='bbox 3094 3698 3244 3751; x_wconf 84' lang='lat' dir='ltr'><strong>sunt,</strong></span> <span class='ocrx_word' id='word_1_597' title='bbox 3296 3687 3439 3744; x_wconf 80' lang='lat' dir='ltr'><strong>Petri</strong></span> <span class='ocrx_word' id='word_1_598' title='bbox 3492 3699 3549 3744; x_wconf 89' lang='lat' dir='ltr'><strong>et</strong></span> <span class='ocrx_word' id='word_1_599' title='bbox 3584 3692 3829 3744; x_wconf 69' lang='lat' dir='ltr'><strong>Andreae.</strong></span> 
     </span>
    </p>
   </div>
   <div class='ocr_carea' id='block_1_82' title="bbox 2247 3779 3829 3849">
    <p class='ocr_par' dir='ltr' id='par_1_82' title="bbox 2247 3779 3829 3849">
     <span class='ocr_line' id='line_1_82' title="bbox 2247 3779 3829 3849; baseline -0.001 -14"><span class='ocrx_word' id='word_1_600' title='bbox 2247 3781 2382 3835; x_wconf 86' lang='lat' dir='ltr'><strong>Dein</strong></span> <span class='ocrx_word' id='word_1_601' title='bbox 2419 3782 2473 3834; x_wconf 86' lang='grc'><strong>5.</strong></span> <span class='ocrx_word' id='word_1_602' title='bbox 2519 3780 2765 3835; x_wconf 78' lang='lat' dir='ltr'><strong>Andreas</strong></span> <span class='ocrx_word' id='word_1_603' title='bbox 2796 3780 3012 3849; x_wconf 84' lang='lat' dir='ltr'><strong>quidem</strong></span> <span class='ocrx_word' id='word_1_604' title='bbox 3042 3779 3241 3834; x_wconf 87' lang='lat' dir='ltr'><strong>dicitur</strong></span> <span class='ocrx_word' id='word_1_605' title='bbox 3274 3780 3585 3834; x_wconf 84' lang='lat' dir='ltr'><strong>monachus</strong></span> <span class='ocrx_word' id='word_1_606' title='bbox 3620 3780 3785 3836; x_wconf 88' lang='lat' dir='ltr'><strong>fuisse</strong></span> <span class='ocrx_word' id='word_1_607' title='bbox 3816 3799 3829 3833; x_wconf 91' lang='lat'><strong>:</strong></span> 
     </span>
    </p>
   </div>
   <div class='ocr_carea' id='block_1_83' title="bbox 2245 3872 3829 3939">
    <p class='ocr_par' dir='ltr' id='par_1_83' title="bbox 2245 3872 3829 3939">
     <span class='ocr_line' id='line_1_83' title="bbox 2245 3872 3829 3939; baseline -0.003 -12"><span class='ocrx_word' id='word_1_608' title='bbox 2245 3877 2272 3927; x_wconf 72' lang='grc' dir='ltr'><strong>ὁ</strong></span> <span class='ocrx_word' id='word_1_609' title='bbox 2305 3876 2468 3936; x_wconf 72' lang='grc' dir='ltr'>ὅπως,</span> <span class='ocrx_word' id='word_1_610' title='bbox 2506 3874 2599 3927; x_wconf 88' lang='lat' dir='ltr'><strong>sed</strong></span> <span class='ocrx_word' id='word_1_611' title='bbox 2628 3872 2683 3925; x_wconf 92' lang='grc'><strong>5.</strong></span> <span class='ocrx_word' id='word_1_612' title='bbox 2716 3872 2909 3927; x_wconf 90' lang='lat' dir='ltr'><strong>Petrus</strong></span> <span class='ocrx_word' id='word_1_613' title='bbox 2939 3876 3166 3924; x_wconf 80' lang='lat' dir='ltr'><strong>vocatur</strong></span> <span class='ocrx_word' id='word_1_614' title='bbox 3200 3872 3526 3939; x_wconf 82' lang='lat' dir='ltr'><strong>simpliciter</strong></span> <span class='ocrx_word' id='word_1_615' title='bbox 3554 3891 3566 3924; x_wconf 95' lang='lat'><strong>:</strong></span> <span class='ocrx_word' id='word_1_616' title='bbox 3600 3875 3627 3925; x_wconf 83' lang='grc' dir='ltr'><strong><em>ὀ</em></strong></span> <span class='ocrx_word' id='word_1_617' title='bbox 3657 3874 3829 3939; x_wconf 71' lang='grc' dir='ltr'><strong>ἅγιος,</strong></span> 
     </span>
    </p>
   </div>
   <div class='ocr_carea' id='block_1_84' title="bbox 2251 3964 3831 4032">
    <p class='ocr_par' dir='ltr' id='par_1_84' title="bbox 2251 3964 3831 4032">
     <span class='ocr_line' id='line_1_84' title="bbox 2251 3964 3831 4032; baseline -0.002 -12"><span class='ocrx_word' id='word_1_618' title='bbox 2251 3978 2304 4020; x_wconf 88' lang='lat' dir='ltr'><strong>et</strong></span> <span class='ocrx_word' id='word_1_619' title='bbox 2334 3968 2601 4019; x_wconf 86' lang='lat' dir='ltr'><strong>enarratis</strong></span> <span class='ocrx_word' id='word_1_620' title='bbox 2623 3965 2861 4017; x_wconf 81' lang='lat' dir='ltr'><strong>breviter</strong></span> <span class='ocrx_word' id='word_1_621' title='bbox 2893 3964 3175 4017; x_wconf 84' lang='lat' dir='ltr'><strong>amborum</strong></span> <span class='ocrx_word' id='word_1_622' title='bbox 3217 3966 3514 4032; x_wconf 82' lang='lat' dir='ltr'><strong>martyriis,</strong></span> <span class='ocrx_word' id='word_1_623' title='bbox 3550 3968 3710 4019; x_wconf 88' lang='lat' dir='ltr'><strong>sicuti</strong></span> <span class='ocrx_word' id='word_1_624' title='bbox 3744 3982 3831 4019; x_wconf 88' lang='lat' dir='ltr'><strong>su-</strong></span> 
     </span>
    </p>
   </div>
   <div class='ocr_carea' id='block_1_85' title="bbox 2251 4051 3829 4125">
    <p class='ocr_par' dir='ltr' id='par_1_85' title="bbox 2251 4051 3829 4125">
     <span class='ocr_line' id='line_1_85' title="bbox 2251 4051 3829 4125; baseline -0.001 -18"><span class='ocrx_word' id='word_1_625' title='bbox 2251 4070 2343 4125; x_wconf 88' lang='lat' dir='ltr'><strong>pra</strong></span> <span class='ocrx_word' id='word_1_626' title='bbox 2370 4064 2425 4107; x_wconf 87' lang='lat' dir='ltr'><strong>et</strong></span> <span class='ocrx_word' id='word_1_627' title='bbox 2469 4055 2522 4107; x_wconf 93' lang='lat' dir='ltr'><strong>in</strong></span> <span class='ocrx_word' id='word_1_628' title='bbox 2575 4053 2723 4107; x_wconf 83' lang='lat' dir='ltr'><strong>Actis</strong></span> <span class='ocrx_word' id='word_1_629' title='bbox 2768 4052 3173 4114; x_wconf 86' lang='lat' dir='ltr'><strong>describuntur,</strong></span> <span class='ocrx_word' id='word_1_630' title='bbox 3208 4051 3274 4103; x_wconf 86' lang='lat' dir='ltr'><strong>tle</strong></span> <span class='ocrx_word' id='word_1_631' title='bbox 3303 4051 3361 4103; x_wconf 85' lang='grc'><strong>5.</strong></span> <span class='ocrx_word' id='word_1_632' title='bbox 3403 4052 3567 4106; x_wconf 80' lang='lat' dir='ltr'><strong>Petro</strong></span> <span class='ocrx_word' id='word_1_633' title='bbox 3593 4055 3829 4117; x_wconf 83' lang='lat' dir='ltr'><strong>additur,</strong></span> 
     </span>
    </p>
   </div>
   <div class='ocr_carea' id='block_1_86' title="bbox 2252 4139 3833 4211">
    <p class='ocr_par' dir='ltr' id='par_1_86' title="bbox 2252 4139 3833 4211">
     <span class='ocr_line' id='line_1_86' title="bbox 2252 4139 3833 4211; baseline 0.002 -15"><span class='ocrx_word' id='word_1_634' title='bbox 2252 4156 2375 4197; x_wconf 86' lang='lat' dir='ltr'><strong>eum</strong></span> <span class='ocrx_word' id='word_1_635' title='bbox 2402 4143 2553 4211; x_wconf 90' lang='lat' dir='ltr'><strong>prius</strong></span> <span class='ocrx_word' id='word_1_636' title='bbox 2593 4157 2812 4198; x_wconf 88' lang='lat' dir='ltr'><strong>carcere</strong></span> <span class='ocrx_word' id='word_1_637' title='bbox 2861 4141 3140 4196; x_wconf 84' lang='lat' dir='ltr'><strong>detentum</strong></span> <span class='ocrx_word' id='word_1_638' title='bbox 3195 4139 3364 4194; x_wconf 90' lang='lat' dir='ltr'><strong>fuisse</strong></span> <span class='ocrx_word' id='word_1_639' title='bbox 3422 4142 3553 4208; x_wconf 67' lang='grc' dir='ltr'><strong>(εῖτ.</strong></span> <span class='ocrx_word' id='word_1_640' title='bbox 3587 4159 3740 4199; x_wconf 84' lang='grc' dir='ltr'>ιιυιιι.</span> <span class='ocrx_word' id='word_1_641' title='bbox 3772 4147 3833 4199; x_wconf 85' lang='grc'><strong>15</strong></span> 
     </span>
    </p>
   </div>
   <div class='ocr_carea' id='block_1_87' title="bbox 2252 4234 2632 4305">
    <p class='ocr_par' dir='ltr' id='par_1_87' title="bbox 2252 4234 2632 4305">
     <span class='ocr_line' id='line_1_87' title="bbox 2252 4234 2632 4305; baseline 0.005 -18"><span class='ocrx_word' id='word_1_642' title='bbox 2252 4235 2397 4287; x_wconf 83' lang='lat' dir='ltr'><strong>circa</strong></span> <span class='ocrx_word' id='word_1_643' title='bbox 2428 4234 2632 4305; x_wconf 83' lang='lat' dir='ltr'><strong>linem).</strong></span> 
     </span>
    </p>
   </div>
   <div class='ocr_carea' id='block_1_88' title="bbox 2329 4341 3829 4414">
    <p class='ocr_par' dir='ltr' id='par_1_88' title="bbox 2329 4341 3829 4414">
     <span class='ocr_line' id='line_1_88' title="bbox 2329 4341 3829 4414; baseline 0.002 -20"><span class='ocrx_word' id='word_1_644' title='bbox 2329 4342 2658 4404; x_wconf 72' lang='lat' dir='ltr'><strong>52.0uibus</strong></span> <span class='ocrx_word' id='word_1_645' title='bbox 2732 4358 2838 4395; x_wconf 86' lang='lat' dir='ltr'><strong>non</strong></span> <span class='ocrx_word' id='word_1_646' title='bbox 2900 4350 3155 4395; x_wconf 84' lang='lat' dir='ltr'><strong>accurate</strong></span> <span class='ocrx_word' id='word_1_647' title='bbox 3226 4341 3488 4398; x_wconf 87' lang='lat' dir='ltr'><strong>discussis</strong></span> <span class='ocrx_word' id='word_1_648' title='bbox 3548 4356 3643 4398; x_wconf 80' lang='lat' dir='ltr'><strong>aut</strong></span> <span class='ocrx_word' id='word_1_649' title='bbox 3683 4347 3829 4414; x_wconf 78' lang='lat' dir='ltr'><strong>juxta</strong></span> 
     </span>
    </p>
   </div>
   <div class='ocr_carea' id='block_1_89' title="bbox 2255 4432 3829 4502">
    <p class='ocr_par' dir='ltr' id='par_1_89' title="bbox 2255 4432 3829 4502">
     <span class='ocr_line' id='line_1_89' title="bbox 2255 4432 3829 4502; baseline 0.002 -17"><span class='ocrx_word' id='word_1_650' title='bbox 2255 4434 2387 4486; x_wconf 87' lang='lat' dir='ltr'><strong>Acta</strong></span> <span class='ocrx_word' id='word_1_651' title='bbox 2415 4433 2726 4487; x_wconf 81' lang='lat' dir='ltr'><strong>autlicntica</strong></span> <span class='ocrx_word' id='word_1_652' title='bbox 2753 4432 3076 4496; x_wconf 84' lang='lat' dir='ltr'><strong>emendatis,</strong></span> <span class='ocrx_word' id='word_1_653' title='bbox 3104 4435 3475 4502; x_wconf 74' lang='lat' dir='ltr'><strong>synaxaristes</strong></span> <span class='ocrx_word' id='word_1_654' title='bbox 3508 4434 3829 4489; x_wconf 79' lang='lat' dir='ltr'><strong>Menaeurum</strong></span> 
     </span>
    </p>
   </div>
   <div class='ocr_carea' id='block_1_90' title="bbox 566 4509 3829 4592">
    <p class='ocr_par' dir='ltr' id='par_1_90' title="bbox 566 4509 3829 4592">
     <span class='ocr_line' id='line_1_90' title="bbox 566 4509 3829 4592; baseline 0.002 -21"><span class='ocrx_word' id='word_1_655' title='bbox 566 4533 695 4571; x_wconf 87' lang='lat' dir='ltr'><strong>num</strong></span> <span class='ocrx_word' id='word_1_656' title='bbox 724 4525 803 4570; x_wconf 89' lang='lat' dir='ltr'><strong>est</strong></span> <span class='ocrx_word' id='word_1_657' title='bbox 834 4514 1076 4583; x_wconf 85' lang='lat' dir='ltr'><strong>judicare</strong></span> <span class='ocrx_word' id='word_1_658' title='bbox 1108 4512 1220 4564; x_wconf 69' lang='lat' dir='ltr'><strong>haec</strong></span> <span class='ocrx_word' id='word_1_659' title='bbox 1253 4510 1389 4564; x_wconf 86' lang='lat' dir='ltr'><strong>Acta</strong></span> <span class='ocrx_word' id='word_1_660' title='bbox 1424 4509 1602 4577; x_wconf 88' lang='lat' dir='ltr'><strong>priora</strong></span> <span class='ocrx_word' id='word_1_661' title='bbox 1635 4509 1787 4580; x_wconf 83' lang='lat' dir='ltr'><strong>Cpoli</strong></span> <span class='ocrx_word' id='word_1_662' title='bbox 1830 4527 1939 4566; x_wconf 81' lang='lat' dir='ltr'><strong>non</strong></span> <span class='ocrx_word' id='word_1_663' title='bbox 1975 4514 2143 4570; x_wconf 74' lang='lat' dir='ltr'><strong>fuisse</strong></span> <span class='ocrx_word' id='word_1_664' title='bbox 2172 4529 2223 4592; x_wconf 76' lang='grc' dir='ltr'><strong>Β</strong></span> <span class='ocrx_word' id='word_1_665' title='bbox 2251 4524 2513 4580; x_wconf 88' lang='lat' dir='ltr'><strong>discernit</strong></span> <span class='ocrx_word' id='word_1_666' title='bbox 2551 4524 2911 4585; x_wconf 87' lang='lat' dir='ltr'><strong>a_monacbis</strong></span> <span class='ocrx_word' id='word_1_667' title='bbox 2962 4524 3019 4578; x_wconf 87' lang='grc'><strong>5.</strong></span> <span class='ocrx_word' id='word_1_668' title='bbox 3070 4523 3288 4577; x_wconf 85' lang='lat' dir='ltr'><strong>Petrum</strong></span> <span class='ocrx_word' id='word_1_669' title='bbox 3333 4532 3387 4577; x_wconf 89' lang='lat' dir='ltr'><strong>et</strong></span> <span class='ocrx_word' id='word_1_670' title='bbox 3434 4523 3494 4577; x_wconf 91' lang='lat' dir='ltr'><strong>S.</strong></span> <span class='ocrx_word' id='word_1_671' title='bbox 3546 4527 3829 4588; x_wconf 85' lang='lat' dir='ltr'><strong>Andream,</strong></span> 
     </span>
    </p>
   </div>
   <div class='ocr_carea' id='block_1_91' title="bbox 566 4602 2145 4680">
    <p class='ocr_par' dir='ltr' id='par_1_91' title="bbox 566 4602 2145 4680">
     <span class='ocr_line' id='line_1_91' title="bbox 566 4602 2145 4680; baseline -0.003 -14"><span class='ocrx_word' id='word_1_672' title='bbox 566 4615 793 4680; x_wconf 82' lang='lat' dir='ltr'><strong>scripta,</strong></span> <span class='ocrx_word' id='word_1_673' title='bbox 822 4608 967 4676; x_wconf 88' lang='lat' dir='ltr'><strong>quod</strong></span> <span class='ocrx_word' id='word_1_674' title='bbox 1005 4608 1198 4657; x_wconf 86' lang='lat' dir='ltr'><strong>iterum</strong></span> <span class='ocrx_word' id='word_1_675' title='bbox 1236 4618 1300 4657; x_wconf 80' lang='lat' dir='ltr'><strong>ex</strong></span> <span class='ocrx_word' id='word_1_676' title='bbox 1351 4602 1491 4655; x_wconf 87' lang='lat' dir='ltr'><strong>infra</strong></span> <span class='ocrx_word' id='word_1_677' title='bbox 1522 4602 1767 4658; x_wconf 88' lang='lat' dir='ltr'><strong>dicendis</strong></span> <span class='ocrx_word' id='word_1_678' title='bbox 1796 4620 1935 4674; x_wconf 92' lang='lat' dir='ltr'><strong>pene</strong></span> <span class='ocrx_word' id='word_1_679' title='bbox 1968 4609 2145 4662; x_wconf 87' lang='lat' dir='ltr'><strong>mani-</strong></span> 
     </span>
    </p>
   </div>
   <div class='ocr_carea' id='block_1_92' title="bbox 569 4694 2148 4765">
    <p class='ocr_par' dir='ltr' id='par_1_92' title="bbox 569 4694 2148 4765">
     <span class='ocr_line' id='line_1_92' title="bbox 569 4694 2148 4765; baseline -0.003 -8"><span class='ocrx_word' id='word_1_680' title='bbox 569 4705 767 4757; x_wconf 86' lang='lat' dir='ltr'><strong>festum</strong></span> <span class='ocrx_word' id='word_1_681' title='bbox 804 4702 914 4754; x_wconf 89' lang='lat' dir='ltr'><strong>liet.</strong></span> <span class='ocrx_word' id='word_1_682' title='bbox 943 4697 1111 4751; x_wconf 87' lang='lat' dir='ltr'><strong>Porro</strong></span> <span class='ocrx_word' id='word_1_683' title='bbox 1136 4711 1258 4751; x_wconf 90' lang='lat' dir='ltr'><strong>cum</strong></span> <span class='ocrx_word' id='word_1_684' title='bbox 1290 4695 1346 4749; x_wconf 90' lang='lat' dir='ltr'><strong>S.</strong></span> <span class='ocrx_word' id='word_1_685' title='bbox 1379 4694 1627 4749; x_wconf 85' lang='lat' dir='ltr'><strong>Andreas</strong></span> <span class='ocrx_word' id='word_1_686' title='bbox 1658 4697 1865 4765; x_wconf 75' lang='lat' dir='ltr'><strong>Cpol&#39;un</strong></span> <span class='ocrx_word' id='word_1_687' title='bbox 1897 4699 2148 4753; x_wconf 79' lang='lat' dir='ltr'><strong>advenis-</strong></span> 
     </span>
    </p>
   </div>
   <div class='ocr_carea' id='block_1_93' title="bbox 568 4784 2149 4859">
    <p class='ocr_par' dir='ltr' id='par_1_93' title="bbox 568 4784 2149 4859">
     <span class='ocr_line' id='line_1_93' title="bbox 568 4784 2149 4859; baseline -0.004 -11"><span class='ocrx_word' id='word_1_688' title='bbox 568 4804 674 4859; x_wconf 75' lang='lat' dir='ltr'><strong>set,</strong></span> <span class='ocrx_word' id='word_1_689' title='bbox 709 4792 850 4845; x_wconf 88' lang='lat' dir='ltr'><strong>illico</strong></span> <span class='ocrx_word' id='word_1_690' title='bbox 884 4790 948 4846; x_wconf 86' lang='lat' dir='ltr'><strong>ad</strong></span> <span class='ocrx_word' id='word_1_691' title='bbox 990 4787 1251 4857; x_wconf 78' lang='lat' dir='ltr'><strong>palatium</strong></span> <span class='ocrx_word' id='word_1_692' title='bbox 1284 4787 1429 4855; x_wconf 86' lang='lat' dir='ltr'><strong>quod</strong></span> <span class='ocrx_word' id='word_1_693' title='bbox 1459 4803 1486 4839; x_wconf 88' lang='lat' dir='ltr'><strong>a</strong></span> <span class='ocrx_word' id='word_1_694' title='bbox 1533 4784 1590 4841; x_wconf 90' lang='lat' dir='ltr'><strong>S.</strong></span> <span class='ocrx_word' id='word_1_695' title='bbox 1627 4784 1897 4840; x_wconf 80' lang='lat' dir='ltr'><strong>Mamaute</strong></span> <span class='ocrx_word' id='word_1_696' title='bbox 1936 4802 2149 4841; x_wconf 89' lang='lat' dir='ltr'><strong>nuncu-</strong></span> 
     </span>
    </p>
   </div>
   <div class='ocr_carea' id='block_1_94' title="bbox 574 4878 2150 4956">
    <p class='ocr_par' dir='ltr' id='par_1_94' title="bbox 574 4878 2150 4956">
     <span class='ocr_line' id='line_1_94' title="bbox 574 4878 2150 4956; baseline -0.003 -16"><span class='ocrx_word' id='word_1_697' title='bbox 574 4899 753 4956; x_wconf 86' lang='lat' dir='ltr'><strong>patur,</strong></span> <span class='ocrx_word' id='word_1_698' title='bbox 802 4897 859 4938; x_wconf 83' lang='lat' dir='ltr'><strong>se</strong></span> <span class='ocrx_word' id='word_1_699' title='bbox 908 4880 1160 4942; x_wconf 75' lang='lat' dir='ltr'><strong>Contulit,</strong></span> <span class='ocrx_word' id='word_1_700' title='bbox 1193 4878 1341 4949; x_wconf 84' lang='lat' dir='ltr'><strong>quod</strong></span> <span class='ocrx_word' id='word_1_701' title='bbox 1375 4879 1444 4932; x_wconf 91' lang='lat' dir='ltr'><strong>ihi</strong></span> <span class='ocrx_word' id='word_1_702' title='bbox 1493 4881 1786 4946; x_wconf 84' lang='lat' dir='ltr'><strong>imperator</strong></span> <span class='ocrx_word' id='word_1_703' title='bbox 1827 4879 2065 4948; x_wconf 71' lang='lat' dir='ltr'><strong>degeret,</strong></span> <span class='ocrx_word' id='word_1_704' title='bbox 2096 4890 2150 4935; x_wconf 87' lang='lat' dir='ltr'><strong>ct</strong></span> 
     </span>
    </p>
   </div>
   <div class='ocr_carea' id='block_1_95' title="bbox 569 4970 2146 5043">
    <p class='ocr_par' dir='ltr' id='par_1_95' title="bbox 569 4970 2146 5043">
     <span class='ocr_line' id='line_1_95' title="bbox 569 4970 2146 5043; baseline -0.004 -12"><span class='ocrx_word' id='word_1_705' title='bbox 569 4979 830 5031; x_wconf 80' lang='lat' dir='ltr'><strong>continua</strong></span> <span class='ocrx_word' id='word_1_706' title='bbox 861 4975 1242 5043; x_wconf 83' lang='lat' dir='ltr'><strong>martyriorum</strong></span> <span class='ocrx_word' id='word_1_707' title='bbox 1275 4970 1585 5041; x_wconf 87' lang='lat' dir='ltr'><strong>spectacula</strong></span> <span class='ocrx_word' id='word_1_708' title='bbox 1613 4970 1665 5024; x_wconf 94' lang='lat' dir='ltr'><strong>in</strong></span> <span class='ocrx_word' id='word_1_709' title='bbox 1697 4971 1982 5040; x_wconf 83' lang='lat' dir='ltr'><strong>adjacente</strong></span> <span class='ocrx_word' id='word_1_710' title='bbox 2014 4972 2146 5043; x_wconf 84' lang='lat' dir='ltr'><strong>Hip-</strong></span> 
     </span>
    </p>
   </div>
   <div class='ocr_carea' id='block_1_96' title="bbox 576 5064 2148 5139">
    <p class='ocr_par' dir='ltr' id='par_1_96' title="bbox 576 5064 2148 5139">
     <span class='ocr_line' id='line_1_96' title="bbox 576 5064 2148 5139; baseline -0.002 -16"><span class='ocrx_word' id='word_1_711' title='bbox 576 5067 859 5139; x_wconf 87' lang='lat' dir='ltr'><strong>podromio</strong></span> <span class='ocrx_word' id='word_1_712' title='bbox 891 5065 1037 5136; x_wconf 66' lang='grc'>(128)</span> <span class='ocrx_word' id='word_1_713' title='bbox 1066 5065 1377 5119; x_wconf 84' lang='lat' dir='ltr'><strong>ederentur.</strong></span> <span class='ocrx_word' id='word_1_714' title='bbox 1417 5064 1680 5118; x_wconf 84' lang='lat' dir='ltr'><strong>Palatium</strong></span> <span class='ocrx_word' id='word_1_715' title='bbox 1706 5065 1838 5119; x_wconf 89' lang='lat' dir='ltr'><strong>illud</strong></span> <span class='ocrx_word' id='word_1_716' title='bbox 1872 5076 2022 5119; x_wconf 83' lang='lat' dir='ltr'><strong>extra</strong></span> <span class='ocrx_word' id='word_1_717' title='bbox 2057 5083 2148 5120; x_wconf 85' lang='lat' dir='ltr'><strong>ur-</strong></span> 
     </span>
    </p>
   </div>
   <div class='ocr_carea' id='block_1_97' title="bbox 574 5158 2148 5228">
    <p class='ocr_par' dir='ltr' id='par_1_97' title="bbox 574 5158 2148 5228">
     <span class='ocr_line' id='line_1_97' title="bbox 574 5158 2148 5228; baseline -0.004 -10"><span class='ocrx_word' id='word_1_718' title='bbox 574 5168 721 5222; x_wconf 85' lang='lat' dir='ltr'><strong>bem.</strong></span> <span class='ocrx_word' id='word_1_719' title='bbox 755 5162 1095 5217; x_wconf 85' lang='lat' dir='ltr'><strong>occidentem</strong></span> <span class='ocrx_word' id='word_1_720' title='bbox 1137 5173 1347 5225; x_wconf 81' lang='lat' dir='ltr'><strong>versus,</strong></span> <span class='ocrx_word' id='word_1_721' title='bbox 1376 5158 1431 5211; x_wconf 87' lang='lat' dir='ltr'><strong>in</strong></span> <span class='ocrx_word' id='word_1_722' title='bbox 1463 5158 1671 5213; x_wconf 87' lang='lat' dir='ltr'><strong>decima</strong></span> <span class='ocrx_word' id='word_1_723' title='bbox 1707 5169 1897 5227; x_wconf 89' lang='lat' dir='ltr'><strong>quarta</strong></span> <span class='ocrx_word' id='word_1_724' title='bbox 1930 5161 2148 5228; x_wconf 78' lang='lat' dir='ltr'><strong>regione</strong></span> 
     </span>
    </p>
   </div>
   <div class='ocr_carea' id='block_1_98' title="bbox 651 5315 2145 5394">
    <p class='ocr_par' dir='ltr' id='par_1_98' title="bbox 651 5315 2145 5394">
     <span class='ocr_line' id='line_1_98' title="bbox 651 5315 2145 5394; baseline -0.003 -17"><span class='ocrx_word' id='word_1_725' title='bbox 651 5317 881 5394; x_wconf 77' lang='lat' dir='ltr'><strong>(l2l)T.</strong></span> <span class='ocrx_word' id='word_1_726' title='bbox 919 5320 939 5375; x_wconf 91' lang='grc' dir='ltr'><strong>ι</strong></span> <span class='ocrx_word' id='word_1_727' title='bbox 972 5323 1220 5383; x_wconf 81' lang='lat' dir='ltr'><strong>Januar.,</strong></span> <span class='ocrx_word' id='word_1_728' title='bbox 1253 5332 1308 5388; x_wconf 91' lang='lat' dir='ltr'><strong>p.</strong></span> <span class='ocrx_word' id='word_1_729' title='bbox 1340 5318 1479 5386; x_wconf 66' lang='lat'><strong>26:2;</strong></span> <span class='ocrx_word' id='word_1_730' title='bbox 1510 5317 1590 5375; x_wconf 87' lang='lat' dir='ltr'><strong>cfr</strong></span> <span class='ocrx_word' id='word_1_731' title='bbox 1613 5328 1649 5374; x_wconf 89' lang='lat' dir='ltr'><strong>t.</strong></span> <span class='ocrx_word' id='word_1_732' title='bbox 1688 5317 1729 5373; x_wconf 93' lang='lat' dir='ltr'><strong>ll</strong></span> <span class='ocrx_word' id='word_1_733' title='bbox 1758 5315 1943 5381; x_wconf 85' lang='lat' dir='ltr'><strong>Febr.,</strong></span> <span class='ocrx_word' id='word_1_734' title='bbox 1978 5336 2029 5389; x_wconf 93' lang='lat' dir='ltr'><strong>p.</strong></span> <span class='ocrx_word' id='word_1_735' title='bbox 2057 5320 2145 5384; x_wconf 85' lang='lat'><strong>9|,</strong></span> 
     </span>
    </p>
   </div>
   <div class='ocr_carea' id='block_1_99' title="bbox 579 5393 2146 5542">
    <p class='ocr_par' dir='ltr' id='par_1_99' title="bbox 579 5393 2146 5542">
     <span class='ocr_line' id='line_1_99' title="bbox 579 5393 2146 5542; baseline 0.001 -29"><span class='ocrx_word' id='word_1_736' title='bbox 579 5393 799 5542; x_wconf 44' lang='lat' dir='ltr'><strong>&quot;&#39;83s</strong></span> <span class='ocrx_word' id='word_1_737' title='bbox 822 5460 960 5514; x_wconf 80' lang='lat' dir='ltr'><strong>Edit.</strong></span> <span class='ocrx_word' id='word_1_738' title='bbox 995 5458 1163 5525; x_wconf 86' lang='lat' dir='ltr'><strong>Paris,</strong></span> <span class='ocrx_word' id='word_1_739' title='bbox 1200 5475 1252 5531; x_wconf 87' lang='lat' dir='ltr'><strong>p.</strong></span> <span class='ocrx_word' id='word_1_740' title='bbox 1284 5459 1423 5526; x_wconf 71' lang='lat' dir='ltr'><strong>eos;</strong></span> <span class='ocrx_word' id='word_1_741' title='bbox 1460 5459 1535 5514; x_wconf 72' lang='lat' dir='ltr'><strong>eri</strong></span> <span class='ocrx_word' id='word_1_742' title='bbox 1560 5469 1596 5514; x_wconf 87' lang='lat' dir='ltr'><strong>t.</strong></span> <span class='ocrx_word' id='word_1_743' title='bbox 1630 5460 1673 5513; x_wconf 89' lang='grc' dir='ltr'><strong>ιι</strong></span> <span class='ocrx_word' id='word_1_744' title='bbox 1706 5458 1858 5525; x_wconf 51' lang='grc' dir='ltr'>ι’ρδη</span> <span class='ocrx_word' id='word_1_745' title='bbox 1895 5460 1993 5515; x_wconf 88' lang='lat' dir='ltr'><strong>loc.</strong></span> <span class='ocrx_word' id='word_1_746' title='bbox 2028 5461 2146 5525; x_wconf 59' lang='grc' dir='ltr'><strong>ωλι..</strong></span> 
     </span>
    </p>
   </div>
   <div class='ocr_carea' id='block_1_100' title="bbox 573 5546 1427 5671">
    <p class='ocr_par' dir='ltr' id='par_1_100' title="bbox 573 5546 1427 5671">
     <span class='ocr_line' id='line_1_100' title="bbox 573 5546 1427 5671; baseline -0.015 -14"><span class='ocrx_word' id='word_1_747' title='bbox 573 5546 800 5671; x_wconf 57' lang='lat' dir='ltr'><strong>“his</strong></span> <span class='ocrx_word' id='word_1_748' title='bbox 832 5599 936 5656; x_wconf 87' lang='lat' dir='ltr'><strong>T.l</strong></span> <span class='ocrx_word' id='word_1_749' title='bbox 977 5598 1123 5663; x_wconf 81' lang='lat' dir='ltr'><strong>Maii,</strong></span> <span class='ocrx_word' id='word_1_750' title='bbox 1155 5616 1205 5669; x_wconf 84' lang='lat' dir='ltr'><strong>p.</strong></span> <span class='ocrx_word' id='word_1_751' title='bbox 1244 5619 1427 5657; x_wconf 67' lang='grc' dir='ltr'><strong>χχνιη,</strong></span> 
     </span>
    </p>
   </div>
   <div class='ocr_carea' id='block_1_101' title="bbox 648 5671 1613 5743">
    <p class='ocr_par' dir='ltr' id='par_1_101' title="bbox 648 5671 1613 5743">
     <span class='ocr_line' id='line_1_101' title="bbox 648 5671 1613 5743; baseline 0.002 -18"><span class='ocrx_word' id='word_1_752' title='bbox 648 5674 794 5743; x_wconf 54' lang='lat' dir='ltr'><strong>(let)</strong></span> <span class='ocrx_word' id='word_1_753' title='bbox 825 5671 887 5727; x_wconf 85' lang='grc' dir='ltr'><strong>Τ.</strong></span> <span class='ocrx_word' id='word_1_754' title='bbox 920 5674 933 5726; x_wconf 95' lang='lat' dir='ltr'><strong>l</strong></span> <span class='ocrx_word' id='word_1_755' title='bbox 964 5671 1165 5743; x_wconf 42' lang='lat' dir='ltr'><strong>April,</strong></span> <span class='ocrx_word' id='word_1_756' title='bbox 1191 5689 1243 5740; x_wconf 92' lang='lat' dir='ltr'><strong>p.</strong></span> <span class='ocrx_word' id='word_1_757' title='bbox 1273 5674 1399 5736; x_wconf 69' lang='lat'><strong>269,</strong></span> <span class='ocrx_word' id='word_1_758' title='bbox 1436 5690 1492 5727; x_wconf 92' lang='lat' dir='ltr'><strong>n.</strong></span> <span class='ocrx_word' id='word_1_759' title='bbox 1529 5674 1613 5728; x_wconf 82' lang='lat' dir='ltr'><strong>l5.</strong></span> 
     </span>
    </p>
   </div>
   <div class='ocr_carea' id='block_1_102' title="bbox 649 5740 2071 5816">
    <p class='ocr_par' dir='ltr' id='par_1_102' title="bbox 649 5740 2071 5816">
     <span class='ocr_line' id='line_1_102' title="bbox 649 5740 2071 5816; baseline 0.002 -22"><span class='ocrx_word' id='word_1_760' title='bbox 649 5740 904 5816; x_wconf 53' lang='lat' dir='ltr'><strong>(tamen</strong></span> <span class='ocrx_word' id='word_1_761' title='bbox 933 5752 970 5816; x_wconf 80' lang='lat' dir='ltr'><strong>t_.</strong></span> <span class='ocrx_word' id='word_1_762' title='bbox 1000 5743 1017 5795; x_wconf 90' lang='lat' dir='ltr'><strong>l</strong></span> <span class='ocrx_word' id='word_1_763' title='bbox 1048 5740 1277 5816; x_wconf 77' lang='lat' dir='ltr'><strong>Maii,_p.</strong></span> <span class='ocrx_word' id='word_1_764' title='bbox 1299 5760 1399 5807; x_wconf 83' lang='lat' dir='ltr'><strong>vn;</strong></span> <span class='ocrx_word' id='word_1_765' title='bbox 1430 5760 1485 5801; x_wconf 80' lang='lat' dir='ltr'><strong>et</strong></span> <span class='ocrx_word' id='word_1_766' title='bbox 1517 5760 1701 5815; x_wconf 85' lang='lat' dir='ltr'><strong>supra,</strong></span> <span class='ocrx_word' id='word_1_767' title='bbox 1729 5746 1755 5816; x_wconf 85' lang='lat'><strong>§</strong></span> <span class='ocrx_word' id='word_1_768' title='bbox 1786 5762 1820 5809; x_wconf 90' lang='lat' dir='ltr'><strong>I,</strong></span> <span class='ocrx_word' id='word_1_769' title='bbox 1848 5747 2071 5813; x_wconf 89' lang='lat' dir='ltr'><strong>passim.</strong></span> 
     </span>
    </p>
   </div>
   <div class='ocr_carea' id='block_1_103' title="bbox 646 5811 2143 5886">
    <p class='ocr_par' dir='ltr' id='par_1_103' title="bbox 646 5811 2143 5886">
     <span class='ocr_line' id='line_1_103' title="bbox 646 5811 2143 5886; baseline 0.001 -21"><span class='ocrx_word' id='word_1_770' title='bbox 646 5814 797 5883; x_wconf 59' lang='lat'><strong>{126)</strong></span> <span class='ocrx_word' id='word_1_771' title='bbox 834 5813 905 5868; x_wconf 85' lang='lat' dir='ltr'><strong>De</strong></span> <span class='ocrx_word' id='word_1_772' title='bbox 933 5813 1172 5883; x_wconf 87' lang='lat' dir='ltr'><strong>Bosporo</strong></span> <span class='ocrx_word' id='word_1_773' title='bbox 1192 5811 1443 5875; x_wconf 87' lang='lat' dir='ltr'><strong>Thracio,</strong></span> <span class='ocrx_word' id='word_1_774' title='bbox 1471 5811 1608 5883; x_wconf 78' lang='lat' dir='ltr'><strong>apud</strong></span> <span class='ocrx_word' id='word_1_775' title='bbox 1642 5811 1895 5871; x_wconf 37' lang='lat' dir='ltr'><strong>Gronov—ii</strong></span> <span class='ocrx_word' id='word_1_776' title='bbox 1925 5818 2143 5886; x_wconf 74' lang='lat' dir='ltr'><strong>Antiqq.</strong></span> 
     </span>
    </p>
   </div>
   <div class='ocr_carea' id='block_1_104' title="bbox 2252 4618 3827 4689">
    <p class='ocr_par' dir='ltr' id='par_1_104' title="bbox 2252 4618 3827 4689">
     <span class='ocr_line' id='line_1_104' title="bbox 2252 4618 3827 4689; baseline 0.002 -17"><span class='ocrx_word' id='word_1_777' title='bbox 2252 4620 2499 4689; x_wconf 88' lang='lat' dir='ltr'><strong>quamvis</strong></span> <span class='ocrx_word' id='word_1_778' title='bbox 2530 4628 2716 4688; x_wconf 88' lang='lat' dir='ltr'><strong>aperte</strong></span> <span class='ocrx_word' id='word_1_779' title='bbox 2739 4632 2845 4670; x_wconf 92' lang='lat' dir='ltr'><strong>non</strong></span> <span class='ocrx_word' id='word_1_780' title='bbox 2881 4618 3023 4671; x_wconf 83' lang='lat' dir='ltr'><strong>dicat</strong></span> <span class='ocrx_word' id='word_1_781' title='bbox 3050 4633 3145 4672; x_wconf 90' lang='lat' dir='ltr'><strong>eos</strong></span> <span class='ocrx_word' id='word_1_782' title='bbox 3180 4620 3481 4675; x_wconf 87' lang='lat' dir='ltr'><strong>monachos</strong></span> <span class='ocrx_word' id='word_1_783' title='bbox 3512 4636 3624 4674; x_wconf 87' lang='lat' dir='ltr'><strong>non</strong></span> <span class='ocrx_word' id='word_1_784' title='bbox 3649 4620 3827 4685; x_wconf 85' lang='lat' dir='ltr'><strong>fuisse;</strong></span> 
     </span>
    </p>
   </div>
   <div class='ocr_carea' id='block_1_105' title="bbox 2252 4708 3828 4783">
    <p class='ocr_par' dir='ltr' id='par_1_105' title="bbox 2252 4708 3828 4783">
     <span class='ocr_line' id='line_1_105' title="bbox 2252 4708 3828 4783; baseline 0.001 -21"><span class='ocrx_word' id='word_1_785' title='bbox 2252 4718 2307 4763; x_wconf 85' lang='lat' dir='ltr'><strong>et</strong></span> <span class='ocrx_word' id='word_1_786' title='bbox 2354 4708 2545 4762; x_wconf 88' lang='lat' dir='ltr'><strong>itidem</strong></span> <span class='ocrx_word' id='word_1_787' title='bbox 2600 4716 2877 4761; x_wconf 87' lang='lat' dir='ltr'><strong>trecentos</strong></span> <span class='ocrx_word' id='word_1_788' title='bbox 2908 4714 2962 4758; x_wconf 76' lang='lat' dir='ltr'><strong>et</strong></span> <span class='ocrx_word' id='word_1_789' title='bbox 2997 4709 3347 4781; x_wconf 82' lang='lat' dir='ltr'><strong>quadraginta</strong></span> <span class='ocrx_word' id='word_1_790' title='bbox 3396 4712 3539 4766; x_wconf 90' lang='lat' dir='ltr'><strong>duos</strong></span> <span class='ocrx_word' id='word_1_791' title='bbox 3571 4721 3828 4783; x_wconf 86' lang='lat' dir='ltr'><strong>captivos,</strong></span> 
     </span>
    </p>
   </div>
   <div class='ocr_carea' id='block_1_106' title="bbox 2252 4795 3827 4869">
    <p class='ocr_par' dir='ltr' id='par_1_106' title="bbox 2252 4795 3827 4869">
     <span class='ocr_line' id='line_1_106' title="bbox 2252 4795 3827 4869; baseline 0 -19"><span class='ocrx_word' id='word_1_792' title='bbox 2252 4798 2453 4868; x_wconf 87' lang='lat' dir='ltr'><strong>quibus</strong></span> <span class='ocrx_word' id='word_1_793' title='bbox 2483 4798 2541 4850; x_wconf 89' lang='grc'><strong>5.</strong></span> <span class='ocrx_word' id='word_1_794' title='bbox 2580 4796 2893 4864; x_wconf 89' lang='lat' dir='ltr'><strong>Stephanus</strong></span> <span class='ocrx_word' id='word_1_795' title='bbox 2933 4795 2984 4849; x_wconf 93' lang='lat' dir='ltr'><strong>in</strong></span> <span class='ocrx_word' id='word_1_796' title='bbox 3016 4800 3270 4867; x_wconf 71' lang='lat' dir='ltr'><strong>praetorio</strong></span> <span class='ocrx_word' id='word_1_797' title='bbox 3313 4800 3615 4869; x_wconf 86' lang='lat' dir='ltr'><strong>adjunctus</strong></span> <span class='ocrx_word' id='word_1_798' title='bbox 3645 4811 3744 4863; x_wconf 81' lang='lat' dir='ltr'><strong>est,</strong></span> <span class='ocrx_word' id='word_1_799' title='bbox 3781 4800 3827 4850; x_wconf 92' lang='lat' dir='ltr'><strong>in</strong></span> 
     </span>
    </p>
   </div>
   <div class='ocr_carea' id='block_1_107' title="bbox 2255 4889 3825 4960">
    <p class='ocr_par' dir='ltr' id='par_1_107' title="bbox 2255 4889 3825 4960">
     <span class='ocr_line' id='line_1_107' title="bbox 2255 4889 3825 4960; baseline -0.001 -16"><span class='ocrx_word' id='word_1_800' title='bbox 2255 4889 2554 4946; x_wconf 88' lang='lat' dir='ltr'><strong>monachos</strong></span> <span class='ocrx_word' id='word_1_801' title='bbox 2616 4898 2670 4943; x_wconf 90' lang='lat' dir='ltr'><strong>et</strong></span> <span class='ocrx_word' id='word_1_802' title='bbox 2726 4889 2862 4944; x_wconf 87' lang='lat' dir='ltr'><strong>alios</strong></span> <span class='ocrx_word' id='word_1_803' title='bbox 2918 4889 3255 4960; x_wconf 70' lang='lat' dir='ltr'><strong>distinguere</strong></span> <span class='ocrx_word' id='word_1_804' title='bbox 3312 4894 3558 4947; x_wconf 76' lang='lat' dir='ltr'><strong>videtur.</strong></span> <span class='ocrx_word' id='word_1_805' title='bbox 3615 4890 3825 4954; x_wconf 81' lang='lat' dir='ltr'><strong>Verum,</strong></span> 
     </span>
    </p>
   </div>
   <div class='ocr_carea' id='block_1_108' title="bbox 2255 4983 3826 5055">
    <p class='ocr_par' dir='ltr' id='par_1_108' title="bbox 2255 4983 3826 5055">
     <span class='ocr_line' id='line_1_108' title="bbox 2255 4983 3826 5055; baseline -0.002 -18"><span class='ocrx_word' id='word_1_806' title='bbox 2255 4994 2360 5041; x_wconf 86' lang='lat' dir='ltr'><strong>tarn</strong></span> <span class='ocrx_word' id='word_1_807' title='bbox 2397 4983 2672 5040; x_wconf 90' lang='lat' dir='ltr'><strong>distinctio</strong></span> <span class='ocrx_word' id='word_1_808' title='bbox 2722 4984 2843 5049; x_wconf 88' lang='lat' dir='ltr'><strong>ista,</strong></span> <span class='ocrx_word' id='word_1_809' title='bbox 2871 5001 3031 5054; x_wconf 86' lang='lat' dir='ltr'><strong>quam</strong></span> <span class='ocrx_word' id='word_1_810' title='bbox 3084 4984 3372 5055; x_wconf 76' lang='lat' dir='ltr'><strong>praesentia</strong></span> <span class='ocrx_word' id='word_1_811' title='bbox 3417 4986 3476 5039; x_wconf 88' lang='grc'><strong>5.</strong></span> <span class='ocrx_word' id='word_1_812' title='bbox 3520 4987 3749 5042; x_wconf 69' lang='grc' dir='ltr'><strong>Λικιιεε</strong></span> <span class='ocrx_word' id='word_1_813' title='bbox 3780 4988 3826 5034; x_wconf 92' lang='lat' dir='ltr'><strong>in</strong></span> 
     </span>
    </p>
   </div>
   <div class='ocr_carea' id='block_1_109' title="bbox 2254 5077 3828 5149">
    <p class='ocr_par' dir='ltr' id='par_1_109' title="bbox 2254 5077 3828 5149">
     <span class='ocr_line' id='line_1_109' title="bbox 2254 5077 3828 5149; baseline -0.001 -19"><span class='ocrx_word' id='word_1_814' title='bbox 2254 5092 2478 5131; x_wconf 88' lang='lat' dir='ltr'><strong>carcere</strong></span> <span class='ocrx_word' id='word_1_815' title='bbox 2508 5079 2748 5147; x_wconf 71' lang='lat' dir='ltr'><strong>praetorii</strong></span> <span class='ocrx_word' id='word_1_816' title='bbox 2780 5094 2906 5132; x_wconf 90' lang='lat' dir='ltr'><strong>cum</strong></span> <span class='ocrx_word' id='word_1_817' title='bbox 2936 5078 2992 5131; x_wconf 87' lang='lat' dir='ltr'><strong>S.</strong></span> <span class='ocrx_word' id='word_1_818' title='bbox 3023 5077 3325 5147; x_wconf 85' lang='lat' dir='ltr'><strong>Stephano,</strong></span> <span class='ocrx_word' id='word_1_819' title='bbox 3362 5093 3427 5131; x_wconf 76' lang='lat' dir='ltr'><strong>ex</strong></span> <span class='ocrx_word' id='word_1_820' title='bbox 3462 5080 3728 5149; x_wconf 85' lang='lat' dir='ltr'><strong>scriptore</strong></span> <span class='ocrx_word' id='word_1_821' title='bbox 3755 5077 3828 5128; x_wconf 76' lang='lat' dir='ltr'><strong>di-</strong></span> 
     </span>
    </p>
   </div>
   <div class='ocr_carea' id='block_1_110' title="bbox 2255 5165 3827 5241">
    <p class='ocr_par' dir='ltr' id='par_1_110' title="bbox 2255 5165 3827 5241">
     <span class='ocr_line' id='line_1_110' title="bbox 2255 5165 3827 5241; baseline 0.001 -20"><span class='ocrx_word' id='word_1_822' title='bbox 2255 5168 2611 5240; x_wconf 77' lang='lat' dir='ltr'><strong>ligentissimo</strong></span> <span class='ocrx_word' id='word_1_823' title='bbox 2650 5181 2706 5223; x_wconf 89' lang='lat' dir='ltr'><strong>et</strong></span> <span class='ocrx_word' id='word_1_824' title='bbox 2760 5184 2944 5225; x_wconf 67' lang='lat' dir='ltr'><strong>coaivo</strong></span> <span class='ocrx_word' id='word_1_825' title='bbox 2988 5168 3266 5239; x_wconf 87' lang='lat' dir='ltr'><strong>Stephano</strong></span> <span class='ocrx_word' id='word_1_826' title='bbox 3313 5169 3579 5234; x_wconf 83' lang='lat' dir='ltr'><strong>Diacono,</strong></span> <span class='ocrx_word' id='word_1_827' title='bbox 3612 5169 3701 5241; x_wconf 83' lang='lat' dir='ltr'><strong>qui</strong></span> <span class='ocrx_word' id='word_1_828' title='bbox 3728 5165 3827 5222; x_wconf 65' lang='grc' dir='ltr'>ω</span> 
     </span>
    </p>
   </div>
   <div class='ocr_carea' id='block_1_111' title="bbox 2253 5326 2978 5390">
    <p class='ocr_par' dir='ltr' id='par_1_111' title="bbox 2253 5326 2978 5390">
     <span class='ocr_line' id='line_1_111' title="bbox 2253 5326 2978 5390; baseline 0 -7"><span class='ocrx_word' id='word_1_829' title='bbox 2253 5330 2445 5390; x_wconf 58' lang='lat' dir='ltr'><strong>Grato,</strong></span> <span class='ocrx_word' id='word_1_830' title='bbox 2472 5338 2509 5382; x_wconf 91' lang='lat' dir='ltr'><strong>t.</strong></span> <span class='ocrx_word' id='word_1_831' title='bbox 2543 5326 2654 5389; x_wconf 79' lang='lat' dir='ltr'><strong>VII,</strong></span> <span class='ocrx_word' id='word_1_832' title='bbox 2688 5330 2791 5383; x_wconf 86' lang='lat' dir='ltr'><strong>col.</strong></span> <span class='ocrx_word' id='word_1_833' title='bbox 2819 5330 2978 5384; x_wconf 65' lang='lat'><strong>5128.</strong></span> 
     </span>
    </p>
   </div>
   <div class='ocr_carea' id='block_1_112' title="bbox 2256 5398 3818 5522">
    <p class='ocr_par' dir='ltr' id='par_1_112' title="bbox 2256 5398 3818 5522">
     <span class='ocr_line' id='line_1_112' title="bbox 2256 5398 3818 5522; baseline 0 -72"><span class='ocrx_word' id='word_1_834' title='bbox 2256 5400 2471 5522; x_wconf 35' lang='lat'><strong>1“$627)</strong></span> <span class='ocrx_word' id='word_1_835' title='bbox 2503 5398 2688 5453; x_wconf 79' lang='lat' dir='ltr'><strong>Ortelti</strong></span> <span class='ocrx_word' id='word_1_836' title='bbox 2741 5401 3057 5457; x_wconf 86' lang='lat' dir='ltr'><strong>Thesaurus</strong></span> <span class='ocrx_word' id='word_1_837' title='bbox 3110 5398 3529 5472; x_wconf 72' lang='lat' dir='ltr'><strong>geographicus.</strong></span> <span class='ocrx_word' id='word_1_838' title='bbox 3572 5399 3818 5464; x_wconf 72' lang='lat' dir='ltr'><strong>Antrerp.</strong></span> 
     </span>
     <span class='ocr_line' id='line_1_113' title="bbox 2287 5488 2409 5522; baseline -0.008 0"><span class='ocrx_word' id='word_1_839' title='bbox 2287 5488 2318 5522; x_wconf 76' lang='grc' dir='ltr'>ο</span> <span class='ocrx_word' id='word_1_840' title='bbox 2398 5508 2409 5521; x_wconf 94' lang='grc'><strong>.</strong></span> 
     </span>
    </p>
   </div>
   <div class='ocr_carea' id='block_1_113' title="bbox 2272 5488 3818 5660">
    <p class='ocr_par' dir='ltr' id='par_1_113' title="bbox 2272 5488 3818 5660">
     <span class='ocr_line' id='line_1_114' title="bbox 2272 5488 3818 5660; baseline -0.003 -70"><span class='ocrx_word' id='word_1_841' title='bbox 2272 5488 2473 5660; x_wconf 45' lang='grc' dir='ltr'><strong>ἓξὲξ)</strong></span> <span class='ocrx_word' id='word_1_842' title='bbox 2532 5538 2862 5660; x_wconf 45' lang='grc' dir='ltr'><strong>τιτιερνιιέιηι.</strong></span> <span class='ocrx_word' id='word_1_843' title='bbox 2907 5540 3013 5660; x_wconf 62' lang='lat' dir='ltr'><strong>locr.</strong></span> <span class='ocrx_word' id='word_1_844' title='bbox 3075 5538 3193 5605; x_wconf 89' lang='lat' dir='ltr'><strong>cit.,</strong></span> <span class='ocrx_word' id='word_1_845' title='bbox 3246 5555 3301 5609; x_wconf 87' lang='lat' dir='ltr'><strong>p.</strong></span> <span class='ocrx_word' id='word_1_846' title='bbox 3349 5535 3475 5597; x_wconf 65' lang='grc' dir='ltr'><strong>σοι,</strong></span> <span class='ocrx_word' id='word_1_847' title='bbox 3537 5535 3658 5598; x_wconf 67' lang='lat' dir='ltr'><strong>ore,</strong></span> <span class='ocrx_word' id='word_1_848' title='bbox 3702 5534 3818 5595; x_wconf 85' lang='lat'><strong>677,</strong></span> 
     </span>
     <span class='ocr_line' id='line_1_115' title="bbox 2272 5623 3089 5660; baseline 0 0"><span class='ocrx_word' id='word_1_849' title='bbox 2272 5623 2708 5660; x_wconf 69' lang='grc' dir='ltr'><strong>›“.ρε..θιη</strong></span> <span class='ocrx_word' id='word_1_850' title='bbox 2791 5624 3089 5660; x_wconf 83' lang='lat' dir='ltr'><strong>Ctsmra.</strong></span> 
     </span>
    </p>
   </div>
   <div class='ocr_carea' id='block_1_114' title="bbox 2251 5610 3116 5749">
    <p class='ocr_par' dir='ltr' id='par_1_114' title="bbox 2251 5610 3116 5749">
     <span class='ocr_line' id='line_1_116' title="bbox 2251 5610 3089 5671; baseline 0.001 -9"><span class='ocrx_word' id='word_1_851' title='bbox 2251 5610 2376 5670; x_wconf 69' lang='lat'><strong>682,</strong></span> <span class='ocrx_word' id='word_1_852' title='bbox 2409 5621 2538 5671; x_wconf 86' lang='lat' dir='ltr'><strong>etc.,</strong></span> <span class='ocrx_word' id='word_1_853' title='bbox 2572 5621 2625 5662; x_wconf 83' lang='lat' dir='ltr'><strong>et</strong></span> <span class='ocrx_word' id='word_1_854' title='bbox 2656 5612 2708 5662; x_wconf 90' lang='lat' dir='ltr'><strong>in</strong></span> <span class='ocrx_word' id='word_1_855' title='bbox 2744 5610 2895 5661; x_wconf 86' lang='lat' dir='ltr'><strong>Actis</strong></span> <span class='ocrx_word' id='word_1_856' title='bbox 2927 5610 3089 5663; x_wconf 85' lang='lat' dir='ltr'><strong>infra.</strong></span> 
     </span>
     <span class='ocr_line' id='line_1_117' title="bbox 2323 5679 3116 5749; baseline 0.005 -19"><span class='ocrx_word' id='word_1_857' title='bbox 2323 5679 2468 5749; x_wconf 64' lang='lat' dir='ltr'><strong>(H9)</strong></span> <span class='ocrx_word' id='word_1_858' title='bbox 2502 5680 2647 5731; x_wconf 76' lang='lat' dir='ltr'><strong>Edit.</strong></span> <span class='ocrx_word' id='word_1_859' title='bbox 2674 5679 2873 5742; x_wconf 85' lang='lat' dir='ltr'><strong>Bnnn.,</strong></span> <span class='ocrx_word' id='word_1_860' title='bbox 2894 5696 2960 5747; x_wconf 73' lang='lat' dir='ltr'><strong>,p.</strong></span> <span class='ocrx_word' id='word_1_861' title='bbox 2992 5680 3116 5734; x_wconf 71' lang='grc'><strong>598.</strong></span> 
     </span>
    </p>
   </div>
   <div class='ocr_carea' id='block_1_115' title="bbox 2326 5745 3749 5821">
    <p class='ocr_par' dir='ltr' id='par_1_115' title="bbox 2326 5745 3749 5821">
     <span class='ocr_line' id='line_1_118' title="bbox 2326 5745 3749 5821; baseline -0.001 -21"><span class='ocrx_word' id='word_1_862' title='bbox 2326 5745 2471 5815; x_wconf 68' lang='grc'><strong>(150⁷)</strong></span> <span class='ocrx_word' id='word_1_863' title='bbox 2504 5750 2667 5821; x_wconf 67' lang='lat' dir='ltr'><strong>Anal.</strong></span> <span class='ocrx_word' id='word_1_864' title='bbox 2698 5745 2968 5821; x_wconf 9' lang='lat' dir='ltr'><strong>gr.ec..ri&#39;p.</strong></span> <span class='ocrx_word' id='word_1_865' title='bbox 2997 5750 3122 5821; x_wconf 71' lang='grc'><strong>466.</strong></span> <span class='ocrx_word' id='word_1_866' title='bbox 3155 5750 3255 5805; x_wconf 74' lang='grc'><strong>467</strong></span> <span class='ocrx_word' id='word_1_867' title='bbox 3281 5760 3336 5803; x_wconf 83' lang='lat' dir='ltr'><strong>et</strong></span> <span class='ocrx_word' id='word_1_868' title='bbox 3365 5764 3518 5821; x_wconf 84' lang='lat' dir='ltr'><strong>seqq.</strong></span> <span class='ocrx_word' id='word_1_869' title='bbox 3551 5760 3603 5803; x_wconf 89' lang='lat' dir='ltr'><strong>et</strong></span> <span class='ocrx_word' id='word_1_870' title='bbox 3634 5745 3749 5800; x_wconf 64' lang='lat'><strong>499.</strong></span> 
     </span>
    </p>
   </div>
   <div class='ocr_carea' id='block_1_116' title="bbox 2318 5820 3150 5889">
    <p class='ocr_par' dir='ltr' id='par_1_116' title="bbox 2318 5820 3150 5889">
     <span class='ocr_line' id='line_1_119' title="bbox 2318 5820 3150 5889; baseline 0.002 -21"><span class='ocrx_word' id='word_1_871' title='bbox 2318 5821 2463 5889; x_wconf 69' lang='grc'><strong>(131)</strong></span> <span class='ocrx_word' id='word_1_872' title='bbox 2499 5820 2736 5873; x_wconf 77' lang='lat' dir='ltr'><strong>Venetiis</strong></span> <span class='ocrx_word' id='word_1_873' title='bbox 2774 5820 2925 5886; x_wconf 63' lang='grc'><strong>1843,</strong></span> <span class='ocrx_word' id='word_1_874' title='bbox 2953 5836 3003 5888; x_wconf 88' lang='lat' dir='ltr'><strong>p.</strong></span> <span class='ocrx_word' id='word_1_875' title='bbox 3030 5820 3150 5873; x_wconf 71' lang='lat'><strong>9.10.</strong></span> 
     </span>
    </p>
   </div>
  </div>
