3968 6456
154 384 298 448 1105

1263 401 1441 460 νιτΑ
1482 402 1540 460 8.
1589 400 1924 460 ΑΝΒΗΕ.·Ε
1971 405 2045 462 IN
2089 407 2319 468 CRISI.

3279 420 3424 484 1106

148 499 274 551 Illos
301 499 549 568 captivos
590 515 784 558 omnes
818 505 1113 560 monachos
1146 505 1315 562 fuisse
1347 508 1547 564 diserte
1579 525 1730 564 asse-
1758 508 1808 568 Λ
1836 513 2192 570 illustrantur.
2231 515 2337 571 Bos
2395 519 2608 575 scilicet
2647 535 2741 576 seu
2793 520 2966 578 furum
3011 525 3188 592 Bovis,
3219 545 3418 586 nomen

148 591 245 651 rit,
278 590 378 644 nec
423 592 591 647 ullum
641 593 860 650 Petrum
913 607 1006 651 aut
1034 597 1309 652 Andream
1355 611 1468 655 tum
1517 615 1739 655 carcere

144 677 457 746 detentum,
492 682 580 735 vel
644 685 849 739 socium
906 688 1153 754 quemvis
1188 705 1309 742 cum
1363 689 1421 742 8.
1461 687 1737 758 Stephano

146 773 420 840 supplicio
435 776 687 828 traditum
704 790 1112 843 commemorat,
1128 783 1326 851 corrigi
1349 783 1548 837 debent
1564 784 1733 850 (I32).

146 862 208 920 Id
239 866 434 920 iterum
467 879 692 936 apparet
730 887 794 924 ex
845 887 1056 927 canone
1100 873 1154 929 8.
1194 874 1477 944 Stephani,
1533 877 1585 930 in
1624 877 1734 931 Me-

144 957 285 1012 naeis
329 959 393 1012 ad
445 977 611 1014 xxvuu
659 960 998 1028 Novembris,
1035 967 1124 1034 qui
1173 984 1348 1021 canon
1413 971 1731 1039 scriptorem

142 1050 369 1117 praefert
397 1054 650 1108 eumdem
687 1056 744 1108 8.
796 1055 1121 1125 Jmephum,
1157 1063 1245 1129 qui
1281 1061 1336 1116 S.
1377 1064 1607 1118 Andrea:
1640 1081 1732 1118 ca-

142 1155 348 1194 nonem
386 1148 734 1200 concinnavit
763 1164 822 1201 ac
857 1166 1053 1204 nomen
1090 1153 1140 1205 in
1187 1154 1388 1207 ultimae
1419 1156 1536 1209 odae
1573 1173 1729 1211 acro-

141 1236 380 1291 sticbide
415 1238 629 1307 signare
675 1245 984 1309 consuevit,
1031 1261 1302 1315 quemque
1338 1265 1498 1304 nosse
1533 1253 1732 1320 poterit

138 1319 346 1376 Lector
379 1343 440 1378 ex
484 1329 630 1381 Actis
664 1345 690 1382 a
735 1328 1104 1399 Papebrocbio
1130 1337 1290 1392 editis
1339 1341 1401 1394 ad
1453 1319 1596 1396 diem
1625 1352 1730 1396 ter-

141 1411 280 1464 tium
313 1415 507 1479 Aprilis
543 1417 710 1485 (153).
739 1420 792 1473 In
825 1421 925 1475 hoc
954 1440 1185 1487 canone,
1234 1428 1336 1484 ode
1361 1428 1412 1494 6,
1444 1432 1604 1485 etiam
1637 1449 1728 1487 ce-

138 1501 425 1556 lebrantur
481 1507 538 1561 8.
592 1508 792 1568 Paulus
853 1532 1011 1584 quem
1069 1518 1392 1576 Cretensem
1454 1525 1725 1591 diximus,

140 1592 268 1689 §S.-
299 1607 563 1669 martyres
615 1601 866 1670 Ephesini
915 1611 981 1664 38
1029 1611 1166 1680 (cfr.
1203 1630 1361 1684 supra
1410 1634 1562 1671 num.
1615 1621 1724 1689 I3),

138 1680 202 1735 S.
251 1682 442 1738 Petrus
495 1691 562 1744 de
618 1691 957 1759 Blacbernis,
1003 1703 1193 1755 eodem
1235 1707 1427 1760 ordine
1477 1711 1722 1773 omnino,

133 1784 316 1840 eoque
354 1777 455 1830 illis
496 1783 736 1852 martyrii
780 1801 977 1853 genere
1013 1791 1234 1858 tributo,
1270 1810 1377 1860 quo
1423 1798 1564 1866 apud
1604 1801 1726 1856 Ste-

134 1865 384 1933 phanum
441 1870 735 1928 Diaconnm
803 1878 1201 1950 insigniuntur.
1268 1886 1726 1962 Hymnographus

133 1955 306 2028 igitur
337 1962 392 2015 S.
428 1962 688 2033 Stephani
729 1971 860 2025 Acta
893 1977 1128 2044 genuina
1165 1955 1596 2050 perm-straverit:
1631 1990 1724 2043 sed

133 2066 248 2104 non
297 2056 426 2109 item
476 2064 844 2128 synaxaristes
897 2067 1272 2137 Menaeorum;
1323 2076 1483 2145 idque
1536 2080 1618 2133 vel
1659 2097 1724 2136 eo

133 2146 394 2202 evincere
420 2167 722 2217 possemus.
755 2164 897 2224 quod
939 2161 1058 2228 ejus
1091 2179 1289 2233 corpus
1320 2167 1370 2221 in
1422 2186 1570 2225 mare
1599 2189 1726 2242 pro-

127 2235 344 2307 jectum
398 2241 564 2299 fuisse
610 2247 830 2308 referat.
867 2251 926 2301 ἐν
964 2253 1041 2322 τῷ
1071 2256 1322 2324 πελάγει,
1357 2277 1480 2315 cmn
1524 2264 1576 2318 in
1625 2265 1724 2321 Pe-

131 2326 272 2396 lagia
295 2331 582 2388 dicendum
623 2337 835 2393 fuisset.
862 2342 1036 2412 Atque
1065 2347 1152 2401 hic
1174 2351 1337 2403 etiam
1362 2355 1719 2420 advertimus,

130 2421 277 2485 quod
307 2423 508 2476 dudttm
537 2425 648 2493 jam
676 2426 1078 2498 Papebrochius
1111 2439 1321 2494 monuit
1343 2443 1512 2510 (154),
1533 2444 1723 2502 ()flicia

131 2518 190 2562 et
229 2524 468 2566 canones
517 2514 842 2574 Nemeorum
905 2525 1224 2595 plerumque
1271 2537 1571 2600 synaxariis
1602 2554 1722 2593 esse

135 2603 311 2657 multo
345 2607 652 2676 antiquiora
705 2623 758 2667 et
795 2618 1125 2684 probatiora.
1175 2622 1344 2678 Porro
1393 2628 1570 2693 prodit
1604 2634 1724 2700 qui-

131 2691 285 2752 dem,
331 2695 382 2746 in
443 2703 634 2755 eodem
675 2703 890 2772 Joseplii
942 2724 1151 2766 canone
1199 2714 1265 2768 de
1309 2715 1365 2770 8.
1393 2691 1721 2788 Stephano,

131 2780 300 2834 etiam
363 2785 606 2844 Andreas
670 2809 910 2865 martyr,
963 2803 1057 2855 sed
1109 2813 1261 2860 extra
1334 2811 1530 2863 seriem
1579 2813 1719 2868 illam

132 2889 298 2941 quam
341 2890 405 2928 ex
569 2882 828 2952 Stephani
893 2890 1042 2945 Actis
1093 2909 1407 2965 ercerptam
1463 2903 1718 2970 diximus,

132 2963 252 3018 Ode
305 2981 499 3036 nempe
541 2981 752 3036 octava,
785 2980 1023 3045 trOpario
1065 2963 1274 3049 tertios
1300 3001 1474 3054 neque
1504 2992 1721 3045 additur

132 3077 259 3114 cum
294 3078 416 3116 cum
440 3065 494 3117 8.
525 3067 800 3136 Stephano
834 3071 884 3124 in
923 3089 1141 3131 carcere
1177 3081 1409 3143 prretorii
1445 3094 1717 3138 versatum

1842 607 2194 662 mutuabatur
2222 625 2251 663 a
2281 612 2498 666 camino
2531 629 2683 668 aeneo
2724 616 2775 669 in
2825 616 3048 673 formam
3082 622 3236 677 horis
3280 641 3418 680 con-

1837 697 1984 763 ﬂato,
2019 699 2070 753 in
2105 717 2212 770 quo
2253 712 2408 757 ustus
2458 703 2630 759 fertur
2663 705 2723 760 8.
2757 711 2986 778 Antipas
3010 724 3229 783 martyr,
3263 721 3419 771 aule-

1836 807 1994 860 quam
2042 790 2303 863 Pergamo
2347 794 2557 864 Cpolim
2607 814 2636 852 a
2681 798 2991 858 Theodosio
3029 821 3224 874 magno
3271 819 3418 863 esset

1835 885 2113 944 advectus.
2144 887 2417 960 quiqueitt
2441 888 2544 944 hoc
2573 889 2688 944 foro
2716 894 3012 949 eminebat.
3043 897 3115 951 De
3147 901 3246 953 hoc
3269 916 3415 954 mar-

1838 976 1957 1046 tyrii
1991 976 2357 1032 instrumento
2393 983 2606 1048 egregie
2637 983 2876 1054 disputat
2908 987 3192 1043 Morcellus
3227 1003 3415 1048 noster

1837 1068 1888 1122 in
1938 1069 2272 1124 docrissimis
2324 1070 2749 1130 Commentariis
2788 1078 2986 1142 quibus
3031 1080 3412 1139 Kalendarinm

1835 1176 1994 1214 suum
2044 1162 2384 1230 (Ipolitannm
2413 1170 2695 1222 exornavit
2731 1170 2901 1238 (l55).
2935 1172 3192 1241 Capiebat
3231 1188 3412 1232 autem

1837 1250 2012 1305 forum
2059 1251 2217 1307 Bovis
2263 1257 2548 1310 undecima
2600 1260 2766 1329 regio,
2826 1278 2932 1316 non
2987 1269 3238 1332 procula
3277 1267 3418 1322 freto

1832 1341 2089 1410 Ceratino
2138 1341 2350 1405 dissita.
2398 1363 2500 1400 nec
2552 1363 2579 1401 a
2633 1361 2784 1418 porta
2839 1351 3290 1420 Blacbernarum.
3326 1359 3413 1412 ubi

1834 1429 1986 1486 multi
2039 1432 2351 1489 habitabant
2402 1437 2702 1505 piscatores
2740 1440 2910 1508 (I36).
2963 1442 3032 1496 De
3069 1443 3213 1498 Bove
3260 1447 3413 1515 plura

1830 1524 1993 1576 etiam
2022 1526 2294 1594 congessit
2333 1527 2460 1580 olim
2483 1527 2885 1597 Papebrocbius
2915 1532 3083 1602 (I37).
3126 1534 3200 1588 Ex
3226 1551 3293 1589 eo
3318 1553 3416 1590 au-

1832 1623 1938 1668 tem
1965 1616 2106 1684 quod
2142 1617 2209 1669 ibi
2248 1617 2424 1671 forum
2451 1618 2618 1674 fuisse
2642 1621 2876 1682 dicatur.
2907 1623 3064 1680 facile
3099 1628 3415 1699 intelligitur

1829 1705 1972 1774 quod
2018 1707 2071 1760 in
2117 1707 2264 1760 Actis
2309 1710 2511 1763 nostris
2554 1710 2818 1779 scriptum
2867 1723 2951 1766 est
2985 1731 3137 1768 nunt.
3173 1716 3261 1779 I5,
3296 1728 3413 1770 tru-

1759 1799 2112 1901 Bculentum
2168 1800 2317 1854 illum
2372 1801 2695 1870 piscatorem
2756 1805 3006 1870 hastam,
3061 1822 3126 1860 ex
3187 1809 3415 1865 macello

1831 1895 2066 1963 quodam
2142 1896 2213 1950 ibi
2279 1905 2586 1962 arreptam,
2637 1898 2980 1953 adhibuisse.
3038 1901 3416 1958 Confercndus

1829 1986 1989 2040 etiam
2015 1987 2331 2056 Anonymus
2357 1986 2791 2044 Combeftsianus
2830 1991 3002 2060 (I38).
3038 1993 3126 2060 qui
3162 2008 3228 2047 ex
3273 1993 3414 2051 Bove

1814 2092 1981 2141 mneo
2021 2092 2272 2130 nummos
2307 2093 2470 2132 cusos
2512 2077 2588 2132 ‘ab
2634 2078 2883 2135 Heraclio
2917 2083 3098 2146 refert,
3136 2094 3194 2138 ut
3237 2087 3309 2140 ita
3344 2089 3410 2140 ad

1829 2169 2155 2239 Capronymi
2196 2185 2364 2238 usque
2395 2179 2636 2238 tempora
2673 2171 2774 2225 Bos
2803 2188 2909 2228 non
2941 2179 3307 2242 permansisse
3336 2181 3413 2231 vi-

1829 2262 2042 2324 deatur,
2076 2262 2168 2314 sed
2201 2262 2375 2316 solum
2429 2279 2626 2318 nomen
2663 2265 2777 2320 foro
2823 2267 3071 2324 inditum.
3102 2269 3278 2324 Locus
3323 2274 3413 2330 ille

1830 2352 2186 2419 foedissimus,
2223 2355 2275 2407 in
2310 2370 2468 2422 quem
2498 2355 2555 2410 8.
2591 2357 2837 2412 Andreas
2865 2361 3140 2429 proiectus
3172 2363 3289 2427 luit,
3315 2362 3415 2418 Pe-

1829 2445 1952 2514 lagii
2010 2445 2374 2514 sepulcretum
2423 2458 2527 2506 est,
2562 2450 2707 2517 quod
2761 2451 2922 2503 etiam
2975 2451 3033 2506 8.
3067 2452 3407 2520 Stephanum

1825 2535 2105 2590 Junioretn
2147 2537 2425 2602 excepisse
2451 2546 2683 2592 testatur
2729 2540 3072 2610 Nic-ephorus
3106 2546 3158 2597 in
3191 2545 3416 2600 Brevia-

1830 2630 1933 2690 rio,
1957 2637 2012 2681 et
2040 2645 2102 2682 ex
2137 2630 2254 2699 ejus
2281 2630 2430 2684 Actis
2459 2632 2523 2683 ad
2552 2632 2695 2686 diem
2734 2649 2896 2687 xsvm
2946 2633 3212 2690 Novemb.
3249 2639 3415 2705 pluti-

1827 2719 1929 2773 bus
1961 2719 2348 2772 declarabitur.
2398 2721 2478 2774 [in
2525 2719 2814 2790 Nicephori
2869 2724 3030 2778 verba
3078 2723 3298 2779 Petat'io
3333 2728 3416 2781 in-

1832 2821 2113 2880 terprete:
2157 2813 2197 2862 Α
2252 2813 2452 2878 palatio
2503 2813 2566 2866 ad
2597 2812 2757 2867 Βονίς
2801 2829 2972 2883 usque
3019 2815 3197 2870 forum
3243 2829 3413 2872 attra-

1829 2914 1998 2966 ctum,
2055 2904 2366 2958 miserrime
2422 2903 2854 2974 discerpserunt.
2908 2907 3077 2974 Cujus
3125 2924 3321 2978 corpus
3358 2912 3410 2964 in

1827 3013 1950 3049 cum
1987 2999 2162 3050 locum
2209 3015 2368 3066 quem
2406 2997 2601 3068 Pelagii
2652 2997 2900 3065 sepulcra
2952 3003 3256 3057 nominant.
3291 3013 3412 3056 Ian-

1827 3100 1987 3150 qnam
2040 3087 2266 3138 malefici
2321 3089 2603 3154 cujusdam
2649 3090 2944 3155 abjiciunt;
2980 3091 3105 3144 illuc
3165 3097 3307 3146 enim
3357 3105 3414 3148 et

133 3166 278 3210 esse.
313 3155 404 3207 sed
437 3159 621 3220 paucis
650 3163 852 3228 verbis,
881 3169 1044 3220 unico
1073 3167 1339 3239 Tropario
1363 3174 1487 3237 isto,
1519 3187 1717 3247 marly-
1750 3191 1792 3248 ο
1826 3175 2180 3246 profanorum
2217 3178 2500 3245 gentilium
2535 3188 2590 3232 et
2616 3195 2802 3232 eorum
2833 3182 2922 3249 qui
2955 3184 3172 3250 capitali
3200 3186 3412 3252 suppli-

133 3242 275 3296 rium
309 3248 361 3297 in
400 3247 542 3300 hunc
565 3252 784 3304 modum
819 3259 1111 3321 exponitur
1145 3278 1157 3312 :
1199 3261 1432 3315 Fortiter
1462 3282 1720 3330 persecu-

133 3338 237 3388 tori
293 3341 577 3402 resistcns.
605 3342 784 3395 divina
841 3346 1108 3412 sapientia
1145 3353 1407 3418 praeditus
1449 3357 1716 3421 Andreas,

132 3428 362 3498 ﬂagellis
396 3434 717 3498 percutitur,
749 3436 1112 3494 etimmanem
1148 3457 1376 3498 mortem
1407 3445 1587 3512 justus
1623 3465 1720 3517 pa-

136 3521 288 3582 titur,
324 3523 434 3587 jam
466 3526 723 3583 accinens
749 3528 976 3586 Domino
1008 3535 1226 3589 Christo
1265 3540 1316 3592 in
1354 3542 1567 3595 saecula.
1599 3543 1716 3597 Non

135 3617 317 3680 potuit
360 3617 539 3684 itaque
586 3618 858 3690 Iosephus
896 3624 1368 3697 Hymnographus,
1421 3633 1511 3700 qui
1563 3633 1717 3702 Cpoli

136 3709 390 3775 degebat.
424 3711 743 3776 patriarchae
781 3715 968 3784 lgnatii
1002 3718 1395 3792 Sceuophylax,
1425 3725 1513 3778 ubi
1560 3725 1626 3780 de
1658 3726 1714 3780 8.

139 3801 443 3867 Stephano,
479 3804 739 3871 primario
785 3810 946 3864 torius
987 3817 1381 3876 persecutionis
1441 3801 1721 3888 (30pmny-

138 3893 338 3946 mianze
380 3905 614 3965 martyre
645 3899 853 3966 agebat.
893 3903 1054 3956 etiam
1112 3904 1168 3960 8.
1216 3910 1442 3964 Δηὼ-εκ
1494 3912 1544 3964 in
1579 3912 1718 3966 Crisi

136 3998 246 4036 non
279 3987 616 4050 meminisse,
662 3989 788 4044 licet
829 3991 878 4045 in
917 3993 1066 4049 Actis
1116 3996 1172 4049 S.
1211 3997 1474 4065 Stephani
1510 4021 1629 4074 quae
1663 4007 1715 4060 in

137 4092 354 4132 canone
380 4093 479 4132 suo
507 4092 726 4138 seCutus
762 4086 995 4149 videtur,
1029 4089 1094 4141 de
1114 4105 1179 4142 eo
1215 4095 1419 4149 mentio
1459 4113 1565 4150 non
1605 4099 1716 4153 fiat.

139 4169 193 4223 Id
225 4171 423 4228 iterum
466 4175 669 4241 patebit
718 4191 783 4229 ex
817 4178 1067 4232 laudibus
1098 4184 1297 4249 quibus
1348 4185 1404 4239 S.
1441 4190 1714 4244 Andream

137 4263 384 4316 cumulat
417 4265 468 4314 in
492 4278 702 4318 canone
732 4284 892 4336 quem
925 4272 992 4325 de
1027 4273 1144 4342 ipso
1172 4277 1540 4343 concinnavit,
1570 4290 1624 4335 et
1655 4300 1716 4338 ex

134 4367 246 4420 quo
273 4351 501 4406 inferius
533 4356 758 4420 plurima
793 4363 1143 4428 proferimus.

210 4445 300 4500 33.
368 4445 608 4502 Eductus
680 4459 762 4504 est
824 4449 880 4506 S.
931 4457 1172 4511 Andreas
1227 4476 1256 4511 e
1311 4478 1528 4518 carcere
1595 4483 1714 4530 suo,

133 4552 299 4600 quem
333 4538 530 4592 Phiala:
566 4539 730 4595 fuisse
758 4546 1127 4602 verosimilius
1150 4551 1410 4614 diximus.
1440 4557 1504 4609 ad
1538 4557 1708 4625 impe-
1741 4557 1790 4615 D

136 4642 400 4692 ratorem.
440 4644 493 4685 et
517 4648 696 4687 coram
737 4651 801 4688 eo
841 4637 1132 4705 imaginum
1169 4645 1569 4701 venerationem
1610 4650 1708 4703 itc-

136 4739 261 4775 rum
298 4723 559 4777 audacter
591 4727 781 4787 tuitus,
817 4745 844 4780 a
885 4730 1084 4797 palatio
1119 4733 1174 4784 8.
1212 4733 1494 4794 Mamantis
1533 4739 1584 4792 in
1619 4756 1709 4792 ur-

135 4814 263 4868 bem
321 4815 564 4882 pertrahi
617 4819 838 4886 jubetur
870 4824 947 4888 (in
1001 4827 1171 4886 Actis.
1207 4845 1354 4882 num.
1406 4833 1468 4884 H
1502 4842 1555 4885 et
1602 4834 1707 4901 I5).

135 4924 375 4976 cumque
407 4911 472 4963 ad
501 4910 674 4964 forum
703 4910 860 4967 Bovis
891 4920 1247 4983 pervenisset.
1281 4934 1477 4976 terram
1516 4926 1714 4994 ubique

139 5001 375 5068 irrigans
393 5016 608 5064 cruore,
639 5004 710 5056 ibi
735 5019 761 5056 a
783 5005 1295 5077 piSt-at'orequodam
1323 5015 1454 5080 pede
1491 5017 1712 5070 dextero

135 5094 405 5157 abscisso,
455 5097 690 5149 animam
741 5097 847 5152 Deo
896 5100 1133 5159 tradidit.
1184 5102 1336 5168 Quod
1389 5122 1512 5162 cum
1552 5111 1717 5164 vidis-

136 5194 285 5245 sent,
332 5187 422 5256 qui
478 5203 602 5241 eum
655 5191 962 5252 trahebant,
1026 5193 1078 5245 in
1132 5195 1307 5249 locum
1355 5197 1710 5257 fwdissimum

137 5280 391 5335 esanlme
457 5296 658 5350 corpus
714 5286 1013 5353 projecere.
1079 5290 1202 5344 Haec
1239 5309 1298 5344 ex
1361 5299 1715 5361 sequentibus

214 5464 362 5530 (li-3?.)
393 5465 542 5518 Anal.
570 5465 766 5528 Grato,
883 5468 983 5520 SOI)
1016 5483 1063 5521 cl
1095 5473 1216 5524 5l7.

214 5535 364 5570 .t-m
400 5535 440 5570 τ
505 5538 642 5570 ,μυηι
723 5554 752 5570 ..
831 5535 894 5570 ιν

212 5535 460 5593 11551Τ.
499 5538 690 5601 ΛΡΓΙΙ..
723 5535 916 5601 p.268.

217 5605 366 5725 ((154)
403 5604 464 5656 Τ.
515 5604 576 5659 111
623 5606 801 5667 .\lart.,
857 5628 906 5678 μ.
959 5613 1054 5664 165
1097 5623 1159 5665 er
1195 5625 1230 5668 r.
1271 5616 1284 5667 t
1331 5619 1496 5675 .lunti.
1537 5637 1584 5690 p.
1630 5623 1707 5686 t7,

247 5695 280 5724 ).

139 5688 193 5723 Π.
229 5688 280 5724 υ.

215 5743 363 5806 uss;
394 5744 456 5796 T.
495 5743 554 5804 ιι,
584 5764 632 5812 μ.
670 5748 756 5799 85.

213 5812 360 5879 (136)
394 5813 599 5878 Gyllius
634 5815 865 5883 Topogr.
907 5815 1084 5884 CpoL.
1124 5823 1212 5875 lib.
1253 5843 1305 5888 tt,
1344 5845 1460 5897 cap.
1493 5850 1546 5883 υ.

1827 3269 1910 3319 cio
1935 3268 2174 3318 damnati
2211 3277 2417 3329 essent,
2463 3269 2722 3323 cadavera
2773 3270 3204 3338 deportabantur
3233 3276 3406 3340 (I39).

1827 3356 2220 3423 Metapbrastes
2261 3372 2412 3410 num.
2451 3359 2544 3421 ιδ,
2577 3369 2630 3411 et
2674 3363 3038 3429 synaxaristcs
3081 3364 3408 3419 Nemeorum

1825 3447 1881 3503 S.
1910 3448 2178 3502 Andream
2207 3450 2256 3501 in
2287 3449 2461 3502 locum
2489 3447 2856 3505 male-ficorum
2877 3454 3177 3526 projectum
3198 3456 3407 3515 dicunt.

1825 3550 1880 3594 et
1935 3541 2075 3593 inter
2126 3555 2414 3609 corporum
2475 3544 2784 3611 congeriem
2861 3556 3164 3611 repertum;
3221 3563 3406 3602 verum

1825 3632 2191 3699 Theophanes
2215 3643 2400 3700 aperte
2432 3633 2642 3702 Pelagia
2667 3634 2865 3687 indicat
2898 3637 3081 3703 (supra
3114 3653 3266 3691 nttm.
3296 3639 3406 3707 H).

1824 3723 1933 3779 Cur
1977 3734 2159 3777 autem
2199 3726 2385 3778 eadem
2435 3726 2680 3793 sepulcra
2728 3743 2833 3779 non
2867 3725 3084 3798 Pelagii.
3120 3731 3212 3784 sed
3252 3732 3407 3810 [fcia-

1825 3819 1943 3886 giae,
1991 3815 2089 3882 τῆς
2138 3817 2299 3881 ἁγίλς
2341 3817 2625 3880 "alaris;
2661 3817 2728 3870 ab
2776 3819 3046 3886 aliquibus
3088 3821 3226 3874 dicta
3273 3822 3407 3881 sint.

1823 3907 2110 3974 diligenter
2161 3907 2380 3974 inquirit
2433 3907 2738 3978 Janningus
2785 3909 2837 3961 in
2887 3911 3040 3965 Actis
3087 3911 3140 3966 8.
3181 3913 3408 3984 Pelagia».

1825 3996 2180 4050 Antiochenre
2234 3996 2411 4067 (I60),
2457 4015 2556 4053 nec
2615 3999 3032 4068 explicationem
3083 4002 3291 4071 Cangii,
3339 4006 3407 4060 ad

1825 4099 2029 4148 calcem
2061 4096 2352 4148 Annalium
2398 4095 2622 4150 Zonaras
2665 4099 2937 4160 traditam,
2983 4098 3190 4152 admitti
3225 4113 3402 4168 posse,

1829 4196 1975 4240 recte
2008 4186 2208 4241 ibidem
2237 4187 2465 4241 ericisse
2489 4188 2721 4242 videtur.

1966 4298 1991 4366 ᾗ
2025 4295 2112 4352 IV.
2141 4297 2198 4351 S.
2237 4301 2458 4352 Andra:
2503 4301 2759 4364 reliquia',
2807 4302 3088 4363 miracula,
3122 4305 3263 4356 locus

2460 4371 2765 4438 sepultura.

1898 4485 1986 4538 δι.
2014 4465 2224 4552 Corpus
2257 4481 2314 4534 8.
2356 4481 2583 4534 Andreas
2613 4481 2665 4533 in
2698 4479 2922 4552 Pelagiis
2954 4497 3049 4551 per
3080 4482 3403 4539 miraculum

1823 4586 2091 4642 repertum
2127 4590 2186 4625 ac
2218 4591 2245 4624 a
2285 4573 2494 4625 exteris
2523 4573 2838 4633 discretum,
2861 4589 2886 4623 a
2917 4575 3019 4640 piis
3051 4576 3177 4626 siris
3212 4576 3261 4626 in
3287 4576 3403 4629 loco

1823 4675 2012 4717 sancto
2042 4662 2212 4716 Crisis
2241 4661 2549 4731 depositum
2583 4670 2701 4720 est;
2738 4670 2898 4730 atque
2937 4664 3038 4716 hoc
3085 4663 3303 4730 quidem
3335 4681 3398 4720 ex

1823 4754 1993 4815 Actis,
2027 4765 2083 4806 ut
2124 4754 2296 4818 aiunt,
2346 4753 2726 4822 anepigrapbis
2773 4769 2923 4805 num.
2983 4752 3064 4814 I6,
3094 4753 3399 4821 insequenti

1825 4859 1984 4901 nocte
2019 4848 2219 4901 factum
2271 4857 2392 4898 esse
2428 4846 2658 4898 videtur.
2699 4846 3017 4898 llliracnlum
3054 4855 3233 4900 tamen
3265 4863 3402 4916 pre-

1825 4941 2067 4998 citatum.
2097 4941 2238 5010 quod
2275 4939 2669 5008 Metaphrastes
2691 4949 2745 4991 et
2775 4937 2972 4990 Menaea
3015 4954 3211 4990 excusa
3261 4940 3404 4992 refe-

1826 5045 1970 5094 runt,
2003 5035 2054 5085 in
2089 5034 2278 5085 iisdem
2329 5032 2476 5085 Aetis
2521 5048 2626 5084 non
2662 5040 2965 5096 comparet,
3002 5032 3092 5083 sed
3140 5039 3398 5085 omittunt

1827 5135 2056 5185 tantum,
2087 5141 2148 5178 ac
2181 5126 2311 5176 nihil
2342 5125 2624 5176 dissonum
2653 5122 2861 5174 addunt
2893 5123 3034 5190 quod
3074 5137 3193 5174 cum
3229 5122 3400 5175 Meta-

1825 5218 2042 5287 pbrastc
2077 5217 2326 5284 componi
2359 5231 2464 5267 non
2504 5214 2694 5283 possit.
2719 5213 2782 5265 Iit
2817 5214 2932 5266 haec
2959 5224 3039 5265 est
3073 5213 3238 5264 altera
3262 5214 3398 5265 ratio

1824 5325 1921 5362 cur
1966 5309 2096 5362 Acta
2139 5310 2222 5360 illa
2271 5307 2420 5376 Cpoli
2467 5307 2662 5378 scripta
2714 5323 2818 5358 non
2877 5305 3042 5358 fuisse
3088 5305 3396 5364 rideantur.

1892 5489 2036 5553 (131)
2069 5487 2129 5540 τ.
2173 5487 2253 5540 vn
2301 5487 2443 5555 Maji.
2482 5507 2529 5555 ρ.
2581 5489 2666 5548 δε,
2719 5505 2748 5538 n
2833 5490 2892 5539 ιε
2944 5499 3063 5540 ett.
3107 5487 3144 5538 u
3197 5488 3388 5556 .-\pril.,

1827 5560 2823 5707 p'd'sgigtapipui.oppid:p.so._
2909 5704 2918 5707 _
3017 5702 3025 5707 _
3184 5700 3214 5707 1'

1899 5700 2130 5764 ε1311)1”⁹.
2164 5700 2230 5751 46
2279 5699 2332 5754 d.
2367 5700 2497 5754 edit.
2544 5699 2727 5756 Paris;
2770 5702 2848 5752 cfr
2899 5702 3154 5753 Analecta
3179 5700 3386 5764 (intra,

1824 5786 1874 5840 ρ.
1905 5771 2004 5823 .‘ilfi
2030 5777 2082 5821 et
2114 5771 2234 5824 5⁸20.

1901 5843 2041 5905 (Hui
2080 5840 2206 5892 Τ.11
2237 5839 2397 5901 Junii,
2436 5857 2483 5909 ρ.
2525 5839 2644 5902 159,
2683 5857 2734 5892 n.
2766 5841 2832 5895 ξε
2862 5850 2911 5892 et
2941 5855 3088 5907 seqq.
