3968 6434
548 367 677 429 1107

549 574 1001 645 Hymnographus
1032 592 1175 629 anno
1199 577 1301 632 8H
1326 577 1439 645 jam
1475 578 1626 646 Cpoli
1654 580 1955 633 sacerdotio
1990 580 2114 633 fun-

547 682 678 737 gens
713 667 963 737 (HI),ac
992 668 1189 722 saeculo
1211 671 1455 736 sequenti
1492 668 1884 739 Metaphrastes
1910 672 2115 742 magni-

547 762 648 814 lice
697 760 981 821 extollunt,
1035 761 1240 814 nullum
1286 777 1348 815 ea
1403 773 1849 825 commemorent,
1902 775 1994 819 aut
2049 764 2117 819 de

549 849 653 903 illis
692 864 760 902 ne
808 851 1029 907 verbum
1070 851 1286 917 quidem
1335 851 1627 918 proferant.
1688 851 1740 905 Si
1790 869 1932 905 enim
1965 852 2115 923 Cpoli

547 942 785 1008 scriptor
825 940 1079 994 Actorum
1131 942 1389 1011 degisset,
1422 960 1525 995 non
1576 960 1640 997 eo
1685 945 1844 999 modo
1886 946 2117 1012 patroci-

549 1034 698 1087 nium
735 1032 789 1087 S.
840 1034 1068 1087 Andreae
1128 1034 1230 1087 sibi
1274 1046 1598 1103 apprecatus
1651 1036 1812 1093 foret.
1845 1038 1947 1090 tale
1988 1038 2116 1092 illud

547 1141 748 1195 rogans
800 1126 1028 1187 scilicet,
1080 1128 1236 1195 quale
1282 1127 1332 1180 id
1388 1129 1747 1195 experiuntur
1797 1130 1884 1195 qui
1935 1131 2120 1183 colunt

546 1220 693 1270 luam
756 1232 964 1270 sacram
1020 1216 1338 1270 memoriam
1395 1226 1449 1271 et
1498 1214 1732 1270 loculum
1769 1218 2117 1287 reliquiarum

547 1312 761 1362 tuarum
799 1319 1148 1361 veneramur.
1185 1306 1337 1361 Nunc
1364 1323 1427 1361 ex
1456 1308 1677 1363 Cimone
1709 1309 1762 1363 5.
1797 1308 2021 1378 Josephi
2059 1325 2120 1363 ea

546 1398 869 1450 exhibemus
906 1412 1025 1464 qua:
1055 1396 1111 1450 S.
1148 1397 1378 1450 Andreae
1409 1394 1668 1449 miracula
1702 1395 2118 1459 commendant;

546 1488 641 1541 sed
664 1487 902 1541 ultimam
922 1486 1090 1541 Odarn
1120 1487 1206 1540 cui
1233 1487 1698 1557 hymnographus,
1725 1486 1776 1539 in
1806 1496 2121 1555 perpetuam

548 1581 918 1635 venerationis
965 1596 1072 1634 sum
1125 1581 1465 1644 memoriam,
1512 1597 1709 1635 nomen
1764 1597 1858 1649 per
1899 1582 2124 1635 acrosti-

548 1674 766 1727 chidem
816 1676 1058 1726 intexere
1091 1672 1287 1735 suevit,
1318 1674 1582 1738 integram
1614 1673 1898 1738 vertimus,
1934 1674 2122 1727 eadem

550 1763 915 1817 acrostichide
947 1772 1182 1817 servata.
1216 1763 1533 1817 Advertisse
1584 1763 1746 1815 etiam
1792 1764 2011 1832 iuverit,
2049 1764 2123 1817 uti

550 1865 842 1923 postrema:
874 1854 998 1909 huic
1034 1855 1179 1918 Odac,
1210 1854 1283 1907 ita
1317 1855 1529 1908 cieteris
1552 1854 1806 1907 omnibus
1852 1870 2119 1909 annexum
2158 1837 2201 1896 Β
2233 1893 2272 1946 Ε

550 1962 674 2001 esse
710 1945 1068 2001 Theotocium
1109 1963 1204 2000 seu
1241 1946 1567 2000 versiculum
1610 1946 1665 1998 in
1706 1947 1965 1999 honorem
2002 1946 2128 2000 Dei-

552 2054 718 2106 parze,
752 2038 895 2106 quod
940 2039 1045 2105 iam
1099 2048 1225 2092 ante
1272 2036 1571 2107 Josephum
1631 2038 1909 2091 factitabat
1954 2036 2128 2091 Theo-

553 2130 784 2198 phanes,
817 2130 1013 2198 aliique
1044 2130 1435 2199 hymnographi
1467 2129 1641 2183 Graeci
1669 2149 1680 2193 ;
1714 2140 1768 2182 ut
1800 2130 1869 2183 ita
1910 2130 2127 2195 planum

558 2221 649 2273 ﬁat
672 2230 873 2288 quanta
906 2219 1103 2285 Graeci,
1141 2237 1167 2271 a
1206 2221 1444 2274 Romana
1491 2225 1617 2275 sede
1652 2222 1881 2274 necdum
1913 2223 2128 2283 divulsi,

556 2319 776 2378 quanta,
806 2310 1048 2378 inquam,
1093 2313 1142 2363 in
1176 2311 1233 2365 Β.
1273 2310 1545 2380 Virginem
1602 2313 1887 2365 devotione
1930 2313 2133 2378 pollue-

558 2404 690 2455 rint.
754 2401 828 2455 Ex
880 2401 964 2456 his
1008 2402 1249 2455 Canticis
1300 2414 1614 2470 excerptum
1676 2414 1758 2458 est
1811 2404 2174 2474 opusculum'

558 2492 974 2561 Wangnerecltii
1032 2494 1199 2546 nostri
1250 2495 1333 2547 cui
1392 2496 1581 2548 titulus
1620 2512 1630 2546 :
1669 2494 1846 2550 Pietas
1896 2495 2132 2551 Mariana

559 2585 895 2647 Graecorum,
929 2596 983 2638 et
1005 2584 1303 2640 Maraccius
1326 2601 1482 2639 suum
1508 2587 1719 2642 Mariale
1746 2604 1807 2641 ex
1843 2590 2002 2642 unius
2023 2590 2133 2643 fere

564 2674 619 2725 S.
653 2671 877 2742 Josephi
928 2673 1160 2743 hymnis,
1192 2676 1293 2730 etsi
1346 2678 1595 2743 permulti
1626 2679 1801 2731 adhuc
1851 2679 2131 2734 inbiblioo

563 2766 735 2817 thecis
786 2768 1138 2835 manuscripti
1186 2767 1531 2830 delitescunt,
1576 2771 1905 2823 concinnare
1937 2773 2131 2839 potuit.

560 2857 651 2910 35.
703 2856 919 2909 Sanitas
948 2874 1013 2911 ex
1059 2870 1108 2911 te
1153 2861 1264 2913 sive
1300 2862 1419 2912 vivo
1450 2862 1649 2924 adhuc,
1683 2862 1795 2914 sive
1841 2863 1950 2928 jam
1993 2878 2136 2914 mor-

639 2961 754 3017 tuo,
782 2962 1035 3021 tanquam
1078 2968 1139 3007 ex
1175 2954 1321 3007 fonte
1376 2956 1426 3007 in
1462 2965 1690 3021 ingratos
1735 2954 1937 3017 deﬂuit,
1974 2955 2133 3009 verbo

634 3040 819 3092 divino
850 3051 1064 3109 potens,
1099 3053 1281 3094 sancte
1315 3043 1552 3108 Andrea,
1585 3044 1672 3112 qui
1712 3044 1932 3112 spiritus
1956 3045 2133 3112 impu-

1835 368 2117 427 MENSIS
2156 368 2494 433 OC'I'OBER

544 485 693 550 quod
751 484 958 537 scilicet
1008 498 1073 537 ex
1124 492 1201 537 tot
1247 484 1543 546 miraculis,
1592 502 1711 555 quae
1748 486 1806 539 S.
1844 486 2117 555 Josephus
2148 488 2192 543 A

3657 377 3786 440 1108

2293 493 2385 559 qui
2430 509 2457 544 a
2512 492 2731 546 Christo
2766 492 2874 546 Deo
2930 502 3117 546 nostro
3168 492 3516 546 curationum
3558 492 3785 561 gratiam

2287 586 2498 639 cmlitus
2526 585 2797 655 accepisti.
2826 582 2933 639 Ode
2971 584 3024 648 8,
3052 591 3120 641 tr.
3153 585 3207 639 3.

2910 698 3016 752 Odc
3054 699 3106 750 9.

2219 790 2368 851 Ideo.
2425 790 2585 845 Pater
2642 801 2846 851 sancte,
2901 806 3064 845 cursu
3117 800 3209 843 tuo
3272 800 3681 851 consummato,
3740 796 3792 841 et

2290 882 2593 935 orthodoxa
2628 880 2729 935 ﬁde
2762 882 3081 935 intemerate
3112 890 3342 942 servata,
3398 879 3529 947 quia
3578 878 3790 930 certasti

2292 974 2550 1043 legitime,
2590 988 2848 1026 coronam
2889 972 3158 1033 duplicem
3217 972 3457 1037 desuper
3508 968 3789 1034 accepisti,

2293 1074 2349 1117 ut
2393 1074 2595 1133 martyr
2626 1064 2881 1124 invictus,
2917 1074 2973 1115 ut
3004 1073 3180 1116 asceta
3210 1062 3481 1131 egregius.

2221 1154 2566 1210 OdOriferum
2605 1164 2662 1207 ut
2716 1150 2912 1217 lilium,
2973 1164 3029 1205 ut
3086 1170 3230 1217 rosa,
3283 1152 3471 1215 Pater,
3542 1152 3597 1203 in
3642 1158 3792 1218 prato

2292 1246 2490 1300 divinae.
2529 1261 2776 1299 aseeseos
2809 1243 3063 1307 floruisti,
3095 1254 3151 1296 ut
3180 1244 3384 1297 cedrus
3433 1255 3605 1293 suave
3640 1239 3793 1292 redo-

2296 1338 2399 1396 les.
2436 1347 2731 1406 martyrum
2775 1336 3116 1404 splendorem
3166 1335 3423 1403 adeptus,
3473 1333 3640 1387 beate
3692 1333 3796 1383 An-

2296 1432 2447 1494 drea,
2478 1429 2865 1483 monachorum
2902 1429 3092 1482 decus.

2225 1524 2407 1592 Signis
2439 1532 2489 1575 et
2534 1521 2799 1588 portentis
2853 1521 3050 1573 merito
3095 1518 3347 1579 celebris,
3401 1518 3650 1569 omnium
3702 1515 3795 1567 sub

2300 1615 2473 1671 oculis
2508 1612 2904 1667 indissolubilis
2952 1626 3162 1671 manes,
3207 1610 3364 1661 beate
3414 1610 3659 1671 Andrea,
3712 1608 3795 1675 qui

2302 1718 2539 1761 mentem
2571 1706 2846 1758 illuminas
2906 1704 3007 1757 ﬁde
3054 1700 3266 1755 ardenti
3311 1700 3636 1755 adeuntium
3673 1711 3720 1752 te
3749 1709 3796 1753 et

2300 1800 2689 1870 gratulantium
2723 1797 2842 1850 tibi.

2278 1908 2371 1947 cce
2424 1892 2567 1945 diem
2619 1890 2871 1943 festivum
2913 1896 2965 1940 et
2998 1897 3241 1941 sanctam
3312 1884 3801 1950 suavissimamque

2300 1986 2614 2040 memoriam
2651 1991 2797 2034 tuam
2834 1980 3174 2035 celebrantes
3226 1980 3412 2042 hodie,
3470 1979 3592 2039 tibi,
3626 1979 3798 2040 Pater,

2297 2092 2421 2131 cum
2458 2074 2652 2129 ﬁducia
2686 2073 2981 2126 clamamus
3020 2071 3239 2125 :Sacris
3288 2072 3355 2125 ad
3390 2070 3565 2124 Deum
3621 2083 3800 2137 preca-

2301 2168 2541 2221 tionibus
2571 2165 2698 2226 tuis,
2736 2163 2801 2217 ab
2833 2162 2977 2216 omni
3002 2162 3380 2217 vicissitudine
3414 2163 3542 2216 vita:
3575 2161 3801 2215 liberare

2303 2271 2403 2309 nos
2440 2255 2699 2325 digneris.

2842 2367 3191 2420 Thcotacium.

2234 2482 2535 2555 Phosphori
2595 2482 2732 2545 veri,
2799 2482 2891 2550 qui
2946 2480 3129 2535 lumen
3205 2480 3327 2533 tulit
3402 2479 3459 2530 in
3547 2477 3803 2529 mundum

2302 2577 2592 2648 Splendore
2626 2574 2876 2634 Deitatis,
2904 2584 2957 2626 et
2992 2572 3312 2640 ignorantiae
3351 2568 3611 2621 tenebras
3663 2567 3807 2634 fuga-

2310 2668 2382 2720 vit
2408 2667 2461 2718 in
2491 2680 2691 2726 :evum,
2738 2663 2940 2729 viscera
2974 2671 3084 2721 tua,
3146 2657 3458 2711 castissima
3498 2658 3684 2729 Virgo,
3719 2659 3807 2712 ha-

2312 2754 2609 2809 bitaculum
2645 2753 2786 2806 facta
2826 2762 2981 2814 sunt;
3018 2751 3136 2804 ideo
3168 2751 3535 2817 gloriﬁcamus
3571 2764 3642 2806 te.

2312 2845 2401 2898 36.
2467 2842 2561 2896 Hic
2613 2841 2962 2895 exscribenda
3013 2841 3191 2895 forent
3264 2840 3647 2910 Metaphrastae
3697 2858 3808 2894 ver-

2239 2938 2327 3001 ba,
2383 2937 2578 3006 quibus
2650 2945 2898 2999 testator,
2934 2951 3034 2988 suo
3091 2935 3255 2987 etiam
3316 2945 3596 3001 tempore,
3645 2934 3809 2985 nemi-

2241 3046 2365 3084 nem
2429 3031 2621 3084 morbo
2682 3039 2777 3083 aut
2841 3028 2981 3080 malo
3040 3026 3407 3093 qualicunque
3478 3037 3807 3093 correptum,

631 3146 721 3185 ros
749 3133 988 3201 ἀρρθιιῖε,
1029 3144 1081 3186 οι
1125 3134 1366 3187 Creatori
1401 3145 1492 3187 ιιιο
1521 3135 1781 3187 inciamas
1817 3153 1830 3187 ι
1864 3134 1941 3187 Tu
1989 3135 2136 3187 solus
2163 3161 2208 3222 Ο
2245 3121 2429 3173 Sancti
2466 3120 2734 3173 tumulum
2765 3120 2961 3172 adiisse
2993 3118 3121 3185 quin
3157 3117 3459 3169 remedium
3517 3116 3651 3222 inde
3671 3130 3809 3170 retu-

634 3238 876 3289 sanctus,
910 3228 1156 3281 Domine.
1187 3228 1293 3282 Ode
1326 3228 1379 3291 ὅ,
1410 3231 1644 3299 lropario
1672 3230 1723 3284 '2.

568 3315 746 3371 Suave
793 3319 1025 3387 spirans.
1061 3322 1227 3375 odore
1272 3322 1556 3387 virtutum,
1588 3323 1676 3376 ubi
1728 3339 1871 3377 nunc
1903 3322 2053 3392 jaces
2083 3324 2135 3377 in

640 3414 909 3479 sepulcro.
962 3414 1119 3467 Pater
1161 3424 1366 3478 sancte,
1406 3415 1609 3467 vultum
1659 3415 1899 3467 laetiﬁcas
1950 3400 2137 3469 eorum

640 3504 730 3569 qui
764 3504 1056 3559 conﬁdenti
1089 3506 1250 3560 corde
1274 3506 1348 3560 Te
1379 3507 1600 3559 adeunt.
1620 3506 1778 3557 Odeil
1810 3516 1942 3571 trop.
1978 3506 2030 3556 εὶ.

568 3591 785 3645 Peccati
842 3595 1093 3647 tenebras
1142 3593 1500 3653 abhorruisti,
1553 3592 1732 3653 Pater,
1791 3601 1844 3645 et
1898 3592 2141 3648 libidinis

642 3698 836 3750 expers
864 3694 920 3737 ut
958 3685 1177 3738 lucerna
1236 3685 1583 3749 splenduisti,
1630 3685 1718 3753 qui
1780 3685 1845 3739 ad
1890 3697 2138 3742 sanctum

646 3772 911 3824 tumulum
966 3783 1115 3825 tuum
1164 3772 1491 3827 accedentes
1552 3774 1843 3841 Splendore
1906 3776 2141 3828 curatio-

646 3880 796 3923 num,
832 3863 938 3917 Deo
966 3866 1147 3926 dante,
1191 3867 1480 3919 illuminas.
1519 3868 1647 3918 Ode.
1680 3866 1732 3929 5,
1769 3876 1836 3919 tr.
1878 3866 1923 3918 l.

576 3958 667 4011 Dei
703 3953 1075 4011 habitaculum
1105 3960 1279 4012 factus
1309 3974 1388 4018 es,
1421 3958 1599 4018 Pater,
1629 3958 1720 4026 qui
1749 3972 1933 4013 sancte
1962 3959 2139 4014 vixisti

644 4058 694 4102 et
743 4050 993 4119 pugnasti
1037 4050 1285 4113 fortiter;
1330 4064 1476 4102 nunc
1520 4065 1647 4104 vero
1690 4052 1739 4103 in
1788 4062 2141 4106 monumento

639 4140 810 4205 jaces,
863 4140 1044 4191 salvus
1094 4148 1148 4191 et
1209 4136 1622 4202 indissolubilis,
1682 4149 2003 4195 cunctorum
2044 4141 2150 4196 sol—

650 4246 781 4286 vens
819 4232 1034 4286 morbos
1072 4232 1329 4286 ﬁdelium.
1363 4232 1470 4286 Ode
1505 4233 1557 4297 5,
1592 4242 1656 4285 tr.
1688 4232 1739 4286 2.

574 4324 639 4376 Ut
674 4324 851 4393 magni
889 4324 1050 4392 pretii
1106 4325 1396 4377 thesaurus
1433 4325 1809 4390 absconditus,
1862 4326 2033 4381 oculis
2081 4326 2141 4380 ﬁ-

650 4416 875 4476 delium,
918 4415 1097 4477 Pater,
1144 4416 1469 4467 manifestus
1499 4413 1675 4467 factus
1703 4430 1782 4477 es,
1814 4426 1867 4468 ct
1904 4418 2137 4470 miracu-

645 4506 709 4557 lis
749 4506 887 4558 ditas
915 4520 1104 4559 omnes
1132 4506 1221 4574 qui
1259 4505 1446 4559 colunt
1480 4514 1551 4559 te.
1583 4505 1689 4561 Ode
1717 4505 1767 4570 6,
1798 4516 1865 4559 tr.
1898 4507 1950 4560 5.

574 4596 810 4665 Spiritus
844 4606 968 4650 tuus
1004 4596 1185 4651 divina
1229 4597 1723 4651 communicatione
1772 4596 2140 4665 praefulgidus,

648 4688 915 4741 mirabilis
976 4688 1213 4747 Andrea,
1271 4687 1480 4739 stellam
1535 4686 1763 4737 lucidam
1830 4686 2038 4738 cunctis
2095 4696 2144 4741 te

645 4778 913 4834 exhibuit.
958 4788 1011 4830 et
1058 4778 1257 4845 ubique
1326 4762 1604 4830 miraculis
1660 4776 1899 4833 iilustras
1961 4776 2146 4831 fideles

646 4870 1019 4925 collaudantcs
1056 4880 1125 4922 te.
1160 4870 1265 4922 Ode
1302 4872 1351 4931 7,
1384 4880 1452 4923 ιν.
1483 4872 1532 4921 5.

578 4962 776 5014 Contra
813 4962 1092 5014 Christum
1148 4960 1199 5012 in
1252 4962 1455 5012 rabiem
1514 4960 1746 5026 abrepti,
1784 4969 1838 5013 ut
1877 4961 2001 5014 fera
2051 4962 2145 5015 be-

649 5054 765 5107 sliae
810 5063 859 5105 te
895 5052 1146 5104 trucidari
1196 5055 1515 5121 jusserunt;
1554 5066 1718 5119 quare
1772 5064 2049 5121 raptantes
2092 5065 2147 5108 et

652 5146 925 5195 caedentes
990 5153 1040 5196 te
1105 5144 1155 5195 in
1232 5144 1547 5195 barathrum
1610 5144 1977 5211 projecerunt,
2053 5148 2145 5214 qui

658 5235 729 5285 ita
764 5234 999 5285 veritatis
1036 5236 1352 5286 manifestus
1383 5247 1584 5304 martyr
1638 5236 1810 5291 factus
1841 5252 1918 5291 es.
1956 5238 2065 5292 Ode
2093 5240 2145 5303 8,

660 5333 727 5373 tr.
759 5322 813 5372 2.

597 5411 861 5479 Prodigiis
882 5412 1083 5472 ﬁdeles,
1120 5423 1371 5479 tanquam
1407 5416 1627 5486 lluento,
1657 5417 1867 5483 irrigas,
1894 5430 1944 5470 et
1973 5421 2145 5487 fugas,

674 5502 753 5553 vir
797 5505 969 5564 beate,
1008 5506 1259 5571 nequitiae
1306 5505 1548 5571 spiritus,
1580 5516 1633 5557 et
1677 5510 1959 5574 languores
1989 5512 2149 5571 tollis,

697 5700 836 5758 illi“
864 5697 925 5753 τ-
960 5698 978 5753 l
1016 5700 1202 5767 April..
1229 5716 1278 5763 β.
1304 5699 1425 5758 269,
1458 5714 1510 5749 n.
1554 5697 1632 5750 13.

710 5770 847 5838 {liii
880 5769 1190 5841 Pachymer,
1219 5779 1256 5820 t.
1291 5767 1354 5828 ll,
1388 5783 1440 5837 p.
1472 5769 1534 5818 ὃὸ
1569 5769 1613 5817 d.
1636 5778 1683 5817 et
1708 5768 1827 5818 606.

2245 3212 2404 3277 ierit;
2439 3212 2530 3281 qui
2590 3211 2743 3281 (lpoli
2790 3212 2992 3281 degens
3048 3210 3120 3263 ita
3177 3210 3407 3263 ﬁdenter
3457 3224 3567 3262 non
3628 3208 3812 3262 fuisset

2243 3306 2501 3362 concives
2570 3305 2861 3366 allocutus,
2923 3302 3026 3356 nisi
3103 3300 3488 3368 frequentibus
3539 3300 3813 3352 miraculis

2245 3399 2302 3451 S.
2354 3400 2601 3451 Andreas
2656 3398 2894 3449 ﬁdelium
2952 3395 3205 3462 pietatem
3256 3403 3680 3444 remunerasset.
3718 3391 3816 3443 Ve-

2245 3505 2388 3547 rum.
2426 3490 2511 3541 his
2554 3487 2753 3548 missis,
2784 3499 2905 3538 cum
2945 3483 2995 3535 in
3032 3482 3177 3534 Actis
3205 3482 3321 3549 ejus
3351 3497 3407 3531 n.
3458 3481 3522 3531 l7
3562 3481 3660 3548 legi
3698 3497 3815 3546 pos-

2245 3584 2374 3648 sint,
2406 3582 2472 3636 de
2512 3579 2681 3633 Crisis
2739 3578 2859 3632 loco
2889 3575 2975 3630 cui
3033 3589 3248 3629 sacrum
3305 3574 3500 3642 pignus
3547 3572 3811 3625 creditum

2243 3683 2344 3737 est,
2383 3672 2627 3743 quaedam
2667 3669 2994 3741 proferenda
3048 3678 3196 3721 sunt.
3233 3667 3289 3721 In
3343 3668 3494 3720 Actis
3547 3666 3811 3733 utrisque,

2243 3770 2335 3823 sed
2372 3770 2422 3821 in
2461 3766 2889 3834 Metaphrasttcis
2935 3765 3215 3822 disertius,
3255 3762 3407 3814 locus
3461 3761 3551 3813 ille
3596 3770 3813 3812 sanctus

2244 3860 2465 3913 dicitur.
2516 3856 2639 3909 Fuit
2702 3856 2773 3909 ibi
2820 3855 3025 3909 scilicet
3074 3852 3492 3913 monasterium,
3539 3852 3627 3903 cui
3676 3867 3815 3903 anno

2244 3952 2459 4004 circiter
2521 3949 2677 4011 128$,
2733 3962 2799 3999 ex
2858 3944 3067 3999 Possini
3130 3943 3300 3994 nostri
3361 3940 3574 3992 calculo
3644 3940 3817 4021 (NB),

2246 4042 2487 4095 Raulena
2538 4039 3018 4093 Protovestiarissa
3056 4033 3401 4105 peramplam
3454 4041 3510 4084 et
3563 4031 3812 4099 exquisiti

2246 4133 2460 4190 artiﬁcii
2496 4132 2668 4184 aedem
2726 4129 2946 4196 adjecit.
2983 4128 3125 4182 Alibi
3168 4141 3297 4179 vero
3337 4124 3719 4194 Pachymeres,
3752 4138 3812 4174 ex

2245 4226 2495 4295 ejusdem
2528 4222 2740 4300 Possini
2772 4221 3249 4287 interpretatione,
3282 4218 3351 4271 ita
3385 4216 3500 4272 fere
3529 4216 3769 4284 loquitur
3799 4231 3811 4265 :

2245 4318 2454 4373 abdidit
2489 4330 2545 4369 se
2578 4312 2869 4382 Gregorius
2910 4310 3217 4379 patriarcha
3263 4308 3316 4359 in
3368 4309 3812 4360 monasteriolum

2247 4410 2497 4465 Aristinae
2525 4407 2752 4467 dictum,
2783 4402 3095 4471 contiguum
3130 4399 3462 4452 monasterio
3501 4399 3560 4450 5.
3593 4399 3813 4452 Andreae

2252 4504 2304 4554 in
2361 4500 2525 4563 Crisi,
2562 4498 2815 4552 viciniam
2873 4495 2926 4549 in
2987 4494 3108 4551 talis
3158 4492 3369 4546 delectu
3430 4489 3533 4543 loci
3589 4505 3815 4573 sequens

2248 4591 2749 4647 Protovestiarissaa
2775 4586 3049 4641 Raulacme
3088 4587 3139 4639 in
3175 4599 3238 4638 eo
3266 4582 3324 4637 S.
3369 4583 3603 4635 Andrea:
3634 4597 3815 4634 mona-

2249 4686 2419 4739 sterio
2481 4682 2727 4751 degentis
2769 4696 2794 4734 a
2850 4695 2955 4746 qua
3004 4678 3236 4745 benigne
3291 4674 3580 4729 fovebatur
3646 4672 3811 4740 (l55l.

2249 4778 2387 4833 Num
2429 4777 2590 4845 igitur
2635 4775 2704 4827 ob
2750 4774 3003 4826 vieiniam
3064 4770 3321 4823 utriusvis
3362 4771 3591 4824 istorum
3635 4784 3815 4821 mona~

2250 4870 2546 4924 steriorum
2580 4866 2746 4918 Crisis
2768 4865 2919 4919 locus
2943 4873 3183 4923 sanctus,
3203 4860 3467 4930 jam-inde
3498 4871 3694 4922 octavo
3720 4875 3811 4913 sar-

2248 4962 2371 5015 culo
2400 4962 2540 5012 dicta
2571 4958 2659 5021 sit,
2696 4955 2909 5009 deﬁniri
2946 4969 3052 5006 non
3089 4960 3300 5021 potest;
3361 4965 3464 5003 nos
3528 4951 3691 5003 aliam
3734 4968 3819 5017 ap-

2254 5050 2569 5121 pellationis
2634 5061 2850 5100 causam
2930 5059 3037 5097 non
3109 5041 3433 5095 deteximus.
3512 5041 3684 5093 Porro
3753 5054 3808 5093 ev

2253 5146 2431 5214 priore
2462 5139 2815 5212 Pachymeris
2845 5137 3077 5205 allegato
3107 5135 3226 5188 loco
3264 5133 3549 5195 diStitnltS,
3610 5131 3812 5183 Rau]:-

2252 5250 2396 5296 nam,
2437 5233 2691 5286 feminam
2725 5228 2906 5281 multis
2940 5226 3085 5279 tertii
3124 5224 3319 5277 decimi
3354 5222 3539 5275 seculi
3592 5220 3811 5288 Scripto-

2254 5328 2401 5380 ribus
2432 5322 2783 5382 celebratam,
2819 5320 2874 5371 S.
2906 5319 3134 5371 Andreae
3176 5312 3527 5384 magniﬁcum
3561 5310 3808 5378 templum

2253 5416 2576 5475 suscitasse;
2614 5413 2697 5464 cui
2748 5410 3012 5463 Maximus
3066 5406 3334 5476 Planudes
3374 5403 3698 5465 monachus,
3726 5401 3807 5471 qui

2258 5516 2368 5554 tum
2400 5502 2655 5567 temporis
2688 5500 2899 5551 vivebat
2930 5499 3078 5563 (ιιι)
3114 5505 3167 5547 et
3193 5512 3254 5548 ex
3306 5496 3626 5561 biographis
3662 5495 3809 5546 inno-

2337 5692 2475 5765 ζῑ-ἱὸ)
2516 5695 2635 5765 μορ.
2675 5700 2768 5750 cit.
2806 5712 2855 5765 ρ.
2899 5701 2963 5755 89
2989 5708 3037 5744 ο.

2336 5757 2485 5831 (144)
2519 5757 2857 5832 Pachym.,'l.
2893 5777 2938 5812 ς.
2970 5777 3020 5828 p.
3064 5757 3160 5812 166
3187 5773 3232 5813 c.
