3968 6462
188 405 316 471 1113

1285 410 1462 474 VITA
1505 408 1564 469 S.
1603 405 1931 466 ANDREE
1970 410 2050 469 ΙΝ
2086 413 2316 476 CRISI.

3289 419 3426 492 1114

181 526 271 593 δὴν
333 523 508 580 ἔθετο.
560 523 731 586 Είδὼς
763 523 874 592 γὰρ
907 525 988 577 ὅτι
1022 523 1260 595 χαλεπὸν
1297 534 1444 594 αὐτῷ
1477 535 1569 578 και
1609 525 1738 577 δυσ-

1860 540 2004 593 ιηιιω
2031 530 2270 586 studium
2297 533 2562 592 adhibuit.
2593 536 2724 591 Nam
2747 553 2868 592 cum
2899 540 3102 594 videret
3125 552 3244 593 esse
3269 541 3426 612 longe

183 615 523 684 επιχείρητον
569 618 758 670 πεῖσαι
812 618 1176 687 Χριστιανοὺς
1226 619 1525 689 ἀρνηθῆναι
1565 619 1609 651 ⁸⁸
1638 619 1738 688 τὴν

183 705 330 757 θείαν
361 704 454 756 τοῦ
495 706 734 774 Χριστοῦ
770 707 1072 778 σάρκωσιν,
1125 709 1339 772 πολλοῖς
1383 709 1481 779 ἥδη
1525 710 1740 779 χρόνοις

182 793 570 862 ὶμπεδοθεῖσαν
600 797 644 828 ⁸ο
680 797 897 860 αὐτοῖς·
935 798 1029 851 καὶ
1051 800 1078 851 ὅ
1114 817 1278 868 φησιν
1322 801 1349 852 6
1397 801 1537 862 θεῖος
1578 800 1743 852 Δαϐὶδ

183 887 501 940 ἐκτείνασαν
542 889 642 957 μὲν
677 889 744 941 τὰ
785 890 1040 960 κλήματα
1072 891 1117 924 ¹⁶
1147 892 1252 955 ἕως
1287 892 1564 961 θάλασσης
1589 932 1605 957 ,
1647 893 1742 946 καὶ

181 978 280 1038 ἓως
331 981 597 1048 ποταμῶν
645 982 743 1043 τὰς
792 985 1151 1052 παραφυάδας
1193 1000 1208 1014 θ
1256 985 1355 1052 δρη
1389 984 1444 1036 δὲ
1491 987 1554 1051 τῇ
1617 985 1745 1053 σκιᾷ

184 1070 582 1136 καλύπτουσιν,
641 1076 735 1128 καὶ
787 1079 908 1138 ταῖς
943 1078 1296 1144 ἀναδενδράσι
1323 1079 1419 1138 τὰς
1455 1076 1549 1129 τοῦ
1607 1076 1743 1129 Θεοῦ

182 1163 400 1234 κέδρους
425 1181 440 1196 ·
470 1166 626 1218 τοῦτο
670 1168 876 1230 ἐκεῖνος
921 1170 1108 1233 εἰδὼς,
1173 1169 1267 1223 ἀτε
1299 1169 1396 1232 σῦς
1431 1171 1494 1222 ὲκ
1531 1168 1743 1237 δρυμοῦ

186 1256 278 1306 καὶ
321 1257 501 1322 μονιὸς
535 1255 727 1326 ἀγρίος
753 1297 766 1319 ,
803 1257 1148 1327 λυμήνασθαι
1186 1261 1392 1327 ταύτην
1445 1262 1741 1330 ἐπιχειρεῖ,

180 1347 376 1412 τρόπον
412 1347 620 1415 ἕτερον,
683 1350 881 1418 μικροῦ
933 1353 1065 1417 πρὸς
1121 1353 1222 1421 τὴν
1267 1354 1458 1422 ὁμοίαν
1507 1355 1744 1423 φέροντα

183 1437 408 1510 βλάϐην,
442 1442 536 1493 καὶ
565 1442 652 1494 διὰ
679 1442 777 1511 τῆς
804 1442 1088 1514 ἀρνήσεως
1116 1445 1226 1498 τῶν
1259 1448 1473 1500 σεπτῶν
1500 1450 1744 1511 είκόνων,

181 1532 408 1601 ἄρνησιν
437 1536 750 1602 μηχανᾶται
789 1537 882 1588 καὶ
914 1537 1015 1607 τῆς
1059 1541 1376 1608 οἰκονομίας
1411 1557 1424 1572 ·
1455 1541 1570 1609 είγε
1603 1541 1681 1593 δεῖ
1703 1545 1746 1581 ἰ

179 1625 249 1676 τὰ
309 1627 406 1692 τῆς
468 1628 677 1690 εἰκόνος
752 1628 846 1682 ἐπὶ
907 1631 967 1684 τὸ
1026 1633 1388 1702 πρωτότυπον
1423 1634 1469 1665 ³⁸
1539 1633 1750 1687 διαϐαῖ-

181 1735 292 1770 ww
322 1719 390 1772 ⁸³.

251 1813 326 1864 Δθ.
367 1813 476 1864 Καὶ
510 1813 601 1864 τὸν
635 1815 756 1866 τότε
787 1816 977 1885 ἄρχειν
1017 1813 1254 1885 λαχόντα
1291 1816 1481 1880 δεινῶς
1517 1819 1741 1882 ὑποδὺς.
1779 1857 1822 1912 Β

179 1903 587 1958 Κωνσταντῖνόν
636 1922 779 1974 φημι
829 1907 921 1960 τὸν
972 1907 1209 1977 πονηρὸν
1263 1910 1356 1962 καὶ
1401 1908 1739 1978 δυσώνυμον,

181 1996 274 2046 καὶ
308 1994 639 2059 ἀπεναντίας
679 1997 756 2067 τῷ
789 1997 1064 2067 ὁμωνύμῳ
1117 1999 1207 2052 καὶ
1252 1997 1455 2069 πρώτῳ
1502 2004 1740 2070 φυτευτῇ

177 2085 276 2154 τῆς
307 2086 591 2149 εὐσεϐείας
641 2088 772 2157 περὶ
810 2089 1021 2160 ταύτην
1061 2090 1403 2151 διατεθέντα.
1441 2091 1616 2145 πείθει
1670 2094 1745 2164 μὴ

179 2173 404 2244 θεμιτὸν
448 2173 585 2230 εἶναι
617 2178 976 2246 Χριστιανοὺς
1031 2180 1126 2232 καὶ
1154 2182 1318 2233 αὑτὸν
1358 2181 1568 2235 οἴεσθαι
1607 2200 1620 2214 ο
1655 2185 1748 2238 καὶ

175 2267 304 2329 τοὺς
341 2269 385 2298 ⁸⁸
416 2269 518 2320 ὑπὸ
551 2272 710 2337 χεῖρα
749 2268 1081 2337 νομοθετεῖν,
1119 2274 1217 2334 τὰς
1265 2275 1419 2344 ίεράς
1463 2276 1631 2338 ὅντως
1673 2277 1749 2329 εί-

177 2361 341 2421 κόνας
376 2361 562 2429 τιμᾷν,
614 2360 934 2431 Ἑλληνικῆς
960 2362 1118 2414 τοῦτο
1147 2363 1444 2434 θρησκείας
1473 2372 1567 2422 καὶ
1597 2371 1751 2438 νομί-

176 2451 368 2514 ζοντας
403 2447 544 2504 εἶναι
577 2452 672 2504 καὶ
696 2453 1082 2522 ὀνομάζοντας,
1116 2457 1306 2519 κακῶς
1331 2460 1537 2522 ἐκεῖνος
1570 2462 1746 2526 είδὼς,

176 2543 275 2594 καὶ
319 2541 440 2596 λίαν
489 2543 805 2612 ἐπισφαλῶς
862 2561 920 2598 τε
973 2547 1066 2598 καὶ
1113 2549 1377 2616 ἀνοήτως.
1435 2549 1546 2601 Καὶ
1591 2549 1750 2604 τοῦτο

174 2637 317 2706 ὅπερ
345 2637 448 2689 ὑπὸ
479 2637 590 2690 τῶν
613 2639 861 2691 παλαιῶν
887 2639 1129 2706 λέγεται,
1165 2644 1407 2711 μιγνύων
1424 2643 1490 2696 τὰ
1515 2642 1745 2711 ἄμικτα.

177 2721 282 2778 Ὠν
322 2728 424 2794 μὲν
463 2730 573 2798 γὰρ
612 2732 673 2782 τὸ
704 2732 1062 2801 πρωτότυπον
1090 2734 1317 2798 ἀσεϐὲς,
1357 2735 1562 2788 τούτων
1593 2739 1686 2789 καὶ
1723 2739 1751 2791 6

173 2818 348 2881 τύπος
375 2822 487 2882 τοῖς
516 2823 762 2874 εὐσεϐεῖν
795 2824 1139 2894 βουλομένοις
1163 2827 1360 2896 ἐπίσης
1387 2828 1646 2897 βέϐηλος·
1677 2823 1752 2883 ὧν

173 2911 240 2983 δὲ.
268 2913 446 2985 ἐκεῖνο
485 2915 862 2983 προσκυνητὸν
901 2919 994 2969 καὶ
1041 2918 1362 2986 σεϐάσμιον,
1405 2922 1610 2973 τούτων
1641 2925 1750 2990 ἄρα

175 3007 276 3060 καὶ
309 3007 339 3078 ἠ
367 3006 531 3060 εἰκὼν
561 3008 872 3071 ἀκολούθως
917 3009 1083 3079 τιμῆς
1127 3011 1307 3078 πάσης
1356 3010 1400 3041 ⁸⁸
1443 3012 1746 3084 ὴξιωμένη.

253 3282 331 3360 E’.
374 3284 530 3338 Οῦτω
561 3285 742 3336 τοίνυν
780 3285 943 3347 αὐτὸς
971 3285 1076 3338 ὑπὸ
1108 3285 1202 3338 τοῦ
1235 3289 1473 3356 πονηροῦ
1505 3293 1752 3360 πνεύμα-

171 3394 268 3440 τος
305 3377 576 3444 διδαχθεὶς
602 3377 692 3428 διὰ
725 3376 901 3446 πάσης
926 3381 1126 3448 χωρεῖν
1151 3379 1368 3433 ἐκέλευε
1407 3382 1507 3450 τῆς
1538 3384 1628 3436 ὑπ’
1663 3385 1755 3438 ού-

176 3466 348 3535 ρανὸν
381 3466 478 3518 καὶ
508 3469 588 3530 είς
621 3467 825 3536 ἔσχατα
878 3471 979 3540 γῆς
1021 3471 1082 3524 τὸ
1128 3472 1364 3540 ἔκφυλον
1407 3475 1564 3528 τοῦτο
1597 3494 1756 3550 νομο-

173 3562 398 3632 θέτημα
425 3562 746 3626 διαϐαίνειν,
772 3566 880 3617 πᾶν
909 3561 1048 3629 εἶδος
1074 3567 1348 3630 κολάσεως
1380 3571 1538 3622 κατὰ·
1556 3572 1756 3634 παντὸς

173 3657 374 3723 γένους
430 3657 524 3709 καὶ
583 3656 799 3727 ἡλικίας
856 3660 1038 3726 πάσης
1094 3661 1384 3730 ἀποτόμως
1437 3663 1750 3728 ὃιαπειλῶν,

174 3750 282 3802 δάν
316 3751 362 3780 ’⁸
385 3765 470 3808 τις
509 3749 584 3816 μὴ
617 3749 695 3818 τῷ
731 3749 883 3814 καλῷ
915 3751 957 3780 ’⁷
990 3752 1222 3819 δόγματι
1265 3753 1588 3822 πειθόμενος
1619 3758 1666 3789 ³⁸
1697 3752 1752 3829 ᾗ,

178 3841 278 3892 καὶ
317 3840 464 3907 μάλα
497 3841 796 3910 προθύμως
827 3844 870 3873 ³³
917 3842 1094 3895 ἐκεῖνο
1136 3845 1566 3914 ὑποδεχόμενος,
1615 3847 1755 3900 ἀλλά

175 3931 293 3984 τῶν
325 3931 484 3984 θείων
513 3940 634 3986 τινα
667 3937 1038 4004 χαρακτήρων
1076 3938 1172 3987 καὶ
1207 3938 1369 4005 μέχρι
1399 3937 1560 4006 λόγου
1595 3939 1755 4009 ψιλοῦ

175 4027 352 4094 τιμᾷν
379 4027 424 4056 ³⁸
445 4025 691 4094 φαίνοιτο
719 4042 731 4054 ·
761 4026 950 4095 βαρεῖς
995 4027 1102 4098 γάρ
1133 4032 1226 4081 καὶ
1251 4031 1443 4083 ἄτοποι
1474 4031 1757 4099 κολασταὶ,

174 4122 276 4173 καλ⁵
326 4120 602 4192 μηδεμίαν
651 4124 982 4194 συγγνώμην
1012 4125 1224 4195 ἔχοντες
1254 4128 1303 4179 oi
1334 4127 1394 4179 1:6
1437 4131 1626 4198 ἄρχειν
1667 4127 1759 4183 λα-

175 4215 395 4284 χόντες,
426 4215 554 4268 ὃταν
583 4219 694 4278 τοῖς
725 4219 857 4284 παρ’
887 4218 1070 4268 αὐτῶν
1109 4220 1558 4288 διατεταγμένοις
1593 4221 1759 4275 ἀπει·

177 4305 386 4359 θοῦντά
441 4322 563 4356 τινα
621 4305 848 4366 λάϐωσι,
878 4306 969 4358 καὶ
1025 4306 1261 4374 μάλιστα
1307 4307 1402 4360 τοῦ
1449 4310 1757 4380 κελεύσμα-

173 4416 273 4466 τος
298 4403 381 4462 είς
413 4397 622 4450 πολλῶν
651 4398 920 4466 ωφέλειαν
946 4395 1088 4451 εἶναι
1118 4400 1759 4475 δοκοῦντος·όργίζονται

173 4488 353 4554 οὗτοι,
387 4492 446 4542 ού
481 4492 575 4544 τοῦ
616 4496 768 4561 κοινῇ
798 4493 1208 4554 λυσιτελοῦντος
1252 4496 1408 4548 αὐτοὶ
1448 4498 1758 4564 φροντίζον-

173 4601 297 4650 τες,
341 4583 459 4638 ἀλλ’
503 4585 641 4638 ίδίαν
676 4585 1020 4646 ἐκδικοῦντες
1053 4587 1396 4648 ἀλαζονείαν.
1426 4589 1523 4640 Διά
1557 4589 1759 4651 ταύτας

174 4678 317 4746 γοῦν
373 4680 472 4740 τὰς
522 4680 830 4745 ἀποτόμους
879 4680 972 4730 καὶ
1022 4678 1265 4747 χαλεπὰς
1316 4681 1545 4742 ἀπειλὰς
1579 4721 1592 4742 ,
1635 4683 1763 4751 ἐρή-

178 4791 322 4842 μους
376 4768 446 4840 ἦν
497 4772 614 4823 τότε
662 4771 761 4833 τὰς
811 4771 993 4833 πόλεις
1051 4773 1184 4841 ὁρᾷν
1227 4787 1240 4802 ⁶
1293 4774 1478 4837 πόλεις
1543 4775 1621 4837 δὲ,
1663 4776 1760 4838 τὰς

174 4867 452 4935 ἐρήμους,
487 4864 564 4933 τῷ
593 4863 786 4933 πλήθει
819 4865 927 4916 τῶν
963 4865 1041 4926 εἰς
1070 4867 1110 4897 ⁸³
1147 4865 1313 4926 αύτάς
1339 4867 1649 4932 φοιτώντων
1680 4883 1761 4932 γι-

174 4958 439 5024 νομένας.
474 4955 970 5025 Ἐστενοχωροῦντο
1015 4959 1231 5028 είρκταί
1271 4975 1284 4990 ο
1317 4960 1654 5030 ἐπληροῦντο
1693 4965 1759 5012 τα

172 5051 564 5119 δεσμωτήρια,
603 5051 664 5101 ου
701 5049 914 5118 ληστῶν
941 5050 1000 5104 οῦ
1035 5069 1125 5120 μοι
1151 5053 1217 5112 ³³.
1243 5054 1302 5104 ού
1336 5053 1662 5105 λωποδυτῶν
1693 5054 1758 5115 ³³,

172 5146 363 5208 ἄλλως
395 5147 487 5196 καὶ
522 5143 848 5212 κακούργων
870 5161 882 5173 ⁸
916 5145 1054 5198 ἀλλὰ
1093 5146 1372 5213 θεωφιλῶν
1417 5148 1626 5215 ἀνδρῶν
1665 5150 1757 5200 καὶ

163 5238 540 5306 φοϐουμένων
575 5239 664 5288 τὸν
706 5236 910 5305 Κύριον
945 5252 956 5264 ·
984 5231 1057 5289 ὧν
1104 5239 1158 5290 αἱ
1205 5239 1466 5308 πάννυχοι
1515 5239 1754 5302 στάσεις,

257 5499 302 5530 η
342 5496 683 5557 ἀρνήσασθαι
717 5495 777 5551 Β.

183 5655 305 5690 νειν
337 5621 540 5689 eadem.
571 5651 730 5689 manu
767 5633 826 5687 F.
906 5636 949 5667 ”
996 5621 1107 5698 τοῖς
1142 5637 1199 5689 Β.
1249 5637 1310 5690 C.
1338 5621 1416 5689 'l)’.
1451 5636 1509 5688 F.

182 5706 347 5773 κακῷ
377 5723 442 5757 ex
475 5706 853 5764 correCtioue;
892 5705 1041 5773 prius
1072 5716 1190 5759 erat
1235 5707 1310 5774 τῷ
1355 5705 1506 5774 καλῷ
1556 5704 1619 5759 C.

185 5760 402 5828 otttisso
437 5777 615 5828 ικεῖνο
645 5776 706 5829 (ἶ.
786 5760 1038 5836 ⁸οτιμῶν
1076 5777 1131 5827 Β.
1166 5777 1225 5830 C.
1275 5761 1335 5830 1).
1390 5760 1638 5842 φαίνοιτο
1685 5760 2053 5826 θανατοῦσθαι
2087 5760 2158 5825 li.

188 5846 252 5902 Β.
281 5843 345 5900 C.
379 5844 441 5896 D.
487 5843 546 5894 Ε.

627 5847 668 5876 ³³
707 5843 860 5898 τινῶν
897 5843 954 5896 Γ.

859 5498 902 5529 ¹⁹
932 5495 1340 5548 ἐμπεδωθεῖσαν
1397 5496 1460 5548 C.
1521 5497 1578 5548 D.
1631 5495 1692 5548 Ε.
1750 5493 1786 5546 1³

259 5514 302 5530 ··
342 5514 683 5562 αονησασυαι
720 5514 777 5551 υ.
861 5514 902 5529 η
932 5514 1340 5564 εμπεοωυεισαν
1397 5514 1460 5554 ιλ.
1522 5514 1578 5548 υ.
1632 5514 1692 5548 tu.
1751 5536 1752 5545 η

182 5569 244 5620 F.
330 5569 374 5598 “
407 5570 626 5636 οἴδαμεν
656 5565 713 5617 Β.
752 5567 811 5616 (ἶ.
846 5565 906 5618 ι).
939 5565 996 5619 Ε.
1032 5567 1143 5632 εἴγε
1173 5595 1239 5605 -
1293 5569 1649 5635 πρωτιτυπον
1688 5566 1752 5617 oi?

183 5655 305 5686 νειν
337 5637 527 5686 eadem
571 5651 730 5686 manu
767 5633 826 5686 F.
906 5636 949 5667 ”
996 5639 1107 5686 τοῖς
1142 5637 1199 5686 Β.
1249 5637 1310 5686 (Σ.
1359 5636 1416 5686 ι).
1451 5636 1509 5686 F.
1591 5637 1636 5668 ³³
1664 5636 1752 5686 ἀπε

1911 5514 2224 5560 ”κιεματα
2265 5514 2323 5544 υ.
2381 5514 2441 5545 Β.
2541 5514 2678 5553 ·“οη
2716 5514 2868 5542 υ.ιη
2902 5514 3035 5539 υ.ιν

1860 5581 1898 5618 ει
1947 5565 2060 5618 haec
2090 5566 2144 5616 in
2186 5566 2428 5630 margine
2464 5575 2624 5613 manu
2654 5557 2946 5612 recentiori
2981 5556 3040 5610 Γ.

1860 5651 1882 5686 ς
1923 5631 1954 5684 F
2113 5632 2158 5663 "
2193 5633 2242 5681 εἴ
2275 5647 2357 5686 τις
2387 5630 2449 5682 C.
2560 5630 2607 5659 "
2641 5629 2716 5686 τῷ
2750 5625 2922 5686 καινῷ
2967 5628 3040 5680 δότ

1705 5651 1882 5686 πασηε

1705 5651 1882 5701 πασης
1923 5651 1948 5684 ι·
2115 5651 2158 5663 ’⁷
2193 5651 2239 5681 ει
2275 5651 2357 5693 τις
2387 5651 2444 5682 ιι.

1697 5707 1742 5736 ⁸³⁵
1785 5703 2128 5769 πειθόμενος.
2169 5702 2200 5771 ἢ
2237 5703 2330 5771 καλ
2386 5700 2444 5752 Ι).

1840 623 2213 680 dimcillimum
2240 629 2571 696 persuadere
2595 629 2944 695 Christianis,
2975 638 3033 685 ut
3058 643 3316 701 negareut
3347 633 3428 686 di-

1840 718 2021 772 vinam
2056 717 2258 774 Christi
2290 721 2472 775 carnis
2504 723 2929 791 susceptionem.
2964 737 3084 792 qua:
3116 724 3227 792 jam
3260 722 3424 793 longo

1845 824 2087 881 tempore
2118 815 2260 884 apud
2295 831 2388 871 eos
2418 828 2533 871 erat
2565 819 2717 871 firma
2753 832 2814 870 ac
2840 817 3070 879 stabilis,
3103 827 3177 880 et.
3213 827 3270 871 ut
3295 817 3427 872 dicit

1844 905 2060 962 divinus
2089 908 2279 972 David,
2312 911 2630 964 extenderat
2659 910 2874 980 quidem
2906 925 3032 966 suos
3068 910 3316 979 palmites
3336 927 3429 964 us-

1844 1014 1950 1068 que
2005 1002 2069 1056 ad
2121 1016 2298 1065 mare,
2353 1011 2407 1056 et
2446 1018 2618 1071 usque
2668 1005 2733 1055 ad
2785 1003 3005 1056 ﬂumina
3053 1002 3422 1072 propagines:

1846 1092 2037 1146 umbra
2068 1103 2244 1146 autem
2301 1109 2395 1149 sua
2433 1095 2643 1163 tegebat
2675 1106 2908 1152 montes.
2943 1109 2995 1149 et
3041 1097 3275 1148 arbUstis
3308 1093 3423 1148 suis

1845 1184 2040 1238 cedros
2090 1184 2184 1240 Dei
2219 1203 2232 1239 :
2265 1195 2516 1254 tanquam
2565 1187 2712 1240 ferus
2749 1203 2879 1253 aper
2906 1201 2934 1237 e
2964 1187 3095 1240 silva
3119 1227 3132 1247 .
3161 1201 3277 1238 eam
3323 1186 3427 1238 alio

1847 1278 2008 1332 modo
2034 1287 2264 1332 conatur
2288 1279 2534 1348 perdere,
2565 1279 2654 1348 qui
2691 1277 3081 1347 propemodum
3129 1277 3335 1330 ferebat
3359 1276 3423 1330 ad

1848 1367 1990 1422 idem
2030 1369 2288 1424 damnqu
2350 1389 2364 1425 :
2418 1381 2471 1424 et
2522 1387 2618 1438 per
2665 1369 3008 1438 negationem
3049 1369 3423 1420 venerandum

1850 1457 2146 1528 imaginqu
2181 1461 2408 1515 molitur
2445 1462 2704 1514 inducere
2739 1462 3086 1528 negationem
3117 1461 3298 1516 carnis
3333 1475 3423 1514 su-

1850 1561 2047 1619 sceptae
2080 1553 2420 1606 (nconomiae.
2475 1553 2753 1616 Siquidem
2805 1570 2923 1623 quae
2977 1565 3104 1608 sunt
3153 1555 3422 1624 imaginis.

1852 1643 2054 1697 scimus
2083 1644 2311 1697 transire
2341 1643 2403 1698 ad
2441 1647 2720 1713 exemplar
2745 1647 3112 1714 primarium.

1927 1829 2012 1886 IV.
2060 1832 2243 1901 itaque
2291 1833 2490 1887 sensim
2544 1847 2668 1886 eum
2728 1831 2969 1894 subiens,
3019 1832 3106 1887 cui
3160 1833 3424 1902 obtigerat

1849 1921 2160 1990 imperium,
2199 1923 2524 1989 improbum.
2575 1925 2813 1992 inquam,
2848 1933 2899 1977 et
2948 1921 3242 1976 infaustum
3275 1923 3422 1979 Con-

1847 2014 2166 2073 stantinum.
2192 2015 2245 2066 in
2278 2014 2590 2084 religionem
2623 2032 2780 2071 secus
2809 2014 3078 2077 allectum,
3103 2031 3265 2083 quam
3285 2017 3425 2070 Con-

1848 2107 2120 2159 stantinus
2153 2106 2239 2160 ille
2273 2107 2362 2175 qui
2407 2107 2505 2160 fuit
2534 2108 2774 2175 ejusdem
2827 2107 3080 2165 nominis.
3114 2117 3164 2160 et
3215 2108 3423 2174 primus

1850 2193 2120 2263 plantator
2143 2193 2376 2263 pietatis.
2404 2195 2450 2248 ei
2489 2196 2800 2264 persuadet.
2833 2196 2984 2249 nefas
3015 2211 3135 2250 esse
3161 2195 3424 2250 Christia-

1851 2287 1956 2348 nis,
1986 2286 2146 2350 etiis,
2179 2287 2272 2356 qui
2309 2296 2438 2342 sunt
2478 2289 2579 2342 sub
2628 2289 2748 2358 ejus
2795 2289 3046 2358 imperio.
3089 2305 3214 2343 vere
3245 2305 3425 2343 sacras

1854 2378 2121 2434 honorare
2154 2380 2436 2451 imagines.
2480 2380 2632 2446 Quod
2690 2383 2904 2450 quidem
2953 2382 3041 2434 ille
3082 2383 3192 2436 ﬁeri
3243 2383 3427 2452 prohi-

1852 2471 2378 2534 buil,existimando
2421 2484 2473 2528 et
2518 2474 2749 2526 dicendo
2795 2473 2895 2526 boc
2947 2475 3161 2540 gentilis
3191 2489 3310 2527 esse.
3335 2491 3427 2532 su-

1851 2561 2206 2628 perstitionis,
2246 2564 2385 2614 male
2405 2563 2646 2631 proiecto
2681 2563 3009 2632 intelligens.
3044 2576 3091 2616 et
3126 2563 3426 2630 periculose

1851 2653 2138 2706 admodum
2176 2665 2228 2706 et
2272 2655 2589 2722 insipienter
2621 2655 2715 2717 (id.
2763 2657 2905 2723 quod
2945 2656 3140 2706 dicitur
3174 2672 3201 2708 a
3237 2658 3432 2708 veteri-

1854 2746 1976 2816 bus)
2010 2746 2244 2800 misceus
2293 2763 2375 2807 ea.
2411 2762 2530 2815 qua
2585 2747 2799 2801 misceri
2857 2762 2961 2801 non
3011 2754 3258 2816 possunt.
3295 2747 3429 2802 Nam

1853 2853 2085 2906 quorum
2116 2839 2350 2908 primum
2392 2838 2611 2908 quidem
2641 2840 2920 2906 exemplar
2949 2848 3032 2892 est
3063 2839 3312 2907 impium.
3340 2853 3434 2891 eo-

1855 2946 1973 2983 rum
2007 2947 2220 2999 quoque
2259 2932 2422 3000 figura
2457 2943 2534 2984 est
2562 2945 2714 2999 teque
2751 2932 2974 3000 profana
3012 2933 3093 2994 iis.
3126 2932 3218 2998 qui
3247 2931 3434 2986 volunt

1854 3034 1974 3074 esse
1998 3020 2090 3088 pii.
2124 3018 2365 3083 Quorum
2399 3033 2577 3073 autem
2614 3023 2742 3074 illud
2783 3033 2862 3075 est
2889 3024 3224 3076 adorandum
3257 3034 3309 3076 et
3345 3040 3434 3078 ve-

1855 3108 2179 3167 nerandum.
2199 3124 2384 3162 eorum
2405 3123 2619 3178 quoque
2643 3110 2818 3180 imago
2843 3124 3246 3181 consequenter
3268 3112 3430 3182 digna

1782 3189 1827 3249 C
1861 3212 1942 3254 est
1964 3201 2109 3255 omni
2144 3201 2372 3256 honore.

1931 3293 1992 3344 ν.
2025 3293 2112 3346 Sic
2135 3309 2264 3362 ergo
2306 3294 2422 3360 ipse
2456 3294 2648 3348 doctus
2692 3309 2721 3346 a
2758 3295 2989 3362 maligno
3038 3294 3250 3362 spiritu,
3275 3296 3433 3362 jussit

1861 3401 1956 3456 per
1989 3402 2203 3440 omnem
2252 3393 2471 3448 terram,
2503 3401 2622 3454 qua:
2670 3396 2750 3439 est
2795 3385 2894 3439 sub
2939 3387 3078 3440 cuelo
3113 3389 3430 3455 procedere.

1860 3490 1915 3536 et
1936 3480 2002 3535 ad
2041 3491 2311 3534 extremos
2345 3479 2479 3533 ﬁnes
2515 3480 2745 3534 transire
2774 3479 3009 3531 alienum
3038 3481 3137 3533 hoc
3169 3480 3427 3542 edictum,

1862 3588 2023 3627 omne
2072 3588 2242 3641 genus
2271 3571 2519 3640 supplicii
2561 3571 2704 3624 omni
2742 3570 2925 3640 generi
2968 3580 3022 3622 et
3062 3570 3205 3622 atati
3238 3584 3432 3637 aspere

1863 3664 2140 3723 minitans.
2172 3664 2212 3715 si
2251 3664 2371 3730 quis
2415 3679 2515 3715 suo
2565 3665 2783 3716 decreto
2814 3679 2919 3715 non
2975 3670 3210 3729 pareret.
3248 3676 3432 3730 prom-

1863 3763 2062 3824 ptoque
2096 3760 2150 3807 et
2178 3753 2342 3808 alacri
2391 3755 2572 3812 animo
2615 3753 2742 3806 illud
2805 3769 2913 3806 non
2969 3753 3244 3821 exciperet
3280 3770 3290 3803 :
3327 3755 3434 3806 itno

1863 3846 1907 3898 si
1945 3846 2181 3898 divinam
2227 3846 2462 3910 aliquam
2521 3846 2744 3912 liguram
2795 3844 2875 3897 vel
2925 3843 3253 3897 verbotenus
3286 3842 3436 3897 vide-

1865 3944 2014 3991 retur
2061 3936 2347 4001 holnorare.
2395 3933 2642 3989 Graviter
2698 3950 2824 3988 vero
2871 3945 2924 3988 et
2970 3936 3282 3989 immaniter
3334 3952 3436 4003 pu-

1865 4030 2048 4092 niunt,
2087 4037 2140 4081 et
2168 4027 2370 4080 nullam
2431 4027 2562 4082 dant
2606 4028 2820 4080 veniam
2869 4027 2924 4091 ii,
2988 4028 3186 4092 quibus
3241 4027 3437 4094 obtigit

1866 4123 2178 4191 imperium.
2215 4122 2435 4191 quando
2475 4123 2559 4182 iis.
2595 4139 2716 4192 qua
2761 4124 2828 4177 ab
2877 4123 3007 4192 ipsis
3054 4132 3181 4176 sunt
3231 4124 3440 4178 consti-

1867 4223 2006 4276 tuta,
2071 4229 2180 4269 non
2243 4215 2590 4269 obedientem
2640 4216 2874 4282 aliquem
2935 4215 3268 4282 acceperint.
3311 4231 3435 4269 cum

1867 4309 2170 4376 praesertim
2215 4309 2465 4361 videatur
2496 4305 2684 4374 jussus
2719 4305 2990 4374 pertinere
3023 4306 3086 4356 ad
3136 4306 3433 4357 multorum

1867 4401 2181 4455 utilitatem.
2240 4399 2559 4452 Irascuntur
2619 4407 2825 4460 autem,
2887 4413 3000 4451 non
3055 4396 3104 4450 id
3177 4408 3436 4451 curantes

1867 4495 2010 4562 quod
2042 4492 2257 4562 publice
2285 4491 2561 4551 conducit.
2607 4490 2699 4543 sed
2751 4505 2903 4543 suam
2964 4490 3245 4554 explentes
3281 4503 3436 4540 arro-

1866 4587 2122 4656 gantiam.
2156 4585 2384 4650 Propter
2416 4583 2513 4634 has
2546 4582 2675 4649 ergo
2709 4594 2931 4647 asperas
2952 4588 3004 4632 et
3037 4593 3207 4631 stevas
3238 4579 3432 4642 uti-nas,

1866 4679 2066 4732 licebat
2107 4685 2236 4730 tunc
2267 4677 2452 4729 videre
2480 4673 2726 4726 civitates
2765 4670 2988 4725 eiTectas
3018 4670 3072 4723 in
3120 4667 3434 4723 solitudini-

1868 4773 1968 4826 bus
2004 4790 2015 4825 :
2053 4787 2172 4824 esse
2205 4781 2386 4823 autem
2434 4770 2594 4839 plane
2638 4771 2883 4819 desertas
2916 4763 3163 4817 cititates
3216 4769 3438 4828 propter

1868 4864 2268 4918 multitudinem
2309 4875 2525 4922 eorum,
2567 4860 2658 4928 qui
2686 4859 2750 4909 ad
2782 4871 2874 4910 cas
2923 4853 3209 4908 veuiebant
3243 4851 3434 4904 solitu-

1867 4960 2045 5014 dines.
2087 4957 2254 5010 Nimis
2281 4967 2440 5009 arcta!
2493 4953 2858 5007 reddebantur
2907 4947 3162 5002 custodite
3207 4963 3220 4995 :
3256 4943 3436 5011 reple-

1868 5059 2066 5110 bantur
2099 5067 2372 5112 carceres,
2405 5065 2512 5102 non
2560 5046 2883 5100 latronibus.
2917 5041 3053 5110 prob
3107 5039 3280 5098 dolor.
3325 5051 3433 5089 non

1865 5145 2278 5214 expilatoribus.
2323 5151 2416 5196 aut
2451 5141 2573 5194 aliis
2625 5136 2894 5207 ejusmodi
2958 5132 3215 5187 ntalelicis
3257 5128 3432 5183 homi-

1868 5240 2026 5293 nibus
2065 5254 2077 5288 :
2113 5237 2205 5290 sed
2241 5236 2370 5289 viris
2413 5235 2515 5302 piis
2565 5247 2626 5284 ac
2688 5227 2977 5298 religiosis,
3033 5235 3086 5279 et
3143 5224 3429 5280 Dominum

1909 5495 1950 5524 ’°
1984 5494 2224 5560 κλίματα
2263 5491 2323 5544 Β.
2379 5492 2441 5545 Ε.
2539 5491 2579 5520 ³¹
2617 5489 2678 5553 δὴ
2713 5490 2772 5540 Β.
2805 5487 2868 5542 (Ἴ.
2901 5485 2958 5539 D.
2996 5484 3056 5537 Ε.
3097 5511 3168 5522 ·-
3206 5484 3288 5538 δεῖ
3315 5500 3429 5540 om.

1947 5565 2059 5605 Imm
2091 5566 2144 5605 in
2186 5566 2428 5605 nmminn
2464 5575 2624 5605 manu
2654 5557 2946 5605 recentiori
2981 5556 3040 5605 F.
3139 5555 3184 5586 ⁸³
3217 5555 3429 5605 διαϐαί-

2560 5575 2624 5611 ηιι
2654 5557 2946 5612 recentiori
2981 5556 3040 5610 Γ.
3139 5555 3184 5586 ³³
3217 5555 3435 5607 διαϐαίο

2560 5630 2607 5659 "
2641 5629 2716 5696 τῷ
2750 5625 2922 5694 καινῴ
2967 5628 3202 5696 δόγματι
3252 5624 3313 5679 ιι.
3353 5625 3432 5692 τῷ

2557 5701 2602 5730 ιο
2653 5698 2954 5763 προθύμως
3018 5695 3427 5763 ἀποδεχόμενος

2457 5773 2492 5803 ⁸⁸
2547 5771 2620 5831 ὡς
2655 5768 2712 5821 Β.
2751 5769 2810 5820 (ἱ.
2848 5767 2908 5822 0.
2946 5767 3004 5820 Ε.
3037 5764 3098 5819 Ρ.
3205 5768 3246 5796 ³⁸
3278 5763 3424 5831 οἶμοι

2113 5632 2158 5663 ³⁸
2193 5633 2357 5693 εἴτις
2387 5630 2449 5682 C.

2213 5772 2250 5823 ι’]
2316 5770 2372 5823 Ι⁴’.
