3968 6442
579 384 713 449 1135

1858 388 2139 450 MENSIS
2180 388 2544 451 OCTOBER.

3701 400 3828 467 1136

571 498 952 559 manifestans.
1012 509 1063 553 et
1125 499 1319 555 fascias
1380 516 1440 553 ac
1509 510 1773 570 pastores,
1850 500 2134 571 gaudiiqne

2248 499 2500 571 κείμενον
2530 504 2596 573 τῆ
2636 503 2815 575 φάτνῃ
2859 504 3241 575 παραδειχνός,
3266 507 3359 559 καὶ
3391 510 3717 577 σπάργανα,
3743 517 3828 563 καὶ

571 606 847 660 przecones
898 592 1119 662 angelos
1175 592 1510 647 deseribens.
1567 592 1665 648 Hic
1734 595 2032 648 sententias
2078 610 2141 649 ac

571 684 844 738 doctrinas
867 699 1086 737 omnem
1128 694 1361 739 mentem
1410 685 1761 747 excedentes,
1824 688 1937 740 veri
1979 688 2139 740 simul

569 790 630 828 ac
690 776 903 829 honesti
968 792 1152 830 amore
1229 777 1621 841 manifestavit,
1675 794 1854 832 rerum
1921 780 2137 833 veritati

569 884 880 922 sermonum
917 870 1307 937 ingenuitatem
1348 870 1743 933 commiscens,
1793 880 1851 924 ut
1896 880 1949 925 et
1985 887 2140 925 meu-

570 960 639 1013 tis
682 962 837 1013 simul
881 977 944 1016 ac
992 962 1186 1030 linguae
1237 962 1487 1015 virtutem
1542 962 1611 1016 ob
1645 964 1830 1017 oculos
1887 975 2137 1031 poneret.

567 1051 623 1106 In
658 1053 929 1122 parabolis
959 1069 1177 1123 quoque
1219 1054 1498 1109 doctrinas
1556 1056 1823 1111 salutares
1884 1058 2138 1120 retexuit,

569 1142 622 1197 in
685 1146 788 1199 hoc
830 1145 992 1199 etiam
1045 1150 1317 1214 copiosior
1364 1149 1597 1202 casteria.
1666 1150 1841 1216 thue
1904 1148 2141 1203 breviter

568 1238 766 1297 dicam,
803 1238 1261 1307 quemadmodum
1297 1237 1455 1291 Verbi
1487 1240 1811 1293 descensum
1841 1240 1891 1293 in
1940 1250 2138 1295 terram

565 1329 800 1385 dilucide
837 1331 1284 1400 cognoscendum
1318 1331 1489 1392 dedit.
1530 1333 1602 1386 ita
1640 1341 1694 1385 et
1731 1347 2017 1387 ascensum
2083 1333 2135 1385 in

565 1421 751 1483 caelos,
811 1430 866 1475 et
910 1421 1145 1474 reditum
1205 1422 1269 1475 ad
1321 1422 1579 1477 thronum
1641 1434 1950 1491 paternum,
1998 1426 2140 1479 sicut

564 1511 831 1582 quispiam
860 1527 889 1565 e
916 1512 1054 1565 emlo
1088 1513 1333 1578 veniens,
1370 1513 1753 1567 manifestavit.
1793 1514 1905 1568 Hoc
1945 1526 2128 1569 autem

566 1605 707 1657 inter
735 1614 930 1658 caetera
959 1604 1319 1675 gratissimum
1348 1616 1431 1659 est
1473 1605 1617 1674 quod
1678 1605 1855 1673 ipsum
1920 1621 2136 1675 quoque

566 1706 749 1767 typum
817 1707 1107 1765 assumpta
1179 1698 1533 1752 humanitatis
1615 1696 1819 1751 Christi
1883 1700 2011 1764 mei,
2076 1717 2139 1756 ac

564 1787 778 1857 signum
810 1787 927 1856 ejus
995 1803 1115 1856 quae
1156 1787 1308 1841 illum
1362 1798 1649 1856 pepererat
1708 1796 1762 1840 et
1797 1798 2133 1859 assumptam

2246 595 2538 663 ποιμένας,
2571 598 2820 659 καὶτοὺς
2866 600 2964 667 τῆς
3018 601 3194 668 χαρᾶς
3249 601 3501 669 κήρυκας
3560 603 3823 666 ἀγγέλους

2245 690 2692 758 συνεπιγράφων.
2736 682 2905 753 Οὗτος
2944 692 3043 753 τὰς
3088 694 3269 744 πάντα
3323 693 3449 745 νοῦν
3488 695 3825 763 ὑπερϐαλλο-

2247 778 2416 847 μένας
2454 780 2907 848 παραδοξοποιίας
2937 782 3245 852 φιλαληθῶς
3277 801 3334 835 τε
3374 785 3513 852 ὁμοῦ
3552 789 3650 838 καὶ
3680 788 3822 855 φιλο-

2244 871 2424 933 κάλως
2456 872 2709 941 ἐδήλωσε,
2756 876 3093 941 πραγμάτων
3156 875 3385 945 ἀληθεία
3444 876 3626 943 λόγων
3681 878 3825 945 εὐγέ-

2243 977 2391 1012 νειαν
2416 962 2780 1030 συγκεράσας,
2810 962 2898 1014 ἵνα
2934 963 3027 1015 καὶ
3056 964 3280 1033 γνώμης
3308 966 3422 1033 ἅμα
3455 968 3550 1018 καὶ
3584 968 3823 1037 γλώττης

2243 1052 2445 1121 ἀρετὴν
2496 1055 2845 1123 παραστήσῃ.
2880 1054 2966 1105 Ἑν
3017 1056 3353 1122 παραῦολαῖς
3384 1074 3441 1109 τε
3475 1058 3822 1119 διδασκαλίας

2245 1143 2635 1211 σωτηριώδεις,
2696 1146 2799 1197 κάν
2859 1144 3034 1215 τούτῳ
3090 1146 3198 1197 τῶν
3228 1146 3402 1200 ἄλλων
3461 1151 3817 1215 πλεονεκτῶν,

2244 1232 2567 1302 ἐξυφήνατο.
2625 1235 2734 1287 Καὶ
2808 1236 3102 1289 συνελόντα
3168 1242 3373 1305 φάναι,
3434 1242 3695 1310 καθάπερ
3735 1244 3823 1312 τὴν

2242 1323 2333 1375 hri.
2384 1323 2488 1393 γῆς
2550 1324 2773 1378 κάθοδον
2818 1327 2912 1379 τοῦ
2969 1328 3145 1395 Λόγου
3204 1333 3419 1400 τρανῶς
3490 1332 3819 1403 ἐγνώρισεν,

2242 1414 2387 1467 οὕτω
2433 1417 2529 1469 καὶ
2579 1418 2677 1485 τὴν
2738 1421 2817 1481 εἰς
2864 1420 3123 1487 οὐρανὸν,
3165 1421 3353 1475 ἄνοδον
3414 1425 3513 1477 καὶ
3562 1426 3702 1494 πρὸς
3739 1426 3823 1477 τὸν

2243 1506 2497 1575 πατρῷον
2552 1507 2741 1576 θρόνον
2800 1510 3078 1575 ἐπάνοδον,
3133 1509 3221 1565 οἷά
3252 1532 3335 1577 τις
3376 1517 3531 1585 ἥκων
3568 1518 3629 1581 ἐξ
3664 1520 3821 1589 ούρα-

2243 1598 2335 1651 νοῦ
2410 1599 2765 1668 διεσάφησεν.
2825 1601 2889 1652 Ὃ
2937 1602 2991 1655 δὲ
3048 1603 3157 1655 τῶν
3219 1606 3395 1658 ἄλλων
3448 1610 3573 1661 ἐστί
3650 1612 3826 1680 χαριέ-

2243 1694 2562 1752 στατον,δτι
2599 1692 2690 1744 καὶ
2722 1693 2888 1747 αὐτὸν
2934 1694 3027 1747 τὸν
3084 1695 3180 1749 τοῦ
3232 1698 3677 1769 προσλήμματος
3732 1705 3819 1755 τοῦ

2244 1783 2379 1847 ἐμοῦ
2411 1783 2647 1853 Χριστοῦ
2680 1784 2875 1845 τύπον,
2911 1789 3003 1840 τόν
3058 1804 3119 1840 τε
3176 1788 3274 1857 τῆς
3330 1791 3500 1844 αὑτὸν
3559 1795 3820 1864 τεκούσης

564 1880 960 1933 humanitatem
993 1881 1242 1938 dederat.
1277 1881 1485 1947 primus
1537 1879 1625 1933 hic
1682 1895 1805 1934 cera
1854 1897 1917 1936 ac
1966 1882 2134 1936 linea-

2246 1874 2338 1925 καὶ
2372 1874 2564 1943 δούσης
2594 1875 2653 1926 τὸ
2683 1875 3025 1945 πρόσλημμα
3054 1880 3405 1949 χαρακτῆρα,
3459 1884 3685 1947 πρώῑος
3733 1880 3821 1937 οῦ-

563 1969 763 2024 mentis
826 1970 1082 2039 tingens.
1141 1979 1197 2023 ut
1239 1970 1303 2023 ad
1363 1970 1476 2023 hzee
1538 1985 1709 2038 usque
1758 1981 2041 2040 tempora,
2079 1972 2133 2025 in

564 2059 797 2130 imagine
838 2060 1252 2121 honorarentur,
1285 2060 1790 2130 tradidittanquam
1832 2077 1940 2117 non
2003 2064 2137 2117 satis

562 2164 679 2204 esst:
709 2150 1054 2215 existimans,
1088 2151 1192 2203 nisi
1224 2152 1387 2204 etiam
1416 2168 1512 2220 per
1533 2146 1830 2223 imaginem
1853 2170 1916 2208 ac
1950 2162 2133 2225 typum

563 2250 877 2294 versaretur
904 2255 1028 2293 cum
1064 2242 1146 2295 his
1177 2256 1313 2310 quos
1339 2241 1696 2307 desiderabat,
1734 2247 1879 2314 quod
1916 2245 2134 2301 ferven-

563 2333 759 2388 tissimi
792 2334 994 2388 amoris
1020 2334 1236 2404 signum
1273 2344 1376 2389 est.
1424 2334 1609 2404 Neque
1641 2338 1691 2391 id
1729 2338 1927 2403 solum,
1958 2340 2050 2393 sed
2082 2349 2136 2393 et

563 2425 818 2480 fidelibus
857 2426 1110 2479 omnibus
1140 2426 1451 2494 Christique
1475 2428 1811 2483 amatoribus
1845 2430 1960 2484 hac
2015 2447 2135 2500 quae

562 2518 796 2573 maxima
828 2527 985 2573 erant
1008 2519 1243 2590 gratiose
1277 2520 1519 2575 donavit.

638 2610 741 2666 νη.
794 2613 864 2666 At
893 2628 1002 2667 non
1035 2614 1088 2667 in
1132 2613 1215 2668 his
1254 2615 1383 2668 solis
1422 2613 1598 2669 Lucas
1638 2616 1864 2686 gratiam
1895 2616 2136 2687 Spiritus

560 2718 680 2773 quae
703 2705 755 2757 in
778 2720 836 2757 se
850 2714 965 2759 erat
982 2706 1294 2770 coarctavit,
1317 2722 1491 2774 neque
1510 2708 1573 2760 ad
1593 2708 1765 2761 solum
1786 2709 2133 2780 Evangelium

564 2796 650 2848 hic
680 2795 1087 2849 ministrantem
1113 2793 1301 2848 habuit
1351 2794 1605 2865 linguam,
1662 2796 1759 2850 sed
1810 2806 1931 2865 post
1973 2797 2132 2851 linem

563 2886 945 2940 miraculorum
987 2886 1214 2950 Christi,
1266 2886 1428 2940 etiam
1492 2889 1865 2956 apostolorum
1910 2889 2135 2957 exponit

561 2978 808 3032 actiones
838 2996 852 3045 ;
882 2988 933 3031 et
969 2981 1202 3046 primum
1235 2978 1471 3031 divinam
1506 2977 1805 3033 Salvatoris
1850 2982 1903 3033 in
1936 2981 2132 3034 caelum

562 3073 997 3139 assumptionem
1038 3086 1050 3122 :
1081 3070 1277 3123 deinde
1306 3084 1469 3139 super
1504 3069 1650 3139 ipsos
1677 3072 1729 3123 in
1767 3071 1907 3139 ignis
1935 3072 2134 3142 linguis

563 3164 799 3233 Spiritus
832 3163 1158 3218 descensum
1194 3163 1438 3217 fdehinc
1485 3164 1558 3218 ita
1604 3163 1863 3233 Stephani
1926 3166 2133 3235 lapida-

563 3258 791 3322 tionem,
818 3255 969 3310 Pauli
996 3257 1434 3319 conversionem,
1476 3272 1672 3324 nempe
1712 3273 1806 3325 per
1855 3258 2133 3311 Christum
2161 3228 2205 3289 Ο

561 3352 758 3403 factam
790 3349 857 3402 de
890 3347 1045 3403 caelis
1074 3348 1434 3408 vocationem,
1472 3357 1527 3401 et
1565 3348 1849 3402 transitum
1884 3365 1911 3400 a
1959 3350 2133 3401 littera

558 3440 624 3493 ad
668 3439 919 3508 spiritum
958 3458 970 3491 :
1001 3439 1161 3505 hujus
1193 3438 1247 3491 in
1282 3439 1507 3507 singulis
1540 3440 1674 3494 locis
1710 3440 1920 3493 vincula
1945 3480 1960 3505 ,
2020 3456 2136 3494 car-

558 3546 734 3594 ceres,
770 3531 971 3599 plagas,
1007 3529 1420 3597 ﬂagellationes,
1467 3533 1647 3586 varias
1697 3532 1940 3601 gentium
2004 3532 2135 3584 insi-

558 3625 704 3690 dias;
734 3624 1008 3693 quomodo
1039 3623 1106 3676 ab
1140 3623 1524 3692 Hierosolymis
1560 3623 1781 3675 Romam
1809 3624 2133 3691 pervenerit,

559 3718 774 3770 labores
806 3716 860 3769 in
896 3715 1054 3777 mari,
1084 3712 1426 3776 alllictiones,
1466 3714 1726 3784 pericula,
1773 3716 2132 3778 calamitates,

558 3804 886 3874 naufragia:
916 3819 1150 3872 quorum
1191 3819 1300 3855 non
1343 3784 1619 3871 spectator
1662 3815 1892 3867 tantum,
1938 3808 2032 3859 sed
2082 3815 2135 3859 et

559 3896 831 3965 particeps
868 3893 1087 3948 fuerat:
1120 3902 1282 3962 atque
1330 3892 1399 3947 ob
1434 3892 1484 3947 id
1524 3893 1755 3963 diligens
1813 3906 1895 3950 est
1940 3896 2132 3949 horum

555 3997 867 4042 enarrator.
904 3986 1007 4040 Sed
1034 3985 1201 4041 Paulo
1230 3984 1451 4054 quidem
1493 3983 1678 4039 Romae
1734 3988 1945 4051 relicto,
2010 4004 2132 4041 rur-

556 4097 676 4135 sum
727 4082 813 4135 bic
842 4081 909 4134 ad
944 4078 1225 4134 Orientem
1272 4079 1525 4143 discedit,
1591 4087 1863 4148 totamque
1914 4080 2131 4149 Libyam

557 4186 890 4241 percurrens
922 4172 975 4223 in
1003 4168 1296 4240 Egyptum
1329 4169 1580 4237 pervenit
1613 4189 1624 4223 :
1653 4178 1850 4223 etcum
1884 4172 2132 4240 superio-

558 4279 672 4317 rem
704 4262 979 4317 Thebaida
1005 4262 1145 4315 iutra
1178 4276 1330 4315 suam
1360 4260 1668 4315 doctrinam
1712 4262 2027 4329 recepisset,
2072 4279 2133 4319 ac

557 4356 624 4409 ad
664 4353 982 4425 Magistrum
1011 4368 1108 4423 per
1144 4352 1496 4423 Evangeliutn
1540 4352 1876 4420 adduxisset,
1915 4354 2108 4410 inferio

557 4463 671 4501 rem
697 4445 974 4500 Thebaida
1002 4456 1210 4513 septem
1234 4456 1515 4513 portarum
1568 4446 1843 4501 civitatem
1900 4449 2128 4514 accedit,

2244 1981 2334 2027 τος
2365 1964 2521 2034 κηρῷ
2563 1966 2656 2018 καὶ
2696 1965 2953 2034 χρώμασι
2999 1968 3197 2037 βάψας,
3248 1972 3304 2022 ὲν
3337 1972 3510 2024 εικόνι
3565 1978 3822 2044 τιμᾶσθαι

2246 2058 2410 2128 μέχρι
2439 2060 2529 2111 καὶ
2551 2056 2644 2110 νῦν
2670 2059 3074 2128 παραδέδωκεν,
3094 2060 3283 2132 ὥσπερ
3316 2064 3417 2115 οὐκ
3443 2065 3650 2133 ἀρκοῦν
3690 2064 3822 2121 εἶναι

2246 2150 2503 2218 νομίζων,
2532 2152 2577 2202 εί
2615 2150 2691 2219 μὴ
2734 2153 2828 2203 καὶ
2859 2150 2925 2204 δι’
2955 2152 3165 2215 εἰκόνος
3208 2156 3300 2207 καὶ
3334 2156 3514 2209 τύπου
3561 2160 3821 2228 ἐντυγχά-

2245 2257 2324 2293 νει
2362 2243 2475 2303 τοῖς
2505 2242 2886 2313 ποθουμένοις,
2914 2243 3052 2313 ὅπερ
3093 2246 3275 2312 φιλίας
3312 2246 3666 2319 θερμοτάτης
3714 2255 3822 2303 ἐστὶ

2243 2336 2544 2405 τεκμήριον
2580 2352 2593 2364 ·
2621 2336 2679 2389 ού
2711 2336 2870 2405 μόνον
2895 2336 2973 2397 δὲ,
3008 2336 3143 2389 ἀλλὰ
3190 2340 3280 2390 καὶ
3316 2344 3532 2404 πιστοῖς
3567 2345 3701 2396 πᾶσι
3733 2344 3823 2396 καὶ

2244 2425 2615 2495 φιλοχρίστοις
2646 2427 2716 2478 τά
2750 2427 2984 2497 μέγιστα
3018 2428 3401 2499 χαριζόμενος.

2313 2605 2389 2662 Z'.
2434 2606 2574 2661 Ἀλλ’
2610 2608 2709 2661 οὐκ
2764 2608 2821 2660 ιν
2858 2607 3072 2671 τούτοις
3135 2610 3320 2679 μόνοις
3367 2612 3589 2678 Λουκᾶς
3640 2616 3735 2687 τὴν
3769 2619 3820 2669 ἐν

2242 2700 2391 2771 αὐτῷ
2416 2702 2577 2771 χάριν
2611 2700 2702 2753 τοῦ
2742 2701 3058 2768 Πνεύματος
3100 2702 3505 2772 περιέγραψεν,
3539 2707 3661 2759 οὐδὲ
3689 2708 3820 2778 πρὸς

2246 2793 2408 2863 μόνον
2455 2794 2667 2855 ἐκεῖνος
2723 2791 2783 2844 ἰδ
2835 2792 3172 2859 Εύαγγέλιον
3219 2794 3496 2865 ὑπουργὸν
3543 2797 3670 2868 ἔσχε
3728 2801 3820 2871 τὴν

2242 2884 2516 2953 γλῶτταν,
2569 2883 2707 2938 ἀλλά
2751 2884 2887 2953 πρὸς
2932 2884 3010 2955 τῷ
3066 2885 3209 2938 τέλει
3266 2887 3376 2940 τῶν
3443 2888 3540 2942 τοῦ
3588 2892 3819 2961 Χριστοῦ

2243 2975 2538 3044 θαυμάτων
2586 2977 2681 3029 καὶ
2714 2976 2808 3038 τὰς
2842 2976 2950 3027 τῶν
2998 2978 3312 3031 ἀποστόλων
3362 2980 3645 3034 ἐκτίθεται
3682 2985 3817 3055 πρά-

2243 3069 2354 3135 ξεις
2380 3086 2393 3098 ·
2448 3072 2541 3121 καὶ
2604 3069 2797 3138 πρῶτά
2852 3085 2915 3135 γε
2964 3071 3062 3140 τὴν
3096 3070 3247 3124 θείαν
3283 3074 3422 3144 πρὸς
3460 3075 3697 3144 οὐρανὸν
3728 3077 3816 3130 τοῦ

2243 3160 2496 3231 Σωτῆρος
2564 3159 2856 3230 ἀνάληψιν,
2888 3154 3007 3213 εἶτα
3067 3162 3155 3214 ἐπ’
3207 3164 3409 3227 αὐτοὺς
3456 3169 3513 3218 ὲν
3570 3169 3819 3237 πυρίναις

2238 3252 2514 3319 γλώσσαις
2563 3253 2657 3304 τοῦ
2709 3252 3023 3319 Πνεύματος
3062 3252 3461 3309 κάθοδον³εἶθ⁹
3518 3259 3664 3312 οὕτω
3727 3262 3817 3331 τὴν

2238 3340 2331 3399 τοῦ
2379 3343 2651 3411 Στεφάνου
2688 3344 3040 3410 κατάλευσιν,
3074 3346 3171 3417 τὴν
3205 3345 3300 3399 τοῦ
3340 3350 3560 3403 Παύλου
3599 3354 3818 3420 μεταό)-

2238 3435 2356 3505 λὴν,
2388 3436 2486 3505 τὴν
2522 3436 2581 3500 ἐξ
2604 3438 2850 3506 οὐρανῶν
2882 3456 3023 3507 φημι
3052 3439 3140 3492 διὰ
3182 3441 3425 3511 Χριστοῦ
3480 3443 3703 3514 κλῆσιν,
3735 3449 3817 3500 καὶ

2238 3528 2335 3594 τὴν
2375 3529 2483 3579 ἀπὸ
2520 3528 2615 3579 τοῦ
2644 3532 2969 3597 γράμματος
3004 3532 3097 3582 ἐπὶ
3144 3533 3203 3584 τὸ
3230 3535 3449 3604 πνεῦμα
3506 3540 3815 3606 μετάθεσιν

2238 3620 2305 3671 τὰ
2354 3618 2495 3671 κατᾶ
2529 3620 2695 3671 τόπον
2733 3618 2927 3672 τούτου
2987 3620 3185 3689 δεσμὰ,
3234 3625 3330 3684 τὰς
3400 3626 3679 3691 φυλακάς,
3728 3630 3816 3691 τάς

2240 3712 2475 3780 πληγάς,
2506 3712 2633 3775 τοὺς
2701 3712 3051 3783 ραϐδισμοὶλς,
3080 3714 3179 3778 τὰς
3211 3714 3321 3767 τῶν
3350 3715 3524 3768 ἐθνῶν
3558 3718 3814 3790 πολυτρό-

2239 3818 2371 3863 πους
2400 3803 2713 3865 ἐπιδουλὰς,
2740 3806 2835 3873 τὴν
2877 3805 2933 3869 ἐξ
2982 3805 3377 3877 Ἰεροσολύμων
3416 3809 3513 3861 ἐπὶ
3540 3810 3643 3881 τὴν
3686 3812 3812 3863 Ῥώ-

2240 3908 2348 3960 μην
2388 3891 2595 3960 ἄφιξιν,
2628 3893 2751 3955 τοὺς
2792 3893 2933 3946 κατὰ
2975 3893 3246 3946 θάλατταν
3308 3899 3530 3963 πόνους,
3557 3900 3659 3963 τὰς
3708 3900 3810 3953 θλί-

2235 3986 2378 4055 ψεις,
2421 3990 2546 4050 τοὺς
2605 3988 2908 4053 κινδύνους,
2938 3988 3038 4051 τὰς
3104 3990 3415 4060 συμφορὰς»
3446 3994 3515 4043 τά
3564 3997 3813 4062 ναυάγια.

2239 4074 2337 4132 Ὧν
2376 4081 2436 4131 ού
2476 4081 2673 4150 θεατὴς
2730 4082 2911 4149 μόνον,
2961 4081 3097 4134 ἀλλά
3148 4086 3245 4135 καὶ
3294 4084 3556 4147 κοινωνὸς
3591 4081 3662 4156 ἦν
3687 4102 3700 4116 ’
3730 4090 3815 4140 καὶ

2235 4173 2323 4224 διὰ
2377 4171 2538 4225 τοῦτο
2575 4176 2666 4223 καὶ
2721 4174 2954 4243 ἀκριϐὴς
3017 4176 3235 4228 πάντων
3291 4176 3594 4246 ἐξηγητής.
3667 4180 3815 4233 Ἀλλά

2238 4261 2445 4315 Παῦλον
2480 4264 2577 4331 μὲν
2623 4266 2679 4315 ἐν
2740 4262 2925 4334 Ῥώμῃ
2958 4265 3295 4331 καταλιπὼν,
3330 4268 3464 4336 πρὸς
3500 4269 3620 4321 Ἕω
3658 4272 3807 4325 πάλιν

2235 4348 2385 4417 οὗτος
2423 4355 2671 4427 ἀπαίρει,
2693 4357 2820 4426 ὃλην
2858 4375 2916 4409 τε
2962 4357 3171 4428 Λιϐύην
3233 4359 3702 4429 διαδραμὼν’τοίς
3730 4364 3809 4415 ἐπ’

2235 4444 2512 4512 Αἰγύπτου
2537 4448 2790 4514 επιδημεί
2814 4464 2827 4477 ·
2856 4450 2950 4500 καὶ
2980 4448 3077 4518 τὴν
3107 4449 3219 4502 ἅνω
3245 4450 3624 4521 Θηϐαῖδα’τῆς
3656 4454 3809 4507 αὑτοῦ

558 4542 611 4593 in
646 4554 750 4609 qua
785 4542 947 4592 etiam
979 4536 1223 4604 pontifex
1250 4552 1313 4591 ac
1345 4547 1532 4607 pastor
1564 4552 1592 4590 a
1620 4536 1823 4606 Spiritu
1858 4541 2131 4607 praeponi-

2242 4536 2588 4600 διδασκαλίας
2629 4541 2763 4591 εἴσω
2815 4539 3016 4606 λαϐὼν,
3044 4540 3123 4612 τῷ
3162 4540 3472 4613 διδασκάλῳ
3505 4561 3563 4596 τε
3603 4547 3690 4597 διὰ
3718 4545 3804 4598 τοῦ

560 4634 670 4683 tur.
736 4628 939 4683 Statuis
990 4628 1327 4698 impurisque
1402 4632 1712 4684 daemonum
1770 4630 2011 4685 delubris
2078 4632 2132 4685 in

560 4730 761 4778 terram
792 4724 1021 4790 deiectis
1057 4724 1131 4791 (id
1163 4724 1309 4775 enim
1336 4723 1517 4775 studio
1550 4724 1651 4775 sibi
1684 4733 1822 4787 erat,
1857 4736 1915 4777 ut
1976 4741 2131 4781 erro-

561 4830 673 4869 rem
703 4817 827 4869 totis
859 4815 1002 4884 quod
1038 4813 1189 4867 aiunt
1223 4815 1448 4884 pedibus
1479 4814 1772 4884 fugientem
1796 4816 2134 4871 demonstra-

558 4909 684 4974 ret),
744 4922 896 4961 sacra
960 4907 1159 4975 templa
1213 4917 1403 4961 contra
1463 4906 1564 4960 soli
1612 4907 1719 4961 Deo
1774 4909 1973 4975 erigit,
2028 4912 2137 4963 eis-

557 5012 664 5066 que
707 4998 797 5066 qui
857 4997 909 5048 in
983 4994 1267 5063 profundis
1324 4997 1643 5062 ignorantiae
1696 4997 1934 5049 tenebris
1984 5006 2133 5051 tene-

559 5089 777 5148 bantur,
806 5100 901 5154 per
933 5084 1287 5155 Evangelium
1320 5084 1387 5138 ad
1427 5084 1519 5139 Dei
1555 5085 1918 5154 c0gnitionem
1977 5102 2132 5157 rege-

558 5182 782 5241 neratis,
817 5181 953 5233 lucis
987 5178 1124 5231 ﬁlios
1147 5177 1283 5230 ellici
1312 5187 1486 5232 curat.

2238 4632 2573 4699 Εὑαγγελίου
2601 4634 2990 4702 προσαγαγὼν,
3010 4638 3075 4704 τῇ
3110 4635 3262 4689 κάτω
3286 4637 3517 4706 Θηϐαΐδι
3549 4642 3617 4708 τῇ
3650 4641 3808 4693 ἑπτα-

2233 4722 2386 4792 πύλῳ
2452 4724 2756 4791 ἐφίσταται,
2830 4723 2918 4792 ἐφ’
3048 4728 3140 4778 καὶ
3195 4728 3489 4797 ἀρχιερεὺς
3541 4730 3649 4781 ὑπὸ
3722 4732 3806 4785 τοῦ

2235 4816 2549 4883 Πνεύματος
2589 4817 2684 4869 καὶ
2721 4819 2928 4888 ποιμὴν
2971 4819 3405 4888 προχειρίζεται.
3436 4821 3733 4893 Ὶδρύματα
3755 4824 3805 4876 δὲ

2235 4908 2329 4961 καὶ
2362 4913 2563 4976 τεμένη
2597 4911 2771 4977 μιαρά
2796 4910 3065 4978 δαιμόνων
3112 4914 3189 4971 είς
3232 4911 3426 4980 ἔδαφος
3479 4918 3806 4977 κατασείσας

2233 5000 2412 5070 (τοῦτο
2468 5002 2575 5070 γὰρ
2610 5004 2640 5069 ἡ
2672 5001 2877 5070 σπουδὴ
2916 5001 2991 5071 τῷ
3020 5004 3196 5074 ἀνδρὶ,
3250 5006 3471 5075 ἀπάτην
3534 5008 3643 5077 ὅλῳ
3690 5008 3805 5060 ποδὶ

2231 5093 2539 5163 φεύγουσαν
2596 5093 2919 5163 ἀποδεῖξαι),
2978 5098 3154 5165 ίερους
3180 5099 3254 5166 τῷ
3289 5100 3433 5169 μόνῳ
3493 5099 3615 5167 Θεῷ
3655 5100 3804 5157 ναοὺς

2228 5187 2609 5257 ἁντανίστησι.
2651 5189 2743 5240 xal.
2774 5190 2897 5250 τοὺς
2930 5190 3033 5241 ὑπὸ
3063 5189 3218 5259 βαθεῖ
3247 5191 3426 5259 σκότῳ
3458 5193 3557 5262 τῆς
3590 5194 3806 5262 ἀγνοίας

559 5274 977 5341 κατεχομένους,
1027 5271 1116 5322 διὰ
1180 5272 1272 5323 τοῦ
1335 5271 1669 5338 Εὑαγγελίου
1736 5273 1872 5342 πρὸς
1960 5274 2290 5347 θεογνωσξαν
2354 5282 2748 5349 ἀναγεννήσας,
2810 5282 2958 5343 υἱοὺς
3037 5282 3247 5351 ἡμέρας
3325 5283 3583 5348 γενέσθαι
3642 5299 3802 5353 παρα.

556 5367 830 5431 σκευάζει.

630 5456 769 5510 V'lll.
804 5456 1119 5526 Hujusmodi
1140 5456 1301 5525 igitur
1329 5455 1597 5511 fructibus
1618 5458 1875 5527 magistro
1909 5462 2125 5522 oblatis,

558 5551 833 5621 impietate
862 5551 927 5603 de
964 5549 1139 5602 medio
1170 5551 1403 5613 sublata,
1440 5553 1639 5604 erectis
1701 5553 1937 5620 templis,
1992 5554 2127 5607 alta-

558 5649 707 5699 ribus
763 5644 1014 5697 stabilitis
1070 5660 1132 5697 ac
1174 5645 1527 5705 consecratis,
1560 5654 1613 5697 et
1667 5645 1717 5696 in
1778 5646 1861 5699 his
1901 5647 2125 5716 presby-

557 5739 686 5794 teris
714 5754 775 5792 ac
804 5736 1045 5792 diaconis
1069 5740 1199 5804 apud
1250 5738 1535 5791 credentes
1590 5741 1807 5803 creatis,
1859 5751 2124 5811 rectaeque

558 5830 677 5885 fidei
710 5828 1063 5899 praelinitionc
1100 5830 1227 5899 ipsis
1258 5830 1489 5885 tradita:
1542 5840 1595 5885 et
1630 5846 1771 5885 nunc
1820 5832 2035 5901 quidem
2096 5848 2122 5885 a

2301 5462 2383 5517 Il'.
2407 5463 2694 5526 Τοιούτους
2706 5480 2857 5531 τοιγα
2869 5463 2993 5533 ροῦν
3010 5464 3085 5534 τῷ
3100 5464 3405 5535 διδασκάλῳ
3426 5468 3797 5535 προσενεγκὼν

2228 5559 2351 5615 τοὺς
2389 5556 2655 5621 καρποὺς,
2705 5557 2769 5605 ἑκ
2823 5557 2989 5623 μέσου
3024 5571 3080 5604 τε
3111 5553 3336 5621 θέμενος
3388 5557 3489 5624 τὴν
3528 5554 3795 5621 άσεόειαν,

2229 5650 2386 5709 ναοὺς
2416 5650 2726 5716 ἀνεγείρας,
2758 5646 3123 5715 θυσιαστήρια
3158 5645 3491 5716 πηξάμενος,
3514 5649 3608 5699 καὶ
3634 5650 3793 5703 ταῦτα

2230 5738 2598 5807 καθιερώσας,
2632 5740 2724 5790 καὶ
2775 5738 2878 5789 ὑπὸ
2907 5736 3014 5788 τών
3050 5741 3461 5790 πιστευσάντων
3505 5740 3788 5806 πρεσϐυτέ-

2233 5847 2356 5899 ρους
2398 5832 2491 5883 καὶ
2520 5830 2797 5892 διακόνους
2830 5832 2885 5881 ἐν
2912 5828 3123 5894 τούτοις
3150 5828 3563 5898 χειροτονήσας,
3598 5833 3683 5884 καὶ
3710 5829 3788 5877 τὸν
