3990 6436
564 344 701 404 1143

1850 355 2130 414 MENSlS
2173 354 2541 415 OCTOBER.

3707 351 3842 417 U46

560 477 731 515 rum:
782 464 879 521 sed
908 465 1055 518 varia
1112 476 1165 520 et
1214 470 1407 524 acerba
1480 469 1749 541 supplicia
1806 482 1859 525 et
1903 471 2137 537 indicum

2253 474 2412 536 αὐτὸς
2464 472 2702 543 Χριστοῦ
2758 472 2851 524 καὶ
2894 472 3000 523 τιῖν
3037 470 3198 523 αὐτοῦ
3255 470 3449 538 ἁγίων·
3477 470 3616 525 άλλά
3673 490 3740 536 με
3786 472 3844 522 τὸ

560 554 765 608 saevitia
814 570 903 610 me
955 558 1221 613 volentem
1279 562 1497 629 prodire
1570 563 1621 616 in
1674 563 1910 617 medium
1974 564 2144 618 abdu-

559 655 711 709 cunt,
744 655 799 700 et
846 648 1094 704 timorem
1154 653 1442 708 incutiunt.
1500 655 1661 711 Orate
1708 672 1836 727 ergo
1890 671 1986 725 pro
2019 674 2138 723 me,

560 739 735 795 sancti
772 750 1061 811 martyres,
1090 754 1267 798 orate.
1308 746 1414 799 Vos
1456 748 1599 802 enim
1652 764 1772 803 cras
1826 750 1877 801 in
1911 748 2139 803 Domino

560 831 1095 886 consumtnabitnini.
1136 834 1215 888 Ad
1264 834 1377 889 base
1410 838 1580 891 sancti
1620 856 1632 891 :
1679 836 1867 904 Nemo,
1897 840 2068 901 aiunt,
2108 856 2140 892 ο

562 921 730 975 frater
782 922 942 986 Vare,
988 934 1168 990 potest
1220 936 1423 981 metere
1481 929 1532 982 in
1593 932 1975 991 exsultatione,
2035 930 2135 985 nisi

560 1014 711 1082 prius
744 1014 797 1067 in
832 1015 1083 1085 lacrymis
1128 1020 1338 1072 semina
1393 1020 1674 1089 deiecerit,
1717 1032 1772 1075 et
1835 1025 1923 1091 qui
1959 1023 2011 1076 in
2060 1023 2137 1077 eis

563 1105 888 1175 spargendis
913 1108 1318 1177 suscipiuntur,
1352 1111 1569 1165 labores
1599 1113 1942 1168 sustinuerit.
1972 1115 2136 1169 Simi-

558 1192 686 1249 liter
740 1206 925 1250 autem
980 1198 1185 1253 athleta
1244 1216 1463 1270 quoque
1517 1216 1624 1256 non
1675 1212 1986 1269 coronatur,
2031 1205 2131 1258 nisi

560 1285 720 1354 prius
753 1286 993 1359 legitime
1030 1294 1343 1347 certaverit.
1402 1294 1646 1363 Agedum
1692 1312 1839 1365 ergo,
1873 1312 1905 1350 ο
1944 1296 2131 1361 frater,

557 1377 634 1433 sis
679 1378 837 1434 nobis
872 1396 1059 1435 comes
1086 1382 1315 1449 itineris,
1346 1394 1399 1439 et
1428 1385 1703 1455 perfectus
1731 1386 1883 1439 miles
1908 1386 2130 1441 ChriSIi.

557 1468 838 1526 Habemus
866 1473 1013 1527 enim
1043 1474 1190 1528 illum
1239 1475 1442 1546 ipsum,
1493 1494 1591 1547 pro
1624 1493 1731 1546 quo
1780 1479 2127 1549 suscipimus,

556 1576 660 1616 nos
715 1562 952 1633 benigne
992 1580 1022 1620 e
1082 1568 1298 1638 superis
1331 1568 1737 1636 defendentem,
1797 1580 1853 1625 et
1899 1571 2133 1625 latenter

557 1653 719 1708 nobis
750 1671 1009 1727 magnum
1057 1660 1391 1728 praebentem
1437 1660 1722 1715 auxilium.
1773 1661 1989 1717 Sanctis
2018 1662 2132 1716 haec

555 1746 890 1812 dicentibus,
931 1750 1157 1803 veniunt
1188 1752 1409 1820 quidam
1444 1754 1667 1817 milites,
1692 1753 1891 1821 quibus
1917 1753 2128 1823 jussum

2252 565 2497 617 ποικίλον
2540 565 2636 617 καὶ
2693 564 2965 633 αὐστηρὸν
3020 564 3129 615 τῶν
3190 561 3491 623 κολάσεων,
3521 566 3618 615 καὶ
3650 565 3709 615 τὸ
3736 563 3843 615 τῶν

2248 658 2525 712 δικαστῶν
2556 657 2783 725 ἀπηνὲς,
2810 659 2885 718 είς
2932 656 3094 725 μέσον
3127 657 3353 721 ἀγαγεῖν
3388 654 3632 723 ἐμαυτὸν
3663 653 3846 721 βουλέ-

2252 768 2435 819 μενον,
2491 751 2693 815 ἀπάγει
2740 750 2831 800 καὶ
2861 748 3063 801 δειλῖαν
3117 746 3411 813 ἐντίθησιν,
3442 744 3681 809 εὔξασθε
3732 758 3837 796 τοιέ

2248 841 2451 911 γαροῦν
2476 841 2611 909 ὑπὲρ
2636 840 2788 906 ἐμοῦ,
2812 839 2952 906 ἅγιοι
2980 841 3274 909 μάρτυρες.
3315 837 3573 903 εὔξασθε.
3598 837 3712 906 Τὴν
3746 838 3807 888 αὖ
3825 865 3839 873 -

2251 950 2361 1001 ριον
2418 934 2526 1000 γάρ
2577 934 2731 1001 ὑμεῖς
2758 935 2815 984 ὲν
2847 931 3036 1000 Κυρίῳ
3084 929 3415 983 τελειοῦσθε.
3465 929 3613 997 Πρὸς
3666 927 3837 982 ταῦτα

2245 1031 2293 1081 oi
2348 1028 2515 1094 ἅγιοι,
2561 1026 2773 1089 03651;,
2809 1024 3026 1090 ἀδελφὲ,
3058 1025 3243 1091 φασιν,
3272 1020 3478 1092 υῦαρε,
3518 1022 3757 1090 θερίζειν
3785 1027 3839 1072 ὲν

2245 1117 2563 1185 ἀγαλλιάσει
2635 1115 2948 1179 δύναται,εί
2988 1113 3064 1183 μὴ
3113 1113 3383 1182 χειμῶνος
3446 1111 3720 1182 πρότερον
3770 1118 3835 1163 τὰ

2246 1209 2542 1277 σπέρματα
2570 1206 2852 1275 καταϐάλῃ
2884 1208 2976 1259 καὶ
3021 1207 3128 1256 τῶν
3178 1204 3267 1257 ἐπ’
3302 1205 3486 1265 αὐτοῖς
3533 1204 3839 1271 ἀνάσχηται

2240 1298 2871 1368 πόνων.ῐ1αραπλησίως
2906 1297 2963 1348 δὲ
3009 1298 3104 1348 καὶ
3154 1296 3394 1364 ἀθλητὴς
3428 1296 3489 1347 ού
3532 1291 3835 1361 στειξανοῦ·

2241 1407 2354 1454 ται,
2385 1391 2433 1442 εἰ
2471 1390 2544 1459 μὴ
2575 1392 2835 1457 πρότερον
2858 1388 3108 1457 νομίμως
3155 1387 3408 1456 ἀθλήσει.
3435 1387 3609 1455 Δεῦρο
3639 1388 3701 1456 δὴ
3729 1383 3844 1446 οὖν.

2240 1476 2458 1545 ἀδελφὲ,
2494 1477 2707 1539 σύνοδος
2750 1477 2882 1544 ἡμῖν
2915 1474 3097 1543 γενοῦ,
3125 1479 3220 1528 καὶ
3254 1474 3459 1536 τέλειος
3502 1477 3839 1541 στρατιώτης

2240 1568 2500 1637 Χριστοῦ.
2529 1569 2765 1637 Ἐχομεν
2784 1567 2891 1638 γάρ
2919 1567 3081 1620 αὑτὸν
3109 1569 3339 1628 ἐκεῖνον,
3371 1565 3514 1635 ὑπὲρ
3546 1560 3610 1616 οὗ
3631 1568 3724 1627 τὰς
3751 1582 3837 1616 κο-

2247 1660 2434 1722 λάσεις
2496 1660 2890 1729 ἀναδεχόμεθα,
2956 1658 3355 1727 φιλανθρώπως
3416 1657 3577 1725 ἡμῶν
3638 1656 3839 1709 ἀνωθεν

2250 1750 2814 1819 ἀντιλαμϐανόμενον,
2860 1755 2954 1801 καὶ
3016 1738 3217 1819 πολλὴν
3252 1748 3477 1817 ἀφανῶς
3528 1749 3838 1817 παρέχοντα

561 1838 762 1901 fuerat,
798 1850 855 1893 ut
890 1855 985 1895 eos
1017 1841 1358 1897 deducerent
1412 1846 1476 1898 ad
1526 1846 1832 1914 praesidem.
1882 1847 1983 1913 Qui
2017 1864 2137 1903 cum

2249 1841 2346 1909 τὴν
2384 1840 2657 1910 βοήθειαν.
2682 1839 2868 1891 Ταῦτα
2899 1840 3008 1891 τῶν
3033 1841 3204 1905 ἀγίων
3229 1841 3561 1903 διεςιόντων,
3591 1839 3840 1905 ὲιρίσταν-

558 1930 915 1997 aspexissent
970 1934 1191 1988 beatum
1248 1934 1451 1990 Varum
1515 1937 1787 2006 jacentem
1839 1940 1904 1993 ad
1980 1940 2143 2008 pedes

558 2037 882 2097 martyrum,
913 2038 967 2082 et
996 2044 1139 2084 novo
1169 2033 1485 2100 spectaculo
1530 2045 1718 2089 essent
1749 2034 1915 2090 veluti
1953 2035 2143 2089 obstu-

558 2119 781 2189 pefacti,
824 2121 947 2176 ideo
992 2122 1257 2195 benignis,
1309 2134 1367 2179 ut
1411 2127 1512 2180 sibi
1560 2127 1905 2192 videbantur,
1960 2128 2141 2183 verbis

556 2225 681 2266 cum
711 2227 777 2266 eo
808 2224 1029 2281 agentes
1060 2231 1073 2268 :
1110 2215 1344 2280 Insanis,
1375 2218 1423 2269 ei
1463 2217 1676 2281 dicunt,
1713 2235 1744 2271 0
1784 2219 1983 2274 homo?
2022 2220 2139 2273 Non

558 2304 720 2357 times
759 2303 986 2357 omnino
1015 2320 1102 2369 ne,
1142 2306 1183 2360 si
1219 2304 1333 2362 haec
1388 2323 1476 2361 res
1505 2318 1630 2361 nota
1684 2307 1849 2362 fuerit
1898 2311 2140 2378 prtesidi,

557 2408 681 2449 cum
716 2396 937 2451 militari
962 2399 1227 2469 dignitate
1260 2400 1420 2455 vitam
1449 2417 1665 2471 quoque
1696 2403 1856 2457 simul
1881 2404 2141 2459 amittas?

558 2487 641 2541 Ad
678 2504 818 2557 quos
848 2490 1042 2544 beatus
1073 2490 1248 2545 Varus
1289 2511 1301 2547 :
1354 2493 1596 2557 litinam,
1648 2495 1841 2563 inquit,
1894 2497 2140 2551 inveniar

558 2580 837 2648 perfectus
863 2581 1228 2648 Christianus,
1274 2595 1324 2639 et
1382 2585 1542 2641 liccat
1580 2588 1707 2641 inihi
1761 2603 1882 2642 esse
1942 2590 2137 2643 horum

559 2682 877 2726 sanctorum
920 2675 1129 2730 socium
1160 2678 1501 2737 certaminis,
1542 2688 1597 2732 et
1644 2679 1697 2732 in
1733 2679 1937 2733 eisdem
1986 2682 2140 2735 habi-

561 2771 677 2817 tare
730 2762 1121 2818 tabernaculis.
1171 2766 1472 2822 Persuadet
1533 2780 1711 2823 autem
1768 2773 2028 2836 amicitia,
2081 2784 2139 2827 ut

556 2869 660 2924 ego
693 2855 849 2910 vobis
876 2858 1056 2922 iidam,
1085 2866 1139 2912 et
1183 2874 1397 2921 eorum,
1455 2861 1543 2929 qui
1586 2861 1675 2915 hic
1728 2862 1983 2917 dicuntur
2045 2875 2138 2919 aut

558 2945 716 3010 tiunt,
750 2947 888 3001 nihil
922 2949 1148 3003 habeam
1183 2964 1515 3021 suspectum.

640 3126 736 3181 lll.
773 3125 871 3183 His
927 3128 1008 3183 sic
1066 3130 1245 3196 dictis,
1289 3132 1489 3187 milites
1549 3143 1790 3196 sanctos.
1822 3136 1914 3205 qui
1981 3144 2139 3189 erant

2246 1936 2337 1989 ταί
2368 1952 2513 1999 τινες
2544 1937 2652 1989 τῶν
2682 1936 2781 2006 τῆς
2813 1935 3041 2000 τάξεως,
3085 1937 3313 2003 ἀγαγεῖν
3358 1937 3561 1999 αὐτοὺς
3598 1936 3838 2007 προσταο

2246 2029 2432 2096 γέντες
2461 2030 2611 2099 παρὰ
2629 2030 2717 2081 τδν
2743 2028 2999 2098 ἄρχοντα.
3024 2028 3088 2083 Οἳ
3111 2028 3225 2091 καὶ,
3261 2028 3356 2080 τὸν
3392 2030 3667 2097 μακάριον
3700 2027 3839 2079 056-

2252 2137 2341 2191 ρον
2376 2119 2703 2190 θεασάμενοι
2730 2122 2865 2190 πρὸς
2896 2123 3009 2184 τοῖς
3041 2122 3170 2172 ποσὶ
3205 2120 3461 2190 κείμενον
3490 2122 3601 2173 τῶν
3632 2121 3838 2190 μαρτύο

2249 2230 2378 2283 ρων,
2402 2215 2495 2266 καὶ
2543 2214 2705 2267 οἱονεὶ
2762 2214 3207 2281 καταπλαγέντες
3242 2214 3335 2265 ἐπὶ
3392 2212 3470 2280 τῷ
3523 2212 3698 2280 καινῷ
3744 2209 3838 2263 τοῦ

2246 2306 2542 2375 θεάματος,
2576 2308 2671 2360 καὶ
2695 2306 2784 2359 διὰ
2807 2308 2963 2359 τοῦτο
2988 2307 3400 2379 φιλανθρωπίας
3422 2308 3622 2375 λόγους
3652 2303 3729 2387 τῷ
3760 2304 3840 2356 6'.-

2244 2402 2359 2451 κεῖν
2396 2400 2820 2469 προσφέροντες,
2857 2400 3061 2469 Μαίνη,
3102 2399 3322 2467 λέγουσι
3346 2400 3484 2469 πρὸς
3519 2400 3705 2463 αὐτὸν,
3744 2399 3835 2450 ἇν-

2245 2487 2463 2558 θρωπες
2495 2491 2569 2543 Ού
2590 2492 2831 2552 δέδοικας
2856 2491 2988 2552 ὅλως
3017 2490 3112 2561 μὴ,
3136 2490 3481 2556 γνωσθέντος
3510 2488 3838 2559 τῷήγεμόνι

2242 2582 2337 2634 τοῦ
2370 2584 2725 2652 πράγματος,
2754 2584 2832 2643 τῷ
2867 2580 3249 2652 στρατιωτικῷ
3280 2579 3557 2649 ἀξιώματι
3601 2598 3835 2633 συναποο

2245 2673 2408 2745 λέσῃς
2443 2678 2539 2727 καὶ
2578 2677 2677 2744 τὴν
2710 2676 2884 2744 ζωήνς
2932 2673 3071 2743 Πρὸς
3100 2673 3193 2736 οὓς
3222 2675 3249 2725 6
3286 2675 3585 2742 μακάριος,
3619 2673 3832 2725 Γένοιτό

2247 2785 2337 2837 μοι
2402 2768 2745 2838 Χριστιανὸν,
2790 2768 2915 2836 ἔφη,
2958 2768 3159 2820 τέλειον
3220 2768 3533 2838 εὑρεθῆναι,
3582 2767 3678 2817 καὶ
3728 2768 3839 2826 τοῖς

2250 2860 2426 2927 ἀγίοῑς
2459 2862 2667 2923 τούτοις
2698 2860 2955 2913 σύναθλόν
2983 2877 3041 2911 τε
3062 2862 3155 2911 καὶ
3180 2860 3476 2927 σύσκηνον.
3504 2856 3691 2909 Πείθει
3721 2858 3830 2925 γάρ

2247 2971 2311 3023 με
2340 2952 2564 3021 θαρρεῖν
2592 2956 2729 3022 πρὸς
2762 2954 2905 3021 ὑμᾶς
2930 2955 2961 3019 ἡ
2982 2952 3155 3018 φιλία,
3180 2952 3275 3003 καὶ
3302 2951 3456 3003 οὐδὲν
3480 2951 3589 3003 τῶν
3608 2949 3837 3002 ἐνταῦθα

2242 3046 2607 3116 λεγομένωνῆ
2651 3047 3043 3115 πραττομένων
3082 3045 3437 3097 ὑποπτεύειν.

2315 3134 2388 3187 I".
2416 3136 2635 3187 Τούτων
2680 3134 2830 3189 οὕτω
2864 3134 3168 3204 λεχθέντων
3218 3135 3267 3185 οἱ
3317 3132 3661 3201 στρατιῶται
3714 3133 3838 3193 τοὺς

558 3233 656 3273 sex
699 3233 933 3274 numero
986 3225 1166 3288 (erant
1202 3224 1346 3277 enim
1380 3214 1595 3280 omnes.
1624 3227 1842 3295 quidem
1907 3239 2136 3297 septem,

2247 3228 2433 3298 ἁγίους
2476 3228 2535 3292 ἓξ
2567 3228 2723 3291 ὄντας
2757 3231 2848 3281 τον
2878 3199 3114 3296 ἀριθμὸν
3156 3228 3201 3294 (ὲ
3218 3226 3318 3277 ητα
3361 3199 3460 3293 μὲν
3486 3226 3597 3292 γὰρ
3629 3227 3677 3277 oi
3709 3226 3839 3277 πάν-

557 3312 656 3366 sed
688 3328 831 3368 unus
866 3314 977 3383 jam
1030 3324 1276 3369 mortuus
1330 3315 1508 3371 fuerat
1560 3318 1613 3371 in
1656 3320 1988 3389 solitudine),
2049 3338 2138 3376 ca-

559 3406 682 3459 tena
740 3406 954 3461 vinctos
1006 3408 1353 3463 adduxerunt
1409 3410 1476 3463 ad
1526 3413 1839 3479 praesidem.
1885 3414 1996 3466 ~llie
2045 3429 2143 3466 au—

562 3508 671 3551 tem
713 3498 940 3553 sedebat
972 3498 1027 3553 in
1054 3500 1270 3555 excelso
1314 3501 1595 3565 tribunali,
1644 3511 1699 3556 et
1729 3518 1852 3557 eum
1908 3505 2113 3559 circum

560 3590 785 3644 sistebat
820 3592 1113 3644 multitudo
1153 3594 1407 3654 militum,
1436 3595 1527 3662 qui
1574 3597 1798 3650 omnino
1829 3598 2143 3664 pendebant

557 3698 589 3733 α
648 3680 832 3736 verbis
886 3681 1031 3737 illius
1066 3692 1119 3737 et
1168 3692 1327 3737 nutu.
1384 3685 1519 3737 Cum
1573 3701 1702 3756 ergo
1744 3687 2000 3756 jussisset
2046 3705 2143 3744 eos

560 3781 762 3828 Exutos
806 3776 1105 3837 introduci.
1140 3778 1325 3831 statim
1376 3778 1594 3845 quidem
1645 3782 1853 3847 rogavit
1908 3780 2142 3846 :Qnod-

564 3881 691 3921 nam
727 3876 814 3921 est
846 3867 1001 3921 vobis
1025 3882 1195 3936 genus
1230 3878 1283 3921 et
1325 3884 1571 3937 quaenam
1608 3871 2138 3941 conditio,'qna>nam

560 3966 743 4013 autem
782 3968 963 4014 vestra
997 3958 1262 4013 nomina?
1296 3958 1360 4014 Et
1416 3976 1737 4031 responsum
1791 3980 1914 4018 mox
1965 3966 2033 4018 ab
2064 3967 2142 4021 eis

560 4050 830 4121 exigebat.
891 4051 1288 4120 Prazpotentem
1338 4052 1483 4107 enim
1536 4055 1688 4109 vobis
1738 4056 1885 4122 juro,
1938 4058 2137 4121 aiebat,

564 4146 793 4199 deorum
856 4146 1116 4199 virtutem
1167 4161 1229 4199 ac
1282 4145 1569 4214 justitiam,
1598 4149 1741 4216 quod
1803 4166 1899 4204 vos
1964 4151 2141 4205 adhuc

565 4236 892 4305 superstites
946 4252 1216 4306 apponam
1267 4237 1398 4291 feris
1448 4239 1689 4293 edendos
1772 4251 1827 4295 et
1896 4243 2136 4296 canibus.

562 4329 746 4387 Sancti
780 4340 959 4383 autem
991 4345 1168 4395 neque
1186 4328 1380 4383 fastum
1402 4337 1564 4384 tanta:
1582 4331 1945 4394 auctoritatis,
1966 4347 2142 4400 neque

566 4422 859 4475 verborum
923 4420 1188 4474 saevitiam
1263 4423 1703 4487 extimescentes,
1752 4420 1939 4487 Nobis,
1993 4424 2140 4477 dice-

2245 3340 2334 3385 τες
2364 3318 2526 3391 ἦσαν,
2570 3320 2773 3389 ἔφθασε
2808 3322 2861 3374 δὲ
2893 3323 2920 3372 6
2969 3316 3049 3382 εἷς
3085 3320 3227 3372 κατά
3265 3320 3367 3387 τὴν
3414 3318 3625 3387 ἔρημον
3659 3317 3838 3369 τελευ.

2244 3414 2453 3481 τῆσαι),
2476 3412 2790 3477 δεδεμένους
2818 3410 3028 3471 ἁλύσει,
3062 3409 3139 3474 τῷ
3180 3410 3410 3477 ἡγεμόνι
3442 3409 3743 3476 προσῆγον.
3781 3409 3838 3460 ὀ

2243 3506 2300 3559 δὲ
2329 3505 2415 3573 ἐφ’
2438 3504 2639 3573 ὑψηλοῦ
2672 3504 2771 3571 μὲν
2812 3502 3056 3571 καθῆστο
3084 3500 3178 3553 τοῦ
3210 3500 3478 3569 βήματος,
3518 3502 3833 3569 περιειστή·

2247 3598 2411 3649 me:
2435 3599 2598 3649 αὑτὸν
2626 3597 2827 3665 πλῆθος
2853 3594 3223 3664 στρατιωτῶν,
3263 3594 3373 3645 τῶν
3406 3595 3627 3647 ἐκείνου
3666 3594 3835 3659 λόγων

2245 3692 2338 3742 καὶ
2372 3690 2465 3742 τοῦ
2503 3690 2770 3758 νεύματος
2806 3688 2943 3751 ὅλως
2998 3686 3385 3757 ἐξηρτημένοι.
3425 3688 3714 3748 Κελεύσας
3746 3684 3834 3738 οὖν

2246 3783 2609 3843 ἁποδυθέντας
2636 3780 2951 3848 εἰσάγεσθαι
2976 3781 3100 3841 τους
3133 3779 3341 3845 ἁγίους,
3379 3778 3566 3840 εὐθὺς,
3598 3774 3716 3831 Οἷοι
3742 3780 3835 3845 μὲν

2246 3876 2460 3941 γένους,
2491 3872 2697 3942 ἠρώτα,
2718 3872 2832 3931 οἵοις
2866 3870 2921 3921 δὲ
2954 3869 3119 3940 τύχης
3148 3870 3268 3922 ἐστέ
3292 3888 3309 3935 ;
3330 3870 3452 3922 τίνα
3484 3870 3542 3922 δὲ
3569 3869 3727 3937 ὑμῶν
3770 3871 3834 3921 τά

2245 3970 2520 4033 όνόματας
2550 3969 2657 4019 Καὶ
2688 3965 2786 4033 τὴν
2825 3964 3118 4034 ἀπόκρισιν
3160 3964 3233 4025 ὡς
3258 3964 3420 4031 τάχος
3452 3963 3681 4033 ἀπῄτει.
3727 3962 3833 4030 Τὴν

2247 4061 2440 4130 ἔφορον
2473 4058 2581 4127 γάρ
2617 4058 2745 4127 ὑμῖν
2768 4057 2997 4125 δμνυμι,
3026 4056 3182 4124 φησὶ,
3216 4053 3372 4121 δίκην
3399 4056 3492 4105 καὶ
3512 4054 3613 4123 τὴν
3658 4056 3831 4122 μεγά-

2244 4149 2341 4218 λην
2365 4150 2474 4201 τῶν
2505 4148 2644 4200 θεῶν
2697 4147 2949 4217 δύναμιν,
2982 4146 3055 4212 ὡς
3087 4146 3167 4197 ἔτι
3202 4144 3496 4215 περιόντας
3538 4146 3688 4211 ὑμᾶς
3741 4144 3831 4216 θη-

2247 4240 2384 4309 ρίοις
2437 4242 2529 4291 καὶ
2569 4240 2695 4292 κυσὶ
2742 4238 2909 4307 βορὰν
2973 4235 3387 4304 παραθήσομαι.
3432 4238 3498 4289 Oi
3533 4238 3593 4291 δὲ
3650 4238 3817 4305 ἅγιοι,

2250 4330 2412 4399 μηδὲν
2455 4330 2587 4398 μήτε
2641 4329 2776 4397 πρὸς
2814 4328 2873 4379 τὸ
2914 4326 3146 4397 σοϐαρξν
3204 4326 3298 4379 τοῦ
3354 4328 3670 4396 σχήματος.
3696 4331 3829 4398 μήτε

2249 4422 2381 4492 πρὸς
2402 4422 2497 4491 τὴν
2514 4422 2777 4491 ἀπήνειαν
2790 4418 2896 4471 τῶν
2917 4419 3089 4485 λόγων
3118 4417 3538 4479 ὑποσταλέντες.
3576 4417 3765 4488 Ἡμῖν,
3789 4421 3829 4471 ὼ

566 4516 717 4575 bant,
768 4529 801 4567 ο
834 4512 1021 4581 iudex,
1064 4514 1211 4567 nulla
1261 4513 1433 4583 patria
1483 4525 1565 4568 est
1610 4516 1664 4569 in
1721 4526 1885 4570 terra.
1938 4515 2137 4571 Sumus

2247 4514 2492 4577 δικαστά,
2534 4518 2707 4576 εἰπον,
2743 4515 2938 4579 πατρὶς
2964 4512 3052 4562 ἐπὶ
3094 4514 3195 4579 γῆς
3240 4508 3359 4561 ούδε
3393 4508 3509 4578 μία·
3546 4508 3696 4574 ξένοι
3735 4512 3832 4580 γὰρ

564 4607 709 4659 enim
744 4620 935 4660 revera
970 4605 1213 4673 hospites
1253 4615 1309 4657 et
1358 4605 1602 4659 advenae.
1650 4605 1785 4659 Nam
1817 4606 2142 4661 Christianis

569 4714 692 4753 vera
732 4698 904 4766 patria
929 4705 984 4749 et
1014 4695 1207 4751 civitas
1232 4694 1283 4747 in
1319 4695 1470 4749 caalis
1516 4706 1598 4750 est
1642 4686 1929 4751 aediﬁcata.
1968 4694 2143 4748 Crede

567 4787 726 4843 nobis
763 4789 878 4840 inec
942 4786 1013 4838 ita
1060 4801 1117 4839 se
1168 4786 1416 4840 habere:
1450 4786 1627 4841 minas
1679 4796 1859 4842 autem
1900 4798 2018 4842 tuas
2052 4803 2143 4856 pa-

566 4897 682 4935 rum
715 4894 1023 4935 curamus:
1073 4879 1183 4932 into
1214 4894 1343 4931 vero
1395 4888 1649 4946 optamus
1709 4892 1766 4933 ut
1822 4880 1984 4934 mina:
2040 4892 2142 4935 tum

566 4990 676 5029 non
708 4989 765 5028 se
801 4988 973 5043 usque
1016 4976 1082 5028 ad
1119 4975 1283 5028 verba
1320 4974 1493 5027 solum
1549 4972 1769 5037 sistant,
1804 4976 1896 5028 sed
1948 4972 2013 5027 ad
2065 4974 2141 5027 cf.

566 5068 768 5123 fectum
802 5067 965 5121 etiam
1003 5064 1365 5119 deducantur.
1432 5064 1523 5119 Sic
1572 5066 1716 5118 enim
1764 5064 1869 5119 erit
1915 5066 2142 5119 maniie-

565 5169 712 5215 stum
766 5172 1011 5212 nostrum
1040 5157 1093 5210 in
1152 5154 1435 5210 Christum
1479 5156 1810 5211 desiderium
1862 5174 1875 5210 :
1926 5165 1981 5211 et
2023 5156 2140 5224 ipse

568 5252 708 5305 scies
748 5250 992 5308 omnino,
1028 5250 1188 5317 quale
1218 5248 1477 5302 auxilium
1511 5251 1579 5302 ab
1617 5248 1732 5317 ipso
1762 5264 2136 5317 assequamur.

566 5345 703 5398 Cum
739 5343 914 5397 sancti
949 5343 1062 5395 haec
1092 5342 1383 5404 dixissent,
1434 5349 1694 5409 tyrannus
1747 5356 2045 5395 conversus
2074 5342 2136 5396 ad

566 5451 889 5495 assessores.
936 5435 1125 5499 Video,
1176 5437 1369 5503 inquit,
1404 5436 1501 5489 hos
1559 5435 1802 5489 infelices
1849 5453 2016 5489 unum
2082 5446 2137 5489 et

570 5532 712 5585 idem
768 5540 1025 5609 tanquam
1086 5545 1150 5582 ex
1203 5542 1474 5583 consensu
1543 5527 1814 5582 meditari.
1875 5528 2139 5583 Parentur

568 5640 700 5694 ergo
756 5622 988 5692 ﬂagella,
1051 5631 1107 5674 et
1169 5638 1265 5677 eos
1330 5623 1497 5693 plagae
1564 5624 1781 5677 abunde
1842 5624 2134 5691 excipiant.

568 5718 705 5768 Cum
736 5724 914 5767 autem
950 5715 1105 5768 valde
1132 5714 1348 5783 quidem
1387 5718 1827 5780 verberarentur,
1868 5716 2001 5769 nihil
2038 5732 2137 5769 att-

573 5821 681 5865 tetn
718 5808 1131 5876 responderent,
1182 5806 1347 5877 judcx
1400 5810 1581 5864 intulit
1631 5809 2133 5875 interrogationem,

2245 4608 2405 4679 ἡμεῖς
2430 4608 2581 4669 ὄντες
2614 4607 2709 4659 καὶ
2740 4604 3134 4673 παρεπίδημοι.
3166 4604 3369 4672 Πατρὶς
3405 4602 3521 4673 γάρ
3567 4606 3831 4671 Χριστια.

2246 4703 2353 4760 τοῖς
2411 4696 2617 4765 ἀληθὴς
2670 4696 2767 4748 καὶ
2823 4696 2977 4755 πόλις
3025 4698 3081 4745 ὲν
3132 4693 3380 4764 οὐρανοῖς
3455 4694 3827 4762 ᾠκοδόμηται.

2247 4788 2429 4841 Ταῦτα
2464 4788 2685 4840 πίστευε
2714 4788 2846 4856 ἡμῖν
2878 4786 3051 4848 οὕτως
3088 4784 3250 4856 ἔχειν.
3275 4784 3394 4837 Τῶν
3420 4784 3481 4838 δὲ
3518 4787 3632 4839 σῶν
3672 4789 3825 4838 ἀπει-

2246 4882 2352 4937 λῶν
2382 4881 2535 4952 ὀλίγη
2581 4880 2820 4950 φροντίς·
2852 4878 3056 4946 μᾶλλον
3096 4878 3151 4931 δὲ
3184 4878 3279 4931 καλ⁸
3308 4877 3375 4929 δι’
3397 4878 3569 4946 εὐχῆς
3608 4881 3671 4930 τὸ
3697 4880 3828 4946 πρά-

2246 4992 2362 5043 γμα
2402 4973 2701 5041 ποιούμεθα
2760 4972 2834 5039 μὴ
2892 4976 3055 5040 μέχρι
3109 4968 3284 5035 λόγων
3348 4967 3540 5035 ττῆναί
3591 4987 3674 5021 σοι
3728 4970 3823 5035 τὴν

2246 5066 2496 5133 ἀπειλὴν,
2526 5064 2658 5117 ἀλλὰ
2682 5065 2777 5116 καὶ
2812 5065 2888 5124 είς
2920 5064 3081 5129 ἔργον
3128 5060 3381 5127 ἐκϐῆναι.
3412 5060 3574 5111 Οὕτω
3599 5063 3707 5128 γὰρ
3735 5061 3825 5111 καὶ

2246 5161 2377 5226 ἡμῖν
2409 5160 2436 5211 6
2468 5157 2629 5219 πόθος
2664 5159 2693 5209 6
2722 5154 2855 5223 πρὸς
2885 5154 3121 5225 Χριστὸν
3148 5152 3302 5222 δῆλος
3332 5150 3489 5203 ἔσται
3540 5153 3635 5202 καὶ
3666 5152 3821 5211 αὐτὸς

2246 5255 2366 5321 εἴσῃ
2416 5251 2657 5311 πάντως,
2709 5248 2901 5310 ὁποίας
2949 5246 3082 5315 παρ’
3139 5244 3304 5297 αὐτοῦ
3360 5243 3708 5313 τυγχάνομεν
3730 5242 3821 5308 τῆς

2245 5342 2587 5410 ἐπικουρίας.
2615 5339 2853 5391 Τοιαῦτα
2894 5340 3003 5391 τῶν
3042 5337 3216 5403 ἀγίων
3248 5333 3654 5397 διεξελθόντων,
3682 5336 3708 5385 6
3734 5332 3820 5382 τύ-

2246 5449 2437 5503 ραννος
2461 5432 2595 5500 πρὸς
2613 5432 2737 5492 τοὺς
2768 5429 3053 5498 συνέδρους
3076 5428 3461 5495 ἐπιστραφεὶς,
3488 5427 3655 5485 Μῖαν,
3690 5424 3812 5490 ἔφη,

2244 5528 2339 5579 καὶ
2379 5526 2474 5593 τὴν
2507 5524 2677 5592 αὐτὴν
2710 5525 2929 5592 ἔχοντας
2966 5521 3198 5593 μελέτην
3250 5521 3377 5581 τοὺς
3424 5516 3815 5585 κακοδαίμονας

2244 5619 2434 5686 ὥσπερ
2461 5619 2523 5667 ἐκ
2550 5615 2871 5684 συμφωνίας
2904 5612 3037 5682 ὁρῶ.
3078 5613 3357 5677 Μάστιγες
3388 5605 3482 5660 οὖν
3506 5609 3693 5669 αὐτοὺς
3725 5610 3811 5659 καὶ

2246 5710 2454 5780 πληγαὶ
2480 5708 2713 5775 δαψιλῶς
2747 5705 3170 5775 ἐκδιχέσθωσαν.
3200 5702 3286 5760 Ὠς
3318 5700 3373 5750 δὲ
3403 5700 3688 5751 ἐτύπτοντο
3719 5699 3809 5763 μὲν

2608 5801 2647 5813 δι

2246 5801 2688 5872 magnimagi.
2730 5799 2784 5852 et
2830 5798 3203 5867 ἀπεκρίναντο,
3239 5794 3263 5844 ὁ
3300 5792 3556 5858 δικαστὴς
3610 5789 3804 5853 ἀπῆγεν
