3990 6454
202 391 344 450 1145
1424 396 1796 459 ΜΑΒἹῪΒΗ

1930 402 1990 462 S.
2035 405 2237 466 VARI.
3326 417 3461 481 1146

208 497 504 569 ιρώτησιν,
531 501 700 561 οὕτως
732 503 903 558 εἰπών
925 522 937 536 ·
998 506 1056 559 '0
1087 506 1320 573 μάλιστά
1355 525 1411 574 γε
1452 506 1785 577 ζητούμενος

1899 514 2084 570 dicens
2120 538 2133 572 :
2169 520 2269 585 Qui
2307 524 2545 578 maxime
2578 526 2840 594 quaritur
2880 530 3141 597 septimus
3171 542 3235 582 ex
3287 534 3463 597 vobis,

206 590 439 660 ῑϐδομος
481 592 636 662 ὑμῶν
678 594 781 647 ποῦ
827 596 975 663 ἔστη
1024 597 1226 651 Τούτου
1284 600 1565 670 ῥηθέντος,
1592 600 1789 652 αὐτίκα

210 682 491 752 δρομαίως
523 684 617 737 τοῦ
651 685 808 756 ὄχλου
846 688 1169 758 ἐξορμηθεὶς
1195 692 1223 744 6
1252 694 1633 758 γενναιότατος
1650 691 1791 745 Oba-

212 790 332 842 ρος,
359 774 486 838 στὰς
528 778 582 829 ἐν
610 779 757 849 μέσῳ
785 779 931 847 λέγει
969 781 1045 851 τῷ
1064 782 1310 852 ἡγεμόνι·
1355 785 1583 846 Ἐκεῖνος
1609 785 1707 853 μὲν
1729 786 1790 838 ἐκ

210 869 412 923 πολλοῦ
443 871 534 924 τὸν
569 873 681 943 βίον
724 876 1081 947 μετήλλαξεν,
1102 880 1200 947 ἐμὲ
1229 879 1285 932 δὲ
1322 879 1656 951 κληρονόμον
1684 881 1790 932 τῶν

209 961 377 1014 αὑτοῦ
402 965 750 1036 ἐνεστήσατο.
772 970 837 1021 Ei
863 986 915 1022 τι
943 965 1035 1023 οὖν
1056 969 1249 1041 ἐκείνῳ
1272 971 1472 1041 χρέως,
1495 972 1791 1025 ἀποδώσων

211 1053 375 1117 αὐτὸς
427 1056 675 1126 πάρειμι.

293 1150 364 1203 Δ’.
390 1151 560 1203 Ἤκου
572 1169 660 1204 σεν
686 1156 712 1204 6
741 1154 984 1224 ἡγεμὼν,
1004 1158 1096 1210 καί
1117 1157 1236 1222 ὅλος
1251 1161 1342 1213 τού
1367 1158 1539 1227 θυμοῦ
1565 1161 1754 1228 γέγονε
1772 1178 1786 1191 ·

214 1238 334 1302 καὶ,
375 1240 469 1302 Τίς
500 1236 779 1306 οὖτος,καὶ
802 1247 944 1309 τίνος
972 1247 1288 1318 τάγματος;
1322 1250 1352 1317 ἡ
1385 1250 1536 1317 τάξις
1561 1252 1786 1319 λεγέτω,

212 1330 375 1397 φησί.
404 1329 463 1382 '0
488 1331 566 1396 δὲ,
598 1334 890 1404 Τάγματος
916 1337 1015 1405 μὲν
1034 1339 1125 1391 τοῦ
1156 1343 1217 1393 ἐκ
1242 1338 1487 1406 Τυάνων,
1523 1343 1790 1412 στρατιώ-

209 1437 313 1488 της
343 1420 399 1473 δὲ
429 1424 521 1476 καὶ
572 1425 678 1478 τῶν
720 1428 1024 1496 ἐπιφανῶν,
1058 1433 1418 1500 ἁπεκρίνατο.
1462 1435 1572 1487 Καὶ
1607 1437 1634 1487 ὁ
1666 1436 1794 1507 ἠγε-

210 1511 359 1580 μὼν,
400 1515 632 1585 πληγεὶς
677 1520 767 1573 ἐπὶ
798 1523 995 1594 τούτῳ,
1029 1524 1122 1589 Τίς
1150 1543 1208 1579 σε
1233 1526 1462 1597 πονηρὸς
1483 1526 1793 1597 δαίμωνιείς

208 1602 482 1667 κίνδυνον,
520 1602 692 1672 εἶπεν,
716 1607 858 1662 οὕτω
885 1612 1055 1679 σαφῆ,
1082 1616 1307 1668 σεαυτὸν
1337 1615 1545 1683 ὠθῆσαι
1568 1618 1794 1684 πεποίη-

206 1707 329 1753 κεν,
355 1692 429 1755 ὡς
462 1695 553 1748 καὶ
591 1694 650 1746 τὸ
677 1696 773 1766 τῆς
828 1699 1136 1768 προσούσης
1174 1717 1257 1752 σοι
1304 1702 1585 1771 περιδόξου
1624 1720 1792 1764 στρα-

207 1783 367 1847 τείας
417 1785 654 1855 ἀξίωμα,
705 1788 774 1840 τὰ
809 1789 1021 1843 ἐκεῖθέν
1051 1808 1110 1843 τε
1141 1792 1450 1862 σιτηρέσια,
1478 1794 1609 1864 παρ’
1634 1795 1788 1847 ούδὲν

214 1874 433 1939 θέσθαι,
454 1878 546 1929 καὶ
590 1880 863 1944 τοσούτοις
914 1882 1011 1952 τὴν
1063 1884 1196 1936 ίδίαν
1243 1885 1421 1957 ψυχὴν
1473 1888 1791 1957 περιϐαλεῖν

213 1965 511 2033 χαλεποῖς;
542 1968 650 2021 Καὶ
682 1971 708 2021 6
734 1972 1029 2040 μακάριος,
1049 1974 1153 2026 Τὸν
1181 1976 1364 2044 ἄρτον,
1395 1974 1535 2046 εἷπε,
1583 1980 1676 2033 τὸν
1734 1982 1792 2045 ἐξ

210 2058 448 2127 ούρανοῦ
490 2061 770 2124 καθιόντα,
794 2067 885 2117 καὶ
914 2068 974 2122 τὸ
1002 2068 1142 2121 θεῖον
1188 2073 1450 2141 ποτήριον
1482 2072 1576 2124 τοῦ
1607 2073 1791 2143 τιμίου

210 2152 450 2221 αἵματος
479 2154 713 2225 Χριστοῦ
748 2157 839 2209 τοῦ
871 2160 1075 2229 Κυρίου
1094 2179 1219 2229 μου,
1239 2164 1348 2217 τῶν
1368 2166 1476 2218 σῶν
1500 2167 1796 2237 προέκρινα

208 2244 397 2312 τιμῶν
446 2263 503 2298 τε
544 2248 636 2300 καὶ⁵
678 2248 947 2317 ὀψωνίων,
1006 2252 1162 2312 δόξαν
1218 2258 1304 2308 ἀεὶ
1370 2260 1640 2325 μένουσαν
1698 2260 1796 2327 τῆς

213 2333 469 2403 ρεούτης,
502 2336 594 2389 καὶ
628 2337 775 2409 ζωὴν
800 2340 1036 2411 ἄληκτον
1084 2344 1335 2415 φθαρτῆς
1380 2351 1474 2401 καὶ
1534 2353 1798 2419 προσκαί-

213 2441 339 2492 ρου.
372 2422 505 2479 Εἶτα
532 2426 692 2497 δῆλος
715 2432 807 2484 ἐπὶ
836 2432 913 2502 τῷ
941 2434 1101 2488 πάθει
1158 2438 1448 2508 γενόμενος
1476 2442 1502 2492 6
1532 2440 1792 2506 δικάζων,

210 2517 536 2588 ἀποϐλέψας
584 2524 722 2593 πρὸς
764 2526 887 2588 τοὺς
934 2528 1122 2597 ἁγίους
1176 2532 1232 2583 ἐν
1285 2532 1463 2602 πολλῷ
1521 2534 1669 2605 σάλῳ
1702 2540 1796 2589 καὶ

211 2613 418 2684 πικρίᾳ
451 2614 628 2685 ψυχῆς
664 2615 807 2670 εἶπε·
855 2623 1082 2692 Μάρτυς
1114 2626 1145 2695 ἡ
1175 2626 1284 2679 τῶν
1339 2630 1613 2699 μεγίστων
1657 2631 1795 2685 θεῶν

211 2702 469 2772 δύναμις,
509 2708 654 2774 ὑμᾶς
710 2713 974 2782 πρότερον
1018 2718 1074 2768 ὲν
1123 2721 1312 2781 κακοῖς
1354 2720 1645 2791 ἀφέλωμαι
1698 2724 1797 2792 τὴν

213 2796 390 2865 ζωὴν,
415 2797 654 2852 τοιοῦτον
687 2802 783 2871 ἐμὲ
828 2804 1218 2874 ζημιώσαντας
1258 2815 1623 2885 στρατιώτην
1659 2819 1794 2885 ὑμέ-

208 2904 376 2956 τερον
408 2891 515 2962 γὰρ
546 2891 613 2946 ἂν
641 2894 727 2964 εἴη
766 2899 923 2951 τοῦτο
960 2902 1051 2955 καὶ
1077 2904 1176 2972 οὐχ
1226 2905 1438 2975 ἑτέρου.
1470 2907 1533 2959 Oi
1562 2909 1619 2960 δὲ
1651 2911 1796 2980 μάρ-

207 2999 379 3052 τυρες
412 2986 470 3036 ἐν
502 2988 693 3056 μηδενὶ
719 2991 844 3055 τοὺς
875 2993 1067 3059 λόγους
1100 2996 1267 3049 αὑτοῦ
1314 2999 1649 3069 ποιούμενοι,
1691 3004 1799 3057 Μι-

208 3077 370 3145 κρὸν,
395 3072 570 3145 εἷπον,
596 3082 915 3153 ἀνάμεινον,
933 3088 1184 3155 δικαστά,
1211 3090 1304 3143 καὶ
1322 3091 1388 3145 τὰ
1410 3092 1549 3146 ὅπλα
1572 3095 1669 3163 τῆς
1702 3096 1797 3149 νῦν

213 3174 531 3241 στρατείας,
564 3169 653 3228 οἷα
686 3181 1067 3248 κατανοήσεις.
1094 3183 1185 3252 Τῷ
1220 3187 1328 3255 γάρ
1378 3187 1487 3241 τῶν
1542 3191 1794 3255 ἀγγέλων
1823 3188 1865 3244 C

207 3265 461 3333 τάγματι
497 3269 588 3319 τὸν
617 3268 786 3341 ἄνδρα
831 3276 1338 3346 προσενηνόχαμεν.
1366 3281 1568 3333 Τούτου
1596 3280 1792 3353 ρηθέν-

205 3374 329 3419 τος,
372 3361 399 3410 ὁ
430 3360 531 3429 μὲν
563 3362 776 3417 πείθειν
808 3367 1083 3438 ἐπεχείρει
1120 3371 1243 3437 τοὺς
1289 3374 1478 3442 ἁγίους
1507 3377 1794 3432 συνθέσθαι

207 3455 281 3523 τῆ
316 3453 566 3527 ἀσεϐείᾳ,
590 3462 686 3511 καὶ
718 3461 909 3514 Θυσίαν
936 3467 1049 3528 τοῖς
1089 3468 1342 3536 ματαίοις
1400 3477 1796 3539 προσενεγκεῖν

209 3546 240 3596 6
298 3545 551 3613 μάταιοςο
582 3553 628 3602 oi
667 3552 724 3604 δὲ
785 3555 918 3623 μηδὲ
962 3558 1024 3609 τὸ
1087 3556 1174 3619 οὓς
1228 3560 1363 3622 ὂλως
1420 3562 1655 3627 διδόντες
1686 3570 1798 3629 τοῖς

216 3637 391 3691 αὐτοῦ
412 3640 676 3708 ῥήμασιν,
704 3646 1076 3716 ἁνθυπέφερον
1113 3664 1127 3678 ⁸
1162 3668 1179 3703 ι
1208 3651 1331 3707 Θεοὶ
1358 3654 1406 3708 οἳ
1446 3656 1536 3708 τὸν
1569 3659 1799 3728 οὐρανὸν

219 3728 320 3780 καὶ
352 3728 448 3796 τὴν
478 3734 581 3800 γῆν
606 3733 705 3786 οὐκ
732 3737 1017 3807 ἐποίησαν,
1050 3742 1457 3801 ἁπολέσθωσαν.
1488 3768 1505 3798 ι
1538 3750 1675 3801 Μεθ’
1705 3749 1799 3812 οὓς

208 3823 238 3872 ὀ
276 3821 548 3891 μακάριος
582 3826 814 3899 Οὔαρος,
843 3832 1064 3900 μείζονα
1092 3835 1188 3903 τὴν
1228 3836 1399 3904 ὀργὴν
1439 3840 1693 3903 ἐξάπτων
1720 3842 1797 3913 τῷ

213 3916 470 3984 δικαστῇ,
501 3915 564 3968 Τί
595 3921 895 3987 πράγματα
928 3925 1213 3994 παρέχεις,
1246 3926 1424 3996 ἔλεγε,
1459 3934 1571 3993 τοῖς
1598 3934 1797 4000 ἁγίοις,

219 4014 387 4079 μωρὰ
405 4012 576 4077 λέγων
598 4013 692 4064 καὶ
711 4014 790 4081 είς
816 4015 966 4069 οὐδὲν
990 4020 1271 4091 χρήσιμα;
1308 4040 1326 4073 ι
1367 4026 1425 4077 Ὀ
1456 4026 1565 4090 γὰρ
1589 4028 1795 4095 μωρὸς,

218 4106 387 4173 φησί,
406 4105 563 4176 μωρὰ
586 4106 833 4178 λαλήσει.
857 4128 876 4163 ι
903 4112 1161 4180 (Ἡσαΐας
1183 4116 1210 4166 6
1234 4116 1407 4186 μέγας
1425 4135 1504 4170 σοι
1520 4118 1677 4173 τοῦτο
1705 4121 1799 4175 καὶ

218 4200 327 4253 οὐκ
356 4200 487 4268 ἐγὼ)
522 4203 617 4255 καὶ
646 4204 817 4255 ταῦτα
849 4206 1417 4294 μηδὲ-ἁντοφθαλμεῖν
1443 4213 1653 4278 αὐτοῖς,
1689 4233 1799 4287 μη-

210 4293 271 4345 δὲ
310 4295 390 4355 εἰς
420 4293 610 4360 λόγους
636 4296 770 4359 ὅλως
809 4297 945 4351 ίέναι
970 4293 1289 4369 δυνάμενος.

1898 610 1987 665 ubi
2026 614 2156 666 est?
2203 613 2313 668 Hoc
2361 616 2532 678 dicto.
2571 618 2774 673 cursim
2806 622 2987 674 statim
3029 638 3059 676 e
3094 623 3246 676 turba
3282 640 3465 694 egres-

1894 718 1988 757 sus
2028 706 2478 773 praeclarissimus
2517 710 2725 775 Varus,
2780 721 2942 767 stans
2993 714 3043 767 in
3089 716 3266 769 medio
3336 716 3467 769 dicit

1895 796 2109 866 priesidi
2148 816 2160 850 :
2201 797 2293 852 ille
2320 801 2545 869 quidem
2587 804 2697 872 jam
2727 804 2820 859 diu
2859 804 3056 860 abhinc
3106 820 3168 859 ex
3211 807 3313 859 hac
3358 808 3464 861 vita

1894 891 2152 951 excessit,
2192 902 2489 947 meantem
2540 910 2697 949 suum
2758 896 3031 951 haredem
3095 899 3353 953 instituit.
3409 898 3466 954 Si

1894 984 2021 1055 quid
2075 1000 2205 1057 ergo
2264 987 2332 1041 ab
2385 987 2475 1043 illo
2539 988 2863 1053 debebatur,
2901 990 3091 1045 adsum
3145 991 3258 1059 ipse
3289 989 3468 1045 reddi-

1898 1087 2066 1135 IUI'US.

1967 1173 2056 1227 IV.
2091 1175 2313 1230 Audivit
2347 1191 2567 1245 praeses,
2610 1186 2665 1231 et
2724 1185 2869 1230 totus
2893 1177 2958 1230 ad
3008 1175 3140 1230 iram
3191 1185 3275 1230 est
3334 1191 3469 1229 con-

1895 1280 2091 1320 versus
2124 1286 2137 1321 :
2172 1266 2308 1333 Quis
2340 1268 2427 1323 hic
2454 1270 2545 1331 sit.
2578 1267 2775 1338 inquit,
2833 1268 2998 1333 dicat,
3059 1280 3111 1322 et
3146 1285 3175 1323 e
3232 1283 3469 1337 quanam

1893 1358 1964 1412 sit
2017 1359 2252 1429 legione.
2288 1359 2384 1415 Ille
2414 1370 2596 1415 autem
2631 1379 2644 1415 :
2677 1360 2753 1415 Ex
2808 1360 3023 1431 legione
3076 1362 3296 1431 quidem
3334 1361 3474 1431 Tya-

1895 1450 2071 1510 uensi.
2104 1450 2261 1505 miles
2289 1466 2418 1509 vero
2446 1452 2647 1515 clarus,
2687 1454 2989 1524 respondit.
3023 1455 3231 1510 Praeses
3254 1465 3465 1521 autem,

1895 1560 1957 1600 ea
2011 1545 2079 1599 de
2134 1560 2299 1601 causa
2350 1547 2778 1615 obstupefactus,
2830 1549 2965 1617 Quis
3018 1550 3191 1604 malus
3235 1551 3469 1613 dtemon,

1898 1638 2093 1706 inquit.
2128 1637 2331 1700 eﬂ‘ecit.
2365 1648 2422 1693 ut
2456 1650 2506 1693 te
2534 1641 2585 1693 in
2620 1641 2969 1696 manifestum
3020 1642 3329 1710 impelleres
3374 1656 3468 1709 pe.

1897 1731 2153 1794 riculum,
2198 1742 2255 1787 ut
2278 1740 2333 1788 et
2360 1734 2652 1803 gloriosam
2701 1745 2849 1789 tuam
2898 1734 3171 1795 militiam,
3201 1744 3256 1787 et
3309 1749 3470 1802 quam

1825 1851 1865 1904 Β
1894 1834 1954 1873 ex
1992 1834 2054 1873 ea
2083 1822 2250 1875 habes
2309 1833 2569 1878 tesseram
2604 1823 3039 1887 frumentariam,
3087 1824 3242 1877 nihili
3281 1823 3470 1882 facias.

1895 1922 1951 1967 et
1980 1924 2124 1967 tuam
2183 1915 2418 1969 animam
2458 1916 2513 1969 in
2563 1926 2709 1971 tanta
2750 1918 2887 1971 mala
2953 1918 3209 1987 injicias?
3274 1917 3473 1970 Beatus

1896 2012 2075 2060 autem
2116 2008 2290 2062 Varus
2324 2025 2338 2061 :
2371 2008 2598 2069 Panem,
2634 2009 2828 2078 inquit,
2864 2012 2954 2078 qui
2984 2010 3051 2064 de
3075 2010 3214 2064 coelo
3245 2011 3476 2063 descen-

1897 2099 1997 2158 dit.
2035 2107 2087 2152 et
2124 2100 2372 2155 divinum
2404 2102 2629 2156 calicem
2676 2102 2893 2172 pretiosi
2939 2102 3219 2172 sanguinis
3267 2100 3472 2155 Christi

1899 2190 2110 2244 Domini
2142 2191 2245 2245 mei
2279 2195 2491 2259 praetuli
2533 2195 2639 2247 tuis
2687 2195 2987 2248 honoribus
3030 2207 3083 2247 et
3136 2193 3424 2262 stipendiis
3458 2211 3473 2247 :

1900 2281 2123 2350 gloriam
2170 2298 2289 2351 quae
2317 2296 2532 2351 semper
2557 2292 2762 2344 manet,
2795 2286 2843 2338 ei
2874 2301 2993 2353 quae
3033 2285 3168 2347 fluit,
3206 2295 3259 2338 et
3310 2287 3472 2339 vitam

1898 2390 2017 2443 quae
2072 2390 2345 2444 nunquam
2374 2376 2608 2437 desinit.
2642 2378 2689 2431 ei
2738 2377 2791 2431 in
2827 2394 2989 2445 quam
3038 2377 3178 2431 cadit
3221 2378 3474 2431 interitus

1900 2475 1955 2519 et
1985 2475 2065 2519 est
2090 2468 2155 2519 ad
2194 2469 2358 2522 breve
2392 2479 2625 2538 tempus.
2657 2468 2814 2523 Tunc
2854 2469 3020 2537 judex
3068 2480 3254 2538 aperte
3291 2478 3475 2522 osten-

1898 2555 2034 2609 dens
2089 2572 2146 2611 se
2196 2574 2317 2612 esse
2368 2561 2550 2613 animo
2618 2561 3011 2629 perturbatum,
3075 2563 3348 2629 aspiciens
3409 2562 3475 2615 ad

1900 2658 2148 2715 sanctos,
2187 2652 2455 2706 concitate
2481 2661 2536 2706 et
2567 2652 2761 2707 acerbe
2803 2652 2939 2706 dixit
2970 2670 2983 2705 :
3027 2652 3204 2705 Testis
3237 2654 3304 2706 sit
3344 2653 3473 2705 mihi

1901 2745 2075 2799 virtus
2132 2745 2494 2799 maximorum
2548 2745 2801 2807 deorum.
2838 2746 2990 2800 vobis
3045 2745 3195 2811 prius
3243 2744 3477 2798 adimam

1902 2840 1957 2893 in
2013 2840 2168 2893 malis
2218 2840 2408 2901 vitam,
2472 2840 2563 2910 qui
2607 2857 2692 2894 me
2754 2840 2844 2895 tali
2893 2838 3063 2892 milite
3114 2838 3475 2901 privaveritis.

1903 2934 2015 2985 Hoc
2047 2933 2192 2985 enim
2229 2932 2395 2985 fuerit
2424 2944 2685 2993 vestrum.
2715 2945 2769 2987 et
2798 2950 2905 2987 non
2940 2933 3187 2989 alterius.
3216 2932 3478 3001 Martyres

1902 3035 2082 3081 autem
2140 3025 2302 3080 verba
2364 3024 2484 3093 ejus
2547 3024 2996 3087 nihilifacientes,
3059 3027 3324 3095 Exspecta
3376 3042 3475 3094 pa-

1905 3135 2149 3188 rumper,
2180 3120 2461 3182 dixerunt,
2492 3134 2525 3173 o
2554 3119 2743 3188 judex,
2792 3129 2847 3174 et
2895 3119 3105 3174 videbis
3144 3120 3324 3189 qualia
3369 3122 3480 3178 sint

1899 3226 2045 3263 arma
2076 3211 2241 3278 hujus
2290 3211 2518 3263 militia}.
2554 3212 2633 3264 Ad
2670 3212 2917 3264 ordinem
2962 3213 3105 3265 enim
3163 3215 3478 3282 angelorum

1900 3301 2177 3354 hominem
2209 3300 2556 3355 adduximus.
2585 3300 2699 3355 Hoc
2730 3301 2899 3367 dicto,
2930 3302 3016 3357 ille
3057 3303 3274 3372 quidem
3313 3304 3481 3359 cona-

1902 3394 2061 3451 batur
2101 3391 2427 3461 persuadere
2458 3394 2687 3456 sanctis,
2725 3403 2784 3447 ut
2835 3396 3241 3449 assentirentur
3290 3396 3481 3465 impie-

1902 3485 2021 3547 tati,
2074 3494 2128 3538 et
2176 3484 2339 3537 rebus
2390 3485 2548 3537 vanis
2607 3481 2872 3536 offerrent
2953 3484 3306 3546 sacuilicium,
3364 3484 3482 3552 ipse

1899 3576 2059 3645 plane
2097 3588 2267 3627 vanus
2296 3584 2349 3626 et
2381 3575 2633 3628 stolidus.
2670 3575 2747 3628 llli
2790 3584 2970 3631 autem
3010 3589 3081 3629 ne
3112 3589 3301 3629 auerm
3354 3576 3477 3645 qui-

1901 3670 2024 3724 dem
2054 3668 2174 3737 ejus
2231 3665 2412 3720 verbis
2473 3666 2807 3737 praebentes,
2859 3676 3051 3720 contra
3111 3664 3479 3720 referebant:

1907 3780 1925 3813 ι
1987 3761 2086 3820 Dii,
2149 3760 2240 3826 qui
2270 3761 2469 3813 coelum
2523 3768 2578 3812 et
2630 3769 2830 3811 terram
2886 3773 2994 3810 non
3065 3756 3332 3822 fecerunt,
3388 3772 3484 3827 pe-

1902 3855 2094 3910 reaut‘
2129 3856 2175 3907 ι»
2208 3854 2336 3909 Post
2374 3866 2511 3920 quos
2564 3850 2759 3905 beatus
2796 3850 2968 3904 Varus
3018 3849 3152 3902 iram
3191 3850 3358 3917 magis
3389 3864 3482 3901 ac—

1902 3950 2165 4012 cendens,
2197 3946 2389 4013 iudici,
2422 3944 2591 4009 Quid,
2639 3944 2795 4006 dixit,
2853 3944 3057 3998 sanctis
3103 3944 3327 3997 exhibes
3364 3956 3481 3995 mo-

1903 4036 2133 4097 lestiam,
2184 4034 2347 4086 stulta
2379 4032 2590 4093 dicens,
2622 4039 2677 4083 et
2710 4032 2774 4084 ad
2822 4032 2958 4083 nihil
2999 4031 3192 4082 utilia?
3222 4049 3239 4079 ι
3274 4028 3486 4089 Stultus

1902 4137 2084 4182 autem
2117 4126 2282 4181 stulta
2310 4124 2627 4194 loquetur'.
2664 4142 2680 4175 ι
2744 4123 2992 4194 (Magnus
3045 4122 3210 4177 Isaias
3246 4120 3348 4174 hoc
3384 4121 3482 4174 tibi

1902 4221 2055 4283 dicit,
2089 4228 2142 4272 et
2176 4234 2282 4272 non
2315 4226 2436 4287 ego)
2468 4218 2629 4286 idque
2657 4230 2783 4270 cum
2819 4230 2918 4270 nec
2944 4230 3041 4270 eos
3084 4215 3303 4284 quidem
3354 4228 3486 4267 con-

1906 4324 1986 4367 tra
2021 4312 2249 4375 intueri,
2282 4325 2385 4363 nec
2418 4324 2541 4363 cum
2573 4310 2653 4362 eis
2701 4309 2927 4361 omnino
2967 4307 3220 4361 conferre
3269 4318 3481 4359 sermo-

1906 4420 2031 4460 nem
2064 4404 2219 4467 velis,
2250 4402 2331 4455 vel
2364 4402 2547 4469 potius
2574 4415 2683 4453 nou
2719 4399 2912 4469 possis.

289 4477 368 4529 E’.
394 4476 611 4531 Τούτων
661 4480 902 4545 ἀκούσας
932 4484 1136 4545 ἐκεῖνος
1174 4486 1272 4537 ούκ
1303 4484 1382 4537 ἔτι
1414 4486 1679 4548 καθεκτὸς
1706 4486 1793 4561 ἦν,

1975 4500 2037 4553 ν.
2080 4497 2203 4551 Haec
2230 4512 2351 4552 cum
2390 4496 2478 4550 ille
2512 4494 2795 4557 audiisset,
2841 4507 2951 4547 non
2998 4501 3212 4562 poterat
3251 4490 3483 4560 amplius

216 4567 357 4623 ἀλλὰ
409 4567 583 4638 θυμοῦ
616 4569 859 4631 πλείονος
891 4571 1179 4639 πλησθεὶς.
1226 4575 1319 4627 ἐπὶ
1352 4576 1511 4638 ξύλου
1553 4581 1650 4648 μὲν
1704 4582 1796 4633 τὸν

215 4658 437 4730 Οὔαρον
494 4661 850 4728 μετεωρίζειν
901 4663 1145 4717 ἐκέλευε.
1172 4666 1312 4735 Πρὸς
1344 4668 1401 4721 δὲ
1429 4672 1553 4734 τοὺς
1583 4672 1795 4739 ἁγίους,

225 4755 358 4807 Ἐὰν
388 4752 486 4821 τῆς
527 4753 703 4822 ὑμῶν,
748 4748 920 4818 εἶπεν,
952 4756 1255 4821 ὲνστὰσεως
1311 4761 1550 4828 ἡττηθῶ,
1577 4764 1797 4831 ἔξαρνος

214 4847 440 4907 πάντως
481 4847 575 4899 καὶ
624 4850 721 4916 τῆς
756 4848 864 4899 τῶν
899 4848 1036 4902 θεῶν
1086 4851 1279 4920 ἔσομαι
1311 4854 1587 4924 λατρείας.
1614 4858 1797 4920 Ούτως

218 4940 445 5007 ἰσχυρόν
472 4957 522 4991 τι
550 4939 649 4992 καὶ
698 4940 975 5008 αὐστηρὸν
1014 4946 1043 5013 ἡ
1082 4945 1331 5014 ἀλήθεια,
1378 4951 1471 5002 καὶ
1508 4950 1798 5006 ἀσθένειαν

215 5031 479 5094 πολλάκις
533 5034 813 5105 διελέγχον
866 5034 1065 5105 ψυχῆς,
1096 5040 1282 5108 φέρειν
1327 5042 1495 5113 αὐτῆς
1529 5043 1625 5111 τὴν
1657 5048 1799 5095 ἐλευ-

216 5121 408 5193 θερίαν
445 5123 505 5174 ού
541 5124 948 5194 δυναμένης.οὶ
981 5129 1034 5180 δὲ
1070 5130 1160 5181 τοῦ
1197 5131 1432 5199 Χριστοῦ
1493 5136 1793 5203 μάρτυρες,

214 5216 527 5284 Δοκίμασὸν
558 5234 650 5269 σου
686 5218 822 5281 τέως
848 5218 946 5288 τὴν
992 5221 1331 5285 δυναστείαν,
1358 5228 1666 5297 είρήκασιν,
1703 5229 1797 5280 ἐπὶ

214 5309 317 5361 τοῦ
350 5309 618 5378 παρόντος
647 5311 803 5379 ἡμῶν
834 5312 1065 5381 ἁδελφοῦ
1088 5332 1100 5344 ·
1130 5313 1221 5368 κάὶ
1248 5317 1361 5383 εἴγε
1394 5318 1584 5371 τούτου
1618 5322 1799 5392 κρείτ-

215 5416 330 5453 των
356 5401 549 5471 ὀφθῇς,
604 5403 726 5455 τότε
760 5405 897 5473 τάχα
934 5409 1026 5458 καὶ
1075 5408 1161 5473 ἐφ’
1212 5410 1362 5476 ἡμᾶς
1420 5412 1672 5479 χρηστῶν
1699 5415 1799 5467 οὐκ

221 5492 552 5565 ἁμοιρήσεις
595 5494 846 5552 ἐλπίδων.
900 5499 1040 5567 [Ιρδς
1094 5499 1267 5553 ταῦτα
1304 5504 1332 5553 ὁ
1377 5503 1640 5571 δικαστὴς
1687 5510 1799 5566 τοῖς

225 5584 326 5656 μιν
358 5586 540 5651 ἁγίοις
589 5587 678 5666 τά¹
706 5588 1069 5657 χαλεπώτατα
1121 5593 1448 5663 ἀπειλήσας,
1491 5597 1583 5648 τοῦ
1639 5598 1797 5661 ξύλου

1895 4591 2163 4655 cohiberi,
2214 4590 2306 4644 sed
2356 4589 2561 4658 majore
2622 4588 2703 4640 ira
2768 4586 3001 4656 plenus,
3047 4584 3209 4652 jussit
3261 4582 3481 4649 quidem

1898 4688 2093 4742 Varum
2151 4683 2201 4734 in
2257 4682 2401 4751 ligno
2450 4680 2734 4733 sublimem
2786 4676 2992 4730 extolli.
3030 4675 3244 4727 Sanctis
3298 4681 3477 4725 autem

1895 4777 2031 4834 dixit
2064 4794 2076 4827 :
2106 4776 2159 4830 Si
2198 4776 2350 4829 fuero
2383 4790 2411 4826 a
2443 4782 2621 4827 vestra
2654 4779 2944 4841 superatus
2988 4767 3294 4823 constantia
3317 4809 3330 4830 ,
3365 4766 3480 4820 cul—

1898 4882 2008 4924 tum
2044 4882 2261 4937 quoque
2290 4865 2515 4920 deorum
2568 4865 2793 4918 omnino
2844 4861 3144 4931 abnegabo.
3194 4861 3343 4914 Adeo
3397 4874 3481 4911 res

1900 4961 2071 5014 valida
2124 4969 2179 5011 et
2220 4956 2361 5009 acris
2417 4965 2499 5010 est
2564 4954 2786 5017 veritas,
2846 4959 2899 5006 et
2932 4966 3053 5021 qum
3103 4966 3245 5018 saepe
3305 4951 3483 5019 arguit

1898 5053 2066 5108 animi
2123 5049 2575 5110 imbecillitatem,
2633 5045 2725 5115 qui
2783 5060 2890 5097 non
2934 5050 3112 5112 potest
3161 5040 3282 5108 ejus
3339 5041 3479 5097 ferre

1898 5147 2224 5200 libertatem.
2257 5141 2458 5195 Christi
2492 5149 2672 5192 autem
2711 5148 2972 5204 martyres
3000 5172 3015 5195 ,
3059 5132 3321 5203 Experire
3344 5172 3359 5192 .
3398 5132 3481 5186 di—

1902 5244 2117 5297 xerunt,
2152 5236 2203 5287 in
2239 5235 2343 5287 hoc
2386 5242 2574 5285 nostro
2618 5229 2780 5283 fratre
2823 5226 2950 5295 quid
2992 5228 3202 5297 possis;
3240 5235 3294 5277 et
3337 5225 3380 5278 si
3414 5240 3480 5279 eo

1904 5329 2068 5385 fueris
2109 5328 2357 5397 superior
2408 5324 2679 5387 fortassis,
2721 5332 2781 5375 ut
2827 5336 3037 5390 speras,
3082 5319 3133 5370 in
3189 5317 3347 5372 nobis
3393 5332 3481 5372 res

1900 5435 2113 5491 quoque
2150 5430 2293 5473 recte
2339 5416 2616 5470 succedet.
2650 5416 2731 5469 Ad
2775 5414 2890 5468 hac
2930 5412 3096 5482 judex
3124 5426 3246 5463 cum
3274 5410 3479 5465 sanctis

1898 5509 2116 5581 quidem
2152 5516 2293 5563 esset
2320 5508 2555 5561 minatus
2586 5504 2927 5575 gravissima,
2958 5502 3115 5571 jubet
3158 5502 3211 5554 in
3257 5500 3485 5569 cippum

1901 5603 2020 5657 duci
2073 5612 2402 5672 martyrem:
2460 5610 2513 5653 et
2554 5598 2777 5668 perinde
2828 5610 2890 5648 ac
2931 5596 2975 5649 si
3000 5594 3335 5649 existimaret
3370 5609 3477 5646 non

226 5679 621 5749 κατενεχθῆναι
678 5683 1001 5753 προστάττει
1027 5685 1116 5737 τὸν
1144 5686 1417 5757 μάρτυραο
1454 5690 1547 5741 καὶ
1605 5690 1793 5763 ὧσπερ
1849 5716 1946 5764 oux
2000 5695 2189 5764 ἱκανὴν
2240 5693 2489 5760 νομίσας.
2544 5692 2677 5759 πρὸς
2701 5689 2939 5742 τοίῖῦτον
2961 5688 3176 5755 εὐγενὲς
3206 5690 3477 5757 φρόνημα.

298 5821 541 5879 'Jerem.
585 5826 756 5885 x,11.
838 5829 854 5857 ’
880 5826 982 5883 lsa.
1018 5844 1185 5886 xxxii.
1222 5830 1272 5881 6.
