3990 6494
489 413 628 475 1141

1767 415 2048 477 MENSIS
2087 414 2449 477 OCTOBER.

3612 415 3764 482 1H8

486 527 738 583 sullieere
777 526 878 582 hoc
939 529 1262 599 supplicium
1298 531 1556 588 adversus
1595 544 1698 588 tam
1745 549 2064 602 generosum

2193 535 2266 586 ta‘t
2301 533 2656 603 παρασκευὴν
2685 532 2862 602 ψυχῆς
2901 533 3000 604 τὴν
3031 533 3250 586 κόλασιν
3299 533 3529 602 ταύτην,
3559 535 3764 602 ίμᾶσιν

482 631 536 675 et
573 631 680 674 tam
717 619 856 674 bene
888 620 1212 676 instructum
1241 624 1502 692 animum,
1528 627 1690 694 jussit
1723 637 1780 681 ut
1808 636 2064 680 extensus

484 713 640 772 loris,
699 713 750 765 in
806 722 948 767 terra
1000 714 1304 768 caederetur
1359 719 1672 783 crudeliter,
1723 719 1920 781 deinde
1970 733 2066 788 per

486 817 720 875 quatuor
771 808 917 863 viros
969 819 1239 872 tractum,
1289 813 1482 866 validis
1532 813 1697 869 clavis
1755 812 1962 867 conteri
2013 820 2068 865 et

487 901 788 972 confringi.
828 903 974 956 Forti
1009 920 1136 974 ergo
1176 915 1230 959 et
1258 922 1521 975 generoso
1553 909 1736 960 animo
1772 907 1885 959 haec
1931 907 2066 958 mala

489 994 669 1050 ferens
731 997 966 1054 athleta.
1021 998 1087 1050 ad
1137 1008 1356 1051 sanctos
1415 1000 1670 1053 omnibus
1723 999 2068 1054 audientibus

489 1103 789 1141 conversus
824 1106 836 1140 :
867 1089 1176 1143 Benedicite
1202 1089 1404 1143 latitulo
1429 1099 1629 1152 vestro,
1661 1091 1831 1143 saneti
1865 1100 2065 1158 patres,

491 1179 686 1247 inquit.
733 1180 1059 1234 henedicite.
1115 1177 1340 1250 Rogata,
1384 1190 1441 1235 ut
1491 1181 1620 1234 mihi
1674 1182 1818 1236 vires
1871 1182 2070 1236 conﬁr-

491 1278 710 1321 mentur
757 1284 784 1322 a
829 1268 1081 1328 Domino.
1137 1279 1191 1321 et
1241 1283 1325 1322 me
1360 1269 1474 1337 ejus
1521 1270 1741 1324 dextera
1787 1271 2070 1339 suscipiat.

490 1357 654 1412 Novit
681 1359 826 1412 enim
860 1359 1153 1413 humanam
1193 1361 1640 1424 imbecillitatem,
1675 1363 1763 1430 qui
1809 1378 1926 1416 eam
1959 1363 2072 1430 ipse

489 1464 707 1517 quoque
739 1459 948 1518 gestare
977 1451 1167 1514 voluit,
1195 1461 1249 1506 et
1288 1451 1424 1505 dixit
1462 1471 1474 1504 :
1515 1471 1532 1503 ι
1569 1451 1805 1522 Spiritus
1851 1454 2070 1522 quidem

491 1550 777 1607 promptus
827 1551 930 1606 est,
978 1557 1106 1596 caro
1148 1553 1328 1596 autem
1369 1543 1580 1597 inlirma
1607 1545 1648 1598 ³.
1693 1564 1709 1596 ι
1741 1543 1922 1600 Sancti
1973 1545 2074 1614 igi-

495 1633 606 1689 tur,
658 1645 784 1682 cum
833 1632 1020 1686 oculos
1078 1633 1133 1686 in
1194 1634 1394 1687 caelum
1451 1635 1842 1696 sustulissent,
1909 1634 2070 1697 Deus,

493 1720 770 1786 dixerunt,
801 1722 940 1776 Dens
971 1723 1254 1786 virtutum,
1284 1726 1397 1792 ipse
1424 1727 1635 1779 emittet
1679 1726 1772 1780 tibi
1823 1726 2073 1781 virtutem

497 1828 563 1864 ex
594 1813 724 1873 alto,
755 1823 810 1866 et
841 1814 1003 1883 capiti
1038 1825 1128 1869 tuo
1161 1815 1400 1885 imponet
1436 1817 1640 1886 galeam
1668 1819 1880 1881 salutis,
1927 1831 1979 1873 et
2021 1830 2070 1874 te

498 1901 688 1955 induet
719 1903 1057 1957 vestimentis
1103 1904 1346 1958 ultionis.
1391 1902 1580 1958 Manus
1627 1905 1772 1959 illius
1819 1904 2076 1962 defendet

497 2004 569 2055 te,
610 2001 663 2046 et
691 1995 970 2048 brachium
1007 2004 1056 2048 te
1086 1995 1483 2059 corroborabit,
1526 2004 1582 2050 et
1621 1997 1904 2065 praeclaras
1937 2013 2074 2067 prae-

498 2084 647 2138 bebit
673 2087 923 2141 victorias
963 2099 1148 2142 contra
1189 2089 1577 2142 adversarium.
1606 2108 1623 2141 ι
1659 2089 1901 2161 Exsurge
1927 2106 2076 2161 ergo,

498 2192 749 2247 exsurge,
782 2179 1005 2232 induere
1063 2177 1382 2236 fortitudine
1425 2181 1636 2236 brachii
1689 2184 1763 2236 tui
1825 2181 1868 2245 ⁸,
1905 2201 1922 2232 ι
1978 2182 2078 2234 hoc

501 2269 720 2323 discens
750 2285 779 2322 a
815 2270 995 2324 divina
1030 2271 1334 2342 Scriptura,
1371 2284 1428 2326 et
1466 2274 1645 2327 sciens
1679 2275 1855 2340 qualis
1881 2273 1949 2328 ab
1973 2276 2080 2328 alto

500 2357 642 2410 adsit
682 2359 840 2412 nobis
876 2361 1108 2428 adjutor,
1140 2371 1194 2414 et
1223 2361 1457 2428 qualium
1497 2362 1764 2416 bonorum
1803 2364 2080 2432 perceptio

502 2464 599 2502 eos
650 2460 854 2512 manet,
905 2451 997 2520 qui
1046 2462 1268 2521 propter
1313 2452 1461 2507 illum
1507 2455 1621 2508 haec
1671 2457 1778 2524 pati
1832 2456 2083 2511 lubenter

503 2536 816 2592 voluerunt.
859 2539 1056 2612 Martyr
1091 2550 1272 2595 autem
1324 2543 1524 2597 Christi
1560 2559 1683 2597 cum
1727 2546 1934 2598 interea
1963 2561 2086 2599 ver-

502 2631 810 2691 beraretur,
852 2642 906 2685 et
941 2634 1344 2700 quodammodo
1392 2635 1620 2688 sentiret
1659 2651 1878 2689 manum
1926 2651 2082 2706 Opem

501 2737 533 2774 e
564 2725 702 2777 ccelo
733 2723 1022 2789 ferentem,
1068 2725 1120 2779 in
1164 2727 1524 2782 exsultatione
1556 2729 1750 2783 animae
1793 2731 1929 2784 dixit
1953 2746 2083 2784 san-

505 2815 609 2868 ctis
638 2833 650 2865 :
677 2814 837 2868 Nulla
860 2827 1081 2884 propter
1109 2834 1195 2870 me
1223 2819 1441 2872 tristitia
1475 2821 1672 2874 subeat
1692 2823 1853 2874 corda
1881 2833 2078 2875 vestra.

509 2904 646 2960 Ecce
686 2908 832 2960 enim
869 2918 1064 2961 vestrae
1105 2922 1315 2976 preces,
1362 2926 1482 2979 qua:
1529 2912 1636 2964 Deo
1674 2921 2084 2980 persuaserunt,

504 3013 694 3065 aspera
734 3007 998 3053 tormenta
1033 3001 1193 3068 plana
1245 3001 1544 3059 ellecerunt
1591 3013 1645 3056 et
1692 3002 1852 3068 levia,
1887 3012 1940 3058 et
1973 3019 2091 3058 mo-

504 3092 715 3147 lestiam
772 3105 1054 3146 mutarunt
1108 3095 1163 3146 in
1210 3095 1620 3160 recreationem,
1686 3101 1823 3150 adeo
1889 3107 2090 3150 utnec

507 3184 690 3254 plagas
722 3185 940 3252 quidem
970 3187 1222 3240 sentiam.

577 3295 669 3349 Vl.
701 3294 832 3350 Post
864 3297 979 3352 haec
1015 3314 1203 3351 rursus
1233 3316 1516 3370 aggressus
1549 3313 1630 3357 est
1680 3314 1941 3373 tyrannus
1969 3322 2088 3374 per-

507 3387 761 3447 suadere,
797 3397 851 3440 et
879 3388 1135 3442 athletam
1167 3391 1442 3445 attrahere
1473 3393 1536 3444 ad
1587 3396 1915 3462 negandum,
1949 3397 2090 3450 bona

507 3478 553 3530 ei
595 3479 879 3546 pollicens,
913 3489 967 3533 et
1002 3481 1194 3534 horum
1230 3481 1493 3551 ipsorum,
1524 3500 1642 3551 qua:
1667 3487 1945 3550 sustinuit,
1979 3495 2092 3545 tor-

508 3581 840 3632 mentorum,
884 3588 994 3624 non
1031 3574 1086 3625 in
1114 3573 1288 3638 illum,
1323 3575 1416 3628 sed
1443 3577 1495 3628 in
1527 3576 1660 3629 alios
1701 3577 1906 3632 Christi
1946 3597 2091 3632 mar-

509 3673 656 3731 tyres
682 3662 893 3730 culpam
926 3663 1233 3718 conferens.
1262 3667 1556 3733 Postquam
1589 3677 1767 3722 autem
1807 3671 1938 3726 vidit
1975 3686 2098 3726 san-

511 3763 656 3806 ctum
682 3755 869 3808 callida
904 3756 1046 3810 illius
1088 3757 1307 3811 inventa
1339 3757 1571 3827 amplius
1622 3761 1961 3824 irridentem,
2015 3765 2090 3818 ira

513 3848 682 3916 magis
729 3862 1010 3911 accensus,
1062 3848 1218 3917 jubet
1264 3846 1463 3901 Varum
1512 3865 1701 3903 rursus
1741 3856 1998 3920 suspendi
2040 3857 2092 3909 in

514 3942 661 4009 ligno
704 3951 1022 4008 comparato
1082 3943 1146 3994 ad
1203 3943 1585 4010 torquendum,
1639 3953 1694 3997 et
1746 3958 1868 3998 eum
1905 3945 2096 4002 terreis

513 4033 746 4101 discerpi
784 4033 1018 4102 ungulis.
1049 4033 1184 4088 Cum
1229 4043 1406 4087 autem
1452 4037 1694 4105 martyri,
1744 4038 1872 4092 dum
1925 4040 2097 4096 caede-

516 4131 665 4173 retur
697 4135 917 4188 corpus,
962 4121 1209 4189 plurima;
1249 4117 1440 4174 carnes
1480 4122 1534 4175 in
1571 4132 1767 4177 terram
1814 4127 2094 4195 caderent,

515 4223 571 4266 et
598 4213 744 4267 illius
790 4215 1058 4282 sanguine
1089 4215 1264 4266 solum
1308 4225 1711 4279 cruentaretur,
1762 4218 1937 4273 bonus
1975 4224 2098 4288 qui-

517 4306 640 4357 dem
667 4303 869 4370 -Varus,
903 4316 1158 4373 tanquam
1215 4304 1347 4358 nihil
1406 4305 1636 4374 patiens,
1686 4315 1804 4361 erat
1834 4308 2095 4376 quietus:

517 4397 721 4450 sanctis
759 4406 939 4450 autem
970 4398 1204 4468 graviter
1235 4396 1463 4454 allectus
1495 4409 1612 4454 erat
1638 4399 1874 4465 animus,
1906 4413 1961 4456 et
2001 4417 2099 4457 eo-

520 4502 641 4539 rum
671 4487 881 4540 viscera
927 4488 1274 4542 laniabantur
1307 4499 1529 4557 prnptet‘
1565 4490 1734 4542 animi
1777 4492 2096 4548 consensio-

2115 3235 2164 3299 ο

2166 625 2336 694 ὠμοῖς
2374 625 2475 695 ἔφη
2507 625 2646 678 κατὰ
2680 626 2782 695 γῆς
2823 625 3055 678 ταθὲντα
3099 626 3486 692 μαστίζεσοαι,
3515 621 3639 678 εἶτα
3664 625 3762 678 διὰ

2166 718 2447 788 τεσσάρων
2482 718 2768 784 ἑλκόμενον
2804 717 3059 788 ῥοπάλοις
3086 717 3265 784 ἀδροῖς
3295 717 3631 770 συνῡλᾶσθαι
3658 719 3761 770 καὶ

2169 807 2614 878 κατατρίϐεσθαι.
2658 809 2925 871 Γενναίως
2955 805 3047 862 οὖν
3078 809 3141 861 τά
3173 809 3323 862 δεινά
3366 809 3543 862 ταῦτα
3568 810 3758 877 φέρων

2168 904 2194 954 ὁ
2220 901 2449 970 ἀθλητὴς
2483 902 2615 970 προς
2642 902 2765 962 τοὺς
2795 902 2982 966 ἁγίους
3008 902 3062 952 ἐν
3095 901 3314 970 ὲπηκὸῳ
3349 901 3573 952 πάντων
3624 902 3758 952 ἐπι-

2171 995 2446 1061 στραρεὶς,
2467 992 2806 1061 Εὑλογήσατε
2821 993 2910 1043 τον
2924 992 3109 1044 δοῦλον
3133 992 3306 1057 ὑμῶν,
3327 991 3564 1059 πατέρες
3583 991 3753 1058 ἅγιοι,

2171 1085 2354 1152 φησὶν,
2388 1084 2739 1148 εὐλογήσατε·
2767 1083 2997 1146 εῦξασϐε
3026 1085 3173 1149 παρὰ
3201 1082 3409 1151 Κυρίου
3436 1083 3757 1149 ἐνδυναμω-

2172 1174 2328 1241 θῆναι
2379 1191 2443 1240 με
2501 1175 2593 1225 καὶ
2626 1174 3007 1227 άντιλαΰὲσοαι
3049 1191 3146 1241 μου
3200 1173 3294 1244 τὴν
3327 1173 3490 1226 αὑτοῦ
3550 1174 3754 1238 δεξιάν.

2173 1263 2294 1317 Οἵδε
2343 1265 2450 1334 γάρ
2487 1266 2646 1326 αὐτὸς
2706 1268 2805 1334 τὴν
2868 1265 3218 1336 ἀνθρωπίνην
3272 1264 3761 1318 άσθένειαν.ὀκαὶ

2173 1356 2399 1424 φορέσαι
2429 1357 2630 1426 ταύτην
2647 1355 3396 1423 καττδεξάμενος,κα“ιεἰπὼν
3416 1357 3496 1407 ὅτι
3529 1355 3633 1406 «Τὸ
3658 1355 3760 1422 μὲν

2175 1446 2392 1515 πνεῦμα
2409 1448 2706 1515 πρόθυμον,
2731 1449 2762 1515 ἡ
2788 1447 2843 1498 δέ
2866 1447 3000 1516 σάρξ
3017 1447 3264 1516 ἀσθενής.
3289 1467 3305 1496 ι
3332 1449 3395 1498 Οἱ
3419 1447 3475 1498 δὲ
3493 1448 3662 1507 ἅγιοι,
3687 1448 3759 1497 τὰ

2173 1540 2396 1608 ὃμματα
2425 1541 2503 1602 εἷς
2529 1539 2792 1606 οὐρανοὺς
2809 1538 3211 1600 ἀνατείναντες,
3266 1541 3307 1589 Ο
3331 1538 3487 1600 Θεὸς,
3517 1534 3694 1600 εἷπον,
3719 1539 3750 1588 ὁ

2177 1631 2309 1692 Θείς
2339 1631 2448 1682 τῶν
2479 1630 2785 1696 δυνάμεων,
2815 1629 2977 1692 αὐτὸς
3029 1628 3379 1692 ἐξαποστελεί
3411 1645 3494 1680 σοι
3526 1628 3756 1697 δύναμιν

2178 1723 2237 1787 ἐξ
2271 1723 2457 1792 ὕψους,
2493 1724 2587 1776 καὶ
2625 1723 2912 1794 περιθήσει
2944 1725 3038 1775 ἐπὶ
3083 1722 3184 1792 τὴν
3237 1722 3483 1790 κεφαλήν
3530 1738 3625 1774 σου
3660 1737 3758 1771 πε-

2181 1816 2540 1885 ρικεφαλαέαν
2575 1816 2982 1886 σωτηρίου,καὶ
3021 1816 3240 1882 ἱμάτιον
3285 1815 3626 1884 ἐκδικήσεως
3665 1828 3759 1863 πε-

2185 1908 2398 1978 ριϐαλεί
2426 1925 2506 1961 σε.
2555 1909 2619 1960 Ἦ
2647 1909 2767 1976 χεὶρ
2802 1906 3011 1958 ἐκείνου
3046 1905 3505 1974 συναντιλήψεταί
3535 1922 3638 1967 σοι,
3663 1903 3760 1956 καὶ

2177 2003 2204 2053 ὁ
2240 1999 2481 2068 βραχίων
2541 1997 2893 2066 κατισχύσει,
2927 1997 3156 2065 λαμπρά
3185 2012 3240 2046 τε
3294 1994 3577 2064 παράσχοι
3625 1993 3762 2045 κατὰ

2177 2089 2270 2141 τοῦ
2289 2087 2665 2157 ἀντικειμένου
2685 2088 2750 2139 τὰ
2767 2088 3109 2156 νικητήρια.ι
3134 2083 3439 2152 Ἐξεγείρου
3455 2081 3759 2150 τοιγαροῦν,

2181 2178 2478 2248 ἐξεγείρου,
2497 2178 2711 2230 ἔνδυσαι
2728 2178 2823 2246 τὴν
2844 2177 2998 2246 ἰσχὺν
3019 2176 3118 2229 τοῦ
3137 2175 3421 2246 βραχίονός
3449 2174 3545 2225 σου
3571 2192 3589 2223 δ
3620 2174 3764 2242 παρᾶ

2181 2272 2280 2341 τῆς
2333 2271 2484 2332 θείας
2532 2270 2692 2323 τοῦτο
2721 2271 2952 2340 Γραφῆς
3006 2269 3419 2338 διδασκόμενος,
3459 2268 3554 2319 καὶ
3587 2265 3762 2330 εἰδὼς,

2181 2361 2291 2426 οἷος
2327 2368 2456 2436 ἡμῖν
2484 2363 2690 2416 ἄνωθεν
2726 2363 3063 2432 παρίσταται
3097 2360 3313 2432 βοηθὸς,
3348 2364 3444 2414 καὶ
3478 2361 3609 2412 οἴων
3634 2361 3766 2424 άγαο

2185 2459 2293 2512 θῶν
2347 2459 2645 2517 ἀπόλαυσις
2703 2452 2988 2523 περιμένει
3035 2452 3156 2514 τοὺς
3214 2451 3281 2502 δι’
3333 2453 3544 2502 ἐκεῖνον
3597 2448 3768 2500 ταῦτα

2185 2552 2414 2617 πάσχειν
2453 2547 2896 2617 προῃρημένους.
2931 2543 2991 2594 '0
3025 2544 3079 2594 δέ
3117 2541 3209 2594 τοῦ
3263 2538 3506 2608 Χριστοῦ
3561 2540 3769 2606 μάρτυς

2186 2648 2242 2697 ἐν
2272 2645 2510 2712 τοσούτῳ
2539 2641 2896 2708 τυπτόμενος,
2920 2637 3012 2690 καὶ
3043 2637 3234 2703 ὥσπερ
3268 2637 3594 2705 αἰσθόμενος
3634 2635 3770 2686 ἄνω-

2189 2742 2280 2794 Θεν
2311 2737 2489 2809 χειρὸς
2531 2732 3038 2800 ἐπιϐοηθούσης,ἑν
3073 2729 3394 2796 ἀγαλλιάσει
3441 2728 3628 2796 ψυχῆς
3671 2727 3773 2792 ἔφη

2192 2834 2324 2902 πρὶς
2351 2833 2472 2892 τοὺς
2505 2828 2690 2895 ἁγίους
2717 2843 2731 2857 ο
2758 2823 3012 2893 Μηδεμία
3037 2822 3181 2888 λύπη
3227 2822 3322 2880 τάς
3351 2818 3511 2887 ὑμῶν
3541 2820 3771 2887 ὑποτρε-

2191 2926 2332 2995 χέτω
2385 2921 2630 2990 καρδίας,
2691 2915 2850 2988 χάριν
2885 2915 3040 2985 ἡμῶν
3067 2928 3085 2944 ⁸
3116 2913 3221 2965 ἰδοῦ
3269 2913 3373 2980 γὰρ
3409 2911 3440 2979 ἡ
3490 2908 3776 2972 Θεοπειθὴς

2193 3017 2347 3085 ὑμῶν
2377 3013 2531 3083 εὐχὴ,
2571 3014 2631 3064 τὸ
2671 3011 2844 3078 τραχὺ
2877 3008 2981 3059 τῶν
3035 3006 3280 3075 βασάνων
3314 3003 3392 3064 εἰς
3427 3003 3657 3072 ὁμαλὸν,
3697 3003 3776 3062 εἰς

2192 3110 2254 3160 τὸ
2312 3106 2517 3158 λυποῦν
2572 3106 2652 3166 είς
2707 3104 2892 3156 ἄνεσιν
2950 3097 3342 3165 μετετκεῦασε,
3374 3096 3470 3148 καὶ
3528 3093 3781 3148 τοσοῦτον

2193 3202 2300 3270 ὅσῳ
2345 3199 2475 3268 μηδέ
2515 3196 2737 3266 πληγῶν
2770 3196 2917 3265 ἡμᾶς
2951 3189 3403 3246 ἐπαισθάνεσοαι.

2270 3291 2360 3357 ς’.
2383 3291 2454 3342 Τὸ
2507 3289 2645 3357 μετὰ
2684 3287 2856 3340 ταῦτα
2916 3284 3121 3337 πείθειν
3153 3284 3178 3332 ὁ
3203 3281 3469 3350 τύραννος
3505 3279 3781 3347 ἐπεχείρει

2199 3383 2382 3444 πάλιν,
2437 3382 2530 3430 καὶ
2563 3379 2698 3446 πρὸς
2735 3377 2962 3446 ἄρνησιν
3007 3368 3151 3423 εἷλκε
3179 3373 3269 3422 τὸν
3304 3370 3568 3437 ἀθλητὴν,
3605 3369 3783 3435 ἁγαθὰ

2202 3469 2657 3540 ὑπισχνούμενος,
2687 3467 2780 3520 καὶ
2812 3464 2995 3518 αὐτῶν
3030 3457 3103 3515 ὧν
3154 3463 3282 3530 ἄχρι
3322 3459 3416 3512 τοῦ
3444 3459 3542 3510 νῦν
3578 3458 3783 3527 ὑπέστη

2203 3566 2470 3631 βασάνων,
2503 3563 2602 3614 οὐκ
2641 3563 2867 3622 ἐκεῖνον,
2894 3558 3026 3613 ἀλλὰ
3059 3556 3184 3618 τοὺς
3217 3554 3309 3606 τοῦ
3360 3551 3608 3623 Χριστοῦ
3643 3552 3785 3620 μάρο

2201 3670 2371 3724 τυρας
2403 3650 2749 3720 αἰτιώμενος.
2777 3651 2870 3711 Ὠς
2895 3650 2950 3700 δὲ
2969 3649 3116 3718 ἐώρα
3139 3651 3230 3700 τὸν
3260 3646 3418 3712 ἅγιον
3449 3643 3788 3710 διαγελῶντα

2207 3743 2407 3814 μᾶλλον
2440 3742 2604 3796 αὐτὸν
2633 3741 2735 3809 τῆς
2764 3738 3008 3800 ἐπινοίας
3062 3738 3156 3790 καὶ
3185 3735 3280 3789 τοῦ
3316 3737 3681 3804 σοφίσματος,
3715 3733 3788 3784 ἔτι

2204 3834 2429 3886 πλείονα
2457 3833 2548 3886 τὸν
2571 3833 2743 3900 θυμὸν
2778 3831 3080 3892 ἐκκαύσας,
3119 3825 3198 3896 τῷ
3251 3825 3606 3892 κολαστηρέῳ
3652 3822 3790 3889 ξύλῳ

2205 3929 2300 3980 καὶ
2353 3923 2506 3988 αὖθις
2559 3923 2929 3993 ἀναρτηοῆναι
2989 3922 3204 3974 κελεύει
3264 3920 3354 3970 τὸν
3410 3917 3651 3983 Οῦαρον,
3703 3915 3791 3966 καὶ

2203 4016 2350 4082 ὄνυξι
2411 4017 2649 4086 σιδηροῖς
2676 4011 3116 4078 καταξαίνεσθαι.
3157 4007 3309 4060 Ἐπεὶ
3342 4005 3399 4056 δὲ
3450 4006 3525 4073 τῷ
3560 4005 3794 4072 μάρτυρι

2205 4112 2522 4186 ξαινομένου
2557 4109 2650 4163 τοῦ
2706 4106 2982 4175 σώματος,
3018 4101 3074 4154 αἱ
3127 4100 3373 4161 πλείονες
3413 4095 3524 4148 τῶν
3579 4093 3793 4163 σαρκῶν

2207 4207 2286 4269 εἰς
2313 4205 2414 4272 γῆν
2447 4203 2875 4274 “summa.
2898 4199 2988 4252 καὶ
3106 4193 3317 4247 ἐκεῖθεν
3358 4191 3555 4258 αἵματι
3579 4188 3640 4242 τὺ
3672 4189 3791 4240 εδα·

2207 4315 2305 4366 (ρος
2370 4295 2724 4364 ἐφοινίσσετο,
2757 4295 2784 4344 ὀ
2821 4291 2919 4352 μὲν
2970 4287 3204 4360 χρηστὸς
3253 4283 3471 4351 Οὔαρος
3533 4281 3611 4341 ὡς
3646 4281 3794 4332 οὐδὲν

2208 4391 2433 4460 πάσχων
2465 4389 2672 4458 ἧρ-εμος
2705 4381 2791 4456 ἦν’
2820 4383 3027 4451 ἔπασχε
3063 4380 3118 4432 δὲ
3161 4379 3272 4439 τοῖς
3305 4375 3484 4443 ἁγίοις
3533 4372 3784 4439 δεινῶςή

2207 4482 2376 4552 ψυχὴ,
2405 4480 2500 4532 καὶ
2532 4480 2597 4531 τά
2629 4477 2916 4544 σπλάγχνα
2984 4470 3190 4525 τούτων
3245 4467 3514 4521 ἐκόπτετο
3562 4464 3656 4518 διὰ
3707 4463 3793 4514 τὸν

521 4592 669 4629 nem.
693 4574 810 4631 Non
833 4575 1072 4632 ferentes
1103 4579 1282 4646 itaque
1309 4578 1506 4646 judicis
1530 4578 1934 4633 crudelitatem:
1959 4581 2087 4646 Quid

2203 4577 2496 4648 ὀμόψυχον.
2540 4570 2755 4640 Ἀμέλει
2809 4570 2904 4621 καὶ
2937 4567 3035 4636 τὴν
3061 4563 3321 4633 ὠμότητα
3367 4563 3442 4631 μὴ
3483 4558 3795 4626 ἐνεγκόντες

522 4679 650 4718 vero
699 4680 809 4720 non
855 4665 1132 4735 intelligis,
1173 4667 1445 4736 inquiunt,
1493 4683 1526 4722 ο
1573 4677 1650 4733 tu,
1695 4669 1775 4722 vel
1812 4668 1941 4724 leris
1971 4671 2105 4739 ipsis

522 4755 808 4826 agrestior,
844 4757 988 4822 quod
1029 4764 1083 4808 et
1125 4757 1328 4826 lapides
1368 4766 1421 4811 et
1469 4756 1675 4812 ferrum
1711 4773 1870 4828 passa
1899 4769 2102 4825 essent,

524 4863 781 4918 percussa
829 4847 1034 4902 toties?
1064 4847 1184 4917 Ipse
1221 4859 1400 4902 autem
1443 4865 1510 4902 ne
1555 4852 1634 4904 sic
1683 4852 1900 4920 quidem
1935 4853 2108 4921 potuit

528 4937 747 5000 molliri,
781 4947 836 4991 et
864 4952 984 4990 eam
1021 4952 1133 4990 rem
1161 4937 1563 5006 quodammodo
1603 4940 1794 4996 habuit
1829 4941 2062 4999 ludibrio
2091 4960 2104 4997 :

529 5031 804 5095 Christus,
862 5029 1145 5100 inquiens,
1202 5043 1378 5084 vester
1431 5033 1684 5096 accedat,
1735 5035 2019 5104 ipsumque
2079 5050 2107 5087 a

515 5123 666 5178 .meis
690 5123 884 5177 liberet
911 5123 1161 5177 manibus
1195 5139 1209 5179 :
1246 5125 1499 5178 nesciens
1539 5127 1760 5187 stultus,
1811 5126 1955 5196 quod
2003 5127 2116 5181 hinc

534 5217 676 5269 l‘erre
709 5230 868 5284 posse
918 5230 1114 5285 magno
1168 5226 1223 5269 et
1271 5215 1394 5270 forti
1452 5218 1661 5282 animo,
1735 5219 2116 5289 signiﬁcabant

535 5306 687 5360 illum
737 5308 958 5362 all‘uisse
999 5318 1056 5361 et
1096 5309 1387 5374 liberasse,
1421 5319 1474 5364 et
1505 5327 1661 5366 suum
1694 5327 1870 5366 rorem
1902 5313 2117 5369 dedisse

535 5397 783 5453 dolorum
814 5401 1156 5456 medicinam.
1187 5401 1382 5456 Beatus
1415 5417 1593 5458 autem
1638 5405 1748 5470 ille,
1789 5407 1950 5461 etiam
1981 5407 2108 5461 dum

539 5490 956 5558 discerperetur,
997 5493 1194 5557 Nolim,
1233 5493 1430 5562 inquit,
1489 5493 1704 5550 liberari
1735 5495 1802 5548 ab
1836 5496 1940 5561 his,
1991 5513 2110 5566 qua:

538 5583 607 5634 ad
641 5592 852 5653 tempus
886 5584 1102 5649 durant,
1135 5585 1437 5648 tormentis,
1476 5585 1568 5638 sed
1609 5587 1677 5639 ab
1721 5588 1786 5641 iis
1839 5604 1957 5655 quae
2002 5604 2112 5641 ma-

615 5834 638 5869 ⁸
664 5840 851 5895 Matth.
893 5857 1036 5906 xxvi,
1071 5841 1158 5895 Al.
1275 5837 1415 5893 ‘lsa.
1458 5854 1525 5905 ιι,
1561 5837 1610 5889 9.

2203 4669 2296 4724 τοῦ
2313 4666 2592 4730 Stat-1.5105,
2613 4664 2676 4716 Τί
2694 4663 2749 4715 δέ
2764 4663 2823 4716 οὗ
2845 4661 3052 4728 συνίης,
3069 4653 3241 4719 εἶπον,
3258 4657 3351 4706 καὶ
3369 4652 3582 4721 Θηρίων
3599 4649 3794 4710 αὐτῶν,

2205 4758 2530 4831 ἀγριώτερε,
2553 4759 2634 4808 ὅτι
2666 4757 2762 4808 καὶ
2805 4754 2940 4805 λίθοι
2963 4752 3056 4803 καὶ
3090 4748 3308 4818 σίδηρος
3339 4744 3547 4797 ἔπαθον
3576 4743 3643 4796 ἂν
3673 4758 3795 4795 τοσ-

2205 4852 2342 4905 αῦτα
2389 4849 2786 4918 πληττόμενοις
2831 4843 3004 4905 Αὐτὸς
3035 4841 3090 4895 δέ
3129 4843 3223 4893 καὶ
3275 4837 3448 4900 οὕτως
3484 4835 3794 4904 ἀμείλικτος

2205 4939 2294 5012 ἦν,
2349 4961 2440 4995 και
2494 4940 2679 5005 ὥσπερ
2737 4939 2815 4998 εἰς
2859 4935 3056 5006 χλεύην
3109 4932 3169 4984 τὸ
3202 4931 3460 5000 οπρᾶγμα
3492 4927 3701 4989 τιθεὶς,
3743 4923 3794 4974 ’0

2211 5033 2464 5104 Χριστὸς,
2521 5033 2706 5105 φησὶν,
2734 5029 2760 5081 ὁ
2791 5029 3054 5097 ὑμέτερος
3085 5021 3396 5092 παρελθὼν,
3457 5019 3571 5071 τῶν
3653 5015 3794 5086 ἐμῶν

2212 5128 2374 5180 αὑτὸν
2431 5122 2697 5187 eaeaeae...
2753 5120 2976 5192 χειρῶν,
3005 5118 3079 5189 μὴ
3111 5117 3266 5176 εἰδὼς
3304 5116 3330 5165 ὁ
3358 5113 3614 5178 ἀνόητος,
3645 5111 3719 5171 ὡς
3740 5106 3793 5158 τὸ

2213 5218 2387 5273 ταῦτα
2445 5216 2702 5270 δύνασθαι
2765 5213 2957 5282 φέρειν
3017 5207 3411 5277 μεγαλοψύχως
3477 5194 3793 5272 δήὶωπιίἧν

2216 5313 2298 5367 ὅτι
2335 5311 2428 5363 καὶ
2465 5309 2644 5378 παρῆν
2689 5310 2894 5367 ἐκεῖνος
2947 5306 3041 5356 καὶ
3076 5303 3347 5372 ἐξῃρεῖτο,
3393 5299 3489 5351 καὶ
3538 5297 3638 5362 τὴν
3673 5293 3790 5363 παρ’

2218 5404 2383 5459 αὑτοῦ
2413 5403 2604 5473 δρόσον
2643 5401 2780 5471 ἴαμα
2813 5399 2985 5450 ἐδίδου
3027 5395 3134 5447 τῶν
3176 5393 3402 5446 ὀδυνῶν.
3446 5393 3505 5442 ‘U
3535 5390 3591 5442 δὲ
3631 5388 3792 5455 μακά-

2225 5513 2337 5567 ριος
2365 5497 2458 5549 καὶ
2487 5496 2762 5563 ξεὸμενος,
2789 5491 2877 5559 Μή
2902 5506 2993 5558 μοι
3015 5487 3244 5556 γένοιτο,
3268 5485 3394 5552 ἔφη,
3417 5482 3523 5534 τῶν
3558 5481 3788 5549 βασάνων

2225 5587 2610 5657 ἀπαλλαγῆναι
2671 5585 2782 5637 τῶν
2841 5578 3196 5653 προτκαίρων
3253 5576 3481 5634 τούτων,
3524 5574 3659 5628 ἀλλὰ
3693 5570 3788 5623 τῶν
