3990 6454
170 405 311 465 1149

1385 419 1485 477 MA
1500 420 1845 481 H'l‘YRlUM
1895 425 1952 487 S.
1991 428 2193 487 VARI.

3288 438 3429 503 1150

168 522 451 589 μενουσῶν
481 526 506 576 ὁ
537 524 666 591 Eph;
692 526 926 592 ἐξέλοιτο
958 546 1022 597 με
1051 532 1304 599 Χριστὸς,
1324 535 1383 587 σὲ
1425 534 1481 589 δὲ
1521 538 1614 590 καὶ
1645 538 1743 609 τὴν

1867 554 2017 609 ient;
2058 561 2209 601 meus
2259 563 2342 603 me
2371 549 2618 606 Christus
2663 552 2996 621 liberaverit,
3049 564 3103 612 te
3146 567 3332 613 autem
3380 560 3435 614 et

166 620 269 683 σὴν
300 617 560 686 ὠμότητα
590 621 866 682 τοιαύταις
900 621 1065 686 ἀξίως
1100 630 1440 696 κατακρινεῖ.

231 709 309 761 Z'.
338 709 538 761 Τοῦτον
592 711 954 781 ἀμειϐόμενος
1004 716 1153 785 ἔργῳ
1205 719 1488 787 τὸνλόγον
1538 724 1566 775 ὁ
1599 722 1751 777 δικα-

168 798 299 866 στὴς
336 799 460 860 τοὺς
495 799 767 870 ξυστῆρας
791 801 933 855 κατά
973 803 1077 855 τῶν
1099 804 1192 857 τοῦ
1220 806 1748 879 μάρτυροςὲπέφερε

170 891 519 961 σπλάγχνων,
540 894 765 963 Ὀράτω,
794 894 983 961 λέγων,
1010 897 1113 963 πρὸ
1133 898 1239 949 τῶν
1261 899 1555 969 ὀφθαλμῶν
1578 906 1603 956 ὁ
1624 921 1751 956 κατ-

170 985 378 1052 άρατος
413 985 663 1055 καθάπερ
728 987 873 1056 ὕδωρ
901 988 1066 1042 αὐτοῦ
1119 994 1464 1060 προχεόμενοι
1507 994 1575 1047 τά
1612 996 1754 1049 ἐνδό-

168 1076 321 1131 σθια.
368 1078 530 1129 nam
580 1079 667 1130 τὸν
700 1079 792 1131 τοῦ
848 1081 1087 1149 Χριστοῦ
1121 1084 1375 1155 μάρτυρα
1425 1087 1545 1139 οὐδὲ
1589 1086 1751 1156 ήτῆς

168 1171 410 1240 βασάνου
445 1172 646 1235 ταύτης
709 1178 1001 1245 πικροτης
1028 1178 1269 1230 ἐνδοῦναί
1296 1197 1348 1231 τι
1387 1180 1478 1233 τοῦ
1521 1182 1753 1249 πάσχειν

166 1265 260 1317 διά
320 1266 555 1333 Χριστὸν
615 1269 1139 1334 ςταρεσκεύασεν,ού
1206 1272 1357 1339 ῥῆμα
1414 1272 1753 1340 φθέγξασθαι

166 1358 537 1422 ἀγεννὲς,οὑκ
580 1360 707 1411 ἄλλο
748 1378 798 1412 τι
852 1361 1047 1430 μικρὸν
1102 1363 1133 1434 ἢ
1203 1366 1389 1432 μεῖζον
1434 1366 1754 1429 ύποσταλεὶς

167 1449 333 1514 ἔργον
360 1449 720 1517 ἐνδείξασθαι,
743 1455 789 1505 εἰ
819 1456 891 1521 μὴ
928 1453 1020 1506 καὶ
1055 1456 1277 1522 μείζονα
1318 1457 1520 1525 μᾶλλον
1553 1460 1644 1512 τὸν
1676 1462 1754 1521 είς

165 1537 412 1605 Χριστὸν
441 1540 739 1608 ἀνέιρλεγεν
774 1544 970 1610 ἔρωτα,
1002 1545 1095 1595 καὶ
1138 1546 1274 1614 πρὸς
1303 1550 1399 1610 τὰς
1422 1549 1758 1619 δριμυτέρας

166 1628 289 1678 τῶν
345 1632 618 1683 κολάσεων
679 1634 1032 1701 δριμυτέραις
1085 1637 1175 1687 τὸν
1230 1637 1494 1709 δικαστὴν
1544 1641 1758 1711 βάλλειν

167 1720 352 1773 ἐποίει
399 1728 518 1786 ταῖς
578 1727 925 1793 ἀποκρίσεσι.
968 1728 1037 1779 Σὺ
1095 1729 1193 1796 μὲν
1226 1733 1356 1800 γάρ,
1384 1732 1511 1801 ἔφη,
1555 1735 1759 1803 πονηρὲ

170 1817 435 1886 πονηρῶν
490 1817 767 1885 δαιμόνων
817 1819 1061 1891 ὑπουργέ
1120 1824 1211 1876 καὶ
1261 1825 1758 1894 μισάνθρωπε,κα”ι

165 1907 293 1958 λίαν
325 1912 433 1969 τοῖς
464 1906 688 1973 ἀγαθοῖς
722 1909 1090 1976 ἁνεικείμενε,
1136 1912 1441 1981 ἐξενεγκεῖν
1496 1917 1625 1979 ῖσως
1671 1917 1759 1969 δυ-
1791 1900 1831 1953 Β

166 2002 311 2068 νήσῃ
366 2016 465 2067 μου
501 2001 565 2052 τά
590 2000 836 2054 ἐνδύσθια
876 2021 889 2034 ·
917 2006 950 2072 ἠ
1000 2005 1055 2057 δὲ
1103 2005 1200 2074 τῆς
1250 2006 1387 2076 ἐμῆς
1420 2007 1645 2075 καρδίας
1678 2010 1758 2070 εἰς

168 2092 412 2159 Χριστὸν
466 2092 651 2157 πίστις
700 2094 899 2158 ἄσυλος
951 2096 1103 2149 ἔσται
1142 2099 1235 2150 καὶ
1288 2099 1671 2168 ἀναφαίρετος.
1694 2102 1758 2154 Οἱ

167 2186 225 2236 δὲ
261 2183 430 2249 ἅγιοι,
475 2186 541 2237 τά
587 2186 676 2237 τοῦ
713 2188 988 2257 μάρτυρος
1018 2190 1299 2259 σπλάγχνα
1353 2191 1667 2264 ῥηγνύμενά
1699 2211 1758 2246 τε

168 2274 270 2324 καὶ
302 2275 380 2335 εὶς
409 2276 510 2343 γῆν
536 2275 680 2329 οὓτω
709 2277 1141 2347 διασπειρόμενα
1190 2281 1551 2351 Θεασάμενοι,
1572 2285 1654 2352 φιλ
1669 2285 1761 2337 άν-

168 2362 396 2434 Θρωπόν
443 2382 494 2416 τι
547 2366 640 2417 καὶ
700 2365 820 2419 λίαν
873 2368 1177 2436 περιπαθὲς
1227 2371 1604 2441 δακρύσαντες
1664 2377 1758 2428 τὸν

165 2455 429 2525 Χριστὸν,
467 2457 607 2524 ὑπὲρ
636 2453 695 2511 οὗ
717 2458 887 2511 ταῦτα
907 2459 1137 2530 ἔπασχε,
1172 2460 1364 2532 βοηθὸν
1382 2465 1631 2518 ἐκάλουν.
1664 2464 1757 2531 Οἷς

168 2548 447 2601 ἐπιϐαλὼν
473 2550 571 2611 τὰς
607 2548 762 2618 ὄψεις
799 2552 825 2602 ὁ
854 2550 1138 2620 δικαστὴς,
1185 2553 1282 2605 καὶ
1333 2554 1392 2607 τὸ
1423 2556 1524 2625 τῆς
1571 2558 1760 2625 φιλαν-

168 2641 424 2709 Θρωπίας
454 2641 485 2710 ἢ
520 2642 874 2711 φιλαδελφίας
916 2644 1115 2713 μᾶλλον
1167 2648 1290 2700 ἰδὼν
1348 2648 1637 2716 σύμῦολον,
1691 2650 1757 2703 τὰ

169 2735 230 2786 ἐν
261 2733 559 2800 ὀρθαλμοῖς
592 2734 825 2804 δάκρυα,
851 2740 942 2788 καὶ
974 2733 1059 2790 οἷά
1091 2757 1232 2802 τινος
1256 2741 1513 2808 πλησθεὶς
1537 2742 1753 2811 ἡδονῆς,

172 2824 447 2894 Ἠττησθε
477 2828 712 2889 πάντως,
741 2824 861 2879 εἷπε
884 2829 1021 2897 μετὰ
1042 2830 1191 2900 βοῆς,
1222 2834 1480 2901 ἥττησθε.
1510 2838 1617 2889 Καὶ
1637 2838 1758 2889 τού-

168 2934 269 2972 του
290 2919 489 2987 δεῖγμα
513 2920 541 2987 ἡ
568 2918 735 2986 πολλὴ
762 2919 898 2988 αὕτη
927 2925 1197 2989 κατήφεια
1226 2926 1316 2975 καὶ
1342 2926 1409 2978 τὰ
1435 2927 1665 2996 δάκρυα.
1694 2930 1757 2983 El

172 3017 285 3084 γὰρ
312 3014 563 3082 ἠδύνατο,
589 3018 775 3084 φησὶν,
807 3019 833 3069 ὁ
864 3017 1131 3087 ὑμέτερος
1163 3018 1295 3082 Θεὸς
1321 3019 1417 3089 τὴν
1455 3020 1758 3089 μυθευομέ-

176 3124 278 3173 νην
312 3108 517 3176 ταύτην
555 3110 685 3175 ὑμῖν
732 3111 997 3163 ἀθάνατον
1043 3113 1189 3183 ζωὴν
1223 3115 1554 3183 παρασχεῖν,
1611 3116 1755 3179 τίνος

1851 649 1993 691 tuam
2032 640 2411 696 crudelitatem
2448 642 2644 699 talibus
2670 647 2863 701 merito
2896 649 3306 704 condemnabit.

1920 731 2028 786 νη.
2059 732 2395 804 Hancjudex
2436 736 2552 805 ipso
2587 738 2729 791 facto
2777 740 3047 794 ulciscens
3100 742 3431 804 orationem,

1850 823 1902 877 in
1961 826 2165 879 viscera
2226 829 2481 897 martyris
2542 829 2726 884 intulit
2786 832 3153 888 novaculam:
3214 832 3429 897 Videat,

1849 918 2058 980 dicens,
2096 922 2458 975 exsecrandus
2507 932 2633 977 ante
2668 924 2875 987 oeulos,
2920 934 3175 990 tanquam
3214 941 3434 993 aquam,

1852 1026 1947 1064 sua
1981 1011 2181 1065 eiTundi
2223 1013 2499 1068 intestina.
2563 1014 2667 1069 Sed
2718 1032 2787 1069 ne
2836 1016 2997 1080 huius
3034 1017 3250 1084 quidem
3310 1029 3427 1070 tor-

1854 1105 2019 1155 menti
2057 1104 2323 1158 acerbitas
2368 1106 2566 1165 elfecit.
2617 1117 2675 1160 ut
2722 1108 2921 1161 Christi
2972 1118 3175 1177 martyr
3215 1109 3418 1175 aliquid

1855 1199 2153 1249 remitteret
2190 1197 2256 1251 dc
2292 1213 2387 1251 sua
2428 1198 2480 1251 in
2515 1200 2771 1267 patiendo
2797 1216 2891 1268 pro
2940 1200 3154 1255 Christo
3178 1216 3311 1254 cons
3338 1216 3435 1253 an-

1856 1285 1951 1348 tia,
2001 1302 2101 1339 nec
2160 1296 2217 1340 ut
2265 1288 2424 1343 molle
2475 1302 2565 1341 aut
2618 1289 2870 1357 ignavum
2930 1290 3141 1358 aliquod
3210 1292 3431 1347 verbum

1856 1378 2187 1446 loqueretur,
2220 1380 2302 1431 vel
2333 1381 2548 1448 aliquod
2580 1397 2799 1449 parvum
2849 1392 2941 1435 aut
2970 1398 3221 1451 magnum
3254 1394 3435 1436 osten-

1856 1469 2029 1533 deret,
2077 1487 2184 1540 quo
2237 1473 2570 1541 significaret
2616 1490 2674 1527 se
2722 1474 2960 1530 cedere:
3014 1474 3122 1528 imo
3176 1476 3434 1540 majorem

1858 1578 2096 1615 amorem
2156 1564 2205 1616 ei
2268 1564 2321 1616 iu
2375 1564 2655 1618 Christum
2714 1566 2995 1631 accendit,
3070 1575 3122 1619 et
3170 1566 3437 1618 adversus

1859 1670 2051 1724 graves
2080 1656 2358 1708 Cruciatus
2388 1656 2517 1710 fecit
2548 1672 2669 1710 eum
2702 1643 2862 1710 ferire
2886 1657 3121 1724 iudicem
3161 1658 3440 1724 responsis

1860 1746 2215 1817 gravioribus.
2269 1746 2423 1810 Nam,
2479 1745 2556 1801 Tu
2589 1748 2827 1816 quidem,
2885 1748 3079 1815 inquit,
3139 1763 3171 1799 ο
3212 1747 3442 1816 maligne

1862 1839 2123 1891 maiorum
2170 1838 2475 1890 daemonum
2528 1837 2872 1901 administer,
2930 1846 2983 1890 et
3028 1835 3201 1890 hostis
3260 1835 3444 1889 homi-

1861 1946 2015 1990 num.
2047 1938 2100 1983 et
2134 1928 2225 1997 qui
2272 1929 2427 1983 bonis
2474 1929 2647 1982 valide
2687 1929 3014 1992 adversaris,
3063 1943 3182 1982 mea
3214 1930 3443 1983 fortasse

1863 2022 2117 2077 intestina
2176 2021 2409 2075 educere
2460 2022 2681 2089 poteris,
2738 2022 2843 2076 mei
2891 2033 3071 2075 autem
3144 2021 3325 2075 cordis
3385 2021 3441 2075 in

1860 2113 2135 2166 Christum
2194 2111 2326 2165 ﬁdes
2389 2112 2522 2165 mihi
2584 2112 2715 2182 eripi
2786 2128 2924 2183 non.
2974 2112 3193 2183 poterit.
3254 2113 3442 2168 Sancti

1860 2214 2039 2259 autem
2072 2218 2193 2257 cum
2241 2204 2505 2258 vidissent
2545 2204 2802 2258 intestina
2850 2176 3104 2275 m/artyris
3150 2204 3441 2274 disrumpi,

1862 2308 1917 2351 et
1960 2314 2057 2366 per
2108 2306 2305 2349 terram
2359 2297 2635 2365 dispergi,
2699 2307 2887 2351 tenere
2952 2308 3005 2351 et
3058 2298 3445 2355 miSerabililer

1862 2390 2073 2452 flentes,
2107 2389 2309 2444 Christi
2342 2389 2667 2441 invocabant
2714 2389 2999 2452 auxilium,
3038 2405 3137 2459 pro
3173 2407 3283 2459 quo
3326 2391 3443 2446 haec

1862 2482 2186 2550 patiebatur.
2206 2480 2276 2533 'ln
2309 2494 2445 2548 quos
2491 2494 2615 2533 cum
2664 2478 2830 2546 judex
2874 2480 3201 2549 conjecissct
3232 2482 3442 2540 oculos.

1859 2582 1913 2625 et
1968 2570 2341 2636 humanitatis,
2436 2579 2528 2624 aut
2579 2570 2760 2640 potius
2823 2573 3026 2625 amoris
3104 2572 3157 2626 in
3222 2571 3442 2626 fratrem

1861 2665 2073 2733 signum
2130 2661 2353 2715 vidisset
2411 2662 2706 2731 lacrymas,
2760 2676 2880 2729 quae
2934 2672 3091 2716 erant
3146 2666 3199 2716 in
3245 2664 3444 2725 oculis,

1861 2756 2027 2811 veluti
2091 2756 2323 2826 quadam
2387 2753 2626 2822 repletus
2701 2754 2932 2807 laetitia:
2990 2753 3243 2822 Superati
3312 2749 3445 2809 estis

1859 2848 2082 2901 omnino
2109 2886 2122 2906 ,
2168 2846 2405 2914 superati
2446 2846 2615 2909 estis,
2671 2846 2847 2913 inquit
2887 2844 3218 2899 vociferans.
3274 2842 3446 2912 Hujus

1860 2951 2037 2995 autem
2069 2940 2328 2993 iudicium
2356 2948 2437 2993 est
2466 2940 2583 2993 haec
2616 2953 2807 3009 magna
2838 2937 3055 2991 tristitia
3084 2949 3137 2991 et
3166 2937 3443 3007 lacrymze.

1860 3036 1916 3090 Si
1958 3034 2103 3089 enim
2156 3040 2355 3100 posset.
2415 3032 2613 3098 inquit,
2668 3040 2848 3083 vester
2880 3029 3019 3084 Deus
3066 3030 3229 3091 banc,
3280 3045 3445 3099 quam

1858 3140 1957 3179 vos
2012 3124 2245 3193 ﬁngitis,
2308 3123 2674 3176 immortalem
2736 3120 2902 3173 vitam
2970 3117 3125 3171 vobis
3177 3118 3442 3187 praebere,

173 3200 336 3267 χάριν
370 3199 510 3250 οὕτω
548 3203 639 3251 τὸν
690 3203 875 3263 κακῶς
926 3205 1300 3272 ἀπολούμενον
1352 3209 1569 3276 ἑταῖρον
1598 3209 1753 3278 ὑμῶν

1865 3232 2090 3289 quanam
2124 3219 2187 3269 de
2218 3230 2378 3267 causa
2411 3214 2663 3284 lugeretis
2686 3213 2941 3273 amicum,
2974 3211 3063 3278 qui
3101 3210 3256 3263 vobis
3304 3209 3448 3263 male

172 3290 456 3344 ἐπενθεῖζε
482 3310 495 3357 ;
522 3294 583 3345 Οἱ
611 3293 667 3345 δὲ
692 3292 827 3361 πρὸς
863 3294 1025 3345 αὐτόν
1059 3311 1072 3325 ο
1094 3295 1157 3347 '11
1185 3296 1294 3348 τῶν
1346 3298 1596 3366 δακρύων
1619 3301 1756 3371 αὕτη

174 3383 393 3450 σταγὼν
414 3385 510 3454 τὴν
542 3384 776 3455 φυσικὴν
812 3384 1005 3454 μηνύει
1048 3388 1419 3457 συμπάθειαν.
1459 3390 1618 3444 Ἐπεὶ
1661 3394 1760 3445 ούκ

173 3480 239 3533 ἄν
284 3495 411 3530 ποτε
438 3481 594 3548 ἡμεῖς
613 3479 805 3549 γνώμῃ
828 3481 917 3532 τὸν
939 3481 1167 3548 ἀδελφὸν
1188 3482 1516 3552 κλαύσωμεν
1536 3486 1760 3553 τοιούτῳ

173 3572 519 3625 τελευτῶντα
544 3573 778 3642 Θανάτῳο
815 3573 1015 3639 μᾶλλον
1046 3574 1156 3641 γάρ
1181 3574 1269 3626 καὶ
1298 3577 1567 3647 μακάριον
1598 3579 1762 3631 αὑτὸν

174 3664 270 3717 τοῦ
306 3666 493 3725 τέλους
526 3663 809 3731 ἡγούμεθα
865 3664 961 3715 καὶ
1023 3663 1315 3733 ζηλοῦμεν,
1379 3668 1554 3733 ὅτιτῇ
1600 3685 1763 3737 προσ-

177 3757 358 3824 καίρῳ
412 3758 584 3824 ταύτῃ
643 3753 862 3823 βασάνῳ
921 3754 1020 3819 τὴν
1054 3756 1133 3817 εἰς
1169 3756 1255 3806 ἀεὶ
1307 3754 1578 3824 μένουσαν
1612 3757 1763 3822 βασι-

176 3847 331 3899 λείαν
370 3846 886 3917 ἐπραγματεύσατο.
921 3848 995 3899 03
1024 3847 1213 3900 τοῦτον
1242 3844 1357 3911 οὖν,
1406 3848 1596 3920 ὥσπερ
1621 3850 1758 3921 ἐφη-

180 3959 310 4006 μεν,
342 3942 480 3994 ἀλλὰ
522 3942 581 3994 οὲ
623 3942 825 4011 μᾶλλον
869 3940 1176 4011 θρηνοῦμεν
1210 3940 1311 4011 τῆς
1342 3943 1637 4006 ἀπωλείας,
1669 3945 1759 3995 καὶ

90 4050 99 4060 ’
174 4031 253 4089 ὧν
292 4035 505 4104 μέλλεις
544 4036 913 4103 κληρονομεῖν
944 4032 1197 4102 χαλεπῶν
1234 4034 1581 4085 ἀντιδόσεων.
1629 4034 1761 4104 Χρι-

177 4128 311 4185 στοῦ
342 4130 451 4198 γάρ
480 4129 641 4195 νόμος
670 4130 762 4181 καὶ
785 4127 924 4195 ὑπὲρ
950 4123 1104 4193 ὑμῶν
1122 4124 1385 4192 δακρύειν
1410 4124 1517 4176 τῶν
1547 4127 1757 4195 ἐχθρῶν

176 4224 256 4292 τῷ
283 4223 382 4289 τῆς
424 4222 645 4289 ἀγάπης
695 4220 842 4289 μόνῳ
882 4219 977 4273 καὶ
1012 4220 1109 4289 τῆς
1154 4220 1543 4293 χρηστότητος.

252 4316 335 4368 H'.
392 4314 478 4365 Ἑν
513 4314 623 4381 ὅσῳ
657 4313 914 4366 δὲταῦτα
956 4313 1196 4380 ἐλέγετο,
1249 4313 1376 4375 τοὺς
1423 4313 1522 4382 μὲν
1570 4310 1758 4379 ἁγίους

178 4409 278 4462 καὶ
298 4402 454 4469 αὖθις
486 4406 543 4457 τὸ
571 4406 946 4472 δεσμωτήριον
978 4405 1291 4473 ὑπεδέχετο,
1315 4405 1419 4466 ἕως
1450 4406 1477 4455 ὁ
1500 4402 1758 4470 δικαστὴς

182 4498 451 4561 σκέψαιτο
521 4498 704 4556 ποίαις
750 4496 857 4546 τῶν
894 4493 1168 4546 κολάσεων
1209 4496 1406 4555 αὐτοὺς
1435 4496 1753 4563 παραδόσει.

1865 3310 2046 3380 perit?
2075 3310 2150 3362 Illi
2183 3318 2361 3362 autem
2399 3307 2445 3361 ei
2482 3306 2777 3360 dixerunt:
2820 3302 2945 3357 llaec
2974 3312 3124 3373 gutta
3172 3302 3444 3372 lacryma-

1868 3417 1986 3457 rum
2025 3401 2326 3454 naturalem
2383 3399 2650 3467 signiﬁcat
2702 3396 3255 3450 commiserationem.
3308 3392 3443 3446 Nam

1864 3510 1967 3548 nos
2016 3504 2199 3549 nostra
2252 3490 2522 3546 sententia
2572 3502 2852 3558 nunquam
2897 3486 3283 3540 deﬂeverimus
3335 3485 3447 3538 fra-

1866 3596 2023 3652 trem,
2084 3586 2174 3653 qui
2217 3585 2308 3637 tali
2358 3592 2534 3636 morte
2586 3582 2803 3634 decedit
2842 3600 2855 3634 :
2895 3583 3004 3634 imo
3046 3594 3174 3633 vero
3222 3588 3447 3648 pr0pter

1867 3678 2027 3732 talem
2076 3676 2362 3731 decessum
2397 3687 2521 3727 eum
2564 3672 2784 3727 beatum
2826 3670 3098 3734 ducimus,
3134 3678 3188 3723 et
3230 3668 3443 3721 felicem

1862 3783 2140 3827 vocamus,
2169 3767 2314 3834 quod
2347 3766 2470 3828 hoc,
2511 3763 2655 3832 quod
2678 3773 2763 3817 est
2800 3760 2865 3816 ad
2896 3774 3111 3831 tempus
3145 3768 3443 3817 tormento,

1863 3858 2017 3921 illud,
2044 3855 2186 3926 quod
2214 3870 2430 3926 semper
2464 3862 2669 3917 manet,
2706 3868 2932 3921 regnum
2965 3851 3297 3904 conciliavit.
3324 3849 3442 3902 Non

1866 3952 2009 4003 hunc
2048 3962 2198 4017 ergo,
2240 3956 2297 4000 ut
2329 3944 2588 4009 diximus,
2615 3942 2709 3998 sed
2761 3952 2912 3996 tuum
2955 3940 3136 4009 potius
3182 3936 3449 3993 deﬂemus

1863 4040 2162 4099 interitum,
2195 4048 2248 4090 et
2280 4036 2461 4104 gravia
2494 4035 2656 4098 mala,
2688 4049 2809 4101 quae
2854 4032 2947 4086 tibi
2994 4041 3122 4085 sunt
3149 4039 3444 4085 eventura.

1860 4130 2061 4187 Christi
2094 4128 2238 4182 enim
2270 4128 2351 4181 lex
2386 4118 2661 4196 nosjubc‘t
2714 4123 2842 4177 flere
2887 4124 3051 4176 etiam
3097 4136 3198 4193 pro
3245 4122 3449 4184 nostris

1861 4222 2120 4285 inimicis,
2151 4221 2432 4274 cbaritatis
2466 4219 2582 4289 lege
2613 4228 2666 4271 et
2696 4214 3065 4287 benignitatis.

1934 4307 2067 4365 Vlil.
2105 4311 2326 4364 interim
2358 4319 2539 4363 autem
2590 4309 2717 4363 dntn
2778 4311 2890 4363 haec
2938 4308 3279 4373 dicebantur,
3323 4322 3449 4360 san-

1862 4416 1979 4461 ctos
2001 4406 2220 4475 quidem
2252 4417 2439 4457 rursus
2473 4402 2691 4471 excepit
2732 4416 2942 4462 carcer,
2977 4401 3156 4455 donec
3196 4400 3450 4455 conside-

1861 4509 2007 4554 raret
2063 4499 2252 4567 judex,
2309 4497 2638 4565 quibusnam
2695 4509 2793 4549 eos
2850 4492 3089 4546 traderet
3140 4491 3442 4559 suppliciis.

189 4594 254 4644 '0
286 4593 343 4645 δὲ
378 4592 647 4658 μακάριος
681 4585 891 4655 Οὔαρος
923 4586 1016 4639 ἐπὶ
1058 4588 1150 4639 τοῦ
1185 4583 1342 4651 ξύλον
1379 4583 1513 4657 ἦρτο
1556 4588 1648 4639 καὶ
1680 4588 1758 4640 ἔτι

1867 4592 2062 4645 Beatus
2095 4600 2277 4643 autem
2314 4588 2484 4641 Varus
2535 4585 2786 4639 sublimis
2835 4580 3015 4637 adhuc
3070 4584 3339 4653 pendebat
3393 4584 3447 4636 in

183 4682 483 4751 μετέωρος,
516 4679 658 4732 οὕτω
690 4676 1048 4748 προσταχθὲν,
1082 4677 1242 4744 ἄχρις
1273 4678 1383 4745 ἁφή
1422 4695 1503 4730 σοι
1539 4678 1629 4729 καὶ
1663 4677 1760 4748 τὴν

179 4774 387 4844 ψυχήν.
429 4772 518 4835 Ὠς
569 4765 628 4825 οὗ
668 4771 791 4831 τοὺς
831 4770 1017 4838 ἁγίους
1061 4770 1166 4823 ὑπὸ
1203 4770 1419 4838 δεσμοῖς
1456 4772 1549 4823 καὶ
1599 4787 1763 4840 φρου-

187 4871 311 4937 ραῖς
349 4866 483 4932 πρὸς
519 4864 619 4934 τὴν
640 4864 863 4931 εἱρκτὴν
894 4862 1196 4930 ἀγομένους
1224 4861 1505 4924 ἐθεάσατο,
1549 4863 1759 4931 μεγάλῃ

180 4963 251 5033 τῇ
291 4962 463 5028 φωνῇ,
487 4952 929 5027 Θαρσεῖτε,εἷπε,
967 4949 1202 5023 πατέρες
1236 4956 1383 5023 ἐμοὶ,
1416 4956 1759 5027 Θαρσεῖτε....

182 5052 338 5106 οὐδὲν
378 5050 488 5117 ἐγὼ
521 5050 810 5117 λογίζομαι
843 5048 939 5111 τὰς
970 5048 1313 5116 ἐπαγομένας
1350 5066 1439 5117 μοι
1470 5049 1761 5118 τιμωρίας,

181 5143 326 5197 ἀλλά
358 5159 425 5212 με
455 5142 533 5210 τῷ
574 5140 690 5210 ἐμῷ
747 5136 978 5209 Χριστῷ
1011 5140 1320 5209 παράθεσθε
1374 5144 1468 5195 καὶ
1522 5142 1762 5210 Σωτῆρι,

182 5239 282 5288 καὶ
319 5235 596 5297 πεποιθὼς
641 5233 979 5303 πορεύσομαι
1028 5232 1162 5302 πρὸς
1202 5232 1365 5285 αὐτὸν
1412 5236 1530 5295 ταῖς
1567 5234 1764 5302 ὑμετέ-

185 5346 314 5401 ραις
348 5328 533 5395 εὐχαῖς
565 5327 995 5397 φρουρούμενος,
1030 5328 1121 5377 ἐπὶ
1156 5326 1315 5378 πέντε
1352 5326 1480 5394 γοῦν
1508 5326 1675 5397 ὥραις
1698 5330 1760 5399 τῇ

185 5424 409 5490 βασάνῳ
457 5422 893 5489 ἐγκαρτερήσας,
953 5420 1009 5471 ἐν
1071 5420 1263 5488 εἰρήνῃ
1318 5419 1376 5471 τὸ
1423 5418 1642 5487 πνεῦμα
1690 5420 1764 5487 τῷ

181 5514 445 5568 δεδωκότι
488 5513 606 5583 Θεῴ
653 5512 939 5581 παρέθετο.
978 5513 1099 5564 Ἔτι
1133 5512 1187 5563 δὲ
1224 5512 1321 5579 ζῇν
1372 5511 1537 5563 αὐτὸν
1576 5512 1625 5563 oi
1673 5511 1765 5563 ἐπὶ

181 5610 296 5661 τῶν
351 5607 601 5677 βασάιων
660 5608 913 5674 οἰόμενοι,
968 5607 1088 5659 οὐδὲ
1143 5605 1203 5657 τὸ
1252 5605 1439 5657 λοιπὸν
1483 5605 1763 5670 μεθίεσαν,

186 5700 324 5753 ἀλλά
387 5701 640 5769 κοράκων
700 5699 900 5767 τρόπον
954 5698 1045 5749 καὶ
1102 5698 1238 5765 μετὰ
1277 5695 1507 5750 θάνατον
1552 5694 1763 5766 ἧκιζον,

188 5786 320 5847 ἐπεὶ
354 5794 410 5846 δὲ
458 5794 551 5844 καὶ
596 5793 781 5856 αὐτοῖς
812 5791 906 5843 καὶ
936 5790 1010 5857 τῷ
1050 5791 1295 5861 τυράννῳ
1339 5789 1637 5856 διεγνὼσθη
1684 5791 1764 5841 ὅτι

191 5885 402 5955 Οΰαρος
453 5883 699 5951 τέθνηκε,
749 5885 834 5935 τον
901 5881 1086 5951 νεκρὸν
1112 5881 1532 5949 καταγαγὲντες,
1559 5881 1647 5933 καὶ
1682 5882 1764 5935 διὰ

1872 4684 2016 4753 ligno
2051 4700 2063 4736 :
2099 4681 2177 4735 sic
2202 4678 2349 4735 enim
2389 4678 2603 4747 jussum
2657 4676 2834 4729 fuerat
2882 4682 2939 4726 ut
2974 4683 3237 4736 maneret,
3272 4672 3448 4727 donec

1869 4777 2141 4831 emitteret
2186 4774 2443 4826 animam.
2492 4769 2783 4836 Postquam
2831 4776 3012 4819 autem
3060 4764 3197 4819 vidit
3229 4774 3449 4819 sanctos

1871 4868 2109 4930 vinctos‘,
2162 4873 2216 4918 et
2261 4878 2383 4918 cum
2447 4861 2770 4915 custodibus
2825 4859 2950 4913 duci
3009 4858 3063 4910 in
3128 4872 3446 4921 carcerem,

1872 4976 2063 5029 magna
2115 4974 2292 5013 vocc:
2353 4958 2502 5012 Bono
2554 4958 2760 5019 animo,
2817 4953 3018 5024 inquit,
3078 4963 3263 5023 patres
3317 4952 3447 5015 mei,

1872 5054 2013 5107 bono
2040 5054 2222 5106 animo
2255 5060 2425 5104 estote
2456 5066 2470 5102 :
2501 5061 2601 5119 ego
2629 5047 2775 5101 enim
2805 5046 3108 5099 nihilifacio
3156 5058 3275 5114 qua:
3310 5044 3446 5097 mibi

1873 5145 2177 5199 lnfewntur
2234 5141 2519 5212 supplicia,
2569 5141 2663 5195 sed
2718 5154 2807 5193 me
2857 5152 2979 5192 meo
3032 5137 3253 5193 Christo
3296 5152 3448 5192 com-

1873 5238 2144 5303 mendate,
2199 5248 2253 5289 et
2304 5236 2591 5297 Salvatori,
2648 5241 2701 5286 et
2757 5230 3095 5286 confidenter
3147 5230 3213 5283 ad
3264 5230 3443 5297 ipsum

1872 5333 2061 5384 vatiam
2122 5340 2426 5384 vestrarum
2486 5326 2794 5380 orationum
2864 5323 3108 5377 munitus
3167 5320 3443 5390 praesidio.

1870 5425 2006 5478 Cum
2037 5438 2164 5486 ergo
2214 5422 2455 5491 quinque
2512 5420 2663 5474 boris
2694 5433 2751 5472 se
2809 5416 3025 5471 fortiter
3076 5414 3337 5484 gessisset
3392 5414 3442 5463 in

1875 5516 1975 5569 hoc
2028 5523 2321 5573 tormento.
2373 5506 2425 5565 in
2477 5525 2606 5581 pace
2654 5506 2903 5578 spiritum
2969 5500 3078 5559 Deo
3130 5502 3439 5557 committit.

1876 5607 2004 5660 Eum
2037 5616 2219 5661 autem
2269 5605 2445 5659 adhuc
2500 5604 2685 5656 vivere
2740 5607 2990 5668 putantes
3032 5596 3123 5665 qui
3177 5603 3445 5663 praerant

1875 5698 2182 5763 tormentis,
2223 5711 2293 5749 ne
2351 5695 2419 5748 de
2475 5704 2670 5749 caetero
2717 5687 2936 5757 quidem
2999 5694 3303 5746 cessarunt,
3350 5684 3440 5735 sed

1875 5793 2045 5845 instar
2079 5805 2365 5845 corvorum
2414 5783 2737 5853 torquebant
2788 5780 2948 5833 etiam
3012 5786 3140 5846 post
3186 5782 3441 5829 mortem.

1873 5889 2161 5961 Postquam
2190 5898 2315 5939 vero
2346 5880 2410 5933 ab
2440 5878 2572 5952 ipsis
2594 5875 2866 5943 cognitum
2898 5869 3015 5931 fuit,
3057 5878 3108 5923 et
3132 5881 3161 5921 α
3196 5876 3451 5935 tyranno.
