3990 6462
544 396 681 462 1151

1841 386 2125 450 MENSIS
2167 385 2533 449 OCTOBER.

3677 386 3813 450 1152

543 529 813 574 mortuum
840 533 961 572 esse
1001 516 1218 581 Varum,
1251 530 1449 585 corpus
1478 513 1867 582 deposuerunt,
1902 516 1957 563 et
1995 522 2118 560 cum

2235 509 2395 577 μέσου
2444 512 2536 563 τοῦ
2598 514 2787 572 ἄστεος
2829 510 3231 576 ἐφελκύσαντες
3276 551 3289 574 ,
3342 511 3502 563 κυσὶν
3546 511 3597 562 οἱ
3648 509 3815 567 κύνες

540 626 638 680 per
693 610 927 664 mediam
979 611 1270 663 traxissent
1316 607 1614 666 civitatem,
1673 602 1899 657 canibus
1951 612 2115 653 canes

540 702 881 757 exedendum
943 700 1302 755 tradiderunt.
1362 701 1535 766 Atque
1563 692 1737 748 Varus
1782 692 1998 762 quidem
2033 701 2116 743 ta-

544 795 647 848 lem
724 802 781 850 et
829 802 937 847 tam
996 792 1218 845 felicem
1288 788 1498 844 invenit
1558 785 1785 840 exitum.
1849 782 2116 835 Postridie

542 896 723 939 autem
768 900 891 939 cum
925 883 1197 938 sistendos
1236 891 1495 951 martyres
1529 885 1776 935 curasset
1825 875 2115 947 parricida,

544 993 721 1046 neque
769 986 952 1046 posset
994 974 1318 1045 persuadere
1379 972 1616 1044 (volebat
1666 970 1835 1032 enim,
1882 978 1934 1021 et
1970 966 2115 1021 omni

543 1086 645 1140 ope
678 1069 1043 1124 contendebat
1070 1066 1310 1135 conspici
1345 1066 1515 1119 victor
1537 1064 1589 1116 in
1621 1059 1999 1131 persuadendo
2034 1060 2117 1117 iis.

542 1160 636 1227 qui
677 1168 833 1211 erant
862 1167 969 1211 tam
1000 1162 1359 1218 constantes),
1392 1163 1515 1220 post
1544 1152 1709 1205 multa
1743 1160 1795 1204 et
1820 1148 1965 1202 varia
1990 1163 2118 1217 sup-

543 1251 704 1321 plicia
744 1265 839 1304 eos
868 1250 1217 1309 condemnat,
1263 1256 1323 1300 ut
1366 1244 1543 1316 gladio
1589 1254 1819 1297 mortem
1867 1241 2117 1295 subeant.

544 1340 869 1410 Martyribus
896 1343 1077 1392 autem
1111 1339 1232 1391 laeto
1275 1346 1329 1389 et
1359 1334 1520 1388 alacri
1559 1332 1740 1386 animo
1776 1346 2123 1386 consumma-

544 1434 635 1497 tis,
689 1448 811 1486 cum
865 1445 1046 1485 sacras
1101 1444 1291 1483 eorum
1343 1427 1603 1496 reliquias
1669 1435 1835 1479 noctu
1902 1424 2120 1493 quidam

545 1524 840 1579 Christiani
890 1522 1263 1584 sustulissent,
1308 1521 1360 1574 in
1403 1518 1599 1589 insigni
1645 1518 1762 1572 loco
1798 1525 1986 1571 sancte
2036 1516 2127 1579 ἀρ,

547 1625 867 1686 posuerunt.

619 1706 709 1760 IX.
748 1705 1005 1771 Quaedam
1034 1714 1214 1759 autem
1253 1701 1447 1755 mulier
1485 1716 1549 1754 ex
1612 1700 1677 1755 iis
1730 1716 1849 1770 qua:
1895 1700 1947 1755 in
2010 1702 2124 1755 solo

549 1794 659 1851 Deo
698 1811 849 1862 spem
888 1803 1200 1864 posuerant,
1253 1802 1369 1847 orta
1423 1792 1476 1844 in
1537 1789 1844 1850 Palaestina.
1900 1792 2122 1846 nomine

546 1889 854 1955 Cleopatra,
877 1902 998 1957 qua
1036 1902 1204 1955 prope
1238 1885 1448 1944 aderat.
1471 1899 1593 1938 cum
1649 1885 1951 1938 decertaret
1986 1901 2125 1938 mar-

550 1992 632 2050 tyr
667 1980 855 2043 Varus,
898 1991 955 2034 et
1016 1979 1229 2033 videbat
1271 1977 1466 2031 acerba
1524 1975 1612 2029 illa
1665 1985 1955 2037 tormenta,
2006 1992 2127 2045 qua

549 2071 775 2125 suberat
827 2078 1049 2138 propter
1106 2067 1405 2127 Christum,
1470 2074 1525 2120 et
1579 2066 1632 2118 in
1698 2066 1864 2120 corde
1908 2082 2125 2137 gravem

551 2162 762 2232 plagam
805 2161 1129 2229 accipiebat,
1172 2168 1225 2213 et
1257 2175 1447 2229 magna
1481 2158 1815 2211 afﬁciebatur
1859 2158 2125 2218 molestia,

551 2255 830 2321 Deumque
873 2252 1210 2315 obsecrabat,
1241 2250 1449 2319 jejunio
1497 2266 1697 2305 vacans
1759 2260 1812 2304 et
1869 2250 2128 2312 orationi,

553 2354 613 2399 ut
648 2360 798 2399 snam
829 2346 1074 2396 visitaret
1101 2343 1473 2396 haereditatem
1504 2342 1568 2393 ad
1604 2341 1868 2395 malorum
1904 2357 2127 2394 revoca-

554 2438 795 2490 tionem:
830 2437 973 2503 Ipsa,
1005 2434 1247 2502 inquam,
1277 2448 1400 2486 cum
1448 2448 1604 2487 suum
1652 2432 1843 2495 tilium,
1883 2434 1972 2500 qui
2016 2433 2128 2500 pri-

558 2538 698 2575 mam
734 2521 924 2590 agebat
950 2530 1184 2582 aetatem,
1219 2531 1381 2574 noctu
1412 2536 1534 2573 cum
1573 2520 1691 2573 aliis
1721 2521 2128 2587 assumpsisset,

558 2627 614 2670 et
643 2617 880 2669 venisset
942 2615 993 2667 in
1031 2614 1205 2667 locum
1246 2613 1296 2665 in
1343 2626 1450 2681 quo
1484 2611 1695 2678 jacebat
1746 2626 1942 2680 corpus
1987 2627 2130 2664 mar—

559 2706 709 2775 tyris.
744 2704 794 2757 id
829 2704 987 2765 tollit,
1042 2718 1103 2755 ac
1162 2702 1416 2771 pretiosis
1470 2702 1624 2754 unxit
1674 2702 2029 2764 aromatibus,
2080 2708 2133 2751 et

559 2794 857 2863 splendidis
887 2794 1063 2846 induit
1111 2793 1370 2845 vestibus.
1425 2792 1492 2844 Et
1534 2790 1789 2858 quoniam
1840 2791 2133 2843 vehemens

557 2897 675 2937 erat
732 2882 927 2937 ﬂuctus
986 2882 1276 2950 impietatis
1340 2881 1602 2933 adversus
1662 2880 2036 2944 Christianos,
2080 2891 2132 2935 et

557 2975 736 3044 gravia
779 2982 907 3027 tunc
958 2972 1123 3040 capiti
1168 2972 1552 3035 imminebant,
1597 2972 1793 3025 timens
1838 2971 1893 3025 in
1946 2984 2132 3041 aperto

558 3066 849 3119 ostendere
883 3065 1163 3134 pietatem.
1202 3080 1323 3117 cum
1360 3066 1459 3117 sub
1490 3080 1646 3117 suum
1680 3065 1880 3118 lectum
1922 3066 2131 3120 tulisset

2221 601 2390 672 βορὰν
2425 602 2753 673 παρέδοσαν.
2796 602 2855 654 '0
2894 603 2993 671 μὲν
3021 598 3113 656 οῦν
3141 602 3353 672 Οὔαρος
3377 600 3625 654 τοιοῦτον
3685 594 3811 668 εὗρε

2220 696 2281 747 τὸ
2328 696 2501 758 τέλος,
2551 696 2642 748 καὶ
2680 694 2822 747 οὑτω
2875 695 3070 764 κομιδῆ
3131 696 3425 764 μακάριον,
3470 698 3536 763 τῇ
3589 695 3650 747 δὲ
3689 695 3812 762 ἑξῆς

2222 789 2347 847 τοὺς
2390 788 2677 856 μάρτυρας
2710 789 2737 839 ὁ
2772 789 3055 854 μιαιφόνος
3110 786 3612 856 παραστησόμενος
3642 826 3657 847 ,
3693 785 3815 837 ἐπεὶ

2227 880 2303 949 μὴ
2342 879 2549 932 πείθειν
2582 874 2692 941 οἷός
2719 897 2777 931 τε
2813 874 2916 949 ἦν·
2953 879 3205 932 ἐϐούλετο
3230 880 3340 949 γὰρ
3370 879 3467 930 καὶ
3499 880 3613 930 πᾶν
3642 879 3811 927 ἐποίει

2224 972 2449 1040 νικητὴς
2483 970 2815 1041 ὁφθῆναι,τῷ
2847 973 3172 1040 μεταπεῖσαι
3197 972 3324 1033 τοῦς
3355 970 3501 1023 οὕτω
3535 969 3813 1037 βεϐαίους,

2226 1066 2367 1134 μετὰ
2423 1066 2623 1140 πολλᾶς
2678 1067 2771 1117 καὶ
2829 1065 3085 1126 ποικίλας
3120 1066 3217 1125 τὰς
3249 1066 3549 1134 τιμωρίας,
3605 1064 3699 1114 τὸν
3730 1063 3815 1114 διὰ

2232 1156 2420 1224 ξίφους
2450 1155 2628 1208 αὐτῶν
2654 1156 2884 1208 θάνατον
2911 1156 3254 1222 κατακρίνει,
3291 1157 3384 1209 καὶ
3413 1155 3478 1224 δὴ
3514 1155 3631 1206 τῶν
3677 1169 3813 1223 μαρ-

2230 1245 2413 1315 τύρων
2469 1246 2557 1313 ὑφ’
2610 1247 2771 1317 ἡδονῇ
2824 1248 2918 1298 καί¹
2951 1244 3236 1315 προθυμία
3273 1246 3702 1310 τελειωθέντων,
3748 1246 3812 1296 τε

2228 1339 2350 1407 ἱερὰ
2398 1337 2604 1390 τούτων
2643 1336 2871 1406 λείψανα
2934 1339 3128 1401 νυκτὸς
3162 1339 3481 1408 Χριστιανοῖ
3525 1356 3676 1402 τινες
3718 1340 3815 1405 ὑφ-

2229 1429 2499 1498 ελὸμενοι,
2527 1428 2690 1491 ὁσίως
2723 1431 2780 1481 ὲν
2814 1430 3072 1500 ἐπισήμῳ
3110 1429 3400 1482 κατέθεντο
3434 1430 3613 1499 τόπῳ.

2300 1703 2375 1757 Θ’.
2433 1702 2570 1771 Γυνὴ
2622 1702 2680 1754 δέ
2729 1718 2810 1764 τις
2856 1702 2963 1754 τῶν
3013 1702 3102 1753 ἐπὶ
3153 1700 3299 1769 μόνῳ
3331 1698 3452 1763 Θεῷ
3484 1700 3584 1769 τὴν
3618 1700 3807 1752 ἐλπίδα

2228 1794 2469 1863 θεμένων
2490 1794 2586 1861 τῆς
2610 1789 2995 1859 Παλαιστηνῶν
3013 1791 3310 1858 ὁρμωμένη
3336 1789 3463 1857 γῆς,
3482 1790 3806 1859 Κλεοπάτρα

2228 1886 2401 1957 ταύτῃ
2445 1886 2505 1939 τὸ
2555 1886 2744 1953 ὄνομα,
2790 1882 3080 1944 ἀθλοῦντος
3127 1882 3220 1935 τοῦ
3254 1883 3533 1952 μάρτυρος
3568 1883 3805 1950 Οὑὰρον,

2228 1978 2393 2043 ἐγγύς
2424 1994 2527 2030 που
2569 1975 2845 2046 παροῦσα,
2883 1975 2976 2026 καὶ
3003 1974 3102 2037 τὰς
3144 1976 3347 2045 πικρὰς
3390 1974 3611 2034 ἐκείνας
3645 1972 3809 2042 βασά-

2231 2084 2378 2131 νους,
2424 2066 2489 2128 ἃς
2532 2067 2737 2132 ὑπέστη
2769 2065 2856 2117 διὰ
2902 2064 3137 2131 Χριστὸν
3171 2064 3470 2132 βλέπουσα,
3509 2065 3720 2133 βαρέως
3748 2081 3804 2117 τε

2230 2157 2330 2227 τὴν
2365 2158 2595 2225 καρδίαν
2628 2156 2911 2217 ἐτύπτετο,
2936 2156 3030 2207 καὶ
3058 2155 3236 2223 δεινῆς
3268 2155 3581 2223 ἐπληροῦτο
3612 2156 3803 2221 λύπης,

2231 2249 2481 2317 ἐλιπάρει
2539 2264 2598 2300 τε
2654 2246 2715 2298 τὸ
2766 2245 2939 2309 Θεῖον,
2992 2246 3211 2316 νηστεία
3266 2246 3673 2315 προστετηκυῖα
3716 2248 3807 2298 καὶ

2230 2343 2531 2411 προσευχῇ,
2586 2339 2675 2392 τὸν
2736 2338 2903 2392 αὑτοῦ
2967 2338 3168 2407 κλῆρον
3214 2338 3303 2391 ἐπ’
3354 2339 3654 2409 ἀνακλήσει
3703 2338 3810 2391 τῶν

2232 2433 2415 2485 κακῶν
2458 2431 2880 2499 ἐπισκέψασθαι.
2919 2428 3065 2497 Αῦτη
3096 2431 3187 2481 τον
3216 2431 3415 2481 οἰκεῖον
3439 2430 3630 2493 παῖδα,
3663 2430 3811 2497 πρῶ·

2228 2542 2329 2592 την
2374 2524 2573 2590 ἄγοντα
2600 2522 2697 2590 τὴν
2726 2521 2966 2589 ἠλικίαν,
3009 2520 3127 2587 μεθ’
3158 2522 3358 2586 ἑτέρων
3387 2519 3607 2587 νύκτωρ
3638 2537 3812 2587 παρα-

2231 2616 2496 2677 λαϐοῦσα,
2554 2616 2675 2666 ὅποι
2714 2629 2771 2663 τε
2812 2615 2838 2663 ὁ
2874 2610 3068 2680 νεκρὸς
3115 2610 3210 2662 τοῦ
3259 2612 3541 2681 μάρτυρος
3588 2613 3812 2683 ἔρριπτο

2234 2704 2622 2759 καταλαϐοῦσα
2660 2720 2672 2767 ;
2707 2705 2896 2756 τοῦτον
2944 2704 3276 2773 ἀναιρεῖται,
3329 2703 3592 2772 ἁρὼμασῖ
3627 2723 3685 2755 τε
3724 2722 3813 2755 που

2233 2798 2475 2850 λυτελέσι
2505 2798 2781 2865 μυρίσασα
2808 2796 2900 2849 καὶ
2926 2796 3207 2864 λαμπραῖς
3229 2794 3418 2863 ἐσθῆσι
3442 2795 3813 2863 περιϐαλοῦσα

2233 2890 2326 2942 καὶ
2381 2890 2612 2957 ἐπείπερ
2643 2891 2668 2940 ὁ
2699 2888 2797 2955 τῆς
2850 2889 3108 2947 ἀσεϐείας
3162 2887 3370 2938 κλύδων
3418 2888 3674 2953 ἐκράτει,
3723 2887 3811 2938 καὶ

2233 2982 2374 3051 ὑπὲρ
2410 2980 2656 3047 κεφαλῆς
2692 2982 2858 3049 ῆρετο
2907 2977 2976 3028 τὰ
3022 2977 3169 3029 δεινὰ
3206 2979 3260 3029 ἐν
3294 2979 3518 3046 φανερῷ
3549 2978 3813 3030 δεδοικυῖα

2234 3073 2572 3141 προαγαγεῖν
2600 3069 2693 3136 τὴν
2726 3067 3006 3118 εὐσέϐειαν
3034 3106 3048 3129 ,
3100 3068 3203 3119 ὑπὸ
3232 3070 3328 3137 τὴν
3366 3069 3536 3136 αὐτῆς
3590 3070 3776 3136 κλίνην
3798 3109 3812 3129 ,

558 3169 816 3227 quantum
849 3166 1004 3211 terra:
1032 3156 1351 3218 Suilii-iebat,
1389 3171 1512 3210 eum
1545 3158 1769 3226 deponit
1813 3167 2128 3211 reverenter

2241 3162 2346 3229 γῆν
2381 3162 2503 3212 ὅσον
2534 3158 2738 3230 ἀρκοῦν
2778 3154 2844 3229 ἦν
2897 3161 3271 3229 ὲκφορήσασα,
3311 3161 3632 3229 σεϐασμίως
3660 3160 3815 3213 ait-3v

560 3249 866 3304 accendens
896 3248 1092 3309 lucem,
1131 3256 1185 3301 et
1210 3247 1499 3313 sumtibus,
1537 3257 1590 3300 ut
1636 3248 1833 3315 potuit,
1868 3248 1916 3301 ei
1958 3248 2133 3303 hono-

560 3357 675 3395 rem
732 3339 997 3393 tribuens.
1058 3337 1392 3392 Procedente
1460 3346 1640 3393 autem
1713 3350 1955 3408 tempore
2011 3358 2132 3395 cum

564 3434 831 3489 idolorum
868 3441 1231 3485 marcesceret
1257 3432 1508 3497 impietas
1528 3470 1542 3491 ,
1577 3432 1725 3483 venit
1748 3433 1795 3483 ei
1826 3433 1876 3483 in
1904 3444 2134 3486 mentem

562 3527 791 3579 alienam
828 3524 1102 3577 dimittere
1157 3520 1456 3590 regionem,
1508 3531 1562 3575 et
1593 3522 1768 3577 redire
1799 3522 1850 3576 in
1882 3524 2131 3593 patriam.

562 3616 698 3671 Cum
728 3625 907 3669 autem
941 3631 1046 3668 non
1082 3623 1266 3683 posset
1308 3630 1505 3681 corpus
1542 3616 1833 3670 transferre
1867 3619 2135 3686 martyris,

562 3708 667 3763 nisi
704 3708 757 3761 id
803 3709 955 3775 prius
1000 3704 1332 3775 signiﬁcaret
1374 3706 1619 3774 prtesidi,
1675 3708 1836 3764 rebus
1884 3711 2137 3766 erunibus

564 3800 677 3853 suis
709 3800 847 3853 bene
892 3797 1234 3866 compositis,
1292 3811 1387 3865 per
1448 3797 1738 3864 quemdam
1780 3815 1843 3852 ex
1902 3801 1989 3865 iis,
2044 3802 2133 3871 qui

563 3890 787 3957 ascripti
850 3898 1004 3941 erant
1035 3887 1088 3938 in
1138 3901 1422 3938 numerum
1465 3895 1763 3949 oratorum,
1816 3890 2023 3943 accedit
2072 3892 2137 3945 ad

566 3980 670 4033 loci
700 3976 1003 4045 praesidem,
1030 3982 1085 4027 et
1109 3988 1233 4027 eum
1259 3975 1502 4042 pecuniis
1534 3976 1854 4046 aggrediens
1881 3979 2133 4047 rogabat,

568 4081 627 4125 ut
658 4055 760 4123 sibi
792 4083 990 4137 corpus
1019 4077 1293 4120 mortuum
1335 4065 1531 4119 elferre
1575 4068 1917 4122 concederet.
1954 4069 2139 4134 Quod:

568 4176 690 4217 nam
744 4170 925 4213 autem
994 4168 1140 4211 esset
1198 4173 1441 4224 corpus,
1510 4168 1566 4211 et
1632 4159 1883 4227 quisnam
1945 4162 2139 4217 modus

567 4252 759 4307 mortis
826 4249 1139 4317 explicans,
1210 4247 1424 4301 dicebat
1491 4262 1647 4300 suum
1716 4251 1994 4316 maritum,
2047 4255 2137 4322 qui

567 4344 773 4414 primas
820 4340 1133 4395 obtinuerat
1185 4348 1365 4405 partes
1423 4339 1477 4391 in
1526 4339 1792 4402 exercitu,
1850 4343 2127 4413 multaque

566 4437 827 4509 praeclara
916 4442 969 4487 et
1051 4431 1281 4501 insignia
1346 4442 1544 4501 tropzea
1618 4434 1877 4489 adversus
1953 4435 2139 4492 hostes

2242 3251 2585 3321 κατατίθησι,
2621 3250 2736 3318 φῶς
2768 3268 2826 3302 τε
2863 3250 3126 3304 ἄσϐεστον
3167 3252 3311 3321 αὑτῷ
3344 3254 3691 3320 ὑφάπτουσα,
3726 3255 3815 3306 καὶ

2240 3343 2603 3409 θυμιάμασιν,
2629 3342 2700 3399 ὡς
2730 3336 2867 3407 εἶχε,
2894 3342 3139 3406 νέμουσα
3184 3344 3280 3408 τὴν
3317 3347 3506 3413 τιμήν.
3543 3346 3736 3414 Χρόνῳ
3763 3345 3813 3397 δὲ

2242 3434 2467 3502 ὕστερον
2511 3436 2607 3505 τῆς
2648 3432 2933 3501 εἰδωλικῆς
2984 3431 3240 3494 ἀσεϐείας
3290 3435 3815 3503 ἀπομαραινομένης

2241 3527 2365 3579 νοῦν
2398 3526 2522 3594 ἔσχε
2579 3526 2675 3594 τὴν
2717 3525 3005 3592 ἀλλοτρίαν
3032 3526 3252 3590 ἀφεῖναι
3294 3526 3388 3576 καὶ
3423 3523 3522 3592 τῆς
3563 3526 3815 3595 πατρίδος

2240 3615 2394 3679 αὖθις
2423 3614 2713 3683 γενέσθαι·
2751 3616 2871 3667 ἐπεὶ
2907 3616 2960 3668 δὲ
2989 3616 3084 3683 οὑχ
3135 3617 3223 3669 οἵα
3260 3633 3318 3668 τε
3348 3613 3413 3686 ἦν
3445 3618 3543 3670 καὶ
3581 3617 3676 3669 τὸν
3729 3634 3814 3669 νος

2242 3708 2370 3778 κρδν
2426 3707 2794 3776 μετακομίσαι
2853 3707 2945 3759 τοῦ
3002 3708 3302 3777 μάρτυρος,
3353 3710 3400 3760 εἰ
3438 3711 3513 3777 μὴ
3552 3710 3815 3779 πρότερον

2240 3799 2500 3864 γνωρίσοι
2546 3798 2624 3863 τῷ
2660 3797 2909 3863 ἡγεμόνι,
2942 3798 3005 3847 τὰ
3054 3797 3175 3848 κατ’
3218 3798 3378 3848 αὑτὸν
3421 3798 3480 3849 εὖ
3527 3802 3705 3851 πάντα
3736 3800 3817 3850 θεο

2244 3889 2403 3958 μένη,
2430 3888 2518 3939 δια
2557 3904 2699 3951 τινος
2724 3889 2830 3941 τῶν
2858 3889 2913 3939 ὲν
2945 3891 3051 3949 τοῖς
3084 3890 3308 3957 ῥήτορσι
3344 3892 3709 3957 γραμμὲνων,
3744 3893 3814 3962 τῷ

2236 3980 2329 4035 ἐπὶ
2380 3977 2474 4032 τοῦ
2548 3981 2717 4032 τόπου
2787 3977 3172 4048 ἡγεμονεύοντι
3212 3983 3542 4049 προσφοιτᾷ,
3588 3983 3683 4033 καὶ
3729 3984 3814 4036 τὸν
3882 4020 3883 4023 η

2240 4070 2407 4139 ἄνδρα
2440 4071 2719 4138 χρήμασιν
2754 4070 3080 4134 ὑπελθοῦσα,
3115 4070 3281 4122 ἐδεῖτο
3310 4071 3447 4139 αὑτῇ
3482 4074 3813 4140 χαρίσασθαι

2239 4164 2337 4230 τὴν
2368 4162 2461 4213 τοῦ
2492 4161 2682 4227 νεκροῦ
2716 4164 2980 4230 ἐκφοράν.
3011 4165 3103 4225 Τίς
3133 4164 3187 4215 δὲ
3223 4167 3249 4217 ὀ
3284 4164 3479 4233 νεκρὸς
3535 4168 3634 4219 καὶ
3671 4168 3811 4229 ὅστις

2238 4252 2265 4303 ὀ
2324 4252 2519 4321 τρόπος
2567 4250 2664 4318 τῆς
2711 4250 2965 4318 τελευτῆς
3008 4252 3411 4320 ὲρμηνεύουσα,
3464 4257 3559 4309 τὸν
3618 4260 3812 4311 οἰκεῖον

2240 4342 2479 4418 ἔφασκεν
2509 4342 2698 4410 ἄνδρα,
2731 4342 2821 4393 τὸν
2850 4343 2908 4394 ὲν
2933 4344 2996 4411 τῇ
3030 4343 3289 4412 στρατείᾳ
3320 4347 3386 4397 τὰ
3422 4348 3618 4415 πρῶτα
3652 4351 3813 4403 διενεο

2240 4435 2460 4497 γκόντα,
2487 4435 2715 4503 λαμπρά
2741 4451 2798 4487 τε
2834 4434 2928 4488 καὶ
2966 4433 3240 4504 περιφανῆ
3269 4435 3554 4501 πολλάκις,
3580 4441 3649 4491 τὰ
3675 4441 3809 4493 κατᾶ

566 4536 834 4590 erexerat,
891 4540 1016 4578 eum
1069 4525 1122 4576 in
1182 4539 1275 4578 eos
1330 4525 1492 4579 multa
1558 4537 1780 4581 strenue
1828 4538 1881 4582 et
1926 4530 2128 4585 fortiter

2244 4526 2350 4576 των
2390 4524 2666 4591 πολεμίων
2699 4527 2973 4593 στήσαντα
3024 4526 3281 4596 τρόπαια,
3326 4528 3418 4578 καὶ
3453 4528 3673 4591 πολλοῖς
3705 4533 3808 4592 τοῖς

567 4620 848 4693 gessisset,
884 4633 945 4671 ex
994 4617 1097 4669 bac
1148 4624 1258 4668 vita
1315 4616 1635 4681 exeessisxe,
1675 4633 1742 4671 ne
1799 4621 2135 4688 sepulturam

565 4712 785 4781 quidem
821 4725 981 4777 quam
1023 4723 1117 4775 par
1140 4716 1275 4771 erat,
1306 4718 1681 4762 consecutum.
1713 4708 1907 4778 Hujus,
1945 4712 2137 4781 inquit,

566 4817 667 4873 ego
697 4816 898 4868 corpus
934 4798 1088 4851 valde
1114 4798 1305 4851 studeo
1341 4799 1394 4851 in
1429 4814 1579 4853 suam
1631 4802 1928 4857 transferre
1959 4805 2138 4873 regio-

567 4911 714 4950 nem.
760 4892 919 4946 Ccdit
964 4891 1145 4957 itaque
1193 4891 1485 4958 provincia:
1526 4907 1725 4959 [παιδος
1775 4894 2046 4962 petitioni,
2085 4906 2139 4949 et

567 4982 839 5055 permittit
878 4983 925 5035 ei
972 4978 1151 5034 facere
1216 4981 1358 5048 quod
1420 4982 1745 5050 postulabat.
1809 4982 1900 5036 llla
1952 4994 2132 5038 autem

567 5077 650 5129 sui
693 5074 910 5142 quidem
950 5071 1128 5125 mariti
1182 5087 1407 5139 corpus,
1456 5073 1555 5140 qui
1610 5073 1662 5125 in
1715 5075 1887 5128 aliena
1923 5075 2137 5145 regione

566 5166 657 5219 diu
693 5176 817 5218 ante
843 5179 871 5217 e
905 5164 1041 5216 vivis
1068 5174 1396 5229 excesserat,
1447 5173 1799 5219 monumento
1844 5168 2135 5222 mandave-

569 5264 672 5319 rat,
704 5257 756 5309 in
785 5255 838 5309 id
871 5253 1072 5324 injee'to
1104 5254 1345 5323 pulvere.

639 5434 703 5486 Χ.
747 5432 882 5485 Cum
909 5433 1073 5500 igitur
1111 5431 1361 5502 martyris
1397 5447 1591 5501 corpus
1623 5435 1951 5495 sustulisset.
2001 5446 2047 5488 et
2084 5437 2130 5487 id

569 5542 757 5579 rursus
794 5525 1058 5588 tinxisset,
1091 5534 1145 5579 et
1175 5525 1513 5595 splendidius
1539 5527 1955 5596 composuisset,
1979 5538 2031 5581 et
2068 5544 2133 5580 ne

569 5617 672 5669 lioc
727 5616 1074 5670 Christianus
1122 5618 1391 5687 quispiam
1448 5618 1587 5672 scire
1645 5628 1851 5688 posset,
1907 5620 1957 5671 in
2010 5635 2129 5673 arca

571 5708 814 5777 oleagina
874 5710 1252 5777 imposuisset,
1303 5718 1355 5763 et
1402 5711 1771 5764 abscondisset
1829 5712 1970 5777 (nam
2020 5713 2131 5780 pri-

574 5812 717 5851 mum
759 5797 972 5867 quidem
1023 5799 1242 5855 timebat
1292 5800 1526 5869 gentium
1577 5800 1874 5866 insaniam,
1933 5800 2125 5857 deinde

2243 4617 2363 4669 κατ’
2414 4614 2592 4666 αὑτῶν
2646 4616 3202 4681 ὲγκαλλωπισάμενον
3270 4620 3664 4689 ἀριστεύμασι,
3725 4622 3809 4675 τὸν

2243 4709 2354 4778 βίον
2396 4705 2497 4757 ὦδε
2532 4706 2870 4776 μεταλαχεῖν.
2925 4708 3060 4777 μηδὲ
3089 4709 3186 4775 τῆς
3226 4710 3397 4777 ταφῆς
3426 4715 3808 4782 προσηκούσης

2241 4799 2556 4862 ἀξιωθέντα.
2581 4800 2802 4861 Τούτου,
2834 4800 2988 4867 φησὶ,
3022 4799 3112 4852 τὸν
3147 4802 3337 4872 νεκρὸν
3373 4802 3485 4869 ἐγὼ
3514 4805 3603 4858 διὰ
3652 4824 3807 4859 σπουο

2238 4891 2333 4957 δῆς
2365 4890 2486 4959 ἄρτι
2514 4890 2729 4956 τίθεμαι
2748 4890 2881 4960 πρὶς
2898 4889 2995 4961 τὴν
3012 4892 3221 4944 οἰκείαν
3250 4899 3625 4961 μετενεγκεῖν.
3651 4882 3804 4955 Εῖκει

2238 4981 2527 5048 τοιγαροῦν
2555 4983 2580 5032 ὁ
2610 4981 2707 5048 τῆς
2734 4982 3001 5051 ἐπαρχίας
3026 4984 3244 5051 ἡγεμὼν
3275 4987 3413 5055 πρὸς
3442 4988 3545 5053 τὴν
3573 4991 3799 5058 αἴτησιν,

2241 5072 2334 5123 καὶ
2366 5075 2625 5142 πράττειν
2651 5074 2788 5143 αὑτῇ
2815 5074 2873 5124 τὸ
2905 5080 3309 5145 παριστάμενον
3350 5078 3661 5147 ἐπιτρέπει.
3693 5084 3722 5148 ἡ
3752 5082 3801 5131 δὲ

2238 5166 2327 5217 τὸν
2360 5166 2455 5231 μὲν
2486 5165 2578 5217 τοῦ
2609 5168 2804 5234 ἑαυτῆς
2836 5166 3025 5232 ἀνδρὸς
3058 5168 3249 5236 νεκρὸν
3296 5168 3384 5220 τὸν
3422 5170 3537 5238 βίον
3581 5174 3801 5224 ἐπάλλο-

2238 5258 2299 5308 δα
2313 5258 2407 5324 πῆς
2437 5256 2614 5321 πολλῷ
2639 5258 2899 5326 πρότερον
2923 5258 3321 5320 καταλύσαντος
3354 5265 3600 5329 μνήματι
3634 5281 3798 5331 παραο

2238 5348 2459 5400 δεδώκει
2493 5349 2639 5399 κόνιν
2679 5348 2940 5401 ἐπιϐαλοῦ
2953 5367 3043 5401 σα.

2310 5436 2361 5490 1’.
2400 5439 2500 5490 Τὸν
2528 5439 2581 5491 δὲ
2610 5439 2699 5492 τοῦ
2734 5444 3012 5511 μάρτυρος
3048 5440 3169 5509 ἄρτι
3195 5440 3491 5515 ἀνελομένη
3529 5448 3795 5517 μυρίσασὰ

2236 5547 2293 5581 τε
2328 5529 2499 5596 αὖθις,
2550 5532 2907 5603 λαμπρότερα
2940 5550 2998 5584 τε
3039 5533 3423 5603 περιϐαλοῦσα,
3466 5539 3559 5589 καὶ
3604 5539 3676 5601 ὡς
3736 5542 3791 5592 ἂν

2240 5622 2423 5688 μήτινι
2472 5619 2630 5671 τοῦτο
2680 5621 2868 5688 μαθεῖν
2902 5620 3133 5689 ὑπάρξει
3177 5623 3541 5691 Χριστιανῶν,
3568 5628 3625 5677 ἐν
3671 5629 3790 5695 adh,

2237 5713 2395 5781 ἐρέας
2430 5713 2692 5779 ἐνθεμένη
2730 5715 2819 5765 καὶ
2853 5715 3216 5782 ὑποκρύῲασα
3246 5757 3257 5775 ,
3293 5715 3479 5769 ἐδεδίει
3522 5721 3626 5787 γὰρ
3665 5723 3784 5799 πρό-

2238 5824 2389 5876 τερον
2428 5806 2521 5875 μὲν
2558 5806 2661 5858 τίον
2696 5806 3021 5877 ἑλληνιστὼν
3056 5807 3149 5874 τὴν
3184 5809 3400 5875 μανίαν,
3446 5814 3587 5878 μετὰ
3628 5814 3781 5869 ταὺτα
