3990 6454
146 403 278 465 1153

1376 397 1841 461 MARTYRIUM
1884 400 1941 460 S.
1984 401 2193 461 VARI.

3253 402 3394 469 1154

144 521 193 572 δὲ
242 520 423 589 πολλῴ
470 520 629 574 πλέον
660 522 769 575 τῶν
810 520 1050 574 εὐσεϐῶν
1078 520 1176 588 τὴν
1210 520 1542 591 θερμότητα,
1587 520 1716 574 πάν-

1826 526 2031 579 autem.
2084 528 2135 572 et
2178 516 2347 572 multo
2398 519 2567 588 magis
2612 518 2821 587 piorum
2878 518 3170 587 fervorem,
3216 524 3398 578 omni-

144 631 245 665 των
269 613 346 676 ὼς
392 617 452 667 τὸ
484 615 631 676 είκος
676 614 835 683 ἔργον
884 613 1041 667 τοῦτο
1073 614 1493 667 σπουδαιότατον
1524 632 1713 667 ποιουο

148 704 320 773 μένων
356 705 698 775 ἀναιρεῖσθαι
735 705 842 758 τῶν
872 707 1011 777 ὑπὲρ
1050 706 1289 775 Χριστοῦ
1321 707 1601 759 παθόντων
1646 708 1714 759 τὰ

142 796 393 864 λείψανα,
427 796 635 850 τούτων
679 795 773 849 οὖν
803 798 878 859 ὡς
915 798 1111 867 ἥδιστα
1138 798 1269 867 περὶ
1304 796 1479 851 ταῦτα
1526 798 1714 850 διαπο-

143 887 435 954 νουμένων,
489 888 670 957 ἐκείνη
719 889 819 955 τὴν
870 888 1233 960 Παλαιστίνην
1278 888 1713 958 καταλαμϐάνει.

142 975 315 1027 Αὐτοῦ
348 976 401 1028 δὲ
442 980 706 1046 γενομένη
750 976 886 1029 κατά
936 993 1055 1029 τινα
1099 976 1292 1044 κώμην
1322 976 1473 1043 παρὰ
1501 975 1578 1044 τῷ
1608 970 1715 1026 Θα-

143 1065 326 1133 θωρίῳ
370 1068 653 1135 κειμένην,
690 1067 857 1134 Ἐδρα
891 1066 946 1118 δὲ
990 1067 1404 1134 κατωνόμαστο,
1454 1066 1517 1117 τὸ
1571 1064 1714 1117 θεῖον

143 1159 301 1227 σῶμα
366 1158 457 1212 τοῦ
511 1162 785 1229 μάρτυρος
842 1158 1236 1220 κατατίθεται,
1306 1157 1597 1224 λαμπάδας
1655 1172 1714 1211 τε

143 1252 487 1319 ὑφάπτουσα,
522 1253 618 1302 καὶ
651 1249 822 1301 πολλὰ
856 1250 963 1301 τῶν
1011 1250 1260 1317 εὐόσμων
1306 1248 1565 1307 καίουσα,
1621 1250 1714 1302 καὶ

137 1343 224 1392 διὰ
263 1341 431 1408 τιμῆς
485 1342 663 1409 πάσης
718 1342 945 1407 ἄγουσα,
1007 1334 1082 1402 ὧς
1123 1336 1217 1393 οὖν
1249 1340 1383 1391 πολύ
1418 1357 1470 1391 τι
1510 1339 1715 1409 πλῆθος

136 1433 439 1502 ἀνθρώπων
485 1428 617 1502 ἧκον
668 1436 762 1487 ἐπὶ
800 1435 898 1504 τὴν
939 1434 1096 1503 σορὸν
1127 1434 1292 1503 ἑώρα,
1324 1436 1568 1503 πανταχῆ
1607 1433 1714 1502 γὰρ

137 1523 237 1592 ἥδη
281 1523 441 1575 τοῦτο
482 1523 825 1593 διαῦεὸόητο,
864 1526 956 1577 καὶ
986 1525 1193 1587 πάντας
1225 1526 1257 1593 ή
1290 1525 1432 1593 ὀσμὴ
1478 1524 1586 1577 τῶν
1618 1526 1713 1585 αῦ-

136 1613 231 1665 τοῦ
263 1616 502 1683 χαρίτων
542 1614 709 1679 ὀξέως
751 1617 961 1682 ἐκάλει,
995 1617 1090 1670 καὶ
1120 1616 1211 1682 οὓς
1247 1617 1457 1687 χαλεπή
1492 1633 1573 1679 τις
1596 1617 1717 1668 ἐπι-

138 1704 379 1757 πεσοῦσα
415 1707 571 1768 νόσος
613 1708 822 1771 ὲπίεζε,
865 1708 959 1762 καὶ
1004 1708 1094 1771 οὓς
1131 1710 1370 1778 πονηροῦ
1406 1709 1717 1777 πνεύματος

137 1798 384 1865 συνεῖχεν
420 1798 693 1867 ἐνέργεια,
734 1801 936 1862 πάντες
963 1800 1071 1870 γὰρ
1100 1802 1164 1870 τῇ
1196 1799 1294 1869 τῆς
1328 1798 1485 1868 σοροῦ
1542 1815 1716 1867 προσ·

136 1885 344 1939 ιλεύσει
372 1889 481 1941 τῶν
529 1889 894 1958 ἐνοχλούντων
929 1891 1090 1954 εὐθὺς
1136 1891 1567 1962 ἀπηλλάττοντο,
1601 1890 1718 1944 δέον

136 1978 291 2050 ᾠήθη
326 1982 419 2033 καὶ
443 1983 572 2033 ναὸν
605 1984 814 2053 ἐγεῖραι
862 1984 938 2055 τῷ
986 1986 1222 2057 μάρτυρι
1254 1984 1449 2039 σεπτὸν
1487 1986 1520 2054 ή
1568 1984 1719 2055 φιλό-

139 2086 374 2138 μαρτυς,
415 2074 537 2125 ἐπεὶ
585 2072 641 2125 δὲ
684 2076 861 2144 εἴχετο
899 2076 998 2145 τῆς
1054 2075 1364 2145 οίκοδομῆς,
1411 2076 1718 2140 πολυτελῶς

140 2159 283 2225 ἄγαν
340 2165 432 2216 καὶ
468 2164 787 2234 φιλοτίμως,
838 2166 1005 2218 ποίων
1040 2167 1139 2236 μὲν
1170 2168 1429 2236 χαρίτων,
1475 2168 1632 2227 ποίας
1661 2167 1718 2219 δὶ

138 2252 240 2304 σὺν
320 2254 479 2325 ήδονῇ
551 2256 702 2327 ὣράς
762 2258 944 2328 ἐκείνῃ
1002 2258 1463 2328 προσμειδιώσης,
1540 2258 1716 2328 χαρᾶς

134 2342 389 2410 ἔμπλεως
421 2349 715 2418 γενομένη,
758 2348 937 2419 χαίρει
991 2349 1100 2419 γὰρ
1158 2348 1303 2419 ψυχὴ
1356 2348 1523 2402 καλοῦ
1573 2349 1716 2419 πρά-

133 2451 343 2501 γματος
373 2439 801 2510 ἰπιμελουμένη,
824 2439 983 2494 τοῦτο
1038 2442 1158 2511 μὲν,
1188 2442 1271 2495 ὅτι
1305 2442 1540 2511 φύσειτδ
1576 2446 1716 2512 ἁγα-

134 2529 229 2579 om
263 2532 439 2598 χαρᾶς
467 2530 727 2599 πρόξενον
760 2536 873 2594 τοῖς
909 2533 1301 2602 ἐργαζομένοις
1332 2537 1417 2590 διὰ
1464 2539 1564 2608 τὴν
1609 2540 1716 2593 ἀπὸ

134 2619 230 2672 τοῦ
265 2621 567 2685 συνειδότος
618 2622 1013 2695 πληροφορίαν,
1062 2626 1220 2678 τοῦτο
1262 2626 1317 2678 δὲ
1354 2630 1447 2681 καὶ
1484 2629 1571 2681 διὰ
1618 2630 1716 2699 τὴν

134 2709 503 2785 ἐλπιζομένην
537 2716 827 2781 ἀντίδοσιν,
867 2717 1046 2785 χαρᾶς
1076 2716 1168 2770 οὖν
1199 2717 1572 2787 ⁶πληρωθεῖσα,
1604 2724 1715 2783 τοῖς

134 2806 405 2873 κρατοῦσι
442 2809 701 2877 χρήματα
745 2809 954 2879 πέμπει
976 2811 1142 2881 τιμῆς
1161 2811 1393 2878 ἀξιῶσαι
1427 2812 1517 2864 τὸν
1549 2814 1714 2866 παῖδα

133 2897 236 2963 τῆς
263 2900 395 2966 παρ’
422 2901 604 2961 αὐτοῖς
624 2902 971 2970 αίτουμένης,
1017 2904 1111 2956 καὶ
1143 2904 1481 2975 παραχρῆμα
1509 2904 1715 2974 βασιλι-

132 2988 236 3041 καὶ
287 2992 419 3062 παρ’
476 2992 611 3061 αὐτῇ
647 2992 931 3057 συλλαϐαὶ,
986 2994 1302 3063 βεϐαιοῦται
1345 2997 1423 3065 τῷ
1470 2998 1617 3049 παιδὶ
1658 3000 1716 3051 τὸ

134 3082 379 3153 ἀξίωμα.

1822 608 1943 671 bns,
1985 619 2043 660 ut
2076 623 2172 676 par
2206 618 2347 669 erat,
2400 609 2635 665 maximo
2678 611 2860 665 studio
2912 612 3398 678 contendentibus,

1824 715 1889 753 ne
1924 700 2247 754 tollerentur
2279 702 2521 770 reliquiae
2555 718 2775 775 eorum,
2804 705 2894 774 qui
2926 706 3066 775 passi
3104 714 3271 760 erant
3299 722 3399 774 pro

1820 791 2085 861 Christo),
2123 794 2271 847 venit
2303 794 2355 847 in
2398 793 2759 849 Palestinam.
2782 796 2917 849 Cum
2966 797 3073 851 illic
3106 797 3296 851 fuisset
3342 798 3399 851 in

1820 883 2052 949 quodam
2080 884 2201 937 viro
2239 885 2331 951 qui
2391 885 2532 939 situs
2573 896 2688 940 erat
2727 888 2878 956 juxta
2911 888 3269 947 Thaborium.
3307 887 3395 942 cui

1820 988 2018 1031 nomen
2052 983 2167 1027 erat
2193 975 2352 1036 Edra,
2388 976 2611 1044 deponit
2642 977 2884 1029 divinum
2934 992 3135 1045 corpus
3185 986 3399 1046 marty-

1819 1065 1930 1126 ris.
1995 1066 2381 1134 lampadesque
2444 1068 2786 1129 accendens,
2868 1078 2924 1120 et
2997 1081 3163 1121 urens
3225 1068 3398 1121 multa

1819 1157 2111 1221 odorifera,
2170 1158 2222 1212 id
2271 1158 2508 1213 habebat
2568 1159 2620 1211 in
2694 1157 2843 1212 omni
2907 1158 3136 1213 honore.
3205 1156 3397 1215 Postea

1823 1249 2010 1302 videns
2041 1264 2289 1319 magnam
2326 1250 2609 1305 hominum
2638 1250 3046 1303 multitudinem
3082 1250 3396 1303 venientem

1818 1343 1883 1396 ad
1926 1343 2159 1397 loculum
2217 1343 2371 1412 (erat
2425 1343 2573 1397 cnim
2624 1342 2670 1396 is
2709 1341 2820 1411 jam
2853 1340 3098 1395 omnium
3146 1355 3402 1394 sermone

1818 1433 2145 1493 celebratus.
2205 1444 2259 1487 et
2313 1435 2447 1487 odor
2504 1434 2623 1501 ejus
2681 1433 2974 1503 gratiarum
3038 1446 3232 1486 omnes
3287 1432 3398 1485 cito

1822 1526 2067 1591 vocabat,
2120 1534 2229 1579 tam
2274 1526 2363 1595 qui
2404 1527 2551 1597 gravi
2588 1526 2771 1594 aliquo
2806 1525 2997 1579 morbo
3048 1524 3397 1590 laborabant,

1819 1634 1980 1687 quam
2036 1634 2173 1689 quos
2233 1620 2453 1689 maligni
2516 1618 2739 1688 spiritus
2802 1619 3030 1672 vexabat
3093 1618 3340 1687 operatio
3376 1632 3395 1671 :

1819 1725 2009 1764 omnes
2049 1710 2193 1763 enim
2232 1726 2328 1779 per
2359 1725 2641 1765 accessum
2677 1708 2744 1763 ad
2776 1709 3038 1775 loculum,
3079 1724 3202 1764 mox
3263 1709 3401 1765 libe-

1822 1799 2081 1853 rabantur
2140 1800 2207 1853 ab
2266 1800 2332 1854 iis
2381 1815 2501 1869 qua:
2555 1800 2636 1855 eis
2693 1800 2999 1855 molestiam
3043 1798 3400 1871 aﬂerebant),

1824 1892 2157 1944 existimavit
2215 1901 2470 1962 oportere
2534 1892 2761 1963 martyri
2828 1891 3089 1962 templum
3157 1893 3400 1949 excitate

1824 1985 2217 2048 venerandum,
2249 1984 2447 2038 mulier
2474 1999 2663 2039 amans
2697 1994 3013 2055 martyrum.
3045 1985 3181 2038 Cum
3210 1996 3397 2039 autem

1824 2090 2020 2144 magno
2085 2083 2339 2145 sumptu,
2397 2085 2453 2129 et
2510 2090 2703 2146 magna
2763 2077 3120 2130 contentione
3180 2086 3399 2144 urgeret

1820 2166 2240 2220 wdiﬁcationem
2296 2166 2644 2236 (quibusnam
2677 2168 2897 2237 quidem
2921 2168 3131 2238 gratiis,
3161 2183 3397 2237 quanam

1819 2266 2001 2310 autem
2032 2272 2155 2310 cum
2190 2258 2487 2326 voluptate,
2523 2258 2793 2328 elegantia
2823 2271 2878 2314 et
2927 2260 3110 2330 specie
3149 2260 3257 2314 illic
3287 2275 3395 2313 non

1819 2347 2149 2417 arridente)
2215 2348 2329 2417 ipsa
2391 2347 2589 2403 referta
2674 2350 2881 2404 laetitiae
2945 2354 3201 2419 (laetatur
3250 2350 3396 2405 enim

1821 2442 2024 2507 anima,
2056 2441 2133 2497 rei
2163 2440 2405 2512 pulchre
2430 2456 2617 2496 curant
2652 2457 2868 2514 gerens,
2902 2443 3098 2513 partim
3149 2442 3398 2511 quidem,

1819 2536 1964 2606 quod
2002 2536 2144 2590 bono
2191 2544 2384 2587 natura
2417 2536 2490 2587 sit
2535 2536 2787 2595 insitum.
2823 2547 2883 2587 ut
2917 2534 3003 2598 iis,
3038 2534 3130 2603 qui
3178 2534 3232 2589 id
3262 2548 3401 2602 ope-

1820 2634 2027 2688 rantur,
2088 2625 2350 2679 conciliet
2414 2624 2694 2690 latitiam;
2756 2624 2949 2694 partim
3001 2632 3180 2678 autem
3234 2630 3397 2678 etiam

1819 2724 2042 2786 propter
2101 2732 2262 2779 cam,
2321 2732 2443 2785 quae
2500 2726 2785 2787 speratur,
2825 2714 3397 2781 remunerationem),

1820 2810 2108 2877 pecuniam
2144 2808 2308 2862 mittit
2365 2810 2432 2863 ad
2491 2826 2609 2871 eos,
2656 2810 2748 2879 qui
2793 2824 2971 2862 rerum
3022 2809 3399 2877 potiebantur,

1818 2912 2010 2965 petens
2040 2909 2097 2953 ut
2140 2899 2346 2955 hortare
2377 2915 2539 2953 suum
2571 2901 2931 2970 dignarentur
2959 2900 3153 2953 filium.
3198 2900 3395 2955 Statim

1817 2999 2000 3049 autem
2046 2993 2111 3045 ad
2170 3008 2290 3046 eam
2337 3001 2466 3046 sunt
2510 2990 2692 3046 missa:
2752 2991 2943 3045 littera
3000 2990 3392 3061 imperatoriae,

1818 3085 2139 3153 dignitatem
2166 3086 2277 3139 lilio
2301 3084 2626 3138 tribuentes.

205 3176 310 3232 IA'.
352 3179 415 3232 Ἠ
435 3180 489 3233 δὲ
518 3180 659 3245 τέως
696 3183 794 3253 μὲν
843 3183 1083 3256 άναίολῇ
1126 3184 1185 3237 τὸ
1230 3186 1466 3257 πρᾶγμα
1502 3186 1707 3249 δίδωσι,

1883 3176 1974 3230 XI.
2013 3176 2107 3229 Illa
2131 3191 2262 3229 vero
2290 3191 2403 3229 rem
2437 3178 2659 3245 quidem
2702 3174 2886 3230 diﬂ'ert
2909 3172 3149 3237 interim,
3189 3181 3248 3228 ut
3277 3188 3399 3243 quze

133 3272 420 3343 περὶπὴν
487 3276 778 3347 οίκοδομὴν
833 3278 1218 3347 ἐμμελέστατα
1271 3280 1711 3349 διαπονουμένη,

129 3365 262 3417 ἐπεὶ
287 3364 343 3418 δὲ
377 3367 444 3420 τὰ
475 3366 569 3419 τοῦ
606 3368 733 3421 ναοῦ
765 3370 938 3439 πέρας
971 3367 1106 3437 εἶχε,
1140 3373 1332 3432 καὶείς
1361 3370 1528 3438 τιμὴν
1562 3366 1716 3431 οὗτος

131 3458 385 3527 εἱστήκει
425 3457 504 3525 τῷ
542 3458 802 3527 μάρτυρι,
826 3459 1088 3525 συγκαλεῖ
1122 3459 1222 3528 μὲν
1254 3460 1377 3521 τοὺς
1412 3460 1507 3528 τῆς
1542 3463 1715 3530 ἐπαρ-

132 3549 265 3617 χίας
298 3550 631 3612 ἐπισκόπους
666 3552 759 3603 καὶ
782 3549 1211 3621 πρεσϐυτέρους,
1244 3551 1339 3605 ἐπὶ
1368 3554 1433 3622 τῇ
1462 3551 1557 3607 τοῦ
1584 3552 1714 3605 ναοῦ

135 3638 501 3707 καθιερώσει.
535 3640 811 3710 Συγκαλεῖ
839 3642 896 3695 δὲ
929 3644 1022 3695 καὶ
1052 3643 1165 3697 ὅσοι
1193 3644 1303 3695 τῶν
1341 3644 1596 3713 μοναχῶν
1625 3644 1719 3697 επὶ

134 3729 215 3798 τῷ
250 3730 373 3781 κατ’
403 3731 603 3803 ἀρετὴν
638 3732 738 3803 βίῳ
768 3734 1091 3801 διέλαμπον,
1147 3736 1240 3785 καὶ
1294 3734 1393 3803 τῆς
1445 3735 1606 3804 σοροῦ
1656 3735 1718 3785 τὸ

138 3822 291 3890 ἱερὸν
345 3823 503 3891 σῶμα
554 3824 647 3876 τοῦ
700 3825 977 3894 μάρτυρος
1021 3825 1387 3894 ὲκκομίσασα,
1447 3822 1718 3895 λαμπρῶς

132 3915 232 3962 επὶ
264 3913 586 3977 πολυτὲλοῦς
620 3914 882 3971 κατέθετο
915 3916 1125 3984 κλίνης,
1162 3914 1399 3983 ἐπέθηκὲ
1432 3931 1488 3967 τε
1522 3916 1618 3966 καὶ
1651 3915 1718 3983 ἣν

137 4006 167 4054 ό
224 4007 358 4068 παῖς
388 4006 638 4079 χλαμύδα
681 4010 776 4062 καὶ
819 4009 996 4078 ζώνην
1035 4007 1246 4059 ὲνδύναι
1277 4006 1370 4060 τοῦ
1407 4006 1719 4077 ἀξιώματος

129 4098 383 4173 ἔμελλεν,
431 4100 792 4168 εὐλογηθῆναί
854 4116 914 4151 τε
974 4098 1193 4167 πρῶτον
1240 4099 1394 4172 παρὰ
1445 4098 1555 4152 τῶν
1601 4100 1719 4151 ἐκεῖ

135 4191 530 4256 συνελθόντων,
569 4187 668 4245 εἶθ’
697 4190 867 4254 οὕτως
905 4190 1333 4261 περιδαλλέσθαι
1365 4189 1560 4242 τοῦτον
1585 4191 1714 4241 ἑκά-

132 4300 275 4354 τερα
333 4285 789 4364 παρεσκεύασεν,
825 4284 1019 4337 ἔπειτα
1080 4283 1353 4351 πάννυχον
1405 4281 1719 4349 δοξολογίαν

132 4376 278 4447 ὁμοῦ
318 4378 394 4445 τῷ
432 4379 594 4430 παντὶ
631 4376 824 4447 πλήθει
856 4378 1230 4445 ποιησαμένη,
1269 4376 1409 4443 αὑτῆ
1461 4391 1519 4428 τε
1557 4378 1650 4427 καὶ
1690 4377 1720 4427 ὁ

131 4470 269 4530 παῖς
322 4467 648 4532 ὑπελθόντες
686 4468 893 4538 πρῶτοι
941 4468 1002 4520 τὸ
1043 4466 1204 4536 σῶμα
1251 4466 1342 4519 τοῦ
1412 4465 1709 4536 μάρτυρος,

138 4562 239 4615 καὶ
282 4559 442 4615 τοῦτο
492 4562 982 4625 διασαστάσαντες,
1032 4562 1091 4612 ὲν
1135 4559 1214 4630 τῷ
1257 4558 1352 4612 τοῦ
1402 4557 1531 4611 ναοῦ
1582 4556 1711 4627 ἱερῷ

135 4653 516 4723 θυσιαστηρίῳ
546 4655 586 4704 is
598 4654 704 4722 ρῶς
727 4655 1133 4715 κατατίθενται,
1163 4654 1229 4704 τά
1254 4652 1299 4703 δ’
1331 4650 1427 4702 ἐπὶ
1449 4649 1659 4711 τούτοις
1683 4649 1716 4718 ή

135 4745 480 4814 φιλόμαρτυς
535 4744 895 4815 Κλεοπάτρα,
947 4742 1318 4813 προσκειμένη
1361 4740 1580 4812 θερμῶς
1623 4742 1719 4793 καὶ

132 4840 475 4910 δακρύουσα,
498 4838 577 4909 τῷ
600 4838 752 4891 παιδί
776 4855 835 4890 τε
863 4840 959 4892 καὶ
992 4839 1160 4907 ἑαυτῇ
1188 4836 1255 4888 τὰ
1287 4835 1468 4904 ἁγαθὰ
1508 4833 1719 4896 πιστῶς

134 4928 263 4995 ᾔτει
322 4926 472 4995 παρὰ
523 4928 616 4979 τοῦ
685 4929 985 5000 μάρτυρος,
1037 4929 1097 4979 ἐν
1142 4926 1319 4996 τούτῳ
1372 4925 1430 4979 δί
1482 4925 1590 4994 ἄΡα
1618 4923 1718 4991 τῆς

136 5018 294 5078 θείας
337 5016 680 5086 λειτουργίας
728 5021 887 5091 ἱερῶς
928 5018 1296 5089 τελεσθείσης,
1352 5017 1574 5088 ποικίλῃ
1620 5016 1719 5087 μὲν

137 5108 238 5160 κα)⁵
279 5104 509 5177 λαμπρᾷ
555 5112 623 5178 τη
667 5112 903 5181 ipostan
934 5110 1061 5173 τοῦς
1104 5115 1219 5164 ἐκεῖ
1252 5112 1602 5172 συνελθόντας
1637 5110 1718 5161 εί-

139 5198 294 5263 στία,
338 5200 407 5252 τά
458 5200 515 5251 δὲ
559 5202 689 5269 περὶ
733 5202 832 5271 τὴν
883 5202 1158 5255 διακονίαν
1188 5202 1394 5271 ταύτην
1423 5202 1499 5271 τῷ
1528 5217 1587 5252 τε
1616 5199 1719 5267 υἱῷ

141 5292 240 5345 καὶ
272 5292 439 5363 ἑαυτῇ
476 5291 729 5346 ἀνετίθει.
758 5288 863 5345 Ἦν
890 5294 946 5345 δὲ
976 5293 1430 5368 παρηγγελμένον
1461 5290 1539 5360 τῷ
1569 5291 1720 5344 παιδὶ

140 5384 298 5453 παρὰ
329 5385 425 5453 τῆς
454 5385 686 5455 μητέρος
719 5382 838 5454 μηδ’
869 5384 1097 5437 ὁποσηοῦν
1134 5383 1344 5453 βρωτοῦ
1379 5398 1522 5445 τινος
1559 5381 1591 5451 ἦ
1622 5396 1715 5433 πο-

136 5476 238 5529 τοῦ
274 5477 540 5545 πρότερον
571 5475 921 5545 μεταλαϐεῖν,
959 5476 1087 5545 πρὶν
1132 5478 1189 5528 δὲ
1220 5474 1289 5527 τὰ
1338 5475 1434 5542 τῆς
1487 5473 1720 5541 εὐωχίας

138 5572 224 5631 εἰς
253 5569 427 5636 πέρας
460 5566 656 5621 ἐλθεῖν.
685 5568 843 5621 οὕτω
865 5568 972 5620 τῶν
999 5571 1127 5637 περὶ
1153 5568 1251 5636 τὴν
1283 5566 1518 5635 εὐωχίαν
1545 5568 1720 5635 πέρας

140 5664 403 5731 ἑχόντων,
436 5660 533 5728 τῆς
580 5662 793 5730 ήμέρας
822 5678 882 5714 τε
916 5661 1014 5730 ήδη
1048 5660 1331 5730 κλινάσης,
1364 5658 1499 5711 ἀλλὰ
1534 5659 1596 5709 το
1624 5657 1720 5711 νῦν

142 5752 487 5824 ῥηθήσεσθαι
556 5750 749 5821 μέλλον
802 5754 1152 5823 μικροπζνύχων
1200 5754 1298 5820 μὲν
1347 5750 1569 5819 ταράξει
1627 5751 1720 5802 καὶ

136 5849 311 5906 ἀκοὰς
346 5848 442 5901 καὶ
471 5846 668 5914 ψυχὰς,
704 5846 811 5899 τῶν
837 5846 892 5897 δὲ
920 5848 1053 5900 θεοῦ
1072 5847 1305 5913 τρόπους
1336 5847 1459 5898 ὅσον
1486 5845 1711 5908 ἐφικτὸν

1819 3272 1871 3326 in
1898 3267 2216 3325 aediﬁcando
2248 3266 2517 3320 laboraret
2552 3266 2989 3332 diligentissime.
3032 3264 3165 3318 Cum
3213 3275 3395 3319 autem

1819 3365 2030 3420 [initum
2058 3372 2207 3416 esset
2242 3359 2526 3429 templum,
2558 3359 2718 3428 idque
2751 3367 2924 3413 staret
2953 3365 3297 3412 exstructum
3339 3358 3394 3411 in

1819 3457 2086 3510 honorem
2142 3458 2416 3521 martyris,
2488 3459 2755 3505 convocat
2811 3450 3031 3519 quidem
3104 3449 3401 3517 provinciae

1818 3547 2105 3616 episcopos
2138 3552 2192 3595 et
2221 3543 2569 3610 presbyteros
2592 3542 2657 3592 ad
2690 3539 2872 3607 templi
2904 3538 3394 3592 consecrationem.

1818 3638 2096 3695 Convocat
2121 3644 2304 3690 autem
2337 3632 2641 3688 monachos
2683 3631 2871 3693 etiam.
2907 3628 2998 3700 qui
3043 3628 3249 3683 virtute
3312 3642 3402 3683 re-

1823 3730 2214 3799 splendebant.
2238 3726 2303 3779 Et
2331 3742 2457 3781 cum
2504 3741 2534 3779 e
2565 3724 2745 3779 loculo
2772 3738 2987 3778 sacrum
3029 3735 3224 3791 corpus
3259 3734 3404 3775 mar-

1820 3823 1955 3895 tyris
2006 3819 2329 3882 extulisset,
2388 3817 2443 3870 id
2494 3816 2550 3870 in
2610 3818 2903 3884 magnilico
2952 3814 3094 3869 lecto
3142 3813 3402 3883 prmelare

1819 3916 2095 3985 deposuit.
2149 3910 2415 3982 Imposuit
2478 3910 2643 3964 etiam
2698 3907 3043 3978 clamydem,
3096 3913 3153 3960 et
3209 3920 3403 3959 zonam

1820 4004 2118 4075 dignitatis,
2150 4016 2311 4071 quam
2338 4000 2483 4053 (ilius
2525 4013 2658 4051 suus
2695 4007 2814 4050 erat
2861 3997 3179 4061 induturus,
3214 3997 3406 4050 volens

1821 4109 1881 4156 ut
1914 4099 2150 4170 primum
2181 4094 2643 4151 benedicerentur
2664 4090 2740 4144 ab-
2780 4091 2865 4155 iis,
2912 4090 3005 4161 qui
3038 4090 3165 4145 illuc
3208 4104 3405 4144 conve-

1821 4200 2038 4253 nerant,
2068 4189 2265 4241 deinde
2290 4196 2583 4253 utrumque
2615 4183 2887 4236 indueret.
2929 4181 3119 4251 Itaque
3153 4196 3275 4235 cum
3304 4196 3404 4250 per

1822 4282 2037 4339 noctem
2080 4280 2240 4333 simul
2274 4292 2401 4330 cum
2445 4286 2559 4330 toto
2602 4274 2803 4343 populo
2856 4274 3079 4325 fecisset
3129 4273 3402 4341 glorifica-

1822 4378 2047 4436 tionem.
2078 4373 2194 4443 ipsa
2218 4381 2274 4425 et
2306 4369 2449 4423 lilius
2482 4366 2645 4422 simul
2677 4365 2975 4419 subeuntes
3010 4364 3166 4431 primi
3198 4377 3404 4433 corpus

1823 4466 2100 4535 martyris,
2132 4470 2186 4515 et
2225 4462 2279 4514 id
2317 4459 2578 4521 ferentes,
2628 4464 2977 4510 sacrosancte
3024 4454 3305 4523 deponunt
3339 4454 3398 4508 in

1820 4572 1972 4614 sacra
2004 4571 2095 4610 ara
2123 4551 2329 4620 templi.
2355 4548 2481 4603 Post
2507 4546 2622 4601 haec
2663 4558 2843 4600 autem
2875 4560 3065 4600 amans
3094 4556 3394 4614 martyrum

1818 4656 2132 4721 Cleopatra,
2166 4645 2422 4696 ardenter
2449 4641 2659 4691 instans
2682 4646 2737 4691 et
2782 4630 3112 4705 Iacrymans,
3151 4636 3261 4688 lilio
3301 4650 3403 4690 suo

1819 4755 1873 4800 et
1906 4743 2013 4801 sibi
2048 4741 2187 4793 bona
2228 4733 2462 4789 lideliter
2508 4729 2729 4801 petebat
2779 4742 2811 4779 a
2866 4738 3123 4797 martyre.
3175 4725 3399 4780 Interim

1820 4847 2000 4892 autem
2027 4832 2215 4889 divino
2242 4826 2552 4882 ministerio
2597 4831 2946 4877 sacrosancte
2975 4831 3218 4889 peracto,
3250 4821 3400 4873 varia

1820 4931 2041 5002 quidem
2066 4935 2120 4980 et
2150 4918 2430 4992 splendida
2480 4929 2677 4971 mensa
2731 4914 2943 4981 accepit
2981 4925 3100 4973 eos,
3146 4910 3240 4980 qui
3276 4910 3405 4966 illuc

1821 5026 2216 5078 convenerant.
2250 5015 2382 5080 Quae
2408 5018 2590 5064 autem
2618 5006 2966 5075 pertinebant
2997 5003 3063 5057 ad
3110 5004 3212 5057 hoc
3243 5005 3404 5057 mini-

1822 5109 2070 5173 sterium,
2100 5106 2209 5159 (ilio
2240 5113 2294 5157 et
2326 5100 2431 5155 sibi
2478 5096 2812 5166 imponebat.
2868 5092 3003 5146 Filio
3046 5108 3177 5145 vero
3219 5103 3398 5147 mater

1817 5201 2092 5271 iusserat.
2159 5202 2218 5245 ut
2269 5206 2371 5245 nec
2428 5189 2647 5249 cibum,
2712 5200 2815 5238 nec
2870 5194 3056 5251 potum
3121 5192 3399 5247 sumeret,

1821 5294 2136 5361 priusquam
2173 5282 2392 5337 ﬁnitum
2434 5285 2581 5333 esset
2619 5275 2951 5331 convivium.
3009 5272 3211 5327 Deinde
3248 5271 3401 5326 ﬁnito

1822 5383 2093 5443 convivio,
2150 5386 2204 5431 et
2256 5376 2342 5431 die
2395 5373 2504 5443 jam
2552 5370 2850 5425 inclinante
2930 5366 3076 5433 (Sed
3126 5367 3201 5433 id,
3254 5364 3400 5433 quod

1823 5489 1969 5529 nunc
1997 5470 2285 5525 dicendum
2324 5474 2427 5527 est,
2463 5459 2705 5517 turbabit
2734 5459 2948 5527 quidem
2979 5471 3140 5510 aures
3191 5468 3245 5509 et
3280 5457 3399 5510 ani-

1825 5582 1943 5623 mos
1994 5578 2185 5619 eorum
2236 5563 2325 5629 qui
2391 5566 2517 5611 sunt
2590 5551 2768 5623 pusilli
2826 5560 2882 5603 et
2938 5548 3134 5617 abiecti
3189 5549 3398 5601 animi:

1822 5673 2013 5712 eorum
2059 5665 2264 5715 autem,
2314 5652 2427 5721 qui,
2477 5646 2653 5717 quoad
2712 5644 2830 5713 ejus
2883 5640 2995 5693 fieri
3054 5643 3255 5708 potest,
3309 5639 3401 5691 Dei

1825 5749 2043 5804 modum
2071 5753 2291 5801 norunt.
2328 5753 2381 5796 et
2411 5754 2617 5810 magna:
2639 5738 2781 5790 illius
2803 5731 3080 5801 sapientia:
3105 5730 3401 5799 providen-

1822 5841 1947 5895 tiam
1980 5837 2376 5898 admirabilem,
2410 5837 2577 5897 ntagis
2604 5829 2840 5883 movebit
2872 5827 3107 5886 linguam
3136 5816 3201 5877 ad
3235 5825 3403 5878 bene-
