3990 6446
589 360 723 425 1155

1871 353 2149 412 MENSIS
2187 350 2554 410 OCTOBER.

3722 346 3843 413 1156

582 468 895 527 dicendum,
922 472 973 517 et
1006 460 1204 516 factum
1231 460 1625 515 admittendum
1656 470 1868 529 propter
1890 476 2028 521 eam,
2049 474 2154 529 qua

2272 479 2510 543 εἰδότων,
2558 478 2778 547 καὶτῆς
2818 477 3057 547 μεγάλης
3102 477 3310 530 ἐκείνου
3363 478 3561 548 σοφίας
3619 478 3848 545 παραδό-

582 575 650 613 οι
681 572 747 611 00
776 556 977 617 evenit,
1010 555 1493 622 utilitatem),puer
1519 551 1764 605 defessus
1801 552 1851 604 in
1886 567 1983 605 suo
2026 551 2167 605 lecto

584 649 1133 704 recunibehat:mater
1155 656 1332 700 autem
1363 646 1455 699 11111
1472 645 1708 698 osculata
1732 644 1948 698 oculos:
1970 642 2163 711 Surge,

583 743 678 805 1111,
724 742 957 802 dicebat,
988 749 1039 792 et
1088 754 1210 791 cum
1246 751 1419 792 matre
1456 738 1633 790 cibum
1674 752 1843 791 sume.
1880 737 2163 800 Quomodo

583 833 729 887 enim
759 831 975 885 defesso
1003 839 1055 883 ct
1076 831 1261 898 jejuno
1286 827 1448 880 fuerit
1472 842 1693 879 sunmus
1724 824 2002 893 jucundus
2026 824 2047 876 ?
2070 824 2160 878 1110

582 935 761 976 autent
790 937 909 975 cum
936 938 965 974 a
1003 920 1309 973 vehementi
1334 928 1388 972 et
1419 927 1571 971 acuta
1606 917 1754 970 febre
1789 917 2149 979 detineretur,

583 1029 650 1066 ne
681 1014 839 1067 matri
881 1012 1101 1081 quidem
1134 1019 1346 1079 poterat
1377 1009 1724 1077 respondere.
1761 1006 1896 1061 Tum
1935 1017 2106 1059 mater
2137 1022 2151 1059 :

580 1108 767 1169 Certe,
799 1105 997 1173 inquit,
1047 1118 1148 1157 nec
1194 1117 1292 1171 ego
1323 1102 1539 1169 quidem
1582 1101 1786 1162 cibum,
1830 1110 1922 1151 aut
1954 1096 2154 1166 aliquid

579 1198 723 1251 aliud
758 1196 1005 1265 gustabo,
1042 1195 1138 1247 nisi
1171 1196 1322 1262 prius
1358 1192 1697 1254 intellexero,
1733 1190 2004 1259 quomodo
2042 1190 2155 1243 hac

580 1304 668 1342 res
713 1286 958 1340 evenerit
990 1284 1119 1341 filio.
1165 1286 1222 1339 Ei
1278 1284 1443 1353 igitur
1494 1282 1737 1334 assidens
1783 1280 2065 1341 insomnis.
2103 1290 2157 1335 01

580 1381 753 1434 morbi
792 1378 1067 1440 ardorem,
1108 1388 1166 1430 ut
1204 1386 1432 1444 poterat,
1462 1373 1804 1442 refrigerans,
1854 1380 1947 1425 aut
1978 1373 2156 1440 potius

580 1473 682 1525 sibi
714 1474 891 1542 ignem
931 1469 1239 1523 accendens
1282 1483 1311 1520 e
1358 1468 1677 1525 visceribus.
1735 1467 1877 1519 circa
1923 1466 2156 1518 mediam

579 1573 793 1616 noctem
862 1562 1080 1631 (qualia
1138 1570 1263 1611 sunt
1321 1559 1413 1612 Dei
1472 1558 1750 1625 judicia!)
1810 1556 1943 1608 vidit
1992 1555 2157 1607 tilium

578 1655 766 1708 morbo
795 1654 1125 1710 confectum.
1156 1661 1210 1705 et
1230 1651 1505 1719 jaCentem
1548 1657 1845 1701 mortuum.

2270 570 2394 636 ξους
2442 572 2776 640 οἰκονομίας,
2823 574 3034 640 κινήσει
3086 570 3286 638 μᾶλλον
3336 572 3438 641 τὴν
3478 572 3737 639 γλῶτταν
3777 573 3845 631 εἰς

2265 662 2543 731 εὑρημίαν
2563 698 2579 723 ,
2620 664 2715 715 καὶ
2741 663 2800 715 τὸ
2829 663 3049 730 γεγονὸς
3091 662 3444 725 ἁποδέξονται
3492 662 3594 729 τῆς
3625 662 3764 731 πρὸς
3793 661 3844 712 τὸ

2265 754 2548 822 συμφέρον
2582 754 2885 816 ἐκϐάσεως.
2919 755 3056 823 ἰι-3η
3110 752 3240 820 γοῦν
3290 754 3426 821 πρὸς
3477 750 3731 818 ἑσπέραν
3757 750 3842 813 ἇνι,

2262 848 2574 907 κατάκοπος
2602 846 2629 895 ὁ
2682 850 2807 908 παῖς
2852 846 3093 912 γεγονὼς
3143 848 3210 914 τῇ
3253 843 3450 896 ἑαυτοῦ
3484 844 3645 911 κοίτῃ
3686 858 3841 909 προσο

2258 937 2569 989 ανεκλίνετο
2605 952 2622 968 ⁸
2658 939 2688 1006 ἡ
2737 938 2793 989 δὲ
2827 941 3004 1006 μήτηρ
3056 936 3349 1005 προσφῦσα
3380 938 3493 996 τοῖς
3523 934 3621 986 τοῦ
3663 934 3842 994 παδξς

2253 1027 2573 1096 ὀφθαλμοῖς,
2592 1028 2892 1093 Ἀνίστασο,
2913 1030 3123 1093 τέκνον,
3141 1029 3313 1094 ἔλεγε,
3334 1028 3429 1080 x11
3448 1027 3547 1078 σὺν
3563 1030 3629 1096 τῇ
3656 1026 3841 1095 μητέρι

2256 1118 2499 1171 κοινώνει
2554 1120 2758 1189 τροφῆς
2788 1137 2803 1151 ·
2834 1121 2951 1183 πῶς
3005 1122 3117 1190 γὰρ
3156 1119 3220 1172 ἂν
3257 1121 3421 1180 ῦπνος
3456 1119 3585 1188 ἡδὺς
3638 1136 3843 1187 κεκμη-

2260 1211 2374 1262 κότι
2402 1213 2494 1263 καὶ
2518 1213 2688 1281 ἁσίτῳ
2710 1214 2935 1280 γένοιτο.
2968 1215 2995 1265 ὀ
3017 1213 3094 1278 δὲ,
3114 1213 3299 1280 λὰὅρῳ
3329 1230 3384 1263 τε
3416 1214 3508 1262 καὶ
3530 1211 3645 1274 ὀξεῖ
3682 1224 3841 1277 πυρε-

2256 1302 2333 1372 τῷ
2370 1305 2603 1374 κάτοχος
2648 1306 2744 1368 ῶν,
2773 1308 2891 1359 οὐδὲ
2931 1306 3087 1373 λόγον
3120 1306 3244 1375 ἔσχε
3273 1308 3339 1374 τῇ
3380 1305 3581 1373 μητέρι
3615 1304 3842 1367 ἀποκρί-

2256 1396 2468 1461 νασθαι,
2492 1402 2582 1449 καὶ
2602 1399 2739 1467 αὑτὴ
2766 1415 2778 1428 ·
2808 1401 2874 1451 Ἠ
2913 1400 3041 1469 μὴν,
3072 1398 3200 1467 ἔφη,
3224 1399 3343 1448 ούεέ
3371 1394 3481 1463 ἐγὼ
3510 1395 3724 1463 τροφῆς
3754 1394 3840 1442 οὗ·

2255 1486 2313 1537 δέ
2370 1504 2514 1548 τινος
2572 1488 2975 1557 ἁπογεύσομαι,
3038 1490 3086 1539 ei
3150 1487 3227 1556 μὴ
3277 1489 3546 1555 πρότερον
3588 1482 3839 1553 περὶτοῦ

2257 1580 2605 1647 πράγματος,
2632 1584 2779 1643 ὅπως
2812 1583 2875 1634 ἂν
2895 1582 3073 1649 ἀποὸᾔ
3103 1581 3179 1649 τῷ
3211 1580 3311 1647 υἱῷ
3340 1580 3590 1647 μάθοιμι,
3632 1578 3726 1628 καὶ
3752 1574 3840 1641 δῆ-

2258 1687 2324 1723 τα
2356 1674 2795 1744 παρακαθημένη
2827 1674 2904 1743 τῷ
2938 1674 3088 1725 παιδὶ
3123 1675 3348 1735 ἄῦπνος,
3392 1672 3488 1721 καὶ
3513 1671 3606 1733 τὸν
3641 1672 3707 1720 ἐκ
3746 1670 3838 1732 τῆς

577 1765 731 1817 νόσου
788 1760 1046 1830 φλογμὸν.
1102 1760 1290 1829 ὥσπερ
1348 1756 1414 1830 ἦν
1478 1756 1699 1809 δυνατὸν
1750 1755 2121 1824 ἀναψύχουσι,
2172 1760 2203 1829 ἦ
2268 1764 2471 1833 μᾶλλον
2524 1769 2691 1837 ἐαυτῇ
2728 1766 2788 1819 τὸ
2838 1766 2947 1835 πῦρ
2987 1766 3146 1819 πλέον
3208 1766 3315 1818 ἀπὸ
3362 1764 3467 1815 τῶν
3516 1764 3837 1830 σπλάγχνων

577 1859 912 1918 ἀνάπτουσα,
974 1856 1103 1925 περ).
1152 1856 1323 1924 μέσας
1366 1852 1569 1910 νύκτας
1624 1844 1731 1919 (οἷα
1768 1848 1833 1900 τὰ
1879 1849 1971 1900 τοῦ
2011 1849 2146 1903 Θεοῦ
2189 1858 2432 1924 κρίματα
2460 1861 2522 1925 1),
2556 1860 2660 1928 ὁρᾶ
2694 1859 2784 1911 τὸν
2834 1861 2999 1912 παῖδα
3050 1863 3113 1929 τῇ
3173 1860 3313 1927 νόσῳ
3372 1855 3835 1925 κατεργασθέντα,

576 1951 669 2000 καί
700 1946 894 2012 νεκρὸν
927 1944 1140 2013 ἄφωνον
1171 1959 1227 1994 τε
1254 1941 1351 1993 καὶ⁴
1379 1943 1582 1993 ἄπνουν
1619 1938 1891 2008 κείμενον.

646 2041 763 2095 ΧΙΙ.
805 2039 939 2093 Cum
973 2052 1108 2107 ergo
1133 2038 1389 2090 acerbum
1420 2035 1562 2088 hunc
1607 2034 1827 2087 vidisset
1868 2044 2145 2099 eventum,
2183 2058 2222 2111 Β

578 2136 813 2204 primum
873 2131 1094 2200 quidem
1148 2130 1388 2198 caligatis
1451 2128 1600 2179 humi
1649 2126 1874 2189 decidit,
1922 2141 2153 2196 eamque

574 2232 753 2282 statim
796 2244 900 2281 vox
931 2226 1148 2285 defecit,
1202 2238 1325 2276 cum
1376 2222 1700 2289 repentinus
1752 2220 1907 2273 dolor
1959 2222 2155 2274 fuisset

576 2324 775 2393 linguae
806 2321 975 2375 instar
1008 2315 1225 2369 vinculi.
1255 2314 1360 2367 Sed
1388 2329 1508 2367 cum
1544 2327 1731 2381 parum
1765 2312 1831 2365 ad
1872 2328 1928 2366 se
1957 2314 2156 2367 rediis-

578 2423 686 2477 001,
719 2424 774 2465 01
820 2409 1070 2464 nonnihil
1128 2407 1468 2475 resipuisset,
1514 2404 1755 2457 humeris
1782 2405 1973 2457 tollens
2010 2421 2154 2457 mor-

579 2514 733 2558 tuum
764 2515 961 2570 corpus
992 2500 1107 2561 lilii,
1141 2506 1194 2550 et
1234 2497 1299 2550 ad
1331 2511 1537 2549 sacram
1576 2495 1627 2547 id
1660 2510 1809 2547 aram
1852 2495 2050 2559 ferens,
2086 2496 2157 2549 ibi

579 2594 823 2664 deponit,
851 2602 906 2647 et
946 2591 1170 2661 capillos
1202 2590 1428 2651 vellens,
1463 2588 1608 2658 luget
1638 2587 1807 2641 filium
1852 2605 1865 2643 :
1910 2586 2153 2651 Perdidi,

578 2687 789 2747 dicens,
844 2701 875 2738 0
921 2684 1031 2746 1111,
1064 2697 1261 2745 meam,
1325 2696 1444 2750 quae
1494 2680 1546 2732 in
1600 2688 1649 2733 10
1705 2678 1969 2732 collocata
2015 2688 2155 2741 erat,

580 2792 753 2845 spem.
789 2774 887 2828 1101
921 2775 1071 2827 11111111
1110 2789 1142 2833 0
1188 2774 1281 2834 1111,
1317 2773 1400 2826 hei
1443 2771 1595 2823 11111111
1632 2785 1663 2822 0
1700 2769 1865 2822 citare
1913 2768 2030 2832 flos,
2066 2770 2154 2837 qui

580 2869 657 2922 sic
682 2879 807 2921 ante
842 2879 1062 2935 tempus
1095 2864 1373 2918 marcuisti
1407 2861 1823 2915 miserabiliterl
1874 2859 1968 2913 Hei
2000 2860 2155 2924 mihi,

581 2969 733 3012 tuum
772 2974 873 3027 ego
906 2958 1066 3011 11110111
1105 2956 1284 3017 video,
1342 2970 1462 3022 qum
1517 2955 1799 3021 Sperabam
1848 2968 1967 3005 esse
2022 2968 2051 3004 a
2107 2964 2158 3005 te

580 3050 825 3103 alendam
869 3050 923 3102 in
972 3050 1285 3103 senectutel
1323 3046 1505 3098 Talem
1544 3059 1719 3105 nunc,
1753 3059 1785 3096 0
1817 3044 2157 3106 charissima,

582 3143 961 3195 alimentorum
994 3140 1127 3193 mihi
1163 3142 1335 3192 vicem
1368 3137 1581 3191 reddis!
1618 3134 1773 3189 Tales
1822 3151 1921 3204 ego
1963 3136 2157 3189 misera

582 3233 695 3301 spei
726 3248 857 3286 111010
882 3233 1074 3302 colligo
1104 3231 1341 3285 fructus!
1384 3231 1501 3295 Quo
1538 3244 1653 3293 ore,
1686 3243 1919 3297 quanam
1953 3228 2157 3297 lingua,

582 3324 779 3393 quibus
808 3324 1018 3377 deﬂebo
1047 3324 1218 3377 oculis
1245 3326 1257 3377 l
1297 3324 1512 3377 Utinam
1539 3338 1713 3373 meam
1752 3336 1847 3387 pro
1881 3330 1969 3372 tua
2004 3336 2152 3371 mor-

2328 2038 2427 2093 IB’.
2462 2040 2569 2092 Τυῦ
2590 2039 2719 2107 γοῦν
2751 2040 2951 2109 πικροῦ
2982 2040 3170 2093 τούτου
3194 2040 3471 2109 δράματος
3514 2042 3835 2113 αἰσθομένη,

2259 2133 2452 2202 πρῶτα
2493 2133 2591 2201 μὲν
2625 2134 2727 2184 ὑπὸ
2759 2133 2962 2199 ίλίγγου
2998 2133 3135 2200 πρὸς
3178 2133 3280 2198 γῆν
3313 2134 3673 2195 καταπίπτει,
3741 2138 3831 2187 καὶ

2256 2225 2426 2292 αὐτὴν
2459 2227 2561 2293 πρὸ
2586 2227 2680 2291 τῆς
2707 2226 2880 2293 ψυχῆς
2906 2226 3172 2276 ἀπέλιπεν
3199 2226 3232 2294 ἡ
3270 2227 3444 2295 φωνή.
3475 2228 3589 2295 Τῆς
3632 2228 3835 2299 ἀθρόας

2257 2316 2434 2387 λύπης
2472 2319 2594 2368 ἀντὶ
2637 2317 2853 2385 δεσμῶν
2888 2321 2954 2387 τῇ
3006 2316 3219 2387 γλώττῃ
3273 2322 3673 2387 γεγενημένης,
3723 2319 3835 2372 εἶτα

2260 2411 2451 2477 μικρὸν
2478 2409 2866 2475 ἀνενεγκοῦσα,
2906 2409 3001 2460 καὶ
3023 2410 3202 2475 ὀλίγου
3239 2426 3289 2461 τι
3348 2411 3701 2480 ἀνανήψασα,
3749 2417 3835 2465 τὶν

2257 2499 2351 2551 τοῦ
2393 2500 2580 2561 παιδὸς
2637 2499 2829 2567 νεκρὸν
2892 2500 2986 2552 ἐπὶ
3036 2498 3145 2550 τῶν
3198 2500 3366 2566 ὤμων
3427 2502 3727 2572 ἀνελομένη
3780 2504 3835 2555 ὃν

2258 2589 2508 2658 ἐδείματο
2539 2589 2618 2658 τῷ
2655 2592 2892 2659 μάρτυρι
2932 2590 3349 2659 καταλαμϐάνει
3397 2592 3546 2653 ναὸν,
3593 2593 3669 2661 τῷ
3712 2594 3834 2661 ἱερῷ

2258 2697 2317 2733 τε
2360 2680 2551 2733 τοῦτον
2619 2680 2993 2749 θυσιαστηρίῳ
3042 2682 3285 2749 φέρουσα
3324 2683 3712 2750 παρατίθεται,
3748 2686 3834 2735 καὶ

2258 2775 2367 2825 τῶν
2399 2774 2603 2843 τριχῶν
2632 2775 2930 2843 λαϐομένη,
2990 2776 3130 2841 πρὸς
3173 2774 3265 2825 τὸν
3308 2774 3474 2826 παῖδα
3517 2775 3833 2843 ἀνῴμωξεν,

2273 2858 2549 2921 Ἀπώλεάς
2573 2880 2694 2929 μου,
2712 2863 2959 2928 λέγουσα,
2980 2861 3077 2923 τὰς
3104 2861 3198 2913 ἐπὶ
3217 2862 3319 2927 σοὶ,
3347 2861 3561 2927 τέκνον,
3597 2866 3829 2925 ἐλπίδας·

2259 2954 2425 3020 οἴμοι,
2458 2946 2501 3006 ὦ
2534 2956 2654 3020 παῖ,
2676 2954 2819 3023 οἴμοι
2852 2954 3001 3023 φίλον
3027 2954 3204 3016 ἄνθος,
3232 2957 3337 3024 πρὸ
3358 2956 3456 3023 τῆς
3482 2955 3635 3026 ὧρας
3667 2957 3830 3018 οὕτως

2261 3044 2508 3106 ἐλεεινῶς
2536 3046 2943 3112 ἀπομαρανθείς
2974 3047 2984 3097 1
3028 3046 3135 3099 Φεῦ
3167 3048 3179 3100 1
3221 3049 3301 3099 ὅτι
3333 3048 3394 3099 τὸ
3419 3050 3510 3099 σὺν
3549 3048 3660 3114 ἐγὼ
3688 3050 3832 3111 τέλος

2261 3136 2393 3206 ὁρῶ,
2445 3136 2565 3206 ἣτις
2592 3136 2697 3189 ὑπὸ
2734 3136 2816 3189 σοὶ
2845 3138 3043 3205 μᾶλλον
3076 3140 3170 3191 καὶ
3197 3142 3318 3202 ταῖς
3363 3142 3483 3202 σαῖς
3510 3142 3694 3195 ἐλπίσι
3735 3160 3828 3211 γη-

2267 3227 2764 3299 ροτροφηῡήσεσοαι
2791 3228 3037 3296 ἦλπιζον,
3070 3228 3292 3281 τοιαῦτά
3321 3247 3412 3297 μοι
3441 3230 3537 3282 νῦν
3574 3234 3820 3294 ἐκτίνεις,

2266 3322 2292 3371 ὁ
2311 3317 2584 3384 φίλτατος,
2610 3319 2675 3369 τὰ
2697 3321 2957 3387 τροφεῖα;
2990 3320 3277 3383 Τοιούτους
3308 3323 3339 3390 ἡ
3364 3320 3580 3375 δειλαία
3616 3323 3726 3374 τῶν
3754 3324 3835 3375 ἐλ-

580 3424 689 3470 10111
730 3416 1084 3484 aspexissem.
1116 3427 1170 3468 et
1205 3416 1297 3467 lilii
1328 3414 1457 3465 1111111
1486 3412 1667 3464 charis
1710 3410 1961 3464 manibus
2004 3426 2154 3463 man-

2263 3408 2431 3462 πίδων
2462 3407 2574 3476 ἐγὼ
2598 3408 2871 3479 δρέπομαι
2923 3409 3046 3473 τοὺς
3076 3412 3321 3479 καρπούς
3351 3429 3365 3479 ;
3404 3412 3551 3483 Ποὶῳ
3585 3416 3828 3482 στόματι,

580 3507 706 3560 data
745 3521 918 3560 essent
975 3505 1338 3561 monimentol
1375 3503 1588 3557 Utinam
1635 3504 1750 3572 ipsa
1785 3502 1879 3556 tibi
1910 3502 2147 3570 jacerem

580 3601 761 3667 potius
801 3609 1033 3663 mortua,
1078 3607 1133 3651 et
1178 3600 1473 3651 lionorarer
1516 3607 1607 3649 tuo
1663 3611 1919 3663 processu
1956 3596 2019 3647 ad
2057 3611 2147 3647 se-

582 3690 867 3757 pulcrum!
908 3688 997 3742 Sic
1051 3690 1194 3741 enim
1244 3703 1344 3757 ego
1396 3701 1572 3740 essent
1631 3687 1782 3739 felix.
1835 3682 1924 3739 Sic
1965 3686 2019 3738 in
2067 3700 2151 3738 1110

584 3783 772 3849 utique
806 3791 1127 3834 conservata
1160 3790 1305 3833 esset
1338 3780 1423 3832 lex
1460 3789 1694 3847 patrum.

587 3872 694 3936 κρα
718 3870 837 3931 ταῖς
889 3870 1006 3929 σαῖς
1058 3870 1148 3919 ἐπὶ
1188 3868 1277 3917 τὸν
1323 3868 1495 3933 τάφον
1529 3867 1809 3935 τιμωμένη
1847 3866 2125 3936 προόδοις’

588 3961 789 4014 πουθεν
833 3960 859 4010 ὁ
897 3960 1002 4011 τῶν
1033 3958 1283 4026 πατέρων
1320 3959 1564 4025 ἐτηρεῖτο
1588 3958 1771 4026 νόμος.

652 4054 797 4105 11111.
839 4052 928 4105 Sic
960 4052 1204 4109 dicebat,
1239 4059 1291 4101 et
1325 4050 1615 4116 procidens
1674 4064 1861 4102 rursus
1911 4051 2151 4119 lugebat.

585 4155 638 4197 et
670 4128 925 4211 tanquam
963 4141 1142 4194 adhuc
1173 4141 1477 4194 animatum
1530 4140 1905 4208 alloquebatur
1952 4156 2153 4210 corpus

583 4235 879 4303 martyris:
948 4232 1227 4295 Quodnam
1286 4242 1526 4295 tantum,
1588 4232 1795 4293 dicens,
1856 4247 1889 4285 0
1950 4232 2150 4287 Christi

585 4336 809 4395 martyr,
843 4325 1062 4377 sceleris
1094 4322 1435 4380 admisimus.
1477 4332 1537 4374 ut
1567 4322 1620 4374 in
1657 4323 1798 4375 hanc
1847 4330 1954 4373 tam
1996 4336 2149 4374 acer-

586 4419 707 4471 bam
770 4419 1133 4471 incideremus
1177 4414 1582 4467 calamitatem?
1634 4414 1791 4477 Non,
1844 4412 2040 4465 marito
2100 4414 2152 4465 in

582 4523 803 4565 externa
839 4512 1058 4579 regione
1095 4510 1301 4571 relicto,
1335 4507 1506 4575 pluris
1537 4521 1697 4575 quam
1736 4506 1940 4574 reliqua
1972 4504 2155 4558 omnia

583 4604 683 4656 feci
719 4613 871 4655 tuum
921 4612 1207 4669 exportare
1242 4598 1473 4670 corpus?
1521 4597 1636 4651 Non
1683 4599 1749 4651 ab
1789 4600 1919 4665 ipsis
1963 4598 2155 4650 funda-

2259 3500 2385 3570 πόίᾳ
2412 3499 2634 3571 γλώσσῃ
2679 3500 2747 3552 τὰ
2774 3502 2840 3552 σὰ
2870 3499 3203 3570 φθέγξομαι,
3236 3505 3409 3565 ποίοις
3436 3503 3683 3571 ὄμμασιν
3704 3506 3829 3556 civ:-

2262 3591 2569 3659 κλαύσομαι
2598 3607 2614 3654 ς
2658 3590 2889 3656 Ὄφελον
2914 3590 3004 3642 τὸν
3034 3591 3164 3659 ἐμὸν
3198 3592 3427 3645 θάνατον
3461 3594 3701 3658 ὲπεῖδονζ
3744 3595 3832 3647 καὶ

2260 3686 2380 3746 ταῖς
2415 3684 2509 3736 τοῦ
2539 3683 2729 3746 παιδὸς
2760 3682 2887 3752 ἐμοὶ
2916 3683 3096 3752 φίλαις
3125 3687 3281 3754 χερσὶ
3312 3683 3391 3753 τῷ
3420 3688 3669 3755 μνήματι
3694 3704 3830 3754 παρ-

2264 3775 2473 3842 εδόθην.
2511 3776 2745 3842 Ὄφελον
2802 3777 2943 3845 αὺτή
2998 3794 3080 3830 σοι
3128 3778 3468 3849 προεκεέμην
3502 3781 3706 3850 μᾶλλον
3753 3796 3832 3832 v1-

2167 3864 2310 3919 οὕτω
2360 3870 2468 3935 γὰρ
2510 3863 2577 3938 ἦν
2620 3867 2894 3936 εὐδαίμων
2944 3868 3054 3937 ἐγώ
3084 3885 3097 3899 ·
3134 3869 3307 3933 οὕτως
3334 3872 3400 3925 ἂν
3426 3872 3514 3923 ἐπ’
3570 3874 3694 3941 ἐμοὶ
3738 3873 3827 3941 δί]-

2336 4052 2435 4104 1Γ’.
2473 4050 2658 4113 Οῦτως
2694 4051 2867 4118 ἔλεγε,
2901 4052 2991 4105 καὶ
3013 4054 3397 4109 καταπεσοῦσα
3425 4056 3591 4110 πάλιν
3626 4058 3828 4115 ἔστενε.

2262 4145 2354 4196 καὶ
2378 4144 2451 4205 ὼς
2483 4145 2711 4215 ἐμψύχῳ
2757 4145 2839 4197 ἔτι
2863 4144 2939 4214 τῷ
2982 4146 3073 4197 τοῦ
3107 4146 3378 4214 μάρτυρος
3408 4148 3624 4217 σώματι
3665 4153 3830 4202 διελέ-

2258 4251 2407 4302 γετο’
2432 4237 2496 4287 Τί
2515 4235 2853 4304 τηλικοῦτον,
2874 4232 2917 4287 ὦ
2939 4235 3029 4287 τοῦ
3047 4235 3283 4304 Χριστοῦ
3314 4239 3547 4307 μάρτυς,
3573 4242 3833 4309 ἠδικήκα-

2261 4344 2361 4393 μεν
2384 4327 2639 4393 λέγουσα,
2668 4327 2743 4388 ὼς
2770 4328 2942 4397 πικρᾷ
2958 4328 3182 4397 τοιαύτῃ
3207 4336 3527 4399 περιπεσεῖν
3555 4338 3828 4405 συμφορᾷ,

2254 4420 2353 4469 οὐκ
2410 4422 2465 4469 ἐν
2494 4420 2749 4488 ἀλλοτρίᾳ
2799 4421 2890 4473 τὸν
2938 4423 3108 4491 ἄνδρα
3157 4424 3557 4489 καταλιποῦσα,
3587 4430 3687 4497 τὴν
3741 4429 3829 4481 τοῦ

2259 4506 2513 4575 σώματος
2555 4508 2798 4574 ἐκφορὰν
2856 4509 2986 4579 περὶ
3030 4511 3228 4571 παντὸς
3272 4512 3480 4582 ἐθέμην
3529 4516 3627 4567 τοῦ
3693 4518 3825 4579 eoi;

2259 4600 2374 4657 Οὐκ
2417 4598 2475 4663 ἐξ
2497 4599 2673 4651 αὐτῶν
2724 4600 3001 4669 κρηπίδων
3050 4601 3351 4672 ἐδειμάμην
3385 4621 3478 4657 σου
3520 4606 3615 4660 τδν
3646 4609 3774 4662 ναόν
3813 4626 3825 4672 ;

585 4694 785 4746 mentis
824 4694 921 4745 tibi
950 4694 1207 4759 templum
1240 4690 1525 4746 exstruxi?
1565 4690 1700 4751 Non,
1734 4687 1778 4741 si
1822 4687 1955 4739 nihil
1987 4686 2151 4743 aliud.

2260 4693 2399 4756 oux,
2428 4660 2475 4743 ei
2519 4696 2593 4761 μή
2625 4710 2677 4743 τι
2712 4660 2860 4757 aiio,
2885 4694 2983 4763 τὴν
3015 4660 3282 4760 γοῡν’ἀτὲδ
3308 4660 3504 4765 ’ψυχῆς
3536 4660 3827 4769 εἰσήνεγκα

583 4787 676 4839 tibi
714 4785 883 4838 obtuli
931 4798 1110 4836 meum
1169 4783 1332 4834 animi
1377 4781 1749 4849 propositum?
1792 4777 1933 4843 Quid
1980 4788 2157 4835 autent

588 4878 703 4926 haec
755 4875 855 4927 sibi
918 4873 1144 4928 volunt?
1195 4873 1333 4938 Non,
1377 4875 1521 4944 quod
1582 4890 1678 4944 pro
1733 4874 1797 4927 iis
1852 4872 2154 4942 petebatur,

582 4966 780 5017 bonum
832 4976 972 5027 erat,
1020 4966 1164 5017 salus
1212 4966 1342 5018 lilii?
1390 4966 1529 5029 Non,
1583 4976 1641 5017 ut
1689 4980 1860 5031 usque
1896 4965 1963 5018 ad
1997 4977 2153 5016 sene.

582 5066 782 5110 ctutem
820 5055 981 5109 simul
1035 5066 1278 5108 tuanerct
1322 5070 1443 5107 cum
1500 5053 1759 5121 parente?
1797 5052 1889 5105 llei
1935 5055 2090 5107 11111111
2124 5070 2151 5108 a

583 5156 781 5214 quanta
813 5161 907 5213 spe
942 5146 1149 5199 decidi!
1188 5161 1285 5214 pro
1308 5146 1555 5213 qualibus
1586 5145 1763 5210 qualia
1800 5145 1937 5199 vidi!
1973 5143 2156 5207 Sed,o

584 5249 783 5308 martyr
812 5238 1033 5299 Christi,
1068 5239 1148 5290 vel
1192 5239 1319 5291 milii
1373 5239 1542 5291 filium
1574 5238 1739 5290 redde
1786 5239 2154 5305 superstitem,

586 5333 728 5383 sicut
760 5331 985 5385 Elismus
1021 5330 1370 5392 Sunamitidi,
1407 5331 1493 5384 vel
1533 5344 1600 5381 ne
1638 5330 1769 5381 mihi
1805 5339 2031 5382 mortem
2071 5328 2154 5381 in-

587 5424 773 5475 videas
814 5426 1030 5489 utilem,
1076 5424 1167 5476 sed
1232 5438 1351 5491 quae
1399 5433 1504 5475 tam
1560 5422 1847 5475 infeliciter
1880 5437 2064 5491 peperi
2100 5431 2154 5475 et

582 5518 733 5581 alui,
783 5514 865 5568 fac
920 5532 1003 5570 me
1055 5517 1215 5570 etiam
1274 5517 1496 5568 interire
1546 5532 1668 5568 cum
1731 5516 1863 5569 lilio.
1928 5515 2147 5570 Interim

586 5617 764 5658 autem
797 5604 923 5658 dum
958 5604 1241 5674 Cleopatra
1274 5603 1438 5655 filium
1466 5605 1658 5655 acerbe
1683 5604 1920 5664 defieret,
1950 5614 2003 5656 et
2033 5619 2146 5663 eos,

587 5697 675 5765 qui
709 5698 951 5757 aderant,
969 5707 1226 5761 moveret,
1254 5706 1311 5748 ut
1339 5705 1390 5749 et
1413 5695 1531 5764 ejus
1553 5708 1708 5747 casus
1738 5695 2148 5753 misererentur,

588 5795 641 5837 et
676 5785 995 5854 profundam
1039 5784 1131 5839 Dei
1160 5787 1487 5855 iudiciorum
1523 5784 1769 5855 abyssum
1813 5788 2151 5839 admiraren-

2257 4786 2557 4854 πρόθεσινς
2617 4786 2680 4837 Τί
2736 4784 2792 4836 δέ
2826 4800 2919 4854 μοι
2950 4784 3121 4839 ταῦτα
3180 4785 3452 4852 ἐϐούλετο,
3484 4788 3547 4839 Τί
3597 4792 3660 4842 τὸ
3720 4794 3826 4843 ἀντ’

2254 4876 2419 4931 αὐτοῦ
2453 4875 2772 4943 αἰτούμενον
2807 4876 3037 4944 ἀγαθὸν,
3076 4877 3174 4947 οὐχ
3218 4879 3250 4947 ἡ
3281 4878 3376 4930 τοῦ
3415 4882 3606 4946 παιδὸς
3660 4901 3827 4953 σωτη-

2254 4967 2375 5035 ρὶα;
2407 4967 2481 5018 Οὺ
2518 4967 2577 5017 τὸ
2612 4967 2776 5034 μέχρι
2822 4968 3007 5035 γήρως
3037 4969 3129 5021 καὶ
3174 4972 3465 5039 πρεσϐείου
3497 4976 3563 5042 τῇ
3597 4977 3825 5045 τεκούσῃ

2253 5059 2746 5126 συμπαραμεῖναις
2788 5056 2893 5108 Φεῦ
2935 5058 3064 5113 οἴων
3099 5063 3339 5129 ἐστάλην
3399 5063 3511 5115 τῶν
3569 5066 3822 5127 ἐλπίδων,

2251 5144 2339 5201 οἵα
2360 5149 2475 5201 ἀνθ’
2504 5149 2632 5201 οἵων
2665 5146 2804 5200 εἶδον
2832 5148 2962 5215 ἐγώ.
3013 5152 3178 5220 Ἀλλ’,
3215 5155 3243 5204 ὁ
3271 5153 3365 5205 τοῦ
3398 5156 3644 5223 Χριστοῦ
3688 5161 3824 5227 μάρ-

2251 5257 2367 5303 τος,
2400 5240 2433 5309 ἦ
2477 5256 2579 5308 -μοι
2616 5240 2706 5291 τὸν
2762 5241 2925 5294 παῖδα
2958 5245 3101 5295 κατὰ
3140 5244 3234 5294 τὸν
3281 5244 3587 5297 Ἐλισσαῖον
3638 5250 3822 5307 ἀνάδος

2252 5332 2513 5400 περιόντα
2558 5334 2622 5399 τῇ
2658 5329 3032 5397 Σουναμίτιδι,
3073 5334 3104 5403 ἢ
3145 5333 3375 5389 θανάτου
3437 5336 3515 5403 μὴ
3554 5338 3822 5409 φθονήσῃς

2252 5420 2584 5486 λυσιτελοῦς,
2637 5421 2772 5474 ἀλλὰ
2816 5424 2913 5493 τὴν
2952 5424 3095 5477 οὕτω
3135 5428 3226 5477 καὶ
3250 5426 3530 5494 δυστυχῶς
3561 5430 3819 5482 τεκοῦσαν

2258 5517 2351 5567 καὶ
2383 5514 2735 5584 θρεψαμένην
2784 5516 2904 5584 ἐμὲ,
2942 5519 3286 5586 συνοίχεσθαι
3327 5518 3405 5578 τῷ
3447 5524 3602 5574 παιδὶ
3650 5537 3818 5589 παρα-

2260 5606 2545 5659 σκεύασον.
2593 5605 2681 5658 Ὲν
2714 5608 2884 5677 τούτῳ
2924 5609 3016 5661 τὸν
3057 5609 3219 5662 παῖδα
3265 5613 3479 5681 πικρῶς
3537 5612 3819 5666 ἀνακλαιο-

2264 5696 2431 5765 μένης
2490 5697 2589 5766 τῆς
2651 5697 3035 5767 Κλεοπάτρας,
3072 5702 3163 5755 καὶ
3220 5704 3343 5764 τοὺς
3380 5704 3654 5772 παρόντας
3706 5699 3814 5751 λίαν

2262 5790 2590 5856 περιπαθεῖς
2638 5792 2991 5861 ποιουμένης,
3051 5793 3125 5855 ὡς
3178 5798 3270 5848 καὶ
3325 5797 3497 5865 αὐτῆς
3554 5793 3716 5847 ἐλεεῖν
3764 5793 3817 5845 τὸ
