3990 6438
537 369 673 431 1159

1811 365 2089 427 MENSIS
2125 368 2491 428 OCTOBER.

3662 376 3791 444 1150

534 495 594 540 ut
618 480 846 550 singulis
873 479 1161 535 Dominicis
1201 480 1247 534 ei
1282 490 1483 551 martyr
1517 491 1806 549 appareret
1845 497 1967 534 cum
1996 481 2100 534 tilio

2206 481 2432 551 ἡμερῶν
2463 480 2554 532 τὸν
2613 479 2869 550 μάρτυρα
2932 481 3024 535 τοῦ
3080 483 3265 547 παιδὸς
3305 485 3362 537 ἐν
3415 487 3585 559 ὁμοίᾳ
3635 484 3672 561 ἦ
3708 494 3799 547 καὶ

532 574 588 627 in
628 574 844 634 eodem,
889 572 941 625 in
997 587 1104 640 quo
1156 572 1344 640 prius.
1396 572 1631 632 amictu.
1692 572 1809 641 ejus
1864 571 2107 624 dolorem

535 668 905 721 consolantes.
950 663 1191 734 Septimo
1247 676 1427 718 autem
1476 681 1618 719 anno
1664 681 1777 719 suae
1820 665 1872 718 in
1918 666 2113 719 melius

535 760 655 811 vitze
703 757 1038 821 mutationis,
1083 773 1203 810 cum
1240 759 1398 826 plena
1434 766 1577 812 esset
1619 758 1812 812 diebus
1864 759 2109 825 spiritus,

532 849 583 901 in
617 865 748 918 pare
775 848 920 917 pacis
972 848 1186 914 quidem
1234 848 1325 901 Dei
1367 848 1646 918 spiritum,
1683 864 1885 918 corpus
1930 858 2110 901 autem

530 942 877 994 commendat
910 940 1040 1002 tilio,
1087 950 1141 994 ut
1187 956 1325 1009 quos
1355 956 1459 995 una
1493 941 1726 995 habebat
1760 942 1977 1005 domus,
2016 956 2111 996 eos

530 1030 690 1084 etiam
749 1046 891 1084 unus
943 1030 1200 1085 conderet
1245 1031 1477 1094 loculus,
1534 1040 1588 1085 et
1629 1046 1695 1085 ne
1739 1033 1853 1100 ipse
1892 1030 2109 1098 quidem

531 1119 813 1172 amborum
861 1120 1038 1187 pulvis
1099 1119 1523 1190 disjungeretur.
1570 1121 1701 1173 Cum
1761 1120 1961 1188 quibus
2022 1120 2111 1175 det

531 1224 745 1278 quoque
774 1211 932 1263 nobis
970 1209 1111 1263 Deus
1146 1225 1269 1265 esse
1303 1214 1476 1280 partis
1515 1226 1729 1270 eorum.
1767 1211 1857 1278 qui
1889 1226 2110 1264 servan-

532 1308 640 1365 tur,
667 1312 722 1354 et
747 1303 923 1355 videre
956 1303 1233 1371 regionem
1261 1305 1558 1357 viventium
1597 1320 1609 1355 :
1647 1302 1900 1372 quoiiiam
1929 1304 2100 1371 ipsum

531 1392 686 1446 decet
719 1395 896 1447 omnis
926 1395 1095 1464 gloria
1137 1406 1189 1449 et
1235 1396 1481 1450 adoratio
1536 1411 1679 1450 nunc
1727 1404 1780 1449 ct
1812 1408 2024 1463 semper
2050 1406 2101 1449 et

531 1484 585 1536 in
629 1486 823 1539 saecula
870 1488 1211 1542 saeculorum.
1244 1490 1435 1545 Amen.

545 1742 1723 1779 mm

2207 574 2475 642 πρότερον
2530 570 2857 624 ἐπίστασθαι
2891 575 2956 642 τῇ
2990 574 3249 645 ἀναϐολῇ,
3299 579 3457 647 παρά
3493 579 3688 652 ψυχὴν
3731 586 3795 654 τῇ

2210 662 2358 733 λύπῃ
2394 663 2655 723 διδόντας,
2688 662 2808 723 ἔτος
2848 662 3081 733 ἕϐδομον
3117 665 3175 729 ἐξ
3210 667 3339 720 δτου
3371 670 3443 721 τὰ
3483 671 3593 741 τῆς
3632 689 3795 742 μετα-

2209 752 2369 821 ϐολῆς
2405 756 2538 823 προς
2558 753 2620 805 τὸ
2657 753 2895 822 βέλτιον,
2929 756 3022 807 καὶ
3056 758 3268 827 πλήρης
3300 762 3535 833 ἡμερῶν
3573 764 3687 817 τῶν
3703 763 3793 820 eo;

2214 846 2533 915 Πνεύματος
2557 847 2851 916 γενομένη,
2884 849 2940 900 ὲν
2959 850 3174 919 εἰρήνῃ,
3202 851 3277 919 τῷ
3297 852 3400 919 μὲν
3432 856 3538 922 τῆς
3568 857 3793 928 εἰρήνης

2212 936 2330 1005 Θεῷ
2364 938 2422 989 τὸ
2455 936 2692 1005 πνεῦμα,
2722 937 2783 989 τὸ
2808 937 2966 1006 σῶμα
3002 938 3059 991 δὲ
3094 938 3171 1009 τῷ
3207 941 3363 993 παιδὶ
3406 944 3786 1014 παρατίθεται,

2214 1027 2403 1092 ἵνόὒς
2477 1029 2571 1099 μία
2624 1023 2771 1097 εἶχεν
2833 1030 3002 1093 οἰκία,
3065 1031 3286 1096 τούτους
3344 1036 3439 1087 καὶ
3499 1036 3605 1105 μία
3641 1038 3791 1108 σορὸς

2210 1119 2496 1187 πιστευθῆ,
2555 1118 2647 1172 καὶ
2682 1120 2818 1188 μηδὲ
2864 1121 3005 1174 αὐτὰ
3064 1122 3251 1194 διαστῇ
3306 1125 3377 1177 τὰ
3428 1126 3534 1195 τῆς
3572 1128 3789 1192 κόνεως.

2207 1211 2341 1263 Μεθ’
2370 1204 2443 1262 ὧν
2484 1210 2602 1279 δώῃ
2644 1210 2737 1262 καὶ
2780 1212 2912 1280 ἡμῖν
2942 1211 3121 1273 όΘεὸς
3148 1214 3243 1280 τῆς
3298 1215 3409 1267 τῶν
3468 1217 3792 1285 σωζομένων

2209 1301 2464 1368 γενέσθαι
2510 1301 2747 1371 μερίδος,
2787 1304 2879 1355 καὶ
2908 1302 3008 1374 τὴν
3036 1304 3143 1356 τῶν
3167 1304 3383 1367 ζώντως
3412 1305 3608 1376 χώραν
3644 1306 3788 1369 ἰδεῖν,

2208 1393 2290 1446 ὅτι
2328 1392 2476 1462 αὐτῷ
2520 1393 2722 1462 πρέπει
2754 1395 2905 1447 πᾶσα
2928 1394 3077 1460 δόξα,
3101 1397 3231 1466 τιμὴ
3264 1397 3360 1449 καὶ
3389 1396 3785 1467 προσκύνησις,

2210 1485 2307 1538 νῦν
2357 1486 2453 1538 καὶ
2508 1486 2597 1538 ἀεὶ
2661 1486 2756 1539 καὶ
2816 1489 2895 1550 εἰς
2952 1488 3078 1551 τοὺς
3128 1487 3328 1553 αἰῶνας
3390 1489 3504 1543 τῶν
3557 1488 3786 1543 αἰώνων.

2220 1577 2410 1647 Ἀμήν.

1570 1760 3763 1793 -η--α--υ-οᾙὴ-υ--αο--Ι-ω-ψφοα

2910 1775 3641 1789 ..ι-..σ-ν-ω--ασ--ῌ-ο-...ο

1707 1919 2579 2036 ΜΑΡΤΥΡΙΟΝ

1278 2140 1502 2227 ΤΟΥ
1582 2139 1918 2226 ΑΓΙΟΥ
1989 2142 3035 2233 ΜΕΓΑΛΟΜΛΡΤΥΡΟΣ

1611 2355 2685 2492 ΑΡΤΕΜΙΟΥ.

1794 2782 2521 2872 MARTYRIUM

1082 2993 1596 3112 SANCTI
1678 3003 1858 3112 ET
1948 3001 2401 3121 MAGNI
2481 3003 3223 3124 MARTYRIS

1716 3248 2583 3406 ARTEMII.

1054 3518 1247 3577 (Graece
1281 3529 1343 3565 ex
1382 3518 1492 3569 cod.
1520 3532 1609 3571 nis.
1650 3520 1806 3572 Paris.
1833 3534 1883 3571 n.
1912 3521 2059 3582 “80;
2086 3522 2258 3573 Latine
2291 3524 2417 3586 apud
2440 3524 2638 3573 Surtum
2667 3524 2726 3572 ad
2758 3527 2891 3574 diem
2912 3526 2973 3574 20
2998 3524 3263 3587 Octobrts.)

599 3829 636 3887 I.
680 3831 807 3887 Post
863 3832 1077 3891 Domini
1128 3850 1182 3896 et
1239 3841 1567 3903 Salvator-is.
1599 3849 1774 3903 nostri
1829 3849 1885 3903 in
1937 3849 2100 3904 castos

2280 3848 2363 3903 A'.
2408 3851 2565 3905 Μετὰ
2598 3850 2698 3921 τὴν
2732 3853 2825 3905 τοῦ
2863 3852 3069 3924 Κυρίου
3110 3853 3206 3906 καὶ
3232 3854 3487 3926 Σωτῆρος
3517 3858 3678 3929 ἡμῶν
3706 3860 3785 3926 εἰς

526 3939 835 3989 ascensum,
864 3941 987 3979 cum
1023 3930 1140 3998 ejus
1163 3930 1414 4001 discipuli
1450 3944 1504 3989 et
1525 3937 1753 4006 apostoli
1783 3939 2097 3995 universum

526 4017 709 4069 orbem
762 4027 919 4072 terra;
970 4019 1261 4094 Evangelio
1314 4029 1885 4096 comprehendissent,
1942 4041 1997 4086 et
2042 4032 2097 4086 in

527 4124 715 4162 omnes
762 4110 980 4179 quidem
1033 4125 1216 4181 partes
1255 4117 1367 4184 jam
1402 4118 1691 4175 distributa
1720 4131 1866 4176 esset
1910 4123 2099 4193 pradi-

527 4202 667 4253 catio
692 4200 934 4268 pietatis,
962 4201 1007 4253 is
1046 4211 1251 4267 autem,
1286 4206 1374 4273 qui
1409 4210 1477 4261 ab
1507 4209 1664 4264 initio
1694 4212 1881 4280 generi
1924 4212 2100 4266 horni-

528 4306 654 4342 num
711 4292 1050 4357 adversatur,
1105 4293 1458 4354 intolerandis
1507 4305 1793 4358 tormentis
1839 4320 1937 4376 per
1980 4320 2096 4371 eos,

527 4380 613 4449 qui
666 4391 795 4435 tunc
859 4399 1037 4437 rermn
1094 4388 1462 4458 potiebantur,
1535 4395 1831 4463 subiiceret
1889 4396 2096 4463 ﬁdeles,

526 4474 810 4541 Oportebat
850 4477 1144 4545 aliquando
1191 4477 1539 4539 Christianos
1582 4488 1715 4541 solvi
1762 4503 1792 4542 a
1839 4490 2001 4543 malis
2045 4499 2100 4544 et

528 4565 811 4631 molestiis,
864 4576 919 4621 et
988 4582 1109 4623 cum
1159 4572 1355 4625 acerba
1415 4576 1559 4630 nube
1617 4578 1910 4649 impietatis
1964 4580 2095 4635 solvi

528 4657 690 4709 etiam
754 4666 1131 4726 tempestatem
1180 4671 1595 4731 tormentorum,
1648 4672 1847 4738 quibus
1900 4670 2099 4726 allicie-

529 4747 749 4810 bantur,
795 4756 849 4798 et
888 4747 1004 4801 sisti
1038 4748 1241 4819 virgam
1274 4764 1648 4821 peccatorum,
1687 4772 1807 4826 qua:
1839 4760 2098 4814 immitte-

529 4837 684 4891 batur
717 4839 980 4893 adversus
1006 4840 1378 4899 haereditatem
1416 4847 1718 4917 justorum.
1746 4849 1879 4905 Cum
1914 4862 2095 4907 autem

527 4931 589 4983 ad
621 4932 722 4985 hoc
753 4940 895 4986 esset
921 4949 1057 5002 opus
1086 4936 1204 4989 viro
1257 4938 1348 5007 qui
1381 4939 1607 4995 haberet
1634 4942 1899 5013 insignem
1929 4946 2097 5001 animi

528 5023 865 5075 nobilitatem
899 5064 914 5087 ,
951 5028 1289 5082 tatis'autem
1324 5041 1441 5084 erat
1462 5031 1762 5087 Constantii
1796 5046 1851 5088 et
1882 5035 2099 5093 Helena:

2195 3943 2469 4011 οὐρανοὺς
2515 3945 2790 4017 ἀνάληψιν
2818 3986 2834 4013 ,
2876 3946 2986 3999 τῶν
3038 3945 3204 4001 αὐτοῦ
3268 3948 3533 4016 μαθητῶν
3586 3969 3645 4006 τε
3690 3956 3780 4008 καὶ

2186 4037 2518 4090 ’ἀποστόλων
2560 4040 2662 4109 τὴν
2714 4041 3043 4113 οἰκουμένην
3090 4041 3270 4094 πᾶσαν
3322 4040 3403 4111 τῷ
3458 4042 3779 4117 Εὑαγγελίῳ

2200 4130 2646 4196 περιλαϐόντων,
2692 4134 2788 4183 καὶ
2834 4131 3111 4199 πανταχοῦ
3154 4132 3255 4201 μὲν
3287 4131 3632 4198 διαδοθέντος
3684 4139 3777 4208 ἤδη

2199 4218 2296 4271 τοῦ
2325 4220 2425 4289 τῆς
2458 4220 2744 4285 εὐσεϐείας
2773 4222 3128 4292 κηρύγματος
3181 4222 3276 4275 τοῦ
3314 4222 3373 4276 δὲ
3409 4225 3657 4296 ἀρχῆθεν
3692 4234 3779 4284 ἁν-

2197 4312 2514 4383 τικειμινου
2554 4312 2633 4382 τῷ
2663 4314 2773 4369 τῶν
2802 4313 3113 4385 ἀνθρώπων
3144 4314 3313 4383 γένει,
3349 4314 3625 4386 βασάνους
3654 4323 3780 4391 ἀφο-

2202 4405 2384 4473 ρήτοις
2410 4403 2500 4457 διὰ
2552 4405 2663 4460 τῶν
2692 4406 2811 4460 τότε
2849 4405 3197 4476 κρατούντων
3226 4410 3626 4476 ύποϐἀλλοντος
3656 4414 3777 4477 τοὺς

2199 4496 2569 4558 πιστεύοντας
2603 4497 2711 4549 ἔδει
2760 4498 2895 4549 ποτὲ
2928 4497 3084 4550 λύσιν
3123 4502 3382 4566 γενέσθαι
3428 4505 3775 4573 Χριστιανοῖς

2197 4585 2307 4639 τῶν
2368 4587 2638 4658 ἀνιαρῶν,
2704 4588 2797 4641 καὶ
2870 4589 3013 4658 μετά
3064 4588 3158 4641 τοῦ
3211 4591 3412 4662 πικροῦ
3446 4597 3646 4663 νέφους
3685 4598 3773 4667 τῆς

2196 4679 2455 4745 ἀσεϐείας
2495 4681 2726 4753 λυθῆναι
2759 4682 2969 4737 καὶτὸν
3022 4684 3269 4754 χειμῶνα
3307 4687 3408 4756 τῆς
3444 4690 3570 4741 κατ’
3600 4691 3776 4743 αὐτῶν

2197 4772 2490 4841 τιμωρίας,
2526 4774 2621 4825 καὶ
2645 4775 2840 4843 στῆναι
2872 4775 3068 4843 ῥάϐδον
3102 4778 3450 4846 ἁμαρτωλῶν
3480 4784 3625 4834 κατά
3653 4782 3777 4853 κλή-

2200 4878 2294 4933 ρου
2319 4865 2542 4918 δικαίων
2573 4867 2902 4937 ἀφιεμένην,
2940 4868 3094 4922 Ἐπεὶ
3125 4870 3179 4922 δὲ
3202 4871 3394 4939 ἀνδρὸς
3426 4874 3605 4927 ἑδείσο
3645 4876 3775 4944 πρὸς

2198 4957 2379 5021 τοῦτο,
2431 4958 2714 5027 περιφανῆ
2760 4960 2861 5029 τὴν
2904 4962 3005 5028 τῆς
3033 4962 3217 5031 ψυχῆς
3247 4962 3539 5030 εὐγένειαν
3580 4984 3775 5035 κεκτη·

2201 5051 2389 5121 μένου,
2429 5049 2671 5112 τοιοῦτος
2716 5051 2771 5102 δὲ
2803 5053 2831 5103 ὁ
2862 5052 3218 5117 Κιῦνσταντος
3266 5057 3360 5108 καὶ
3408 5056 3633 5127 Ἑλένης
3666 5058 3773 5121 υἱὸς

529 5113 692 5169 titius.
740 5112 1137 5169 Constantinus
1189 5116 1416 5188 Magnus
1464 5126 1927 5191 cognominatus:
1978 5128 2024 5181 is
2065 5143 2095 5181 ξι

2201 5112 2609 5200 Κωνσταντῐνος
2657 5140 2685 5189 ὀ
2730 5138 2918 5207 Μέγας
2968 5112 3307 5211 ἐπικληθεὶς,
3338 5112 3641 5213 ἀφίσταται
3680 5112 3772 5215 μὲν

526 5206 699 5273 patrio
739 5207 959 5274 quidem
1000 5208 1207 5262 recedit
1252 5226 1458 5277 errore,
1509 5229 1710 5272 arcano
1759 5219 1992 5287 quodam
2040 5231 2095 5275 et

2201 5228 2295 5296 τῆς
2334 5229 2568 5297 πατρίου
2625 5228 2834 5299 πλάνης
2874 5232 3179 5303 ἀπορρήτῳ
3227 5236 3335 5286 τινὶ
3379 5238 3473 5288 καὶ
3524 5238 3770 5307 θειοτέρᾳ

527 5299 709 5351 divino
764 5299 1012 5364 consilio,
1066 5310 1121 5355 et
1170 5303 1378 5357 accedit
1433 5306 1499 5359 ad
1563 5310 1863 5364 veritatem.
1922 5312 2098 5366 Vincit

528 5389 693 5453 enim,
722 5400 780 5443 ut
806 5405 996 5445 omnes
1024 5392 1224 5457 sciunt,
1254 5395 1503 5452 inimicos
1530 5413 1628 5467 per
1661 5404 1837 5457 crucis
1871 5404 1922 5456 in
1959 5406 2096 5459 coelo

529 5482 921 5549 apparitionem
966 5500 981 5537 :
1039 5495 1091 5539 et
1153 5486 1380 5556 Magnus
1429 5492 1610 5545 statim
1661 5495 1987 5564 appellatur,
2042 5510 2096 5553 et

528 5584 746 5643 propter
776 5574 994 5642 pietatis
1030 5577 1486 5646 magnitudinem,
1525 5590 1579 5635 et
1614 5584 1667 5637 in
1702 5586 1887 5641 hostes
1920 5589 2095 5642 victo-

526 5666 682 5719 riam.
716 5664 921 5719 Deinde
952 5669 1114 5722 etiam
1166 5684 1361 5739 magno
1391 5670 1546 5742 Regi,
1584 5682 1639 5726 et.
1667 5681 1939 5732 communi
1977 5695 2093 5734 om-

530 5754 670 5807 nium
707 5755 931 5812 Domino
968 5759 1208 5815 victoriae
1244 5763 1477 5817 reddens
1519 5768 1739 5837 gratias,
1790 5770 1953 5826 mittit
1997 5788 2093 5842 per

2196 5319 2481 5389 οἰκονομίᾳ
2523 5320 2615 5371 καὶ
2643 5321 2707 5389 τῇ
2737 5321 2965 5387 ἀληθεία
3005 5321 3380 5391 προστίθεται,
3408 5326 3538 5395 νικᾷ
3581 5326 3666 5392 δὲ,
3700 5327 3769 5387 ὡς

2194 5412 2398 5473 πάντες
2438 5412 2609 5478 ἴσασι,
2642 5414 2771 5475 τοὺς
2804 5413 3033 5483 ἐχθροὺς
3065 5414 3153 5469 διὰ
3200 5416 3300 5485 τῆς
3335 5419 3392 5469 ἐν
3426 5419 3646 5489 οὐρανῷ
3680 5418 3768 5472 τοῦ

2198 5504 2433 5573 σταυροῦ
2477 5505 2802 5573 ἐμφανείας,
2846 5508 2941 5559 καὶ
2985 5509 3176 5575 Μέγας
3221 5510 3383 5574 εὐθὺς
3428 5515 3493 5583 τῇ
3534 5529 3595 5564 τε
3646 5514 3768 5582 περὶ

2193 5596 2293 5664 τὴν
2344 5597 2629 5649 εὐσέϐειαν
2690 5599 3079 5669 μεγαλειότητι
3137 5601 3232 5653 καὶ
3277 5605 3343 5671 τῇ
3406 5606 3529 5655 κατ’
3590 5605 3761 5656 αὐτῶν

2192 5686 2337 5757 νίκῃ,
2375 5688 2873 5759 προσαγορεύεται,
2911 5684 3032 5743 εἶτα
3068 5690 3261 5761 καὶτῷ
3305 5694 3527 5763 μεγάλῳ
3555 5693 3767 5746 Βασιλεῖ

2192 5780 2285 5833 καὶ
2317 5780 2474 5849 κοινᾷ
2508 5781 2726 5835 πάντων
2755 5783 3004 5855 Δεσπὸτῃ
3039 5785 3270 5855 χάριτας
3312 5786 3408 5856 τῆς
3450 5786 3606 5855 νίκης
3644 5788 3765 5839 ἀπο-
