3990 6454
190 388 322 464 1161

1353 388 1457 447 MA
1471 386 1760 447 RTYlUM
1794 385 1856 444 S.
1900 384 2248 445 ARTEMII.

3305 382 3443 449 1162

184 506 394 568 διδοὺς,
426 502 677 573 δόγματα
704 503 817 564 τοῖς
853 499 962 569 πρὸ
994 500 1084 554 τοῦ
1119 498 1431 571 βασιλεῦσιν
1460 498 1761 568 ἀντίρρρπσ

1874 510 2063 550 omnes
2095 502 2279 564 partes
2313 492 2462 548 orbis
2498 503 2654 549 terra:
2686 493 2930 559 decreta,
2963 507 3082 562 qua:
3124 505 3285 549 erant
3314 509 3444 550 con-

188 601 289 667 ἰἦς
340 596 671 665 οἰκουμένης
718 593 998 662 πανταχοῦ
1051 593 1446 659 διαπέμπεται,
1491 590 1618 653 τοὺς
1666 589 1766 660 μὲν

186 689 294 743 τῶν
356 686 592 740 είδώ).ων
644 684 1031 754 καθαιρεῖσθαι
1080 683 1239 745 ναοὺς
1285 684 1379 736 καὶ
1442 682 1524 745 είς
1572 682 1767 748 ἔδαφος

186 776 694 851 καταστρέφεσθαι,
726 775 1203 845 ἀνοικοδομεῖσθαι
1242 775 1297 828 δὲ
1333 773 1498 827 πάλιν
1523 772 1612 826 ἐπ’
1644 772 1768 825 ὀνό-

186 886 320 938 ματι
353 865 587 937 Χριστοῦ
623 867 717 920 καὶ
756 866 866 919 τῶν
896 864 1059 918 αὑτοῦ
1103 864 1364 935 μαθητῶν
1410 866 1502 918 καὶ
1554 862 1765 933 μαρτύ-

184 978 318 1031 ρων,
359 961 544 1022 οῑκους
578 959 903 1028 περιμανεῖς
934 997 949 1019 ,
984 957 1080 1011 καὶ
1126 956 1191 1019 ἃς
1232 954 1425 1026 πρώην
1453 954 1766 1024 ,ἐκκλησίας

184 1055 233 1104 οἱ
253 1050 542 1114 δυσσεόείς
570 1050 970 1119 κατέστρεψαν,
999 1048 1098 1118 τὴν
1135 1048 1412 1119 προτέραν
1441 1043 1596 1111 αὖθις
1629 1050 1767 1102 ἀπο-

182 1144 487 1209 λαμϐάνειν
515 1143 873 1212 εὐπρέπειαν.

252 1236 333 1292 B'.
366 1239 431 1291 Τί
469 1233 562 1291 οῦν
612 1236 640 1287 6
696 1238 811 1298 τοῖς
853 1236 1082 1303 ἀγαθοῖς
1118 1234 1428 1304 βασκαίνων
1468 1234 1762 1301 διά6ο>.ος;

179 1333 285 1384 οὐκ
320 1329 561 1398 ἐνεγκὼν
588 1329 688 1399 τὴν
718 1327 1005 1399 τοσαύτην
1026 1326 1355 1398 μεταϐολὴν,
1418 1326 1593 1390 ἄλλως
1624 1343 1681 1379 τε
1708 1326 1765 1379 δὲ

179 1426 279 1477 καὶ
317 1425 412 1476 τὸν
445 1425 573 1475 τότε
630 1421 948 1491 κρατοῦντα
994 1419 1173 1484 εἰδὼς,
1225 1421 1323 1490 οὺχ
1367 1415 1479 1474 οἷόν
1514 1437 1574 1473 τε
1621 1415 1765 1472 εἶναι

180 1519 321 1586 πρὸς
354 1518 455 1585 τὴν
500 1517 745 1585 ματαίαν
786 1514 948 1567 πάλιν
1002 1514 1110 1565 τὼν
1168 1514 1407 1567 εἰδώλων
1466 1513 1765 1584 θρησκείαν

176 1609 524 1672 ἐπανελθεῖν,
554 1607 780 1662 ἄλλοθεν
812 1610 945 1679 ημῖν
972 1607 1177 1677 ἐγείρει
1214 1607 1305 1659 τὸν
1347 1606 1586 1674 πόλεμον
1612 1645 1626 1669 ,
1669 1604 1765 1658 καὶ

175 1708 241 1774 τῇ
280 1704 400 1756 κατ’
418 1702 824 1772 Ἀλεξάνδρειαν
866 1700 1163 1769 Ἐκκλησία
1187 1699 1279 1750 τὸν
1301 1696 1765 1766 δυσσεϐἧἊρειον

174 1792 535 1863 παρενείρας,
612 1795 707 1844 καὶ
766 1790 956 1859 ὥσπερ
1018 1790 1237 1857 ὀργάνῳ
1299 1789 1406 1840 τινὶ
1468 1790 1534 1858 τῇ
1596 1785 1761 1839 αὑτοῦ

176 1888 399 1959 γλώττῃ
442 1889 815 1958 χρησάμενος,
862 1884 1070 1952 κτίσμα
1117 1884 1204 1936 τὸν
1240 1882 1332 1953 τοῦ
1371 1881 1506 1934 Θεοῦ
1550 1883 1760 1951 ἀνακη-

177 1984 401 2053 ρύττειν
432 1983 565 2043 Ῑίὸν
594 1979 793 2048 τολμᾷ,
828 1976 922 2030 καὶ
963 1977 1062 2046 τῆς
1096 1976 1188 2029 τοῦ
1225 1974 1360 2029 Θεοῦ
1396 1976 1489 2029 καὶ
1549 1977 1761 2044 Πατρὶς

174 2076 369 2137 οὐσίας
408 2071 762 2141 δογματίζειν
795 2070 1096 2141 ἀλλότριον.
1128 2070 1236 2139 Τῆς
1264 2071 1511 2139 πονηράς
1543 2069 1597 2121 δὲ
1628 2069 1761 2124 ταύ-

180 2184 272 2235 της
309 2166 531 2233 Ἀρείου
575 2164 734 2233 δόξης
766 2161 1176 2232 διαδονηθείσης
1203 2163 1264 2214 τὸ
1294 2162 1455 2232 τάχος
1487 2161 1583 2214 καὶ
1621 2163 1760 2214 ἀπο-

175 2258 528 2326 σὸεσθείσης.
556 2255 651 2308 ἆτε
685 2255 780 2309 τοῦ
815 2252 1074 2316 εὐσεϐοῦς
1110 2253 1380 2324 βασιλέως
1412 2255 1512 2323 τὴν
1553 2256 1611 2307 ὲν
1662 2252 1761 2307 Νι-

169 2350 309 2419 καία
343 2348 455 2401 τῶν
496 2349 657 2401 θείων
696 2348 961 2418 Πατέρων
997 2347 1477 2417 συγκροτήσαντος
1518 2345 1756 2410 σύνοδον,

172 2445 269 2495 καὶ
296 2442 463 2494 αὑτὸν
492 2442 591 2510 μὲν
624 2442 843 2509 ’Δρειον
887 2439 981 2493 τοῦ
1013 2440 1119 2491 τῶν
1146 2440 1333 2509 ἱερέων
1354 2439 1760 2507 ἀπεληλακότος

172 2536 561 2604 συστήματος,
609 2534 701 2586 τὸν
743 2533 799 2585 δὲ
844 2532 1019 2600 ἀληθῆ
1061 2531 1193 2583 Θεὸν
1230 2530 1324 2583 καὶ
1362 2532 1569 2601 Κύριον
1600 2532 1759 2600 ἡμῶν

184 2626 396 2695 Ἰησοῦν
430 2625 667 2696 Χριστὸν
698 2624 986 2696 όμοούσιον
1036 2624 1112 2694 τῷ
1147 2625 1322 2694 Πατρὶ
1354 2623 1450 2676 καὶ
1486 2624 1758 2678 συναῖδιον

170 2718 627 2787 ἀνακηρύξαντος
685 2718 759 2781 ῶς
818 2719 879 2771 τὸ
932 2717 1226 2787 πρότερον,
1287 2713 1442 2780 αὖθις
1497 2716 1526 2768 6
1565 2716 1757 2786 ἐχθρὸς

171 2808 419 2869 ελύσσα,
475 2808 570 2857 καὶ
616 2807 712 2875 τὴν
752 2807 1025 2877 προτέραν
1064 2805 1230 2859 αὑτοῦ
1272 2805 1571 2877 θρησκείαν
1612 2812 1761 2859 ἐπει-

170 2900 309 2969 ρᾶτο
347 2896 510 2949 πάλιν
554 2896 880 2965 ἀνακινῆσαι
906 2938 919 2962 ,
979 2900 1073 2950 καὶ
1106 2899 1198 2950 τὸν
1227 2898 1396 2963 ἀξίως
1429 2900 1581 2968 αὐτῷ
1622 2899 1759 2969 πρὸς

168 2990 333 3042 τοῦτο
361 2990 783 3059 ὑπηρετήσοντα
848 2989 969 3043 λίαν
999 2990 1276 3059 ἐπιμελῶς
1306 2991 1609 3061 ἀνηρεύνα.
1650 2991 1757 3045 Τοῦ

168 3082 356 3135 τοίνυν
390 3081 630 3151 μεγάλου
669 3082 763 3133 καὶ
795 3079 1015 3151 πρώτου
1055 3082 1402 3152 Χριστιανῶν
1463 3082 1756 3151 βασιλέως,

1871 588 2033 643 traria
2080 587 2319 641 decretis
2368 588 2610 657 priorum
2648 586 3078 655 imperatorum:
3123 602 3340 658 nempe.
3387 598 3445 644 ut

1870 678 2219 732 diruerentur
2256 678 2458 748 templa
2495 677 2783 737 idolorum,
2830 688 2885 731 et
2940 678 3185 733 funditus
3226 690 3446 735 everte-

1871 779 2102 825 rentur:
2140 770 2196 824 in
2233 770 2443 825 Christi
2474 780 2657 825 autem
2709 770 2934 825 nomine
2978 787 3167 826 rursus
3210 771 3446 827 aediﬁca-

1871 872 2079 926 rentur,
2118 872 2174 917 et
2203 863 2323 933 ejus
2352 862 2749 931 discipulorum
2781 872 2835 915 et
2865 874 3159 933 martyrum
3187 864 3332 918 aedes
3361 864 3447 917 in-

1869 953 2071 1025 signes,
2108 966 2163 1009 et
2192 970 2330 1025 quas
2358 959 2511 1025 prius
2540 956 2692 1025 impii
2717 965 3031 1009 everterant
3064 956 3348 1024 ecclesias,
3369 972 3447 1012 ea:

1869 1059 2059 1099 rursus
2098 1045 2338 1114 priorem
2371 1047 2625 1101 decorem
2657 1047 2985 1117 reciperent.

1940 1244 2008 1301 ll.
2034 1246 2173 1313 Quid
2204 1264 2357 1321 ergo,
2383 1250 2473 1319 qui
2496 1248 2653 1304 hortis
2684 1249 2909 1313 invidet,
2932 1250 3217 1305 diabolus?
3241 1252 3356 1306 Non
3373 1253 3448 1309 fe-

1867 1355 1995 1395 rens
2027 1350 2233 1395 tantam
2266 1344 2647 1408 mutationem,
2674 1354 2727 1397 et
2755 1345 2955 1412 alioqui
2981 1344 3160 1400 sciens
3196 1346 3309 1400 fieri
3335 1363 3447 1401 non

1869 1448 2052 1501 posse,
2080 1443 2138 1487 ut
2165 1434 2256 1503 qui
2281 1443 2413 1489 tunc
2445 1436 2665 1489 tenebat
2691 1435 3005 1504 imperium,
3040 1435 3244 1491 rediret
3264 1439 3329 1492 ad
3355 1454 3449 1493 va-

1867 1539 1997 1577 num
2047 1527 2251 1580 cultum
2284 1527 2725 1592 simulacrorum,
2762 1529 2985 1583 aliunde
3020 1529 3073 1583 in
3110 1545 3209 1583 nos
3243 1527 3443 1583 bellum

1867 1614 2066 1667 excitat
2092 1631 2106 1667 :
2136 1627 2189 1669 et
2220 1632 2343 1670 cum
2367 1617 2420 1670 in
2454 1617 2750 1672 Ecclesiam
2776 1618 3197 1673 Alexandrinam
3222 1620 3444 1690 impium

1867 1704 2057 1758 Arium
2094 1707 2426 1775 induxisset,
2462 1720 2517 1764 et
2553 1725 2806 1780 tanquam
2858 1714 3223 1765 instrumento
3267 1714 3449 1783 aliquo

1867 1796 1986 1864 ejus
2010 1797 2189 1869 lingua
2214 1811 2361 1854 esset
2393 1817 2545 1865 usus,
2578 1803 2744 1856 audet
2784 1804 3075 1871 praedicare
3101 1803 3195 1859 Dei
3244 1804 3447 1861 Filium

1865 1904 1990 1943 esse
2023 1901 2287 1956 creatum,
2319 1907 2373 1945 et
2402 1892 2655 1962 dogmate
2687 1903 2948 1959 statuere,
2993 1912 3120 1951 eum
3156 1912 3281 1951 esse
3312 1898 3446 1952 alie-

1866 1996 1995 2033 num
2029 1998 2059 2035 a
2098 1981 2187 2035 Dei
2221 1991 2277 2037 et
2303 1982 2480 2037 Patris
2516 1985 2776 2038 essentia.
2813 1984 2924 2040 Ilac
2947 1996 3129 2040 autem
3160 1989 3298 2043 mala
3331 1990 3446 2045 Arii

1864 2071 2126 2138 Opinione
2150 2072 2259 2126 cito
2289 2073 2584 2137 exstincta,
2618 2083 2804 2145 utpote
2831 2077 2976 2146 quod
3002 2079 3125 2147 pius
3150 2078 3448 2149 imperator

1864 2161 2058 2216 Nicaeae
2086 2163 2395 2218 divinorum
2417 2164 2639 2220 Patrum
2665 2178 3051 2237 congregasset
3080 2173 3367 2240 synodum,
3390 2182 3446 2227 et

1864 2252 2043 2323 ipsum
2071 2256 2290 2324 quidem
2320 2256 2512 2311 Arium
2548 2260 2812 2314 movisset
2836 2276 2867 2315 e
2903 2272 3049 2317 cmtu
3075 2265 3443 2332 sacerdotum,

1863 2360 2053 2399 verum
2100 2358 2282 2402 autem
2333 2348 2501 2403 Deum
2550 2360 2605 2405 et
2637 2350 2928 2407 Dominum
2973 2366 3223 2410 nostrum
3257 2358 3443 2414 Jesum

1862 2437 2143 2494 Christum
2191 2441 2436 2509 ejusdem
2489 2458 2611 2497 esse
2677 2460 2802 2497 cum
2860 2446 3020 2501 Patre
3061 2452 3340 2513 essentne,
3391 2466 3449 2507 et

1864 2540 2222 2595 coaeternum,
2247 2533 2388 2587 sicut
2415 2535 2569 2603 prius
2594 2537 2981 2605 praedicasset,
3016 2539 3273 2596 inimicus
3318 2560 3443 2598 rur-

1862 2637 1956 2676 sus
2006 2623 2156 2678 rabie
2190 2625 2519 2693 agitabatur,
2552 2637 2608 2680 et
2640 2628 2879 2697 priorem
2926 2644 3077 2684 suam
3123 2633 3439 2703 religionem

1861 2729 2054 2768 rursus
2083 2718 2388 2771 conabatur
2420 2734 2661 2783 movere,
2712 2730 2767 2775 et
2819 2722 2907 2790 qui
2946 2738 3044 2791 pro
3092 2724 3357 2794 dignitate
3392 2730 3444 2781 ei

1864 2802 1943 2856 rei
1987 2803 2303 2872 inserviret,
2337 2808 2629 2876 diligenter
2682 2811 3013 2879 inquirebat.
3045 2812 3179 2868 Cum
3218 2832 3445 2884 magnus

1862 2910 1993 2967 ergo
2023 2907 2077 2950 et
2110 2899 2323 2967 primus
2346 2900 2783 2958 Christianorum
2809 2906 3127 2974 imperator,
3162 2909 3249 2977 pie
3280 2910 3446 2963 simul

1860 2996 1916 3041 et
1948 2988 2175 3057 pulchre
2218 2991 2498 3046 tricesimo
2531 2996 2774 3048 secundo
2806 3012 2951 3049 anno
2982 2998 3066 3051 sui
3110 2998 3348 3067 imperii,
3389 3001 3442 3053 in

1861 3080 2143 3146 provincia
2169 3080 2551 3152 Bithynorum,
2587 3084 2806 3151 quando
2848 3085 3253 3154 expeditionem
3290 3087 3444 3141 ince-

171 3174 421 3237 εὐσεϐῶς
457 3191 516 3226 τε
543 3174 660 3244 ἅμα
690 3178 785 3227 καὶ
820 3175 1001 3237 καλῶς
1036 3176 1177 3229 κατά
1210 3175 1272 3228 τὺ
1308 3176 1635 3245 τριακοστὸν
1662 3176 1755 3227 καὶ

1868 3172 1939 3238 pit
1966 3169 2147 3224 facere
2178 3184 2367 3226 contra
2398 3174 2613 3238 Persas,
2662 3176 3008 3245 deposuisset
3040 3179 3353 3247 imperium,
3386 3190 3443 3236 et

168 3266 427 3335 δεύτερον
481 3265 582 3334 τῆς
632 3267 809 3334 ἀρχῆς
863 3267 980 3325 ἔτος
1043 3267 1149 3317 ὑπὸ
1206 3268 1306 3335 τὴν
1355 3268 1464 3321 τῶν
1510 3267 1755 3323 Βιθυνῶν

170 3357 473 3425 ἐπαρχίαν,
526 3356 688 3425 ἡνίκα
738 3356 835 3424 τῆς
892 3355 1031 3424 πρὸς
1114 3356 1331 3426 Πέρσας
1398 3360 1754 3429 ἐκστρατείας

169 3450 479 3518 απήρχετο,
509 3448 611 3518 τὴν
643 3447 922 3517 βασιλείαν
952 3446 1317 3518 ἀποθεμένου,
1339 3450 1756 3505 Κωνσταντίνου

170 3561 231 3595 τε
277 3543 396 3611 μετ’
424 3542 589 3595 αὑτὸν
617 3540 711 3594 τοῦ
746 3542 959 3608 παιδὸς,
1015 3541 1113 3610 τὴν
1157 3542 1253 3596 τοῦ
1301 3548 1537 3615 πατέρος
1581 3546 1758 3615 ἀρχὴν

171 3636 592 3706 διαδεξαμένου,
627 3638 750 3689 ἐπεὶ
775 3636 831 3689 δὲ
855 3632 1011 3700 οὗτος
1039 3638 1260 3690 ἀπέτισε
1288 3639 1345 3690 τὸ
1374 3638 1572 3708 χρεὼν,
1603 3640 1632 3689 6
1663 3640 1757 3691 τοῦ

173 3731 427 3801 μεγάλου
483 3730 899 3782 Κωνσταντίνου
959 3720 1277 3799 ἀδελφιδοῦς
1339 3731 1649 3798 Ἰουλιανὸς,
1701 3731 1759 3796 ὃς

176 3824 276 3874 καὶ
304 3819 656 3890 παραϐάτης,
692 3818 777 3872 διὰ
806 3818 905 3888 τὴν
948 3821 1043 3889 τῆς
1090 3823 1322 3891 ἀληθοῦς
1360 3823 1620 3893 ἀθέτησιν
1670 3824 1760 3875 πί-

176 3930 349 3974 στεως
406 3914 670 3982 καὶπρὸς
710 3912 771 3965 τὸ
816 3911 1134 3982 Ἑλληνικὸν
1190 3914 1355 3977 σέϐας
1427 3914 1756 3984 μετάθεσιν,

178 4006 412 4067 δικαίως
456 4005 696 4076 ἐκλήθη,
751 4006 1103 4076 τυραννικῶς
1142 4007 1250 4059 τῶν
1301 4009 1603 4080 σκήπτρων
1634 4012 1759 4061 ὲπι-

181 4096 551 4166 λαμεὲάνεται.
607 4097 953 4165 Ἀδελφιὸοῦν
1001 4097 1058 4149 δὲ
1133 4098 1295 4151 αὑτὸν
1346 4102 1759 4153 Κωνσταντίνου

177 4189 338 4243 εἰπεν
368 4193 394 4243 ὁ
426 4188 605 4257 λογος,
631 4189 753 4242 καθ’
805 4189 833 4240 ὃ
884 4189 943 4253 ἐξ
990 4189 1341 4259 ἐτερογενοῦς
1391 4190 1623 4259 ἀδελφοῦ
1662 4193 1759 4247 τοῦ

179 4284 565 4337 Κωνσταντίου
586 4281 850 4351 ἐτύγχανε
873 4282 1154 4350 γεννηθείς
1182 4296 1195 4310 ·
1217 4283 1309 4335 καὶ
1341 4284 1449 4355 γὰρ
1468 4286 1528 4351 ἐξ
1544 4285 1761 4357 Ἑλένης

182 4374 287 4442 μὲν
318 4376 416 4443 τῆ,
445 4373 660 4443 atque,
690 4374 967 4443 μακαρίας
999 4375 1159 4438 αὐτὸς
1195 4378 1353 4445 μόνος
1408 4381 1436 4430 ὁ
1476 4382 1766 4433 Κωνσταν-

184 4467 331 4527 τίνος
377 4467 675 4532 γεγέννητο
705 4465 782 4534 τῷ
810 4468 1001 4533 πατρὶ,
1035 4468 1098 4519 ἐκ
1133 4467 1417 4538 Θεοδώρας
1458 4469 1516 4522 δὲ
1542 4474 1638 4540 τῇς
1668 4470 1762 4522 θυ-

178 4558 387 4628 γατρὸς
448 4556 800 4626 Μαξιμιανοῦ
853 4558 949 4609 τοῦ
1017 4560 1109 4610 καὶ
1179 4559 1540 4630 Ἐρκουλίου,
1608 4569 1756 4633 τρεῖς

177 4643 355 4713 οῦτοι,
389 4650 718 4717 Δαλμάτιος,
760 4649 1176 4714 Ἀναόαλλιανὸς
1210 4654 1304 4705 καὶ
1354 4654 1758 4718 Κωνστάντιος.

191 4742 289 4794 Ἐκ
338 4742 728 4795 Ιίωνσταντίου
776 4741 832 4795 δί
861 4742 1083 4806 Γάλλος,
1130 4752 1222 4795 καί
1277 4749 1304 4798 6
1364 4744 1559 4815 παρὼν
1608 4745 1761 4812 οὗτος

1861 3260 2217 3319 Constantius
2250 3264 2393 3320 filius
2425 3268 2595 3335 patris
2626 3271 2983 3323 successisset
3016 3272 3265 3339 imperio,
3294 3284 3443 3340 post.

1860 3371 2023 3421 quam
2077 3356 2124 3410 is
2155 3373 2373 3427 quoque
2409 3359 2642 3413 exsolvit
2670 3360 2934 3426 debitum,
2960 3363 3135 3430 ipsius
3183 3365 3442 3431 patruelis

1858 3443 2131 3507 Julianus,
2180 3448 2274 3517 qui
2319 3450 2481 3502 etiam
2518 3461 2913 3521 transgressor,
2962 3466 3248 3523 propterea
3298 3462 3443 3526 quod

1862 3546 2045 3591 veram
2100 3537 2261 3592 Iidem
2312 3548 2459 3593 esset
2492 3550 2837 3609 aspernatus,
2886 3551 2941 3595 et
2978 3558 3037 3595 se
3068 3545 3133 3595 ad
3187 3546 3441 3613 gentilem

1863 3628 2193 3683 traduxisset
2218 3631 2559 3700 religionem,
2587 3633 2714 3701 jure
2739 3634 2839 3687 l'uit
2868 3635 3193 3704 appellatus,
3229 3645 3442 3704 scrptra

1865 3721 2149 3790 tyrannice
2183 3723 2568 3791 apprehendit.
2602 3724 2903 3779 Constantii
2931 3738 3111 3781 autem
3145 3731 3444 3797 patruelem

1865 3826 1988 3863 eum
2023 3812 2281 3877 diximus,
2339 3816 2599 3881 quoniam
2641 3826 2801 3871 natus
2854 3819 2955 3871 fuit
3007 3836 3071 3871 ex
3120 3821 3444 3879 Constantio

1862 3903 2212 3958 Constantini
2241 3906 2430 3971 fratre,
2470 3908 2673 3961 diversi
2728 3919 2908 3965 tamen
2958 3914 3194 3981 generis.
3228 3912 3443 3969 Etenim

1863 4015 1931 4053 ex
1967 4016 2097 4054 vere
2147 4000 2303 4055 beata
2342 4000 2543 4057 Helena
2576 4006 2695 4074 ipse
2734 4002 3132 4059 Constantinus
3164 4010 3312 4062 solus
3349 4027 3447 4063 na-

1864 4100 1953 4143 tus
1982 4099 2068 4143 est
2115 4092 2279 4159 patri.
2309 4093 2388 4147 Ex
2418 4093 2709 4150 Theodora
2752 4107 2935 4151 autem
2969 4099 3074 4151 lilia
3104 4088 3443 4168 Maximiani,

1864 4182 2146 4248 quietiam
2182 4184 2363 4237 dictus
2393 4193 2477 4238 est
2526 4186 2838 4251 Herculius,
2882 4189 2935 4241 lii
2986 4198 3098 4241 tres
3147 4194 3256 4246 nati
3295 4202 3443 4253 sunt,

1874 4269 2194 4337 Dalmatius,
2225 4276 2613 4333 Anaballianus
2660 4288 2712 4333 et
2762 4278 3133 4335 Constantius.
3176 4283 3342 4337 Porro
3379 4301 3444 4338 ex

1865 4365 2188 4420 Constantio
2217 4367 2421 4432 Gallus,
2451 4379 2506 4423 et
2552 4370 2621 4434 is,
2671 4372 2737 4424 de
2768 4387 2877 4441 quo
2920 4373 2970 4425 in
3008 4375 3294 4441 praesentia
3332 4378 3446 4447 agi-

1868 4468 1979 4521 tur,
2001 4458 2353 4523 turpissimus
2373 4459 2642 4515 Julianus.
2672 4464 2773 4526 Qui
2800 4464 3021 4531 quidem
3050 4482 3195 4530 cum,
3228 4476 3283 4519 ut
3309 4468 3448 4520 dixi-

1865 4563 2007 4611 mus,
2046 4565 2115 4602 ex
2152 4551 2437 4618 tyrannide
2470 4555 2771 4622 accepisset
2826 4556 3136 4624 imperium,
3192 4561 3448 4627 gravissi-

1866 4654 2012 4693 mum
2045 4656 2235 4695 rursus
2261 4643 2461 4697 bellum
2488 4646 2781 4711 excitatur,
2806 4658 2863 4701 et
2888 4664 3205 4717 gravissima
3232 4665 3443 4717 earum,

1864 4748 2093 4803 quarum
2131 4750 2367 4804 unquam
2403 4740 2493 4790 liat
2529 4740 2757 4802 mentio,
2796 4742 2971 4793 uritur
3004 4744 3336 4809 persecutio.

180 4827 831 4931 a’t'cxtszo;"lou).tav6;.
894 4830 970 4890 υῦ
1028 4853 1174 4896 τινος
1234 4838 1332 4907 τὴν
1387 4840 1682 4910 βασίλειον,
1734 4845 1761 4897 ό

1868 4850 2081 4916 ζφημεν,
2116 4851 2179 4901 ὲκ
2233 4854 2551 4920 τυραννίδος
2604 4855 2892 4923 είληφότος
2958 4857 3157 4927 ἀρχὴν,
3211 4855 3367 4923 αὖθις
3420 4861 3448 4912 6

178 4938 324 4990 κατὰ
383 4933 729 5006 Χριστιανῶν
785 4936 1213 5004 ἀναρριπίζεται
1262 4936 1538 5006 πόλεμος,
1596 4942 1689 4993 καὶ
1740 4944 2045 5015 βαρύτατος
2094 4947 2203 4999 τῶν
2244 4946 2467 5001 πώποτε
2546 4953 3042 5021 μνημονευομένων
3103 4955 3445 5023 ἀνεγείρεται

179 5032 441 5093 ῐιωγμός.

325 5050 441 5093 ελος.

174 5050 337 5177 ωωῐῖί
380 5123 519 5176 Καθ’
548 5122 608 5175 ὃν
635 5123 736 5194 ἤδη
766 5122 959 5191 καιρὸν
1000 5124 1095 5175 καὶ
1126 5124 1154 5176 6
1183 5124 1358 5195 μέγας
1396 5127 1491 5179 καὶ
1527 5144 1765 5199 περιςα-

177 5225 277 5288 vi};
312 5220 409 5288 τὴν
434 5217 739 5283 εὐσέϐειαν,
776 5219 803 5269 6
828 5217 992 5280 θεῖος,
1030 5220 1197 5287 φημὶ,
1238 5220 1519 5290 Ἀρτέμιος
1546 5224 1635 5275 τὸν
1671 5222 1767 5276 τοῦ

182 5312 498 5384 μαρτυρίου
536 5313 803 5379 στέφανον
831 5310 1155 5380 ἀνεδήσατο.
1199 5313 1407 5376 Διδάξει
1457 5316 1513 5367 δὲ
1565 5316 1769 5386 προῖὼν

176 5410 209 5460 6
239 5409 395 5475 λόγος
424 5406 778 5474 σαφέστερον.
824 5407 985 5473 "Apri.
1017 5405 1111 5457 τοῦ
1148 5408 1384 5475 μεγάλου
1427 5408 1771 5460 Κωνσταντίο

180 5517 277 5553 νου
320 5500 415 5571 τὸν
453 5498 571 5569 βίον
598 5498 965 5561 ἀπολιπόντος
992 5539 1006 5562 ,
1050 5499 1123 5561 ὡς
1154 5501 1180 5549 6
1212 5498 1369 5566 λόγος
1404 5500 1616 5567 φθάσας
1650 5503 1769 5571 ἐδη-

178 5591 375 5656 λωσεν,
420 5592 500 5653 είς
553 5593 700 5659 τρεῖς
741 5591 913 5660 ἀρχὰς
965 5592 997 5658 ή
1047 5590 1154 5643 τῶν
1211 5590 1503 5659 Ῥωμαίων
1550 5593 1769 5657 ἐξουσία

178 5683 532 5753 διεμερίσθη,
561 5682 670 5734 τῶν
711 5684 843 5734 υἱῶν
889 5681 1075 5745 αὑτοῦ,
1119 5683 1555 5750 Κωνσταντίνου,
1612 5688 1767 5737 Κων-

185 5777 443 5831 σταντίου
497 5794 553 5829 τε
610 5778 702 5830 καὶ
742 5775 1124 5837 Κώνσταντος,
1168 5776 1366 5839 ταύτας
1413 5777 1763 5847 διελομένων,

512 5873 781 5932 ΡΑτειοι..
824 5872 938 5929 Ca.
970 5869 1139 5929 CXV.

1937 5133 2024 5186 ΙΙΙ.
2066 5133 2185 5196 Quo
2216 5134 2437 5203 quidem
2470 5143 2715 5205 tempore
2747 5152 2974 5206 magnus
2997 5146 3053 5189 et
3079 5139 3280 5208 pietate
3312 5141 3447 5196 insi-

1867 5225 2008 5295 guis,
2046 5227 2285 5286 divinus,
2314 5228 2563 5295 inquam,
2600 5230 2878 5283 Artemius
2926 5229 3029 5283 fuit
3073 5234 3320 5303 martyrii
3356 5250 3447 5287 eo-

1870 5332 2002 5369 rona
2035 5317 2343 5371 redimitus.
2376 5318 2429 5370 ld
2460 5334 2587 5372 vero
2618 5320 2859 5387 apertius
2892 5321 3114 5376 docebit
3147 5324 3448 5391 procedens

1869 5411 2061 5462 oratio.
2093 5408 2228 5461 Cum
2257 5425 2485 5480 magnus
2510 5410 2911 5467 Constantinus
2935 5415 3044 5480 jam
3070 5430 3099 5467 e
3129 5416 3235 5465 vita
3261 5431 3451 5469 exces-

1872 5502 2054 5562 sisset,
2096 5509 2153 5552 ut
2184 5512 2270 5554 est
2298 5502 2667 5569 premissutn,
2705 5505 2757 5556 in
2808 5514 2914 5557 tres
2946 5515 3127 5572 partes
3181 5508 3280 5560 luit
3312 5508 3449 5561 divi-

1873 5609 1989 5645 sunt
2040 5592 2344 5647 Romanum
2396 5598 2709 5664 imperium,
2738 5613 2864 5651 cum
2897 5599 3013 5665 ejus
3049 5600 3140 5652 lilii
3177 5600 3452 5654 Constan-

1876 5685 2045 5747 tinus,
2094 5683 2469 5747 Constantius,
2505 5695 2561 5737 et
2605 5684 2875 5739 Constans
2912 5686 2961 5737 id
2998 5686 3332 5741 divisissent.
3388 5692 3451 5744 Et

1876 5780 2050 5846 primo
2107 5779 2347 5845 quidem,
2422 5793 2618 5848 nempe
2684 5778 3068 5842 Constantino,
3140 5782 3453 5850 superiores

3058 5872 3125 5931 37
