3990 6494
532 408 670 472 1163

1804 400 2086 461 MENSIS
2113 398 2481 459 OCTOBER.

3655 387 3796 455 1164

531 515 738 577 Gallia,
770 522 821 568 et
856 528 974 583 quae
1016 522 1145 567 sunt
1179 512 1317 567 ultra
1350 510 1529 582 Alpes,
1580 522 1634 567 et
1670 510 1857 565 insula:
1892 510 2106 562 Britan—

2230 510 2300 562 ιαὶ
2347 509 2428 579 τῷ
2483 510 2580 578 μὲν
2634 507 2836 579 πρώτῳ
2887 505 3287 577 Κωνσταντίνῳ
3319 507 3375 559 αἱ
3412 504 3533 558 ἄνω
3582 504 3807 555 Γαλλίαι

533 604 668 658 nicas
720 620 894 673 usque
952 604 1016 657 ad
1067 601 1379 657 Occidentis
1431 601 1707 657 Oceanum
1770 603 2101 670 obtigerunt.

532 696 821 752 Constanti
857 705 1062 758 autem,
1095 705 1155 748 ut
1192 705 1491 764 postremo,
1524 693 1747 747 inferior
1782 692 1975 756 Gallia,
2008 708 2102 746 seu

536 786 713 849 Italia,
748 795 804 839 et
845 784 961 854 ipsa
992 786 1185 840 Roma.
1217 784 1571 839 Constantius
1603 794 1785 839 autem
1834 782 2106 837 secundus

535 895 600 932 ex
630 877 754 932 ﬁliis
780 877 1145 943 Constantini,
1186 877 1279 947 qui
1315 887 1443 931 tunc
1473 877 1635 931 rebus
1663 885 1892 946 praeerat
1916 873 2108 929 Orien-

538 972 626 1035 tis,
678 971 967 1025 decertans
1010 970 1271 1025 adversus
1333 969 1546 1035 Persas,
1606 979 1814 1038 partem
1870 966 2108 1022 Orientis

537 1064 752 1131 accipit,
786 1073 836 1116 et
874 1061 1216 1131 Byzantium,
1251 1061 1467 1115 nomine
1503 1069 1712 1113 mutato
1749 1058 1802 1111 in
1835 1057 2106 1112 Constan-

537 1157 843 1225 tinopolim,
874 1164 929 1208 et
975 1170 1170 1208 novam
1208 1152 1459 1218 Romam,
1514 1152 1641 1206 facit
1689 1152 1927 1221 regiam;
1958 1148 2110 1203 etab

539 1250 749 1321 Illyrico
797 1262 967 1317 usque
1015 1247 1082 1300 ad
1130 1245 1519 1317 PrOpnntidem
1574 1259 1793 1297 omnem
1855 1252 2109 1305 tractum,

537 1341 722 1393 Asiam
761 1337 981 1402 deinde,
1032 1336 1375 1406 Syriamque,
1412 1347 1466 1389 et
1500 1335 1864 1398 Palaestinam,
1916 1343 1968 1387 et
1999 1329 2112 1385 Me-

538 1430 917 1499 sopotamiam,
975 1438 1028 1482 et
1081 1428 1370 1499 Egyptum
1423 1443 1722 1499 omnesque
1774 1426 1999 1490 insulas,
2063 1435 2116 1477 et

539 1537 880 1592 quaecunque
916 1519 1171 1574 Romanis
1223 1520 1510 1588 parebant,
1545 1518 1823 1589 vectigalia
1858 1532 1956 1571 suo
1990 1516 2113 1569 red-

540 1616 623 1668 dit
660 1614 909 1682 imperio.
959 1611 1182 1682 Magnus
1232 1620 1413 1664 autem
1461 1609 1759 1673 Artemius,
1801 1625 1924 1663 cum
1973 1618 2116 1662 esset

538 1707 695 1761 valde
747 1714 911 1758 notus
962 1703 1277 1773 imperatori
1320 1701 1661 1764 Constantio,
1705 1701 1757 1753 in
1796 1700 1943 1754 omni
1978 1704 2116 1754 tem—-

544 1814 697 1869 pore,
728 1810 780 1851 et
813 1798 960 1851 omni
1017 1796 1238 1866 negotio
1282 1803 1545 1864 perpetuo
1583 1810 1704 1848 cum
1743 1810 1808 1847 eo
1864 1793 2115 1847 versaba-

2208 602 2304 654 καὶ
2345 601 2417 653 τά
2446 600 2702 653 ἐπέκεινα
2747 600 3002 652 Ἀλπεων
3046 600 3106 651 αἴ
3138 615 3195 651 τε
3235 598 3580 666 Βρετανικαὶ
3616 595 3797 661 νῆσοι,

2208 694 2303 745 καὶ
2334 692 2437 754 ἕως
2477 692 2571 743 τοῦ
2618 689 2911 759 Ἐσπερίου
2954 688 3233 751 Ὠκεανοῦ,
3265 686 3473 756 κλῆρος
3506 685 3798 752 ἐδόθησαν,

2208 784 2285 853 τῷ
2314 784 2371 836 δέ
2397 801 2459 852 γε
2489 783 2861 853 Κωνσταντίῳ
2887 782 3177 835 ὑπεστάτω
3205 820 3219 843 ,
3263 782 3318 832 αἱ
3354 781 3510 832 κάτω
3547 779 3797 845 Γαλλίας,

2210 878 2383 947 ἠγουν
2414 877 2468 927 αἱ
2514 873 2735 927 Ἰταλίαι
2770 875 2866 925 καὶ
2903 872 3041 941 αὑτὴ
3078 874 3111 941 ἡ
3157 870 3369 939 Ῥώμη.
3421 869 3487 922 Ὀ
3537 870 3597 921 δὲ
3650 872 3803 923 Κων-

2213 966 2488 1029 στάντιος,
2540 968 2566 1016 ὁ
2615 965 2874 1032 δεύτερος
2911 964 3023 1015 τῶν
3066 962 3488 1015 Κωνσταντίνου
3548 962 3705 1019 υἱῶν,
3747 961 3804 1022 δς

2212 1052 2280 1127 ἦν
2313 1058 2407 1109 ἐπὶ
2440 1058 2550 1108 τῶν
2583 1058 2683 1123 τῆς
2720 1056 2894 1124 Ἐῴας
2923 1055 2983 1107 τό
3015 1072 3073 1106 τε
3110 1056 3461 1123 πραγμάτων
3504 1052 3646 1120 πρδς
3676 1052 3799 1113 τοὺς

2214 1153 2432 1222 Πέρσας
2470 1150 2898 1217 ἀγωνιζόμενον,
2939 1148 2999 1200 τὸ
3023 1148 3121 1216 τῆς
3157 1146 3455 1214 Ἀνατολῆς
3489 1145 3801 1206 ἀσπάζεται

2218 1245 2407 1317 μέρος,
2454 1245 2550 1297 καὶ
2605 1242 2666 1295 τὸ
2723 1241 3022 1304 Βυζάντιον
3062 1237 3471 1307 μετονομασθὲν
3523 1236 3608 1298 είς
3653 1237 3807 1287 Κων-

2217 1333 2662 1387 σταντινούπολιν
2694 1336 2787 1384 καί
2816 1331 3201 1399 νέανῬώμην,
3232 1330 3466 1380 ποιεῖται
3500 1326 3805 1396 βασίλειον,

2218 1427 2316 1479 καὶ
2351 1427 2417 1480 τὰ
2459 1427 2570 1478 ἀπὸ
2605 1424 2701 1478 τοῦ
2744 1423 3045 1494 Ἰλλυρικοῦ
3100 1423 3261 1492 μέχρι
3305 1421 3404 1489 τῆς
3441 1417 3811 1487 Προποντίδος

2217 1522 2393 1575 ὁπόσα
2431 1519 2652 1590 ὑπήκοα
2697 1518 3018 1586 Ῥωμαίοις,
3053 1517 3153 1585 τήν
3188 1533 3247 1568 τε
3281 1516 3493 1583 Συρξαν
3541 1515 3640 1564 καὶ
3702 1511 3811 1561 Πα-

2219 1611 2500 1681 λαιστίνην
2528 1611 2722 1679 αὑτὴν,
2756 1609 2851 1661 καὶ
2885 1607 3337 1673 Μεσοποταμίαν,
3376 1607 3475 1656 καί
3507 1603 3805 1667 Αἴγυπτον,

2222 1703 2435 1766 καὶτὰς
2468 1706 2667 1772 νήσους
2703 1701 2947 1762 ἀπάσας,
2978 1701 3043 1767 τῇ
3073 1696 3237 1749 αὑτοῦ
3274 1696 3528 1765 βασιλεία
3568 1694 3664 1743 καὶ
3710 1709 3805 1743 πο-

2223 1794 2401 1865 λιτείᾳ
2428 1793 2669 1861 ὑποτελῆ
2700 1791 3047 1860 καοίστησιν.
3091 1788 3149 1839 Ὀ
3177 1787 3232 1839 δὲ
3267 1787 3445 1856 μέγας
3490 1786 3801 1852 Ἀρτέμιος,

542 1903 648 1956 tur,
696 1902 753 1945 ut
786 1890 878 1962 qui
927 1900 1073 1943 esset
1110 1889 1321 1942 amicus
1369 1887 1629 1956 optimus,
1683 1896 1737 1940 et
1779 1902 1847 1940 ex
1898 1886 1989 1947 iis,
2020 1884 2113 1952 qui

2230 1889 2497 1959 γνώριμος
2546 1886 2620 1938 ὢν
2642 1888 2772 1939 ἐστὰ
2802 1886 3038 1955 μάλιστα
3064 1883 3141 1952 τῷ
3166 1881 3379 1951 βασιλεῖ
3414 1880 3811 1945 Κωνσταντίῳ,

541 1997 696 2039 erant
728 1985 928 2037 Virtute
982 1992 1035 2037 et
1066 1981 1315 2036 doctrina
1342 1980 1613 2049 insignes,
1655 1986 1711 2033 et
1745 1978 1939 2032 ardens
1965 1994 2114 2031 ama-

546 2089 628 2131 tor
657 2077 776 2131 lidei
812 2076 1280 2138 Christianorum,
1317 2088 1426 2142 quo
1457 2074 1681 2126 nomine
1712 2072 1831 2141 ejus
1862 2072 2117 2125 amicitiae

541 2180 598 2224 et
630 2167 1013 2223 familiaritatis
1042 2165 1438 2237 agnoscebatur
1472 2165 1632 2236 longe
1659 2165 2114 2219 studiosissimus.

542 2263 673 2331 Ejus
699 2270 881 2315 autem
929 2259 1160 2329 patriam
1193 2270 1249 2315 et
1282 2273 1453 2331 genus
1504 2272 1665 2312 nemo
1700 2257 1921 2327 scriptis
1954 2272 2114 2311 man-

544 2354 711 2417 davit,
747 2352 851 2405 nisi
887 2351 1031 2420 quod
1082 2361 1199 2405 erat
1248 2366 1443 2421 magno
1492 2361 1545 2405 et
1570 2350 1763 2404 illustri
1808 2350 1927 2403 loco
1959 2358 2119 2403 natus

550 2445 632 2499 vir
676 2443 1045 2507 beatissimus,
1078 2452 1130 2497 et
1168 2457 1235 2497 ex
1268 2441 1583 2498 hominibus
1616 2458 1813 2513 genere
1844 2442 2117 2497 nobilibus

548 2551 718 2608 genus
756 2535 1011 2600 ducebat,
1060 2535 1368 2604 virtuteque
1418 2545 1473 2590 et
1520 2534 1893 2607 magnitudine
1948 2538 2118 2589 animi

548 2638 665 2681 erat
694 2626 940 2696 insignis.
974 2624 1130 2679 Unde
1180 2627 1341 2681 etiam
1381 2627 1496 2681 haec
1525 2627 1593 2682 de
1624 2641 1691 2681 eo
1718 2629 1917 2697 scripta
1966 2637 2113 2692 sunt,

547 2720 691 2788 quod
728 2727 1036 2774 sanctarum
1075 2717 1426 2786 reliquiarum
1474 2718 1674 2773 Christi
1722 2719 2112 2788 apostolorum,

548 2812 801 2872 Andreae,
834 2811 1075 2880 inquam,
1119 2820 1175 2866 et
1217 2810 1392 2875 Lucae,
1424 2819 1481 2867 et
1512 2809 1808 2875 Timothei,
1857 2812 1974 2880 ipse
2016 2821 2119 2875 est,

549 2903 644 2973 qui
705 2919 732 2956 a
787 2902 1106 2959 Constantio
1146 2904 1332 2974 jussus
1396 2904 1499 2959 fuit
1558 2905 1735 2958 facere
1792 2902 2124 2967 exportatio-

551 3010 675 3050 nem
706 2994 806 3064 (l),
843 3005 900 3049 ut
932 3010 1033 3049 suo
1063 3005 1305 3065 tempore
1335 2995 1666 3067 signiﬁcabit
1692 2994 1887 3050 oratio.

2220 1983 2384 2051 συνῆν
2439 1981 2617 2050 τούτῳ
2665 1980 2960 2039 διαπαντὸς
3025 1979 3083 2029 ἐν
3142 1977 3304 2030 παντὶ
3355 1974 3539 2041 καιρῷ
3597 1989 3657 2023 τε
3719 1972 3814 2023 καὶ

2224 2074 2536 2143 πράγματι,
2584 2072 2680 2124 ἆτε
2722 2070 2819 2122 καὶ
2852 2069 3004 2137 φίλος
3036 2067 3112 2119 ὣν
3152 2069 3401 2137 ἄριστος,
3446 2065 3541 2116 καὶ
3581 2062 3693 2113 τῶν
3728 2057 3812 2110 ἐπ’

2220 2168 2393 2236 ἀρετῇ
2451 2166 2548 2217 καὶ
2602 2161 2825 2231 παιδείᾳ
2876 2161 3354 2230 λαμπρυνομένων
3401 2159 3500 2209 καὶ
3539 2158 3637 2225 τῆς
3676 2155 3811 2222 Χρι-

2221 2258 2458 2311 στιανῶν
2487 2256 2723 2313 πίστεως
2756 2253 3019 2321 διάπυρος
3052 2253 3310 2322 ἐραστής.
3347 2250 3436 2320 Τῷ
3464 2267 3548 2301 τοι
3590 2249 3686 2300 καὶ
3716 2248 3813 2315 τῆς

2228 2355 2358 2423 περὶ
2399 2354 2564 2407 αὑτὸν
2609 2352 2860 2419 ἑταιρίας
2907 2348 3008 2401 εἴτ’
3050 2346 3148 2401 οὑν
3204 2347 3423 2416 φιλίας,
3468 2345 3809 2412 σπουδαστὴς

2224 2447 2628 2517 ἀκριϐέστατος
2700 2442 3082 2515 ἐγνωρίζετο,
3160 2440 3422 2510 πατρίδος
3480 2437 3535 2489 δὲ
3620 2436 3811 2488 τούτου

2228 2541 2455 2610 μνήμην
2494 2539 2591 2593 καλ⁵
2628 2539 2786 2605 γένος
2846 2538 3023 2598 οὐδεὶς
3048 2535 3406 2603 ἀνάγραπτον
3432 2528 3810 2600 παραδέδωκε,

2224 2634 2367 2705 πλὴν
2403 2634 2488 2687 ὃτι
2526 2632 2633 2685 τῶν
2685 2628 3033 2696 εὐπατριδῶν
3092 2625 3186 2677 καὶ
3241 2623 3501 2691 μεγάλων
3563 2619 3813 2687 ὑπῆρχεν

2224 2730 2251 2781 ὁ
2278 2725 2755 2795 τρισμακάριστος
2778 2761 2795 2786 ,
2835 2720 2893 2783 ἐξ
2924 2717 3165 2786 εὐγενῶν
3206 2731 3265 2767 τε
3302 2715 3359 2767 τὸ
3416 2709 3577 2781 γένος
3622 2712 3811 2771 ἕλκων,

2230 2818 2327 2871 καὶ
2357 2817 2456 2885 τὴν
2484 2814 2743 2883 ἀνδρείαν
2778 2810 3173 2883 περίϐλεπτος,
3198 2807 3256 2872 ἐξ
3277 2801 3353 2861 ὧν
3383 2807 3481 2861 καὶ
3528 2806 3656 2859 τάδε
3688 2804 3814 2869 περὶ

2234 2908 2403 2963 αὑτοῦ
2440 2908 2890 2977 ἀναγέγραπται,
2933 2906 3014 2958 ὅτι
3047 2905 3156 2957 τῶν
3190 2903 3366 2969 ἁγίων
3408 2899 3682 2969 λειψάνων
3713 2897 3814 2945 τῶν

2228 3000 2321 3054 τοῦ
2350 2999 2591 3070 Χριστοῦ
2642 2999 3005 3061 Ἀποστόλων,
3044 2995 3297 3063 Ἀνδρέου
3330 2993 3479 3061 φημί
3514 2991 3611 3041 καὶ
3639 2988 3817 3043 Λουκᾶ

553 3092 648 3145 καὶ
694 3088 988 3159 Τιμοθέου»
1040 3089 1205 3150 αὑτός
1256 3091 1408 3143 ἐστιν
1445 3092 1472 3144 ὁ
1507 3089 1607 3161 τὴν
1652 3089 1988 3161 ἀνακομιδὴν
2039 3090 2145 3145 ὑπὸ
2201 3093 2592 3148 Κωνσταντίου
2639 3089 2976 3158 ποιήσασθαι
3029 3086 3369 3149 κελευσθεὶς,
3402 3084 3480 3147 ὡς
3510 3083 3655 3135 κατὰ
3698 3100 3813 3132 και-

555 3187 646 3263 ρδν
684 3187 712 3237 ὁ
744 3184 903 3250 λόγος
924 3183 1206 3253 γνωρίσει.

624 3272 714 3327 ιν.
756 3274 889 3329 Cum
924 3289 1051 3345 ergo
1077 3286 1262 3330 essent
1292 3286 1402 3333 tres
1432 3283 1808 3348 imperatores,
1843 3293 1902 3337 ut
1925 3282 2125 3338 dictum

2306 3273 2378 3331 A'.
2434 3275 2523 3337 Ὠς
2562 3271 2654 3329 οὖν
2677 3275 2921 3345 εἴρηται,
2970 3272 3081 3326 τῶν
3115 3272 3386 3343 βασιλέων
3423 3273 3595 3344 τριῶν
3622 3290 3814 3341 τυγχα-

557 3368 656 3429 est,
691 3376 746 3421 et
775 3365 1148 3434 unusquisque
1170 3382 1358 3421 eorum
1386 3382 1499 3423 sua:
1529 3370 1696 3438 partis
1722 3381 1929 3429 teneret
1958 3373 2133 3445 impe-

557 3460 717 3521 rium,
753 3457 962 3526 primus
982 3454 1375 3515 Constantinus
1400 3476 1430 3514 a
1455 3476 1551 3516 sua
1584 3472 1736 3531 parte
1767 3464 2055 3521 discedens
2079 3475 2133 3522 et

558 3550 730 3604 ultimi
767 3549 969 3615 fratris,
1002 3566 1123 3621 qua:
1153 3553 1199 3605 ei
1246 3554 1538 3623 obtigerat,
1589 3564 1797 3623 partem
1836 3558 2131 3621 invadens,

558 3658 681 3697 cum
725 3642 815 3697 ille
871 3641 1098 3697 Romam
1147 3652 1292 3697 esset
1358 3645 1659 3714 profectus,
1719 3663 2006 3719 aggressus
2051 3661 2134 3705 est

558 3733 815 3801 quiddam
842 3734 1103 3803 injustum
1132 3734 1313 3790 facere
1341 3747 1530 3792 contra
1568 3738 1813 3802 fratrem,
1847 3743 2135 3811 ipsumque

559 3825 840 3879 absentem
886 3834 969 3879 est
1017 3825 1361 3893 criminatus,
1412 3829 1554 3897 quod
1602 3846 1688 3886 res
1739 3847 1849 3886 non
1906 3832 2135 3887 fuissent

562 3927 715 3971 recto
740 3916 947 3978 divisae,
984 3927 1037 3970 et
1064 3918 1210 3985 quod
1244 3920 1479 3988 imperii,
1511 3922 1654 3987 quod
1686 3923 1751 3975 ad
1800 3923 1974 3990 ipsum
2010 3939 2132 3991 per-

566 4005 791 4068 tinebat,
820 4020 1065 4075 magnam
1094 4014 1301 4075 partem
1330 4007 1497 4060 frater
1524 4017 1859 4077 usurpasset.
1880 4009 2137 4079 Regionis

563 4097 743 4146 autem
791 4094 958 4147 duces
1004 4102 1060 4146 et
1113 4094 1388 4155 custodes.
1446 4110 1581 4164 quos
1626 4096 1895 4151 Constans
1930 4099 2134 4153 consti-

568 4195 765 4248 tuerat,
799 4186 1052 4239 dixerunt
1078 4200 1136 4241 se
1168 4186 1301 4241 citra
1326 4188 1467 4243 illius
1501 4188 1829 4244 sententiam
1865 4199 1920 4244 et
1947 4187 2136 4244 volun-

566 4285 732 4330 tatem
765 4277 900 4331 nihil
941 4292 1098 4347 posse
1130 4280 1356 4332 omnino
1392 4292 1652 4333 movere:
1685 4288 1830 4333 esset
1856 4280 2000 4333 enim
2034 4281 2136 4333 im-

565 4368 734 4437 pium.
762 4368 855 4422 llle
878 4378 1060 4422 autem
1088 4382 1145 4422 se
1169 4368 1350 4422 statim
1377 4376 1534 4438 parat
1560 4368 1626 4424 ad
1656 4368 1881 4431 bellum,
1914 4379 1969 4423 et
1989 4384 2137 4422 arma

567 4467 750 4510 movet
784 4456 1047 4513 adversus
1077 4472 1226 4521 eum,
1259 4460 1350 4525 qui
1385 4458 1586 4513 nullam
1617 4457 1823 4513 fecerat
1854 4458 2135 4529 injuriam.

565 4547 721 4603 Cadit
751 4547 933 4618 itaque
958 4548 1351 4606 Constantinus
1384 4552 1439 4605 in
1472 4550 1611 4605 bello
1642 4566 1907 4621 pugnans,
1934 4560 1989 4605 et
2013 4568 2135 4620 par-

2237 3366 2462 3429 υόντων,
2495 3367 2590 3419 καὶ
2637 3367 2738 3435 τῆς
2781 3365 2948 3419 αὑτοῦ
2988 3366 3186 3435 μοίρας
3225 3366 3464 3418 ἑκάστου
3513 3366 3699 3418 αὐτῶν
3738 3368 3826 3434 βα-

2237 3459 2592 3520 σιλεύοντος,
2645 3462 2674 3510 ὁ
2726 3459 2949 3526 πρῶτος
2999 3457 3182 3509 αὑτῶν
3233 3459 3665 3523 Κωνσταντῖνος
3729 3463 3817 3526 τῆς

2235 3550 2445 3612 οἰκείας
2514 3548 2733 3618 μερίδος
2792 3548 3141 3610 ἀπαναστὰς,
3210 3549 3308 3600 καὶ
3376 3553 3521 3618 πρὸς
3577 3554 3682 3620 τὴν
3728 3552 3816 3605 τοῦ

2237 3640 2469 3709 ἐσχάτου
2527 3637 2763 3707 ἀδελφοῦ
2814 3639 3175 3710 κληροδοσίαν
3224 3640 3572 3707 επανελθὼν,
3615 3644 3817 3695 ἐκείνου

2238 3732 2375 3801 πρὸς
2411 3731 2507 3803 τὴν
2543 3731 2764 3802 Ῥώμην
2800 3733 3282 3802 ἀποδημήσαντος,
3315 3733 3597 3804 ἐπεχείρει
3636 3751 3689 3787 τι
3720 3735 3819 3787 τῶν

2236 3826 2441 3881 ἀδίκων
2475 3826 2618 3879 κατὰ
2648 3826 2742 3879 τοῦ
2770 3826 3005 3895 ἀδελφοῦ
3042 3827 3482 3895 διαπράξασθαι,
3524 3829 3623 3881 καὶ
3666 3829 3820 3881 αύτδν

2237 3919 2296 3970 οὑ
2329 3919 2575 3986 παρόντα
2602 3917 2902 3977 διέϐαλλεν,
2932 3918 3005 3980 ὡς
3028 3918 3090 3969 οὑ
3118 3918 3297 3979 καλῶς
3330 3917 3441 3969 τῶν
3475 3924 3821 3989 πραγμάτων

2237 4007 2683 4077 διανεμηθέντων
2710 4046 2724 4071 ,
2764 4013 2858 4059 καὶ
2886 4007 2967 4059 ὃτι
3014 4007 3267 4060 πλεῖστον
3318 4009 3490 4077 μέρος
3534 4012 3639 4078 τῆς
3682 4011 3819 4081 αὑτῴ

2240 4100 2628 4170 προσηκούσης
2658 4099 2832 4169 ἀρχῆς
2868 4098 3284 4168 ἐσφετερίσατο.
3315 4099 3380 4150 Ol.
3410 4099 3469 4150 δὲ
3498 4100 3599 4169 τῆς
3648 4102 3820 4171 χώρας

2241 4192 2540 4263 στρατηγοί
2574 4208 2631 4245 τε
2657 4192 2752 4244 καὶ
2785 4188 3023 4258 φύλακες
3047 4231 3061 4255 ,
3110 4188 3202 4252 οὓς
3248 4192 3275 4243 ὁ
3311 4189 3581 4253 Κώνστας
3622 4194 3818 4263 ἐχειρο-

2238 4283 2484 4351 τόνησεν,
2514 4282 2613 4334 οὑκ
2644 4281 2852 4349 ἔφασαν
2881 4279 3055 4349 χωρὶς
3101 4280 3200 4348 τῆς
3239 4280 3453 4333 ἐκείνου
3490 4279 3723 4353 γνώμης
3768 4297 3818 4331 τι

2243 4374 2336 4425 καὶ
2380 4372 2581 4441 βουλῆς
2606 4372 2871 4424 δύνασθαί
2903 4389 2957 4423 τι
2998 4372 3196 4441 μικρὸν
3230 4372 3263 4440 ἢ
3301 4374 3444 4440 μέγα
3486 4377 3816 4439 μετακινεῖν,

2241 4464 2456 4517 ἀνόσιον
2486 4462 2618 4532 γὰρ,
2654 4463 2682 4514 ὁ
2713 4462 2769 4514 δὲ
2808 4462 3011 4516 αὐτίκα
3051 4462 3189 4530 πρὸς
3220 4461 3462 4529 πόλεμον
3505 4464 3815 4525 ἀποδύεται,

2243 4560 2337 4610 καὶ
2368 4556 2509 4609 ὅπλα
2552 4557 2694 4608 κινεί
2733 4555 2873 4609 κατὰ
2907 4553 3001 4608 τοῦ
3036 4554 3200 4624 μηδὲν
3222 4554 3611 4623 ἀδικήσαντος.
3637 4558 3819 4609 [limat

569 4649 675 4694 t-em
730 4641 969 4696 alienam
1023 4643 1271 4711 cupiens,
1334 4657 1452 4696 eam
1504 4645 1666 4697 etiam
1721 4644 1919 4706 amisit,
1976 4658 2125 4712 quam

2248 4648 2421 4700 τοίνυν
2452 4640 2611 4711 οὗτος
2632 4651 2659 4701 ὁ
2684 4649 3096 4710 Κωνσταντίνος
3126 4647 3190 4699 ἐκ
3224 4643 3300 4716 τῷ
3327 4646 3556 4715 πολέμῳ
3593 4648 3822 4717 μαχόμε-

564 4730 709 4798 juste
748 4729 1029 4784 videbatur
1087 4742 1291 4788 tenere.
1347 4731 1506 4787 Unde
1542 4733 1707 4788 etiam
1744 4733 1863 4802 ejus
1913 4734 2144 4804 p0pulus

568 4820 752 4875 deﬁcit
781 4821 847 4877 ad
873 4820 1249 4889 Constantem,
1280 4832 1333 4878 et
1369 4824 1421 4876 in
1453 4824 1597 4877 illius
1623 4826 1882 4895 redigitur
1909 4835 2145 4894 potesta-

572 4923 680 4965 tein
712 4911 997 4982 imperium
1030 4912 1358 4979 Occidentis,
1407 4931 1529 4970 cum
1568 4916 1635 4970 ad
1683 4915 1734 4969 id
1782 4916 1989 4968 nullum
2026 4925 2141 4969 stu-

570 5004 718 5059 dium
750 5005 1039 5075 posuisset,
1090 5006 1232 5060 Deus
1263 5022 1393 5060 vero
1428 5008 1484 5060 in
1512 5007 1660 5075 justa
1693 5016 1894 5062 statera
1924 5007 2143 5060 univer-

571 5111 688 5148 sum
727 5096 1072 5165 iudicasset:
1109 5098 1201 5166 qui
1250 5098 1414 5152 etiam
1468 5113 1578 5152 non
1632 5112 1848 5152 movere
1888 5098 2149 5153 terminos

573 5194 808 5255 patrum,
861 5203 1037 5259 neque
1074 5189 1140 5242 de
1191 5191 1343 5245 sulco
1377 5190 1665 5261 propinqui
1722 5188 1925 5257 aliquid
1966 5191 2148 5242 detra-

576 5283 701 5331 here
750 5278 855 5332 lata
884 5281 999 5350 lege
1046 5281 1214 5335 semel
1246 5281 1551 5346 constituit,
1590 5296 1678 5346 ne,
1729 5282 1855 5334 dum
1906 5280 2154 5348 improbe

576 5386 631 5424 se
665 5374 801 5442 gerit
852 5374 974 5441 quis
1009 5375 1059 5427 in
1099 5374 1487 5443 propinquum,
1526 5371 1846 5443 imprudens
1876 5372 2027 5442 justa
2059 5371 2152 5425 Dei

578 5462 654 5515 ira
684 5466 1095 5521 condemnetur.
1131 5464 1351 5520 Obtinet
1399 5480 1526 5535 ergo
1556 5465 1826 5521 Constans
1872 5464 2156 5533 imperium

2244 4756 2352 4802 νος,
2385 4740 2479 4791 καὶ
2511 4739 2611 4809 τῆς
2652 4738 2871 4806 μερίδος
2916 4738 3024 4792 τῶν
3068 4738 3369 4807 ἀλλοτρίων
3396 4739 3691 4809 ἐπιθυμῶν
3729 4755 3819 4791 και

2243 4832 2397 4881 κεῖνα
2446 4822 2521 4881 ὧν
2580 4828 2756 4882 ἐδόκει
2807 4829 3043 4899 βεϐαίως
3093 4832 3339 4898 κρατεῖν,
3368 4831 3813 4898 προσαπώλεσεν.

2255 4919 2437 4972 Ἔνθεν
2467 4935 2548 4971 τοι
2598 4921 2692 4971 καὶ
2722 4922 2750 4973 ὁ
2775 4918 2964 4971 τούτου
3010 4919 3134 4981 λαὸς
3188 4919 3347 4981 εὐθὺς
3378 4920 3677 4989 ἀποκρῖνει
3702 4921 3821 4990 πρὸς

2242 5010 2596 5073 Κώνσταντα,
2648 5012 2740 5064 καὶ
2785 5011 2993 5077 γίνεται
3040 5012 3200 5080 ἡτῆς
3237 5009 3510 5101 Ἑσπέρας
3560 5012 3708 5082 ἀρχὴ
3743 5006 3821 5062 ὑπ’

2248 5101 2465 5169 ἐκείνῳ,
2504 5100 2672 5169 μηδὲν
2702 5103 2827 5171 περὶ
2867 5102 3072 5171 ταύτης
3114 5098 3503 5163 σπουδάσαντι,
3548 5103 3647 5155 τοῦ
3696 5098 3815 5155 Θεοῦ

2249 5191 2306 5242 δὲ
2338 5191 2397 5241 τὸ
2422 5191 2529 5242 πᾶν
2572 5192 2630 5243 ὲν
2664 5194 2890 5261 σταθμῷ
2924 5192 3121 5262 δικαίῳ
3153 5192 3501 5257 δικάσαντος,
3536 5194 3597 5256 δς
3639 5192 3816 5261 καὶμὴ

2253 5285 2423 5335 κινεῖν
2446 5283 2572 5353 ὅρια
2598 5283 2870 5353 πατέρων,
2907 5284 2982 5356 μὴ
3003 5284 3059 5337 δὲ
3086 5284 3184 5352 τῆς
3211 5284 3305 5337 τοῦ
3333 5284 3565 5354 πλησίον
3597 5284 3818 5343 αὑλακός

2255 5394 2307 5427 τι
2375 5377 2680 5446 παρασπᾷν
2754 5375 2903 5441 ἅπαξ
2969 5377 3431 5445 νενομοθέτηκεν,
3495 5376 3585 5431 ἵνα
3647 5378 3722 5446 μὴ
3758 5373 3820 5440 τῷ

2271 5466 2495 5535 πλησίον
2544 5468 3001 5538 πονηρευόμενος,
3060 5467 3240 5536 ἑαυτῷ
3298 5467 3437 5538 λάθῃ
3494 5470 3595 5538 τὴν
3624 5454 3817 5521 δικαίαν

648 5712 723 5783 (ι)
755 5708 886 5763 Vide
921 5711 1078 5767 vitam
1108 5715 1164 5767 S.
1204 5712 1359 5770 Luca:
1388 5727 1453 5768 ex
1498 5710 1863 5782 Metaphraste
1918 5712 1983 5767 ad
2023 5709 2084 5768 18
2121 5708 2339 5781 Octob.,
2382 5727 2503 5783 cap.
2540 5712 2613 5780 ὃς
2650 5710 2879 5783 Niceph.
2914 5712 3007 5768 lib.
3045 5728 3074 5765 χ
3115 5712 3282 5778 Hist,
3317 5726 3440 5783 cap.
3494 5712 3551 5767 ll
3582 5729 3595 5777 ;
3638 5713 3813 5769 Baron.

580 5787 636 5840 in
667 5793 773 5837 not.
810 5783 1034 5837 ibidem.
