3990 6444
176 425 318 490 1165

1316 425 1785 486 ΜᾹΗἸῪΗΙΗΜ
1830 429 1889 490 S.
1940 430 2267 490 ARTEMII

3299 426 3435 491 1166

167 532 347 607 ὀργὴν
378 532 918 602 καταψηφιζόμενος.
940 532 1226 587 Βασιλεύει
1245 534 1425 587 τοίνυν
1448 536 1477 587 6
1501 536 1755 598 Κῶνστας

1872 539 2035 594 totius
2055 539 2390 605 Occidentis,
2424 543 2557 598 duas
2590 553 2769 613 partes
2797 544 2851 596 in
2886 555 3044 595 unam
3077 539 3433 609 coniungens.

168 621 263 689 ἐφ’
296 620 428 689 ὅλης
473 625 571 690 τῆς
602 623 863 691 ἑσπερίου
894 623 1068 692 ἀρχῆς
1090 662 1105 687 ,
1144 623 1239 685 τὰς
1271 623 1366 675 δύο
1395 623 1757 693 κληροδοσίας

166 716 254 774 εἰς
316 712 375 764 ἓν
437 713 705 782 συνάψας,
757 714 851 767 καὶ
912 716 1043 783 μίαν
1095 713 1272 783 ἀρχὴν
1325 715 1611 785 ἀμφότερα
1667 715 1756 766 θέ-

169 820 356 873 μενος.

247 893 320 947 Ε’.
363 898 438 948 Οὐ
478 896 645 960 πολὺς
684 897 811 966 ἐνῆν
855 896 1075 967 καιρὸς,
1128 897 1220 949 καὶ
1285 899 1313 950 6
1363 896 1622 957 Κώνστας
1673 897 1752 959 εἰς

169 987 401 1056 κώμους
470 990 567 1042 καὶ
621 988 793 1059 μέθας
851 989 1249 1053 ὲναποκλίνας,
1300 988 1395 1041 καὶ
1430 988 1751 1050 ἀλλοκότους

170 1077 409 1147 ἔρωτας,
449 1080 707 1149 ῥαθύμως
734 1080 835 1150 τὴν
866 1080 996 1150 ὅλην
1039 1080 1215 1150 ἀρχὴν
1231 1079 1564 1142 διεπέττευε,
1618 1094 1748 1132 τοσ-

166 1170 331 1224 οῦτον
383 1171 659 1239 βασιλείας
693 1172 923 1239 μέγεοος
955 1170 1367 1242 ἐξορχούμενος.
1405 1168 1751 1223 Ἐπιϐουλεύ-

168 1280 293 1316 εται
323 1261 614 1332 τοιγαροῦν
641 1262 735 1315 καὶ
754 1262 915 1325 αὐτὸς
948 1264 1246 1332 παράτινος
1267 1262 1375 1316 τῶν
1402 1259 1747 1329 στρατηγῶν,

172 1354 403 1422 ὀνόματι
430 1353 795 1420 Μαγνεντίου,
826 1355 920 1405 καὶ
956 1354 1097 1423 μετὰ
1125 1354 1223 1423 τῆς
1276 1352 1553 1423 βασιλείας
1581 1369 1750 1422 προσ-

170 1444 475 1497 απόλλυσιν
509 1446 605 1496 καὶ
634 1443 692 1495 τὸ
724 1443 846 1514 ζῇν.
882 1444 1086 1497 Τούτου
1107 1444 1389 1508 πεσόντος,
1423 1447 1612 1515 κρατεῖ
1648 1445 1750 1512 τῆς

167 1537 346 1606 ἀρχῆς
371 1538 399 1588 6
431 1536 794 1603 Μαγνέντιος,
835 1538 957 1606 μεθ’
999 1532 1060 1592 οὗ
1101 1537 1200 1608 τῆς
1248 1538 1565 1607 τυραννίδος
1628 1556 1750 1591 συν-

173 1628 511 1681 επελάϐοντο
588 1630 942 1693 Νεπωτιανδς
991 1632 1083 1683 καὶ
1145 1632 1501 1701 Βρεττανίων.
1566 1631 1749 1685 Ταῦτα

171 1718 362 1787 μαθὼν
392 1722 419 1773 6
452 1720 831 1783 Κωνστάντιος
864 1722 928 1773 ἐκ
954 1721 1063 1773 τῶν
1092 1720 1190 1789 τῆς
1218 1720 1455 1789 ἀδελφῆς
1484 1722 1750 1790 γραμμά-

170 1828 302 1871 των,
367 1813 587 1880 ἀπάρας
639 1813 704 1865 ὲκ
764 1813 865 1881 τῆς
933 1814 1247 1884 Ἀνατολῆς,
1308 1814 1398 1866 καὶ
1456 1814 1591 1884 πρὸς
1647 1814 1747 1885 τὴν

1864 639 1916 681 et
1948 645 2011 683 ex
2047 632 2315 701 ambobus
2343 649 2509 687 unum
2545 634 2747 689 faciens
2774 634 3081 703 imperium.

1932 895 1993 947 ν.
2036 896 2152 949 Non
2183 899 2411 952 multum
2442 900 2747 957 intercessit
2781 901 3062 971 temporis,
3089 910 3143 954 et
3166 898 3436 954 Constans

1860 987 1925 1038 ad
1959 992 2384 1044 comessationes
2414 991 2696 1046 declinans
2722 1001 2777 1047 et
2803 993 3115 1056 ebrietates,
3149 1000 3200 1044 et
3228 991 3434 1043 alienos

1860 1088 2093 1134 amores.
2134 1077 2370 1147 segniter
2411 1078 2720 1133 universum
2745 1081 2965 1148 gerebat
3000 1078 3309 1147 imperium,
3337 1092 3434 1145 per

1862 1162 2041 1216 ludum
2071 1176 2123 1219 et
2146 1166 2485 1221 saltationem
2510 1179 2711 1222 tantam
2738 1170 2932 1223 molem
2967 1171 3264 1224 sustinens.
3292 1169 3433 1237 Ergo

1858 1254 1907 1306 ci
1941 1266 2203 1322 parantur
2233 1258 2440 1313 insidia:
2471 1276 2499 1313 a
2531 1261 2765 1331 quodam
2802 1262 2940 1317 duce
2989 1262 3278 1321 exercitus,
3329 1276 3433 1314 no-
3484 1264 3491 1269 ’

1858 1346 2003 1401 mine
2033 1348 2361 1417 Magnentio,
2391 1362 2594 1407 etcum
2629 1355 2855 1423 imperio
2894 1356 3056 1409 simul
3088 1369 3304 1424 quoque
3348 1355 3429 1407 vi-

1860 1447 1964 1492 tam
1998 1441 2218 1496 amittit.
2262 1442 2398 1497 Cum
2452 1446 2497 1498 is
2530 1447 2837 1510 cecidisset,
2876 1447 3159 1516 imperium
3204 1455 3434 1514 occupat

1858 1527 2216 1597 Magnentius,
2248 1549 2372 1587 cum
2406 1552 2517 1604 quo
2546 1536 2707 1591 simul
2739 1538 3056 1592 invaserunt
3087 1538 3427 1608 tyrannidem

1856 1620 2191 1691 Nepotianus
2257 1636 2313 1679 et
2367 1627 2707 1683 Brettanion.
2770 1631 2893 1683 Haec
2947 1645 3071 1683 cum
3133 1628 3431 1696 accepisset

1856 1708 2207 1765 Constantius
2230 1730 2293 1767 ex
2322 1714 2515 1769 litteris
2536 1717 2739 1772 sororis
2769 1726 2823 1770 et
2854 1718 2921 1769 ab
2944 1715 3168 1769 Oriente
3191 1718 3431 1769 venisset

1857 1799 1923 1853 ad
1956 1799 2330 1865 Occidentem,
2363 1804 2503 1858 bello
2529 1821 2723 1859 manus
2744 1806 2983 1859 conserit
3015 1822 3136 1860 cum
3167 1807 3270 1859 illis
3297 1818 3346 1859 et
3377 1804 3427 1858 vi

191 1902 463 1971 Ἑσπέραν
512 1905 848 1973 γενόμενος,
908 1907 1173 1959 συνάπτει
1227 1906 1363 1977 πρὸς
1408 1905 1752 1976 ἀμφοτέρους

1858 1889 2006 1952 vicit,
2041 1906 2162 1945 eum
2200 1893 2514 1948 Brettanion
2546 1893 2611 1948 ad
2648 1910 2771 1948 eum
2805 1896 3113 1949 defecisset.
3148 1892 3269 1958 Quo
3304 1895 3429 1962 qui-

173 1992 415 2065 πόλεμον
460 1996 552 2048 καὶ
604 1996 747 2049 κατὰ
801 1996 1006 2069 κράτος
1034 2001 1181 2071 νικᾷ,
1217 2000 1309 2052 τοῦ
1348 2000 1751 2070 Βρεττανίωνος

170 2090 312 2157 πρὸς
344 2090 509 2142 αὐτὸν
542 2090 975 2157 ἁποκλίναντος,
1024 2093 1113 2145 ὅτε
1149 2094 1245 2145 καὶ
1280 2092 1341 2145 τὸ
1379 2092 1472 2143 τοῦ
1512 2091 1749 2161 σταυροῦ

168 2185 399 2251 σημεῖον
434 2183 691 2252 μέγιστόν
718 2200 775 2235 τε
808 2188 899 2236 καὶ
933 2185 1121 2247 δεινῶς
1172 2184 1405 2253 έκςρανὲν
1451 2184 1615 2249 ἅπαν,
1674 2183 1750 2245 ὡς

168 2274 655 2345 ὑπεραστράπτειν
697 2276 774 2343 τῷ
819 2276 1256 2346 καταπληκτικῷ
1301 2275 1402 2344 τῆς
1450 2276 1645 2347 αἴγλης
1688 2275 1750 2328 τὸ

170 2364 273 2433 τῆς
305 2364 523 2433 ἡμέρας
558 2363 674 2431 φῶς
704 2364 796 2415 ἐπὶ
837 2363 946 2415 τῶν
1007 2364 1398 2435 Ἱεροσολύμων
1429 2365 1587 2436 ὤφθη
1623 2367 1751 2436 περὶ

171 2453 368 2523 τρίτην
418 2453 569 2523 ὤραν
620 2454 858 2523 μάλιστα
892 2454 991 2524 τῆς
1032 2456 1249 2525 ἡμέρας
1274 2460 1372 2527 τῆς
1404 2459 1599 2528 ἑορτῆς
1651 2460 1751 2526 τῆς

166 2545 472 2614 λεγομένης
510 2545 892 2615 Πεντηκοστῆς
937 2547 1258 2614 ἑστηκυίας,
1289 2547 1474 2616 διῆκον
1504 2549 1611 2599 ἀπὸ
1654 2548 1747 2601 τοῦ

167 2638 411 2708 Κρανίου
443 2638 780 2708 καλουμένου
810 2641 1000 2702 τόπου,
1045 2639 1173 2709 ἄχρι
1205 2639 1297 2692 καὶ
1334 2638 1428 2692 τοῦ
1463 2639 1749 2703 Ἐλαιῶνος

169 2732 357 2800 ὅρους,
393 2731 517 2785 ὅθεν
549 2733 794 2803 ὑπῆρχεν
824 2732 852 2784 6
876 2733 1066 2804 Σωτὴρ
1096 2734 1196 2803 τὴν
1228 2732 1497 2803 ἀνάληψιν
1520 2734 1751 2800 ποιησά-

172 2838 358 2892 μενος.
402 2826 611 2891 Κρατεῖ
646 2825 826 2876 τοίνυν
862 2824 964 2893 τῆς
1008 2824 1290 2893 βασιλείας
1347 2824 1751 2892 Κωνστάντιος,

170 2916 281 2967 τῶν
326 2914 422 2966 τοῦ
472 2915 713 2984 μεγάλου
765 2917 1181 2970 Κωνσταντίνου
1236 2918 1367 2970 υἱῶν
1424 2921 1583 2988 μόνος
1616 2921 1751 2971 ὑπο-

167 3008 431 3076 λειφθείς.
472 3010 749 3073 Ἀτενίσας
780 3009 871 3062 οὖν
907 3010 1042 3080 πρὸς
1078 3011 1137 3062 τὸ
1169 3010 1267 3080 τῆς
1290 3011 1465 3083 ἀρχῆς
1496 3010 1749 3079 μέγεθος,

170 3102 266 3153 καὶ
306 3101 619 3167 ἰλιγγιάσας
658 3102 753 3156 ἆτε
784 3102 847 3173 δὴ
887 3102 1175 3171 ἄνθρωπος
1206 3102 1304 3167 ὢν,
1356 3105 1450 3156 καὶ
1506 3106 1578 3175 μὴ
1612 3106 1749 3176 ἔχων

166 3198 262 3247 τὸν
310 3199 372 3247 ἐκ
418 3196 513 3249 τοῦ
558 3196 751 3264 γένους
786 3198 936 3265 αὑτῴ
976 3196 1380 3259 συνασπίζοντα
1413 3212 1425 3225 ’
1456 3196 1578 3250 οὔτε
1636 3202 1745 3268 γὰρ
1777 3237 1819 3295 c

167 3288 323 3358 αὐτῷ
353 3292 482 3350 παῖς
513 3289 779 3357 ἐγεγόνει,
815 3288 939 3340 οὔτε
975 3304 1057 3349 τις
1088 3289 1198 3339 τῶν
1226 3289 1473 3356 ἀδελςςῶν
1527 3295 1751 3344 κατελέ-

167 3385 358 3435 λειπτο
389 3400 404 3413 ·
444 3384 539 3436 καὶ
592 3384 779 3443 δείσας
816 3383 891 3452 μή
921 3399 1004 3444 τις
1033 3381 1181 3450 αὐτῷ
1212 3382 1373 3434 πάλιν
1406 3382 1748 3449 ἐπανασταίη

168 3476 457 3545 τύραννος,
525 3478 820 3528 σκέπτεται
878 3474 990 3527 τῶν
1050 3474 1329 3543 συγγενῶν
1383 3492 1504 3527 τινα
1561 3474 1747 3529 λαϐεῖν

172 3570 510 3640 σύγκληρον,
545 3570 638 3621 καί
666 3569 763 3637 τῆς
801 3568 1084 3639 βασιλείας
1117 3570 1493 3639 ὑπασπιστὴν,
1517 3571 1544 3623 ὃ
1568 3570 1631 3640 δὴ
1656 3573 1750 3623 καὶ

171 3663 469 3732 πεποίηκε,
505 3661 703 3714 Γάλλον
733 3661 823 3713 τὸν
865 3660 1158 3713 Ἰουλιανοῦ
1214 3661 1440 3725 ἀδελφὺν
1494 3661 1749 3729 Καίσαρα

171 3756 549 3825 ποιησάμενος
584 3752 848 3821 ’ἀνεψιὸς
906 3752 963 3804 δὲ
1020 3752 1159 3823 πρὸς
1222 3752 1427 3823 πατρὸς
1475 3752 1503 3805 ό
1552 3752 1754 3815 Γάλλος

173 3846 327 3915 αὐτῷ
363 3861 376 3875 ’
408 3845 790 3909 Κωνστάντιος
840 3844 950 3915 γάρ
1003 3847 1029 3899 ὁ
1074 3844 1280 3899 Γάλλου
1316 3844 1411 3898 καὶ
1457 3844 1751 3898 Ἰουλιανοῦ

172 3938 382 4009 πατὴρ,
451 3936 676 4007 άδελςὸς
736 3934 804 4008 ἦν
861 3935 1276 3991 Κωνσταντίνου
1331 3934 1425 3987 τοῦ
1488 3936 1751 4003 μεγάλου.

173 4029 379 4083 Τοῦτον
407 4026 502 4083 οὖν
535 4032 591 4081 ἐν
618 4028 695 4099 τῷ
722 4029 932 4099 Σιρμίῳ
970 4028 1490 4098 προχειρισάμενος,
1520 4030 1757 4097 γυναῖκά

176 4140 239 4175 τε
281 4123 431 4193 αὐτῷ
472 4121 729 4189 ζεύγνυσι
774 4121 873 4193 τὴν
922 4118 1119 4174 ἑαυτοῦ
1169 4119 1406 4191 ἀδελφὴν
1456 4123 1751 4175 Κωνσταν-

172 4216 322 4278 τίαν,
356 4216 593 4278 πίστεως
623 4216 717 4267 καὶ
748 4214 1099 4285 βεόαιότητος
1134 4214 1295 4284 χάριν
1319 4253 1333 4276 ,
1364 4212 1459 4266 καὶ
1486 4213 1752 4282 ἄρχοντας

172 4308 328 4378 αὐτῷ
356 4310 569 4362 δίδωσιν
602 4308 765 4368 αὐτὸς
800 4308 1149 4375 καταστήσας
1178 4321 1191 4335 °
1225 4306 1287 4358 οὐ
1324 4306 1431 4377 γάρ
1464 4307 1657 4377 ἐκείνῳ
1689 4327 1752 4377 γε

1854 1981 1978 2035 dem
2016 1992 2256 2053 tempore
2306 1987 2521 2055 signum
2554 1988 2731 2041 crucis
2774 1989 3089 2050 maximum,
3121 1996 3173 2040 et
3201 1987 3427 2039 miriﬁce

1852 2085 2141 2139 apparens,
2176 2075 2313 2126 adeo
2362 2086 2419 2127 ut
2455 2075 2760 2127 admirabili
2807 2075 3097 2141 splendore
3145 2080 3428 2141 superaret

1851 2162 2025 2216 lucem
2058 2164 2186 2225 diei,
2234 2166 2407 2217 visum
2444 2167 2531 2219 est
2576 2164 2962 2235 Hierosolymis
3012 2165 3158 2218 circa
3213 2166 3424 2216 tertiam

1853 2254 2041 2309 horam
2070 2256 2201 2321 diei,
2236 2272 2359 2311 cum
2392 2266 2541 2312 esset
2568 2258 2687 2312 dies
2713 2260 2903 2318 festus,
2930 2255 3023 2326 qui
3057 2255 3258 2310 dicitur
3284 2254 3427 2309 Pen-

1856 2352 2079 2415 tecoste,
2142 2352 2511 2421 pertingensa
2550 2352 2691 2415 loco,
2745 2351 2836 2420 qui
2887 2349 3092 2404 dicitur
3139 2348 3425 2412 Calvarim,

1852 2456 2024 2511 usque
2054 2443 2118 2495 ad
2152 2454 2392 2501 montem
2423 2443 2639 2508 Oliveti,
2669 2445 2811 2497 unde
2842 2443 2942 2497 fuit
2971 2452 3285 2512 assumptus
3327 2456 3427 2495 no-

1852 2542 1966 2585 ster
2019 2533 2290 2587 Salvator.
2353 2534 2641 2603 Imperium
2692 2550 2819 2603 ergo
2872 2543 3021 2586 tenet
3054 2534 3427 2594 Constantius,

1852 2625 2072 2679 relictus
2094 2626 2239 2679 solus
2265 2640 2330 2678 ex
2362 2626 2542 2694 magni
2573 2624 2915 2679 Constantini
2954 2624 3101 2678 filiis.
3128 2624 3266 2679 Cum
3298 2640 3431 2693 ergo

1850 2717 1915 2770 ad
1950 2717 2158 2786 imperii
2194 2718 2629 2788 magnitudinem
2662 2717 2937 2772 defixisset
2967 2718 3176 2779 oculos,
3207 2727 3261 2771 et
3296 2718 3429 2772 cali-

1852 2819 2051 2882 gasset,
2094 2819 2153 2863 ut
2192 2811 2283 2879 qui
2320 2820 2466 2863 esset
2494 2812 2677 2875 homo,
2724 2821 2776 2865 et
2827 2824 2935 2864 non
2972 2809 3199 2864 haberet
3236 2824 3301 2864 ex
3332 2824 3431 2863 sun

1852 2919 2073 2975 genere,
2107 2902 2197 2972 qui
2247 2918 2371 2956 eum
2402 2902 2723 2956 defenderet
2758 2905 2958 2972 (neque
3002 2907 3150 2958 enim
3180 2906 3227 2957 ei
3267 2913 3429 2957 natus

1851 2993 2030 3047 fuerat
2065 2993 2226 3053 ﬁlius,
2261 3007 2436 3061 neque
2459 3000 2795 3046 remanserat
2818 2991 3012 3061 aliquis
3036 3008 3098 3045 ex
3126 2992 3430 3057 fratribus),

1852 3094 1906 3137 et
1937 3087 2175 3148 timeret,
2208 3100 2276 3139 ne
2313 3085 2365 3138 in
2398 3101 2522 3139 eum
2554 3101 2742 3139 rursus
2778 3084 2972 3153 aliquis
3004 3084 3311 3153 insurgeret
3349 3097 3431 3156 ty-

1853 3193 2077 3240 rannus,
2111 3178 2299 3229 statuit
2337 3192 2399 3229 ex
2432 3178 2677 3246 cognatis
2711 3177 2947 3245 aliquem
2981 3180 3229 3247 accipere
3258 3180 3441 3234 colla-

1855 3270 2063 3333 redem,
2099 3278 2155 3324 et
2188 3270 2400 3338 imperii
2454 3268 2799 3323 defensorem
2834 3286 2847 3321 :
2882 3270 3027 3337 quod
3077 3270 3243 3323 etiam
3279 3270 3428 3324 fecit.

1850 3364 1985 3417 Nam
2030 3379 2153 3416 cum
2180 3360 2394 3415 Gallum
2421 3360 2620 3415 Juliani
2654 3361 2884 3415 fratrem
2937 3360 3125 3416 Sirmti
3158 3362 3430 3416 Cresarem

1848 3462 2087 3507 creasset
2121 3454 2260 3519 (erat
2316 3462 2497 3505 autem
2531 3453 2579 3505 ei
2621 3453 2804 3508 Gallus
2832 3456 3130 3523 patruelis:
3164 3454 3434 3508 Constan-

1850 3544 1957 3597 tius
1978 3543 2148 3605 enim,
2178 3541 2316 3595 Galli
2348 3551 2403 3596 et
2427 3541 2629 3597 Juliani
2656 3554 2826 3612 pater,
2858 3545 3025 3598 frater
3052 3546 3227 3600 fuerat
3250 3550 3431 3617 magni

1848 3633 2236 3703 Constantini),
2261 3633 2309 3687 ei
2335 3635 2427 3690 dat
2456 3651 2700 3697 uxorem,
2724 3650 2875 3689 suam
2899 3651 3142 3691 sororem
3165 3636 3433 3691 Constan—

1854 3730 2007 3791 tiam,
2042 3737 2225 3782 utres
2253 3738 2403 3782 esset
2432 3728 2644 3781 ﬁrmior
2676 3738 2730 3781 et
2775 3730 3007 3793 cautior,
3048 3739 3101 3783 ct
3147 3730 3354 3796 praebet
3384 3731 3435 3785 ei

1855 3824 2224 3893 magistratus,
2253 3837 2391 3892 quos
2415 3823 2529 3891 ipse
2554 3820 2912 3876 constituerat
2959 3828 3091 3891 (non
3114 3823 3260 3877 enim
3284 3821 3436 3875 Callo

1854 3916 2049 3969 licebat
2080 3914 2133 3967 id
2172 3914 2274 3968 sibi
2318 3928 2619 3972 assumere,
2649 3929 2776 3966 cum
2804 3924 2956 3967 esset
2988 3915 3213 3983 Caesar),
3248 3916 3436 3970 Domi-

1857 4007 2067 4061 tianum
2115 4004 2332 4074 quidem
2366 4014 2422 4057 et
2469 4002 2814 4060 Thalassium
2858 4002 3111 4057 cmittens
3149 4005 3437 4073 praefectos

1860 4100 2179 4174 praetorios,
2217 4098 2479 4153 Montium
2511 4112 2692 4153 autem
2728 4098 3097 4168 imperatoriis
3128 4099 3436 4168 praeﬁciens

1862 4194 2188 4254 rationibus,
2215 4206 2377 4261 quem
2406 4190 2568 4244 etiam
2601 4191 2838 4244 solemus
2868 4205 3058 4244 vocare
3086 4203 3433 4261 qumstorein,

1861 4297 1916 4343 et
1941 4288 2101 4343 simul
2132 4301 2257 4340 eum
2285 4284 2451 4340 etiam
2488 4299 2693 4338 ornans
2720 4283 2925 4339 honore
2957 4282 3197 4340 Patricii.

172 4405 361 4473 ἐφεῖτο
414 4401 656 4472 Καίσαρι
709 4399 860 4453 ὖντι·
908 4398 1211 4453 Θαλάσσιον
1270 4398 1369 4469 μὲν
1421 4400 1747 4467 ἀποστείλας
1811 4405 2051 4473 ἔπαρχον
2074 4400 2445 4473 πραιτωρίων,
2494 4400 2727 4454 Μόντιον
2772 4399 2829 4453 δὲ
2860 4401 2954 4454 ἐπὶ
3001 4402 3109 4456 τῶν
3141 4404 3438 4474 βασιλικῶν

172 4494 550 4563 πραγμάτων,
583 4490 644 4545 ὃν
686 4492 783 4545 καὶ
818 4490 1163 4559 κοιαίστωρα
1202 4491 1389 4542 καλεῖν
1423 4487 1564 4543 οἶδεν
1596 4494 1623 4544 6
1658 4492 1833 4560 λόγος,
1873 4493 1988 4563 ἅμα
2032 4496 2124 4546 καὶ
2153 4494 2445 4561 πατρίκιον
2480 4492 2670 4545 τοῦτον
2705 4495 2967 4563 τιμήσας.

251 4593 345 4659 ς’.
392 4588 450 4644 '0
479 4590 535 4643 δὲ
560 4590 761 4652 Γάλλος
786 4589 861 4651 ὡς
895 4588 1019 4640 τότε
1064 4585 1217 4655 παρὰ
1250 4586 1345 4639 τοῦ
1373 4588 1758 4641 Κωνσταντίου
1793 4598 1841 4655 ι)

174 4683 455 4753 πεμφθεὶς
487 4685 579 4736 ἐπὶ
614 4684 709 4750 τῆς
740 4680 933 4749 Ἐᾠας,
970 4682 1147 4748 είχετο
1177 4678 1282 4729 τῶν
1307 4680 1667 4749 πραγμάτων,
1699 4680 1755 4731 ὃν

173 4775 382 4828 αὐτίκα
413 4772 678 4841 μαθόντες
703 4771 752 4823 οἱ
785 4773 991 4841 Πέρσαι
1021 4770 1155 4841 πρὸς
1181 4771 1514 4840 Ἀντιόχειαν
1547 4772 1744 4839 ἀφικό-

176 4884 371 4940 μενον,
410 4862 875 4937 κατωρῤώὸησαν,
915 4866 1034 4918 νέον
1064 4881 1123 4917 τε
1167 4864 1328 4917 αὑτὸν
1362 4866 1455 4917 καὶ
1482 4863 1757 4933 Θερ⁴μουρο

174 4963 277 5029 γὸν
299 4962 379 5024 εἰς
402 4961 473 5013 τὰ
504 4959 643 5030 ἔργα
682 4961 1002 5030 πυθόμενοι,
1030 4960 1125 5013 καὶ
1165 4960 1265 5012 οὐκ
1302 4959 1384 5011 ἔτι
1429 4960 1757 5029 ἐποιήσαντο

171 5055 279 5125 τὴν
316 5056 408 5108 ἰπὶ
438 5056 563 5117 τοὺς
599 5050 905 5121 Ῥωμαίους
939 5051 1205 5115 ἐξέλασιν,
1240 5052 1333 5104 καὶ
1384 5054 1411 5105 6
1452 5052 1549 5119 μὲν
1588 5054 1644 5104 ὲν
1691 5054 1756 5122 τῇ

189 5148 497 5216 Ἀντιοχείᾳ
519 5146 615 5215 τῆς
651 5145 849 5212 Συρίας
882 5140 949 5215 ἦν
984 5143 1057 5205 ὼς
1095 5143 1428 5213 δεδήλωται,
1464 5144 1755 5197 Κωνστάν-

170 5258 293 5305 τιος
328 5240 383 5292 δὲ
421 5243 475 5290 ἐν
503 5243 570 5311 τῇ
613 5239 853 5309 Ἐσπέρα
895 5240 1128 5307 καῦίστη
1176 5236 1244 5290 τὰ
1288 5237 1613 5307 πράγματα,
1665 5240 1759 5291 καὶ

173 5333 303 5387 τότε
340 5332 404 5401 δὴ
452 5332 712 5401 μάλιστα,
769 5330 1026 5399 καθαρῶς
1074 5328 1414 5399 ήσύχασενή
1464 5326 1759 5397 Ῥωμαίων

174 5426 329 5496 ἁρχὴ
363 5428 497 5496 πρὸς
520 5426 845 5494 ἁμσοτέρων
878 5424 1278 5492 φυλαττομένη.
1310 5423 1418 5475 Καὶ
1450 5421 1619 5474 ταῦτα
1662 5421 1761 5489 μὲν

174 5518 377 5571 τοῦτον
431 5519 554 5588 ἔσχε
611 5518 703 5569 τὸν
759 5520 981 5588 τρόπον.
1029 5516 1088 5568 ’0
1149 5515 1206 5568 δὲ
1256 5514 1492 5575 Γάλλος,
1529 5514 1625 5585 τὴν
1664 5513 1761 5566 τοῦ

174 5611 470 5679 Καίσαρος
522 5612 941 5681 ἀμφιασάμενος
994 5609 1311 5678 ἁλουργίδα,
1362 5608 1455 5659 καὶ
1504 5606 1604 5676 ἢδη
1655 5606 1763 5658 τῶν

171 5700 415 5771 πρώτων
438 5706 538 5772 τῆς
562 5701 837 5773 βασιλείας
857 5703 1163 5773 ἀρξάμενος
1186 5700 1486 5753 ἐπιϐαίνειν
1512 5698 1758 5767 βαθμῶν,

167 5797 280 5851 οὐκ
305 5794 498 5863 ἔμενεν
530 5796 624 5849 ἐπὶ
661 5796 760 5867 τῆς
797 5796 1058 5865 τοιαύτης
1106 5794 1332 5863 γνώμης
1375 5792 1467 5843 καὶ
1502 5790 1759 5854 πίστεως,

171 5886 245 5961 ἦς
277 5889 415 5960 πρδς
446 5887 537 5940 τδν
566 5890 944 5945 Κωνστάντιον
980 5888 1296 5955 ἐποιήσατο,
1336 5882 1759 5953 βασιλικώτερον

1944 4591 2025 4646 Ἠ.
2087 4591 2274 4647 Callus
2324 4602 2530 4653 autem,
2586 4602 2646 4646 ut
2696 4592 2788 4662 qui
2844 4602 2974 4647 tunc
3027 4608 3056 4646 a
3115 4594 3439 4649 Constantio

1862 4685 2061 4738 missus
2097 4694 2244 4737 esset
2270 4682 2335 4736 ad
2367 4680 2673 4747 Orientem,
2699 4696 2819 4739 erat
2870 4683 3112 4738 intentus
3154 4685 3317 4738 rebus
3344 4702 3437 4754 ge-

1861 4779 2067 4832 rendis.
2104 4778 2277 4843 Quem
2318 4794 2439 4833 cum
2491 4780 2727 4846 primum
2772 4780 3109 4845 accepissent
3139 4778 3317 4834 Persa:
3346 4798 3437 4833 ve-

1860 4870 2011 4925 nisse
2044 4871 2413 4936 Antiochiam,
2449 4869 2644 4926 timore
2689 4878 2818 4926 sunt
2858 4871 3059 4933 affecti,
3109 4888 3232 4927 cum
3280 4875 3439 4927 audi-

1863 4956 2071 5011 vissent
2129 4974 2254 5012 eum
2298 4972 2418 5011 esse
2444 4960 2725 5027 juvenem,
2784 4969 2840 5014 et
2896 4961 2961 5015 ad
3025 4977 3115 5014 res
3169 4967 3436 5031 gerendas

1861 5062 2040 5100 acrem
2073 5057 2124 5101 et
2150 5048 2548 5112 vehementem,
2578 5065 2676 5103 nec
2713 5050 2959 5103 fecerunt
2980 5051 3214 5119 amplius
3240 5068 3433 5105 excur-

1862 5138 2071 5192 sionem
2112 5140 2164 5191 in
2209 5154 2367 5209 agros
2397 5141 2788 5193 Romanorum.
2824 5141 2891 5194 Et
2926 5142 3015 5196 ille
3066 5142 3282 5211 quidem
3319 5153 3437 5197 erat

1863 5228 2168 5284 Antiochiae
2212 5229 2401 5299 Syrim,
2461 5240 2520 5285 ut
2574 5241 2856 5287 ostensum
2914 5245 3031 5299 est;
3086 5236 3437 5290 Constantius

1862 5333 2044 5376 autem
2083 5336 2170 5376 res
2203 5323 2571 5378 constituebat
2611 5326 2665 5379 in
2695 5325 2991 5381 Occidente
3022 5345 3036 5380 :
3079 5340 3131 5381 et
3159 5338 3290 5383 tunc
3320 5340 3436 5384 erat

1864 5414 2097 5466 maxime
2130 5415 2379 5482 quietum
2431 5414 2800 5471 Romanorum
2847 5416 3157 5486 imperium,
3196 5429 3253 5471 ut
3290 5420 3437 5488 quod

1864 5507 1930 5559 ab
1950 5504 2191 5574 utrisque
2208 5507 2593 5562 custodiretur.
2620 5508 2686 5561 Et
2717 5510 2829 5563 haec
2853 5510 3071 5581 quidem
3092 5511 3253 5567 modo
3275 5512 3437 5566 modo

1866 5613 1925 5652 se
1966 5598 2256 5652 habebant.
2286 5596 2470 5653 Gallus
2508 5610 2686 5654 autem
2728 5618 2851 5656 cum
2894 5603 3126 5660 Caesaris
3173 5607 3439 5659 induisset

1869 5704 2186 5759 purpuram,
2246 5700 2300 5744 et
2345 5691 2455 5759 jam
2537 5694 2795 5761 cmpisset
2873 5696 3174 5750 ascendere
3231 5695 3438 5764 primos

1867 5781 2064 5853 gradus
2105 5780 2339 5851 imperii,
2374 5799 2483 5837 non
2518 5786 2718 5839 mansit
2752 5786 2807 5840 iu
2852 5788 3040 5841 eadem
3087 5790 3354 5840 sententia
3384 5798 3439 5841 et

1869 5877 1990 5939 ﬁde,
2019 5892 2178 5946 quam
2211 5877 2434 5930 dederat
2464 5877 2805 5943 Constantio,
2846 5881 3007 5933 nimis
3064 5895 3160 5945 pro
3205 5879 3437 5942 imperio
