3990 6492
175 432 301 499 1173

1313 434 1416 493 MA
1427 435 1783 497 RTYRIUM
1830 437 1891 498 S.
1935 436 2287 499 ARTEMII.

3283 426 3421 493 117i

168 548 330 620 αρχῆν
356 546 612 616 ἐφαίνετο
637 546 705 601 ὲκ
730 545 843 600 τῶν
863 546 1033 601 αὐτοῦ
1063 546 1324 601 διασολῶν
1341 587 1356 611 ,
1403 548 1495 603 τὸν
1523 548 1740 603 ἅπαντα

1875 561 2116 607 avectus.
2166 550 2370 607 Ambos
2415 565 2651 619 namque
2695 547 3091 604 Chalcedonem
3144 546 3314 609 misit,
3366 557 3423 602 et

164 643 237 712 τῷ
264 640 448 710 Γάλλῳ
496 640 658 708 φόνον
704 640 1211 711 συγκειρασάμενος
1242 657 1255 671 ·
1303 641 1515 694 Παῦλον
1553 642 1610 695 δὲ
1644 641 1735 696 τὸν

166 732 367 786 Σπανὺν
421 733 503 794 εἰς
554 731 683 794 τοὺς
747 731 1101 799 ὑπογραφέας
1157 731 1252 785 τοῦ
1318 732 1586 801 βασιλέως
1648 750 1739 786 τε-

165 824 375 888 λοῦντα,
414 824 555 895 πυρὶ
601 823 996 895 παραδίδωσιν,
1055 823 1132 886 ὠς
1157 823 1329 879 πολλὰ
1372 824 1437 894 δὴ
1478 824 1627 895 μάλα
1658 824 1740 896 τῷ

168 918 350 987 Γάλλῳ
376 916 886 984 έμπικρανάμενον.
937 914 1179 981 Τούτους
1224 916 1324 986 μὲν
1370 914 1466 970 οὖν
1498 919 1741 987 ἀμφοτέ-

172 1027 293 1079 ρους
327 1010 405 1071 εἰς
438 1010 541 1081 τὴν
572 1007 895 1077 Χαλκηδόνα
916 1008 1236 1077 διαπέμψας
1259 1048 1272 1071 ,
1306 1009 1424 1061 ἐκεῖ
1454 1012 1520 1078 τῇ
1552 1010 1744 1080 οἰκείᾳ

168 1098 288 1168 δίκῃ
323 1098 521 1165 ὑπάγει
581 1098 889 1168 ἑκάτερον,
943 1098 1124 1151 ἀνεῖλε
1178 1098 1235 1150 δὲ
1283 1099 1381 1151 καὶ
1415 1099 1745 1154 Γαυδέντιον

180 1189 485 1259 στρατηγὸν
506 1191 609 1258 τῆς
644 1189 923 1259 Ἀφρικῆς
949 1230 965 1256 ,
1002 1191 1095 1243 καὶ⁵
1126 1189 1322 1253 ἄλλους
1361 1190 1513 1253 τινὰς
1558 1191 1745 1243 ὁπόσοι

167 1285 323 1345 τιηεὶς
351 1283 513 1335 αὐτὸν
545 1282 1018 1353 πεπαρῳνήκεσαν
1040 1298 1055 1311 ο
1097 1282 1232 1335 ἀλλὰ
1264 1281 1490 1346 τούτους
1517 1283 1616 1350 μὲν
1659 1283 1749 1336 διὰ

171 1375 514 1445 γραμμάτων
543 1373 794 1438 ἐκόλασε,
835 1373 927 1426 τδν
974 1374 1033 1427 δὲ
1088 1374 1183 1428 τοῦ
1212 1374 1450 1445 Χριστοῦ
1496 1375 1751 1445 μάρτυρα

170 1467 262 1518 xui.
308 1467 553 1531 γενναῖον
604 1465 845 1537 ἀθλητὴν
888 1466 1175 1537 Ἀρτέμιον
1247 1468 1409 1530 αὐτὸς
1454 1467 1524 1519 δι’
1554 1466 1751 1520 ἑαυτοῦ

175 1558 236 1611 ὲν
260 1557 564 1629 Ἀντιοχείᾳ
607 1557 803 1627 παρὼν
851 1558 948 1611 καὶ
980 1560 1227 1630 παρόντα
1255 1559 1343 1612 διὰ
1372 1560 1473 1627 τὴν
1507 1562 1586 1623 εἰς
1616 1562 1755 1627 Χρι-

174 1649 296 1702 στδν
323 1650 641 1720 ὁμολογίαν,
673 1649 1060 1719 ἀπανθρώπως
1083 1651 1330 1715 ἐκόλασε,
1358 1652 1452 1703 καὶ
1478 1652 1576 1721 τῆς
1599 1668 1753 1719 παρα

173 1741 340 1809 ούσης
394 1741 558 1794 αὑτὸν
591 1742 992 1810 ἀπεγύμνωσεν
1022 1741 1296 1805 ἐξουσίας,
1337 1742 1412 1810 μὴ
1450 1741 1632 1811 φέρων
1657 1741 1756 1811 τὴν

174 1832 339 1885 αὐτοῦ
376 1833 692 1902 παρρησίαν
727 1836 821 1885 καὶ
866 1833 1139 1887 ἔνστασιν.
1198 1833 1257 1885 '0
1293 1834 1402 1901 γὰρ
1446 1832 1752 1898 Ἰουλιανὸς,

174 1924 249 1984 ὡς
274 1923 584 1991 δεδήλωται,
616 1926 715 1993 τὴν
736 1925 847 1978 τῶν
886 1925 1177 1995 Ῥωμαίων
1207 1924 1572 1997 περιθέμενος
1604 1926 1758 1997 βασι-

174 2014 344 2079 λείαν,
377 2014 677 2079 ἐσπούδαζε
708 2017 948 2085 μάλιστα
989 2018 1081 2070 τὸν
1126 2017 1488 2088 Ἐλληνισμὸν
1528 2020 1760 2089 ἐπανορ-

180 2103 331 2158 θοῦν.
366 2106 660 2177 Πανταχοῦ
692 2110 877 2161 τοίνυν
909 2109 1219 2179 γράμματα
1262 2109 1715 2178 διαπεμπόμενος
1741 2150 1756 2175 ,

174 2198 395 2253 ὲκέλευε
453 2200 521 2252 τὰ
568 2200 778 2255 τούτων
827 2203 1034 2272 τεμένη
1083 2202 1178 2254 καὶ
1213 2198 1338 2265 τοῦς
1381 2203 1600 2273 βωμοὺς
1659 2206 1755 2257 ἀν⁸

182 2291 375 2359 ιστᾷν,
417 2292 555 2360 μετὰ
592 2292 796 2362 ’πολλῆς
838 2294 972 2363 ὅσης
1001 2293 1100 2366 τῆς
1132 2294 1368 2364 σπουδῆς
1406 2312 1464 2347 τε
1496 2297 1588 2348 καὶ
1623 2313 1759 2364 προ-

174 2380 399 2447 θυμίας,
443 2384 539 2435 καὶ
575 2384 708 2445 ὅσας
749 2388 777 2437 6
822 2385 999 2454 μέγας
1048 2386 1465 2451 Κωνστανττνος
1500 2389 1621 2451 ταῖς
1666 2390 1759 2441 ὲκ-

1843 640 1949 697 illic
1980 654 2273 711 utrumque
2306 656 2406 697 suo
2433 641 2616 696 affecit
2641 640 2926 711 supplicio.
2954 637 3227 693 lnterfecit
3255 640 3421 694 etiam

1842 732 2209 791 Gaudentium
2268 735 2462 791 ducem
2508 734 2781 790 exercitus
2823 733 3041 795 Africa,
3067 742 3119 788 et
3158 732 3421 802 quosdam

1842 830 1997 893 alios,
2037 828 2131 899 qui
2162 828 2213 884 ei
2248 828 2662 883 insultaverant.
2699 824 2805 881 Sed
2852 842 2947 881 eos
2993 818 3214 895 quidem
3244 824 3424 894 puniit

1844 937 1943 994 per
1998 922 2241 987 litteras;
2300 920 2502 977 Christi
2548 929 2731 975 autem
2780 929 3070 989 martyrem
3127 927 3182 973 et
3230 916 3425 973 fortem

1844 1015 2104 1069 athletam
2132 1013 2459 1080 Artemium,
2486 1012 2603 1083 ipse
2638 1029 2738 1082 per
2766 1027 2827 1067 se
2857 1010 3156 1066 Antiochia:
3186 1026 3427 1080 praesens

1845 1115 2171 1176 praesentem
2206 1114 2430 1177 propter
2454 1104 2659 1162 Christi
2684 1104 3092 1161 confessionem
3126 1104 3428 1158 inhumane

1849 1199 2049 1269 puniit,
2106 1208 2163 1253 et
2195 1214 2282 1262 ea,
2317 1212 2480 1268 quam
2541 1196 2798 1263 habebat,
2848 1197 3086 1267 privavit
3136 1204 3427 1267 potestate,

1849 1307 1961 1346 non
1996 1290 2177 1345 ferens
2206 1290 2325 1360 ejus
2356 1289 2570 1344 dicendi
2602 1289 2909 1345 libertatem
2942 1297 2998 1344 et
3041 1288 3429 1343 constantiam.

1851 1382 2101 1437 Iulianus
2139 1382 2306 1445 enim,
2341 1397 2488 1443 cum,
2523 1392 2583 1436 ut
2612 1390 2891 1436 ostensum
2917 1390 3023 1444 est,
3054 1380 3428 1434 Romanorum

1854 1484 2173 1544 usurpasset
2220 1473 2533 1543 imperium.
2583 1474 2822 1526 maxime
2892 1471 3143 1526 studebat
3191 1470 3435 1541 gentium

1855 1580 2098 1621 errorem
2132 1565 2185 1617 in
2213 1576 2373 1617 suum
2402 1564 2581 1617 locum
2610 1563 2924 1617 restituere.
2955 1561 3011 1616 In
3040 1576 3230 1616 omnes
3255 1561 3437 1630 itaque

1856 1668 2035 1727 partes
2071 1655 2300 1714 mittens
2340 1655 2550 1709 litteras
2594 1654 2820 1723 jubebat
2866 1654 3092 1709 deorum
3150 1652 3351 1724 templa
3383 1661 3438 1706 et

1858 1749 2047 1802 altaria
2077 1757 2330 1817 prompto
2360 1757 2417 1801 et
2458 1746 2623 1800 alacri
2673 1746 2843 1800 animi
2900 1746 3081 1800 studio
3120 1745 3347 1808 exstrui,
3385 1754 3441 1797 et

1860 1855 2211 1911 quoscunque
2251 1840 2461 1895 reditus
2514 1854 2744 1908 magnus
2767 1838 3161 1893 Constantinus
3192 1837 3442 1892 attribuit

1859 1934 2133 1998 ecclesiis,
2167 1942 2222 1987 et
2251 1934 2372 2003 ejus
2398 1931 2538 1986 filius
2576 1930 2949 1995 Constantius,
2991 1944 3087 1985 eos
3115 1929 3341 1995 ademit,
3386 1938 3442 1983 et

1859 2021 2077 2090 templis
2102 2020 2448 2075 consecravit
2481 2017 2772 2082 idolorum,
2803 2032 2902 2087 pro
2946 2015 3241 2087 episcopis.
3290 2030 3443 2084 preso

1859 2112 2060 2182 byteris
2086 2120 2140 2164 et
2170 2110 2442 2172 diaconis,
2491 2108 2841 2162 constituens
2885 2108 3140 2170 aedituos,
3191 2117 3444 2173 asperso-

1856 2220 1964 2265 res,
2016 2202 2293 2258 sacrificos
2322 2209 2379 2254 et
2422 2200 2803 2269 canephoros,
2851 2208 2906 2253 et
2935 2208 3276 2267 quaecunque
3338 2207 3444 2247 no-

1858 2297 2005 2350 mina
2054 2311 2213 2365 nuga:
2248 2294 2542 2364 imponunt
2583 2290 2889 2362 gentilium.
2940 2290 3065 2344 Haec
3115 2287 3335 2358 quidem
3391 2293 3448 2338 et

1865 2387 1969 2441 alia
2009 2387 2215 2443 fiebant
2243 2383 2741 2453 ConstantinOpoli.

175 2469 432 2539 κλησίαις
485 2472 785 2541 προσόδους
842 2472 1136 2541 ἀπένειμε,
1194 2474 1288 2526 καὶ
1327 2477 1356 2527 6
1392 2474 1586 2528 τούτου
1668 2476 1783 2538 υίὸς
1847 2476 2244 2541 Κωνστὰντιος,
2310 2476 2518 2537 ταύτας
2572 2472 2811 2541 ἀφελὼν,
2867 2474 2983 2533 τοῖς
3036 2470 3147 2523 τῶν
3203 2467 3445 2522 εἰδώλων

174 2565 327 2626 ναοῖς
351 2563 679 2635 ἀφιέρωσεν,
710 2564 826 2617 ἀντ’
852 2565 1170 2617 ἐπισκόπων
1216 2567 1307 2617 καὶ
1360 2565 1755 2635 πρεσϐυτέρων
1818 2571 1913 2621 καὶ
1948 2568 2215 2620 διακόνων
2263 2568 2614 2636 καταστήσας
2662 2565 2952 2634 ζακόρῡυς.
2988 2562 3085 2615 καὶ
3118 2561 3447 2630 νεωκόρους.

179 2656 281 2710 καὶ
324 2657 547 2726 ράντας,
584 2656 679 2709 καὶ
714 2654 919 2722 θύτας,
982 2657 1078 2710 καὶ
1108 2658 1455 2726 κανηφόρους
1479 2697 1493 2723 ,
1525 2658 1618 2709 καὶ
1645 2658 1778 2721 ὅσας
1808 2661 1836 2711 6
1890 2659 2171 2729 ὲλληνικδς
2211 2657 2370 2719 ὕθλος
2409 2657 2733 2727 ἐπιφημίζει
2788 2656 3203 2728 προσωνυμίας.
3248 2652 3443 2709 Ταῦτα

183 2748 288 2818 μὶν
323 2752 417 2801 καὶ
450 2749 616 2818 ἓτερα
661 2748 1019 2821 διεπράττετο
1057 2750 1198 2803 κατὰ
1243 2749 1347 2820 τὴν
1403 2751 2003 2805 Κωνσταντινούπολιν.

262 2841 357 2895 ΙΒ¹.
382 2843 539 2895 Μετὰ
571 2844 628 2895 δὲ
653 2844 827 2899 ταῦτα
862 2844 1101 2913 μητέρος
1137 2843 1304 2896 αὑτοῦ
1346 2843 1574 2913 ἀδελφὸν
1603 2844 1763 2915 ἔχων,

184 2934 477 2992 Ἰουλιανὸν
508 2936 774 3005 τοῦνομα.
820 2936 920 3006 τὴν
964 2936 1059 2989 τοῦ
1112 2937 1553 3007 Χριστιανισμοῦ
1582 2939 1766 2991 πίστιν

184 3030 279 3081 διὰ
334 3028 433 3098 τὴν
475 3028 687 3081 ἐκείνου
744 3030 904 3099 χάριν
953 3029 1386 3101 ἐξομοσάμενον,
1426 3033 1521 3084 καὶ
1561 3032 1766 3099 πολλὴν

189 3121 331 3189 ὑπὲρ
384 3119 480 3172 τοῦ
528 3121 894 3191 Ἑλληνισμοῦ
936 3120 1250 3193 προθυμίαν
1293 3122 1765 3185 ἐπιδεικνύμενον,

1944 2847 2058 2901 XII.
2094 2847 2221 2901 Post
2254 2847 2373 2901 haec
2421 2856 2604 2899 autem
2649 2858 2771 2898 cum
2825 2842 3016 2897 matris
3062 2854 3176 2895 suae
3229 2838 3452 2894 haberet

1876 2939 2122 3004 fratrem,
2154 2940 2371 2994 nomine
2407 2939 2703 2999 Iulianum,
2753 2935 2845 3003 qui
2884 2944 2943 2988 ut
2985 2933 3061 2986 illi
3113 2931 3453 3002 gratiﬁcare-

1878 3044 1983 3098 tur,
2015 3034 2419 3088 ChriSLianismi
2478 3032 2636 3088 fidem
2691 3030 3061 3099 abiuraverat,
3120 3036 3175 3082 et
3224 3043 3322 3097 pro
3368 3041 3456 3080 er—

1878 3143 2000 3181 rore
2064 3129 2307 3196 gentium
2370 3126 2690 3180 ostendebat
2769 3131 3081 3192 promptum
3148 3129 3203 3173 et
3277 3118 3456 3173 alacre

187 3212 427 3281 ἄρχοντα
452 3212 549 3282 τῆς
582 3212 725 3283 ἑῴας
777 3214 836 3267 ὃν
891 3214 1121 3267 καλοῦσι
1176 3216 1395 3282 κόμητα
1436 3212 1769 3281 ἐξέπεμψεν,

1876 3219 2042 3273 animi
2087 3218 2353 3284 studium,
2407 3216 2590 3271 emisit
2651 3212 2891 3268 Orientis
2950 3222 3236 3272 rectorem,
3292 3224 3457 3278 quem

190 3302 596 3371 ἐντειλάμενος,
648 3305 718 3357 τὰ
773 3305 872 3373 μὲν
929 3306 1038 3356 τῶν
1080 3303 1390 3372 ἐκκλησιῶν
1468 3304 1776 3374 πράγματα

191 3392 399 3446 κακοῦν
441 3411 499 3446 τε
545 3394 641 3447 καὶ
695 3395 1065 3465 διαφθείρειν,
1114 3394 1394 3464 πανταχοῦ
1424 3394 1482 3446 δὲ
1540 3397 1635 3448 καὶ
1688 3396 1776 3449 διὰ

193 3486 374 3555 πάσης
406 3485 549 3550 ίδέας
568 3487 660 3541 τὸν
697 3487 1053 3557 Ἐλληνισμὸν
1084 3487 1272 3555 αῦξειν
1300 3506 1358 3541 τε
1382 3489 1477 3541 καὶ
1501 3488 1774 3561 ἐπαίρειν.

204 3576 267 3629 '0
294 3576 348 3630 δὲ
372 3580 715 3649 ἀφικόμενος
743 3583 800 3633 ἐν
832 3580 1134 3653 Ἀντιοχείᾳ
1151 3586 1413 3653 ἐπειρᾶτο
1433 3584 1633 3653 μείζων
1670 3583 1779 3636 τῶν

192 3671 601 3739 ἐντεταλμένων
628 3675 741 3733 τοῖς
790 3673 974 3742 ἔργοις
1008 3674 1318 3741 φαίνεσθαι,
1352 3676 1447 3727 καὶ
1494 3676 1557 3743 δὴ
1604 3692 1777 3744 προσ-

191 3764 517 3831 αφαιρεῖται
566 3761 668 3830 μὲν
734 3764 929 3817 πασῶν
963 3765 1073 3819 τῶν
1108 3766 1422 3837 ἐκκλησιῶν
1460 3769 1681 3824 ἅπαντα
1709 3769 1778 3823 τὰ

194 3853 481 3924 κειμήλια,
512 3856 615 3909 ὅσα
632 3857 690 3910 ὲν
712 3858 941 3929 ἀργύρῳ
970 3877 1029 3912 τε
1056 3860 1149 3913 καὶ⁵
1181 3860 1371 3930 χρυσῷ
1406 3863 1501 3913 καὶ
1529 3863 1780 3931 σηρικοίς

192 3948 486 4017 ὑφάσμασι
514 3950 760 4017 διετέλει,
795 3954 1080 4006 ἀποκλείει
1116 3950 1171 4006 δὲ
1205 3953 1299 4006 καὶ
1333 3954 1431 4015 τὰς
1463 3954 1776 4023 ἐκκλησίας,

189 4040 293 4095 τοῦ
335 4043 409 4112 μή
480 4060 605 4098 τινα
657 4046 939 4116 είσφοιτᾷν
983 4047 1040 4096 ἐν
1093 4044 1289 4107 αὐταῖς
1347 4045 1518 4116 εὐχῆς
1570 4044 1779 4110 ἕνεκα,

194 4136 423 4205 κλεῖθρα
469 4138 564 4190 καὶ
608 4139 861 4208 μυχχοὺς
905 4141 1017 4200 τοῖς
1052 4137 1289 4191 πολῶσιν
1313 4138 1610 4190 ἐπιϐαλών.
1666 4138 1779 4189 Καὶ

192 4226 371 4281 ταῦτα
404 4230 509 4298 μὲν
558 4230 702 4284 κατὰ
750 4231 848 4300 τὴν
875 4232 1152 4314 Ἀντιόχου
1201 4231 1358 4282 πόλιν
1387 4247 1399 4259 ·
1443 4230 1470 4281 ὀ
1494 4230 1592 4297 τῆς
1626 4229 1784 4282 Ἀνα-

191 4316 359 4383 τολῆς
421 4316 606 4386 ἄρχων
656 4320 964 4385 εἰργάζετο,
1024 4321 1051 4370 ὁ
1095 4318 1151 4369 δὲ
1196 4317 1446 4386 βασιλεὺς
1475 4316 1781 4383 Ἰουλιανὸς,

195 4408 281 4457 ἔτι
329 4407 472 4460 κατὰ
501 4406 600 4478 τὴν
627 4408 1206 4462 Κωνσταντινούπολιν
1242 4409 1443 4463 διεῖλκέ
1485 4428 1608 4463 τινα
1658 4412 1786 4481 χρό-

196 4518 315 4561 νον,
338 4499 406 4552 τὰ
427 4500 485 4551 ὲν
505 4500 681 4571 ταύτῃ
709 4501 1009 4570 κρατύνας,
1036 4506 1115 4564 είς
1137 4506 1275 4570 ὅπερ
1306 4502 1521 4571 ἐνόμιζε
1549 4504 1785 4573 μάλιστα

1877 3321 2075 3367 vocant
2106 3310 2381 3370 comitem.
2409 3308 2609 3379 jubens
2640 3315 2801 3361 utres
2830 3303 3048 3375 quidem
3102 3301 3455 3357 ecclesiarum

1879 3412 2101 3457 vexaret
2134 3412 2190 3456 et
2217 3402 2489 3469 perderet,
2525 3400 2726 3468 ubique
2752 3408 2931 3453 autem
2971 3405 3025 3449 et
3067 3395 3217 3449 omni
3250 3394 3460 3446 ratione

1877 3509 2120 3547 errorem
2153 3493 2395 3563 gentium
2433 3501 2659 3560 augeret
2686 3499 2743 3543 et
2792 3488 3097 3543 extolleret.
3150 3485 3242 3539 Ille
3296 3484 3459 3554 igitur

1879 3603 2001 3643 cum
2028 3585 2271 3641 venisset
2305 3582 2677 3646 Antiochiam,
2729 3582 3034 3635 conabatur
3072 3578 3249 3646 reipsa
3304 3575 3460 3646 plura

1880 3689 2158 3748 praestare,
2225 3692 2386 3745 quam
2436 3677 2483 3729 ei
2549 3674 2727 3729 fuerat
2773 3673 3118 3743 imperatum.
3168 3669 3234 3723 Et
3286 3668 3462 3723 eccle-

1882 3773 1979 3825 siis
2008 3769 2226 3840 quidem
2260 3769 2438 3825 aufert
2468 3780 2812 3837 qumcunque
2863 3764 3139 3818 habebant
3193 3761 3457 3831 pretiosa,

1885 3874 1989 3917 tarn
2024 3866 2075 3917 in
2112 3874 2335 3934 argento
2369 3872 2419 3917 et
2446 3878 2599 3923 auro,
2639 3876 2800 3928 quam
2838 3860 2893 3912 in
2946 3858 3137 3913 sericis
3170 3856 3463 3911 vestimen-

1884 3957 1970 4011 tis.
2005 3956 2145 4021 Quin
2167 3956 2332 4009 etiam
2372 3954 2574 4009 claudit
2602 3951 2882 4012 ecclesias,
2925 3966 2995 4004 ne
3019 3950 3141 4020 quis
3166 3951 3218 4004 in
3254 3965 3347 4004 eas
3374 3949 3460 4003 in-

1885 4050 2202 4120 grederetur
2260 4047 2523 4118 precandi
2582 4060 2765 4108 causa,
2816 4043 3071 4097 claustris
3123 4053 3178 4096 et
3215 4041 3466 4096 vectibus

1881 4147 2063 4215 januis
2088 4144 2370 4213 impositis.
2404 4142 2469 4195 Et
2499 4143 2615 4197 haec
2642 4141 2864 4211 quidem
2889 4138 3195 4195 Antiochiae
3228 4138 3466 4193 faciebat

1887 4250 2070 4291 comes
2119 4235 2383 4289 Orientis.
2441 4233 2740 4303 Imperator
2792 4243 2975 4285 autem
3024 4232 3274 4287 Julianus
3318 4233 3463 4285 t‘on-

1890 4325 2245 4396 stantinopoli
2285 4326 2508 4393 aliquod
2538 4325 2717 4379 adhuc
2758 4318 3077 4378 morabatur
3114 4334 3350 4391 tempus,
3380 4338 3467 4377 res

1888 4420 2217 4476 cnnfirmans
2243 4428 2294 4473 et
2329 4419 2712 4482 corroborans,
2748 4426 2911 4488 prout
2947 4416 2996 4472 ei
3041 4415 3277 4473 maxime
3300 4429 3467 4482 expc-

1888 4511 2004 4565 dire
2040 4508 2321 4564 videbatur
2344 4508 2573 4579 imperio
2608 4526 2620 4561 :
2652 4516 2706 4562 et
2756 4517 2814 4561 ut
2861 4522 3020 4561 error
3061 4504 3304 4577 gentium
3354 4520 3469 4559 ma-

192 4599 262 4662 τῇ
300 4591 549 4662 βασιλεία
563 4594 886 4665 συμφέρειν,
914 4597 1007 4647 καὶ
1036 4597 1164 4657 ὅπος
1193 4597 1218 4647 ὁ
1256 4594 1609 4666 Ἑλληνισμὸς
1637 4598 1769 4666 αὐτᾷ

1891 4602 2087 4671 gniﬂce
2150 4602 2542 4663 extolleretur,
2610 4600 2967 4654 considerans
3039 4607 3091 4652 et
3145 4611 3464 4666 procurans.

195 4689 344 4757 πρὸς
413 4690 475 4741 τὺ
538 4687 959 4757 μεγαλειότερον
1017 4688 1219 4758 ἐξαρθῇ
1290 4689 1513 4740 σκοπῶν
1571 4706 1627 4740 τε
1692 4690 1784 4740 καὶ

199 4782 758 4851 πραγματευόμενος.
797 4782 969 4851 ’Δρας
998 4777 1090 4833 οὖν
1120 4784 1183 4833 ἐκ
1216 4782 1311 4850 τῆς
1346 4784 1785 4835 Κωνσταντινου-

198 4876 417 4935 πόλεως
450 4873 547 4925 σὺν
574 4875 739 4927 παντὶ
786 4874 865 4943 τῷ
914 4875 1131 4945 στρατῷ
1178 4875 1276 4946 τὴν
1318 4875 1410 4927 ἐπὶ
1440 4874 1538 4942 τῆς
1588 4875 1786 4945 Συρίας

192 4970 449 5021 ἐποιεῖτο
474 4967 613 5019 ὀδόν.

277 5060 377 5114 II".
409 5058 647 5113 Διελθὼν
662 5059 845 5113 τοίνυν
868 5062 1087 5114 ἃπασαν
1119 5060 1217 5129 τὴν
1240 5060 1505 5127 Φρυγίαν,
1533 5060 1628 5113 καὶ
1652 5060 1787 5129 πρὸς

189 5155 300 5222 τὴν
332 5153 568 5223 ἐσχάτην
596 5152 768 5219 αὐτῆς
794 5155 949 5207 πόλιν
974 5155 1034 5205 τί)
1056 5154 1392 5217 καλούμενον
1412 5152 1626 5205 Ἰκόνιον
1654 5169 1788 5205 κατ-

190 5245 479 5313 αντήσας,
556 5247 796 5309 ἐξέκλινε
834 5247 931 5317 τὴν
989 5248 1261 5315 Ίσαυρίαν
1307 5242 1643 5299 καταλιπών.
1686 5244 1790 5298 Καὶ

187 5342 295 5387 τὸν
336 5335 633 5405 λεγόμενον
660 5339 875 5407 Ταῦρον
912 5338 1269 5409 ὑπεραναϐἁς
1309 5356 1321 5368 ·
1369 5335 1533 5407 ἦλθεν
1562 5337 1652 5388 ἐπὶ
1690 5338 1792 5399 τὰς

190 5428 398 5490 πόλεις
429 5426 529 5494 τῆς
559 5429 835 5495 Κιλικίας,
872 5430 963 5482 καὶ
1003 5431 1080 5499 τῷ
1128 5429 1355 5498 σταθμῷ
1397 5428 1789 5497 προσπελάσας

186 5520 281 5587 τῷ
318 5520 380 5570 tv
416 5517 572 5587 Ἰσσῷ
605 5520 773 5574 αὐτοῦ
808 5539 911 5575 που
939 5525 1280 5589 κατασκηνοί
1303 5561 1317 5585 ,
1367 5520 1459 5573 τὸν
1504 5521 1567 5571 ὲκ
1606 5522 1792 5573 Μακε-

185 5612 390 5673 δονίας
442 5610 794 5679 Ἀλέξανδρον
828 5615 1207 5683 μιμησάμενος
1244 5629 1257 5645 ο
1301 5611 1489 5665 αὐτόθι
1537 5611 1647 5679 γὰρ
1694 5614 1791 5666 κά-

189 5704 388 5762 κεῖνος
425 5704 482 5755 ἐν
520 5702 675 5774 Ἰσσῴ
726 5703 817 5755 τὸν
854 5706 985 5773 πρὸς
1014 5708 1238 5776 Δαρεῖον
1263 5706 1353 5758 τὸν
1388 5704 1791 5773 Περσῶνβασιο

188 5793 303 5845 λέα
339 5795 710 5865 συνεκρότησε
741 5794 997 5865 πόλεμον,
1027 5802 1121 5849 καὶ
1152 5796 1339 5850 τοῦτον
1365 5797 1616 5866 νικήσας,
1678 5799 1794 5849 ἐπί-

188 5900 393 5956 σημον
442 5884 534 5940 τὸν
588 5890 751 5945 τόπον
786 5888 1080 5956 εἰργάσατο
1164 5889 1371 5945 ἐκεῖθεν
1425 5889 1513 5942 τὸν
1560 5889 1792 5943 Ἰσσικδν

1890 4694 2081 4748 Postea
2143 4708 2273 4746 vero
2319 4692 2605 4746 discedens
2644 4690 3123 4759 Constantinopoli
3176 4704 3301 4743 cum
3347 4687 3469 4741 uni-

1891 4799 2049 4838 verso
2087 4784 2353 4845 exercitu,
2392 4783 2494 4835 iter
2518 4782 2749 4837 faciebat
2784 4783 2838 4834 in
2867 4780 3101 4851 Syriam.

1962 5056 2104 5113 XIII.
2154 5055 2288 5108 Cum
2335 5054 2516 5123 itaque
2564 5054 2874 5108 universam
2928 5051 3257 5120 pervasisset
3303 5048 3470 5119 Phry-

1891 5151 2051 5220 giam,
2082 5156 2135 5200 et
2172 5147 2237 5201 ad
2270 5147 2389 5217 ejus
2430 5146 2674 5200 ultimam
2709 5144 2949 5197 venisset
3006 5142 3307 5203 civitatem,
3349 5156 3470 5209 qua:

1893 5252 2117 5297 vocatur
2144 5241 2406 5303 Iconium,
2436 5239 2731 5293 declinavit
2760 5237 2948 5292 relicta
2988 5235 3215 5290 Isauria.
3245 5235 3309 5288 Et
3343 5249 3467 5287 curn

1894 5334 2157 5397 Taurum,
2184 5334 2273 5401 qui
2300 5331 2522 5391 dicitur,
2557 5337 2891 5400 superasset,
2927 5327 3076 5381 venit
3122 5327 3188 5379 ad
3221 5324 3472 5379 civitates

1892 5427 2115 5483 Ciliciae.
2154 5426 2291 5479 Cum
2324 5438 2453 5477 vero
2503 5422 2829 5477 accessisset
2878 5421 2944 5475 ad
2988 5419 3303 5481 stationem,
3351 5433 3473 5484 qua:

1894 5530 1978 5575 est
2010 5522 2061 5573 in
2094 5519 2224 5578 Isso,
2257 5517 2365 5570 illic
2391 5525 2829 5577 castrametatur,
2860 5510 3211 5566 Macedonem
3244 5510 3473 5563 Alexan-

1894 5615 2051 5671 drum
2083 5612 2349 5665 imitatus.
2395 5609 2529 5663 Nam
2574 5609 2664 5661 ille
2702 5623 2919 5677 quoque
2948 5604 2999 5657 in
3054 5603 3165 5658 Isso
3199 5617 3324 5657 cum
3370 5601 3475 5655 Da-

1897 5702 1980 5757 rio
2013 5717 2136 5771 rege
2173 5700 2459 5755 Persarum
2510 5697 2785 5752 commisit
2836 5693 3105 5764 praelium.
3155 5693 3274 5757 Quo
3306 5692 3470 5753 victo,

1899 5794 2075 5847 locum
2112 5792 2347 5847 reddidit
2382 5790 2667 5860 insignem.
2724 5786 2873 5840 Illinc
2927 5786 3109 5840 sinum
3174 5782 3475 5837 transmisit

1900 5887 2147 5953 Issicum,
2175 5894 2229 5942 et
2262 5883 2405 5941 venit
2442 5880 2806 5946 Antiochiam,
2840 5881 2971 5932 iram
3021 5876 3239 5950 spirans
3281 5875 3473 5929 advero
