3990 6442
562 391 701 455 1179

1826 380 2106 442 MENSIS
2143 378 2507 441 OCTOBEH.

3704 374 3835 447 1180

567 501 703 554 curii
737 497 935 562 verbis,
965 514 1088 568 qua:
1124 514 1155 552 a
1186 499 1335 553 vobis
1365 501 1585 569 quidem
1619 501 1673 554 in
1700 501 1911 556 honore
1940 497 2141 552 haben-

2256 497 2476 566 σαπρῶν
2498 514 2555 549 τε
2584 498 2677 549 καὶ
2706 496 2982 550 όδωδότων
3002 495 3201 567 Ἑρμοῦ
3237 496 3526 566 ῥημάτων,
3560 495 3677 548 τῶν
3712 494 3839 564 παρ’

566 606 674 655 tur,
702 594 811 659 jam
843 602 1026 647 autem
1059 594 1152 647 diu
1182 602 1307 647 ante
1342 600 1672 662 putt-uerunt
1700 603 1754 648 et
1780 589 2148 647 eﬂluxerunt?

562 680 753 750 Neque
787 684 935 737 enim
968 683 1035 738 de
1065 684 1204 738 vivis
1227 682 1307 739 fas
1332 693 1417 739 est
1449 700 1639 755 rogare
1669 694 1914 739 mortuos
1943 683 2030 746 iis,
2052 680 2143 750 qui

563 791 629 828 ex
663 775 864 830 divinis
895 776 1126 847 eloquiis
1156 778 1360 832 habent
1408 793 1565 833 veros
1604 788 1889 849 martyres,
1920 776 2013 846 qui
2046 776 2143 830 ad-

562 878 788 923 ventum
819 869 1019 923 Christi
1056 880 1114 924 et
1147 870 1486 925 divinitatem
1516 870 1975 940 praanuntiarunt.

632 1046 795 1101 XVII.
840 1049 1171 1120 Pythagoras
1220 1060 1424 1113 autem,
1456 1054 1547 1121 qui
1600 1064 1761 1107 secta:
1813 1054 2011 1106 ltalicze
2043 1051 2142 1108 fuit

557 1147 750 1191 auctor
780 1148 831 1193 et
868 1140 1145 1210 princeps,
1176 1144 1306 1212 quid
1360 1161 1615 1214 magnum
1659 1155 1715 1198 et
1760 1146 2137 1198 admirandum

560 1226 710 1289 fecit,
743 1236 825 1281 ter
854 1229 906 1281 in
944 1231 1105 1283 vitam
1140 1234 1483 1300 productus?
1507 1235 1587 1287 An
1621 1235 1763 1302 quod
1787 1250 1909 1289 cum
1944 1234 2139 1289 fuisset

557 1315 841 1387 Olympiae,
874 1328 931 1371 ut
958 1335 1054 1373 vos
1078 1322 1280 1382 dicitis.
1318 1338 1545 1376 aureum
1574 1339 1731 1378 suum
1760 1323 1938 1378 femur
1959 1335 2141 1378 osten-

558 1411 638 1464 dit
673 1410 1079 1467 Hellanodicis?
1123 1412 1216 1467 Vel
1251 1414 1395 1483 quod
1442 1415 1779 1487 mugientem
1825 1417 2019 1470 bovem
2051 1432 2140 1469 sa-

559 1502 900 1559 crificaturus
928 1524 939 1558 :
981 1504 1179 1569 Habet,
1211 1507 1408 1577 inquit,
1442 1510 1679 1563 animam
1705 1511 1803 1563 viri
1841 1510 1971 1563 mihi
2002 1510 2139 1564 ami-

558 1596 787 1662 cissimi,
834 1608 888 1652 et
937 1615 1033 1668 per
1082 1602 1347 1669 mugitum
1397 1618 1482 1657 me
1525 1604 1723 1659 salutat
1770 1603 1997 1658 infelix?
2030 1604 2135 1657 Sen

557 1689 703 1755 quod
756 1693 1013 1759 aquilam,
1052 1710 1173 1762 quae
1224 1696 1455 1749 sublime
1486 1697 1718 1762 volabat,
1753 1714 1850 1766 per
1887 1699 2138 1753 incanta—

561 1784 763 1837 tionem
795 1785 922 1840 fecit
952 1787 1147 1841 cadere
1180 1789 1231 1841 in
1262 1791 1504 1842 terram?
1535 1790 1659 1844 llaec
1689 1790 1951 1844 miracula
1984 1789 2135 1850 fecit,

559 1891 682 1929 cum
713 1887 858 1930 esset
904 1876 1162 1948 Olympia:
1197 1890 1276 1935 ter
1306 1882 1523 1951 genitus
1552 1881 1903 1953 Pythagoras,
1944 1885 2138 1938 insano

560 1968 743 2035 gloriae
772 1984 957 2023 amore
990 1981 1201 2040 captus.
1240 1984 1294 2028 et
1329 1975 1541 2029 visione
1570 1978 1684 2031 haec
1724 1979 2141 2047 apprehendens

562 2068 644 2112 ter
678 2060 887 2130 infelix,
916 2064 1007 2132 qui
1036 2066 1456 2135 quaternioneiu
1506 2069 1889 2138 jusjurandum
1933 2073 2143 2126 consti.

560 2153 764 2218 luebat,
799 2166 850 2209 et
880 2172 1003 2210 eum
1039 2158 1257 2213 dicebat
1287 2160 1489 2215 fontem
1528 2173 1751 2217 aeternae
1782 2179 2013 2231 naturae,
2048 2167 2142 2235 qui

558 2246 711 2301 fabas
738 2248 951 2302 colebat
1005 2261 1228 2319 propter
1275 2268 1411 2321 quas
1449 2255 1632 2323 periit,
1670 2272 1792 2309 cum
1824 2258 1937 2311 suis
1980 2259 2139 2313 Iami-

558 2338 785 2391 liaribus
808 2340 970 2392 simul
994 2344 1252 2406 expulsus
1274 2359 1301 2395 a
1334 2344 1669 2400 Tarentinis.
1703 2346 1839 2399 Nam
1867 2363 1988 2401 cum
2020 2349 2141 2401 nol-

558 2429 631 2483 let
668 2430 881 2485 calcare
910 2434 1106 2496 locum,
1139 2435 1189 2487 in
1220 2452 1327 2505 quo
1359 2437 1491 2493 fabae
1530 2448 1689 2493 erant
1724 2440 2003 2507 dispersae,
2041 2441 2143 2496 ibi-

557 2518 680 2572 dem
713 2522 1043 2576 interlicitur
1094 2541 1217 2578 cum
1253 2525 1614 2582 familiaribus
1649 2538 1704 2583 et
1736 2529 2041 2600 discipulis,
2086 2542 2143 2586 et

559 2618 901 2674 consumitur
938 2622 1006 2675 ab
1056 2622 1314 2677 inimicis.
1352 2624 1577 2680 Theano
1622 2637 1806 2683 autent
1854 2630 1969 2698 ejus
2005 2645 2142 2684 uxor

557 2714 613 2758 et
658 2706 943 2777 discipula,
994 2727 1117 2766 cum
1172 2714 1341 2769 nollet
1388 2717 1571 2771 dicere
1618 2734 1862 2785 causam,
1915 2729 2141 2788 propter

558 2813 720 2866 quam
758 2800 875 2855 faba
910 2820 1018 2857 non
1053 2817 1371 2873 vescuntur,
1425 2810 1540 2879 ipsa
1590 2826 1831 2879 quoque,
1873 2812 1919 2864 ei
1957 2810 2139 2880 lingua

560 2900 860 2959 amputata.
904 2895 1213 2963 perimitur.

630 3073 814 3129 XVIII.
865 3075 989 3130 Haec
1015 3087 1143 3131 sunt
1182 3082 1493 3148 sapientum
1540 3081 1992 3151 philosophorum
2031 3083 2141 3151 pri-

2250 588 2380 656 ὑμῖν
2429 591 2795 658 τιμωμένων,
2838 589 2939 660 ήδη
2984 589 3093 658 πρὸ
3127 588 3323 640 πολλοῦ
3369 588 3707 656 σεσηπότων
3745 587 3835 640 καὶ

2249 678 2713 749 ἀπερειυηκότωνς
2779 681 2901 733 οὐδὲ
2950 680 3061 750 γάρ
3094 681 3242 733 ὅσιον
3282 681 3409 749 περὶ
3449 678 3564 731 τῶν
3611 679 3836 743 ζώντων

2246 772 2462 841 ἐρωτᾷν
2497 774 2625 833 τοὺς
2651 775 2900 842 νεκροὺς,
2933 772 3249 843 ἔχοντας-ὲκ
3280 772 3389 823 τῶν
3421 770 3719 837 θεοσόιρων
3746 770 3831 822 λο-

2246 866 2384 929 γίων
2416 865 2543 926 τοὺς
2582 863 2808 930 ἀληθεῖς
2852 865 3134 933 μάρτυρας
3160 905 3174 925 ,
3232 864 3280 915 οῖ
3317 863 3417 931 τήν
3449 862 3547 915 τοῦ
3590 860 3832 931 Χριστοῦ

2245 956 2550 1027 παρουσίαν
2585 974 2644 1009 τε
2681 956 2777 1008 καὶ
2816 954 3049 1024 θεότητα
3092 954 3606 1023 προκατήγγειλαν.

2320 1046 2417 1102 IZ'.
2457 1046 2867 1118 Πυθαγόραςδὲ
2893 1050 2922 1100 6
2947 1047 3049 1113 τῆς
3088 1046 3358 1112 Ἰταλικῆς
3398 1046 3697 1113 κατάρξας
3750 1044 3821 1097 αῖ-

2246 1142 2451 1212 ρέσεως
2498 1142 2551 1193 τί
2605 1144 2745 1211 μέγα
2791 1141 2886 1193 καὶ
2925 1140 3242 1208 θαυμαστὸν
3290 1141 3349 1191 ἐν
3382 1138 3463 1205 τῷ
3528 1136 3630 1206 βίῳ
3668 1152 3833 1205 προσ-

2245 1231 2556 1302 παραχοεὶς
2589 1232 2993 1302 ἀπειργάσατο,
3049 1232 3082 1300 ἢ
3115 1231 3199 1282 ὅτι
3242 1233 3299 1281 ἐν
3349 1228 3631 1295 Ὀλυμπίᾳ
3680 1226 3832 1294 γενόο

2250 1340 2437 1393 μενος,
2468 1323 2545 1387 ὼς
2592 1326 2752 1393 ὑμεῖς
2802 1341 2963 1392 φατε,
2991 1324 3227 1395 χρυσοῦν
3271 1323 3361 1375 τδν
3410 1320 3613 1373 ἐαυτοῦ
3652 1319 3831 1388 μηρὸν

2239 1422 2353 1481 τοῖς
2385 1419 2789 1483 Ἑλλανοδίκαις
2820 1420 3065 1485 ὑπέδειξε
3092 1438 3106 1485 ;
3141 1419 3234 1471 καὶ
3264 1418 3393 1488 βοῦν
3430 1415 3665 1468 θύεσθαι
3709 1412 3833 1482 μέλ-

2239 1512 2401 1563 λοντα
2438 1512 2826 1581 μυκησάμενον
2852 1530 2868 1545 ο
2918 1513 3155 1581 Ἀνδρος,
3193 1509 3519 1579 ἔφη,ψυχὴν
3553 1510 3682 1577 ἐμοὶ
3717 1506 3835 1574 cpt?

2238 1606 2407 1660 τάτου
2437 1606 2726 1675 κέκτηται,
2768 1608 2866 1660 καὶ
2904 1605 2993 1659 διὰ
3048 1605 3141 1658 τοῦ
3184 1606 3509 1674 μυκήματος
3556 1618 3834 1672 προσαγο-

2243 1696 2394 1766 ρεύει
2428 1714 2495 1766 με
2532 1699 2561 1750 6
2602 1696 2971 1767 ταλαίπωρος,
2995 1695 3093 1749 καὶ
3126 1695 3286 1748 ἀετὸν
3322 1696 3381 1746 ἐν
3424 1692 3553 1760 ὕψει
3584 1710 3833 1744 καταπε-

2245 1790 2473 1859 τόμενον
2499 1791 2568 1843 δι’
2607 1791 2819 1862 ἐπῳδῆς
2853 1791 3191 1843 καταπεσεῖν
3232 1788 3324 1840 ἐπὶ
3360 1787 3464 1856 γῆς
3506 1784 3826 1853 nemina;

2249 1883 2438 1935 Ταῦτα
2479 1884 2507 1936 6
2530 1884 2651 1952 τρὶς
2673 1882 2957 1951 γεννηθεὶς
2987 1880 3431 1949 ἐθαυματούργει
3464 1878 3522 1931 ἐν
3553 1876 3834 1943 Ὀλυμπίᾳ

2247 1978 2553 2045 γενόμενος,
2596 1974 2907 2045 δοξομανῶν
2938 1974 3034 2026 καὶ
3085 1972 3558 2042 φαντασιούμενος
3600 1972 3626 2023 6
3668 1986 3832 2037 τρισ-

2245 2068 2454 2133 άθλιος,
2488 2072 2515 2122 ό
2541 2069 2639 2137 τήν
2668 2069 2976 2136 τετρακτὺν
3005 2068 3169 2135 ὅρκον
3206 2064 3492 2131 τιθέμενος
3560 2063 3656 2114 καὶ
3699 2062 3830 2114 ταύ-

2246 2180 2347 2229 την
2388 2162 2614 2229 φάσκων
2651 2161 2837 2229 πηγὴν
2900 2157 3129 2211 ἁεννάου
3174 2156 3410 2225 φύσεως,
3460 2159 3488 2207 6
3517 2156 3640 2216 τοὺς
3690 2155 3829 2207 κυά-

2249 2272 2385 2322 μους
2414 2253 2732 2322 σεϐόμενος,
2776 2252 2842 2305 δι’
2876 2251 2969 2315 οὓς
3009 2250 3260 2305 ἀπώλετο
3310 2248 3449 2318 μετὰ
3505 2247 3615 2301 τῶν
3657 2246 3827 2299 αὐτοῦ

2246 2345 2521 2414 ἑταίρων,
2571 2345 2678 2399 ὑπὸ
2724 2344 2835 2399 τῶν
2881 2345 3235 2413 Ταραντίνων
3302 2340 3775 2405 συνελαυνόμενος
3807 2354 3824 2368 ·

2248 2440 2323 2507 μὴ
2378 2436 2707 2506 βουλόμενος
2749 2437 2861 2506 γὰρ
2907 2436 2998 2487 τὸν
3048 2437 3212 2487 τόπον
3261 2434 3532 2501 πατῆσαι,
3577 2434 3636 2483 ἐν
3666 2423 3711 2498 ᾧ
3774 2430 3822 2480 οἱ

2247 2530 2449 2597 κύαμοι
2503 2528 2839 2598 ἐσπαρμένοι
2904 2527 3227 2596 ἐτύγχανον,
3292 2523 3458 2577 αὐτοῦ
3506 2524 3657 2591 μετα
3716 2522 3823 2573 τῶν

2244 2620 2481 2688 ἑταίρων
2540 2619 2635 2674 καὶ
2696 2618 2957 2689 μαθητῶν
3003 2617 3446 2684 κατασφάττεται
3481 2656 3495 2676 ,
3556 2612 3653 2664 καὶ
3715 2610 3822 2661 τῶν

2245 2712 2453 2781 ἐχθρῶν
2493 2713 2704 2781 γίνεται
2748 2712 3147 2781 παρανάλωμα.
3204 2707 3396 2759 Θεανὼ
3440 2706 3497 2757 δὲ
3541 2706 3569 2773 ἡ
3624 2704 3817 2756 τούτου

2244 2802 2458 2872 γαμετή
2490 2805 2585 2855 καὶ
2620 2803 2900 2872 μαθήτρια
2921 2842 2935 2861 ,
2967 2802 3042 2870 μὴ
3096 2799 3331 2853 θέλουσα
3356 2798 3453 2867 τὴν
3489 2796 3676 2849 αἰτίαν
3700 2811 3824 2847 κατα

2244 2896 2422 2947 ειπεῖν
2476 2894 2544 2947 δι’
2587 2895 2652 2965 ήν
2682 2892 2771 2947 τὸν
2800 2892 3016 2963 κύαμον
3040 2891 3141 2944 οὑκ
3166 2890 3429 2949 ἐσθίουσι,
3453 2888 3556 2957 τὴν
3579 2887 3822 2954 γλῶτταν

2245 2985 2583 3054 ἐκτμηθείσα
2606 2986 2905 3054 πρότερον,
2939 2987 3031 3037 καὶ
3050 2983 3190 3052 αὐτὴ
3244 2979 3720 3050 προσαπόλλυται.

2320 3074 2424 3130 IH'.
2468 3072 2661 3126 Ταῦτα
2693 3075 2801 3125 τῶν
2839 3072 3022 3139 σοφῶν
3070 3072 3379 3138 φιλοσόφων
3427 3068 3500 3121 τά
3554 3070 3826 3137 προτερή-

560 3165 772 3235 vilegia,
808 3167 898 3236 qui
944 3168 1027 3222 bis
1062 3180 1118 3223 et
1170 3180 1253 3227 ter
1303 3182 1431 3226 sunt
1476 3174 1666 3241 geniti,
1705 3184 1763 3227 ut
1798 3176 1913 3242 ipse
1952 3174 2134 3228 dixisti

2251 3186 2415 3238 ματα,
2450 3169 2559 3221 τῶν
2595 3168 2677 3229 δίς
2701 3166 2797 3219 καὶ
2827 3166 2947 3235 τρὶς
2975 3164 3345 3233 γεννηθέντων
3368 3162 3443 3224 ὠς
3471 3162 3639 3223 αὐτὸς
3702 3163 3825 3230 ἐρη-

559 3259 818 3311 oratorie.
884 3259 974 3312 Illa
1032 3271 1213 3314 autem
1275 3272 1402 3316 sunt
1428 3264 1531 3316 mei
1589 3264 1792 3318 Christi
1858 3264 2139 3329 miracula,

563 3360 787 3418 propter
817 3354 1033 3420 generis
1065 3352 1290 3407 humani
1336 3354 1565 3408 salutem
1608 3366 1663 3410 et
1714 3356 2135 3411 restitutionem.

563 3442 624 3493 Et
659 3442 987 3512 Pythagoras
1018 3445 1235 3512 quidem
1269 3455 1324 3500 et
1353 3446 1654 3502 Mercurius
1702 3447 1990 3501 hominum
2016 3447 2140 3501 ani-

562 3548 676 3585 mas
707 3534 987 3587 deducunt
1032 3536 1098 3590 ad
1143 3536 1473 3604 profundum
1520 3536 1840 3599 inferorum,
1877 3538 2141 3605 quasdam

559 3642 748 3680 earum
780 3624 1286 3697 transmigrationes
1315 3636 1368 3681 et
1401 3627 1769 3681 traductiones
1794 3629 2142 3684 introducen-

564 3730 667 3780 tes,
701 3718 994 3785 aliquando
1026 3719 1242 3786 quidem
1277 3720 1331 3771 in
1373 3721 1631 3772 animalia
1675 3721 1905 3774 rationis
1951 3736 2144 3790 exper-

562 3810 633 3861 tia
692 3818 744 3862 et
768 3808 969 3863 bestias
1001 3823 1092 3862 eas
1128 3807 1513 3863 traducentes:
1549 3809 1838 3879 aliquando
1876 3820 2053 3865 autem
2085 3812 2141 3867 in

560 3900 738 3968 pisces
762 3908 817 3953 et
842 3901 1083 3968 plantas;
1117 3909 1169 3952 et
1201 3899 1334 3953 alias
1360 3898 1623 3968 quasdam
1654 3901 2029 3957 revocationcs
2087 3912 2142 3957 et

560 3993 799 4048 ambitus
846 3992 1134 4063 tingentes.
1168 3991 1422 4046 Christus
1464 4001 1669 4059 autem,
1714 4003 1773 4047 ut
1809 3993 1950 4047 Deus
1983 4010 2144 4049 verus

560 4096 619 4140 et
649 4095 907 4150 aeternus,
956 4099 1081 4139 cum
1117 4083 1356 4137 animam
1403 4083 1624 4139 fecisset
1669 4086 2054 4151 immortalem,
2088 4095 2145 4141 et

565 4180 702 4236 senii
737 4186 1015 4246 expertem
1057 4176 1262 4242 divino,
1296 4174 1390 4245 qui
1418 4174 1521 4229 fuit
1546 4176 1614 4229 ab
1646 4176 1824 4241 initio,
1863 4179 2059 4248 spiritu
2090 4189 2145 4236 et

565 4270 952 4332 insulilatione,
987 4268 1207 4337 quando
1236 4267 1533 4323 fabricatus
1567 4267 1669 4322 fuit
1694 4267 1933 4337 primum
1968 4271 2145 4324 homi-

566 4381 691 4419 nem
720 4368 801 4434 (ut
845 4365 1038 4426 divini,
1091 4375 1146 4416 et
1180 4377 1320 4432 quos
1369 4378 1532 4416 nemo
1576 4372 1757 4432 potest
1801 4363 2143 4431 calumniari,

2243 3262 2536 3330 τόρευσας,
2570 3261 2803 3313 κάκεῖνα
2855 3257 2951 3311 τοῦ
2996 3256 3134 3328 ἐμοῦ
3172 3254 3414 3326 Χριστοῦ
3446 3254 3540 3305 ἐπὶ
3583 3252 3825 3320 σωτηρίᾳ

2244 3353 2338 3406 καὶ
2358 3351 2657 3420 ἀνακλήσει
2682 3351 2777 3404 τοῦ
2814 3350 2920 3403 τῶν
2963 3348 3270 3420 ἀνθρώπων
3313 3346 3507 3417 γένους
3530 3347 3598 3398 τά
3628 3362 3821 3418 τερατ-

2241 3446 2594 3516 ουργήματα.
2668 3445 2779 3497 Καὶ
2820 3442 3147 3511 Πυθαγόρας
3182 3442 3283 3511 μὲν
3331 3441 3425 3494 καὶ
3464 3437 3682 3508 Ἐρμῆς
3731 3438 3825 3498 τὰς

2247 3540 2356 3590 τῶν
2388 3536 2485 3589 ἀνθ
2502 3537 2701 3605 ρώπων
2723 3536 2905 3603 ψυχάς
2961 3536 3040 3595 είς
3070 3534 3162 3585 τὸν
3198 3533 3326 3602 ᾅδου
3368 3531 3632 3599 πυθμένα
3666 3532 3829 3582 κατά-

2252 3647 2437 3701 γουσι,
2478 3628 2935 3700 μετεμψυχώσεις
2973 3627 3035 3698 δή
3083 3643 3243 3689 τινας
3280 3625 3377 3679 καὶ
3410 3625 3823 3694 μεταγγισμοὺς

2247 3726 2705 3796 παρεισάγοντες,
2740 3722 2872 3774 ποτέ
2908 3723 3006 3791 μέν
3032 3723 3113 3783 εἷς
3145 3720 3316 3787 ἄλογα
3353 3718 3470 3782 ζῶα
3509 3718 3608 3771 καὶ
3665 3716 3824 3786 θηρία

2244 3819 2447 3880 ταύτας
2478 3812 2975 3886 μεταϐιϐάζοντες,
3012 3813 3142 3864 ποτὲ
3166 3814 3336 3874 δέείς
3373 3812 3529 3881 ἰχθῦς
3555 3812 3653 3863 καὶ
3686 3810 3825 3878 φυτά

2248 3915 2341 3969 καὶ
2400 3912 2572 3974 ἄλλας
2627 3909 2784 3973 τινας
2840 3906 3323 3977 ἐπανακυκλήσεις
3381 3906 3479 3959 καὶ
3541 3906 3828 3975 περιόδους

2248 4005 2640 4067 κατασπῶντες
2699 4006 2874 4067 αὑτὰς
2930 4004 3026 4057 xci.
3086 3999 3586 4074 ἀπορῤαπίζοντες.
3670 3999 3729 4053 '0
3777 3998 3829 4050 δὲ

2246 4098 2505 4170 Χριστὸς,
2538 4096 2666 4150 καθ’
2702 4096 2730 4148 6
2756 4095 2888 4158 Θεὸς
2920 4097 3185 4165 ὑπάρχων
3218 4093 3428 4164 ἀληθὴς
3458 4094 3556 4147 καὶ
3588 4093 3827 4153 αἰώνιος,

2248 4192 2520 4246 ἀθάνατον
2587 4189 2761 4260 αὐτὴν
2817 4188 2914 4242 καὶ
2980 4189 3176 4259 ἀγήρω
3258 4186 3693 4245 κατασκευάσας
3758 4182 3829 4252 τῷ

2249 4285 2509 4353 ἀπαρχῆς
2565 4281 2847 4349 πνεύματι
2901 4278 3031 4350 θείῳ
3081 4280 3177 4332 καὶ
3226 4278 3622 4348 ἐμφυσήματι,
3675 4278 3829 4346 ἡνίκα

2249 4376 2339 4426 τὸν
2377 4374 2597 4442 πρῶτον
2630 4372 3074 4442 ἐδημιούργησεν
3123 4371 3438 4440 ἄνθρωπον,
3472 4373 3552 4432 ὠς
3595 4372 3654 4422 αί
3694 4371 3829 4423 θεῖαι

567 4458 813 4512 referunt
838 4456 960 4510 libri
990 4453 1197 4519 Mosis),
1228 4467 1349 4507 eam
1384 4468 1575 4507 rursus
1596 4470 1693 4523 per
1724 4456 2142 4511 inobedientiam

2251 4464 2349 4517 καὶ
2407 4462 2720 4532 ἀδιάϐλητοι
2781 4460 2874 4514 τοῦ
2926 4463 3173 4525 Μωσέως
3226 4460 3402 4529 βίϐλοι
3451 4460 3787 4527 διασαφοῦσι
3817 4499 3830 4520 .

570 4550 796 4618 lapsam,
833 4557 887 4601 et
916 4546 1294 4616 deceptionetn
1317 4546 1612 4616 serpentis,
1639 4547 1731 4616 qui
1762 4546 1922 4601 aﬂ'ert
1950 4550 2146 4604 animis

570 4642 821 4705 exitium,
854 4640 968 4709 ipse
995 4639 1221 4693 veniens
1245 4640 1302 4693 in
1326 4648 1554 4704 terram,
1582 4648 1638 4694 et
1667 4638 1720 4693 in
1747 4656 1810 4695 ea
1845 4643 2068 4711 degens,
2094 4652 2148 4694 et

572 4738 713 4789 viam
745 4734 936 4788 salutis
965 4730 1123 4787 nobis
1152 4731 1470 4797 ostendens,
1504 4747 1601 4802 per
1619 4732 1946 4802 baptismum
1978 4742 2032 4787 et
2062 4748 2147 4787 re-

571 4826 966 4880 surrectionem
990 4838 1021 4875 a
1048 4822 1280 4877 mortuis
1306 4824 1373 4877 ab
1400 4822 1592 4880 inferis
1621 4824 1837 4879 reduxit
1861 4825 1927 4878 ad
1956 4823 2145 4882 caelos.

573 4917 635 4972 Et
668 4932 853 4971 rursus
878 4915 1105 4969 veniens
1129 4915 1195 4969 ad
1212 4916 1579 4981 .judicandum
1612 4917 1764 4970 vivos
1788 4928 1845 4971 et
1878 4926 2141 4983 mortuos,

571 5008 736 5063 faciet
767 5020 989 5074 surgere
1023 5019 1271 5073 corpora,
1292 5012 1350 5059 et
1368 5004 1665 5074 conjunget
1696 5007 1811 5063 suis
1840 5008 2151 5073 animabus,

571 5111 626 5156 et
662 5100 853 5155 reddet
884 5097 1180 5168 unicuique
1218 5095 1521 5151 secundum
1559 5112 1657 5153 sua
1689 5116 1853 5170 opera
1880 5103 1920 5157 ί.

644 5392 786 5449 XIX.
831 5392 957 5449 Haec
989 5411 1112 5449 cum
1143 5408 1347 5469 martyr
1370 5396 1560 5453 fuisset
1585 5399 2020 5470 phi1030phatus,
2047 5401 2150 5456 iiii-

575 5484 1020 5555 quusJulianus:
1052 5484 1473 5559 Videte,inquit,
1496 5490 1594 5544 viri
1626 5491 1855 5547 Romani
1876 5502 1931 5547 et
1954 5493 2147 5558 Graeci,

577 5573 729 5629 hunc
756 5574 1079 5629 sceleratum
1112 5585 1167 5629 et
1218 5578 1610 5635 exsecrandum
1647 5581 1945 5649 hominem,
1978 5599 2149 5652 quan-

578 5676 661 5721 tas
702 5683 767 5722 ex
800 5665 1001 5721 Graecis
1045 5669 1345 5741 disciplinis
1394 5671 1585 5729 effudit
1616 5689 1781 5744 nugas
1823 5674 1875 5730 in
1908 5682 2147 5730 nostram

654 5831 669 5861 ¹
694 5831 732 5885 Ι.
771 5831 896 5888 Cor.
933 5852 983 5895 v,
1019 5832 1101 5887 10.

2252 4558 2530 4612 πεσοῦσαν
2558 4555 2721 4611 πάλιν
2749 4554 2839 4608 διὰ
2866 4556 2972 4625 τῆς
3004 4552 3300 4622 παρακοῆς
3340 4551 3440 4603 καὶ
3476 4553 3580 4619 τῆς
3621 4551 3833 4620 ἀπάτης

2246 4654 2340 4707 τοῦ
2377 4650 2728 4722 ψυχοφθόρου
2774 4648 3072 4720 δράκοντος
3108 4644 3280 4699 ἐλθὼν
3318 4644 3414 4697 ἐπὶ
3468 4643 3577 4714 γῆς
3605 4645 3707 4696 καὶ
3746 4660 3833 4695 πο-

2246 4746 2642 4813 λιτευσάμενος
2704 4744 2803 4797 καὶ
2870 4741 3162 4805 ὑποδείξας
3210 4740 3343 4808 ήμῖν
3376 4738 3497 4791 ὁδὸν
3555 4736 3832 4807 σωτηρίας

2246 4839 2336 4891 διὰ
2360 4838 2453 4890 τοῦ
2488 4838 2866 4908 βαπτίσματος
2901 4834 3120 4904 καὶτῆς
3153 4834 3217 4885 ἐκ
3247 4830 3463 4900 νεκρῶν
3497 4829 3673 4883 αὐτοῦ
3709 4832 3831 4884 ἀνα-

2251 4931 2517 4994 στάσεως,
2562 4930 2626 4980 ἐκ
2653 4928 2772 4995 ίτῶν
2817 4926 2913 4979 τοῦ
2963 4926 3091 4996 ᾅδου
3124 4922 3422 4994 πυθμένων
3455 4924 3536 4985 είς
3568 4922 3832 4991 οὐρανοὺς

2249 5026 2458 5094 ταύτην
2510 5022 2856 5091 ἐπανήγαγε,
2914 5022 3012 5074 καὶ
3071 5020 3235 5074 πάλιν
3290 5017 3595 5087 ἐρχόμενος
3651 5017 3830 5085 κρῖναι

2250 5116 2464 5182 ζῶντας
2511 5113 2607 5168 καὶ
2645 5112 2896 5181 νεκροὺς,
2926 5112 3280 5177 ἐξαναστήσει
3302 5106 3368 5158 τὰ
3412 5105 3675 5172 σώματα,
3738 5105 3823 5157 καὶ

2253 5210 2479 5277 συνάψει
2505 5212 2627 5270 ταῖς
2656 5206 2872 5260 ἐαυτῶν
2900 5205 3102 5273 ψυχαῖς
3124 5244 3138 5268 ,
3186 5202 3281 5255 καὶ
3307 5198 3584 5253 ἀποδώσει
3616 5198 3826 5265 ἑκάστῳ

2253 5301 2395 5354 κατά
2429 5300 2497 5353 τά
2524 5299 2663 5370 ἐργα
2695 5293 2887 5351 αὐτοῦ.

2319 5392 2404 5447 ΙΘ.
2434 5391 2623 5445 Ταῦτα
2645 5389 2742 5443 τοῦ
2779 5387 3058 5459 μάρτυρος
3095 5385 3594 5455 φιλοσοφήσαντος,
3644 5383 3675 5434 6
3721 5397 3823 5432 πα-

2252 5487 2485 5556 ράνομος
2530 5482 2814 5546 Ἰουλιανός
2848 5498 2864 5514 ο
2908 5482 3131 5552 Ὁρᾶτε,
3159 5479 3283 5549 ἔφη,
3318 5478 3517 5548 ἄνδρες
3563 5476 3823 5543 Ῥωμαῖοι

2250 5578 2635 5647 καὶἝλληνες,
2656 5575 2869 5630 τουτονὶ
2892 5573 2987 5627 τὸν
3020 5572 3365 5644 παλαμναῖον
3393 5570 3490 5624 καὶ
3518 5568 3815 5638 ἀλιτήριον,

2253 5675 2417 5729 πόσον
2448 5672 2510 5724 ἐκ
2541 5670 2648 5725 τῶν
2677 5664 2974 5739 ἐλληνικῶν
3008 5665 3350 5737 μαθημάτων
3391 5660 3539 5716 κατά
3570 5662 3667 5733 τῆς
3691 5663 3818 5732 ἠμε-
