3990 6442
154 390 287 450 1181

1288 394 1753 458 MARTYRIUM
1818 398 1881 460 S.
1923 401 2279 461 ARTEMll.

3272 402 3410 469 1182

149 504 324 571 τέρας
361 501 659 575 θρησκείας
692 505 1093 560 κατεσκέδασεν
1123 506 1311 574 ὕθλονς
1346 508 1439 562 Μά
1467 508 1558 561 τὸν
1606 509 1730 577 ἐμοὶ

1850 510 2171 581 elisionem.
2204 512 2305 573 Per
2334 514 2503 567 solem
2549 512 2679 568 mihi
2714 512 3119 578 charissimum,
3152 529 3261 569 non
3294 530 3412 569 am-

152 592 627 659 προσῷιλέστατον
684 594 885 664 ἥλιον,
942 598 1041 650 οὐκ
1098 597 1298 667 ἔμασιν
1351 598 1613 667 ἀνέξομαι
1674 598 1732 650 τὸ

162 686 516 756 Χριστιανῶν
549 687 864 743 ἀθεώτατον
891 691 1321 746 ὲκπαιδεύεσθαι
1369 695 1546 761 γένος.
1600 694 1732 747 Ἰδοὺ

156 780 272 849 γαρ
311 780 411 847 τῆς
450 781 603 851 ίερᾶς
636 782 886 846 παιδείας
919 785 1013 837 καὶ
1056 778 1213 849 οὗτος
1244 787 1272 838 ό
1314 786 1462 840 κύων
1493 786 1733 854 μεταλα-

158 872 295 941 χὼν,
320 875 424 925 κᾶν
459 876 559 928 οὐκ
586 876 802 939 εὐθείας
832 878 927 930 καὶ
959 879 1186 950 ὁμαλῆς,
1217 880 1334 933 ἀλλ’
1359 884 1509 949 ὅμως
1534 880 1736 949 πολλήν

156 979 282 1015 τινα
311 964 406 1015 καὶ
429 966 642 1035 ἅτερπῆ
671 968 798 1035 περὶ
828 968 927 1035 τὴν
959 968 1206 1039 ἱστορίαν
1234 970 1579 1041 μωρολογίαν
1606 980 1738 1023 κατ-

160 1054 306 1121 έχεε.
351 1054 537 1107 Ταῦτα
573 1057 765 1119 εἰπὼν,
833 1058 1048 1110 κελεύει
1080 1061 1182 1113 ’τὸν
1214 1064 1470 1131 μάρτυρα
1496 1065 1613 1123 τοῖς
1640 1062 1736 1130 δη-

162 1144 311 1210 μίοις
348 1144 722 1213 παραδοθῆναι
777 1147 875 1199 καὶ
904 1149 1233 1216 μαστιγοῦν,
1275 1151 1403 1220 ἄχρι
1456 1151 1553 1203 καὶ
1614 1170 1740 1203 πεν-

158 1235 438 1287 τακοσίων
481 1235 729 1303 πληγῶν.
778 1239 840 1289 Οί
900 1240 957 1291 δὲ
1016 1240 1291 1304 λαϐόντες,
1346 1242 1534 1312 ᾔκιζον
1569 1245 1733 1295 imm-

162 1324 405 1393 θρώπως
422 1329 541 1388 ταῖς
567 1327 808 1396 μάστιξι,
839 1330 934 1382 καὶ
963 1332 991 1384 ό
1019 1333 1196 1402 κῆρυξ
1220 1333 1348 1387 ἐϐόα
1374 1349 1389 1365 ·
1420 1335 1651 1403 Ποίησον
1682 1336 1740 1387 τὸ

162 1416 261 1468 τοῦ
294 1417 559 1484 βασιλέως
591 1419 824 1488 θέλημα,
861 1421 1069 1476 παῦσαι
1092 1424 1201 1476 τῶν
1238 1427 1614 1495 μωρολογιῶν,
1645 1428 1741 1480 καὶ

163 1507 535 1580 ἀπαλλαγήσῃ
588 1511 697 1564 τών
756 1513 1096 1577 κολαζόντων
1157 1533 1239 1569 σε.
1304 1518 1361 1570 Ὀ
1414 1517 1470 1570 δὲ
1528 1520 1741 1587 μάρτυς

164 1601 463 1670 ἐκαρτέρει
509 1604 893 1673 τυπτόμενος,
937 1607 1157 1659 σιωπῶν
1224 1610 1320 1661 καὶ
1378 1610 1546 1677 μηδὲν
1604 1612 1743 1673 ὅλως

162 1693 565 1763 φθεγγόμενος.
631 1696 915 1759 Ἀτενίσας
959 1698 1020 1749 δὲ
1044 1698 1181 1768 πρὸς
1227 1700 1318 1752 τὸν
1355 1699 1448 1753 τοῦ
1502 1700 1739 1771 Χριστοῦ

167 1784 423 1853 μάρτυρα
460 1784 766 1853 Μακάριον,
809 1788 946 1855 φησὶ
978 1787 1112 1856 πρὸς
1146 1790 1339 1842 αὐτόν·
1372 1791 1444 1844 Σὺ
1481 1790 1538 1843 δὲ
1575 1792 1629 1844 τί
1658 1792 1741 1844 λέ-

162 1894 284 1942 γεις
320 1878 449 1943 περὶ
475 1876 727 1941 σεαυτοῦ,
751 1877 1015 1949 δυστυχὲς
1051 1880 1365 1950 ἀνθρώπιον
1396 1898 1411 1947 ;
1447 1884 1738 1954 Μακάριος

162 1969 294 2035 εφη,
330 1968 400 2018 Συ
427 1962 478 2019 εί
501 1968 775 2039 δυστυχὴς
802 1969 881 2039 τῷ
913 1971 1027 2022 δντι
1063 1973 1159 2025 καὶ
1191 1972 1413 2027 πάντων
1438 1975 1744 2045 ἀνθρώπων

163 2057 526 2121 ἀθλιώτατος,
558 2058 670 2125 ἐγὼ
698 2059 754 2111 δὲ
785 2061 1059 2132 μακάριος
1083 2062 1321 2133 ἀληθῶς,
1343 2066 1745 2134 συμφωνοῦσαν

163 2149 307 2217 ἔχων
341 2154 451 2214 τοῖς
485 2151 778 2221 πράγμασι
812 2154 907 2206 καὶ
959 2154 1057 2224 τὴν
1092 2158 1508 2225 προσωνυμίαν,
1539 2160 1623 2211 ὅτι
1653 2160 1744 2211 τὸν

165 2241 403 2311 Χριστὸν
428 2229 706 2313 ὁμολογῶν
732 2245 1042 2314 προσκυνῶ,
1074 2247 1236 2310 αὐτὸς
1261 2248 1316 2301 δὲ
1350 2250 1539 2303 τοῦτον
1569 2252 1747 2322 ἀπηρ-

167 2338 337 2405 νήσω,
373 2335 595 2404 δαίμοσι
627 2336 820 2405 καὶτῷ
853 2338 1089 2409 διαὸόλῳ
1124 2340 1578 2411 προσκολληθεὶς,
1608 2344 1662 2395 οἵ
1685 2360 1746 2396 σε

168 2425 268 2477 καὶ
300 2425 357 2476 οὐ
388 2426 612 2477 θέλοντα
645 2427 721 2493 τῷ
753 2428 959 2499 αἰωνίῳ
992 2429 1125 2497 πυρὶ
1155 2432 1608 2501 παραπέμψουσι.
1639 2437 1747 2489 Καὶ

164 2523 195 2574 ὁ
218 2521 573 2589 παραϐάτης·
600 2515 713 2573 0ἷὸ
737 2522 818 2573 ὅτι
865 2524 1127 2593 θανατᾷς,
1173 2526 1328 2595 φησὶ,
1375 2530 1471 2582 καὶ
1500 2528 1635 2596 πρὸς
1659 2531 1749 2599 ὀρ-

164 2614 273 2681 γὴν
316 2613 537 2680 κινῆσαι
570 2630 635 2681 με
664 2613 935 2678 σπεύδεις,
968 2615 1052 2667 ἵνα
1082 2615 1275 2669 θᾶττον
1310 2618 1635 2682 ὲξαναλώαω
1665 2639 1746 2676 σε.

179 2704 321 2755 Ἀλλ’
358 2705 453 2773 οὐχ
486 2706 561 2768 ὡς
584 2707 748 2768 αὐτὸς
778 2707 1014 2776 ἤλπισας
1042 2708 1211 2772 οὕτως
1248 2711 1398 2764 ἔσται
1430 2728 1532 2765 σοι.

242 2796 325 2846 Κ’.
360 2796 505 2862 Πλὴν
550 2797 689 2848 ἀλλά
736 2799 893 2851 τοῦτο
942 2802 1159 2870 πρῶτον
1209 2802 1531 2874 ἀπόκριναι,
1592 2806 1647 2858 τί
1692 2807 1751 2860 τὸ

162 2888 325 2950 δοξαν
362 2888 513 2956 ὑμῖν,
547 2883 591 2941 ὦ
621 2890 939 2960 κατάρατοι,
969 2893 1050 2945 ὅτι
1078 2894 1152 2962 μὴ
1182 2895 1239 2946 δὲ
1269 2900 1399 2963 μιᾶς
1429 2916 1575 2961 τινος
1598 2900 1749 2965 ἐξον-

167 2980 262 3031 σία
294 2979 422 3048 ὑμῖν
453 2981 861 3050 ἐντειλαμένης,
888 2985 1050 3036 παντὶ
1079 2985 1172 3036 καὶ
1198 2988 1474 3057 πανταχοῦ
1529 2990 1742 3061 διατρέ-

165 3089 375 3141 χοντες,
410 3073 508 3135 τὰς
538 3073 647 3125 τῶν
682 3076 936 3142 μεγάλων
972 3076 1109 3129 θεῶν
1150 3080 1381 3143 σπονδάς
1415 3098 1475 3134 τε
1527 3084 1620 3136 καὶ
1651 3083 1747 3135 θυ-

1837 600 1977 670 plius
2010 601 2181 655 feram
2210 602 2412 658 Graecis
2439 603 2744 673 disciplinis
2775 605 2986 660 institui
3036 605 3273 659 maxime
3304 606 3409 658 im-

1837 694 1987 763 pium
2016 710 2188 763 genus
2220 695 2681 749 Christianorum.
2734 694 2871 751 Ecce
2920 695 3064 749 enim
3100 710 3267 751 sacra
3313 694 3411 749 do—

1835 789 2027 843 ctrina:
2050 789 2227 857 aliqua
2267 805 2330 843 ex
2363 801 2516 860 parte
2546 789 2775 844 effectus
2811 791 3085 859 particeps
3111 789 3202 844 hic
3232 789 3403 851 canis,

1839 881 1964 934 licet
1990 895 2097 933 non
2128 889 2292 945 recte,
2322 881 2521 935 multas
2541 890 2719 935 tamen
2750 891 2801 937 et
2832 882 3155 949 injucundas
3179 880 3411 949 ineptias

1841 971 2034 1025 effudit
2076 974 2220 1026 circa
2270 970 2573 1026 historiam.
2628 971 2754 1027 Hzec
2790 990 2913 1029 cum
2964 973 3215 1034 dixisset,
3257 972 3411 1040 jubet

1842 1073 2131 1133 martyrem
2165 1064 2301 1117 tradi
2339 1063 2643 1127 lictoribus,
2673 1074 2726 1119 et
2760 1065 2936 1135 ﬁagris
2963 1065 3094 1119 caedi
3136 1066 3203 1117 ad
3246 1062 3411 1131 quin-

1841 1163 2026 1222 gentas
2050 1169 2219 1222 usque
2245 1154 2443 1224 plagas.
2474 1155 2549 1209 Illi
2574 1166 2752 1208 autem
2782 1169 2904 1208 eum
2930 1164 3211 1223 acceptum
3232 1149 3413 1219 ﬂagris

1841 1244 2118 1296 (madebant
2146 1245 2465 1298 inhumane.
2502 1245 2567 1299 Et
2600 1261 2776 1315 przeco
2802 1244 3066 1299 clamabat
3092 1263 3105 1297 :
3140 1243 3246 1296 Fac
3271 1242 3415 1310 quod

1818 1366 1819 1369 η
1846 1335 1957 1388 vult
2009 1337 2301 1404 imperator
2329 1356 2342 1389 :
2372 1339 2562 1393 desine
2595 1339 2758 1391 stulta
2810 1338 2977 1405 loqui,
3016 1346 3070 1391 et
3102 1334 3420 1389 liberaberis

1845 1430 1913 1485 ab
1946 1432 2030 1493 iis,
2063 1432 2153 1499 qui
2195 1442 2246 1484 te
2296 1432 2547 1499 puniunt.
2578 1429 2776 1499 Μαι-ινι-
2803 1440 2984 1483 autem
3036 1427 3249 1481 fortiter
3282 1425 3418 1479 tole-

1845 1522 2019 1585 rabat,
2048 1522 2178 1576 dum
2229 1519 2631 1584 verberaretur,
2680 1530 2891 1588 tacens,
2933 1530 2989 1574 et
3030 1519 3167 1572 nihil
3196 1518 3421 1571 omnino

1845 1614 2092 1682 loquens.
2129 1614 2185 1668 In
2221 1616 2438 1669 beatum
2475 1630 2603 1668 vero
2629 1613 2924 1667 Macarium
2960 1610 3149 1665 oculos
3178 1608 3421 1677 deﬁgens

1847 1704 2165 1773 imperator,
2195 1705 2243 1758 ei
2275 1705 2444 1759 dicit:
2474 1705 2554 1758 Tu
2586 1716 2764 1758 autem
2802 1704 2931 1773 quid
2972 1704 3107 1757 dicis
3129 1703 3194 1756 de
3220 1701 3419 1771 teipso.

1848 1794 2031 1848 infelix
2064 1795 2427 1849 homuncule?
2454 1794 2652 1848 Beatus
2688 1805 2871 1848 autem
2903 1793 3039 1847 dixit
3066 1800 3309 1861 martyr:
3338 1789 3420 1842 Tu

1846 1903 1908 1942 es
1936 1902 2119 1941 revera
2146 1886 2354 1955 infelix,
2380 1897 2433 1941 et
2461 1886 2705 1940 omnium
2734 1886 3015 1940 hominum
3042 1882 3381 1937 miserrimus
3408 1898 3421 1933 :

1846 1994 1947 2048 ego
1977 1988 2159 2033 autem
2204 1993 2330 2033 vere
2369 1978 2585 2041 beatus,
2618 1978 2827 2032 habens
2874 1976 3292 2046 appellationem
3342 1972 3423 2028 rei

1844 2071 2282 2134 convenientem,
2310 2069 2567 2139 quoniam
2598 2067 2877 2123 Christum
2902 2068 3171 2123 conﬁtens
3215 2066 3423 2120 adoro:

1847 2161 1961 2232 ipse
1988 2171 2169 2216 autem
2212 2175 2337 2215 eum
2380 2160 2611 2230 negasti,
2645 2158 2989 2213 daemonibus
3032 2156 3318 2211 adhaerens
3374 2162 3428 2207 et

1847 2253 2085 2316 diabolo,
2134 2255 2226 2321 qui
2260 2263 2312 2307 te
2342 2252 2427 2307 vel
2477 2251 2708 2305 invitum
2751 2251 3120 2305 transmittent
3150 2247 3215 2302 ad
3249 2248 3428 2318 ignem

1848 2359 2134 2402 aeternum.
2166 2345 2564 2414 Transgressor
2615 2356 2797 2398 autem
2825 2340 3071 2396 Julianus
3099 2358 3112 2393 :
3160 2339 3314 2405 Scio,
3343 2338 3427 2392 in-

1848 2441 1984 2509 quit,
2022 2450 2072 2493 te
2096 2448 2325 2492 mortem
2347 2451 2567 2506 cupere,
2597 2445 2652 2489 et
2682 2435 2899 2489 studere
2929 2449 3014 2487 me
3044 2432 3112 2486 ad
3145 2431 3277 2484 iram
3312 2444 3426 2484 mo-

1847 2547 2001 2594 vere,
2052 2542 2111 2584 ut
2159 2541 2211 2585 te
2255 2531 2364 2585 cito
2393 2544 2735 2584 consumam.
2794 2528 2991 2580 Verum
3033 2539 3140 2578 non
3182 2523 3253 2577 ita
3299 2523 3427 2585 erit,

1851 2637 1909 2679 ut
1942 2624 2192 2694 sperasti.

1920 2830 2039 2884 XX.
2081 2828 2187 2883 Sed
2237 2829 2341 2883 hoc
2371 2828 2504 2881 mihi
2554 2826 2787 2896 primum
2828 2820 3118 2891 responde,
3170 2816 3431 2887 quidnam

1851 2924 2004 2978 vobis
2034 2922 2207 2975 visum
2235 2922 2323 2986 sit,
2359 2937 2392 2975 o
2424 2917 2764 2981 exsecrandi,
2795 2915 2971 2984 quod,
3016 2926 3140 2966 cum
3158 2910 3306 2965 nulla
3340 2923 3434 2960 voc

1852 3016 1936 3068 bis
1981 3014 2211 3081 jusserit
2246 3022 2509 3083 potestas,
2544 3024 2738 3064 omnes
2768 3017 2954 3079 partes
2994 3006 3285 3063 obeuntes,
3316 3016 3432 3054 ma-

1853 3120 2082 3176 gnorum
2130 3107 2358 3159 deorum
2398 3103 2631 3157 studetis
2671 3109 2922 3154 evertere
2970 3097 3229 3151 libamina
3264 3103 3431 3161 atque

169 3166 295 3227 σίας
331 3166 663 3234 ἀνατρέπειν
696 3168 1050 3235 σπουδάζετε,
1095 3171 1442 3237 διδάσκοντες
1479 3178 1607 3239 τοὺς
1655 3178 1746 3230 ἀν-

1855 3197 2116 3252 sacriﬁcia
2183 3196 2444 3250 docentes
2495 3193 2772 3256 homines,
2809 3206 2907 3245 eos
2956 3204 3066 3241 non
3109 3202 3229 3241 esse
3276 3187 3430 3244 deos,

166 3259 445 3326 θρώπους,
482 3259 707 3320 τούτους
746 3258 820 3327 μὴ
876 3256 1015 3312 εἶναι
1061 3262 1244 3327 θεοὺς,
1286 3266 1360 3336 μὴ
1400 3268 1456 3319 δὲ
1496 3271 1751 3340 σωτῆρας

167 3356 268 3421 τῆς
307 3353 659 3422 οἰκουμένης,
721 3354 815 3405 καὶ
852 3353 947 3406 τοῦ
997 3356 1345 3425 ἀνθρωπείου
1390 3360 1582 3426 γένους
1618 3379 1750 3431 προ.

164 3446 366 3511 νοητάς
414 3462 473 3497 τε
512 3447 607 3497 καὶ
657 3446 984 3517 κηδεμόνας,
1038 3448 1131 3512 οὒς
1169 3453 1201 3521 ἡ
1260 3451 1354 3503 ἀπ’
1398 3452 1594 3516 αἰῶνος
1657 3456 1751 3506 καὶ

166 3538 379 3591 ἄνωθεν
435 3539 928 3609 πατροπαράδοτος
988 3542 1096 3594 τῶν
1144 3544 1451 3613 ἀνθρώπων
1492 3548 1750 3617 συνήθεια

168 3631 353 3683 σέϐειν
382 3648 440 3682 τε
475 3632 567 3682 καὶ
620 3635 945 3699 προσκυνεῖν
988 3635 1358 3700 παραδέδωκε,
1402 3638 1494 3691 τὸν
1522 3640 1576 3691 δὲ
1617 3640 1749 3707 Χρι-

170 3726 297 3775 στὸν
344 3722 471 3789 χθὲς
524 3721 616 3772 τοῦ
651 3717 791 3774 εἶναι
834 3722 1142 3793 ἀρξάμενον
1179 3727 1271 3779 καὶ
1328 3728 1389 3781 οὐ
1443 3730 1750 3799 προ-πολλοῦ

166 3820 270 3886 τῆς
304 3816 577 3884 ἡμετερας
607 3818 820 3881 γενεᾶς,
866 3819 998 3870 Θεὸν
1032 3821 1360 3889 προαιώνιον
1392 3826 1486 3875 καὶ
1522 3826 1752 3892 βασιλέα

167 3910 278 3961 τῶν
326 3908 462 3959 ὅλων
518 3910 945 3979 ἀνακηρύττετε.
984 3913 1093 3964 Καὶ
1115 3915 1143 3965 ὁ
1166 3914 1452 3981 Μακάριος
1476 3933 1486 3944 ·
1516 3918 1631 3968 Οὐκ
1662 3920 1751 3988 ᾕρ-

171 4002 371 4070 κέσθης
392 4005 507 4061 ταῖς
534 4001 787 4070 Εὖγενίου
822 4005 1008 4071 σοφαῖς
1033 4005 1390 4068 ἀποδείξεσιν,
1408 4010 1748 4079 ἀνομώτατε;

172 4095 312 4158 πλὴν
349 4094 508 4157 κάγώ
556 4111 635 4146 σοι
695 4095 1017 4162 ὁμοτρόπως
1079 4098 1230 4169 αὐτῷ
1282 4100 1379 4163 τάς
1428 4102 1751 4171 ἀποκρίσεις

169 4189 490 4255 ποιήσομαι,
514 4187 595 4238 δτι
626 4185 861 4254 Χριστὸς
892 4187 949 4237 ὃν
975 4187 1062 4239 διὰ
1083 4190 1319 4255 γέλωτος
1346 4192 1409 4243 σὺ
1437 4194 1528 4243 καί
1557 4194 1751 4264 χλεύης

167 4280 323 4344 ποιῇ,
352 4277 510 4337 αὐτὸς
539 4278 652 4337 τοῖς
677 4276 830 4336 ίδίοις
848 4277 1035 4345 εἴρηκε
1066 4279 1356 4351 μαθηταῖς,
1383 4284 1750 4353 Πορευθέντες

171 4370 251 4429 εἷς
316 4367 407 4418 τὸν
477 4367 678 4434 κόσμον
721 4366 957 4431 ἅπαντα,
1021 4370 1402 4441 μαθητεύσατε
1455 4376 1632 4429 πάντα
1683 4378 1750 4428 τὰ

165 4458 324 4525 ιθνη,
363 4456 720 4525 βαπτίζοντες
754 4459 953 4521 αὐτοὺς
983 4462 1062 4522 είς
1096 4463 1155 4513 τὸ
1186 4463 1360 4533 ὄνομα
1388 4466 1481 4518 τοῦ
1510 4468 1746 4535 Πατρδς,

170 4553 269 4604 καὶ
303 4551 395 4602 τοῦ
429 4551 583 4616 Υίοῦ,
617 4553 714 4603 καὶ
743 4552 835 4606 τοῦ
850 4553 1005 4619 ἁγίου
1035 4554 1374 4622 Πνεύματος,
1408 4556 1749 4622 διδάσκοντες

169 4644 371 4704 αὐτοὺς
397 4645 586 4711 τηρεῖν
629 4644 806 4693 πάντα
841 4643 942 4695 ὅσα
997 4644 1355 4715 ἐνετειλάμην
1390 4647 1543 4715 ὑμῖν,
1576 4649 1626 4701 οἳ
1661 4653 1757 4703 καὶ

170 4734 555 4802 πορευθέντες,
606 4733 781 4789 ταῦτα
833 4736 1103 4801 ἐδίδαξαν,
1137 4739 1369 4807 φεύγειν
1419 4758 1476 4793 τε
1511 4742 1619 4794 ἀπὸ
1648 4744 1757 4796 τῶν

173 4827 425 4894 ματαίων
458 4825 715 4888 εἰδώλων,
750 4826 843 4879 καὶ
877 4828 1228 4898 ἐπιστρέφειν
1256 4832 1348 4883 ἐπὶ
1392 4832 1528 4884 Θεὸν
1554 4832 1753 4895 ζῶντα,

167 4921 226 4981 ὃς
256 4918 442 4971 ἔκτισε
483 4920 574 4973 τὸν
606 4923 835 4989 οὐρανὸν
872 4922 970 4975 καὶ
1023 4924 1121 4991 τὴν
1150 4921 1278 4990 γῆν,
1310 4926 1359 4974 οἱ
1402 4925 1459 4975 δὲ
1514 4925 1625 4977 θεοί
1660 4943 1755 4978 σου

168 5010 267 5072 οὓς
296 5010 458 5072 αὐτὸς
490 5016 842 5080 προσκυνεῖς,
869 5014 1143 5082 δαιμόνων
1174 5016 1281 5067 eis“.
1319 5015 1635 5085 nldapatax
1662 5018 1757 5070 καὶ

173 5102 367 5172 μύθων
414 5106 719 5176 εὐρέματα,
756 5109 849 5162 καὶ
884 5108 1196 5178 διαδολικῆς
1247 5111 1527 5180 ἐνεργείας
1560 5129 1754 5180 κυοφο-

172 5204 425 5270 ρήματα.
463 5203 626 5268 Λέγει
657 5200 767 5269 γὰρ
820 5204 949 5268 περὶ
985 5201 1165 5254 αὐτῶν
1194 5203 1225 5270 ἡ
1259 5203 1504 5273 ἡμετέρα
1539 5205 1753 5277 Γραφὴ,

167 5295 302 5345 Θιοὶ
329 5295 379 5346 οἳ
413 5292 503 5345 τὸν
540 5293 770 5363 οὐρανὸν
803 5295 897 5345 καὶ
928 5294 1028 5364 τὴν
1062 5297 1165 5364 γῆν
1199 5294 1297 5346 οὐκ
1332 5297 1593 5363 ἐποίησαν
1621 5299 1759 5351 ἀπο-

170 5384 479 5437 λέσθωσαν.
515 5384 591 5438 Οὐ
629 5385 789 5453 μόνον
819 5385 896 5445 δὲ,
932 5384 1067 5438 ἀλλά
1094 5386 1187 5439 καὶ
1219 5386 1380 5456 νόμος
1410 5390 1607 5451 αὐτοὺς
1635 5390 1754 5443 ἓτε-

173 5493 272 5544 ρος
308 5474 611 5544 βασιλικὸς,
640 5478 667 5528 δ
700 5477 848 5547 παρά
902 5478 1316 5531 Κωνσταντίνου
1344 5480 1439 5532 τοῦ
1477 5480 1572 5533 σοῦ
1616 5499 1751 5549 συγ-

246 5618 270 5648 ⁹
298 5612 490 5668 Matth.
524 5630 714 5678 xxvm,
747 5614 833 5680 19,
866 5615 956 5669 εζθ.
1068 5616 1087 5647 ⁸
1110 5616 1227 5671 Jer.
1261 5636 1316 5683 ι,
1354 5620 1439 5674 11.

1854 3305 2031 3359 neque
2065 3297 2373 3344 servatores
2406 3286 2554 3341 orbis
2592 3295 2774 3346 terrae,
2812 3296 2913 3335 nec
2964 3278 3190 3333 humani
3218 3276 3433 3346 generis

1853 3394 2040 3430 curam
2074 3394 2281 3445 gerere,
2309 3392 2447 3444 quos
2475 3377 2541 3429 ab
2568 3390 2685 3428 aevo
2716 3382 2771 3427 et
2799 3371 2981 3426 multis
3019 3379 3165 3423 retro
3191 3366 3432 3427 saeculis,

1854 3485 1883 3521 a
1935 3468 2177 3537 patribus
2232 3466 2356 3520 data
2407 3467 2695 3519 hominum
2750 3462 3117 3526 consuetudo,
3173 3458 3434 3513 colendos

1855 3559 2074 3614 tradidit
2116 3568 2171 3611 et
2218 3557 2559 3612 adorandos:
2590 3555 2869 3610 Christum
2919 3563 3126 3616 autem,
3172 3551 3265 3620 qui
3316 3548 3433 3603 heri

1852 3652 2020 3718 cuapit
2052 3666 2198 3710 esse,
2248 3658 2302 3701 et
2347 3664 2457 3701 non
2501 3650 2730 3701 multum
2763 3655 2890 3700 ante
2924 3654 3163 3697 nostram
3191 3650 3434 3704 atatem,

1855 3743 2023 3798 Deum
2052 3752 2177 3795 ante
2213 3741 2430 3803 saecula,
2473 3751 2527 3792 et
2566 3738 2768 3807 Regem
2804 3739 3188 3790 universorum
3232 3733 3431 3802 praedi-

1853 3839 2008 3889 catis.
2042 3834 2310 3887 Macarius
2354 3842 2534 3885 antem
2563 3850 2576 3885 :
2611 3831 2727 3885 Non
2759 3830 2854 3884 tibi
2899 3830 3258 3886 suffecerunt.
3294 3840 3327 3877 ο
3354 3826 3437 3877 vir

1854 3926 2215 3995 iniquissime,
2269 3924 2545 3992 sapientes
2606 3922 2839 3992 Eugenii
2910 3917 3431 3978 demonstrationes,

1854 4020 1998 4090 quod
2038 4020 2223 4075 eadem
2255 4027 2311 4072 et
2349 4018 2417 4073 de
2454 4018 2642 4071 iisdem
2692 4030 2913 4083 semper
2946 4012 3286 4081 interrogas?
3314 4008 3433 4063 Ca:-

1856 4127 2030 4169 terum
2062 4130 2162 4182 ego
2188 4128 2407 4180 quoque
2435 4112 2528 4165 tibi
2561 4112 2752 4165 eodem
2804 4108 2989 4173 modo,
3025 4120 3135 4175 quo
3162 4104 3275 4172 ipse
3305 4100 3435 4155 red-

1852 4207 1974 4260 dam
2013 4218 2312 4272 responsa:
2347 4201 2504 4267 Quod
2535 4202 2808 4260 Christus,
2856 4212 3019 4265 quem
3055 4207 3106 4250 tu
3141 4194 3337 4248 irrides
3370 4207 3435 4247 ac

1853 4296 2166 4359 ludiﬁcaris,
2212 4296 2325 4363 ipse
2366 4292 2478 4347 suis
2511 4290 2649 4346 dixit
2676 4288 2955 4357 discipulis
2996 4306 3011 4341 :
3053 4304 3071 4337 ι
3112 4284 3319 4338 Euntes
3374 4286 3430 4338 in

1856 4384 2118 4436 mundum
2168 4381 2510 4440 universum,
2542 4378 2743 4432 docete
2782 4391 2975 4429 omnes
2999 4385 3209 4443 gentes,
3261 4371 3436 4441 bapti-

1855 4483 2043 4528 zantes
2073 4488 2169 4526 eos
2202 4474 2255 4525 in
2308 4470 2533 4525 nomine
2579 4469 2779 4530 Patris,
2807 4477 2862 4520 et
2894 4467 3037 4528 Filii,
3087 4475 3145 4520 et
3193 4465 3435 4533 Spiritus

1853 4568 2049 4629 sancti,
2110 4564 2372 4618 docentes
2427 4576 2523 4615 eos
2583 4575 2803 4614 servare
2855 4559 3038 4611 omnia
3092 4570 3433 4625 quaecunque

1855 4656 2110 4711 mandavi
2159 4656 2314 4709 vobis
2340 4657 2382 4708 ⁸.
2419 4672 2437 4703 ι
2472 4652 2576 4718 Qui
2607 4653 2770 4706 etiam
2819 4649 3047 4721 profecti
3084 4649 3195 4702 haec
3229 4648 3435 4702 docue-

1856 4760 2005 4813 runt,
2034 4748 2221 4817 fugere
2259 4762 2394 4800 vana
2426 4746 2741 4807 simulacra,
2772 4754 2827 4797 et
2857 4742 3108 4796 converti
3141 4741 3207 4793 ad
3260 4738 3433 4793 Deum

1854 4843 2060 4897 vivum.
2108 4839 2201 4905 qui
2239 4836 2447 4891 creavit
2500 4836 2701 4889 caelum
2761 4844 2814 4889 et
2876 4845 3100 4888 terrain.
3133 4830 3215 4885 Dii
3251 4841 3434 4885 autem

1856 4934 1960 4995 tui,
1991 4946 2128 5000 quos
2160 4931 2276 4999 ipse
2306 4930 2526 4992 adoras,
2563 4938 2692 4983 sunt
2728 4927 2985 4995 ﬁgmenta
3017 4925 3352 4985 daemonum,
3382 4933 3440 4977 et

1857 5027 2079 5079 inventa
2125 5024 2436 5077 fabularum
2464 5021 2858 5087 diabolicchue
2887 5017 3031 5071 fetus
3072 5016 3435 5085 operationis.

1855 5117 1932 5171 De
1962 5118 2028 5170 iis
2058 5117 2207 5171 enim
2244 5116 2377 5170 dicit
2404 5126 2592 5168 nostra
2631 5114 2913 5181 Scriptura
2946 5127 2958 5162 :
3004 5128 3022 5161 ι
3063 5107 3166 5173 Dii,
3199 5108 3293 5177 qui
3326 5123 3438 5163 c02-

1853 5209 1963 5262 lum
2006 5218 2061 5261 et
2105 5219 2300 5260 terram
2341 5220 2452 5260 non
2487 5206 2755 5265 fecerunt,
2786 5200 3014 5272 pereaift
3055 5201 3095 5254 ³.
3134 5219 3153 5251 ι
3192 5198 3303 5253 Nec
3334 5200 3441 5255 hoc

1856 5300 2055 5363 solum,
2086 5299 2182 5352 sed
2208 5298 2313 5352 alia
2343 5314 2562 5367 quoque
2600 5298 2682 5350 lex
2719 5295 3079 5362 imperatoria
3106 5308 3135 5345 a
3160 5292 3435 5345 Constan-

1865 5393 1979 5444 tino
2016 5400 2106 5442 tuo
2134 5398 2364 5457 cognato
2390 5388 2519 5451 lata,
2545 5402 2639 5442 eos
2672 5386 2894 5455 expellit
2916 5385 2985 5437 ab
3017 5383 3357 5443 adoratione,
3382 5389 3438 5434 et

1865 5482 2117 5537 dissolvit
2149 5497 2338 5537 eorum
2366 5481 2544 5536 cultus
2566 5479 2587 5511 ⁸
2610 5496 2626 5532 :
2658 5479 2750 5548 qui
2779 5494 2901 5533 cum
2929 5476 2984 5529 in
3015 5473 3295 5530 Christum
3321 5487 3440 5529 cre-

250 5735 326 5798 (ι)
364 5732 537 5799 Hujus
567 5733 729 5808 legis,
765 5733 845 5785 vel
875 5736 1055 5808 p0_titts
1102 5736 1290 5791 harum
1337 5737 1515 5808 legunt
1552 5738 1797 5791 meminit
1828 5738 2027 5793 Euseb.
2077 5737 2169 5793 lib.
2228 5754 2264 5791 ιι
2302 5735 2432 5789 Vitae
2471 5729 2812 5790 Constantini
2860 5746 2981 5800 cap.
3017 5728 3103 5794 43,
3146 5727 3214 5783 44
3263 5725 3354 5792 i5,
3384 5732 3439 5780 et

168 5802 270 5856 lib.
310 5819 378 5865 ιν,
410 5819 525 5871 cap.
563 5802 664 5868 εδ,
699 5802 892 5856 Baron.
928 5805 1016 5857 5‘2.
