3990 6444
173 407 313 471 1189

1323 394 1789 456 MARTYRIUM
1829 395 1887 456 S.
1936 397 1974 450 Α
1991 394 2223 452 RTEMI
2239 394 2284 452 l.

3286 392 3425 459 1190

166 509 577 568 κωνσταντῐνος
603 503 663 568 ἐξ
705 501 922 568 Ἑλένης
949 498 1158 568 φαύλης
1187 498 1330 559 τινὸς
1357 499 1620 564 γυναικὸς
1657 501 1749 552 καὶ

1854 501 2032 553 adhuc
2062 510 2244 569 ageret
2275 499 2562 568 privatam.
2613 498 3009 556 Constantinus
3035 517 3116 568 se,
3153 504 3298 560 sicut
3324 522 3423 575 pa-

162 606 409 674 ὀσήμου,
449 599 544 652 καὶ
575 593 750 648 ταῦτα
801 593 968 664 μήπω
1014 591 1260 658 γεγονότι
1296 591 1557 661 καίσαρι,
1610 593 1747 646 ἀλλὰ

175 695 271 748 καὶ
319 690 473 760 αύτῷ
510 688 588 741 [τι
625 687 718 738 τὸν
773 682 993 752 ἰδιώτην
1025 683 1238 734 ἕλκοντι
1276 681 1411 751 βίον.
1480 683 1538 736 '0
1571 686 1751 737 τοίνυν

167 785 551 843 Κωσταντῖνος
587 778 886 846 θρασύτητι
919 775 1143 842 γνώμης
1197 773 1296 844 τὴν
1338 774 1617 844 βαπιλείαν
1655 778 1754 844 ἀρ..

172 881 375 940 πάσας,
428 875 521 927 τόν
573 889 632 924 τε
685 870 896 936 πατέρα
937 867 1025 917 τὸν
1081 864 1231 934 ἐμὸν,
1288 868 1383 918 καὶ
1427 868 1551 927 τοὺς
1585 868 1750 920 αὐτοῦ

167 968 435 1036 ἀδελφοὺς
491 965 692 1024 ἀδίκως
752 959 1066 1021 ἀπέκτεινε,
1100 959 1195 1012 καὶ
1231 958 1258 1010 ό
1310 957 1502 1010 τούτου
1538 959 1594 1011 δὲ
1634 960 1750 1021 υίὸς

169 1055 567 1117 Κωνστὰντιος,
615 1051 684 1103 τά
710 1050 870 1117 ὃμοια
903 1046 983 1114 τῷ
1031 1049 1381 1116 γεγεννηκότι
1418 1048 1611 1112 ποιῶν,
1658 1050 1747 1100 τὸν

171 1147 303 1215 ἐμὸν
338 1145 566 1211 ἀδελφὸν
601 1141 805 1196 Γάλλον
855 1138 1185 1209 πεφόνευκε,
1215 1142 1308 1192 καὶ
1337 1139 1509 1193 ταῦτα
1546 1141 1748 1208 ὅρκους

167 1237 320 1305 αὑτῷ
353 1234 642 1304 φρικώδεις
690 1234 769 1294 είς
843 1231 1144 1300 ἀσφάλειαν
1197 1232 1632 1301 παρασχόμενος,
1684 1231 1745 1284 οὐ

170 1328 277 1393 μὴν
308 1327 390 1387 δὲ,
434 1325 570 1375 ἀλλά
599 1324 693 1375 καὶ
738 1324 883 1392 ἡμᾶς
912 1324 1127 1386 αὐτοὺς,
1161 1324 1210 1374 εί
1247 1321 1323 1392 μὴ
1353 1321 1492 1373 θεῶν
1520 1323 1746 1393 προνοίᾳ

169 1414 608 1484 περιεσώθημεν,
666 1414 806 1466 οὕτω
867 1412 1116 1482 διέθηκεν
1169 1413 1257 1467 ἀν.
1301 1412 1441 1464 Ἀλλ’
1493 1412 1648 1466 αὐτοί
1681 1429 1740 1464 τε

166 1507 529 1572 διεκώλυσαν,
563 1508 658 1560 καὶ
687 1507 818 1576 ἡμῖν
841 1505 1067 1574 αὑτοψεὶ
1095 1503 1193 1575 τὴν
1226 1507 1500 1574 σωτηρίαν
1531 1523 1739 1575 προμε-

170 1600 500 1668 μηνύκασιν.
545 1600 659 1668 Ἐφ’
699 1596 781 1662 οἷς
846 1600 956 1667 ἐγὼ
1016 1599 1111 1653 καὶ
1159 1599 1517 1669 τεθαρρηκὼς
1557 1599 1647 1650 τὸν
1687 1599 2114 1670 Χριστιανισμὸν
2161 1604 2584 1672 ἐξομοσάμενος,
2637 1601 2770 1669 πρὸς
2821 1600 2880 1651 τὸ

1851 601 1950 656 ter,
1987 605 2206 661 gerens,
2255 591 2480 643 fratrem
2532 607 2711 644 meum
2739 591 2950 645 Gallum
2984 596 3224 648 occidit:
3261 597 3425 664 idque

1847 697 1970 736 cum
1998 680 2243 734 horribili
2272 679 2632 749 jurejurando
2664 681 2711 734 ei
2751 683 3006 738 cavisset.
3044 684 3211 737 Porro
3238 695 3423 738 autem

1851 789 1949 827 nos
1997 787 2216 842 quoque
2250 772 2398 842 ipsos
2433 774 2505 826 ita
2557 772 2848 838 affecisset,
2884 775 2987 827 nisi
3038 776 3241 829 servari
3278 792 3431 830 esse-

1850 878 1971 917 mus
2000 863 2226 916 deorum
2264 861 2632 930 providentia.
2694 861 2799 914 Sed
2850 862 2950 931 ipsi
3000 863 3422 930 prohibuerunt,

1850 955 2010 1011 nobis
2037 965 2164 1008 ante
2189 954 2380 1009 oculos
2405 955 2760 1008 ostendentes
2778 955 3032 1018 salutem,
3062 971 3182 1023 quae
3205 954 3271 1006 ab
3295 954 3425 1022 ipsis

1846 1045 2232 1116 proficiscitur.
2266 1044 2475 1109 Quibus
2510 1059 2610 1114 ego
2637 1044 2833 1109 fretus,
2863 1046 3114 1114 abjnrato
3148 1045 3420 1097 Christia-

1847 1142 2046 1202 nismo,
2079 1138 2350 1192 declinavi
2393 1138 2460 1191 ad
2495 1136 2810 1192 Grtecorum
2845 1137 3164 1205 religionem
3194 1155 3204 1188 :
3244 1148 3300 1189 ut
3331 1135 3422 1204 qui

1845 1231 1984 1286 bene
2016 1231 2208 1292 sciam,
2257 1230 2404 1298 quod
2453 1228 2766 1284 Graecorum
2816 1238 2869 1282 et
2915 1226 3283 1281 Romanorum
3315 1228 3423 1277 vita

1846 1321 2248 1390 antiquissima,
2283 1321 2442 1375 bonis
2467 1330 2626 1374 utens
2657 1321 2905 1376 moribus
2949 1330 3003 1374 et
3034 1321 3261 1391 legibus,
3293 1321 3426 1372 deos

1850 1416 2107 1483 appellat,
2133 1415 2223 1484 qui
2269 1429 2336 1466 ex
2364 1427 2548 1465 rerum
2591 1413 2830 1480 ipsarum
2865 1413 3094 1465 veritate
3125 1411 3227 1464 sibi
3263 1410 3424 1463 ﬁdem

1849 1506 2075 1562 faciunt.

2957 1597 3269 1666 Ἑλληνικὸν
3317 1597 3424 1648 ἀπ-

180 1695 370 1746 έκλινα
403 1695 587 1757 σέϐας,
631 1689 691 1747 εὖ
731 1693 906 1756 είδὼς,
944 1693 1018 1753 ὼς
1052 1693 1079 1743 ό
1126 1690 1233 1743 τῶν
1295 1688 1564 1759 Ἑλλήνων
1607 1690 1702 1742 καὶ
1770 1690 2057 1761 Ῥωμαίων
2106 1696 2462 1764 ἀρχαιότατος
2505 1694 2639 1763 βίος,
2689 1692 2872 1753 καλοῖς
2910 1690 3055 1742 ἔθεσι
3093 1692 3187 1741 καὶ
3243 1691 3426 1756 νόμοις

164 1786 542 1853 χρησάμενος,
585 1785 740 1846 θεοὺς
803 1781 1226 1851 προσαγορεύει,
1278 1781 1404 1844 τοὺς
1451 1782 1511 1834 τὸ
1546 1783 1739 1835 πιστὸν
1768 1785 1874 1837 ἀπὸ
1912 1787 2011 1854 τῆς
2051 1788 2158 1839 τῶν
2200 1788 2542 1858 πραγμάτων
2572 1783 2794 1852 ἔχοντας
2829 1784 3108 1850 ἀληθείας.

240 1910 388 1974 KG'.
441 1906 538 1965 Τίς
605 1905 714 1975 γὰρ
772 1903 870 1974 τὴν
936 1901 1162 1975 γνώμην
1223 1903 1547 1972 ἀμφίδολος,
1607 1905 1749 1976 ἣλιοι

1933 1909 2122 1965 XXVI.
2165 1911 2297 1976 Quis
2320 1911 2465 1964 enim
2494 1910 2660 1963 animi
2691 1909 2856 1964 fuerit
2899 1909 3119 1970 dubius,
3154 1907 3247 1976 qui
3280 1908 3428 1962 vide-

167 2002 386 2071 βλέπων
440 1997 656 2067 οὐρανῷ
688 1997 1066 2060 διιππεύοντα,
1126 1996 1324 2066 ὲπίσης
1388 1997 1444 2049 δὲ
1496 1998 1590 2050 καὶ
1661 2016 1747 2050 σε-

164 2095 337 2162 λήνην
380 2092 466 2158 ἐφ’
515 2090 762 2159 ἅρματος
799 2089 1224 2160 χρυσαντύγου;
1269 2089 1326 2142 ’0
1374 2089 1473 2157 μὲν
1503 2090 1612 2159 γάρ
1647 2093 1745 2160 τὴν

166 2185 388 2253 ἡμέραν
425 2184 654 2253 φαεινὴν
683 2184 1079 2251 ἀπεργάζεται,
1109 2184 1202 2235 καὶ
1248 2183 1377 2246 τοὺς
1416 2183 1746 2252 ἀνθρώπους

168 2280 253 2339 είς
285 2277 422 2345 ἔργα
454 2277 787 2347 διανιστᾷ,ὴ
845 2276 900 2328 δὲ
960 2275 1057 2343 τὴν
1115 2273 1289 2327 νύκτα
1347 2273 1743 2343 λαμπαδουχεῖ,

165 2368 512 2440 ἁγρυπνοῦσί
551 2385 608 2420 τε
669 2369 760 2420 καὶ
798 2365 1118 2436 όδοποροῦσι
1155 2364 1290 2418 πολύ
1347 2383 1400 2417 τι
1458 2366 1588 2435 παρ’
1621 2368 1749 2417 ἑαυ-

163 2464 282 2524 τοῖς
337 2464 604 2530 παρέσχει
660 2460 719 2512 τὸ
774 2460 1070 2528 χρήσιμον.
1114 2457 1298 2510 Ταῦτα
1354 2457 1616 2526 Ἕλληνες
1655 2461 1748 2510 καὶ

182 2551 449 2618 Ῥωμαῖοι
481 2549 756 2613 θειάζουσί
783 2565 839 2599 τε
871 2550 962 2600 καὶ
997 2549 1242 2612 σέϐουσι,
1271 2549 1366 2602 καὶ
1400 2549 1551 2618 αύτῴ
1577 2551 1747 2619 ἀνήρ-

164 2643 454 2712 τησαντάς
484 2642 728 2706 ἐλπίδας,
747 2640 838 2692 τὸν
866 2639 964 2710 μὲν
991 2640 1201 2705 Ἥλιον,
1239 2640 1551 2693 Ἀπόλλωνα
1575 2656 1747 2708 προσ-

166 2735 595 2802 ἀγορεύσαντες,
628 2732 726 2802 τὴν
769 2733 1007 2803 Σελήνην
1040 2733 1096 2785 δὲ
1144 2734 1434 2803 Ἀρτεμιν,
1498 2733 1590 2784 καὶ
1625 2732 1747 2790 τοὺς

169 2826 472 2898 μεγίστους
502 2823 610 2874 τῶν
666 2824 936 2891 ἀστέρων,
968 2823 1059 2885 οὓς
1099 2828 1193 2875 καὶ
1228 2825 1505 2894 πλάνητας
1538 2825 1748 2875 ἀποκαο

166 2917 322 2970 λοῦσι
363 2915 490 2977 τοὺς
521 2912 619 2975 τὰς
669 2913 810 2964 ἑπτά
855 2911 1031 2974 ζώνας
1068 2913 1166 2973 τὰς
1201 2913 1486 2981 οὐρανίους
1519 2913 1748 2981 ἐπέχον-

165 3025 292 3072 τας,
324 3009 383 3060 ὃν
417 3006 515 3074 μὲν
549 3003 777 3076 Κρόνον,
814 3003 872 3055 ὃν
904 3001 960 3053 δὲ
990 3001 1108 3066 Δία,
1137 3002 1196 3054 ὃν
1241 3002 1298 3053 δὲ
1343 3001 1572 3070 Ἑρμῆν,
1603 3003 1661 3054 ὃν
1694 3003 1749 3054 δὲ

170 3101 372 3168 Ἀρεα,
421 3098 479 3150 ὃν
510 3098 565 3151 δὲ
609 3096 928 3166 Ἀφροδίτην
970 3092 1420 3163 ἐπονομάζουσιν.
1457 3087 1617 3146 Οὗτοι
1645 3094 1750 3163 γὰρ

166 3191 345 3242 τόντε
403 3191 609 3255 κόσμον
655 3189 872 3240 ἅπαντα
920 3185 1203 3248 διοικοῦσι,
1257 3187 1347 3239 καὶ
1391 3188 1512 3248 ταῖς
1571 3187 1750 3239 αὐτῶν

163 3282 465 3350 δυνάμεσιν
501 3281 533 3349 ὴ
566 3279 660 3331 ὑπ’
690 3277 918 3345 οὐρανὸν
945 3277 1132 3328 ἅπασα
1164 3277 1494 3344 διεξάγεται.
1529 3281 1750 3332 Τούτων
1778 3260 1822 3318 c

165 3375 354 3428 τοίνυν
409 3373 624 3434 εἰκόνας
680 3372 977 3440 στήσαντες
1025 3369 1278 3422 σέϐουσιν
1325 3370 1604 3440 ἄνθρωποι
1652 3371 1749 3422 καὶ

165 3465 430 3538 τιμῶσιν,
457 3465 572 3535 ἅμα
600 3463 694 3516 καὶ
721 3462 924 3532 μύθους
945 3462 1098 3526 τινὰς
1122 3463 1257 3532 πρὸς
1282 3461 1480 3534 ἡδονὴν
1504 3463 1750 3516 ἀναπλά-

171 3577 392 3623 σαντες,
426 3559 527 3629 οὐχ
572 3557 647 3621 ὡς
695 3556 851 3620 Θεοὺς
897 3557 955 3610 δὲ
1005 3557 1205 3628 τιμῶσι
1256 3559 1349 3610 καὶ
1400 3560 1497 3621 τάς
1534 3560 1750 3622 εἰκόνας

176 3652 386 3716 αὐτῶν,
456 3653 660 3715 ἄπαγε,
735 3647 895 3700 τοῦτο
951 3647 1061 3717 γὰρ
1119 3648 1180 3699 τὸ
1240 3648 1606 3719 ἁπλούστερον
1658 3650 1752 3702 καὶ

175 3743 502 3813 ἀγροικικὺν
529 3742 636 3794 τῶν
664 3738 966 3811 ἀνθρώπων
1002 3739 1397 3809 ύπολαμδάνει,
1435 3745 1664 3813 ἐπείπερ
1702 3743 1751 3794 oi

172 3837 372 3904 σοφίας
402 3834 761 3904 ἐπιθυμηταὶ,
797 3834 890 3886 καὶ
934 3832 1002 3884 τὰ
1038 3832 1142 3884 τῶν
1193 3832 1332 3885 θεῶν
1361 3833 1602 3902 ἀκριδῶς
1637 3835 1753 3900 ἑξε-

169 3930 455 3996 τάζοντες,
509 3929 687 3982 οἴδασι
735 3926 841 3979 τίνι
877 3923 974 3994 τὴν
1031 3924 1198 3995 τιμὴν
1246 3927 1602 3994 ἀπονέμουσι,
1658 3927 1753 3979 καὶ

170 4021 314 4094 πρὸς
339 4021 461 4075 τίνα
491 4023 525 4092 ἡ
554 4023 663 4075 τὼν
687 4017 846 4072 θείων
873 4015 1208 4088 ἀγαλμάτων
1237 4016 1610 4088 προσκύνησις
1636 4017 1751 4071 δια.

171 4117 372 4175 δαίνει.

247 4255 375 4308 κΖι,
397 4249 654 4320 Παραινῶ
681 4246 862 4299 τοίνυν
885 4247 950 4314 τῇ
983 4245 1048 4312 σῇ
1077 4242 1419 4310 γενναιότητι
1452 4243 1573 4312 μεθ’
1596 4241 1754 4313 ἡμῶν

170 4365 234 4402 τε
269 4343 546 4410 εἷναι,καὶ
579 4339 721 4394 κατά
760 4337 820 4391 τὸ
857 4337 987 4407 ἡμῖν
1038 4335 1276 4406 ἀρέσκον
1333 4334 1501 4404 βιοῦν,
1537 4338 1638 4406 τήν
1693 4353 1752 4389 τε

173 4437 478 4510 θρησκείαν
538 4431 856 4502 Ελληνίζειν
882 4430 1058 4501 ὀρθῶς
1090 4429 1184 4482 καὶ
1213 4427 1321 4480 τῶν
1343 4427 1587 4499 ἀρχαίων
1615 4429 1753 4482 ὲθῶν

174 4532 273 4584 καὶ
307 4527 653 4598 πραγμάτων
687 4521 1032 4590 ἀντέχεσθαι.
1095 4519 1153 4570 '0
1183 4519 1292 4587 γὰρ
1344 4520 1752 4580 Κωνσταντῖνος

1851 2005 2115 2059 ritsolem
2151 2004 2204 2056 in
2245 2003 2382 2058 coelo
2427 2003 2790 2072 equitantem,
2838 2002 3092 2054 similiter
3139 2012 3319 2053 autem
3372 2011 3427 2052 et

1848 2098 2053 2160 lunam,
2081 2111 2200 2163 qum
2228 2096 2449 2147 vehitur
2473 2111 2636 2148 curru
2672 2095 2898 2148 aurato?
2928 2093 3060 2146 Nam
3089 2094 3178 2146 illc
3207 2094 3427 2162 quidem

1849 2190 1990 2244 diem
2028 2187 2190 2241 efficit
2221 2186 2486 2247 lucidum,
2528 2195 2582 2238 et
2610 2185 2860 2238 homines
2888 2187 3086 2239 excitat
3116 2187 3182 2238 ad
3217 2202 3381 2253 Opera
3411 2205 3422 2238 :

1852 2283 1966 2337 haec
1995 2292 2175 2335 autem
2226 2281 2372 2334 nocti
2412 2279 2634 2348 prmfert
2668 2279 2837 2341 faces,
2883 2279 3342 2348 vigilantibusque
3375 2291 3428 2330 et

1851 2375 1954 2427 iter
1983 2371 2312 2425 facientibus
2358 2386 2422 2424 ex
2469 2386 2528 2423 se
2563 2386 2814 2440 magnam
2866 2372 3070 2439 prmbet
3114 2370 3424 2423 utilitatem.

1851 2466 1924 2518 Ea
1951 2465 2123 2520 Graeci
2156 2473 2210 2518 et
2237 2461 2464 2516 Romani
2498 2463 2551 2514 in
2591 2462 2725 2516 deos
2762 2463 3028 2524 referunt,
3061 2471 3115 2515 et
3143 2462 3346 2522 colunt,
3374 2473 3428 2514 et

1850 2571 2000 2625 spem
2040 2555 2096 2608 in
2132 2554 2264 2622 ipsis
2299 2553 2662 2614 collocarunt,
2691 2553 2858 2606 solem
2890 2553 3110 2621 quidem
3144 2551 3424 2622 appellan-

1855 2656 1935 2700 tes
1954 2647 2283 2714 Apollinem,
2315 2646 2498 2698 lunam
2533 2660 2658 2699 vero
2682 2644 2928 2700 Dianam.
2951 2645 3053 2698 Sed
3087 2655 3142 2698 et
3168 2659 3232 2698 ex
3256 2644 3428 2700 stellis

1851 2739 2132 2800 maximas,
2162 2738 2409 2806 planetas
2439 2737 2693 2791 videlicet
2729 2737 3046 2806 appellatas.
3080 2753 3177 2804 pro
3206 2737 3309 2789 diis
3336 2736 3430 2788 lia-

1851 2829 2002 2893 bent,
2045 2845 2164 2899 qua:
2200 2829 2434 2898 reliquas
2457 2829 2697 2898 quinque
2723 2843 2889 2882 zonas
2925 2827 3173 2881 cmlestcs
3200 2837 3387 2880 tenent
3413 2843 3426 2880 :

1851 2932 1905 2974 et
1922 2921 2079 2974 aliam
2099 2921 2317 2991 quidem
2347 2920 2666 2984 Saturnum,
2688 2922 2846 2974 aliam
2867 2920 3075 2983 Jovem,
3096 2921 3252 2973 aliam
3288 2919 3430 2972 Mer-

1851 3013 2087 3078 curium,
2113 3015 2272 3067 aliam
2308 3014 2557 3076 Martem,
2592 3015 2752 3067 aliam
2801 3024 2982 3066 autem
3023 3013 3289 3066 Venerem
3329 3028 3428 3063 no-

1825 3090 2082 3158 lminant.
2107 3106 2195 3158 Eae
2215 3109 2360 3158 enim
2388 3106 2651 3159 mundum
2680 3106 2995 3159 universum
3020 3105 3428 3168 administrant,

1853 3205 1908 3250 et
1935 3211 2123 3250 earum
2152 3196 2450 3249 virtutibus
2482 3197 2688 3268 regitur
2724 3198 2981 3251 universa
3013 3207 3174 3259 terra,
3207 3213 3325 3266 qua:
3349 3207 3430 3250 est

1859 3289 1960 3343 sub
1991 3289 2152 3344 cmlo.
2192 3288 2394 3342 Horum
2429 3304 2558 3359 ergo
2589 3299 2894 3343 statuentes
2937 3289 3222 3358 imagines,
3255 3289 3434 3343 homi-

1859 3395 1955 3432 nes
1985 3395 2075 3432 eas
2109 3381 2292 3432 colunt
2333 3391 2388 3434 et
2417 3381 2710 3446 honorant,
2761 3381 2923 3434 simul
2972 3382 3134 3435 etiam
3171 3383 3430 3448 quasdam

1860 3470 2067 3525 fabulas
2093 3471 2352 3540 ﬁngentes
2386 3473 2450 3526 ad
2479 3474 2838 3541 voluptatem.
2873 3472 2989 3526 Non
3020 3478 3275 3542 tanquam
3302 3476 3435 3526 deos

1859 3573 2038 3618 autem
2072 3565 2258 3618 colunt
2291 3579 2480 3619 eorum
2520 3565 2785 3637 imagines
2820 3567 3023 3636 tabsit),
3057 3568 3159 3620 hoc
3184 3567 3327 3619 enim
3361 3569 3432 3619 ita

1859 3654 2130 3721 accipiunt
2161 3657 2493 3723 agrestiores
2529 3658 2784 3714 homines
2819 3669 2874 3713 et
2906 3659 3304 3729 simpliciores:
3335 3659 3431 3712 sed

1859 3744 1951 3813 qui
1983 3745 2280 3815 cupiditate
2327 3756 2585 3803 tenentur
2629 3750 2931 3819 sapientiae,
2965 3759 3020 3805 et
3068 3765 3152 3804 res
3200 3749 3432 3804 deorum

1860 3847 2113 3890 accurate
2147 3837 2456 3906 inquirunt,
2486 3841 2666 3894 sciunt
2694 3841 2781 3895 cui
2806 3842 3070 3896 honorem
3093 3843 3354 3906 tribuant,
3379 3852 3435 3896 et

1861 3928 1927 3982 ad
1956 3943 2114 3998 quem
2144 3940 2388 3988 transeat
2415 3931 2661 3988 adoratio
2693 3934 3004 3988 divinarum
3036 3935 3356 4006 imaginum.

1931 4239 2143 4296 XXVII.
2175 4242 2344 4296 Tuam
2377 4259 2507 4318 ergo
2532 4245 2726 4300 hortor
2753 4248 3142 4317 pmstantiam,
3179 4259 3237 4306 ut
3271 4260 3374 4305 stet
3402 4267 3433 4306 a

1860 4337 2039 4401 nobis,
2065 4346 2120 4391 et
2149 4337 2313 4404 vivat,
2347 4346 2404 4392 ut
2430 4339 2587 4393 nobis
2617 4340 2818 4409 placet,
2884 4353 2939 4396 et
2986 4353 3134 4396 recte
3189 4342 3432 4398 Graecam

1859 4442 2119 4499 sequatur
2152 4431 2491 4501 religionem,
2521 4442 2574 4488 et
2605 4434 2838 4488 retineat
2864 4449 3045 4490 mores
3098 4444 3155 4490 et
3202 4451 3288 4490 res
3333 4452 3430 4489 ve-

1864 4525 2029 4577 teres.
2061 4521 2454 4578 Constantinus
2481 4525 2650 4586 enim,
2685 4527 2827 4579 sicut
2859 4528 2975 4596 ipse
3027 4543 3133 4580 non
3192 4527 3433 4599 ignoras,

174 4619 370 4688 ὥσπερ
406 4614 528 4668 οὐδὲ
577 4610 740 4672 αὐτὸς
799 4609 1043 4675 ἀγνοεῖς,
1095 4604 1496 4672 εὐεξαπάτητος
1548 4603 1749 4673 ἀνδρῶν

1864 4623 1980 4668 erat
2004 4611 2251 4668 omnium
2271 4613 2552 4668 hominum
2582 4615 2813 4686 deceptu
2837 4616 3163 4673 facillimus:
3193 4630 3248 4672 et
3306 4633 3432 4671 cum

173 4709 400 4781 ἀμαθής
451 4722 509 4758 τε
566 4703 662 4755 καλ⁸
716 4700 942 4770 ἀνόητος
980 4691 1079 4762 ὣν,
1121 4696 1252 4768 περὶ
1298 4696 1397 4764 τὴν
1459 4695 1759 4764 Θρησκείαν

173 4802 518 4869 ὲνεωτέρισε,
567 4799 662 4850 καὶ
694 4795 820 4856 τοὺς
866 4790 1130 4859 Ἑλλήνων
1163 4790 1434 4858 ἀθετήσας
1479 4789 1632 4851 Θεοὺς
1667 4790 1760 4840 ἐπὶ

172 4894 268 4948 τὸν
312 4888 744 4960 Χριστιανισμὸν
809 4883 1071 4948 ἐξέκλινε,
1136 4881 1236 4943 τὰς
1291 4881 1548 4943 ἀνοσίους
1592 4879 1758 4934 αὑτοῦ

176 4981 408 5052 πράξεις
439 4973 929 5044 ὲπαισλυνόμενος,
978 4973 1071 5025 καὶ
1103 4972 1185 5026 δτι
1217 4972 1265 5024 οἱ
1298 4971 1408 5024 θεοὶ
1439 4971 1622 5034 αὐτὸν,
1658 4970 1756 5036 τῆς

176 5074 330 5141 ἱερᾶς
365 5068 544 5122 αὐτῶν
578 5066 667 5120 καὶ
705 5062 1123 5130 παναγεστάτης
1177 5058 1474 5131 Θρησκείας
1521 5059 1595 5122 ὼς
1632 5057 1755 5121 ἐξα-

174 5179 364 5234 γιστον
393 5161 488 5214 καὶ
519 5159 779 5230 πονηρὸν,
814 5156 1003 5225 πόρρω
1053 5171 1156 5207 που
1188 5157 1284 5207 καὶ
1320 5152 1544 5224 μακρὰν
1589 5150 1748 5205 ἀπώ-

175 5269 361 5317 σαντο,
391 5251 485 5306 ἀτε
532 5251 625 5304 καὶ
655 5248 912 5318 ὁμογνίου
941 5245 1171 5315 αἵματος
1203 5245 1495 5314 γενόμενον
1527 5243 1702 5295 αἴτιον
1734 5258 1750 5276 ·

173 5343 303 5407 τούς
329 5361 388 5396 τε
419 5345 526 5412 γὰρ
555 5341 817 5410 ἀδελφοὺς
849 5340 1196 5402 ἀπέκτεινεν,
1229 5337 1383 5389 οὐδὲν
1413 5335 1614 5388 ἄτοπον
1639 5336 1752 5404 είρ-

173 5437 510 5508 γασμένους,
540 5435 635 5487 καὶ
662 5435 759 5502 τὴν
783 5435 1019 5501 γυναῖκα
1045 5429 1321 5496 Φαύσταν,
1352 5431 1444 5481 καὶ
1467 5428 1557 5480 τὸν
1583 5426 1752 5480 αὐτοῦ

171 5531 290 5585 υίδν
324 5530 582 5598 Πρίσκον,
610 5527 844 5598 χρηστόν
870 5542 926 5577 τε
961 5526 1055 5578 καὶ
1092 5524 1297 5592 ἀγαθὸν
1328 5526 1500 5594 ἀνδρα
1540 5523 1751 5593 τυγχά-

177 5639 361 5679 νονται
414 5621 512 5674 Διά
553 5620 730 5684 τοῦτο,
762 5618 1181 5686 θαυμασιώτατε
1217 5617 1447 5685 ἀνδρῶν,
1481 5617 1622 5687 ὁρῶν
1657 5633 1750 5668 σου

170 5714 273 5782 τῆς
302 5712 541 5772 διανοίας
573 5711 632 5763 τὸ
660 5710 918 5780 ἐμϐριθές
953 5725 1011 5760 τε
1044 5711 1136 5761 καὶ
1171 5707 1457 5776 στάσιμον,
1492 5706 1750 5775 βούλομαί

174 5822 234 5858 σε
272 5804 370 5873 τῆς
423 5805 696 5875 ἡμετέρας
745 5802 989 5873 ἑταιρίας
1047 5802 1140 5855 καὶ
1200 5801 1417 5873 μερίδος
1476 5800 1749 5868 γενέσθαι.

1860 4715 2004 4760 esset
2035 4705 2286 4762 indoctus
2313 4715 2365 4761 et
2394 4721 2601 4772 amens,
2655 4709 2933 4763 innovavit
2983 4710 3322 4781 religionem,
3380 4721 3431 4765 et

1857 4798 1960 4851 diis
1987 4796 2300 4850 Graecorum
2329 4799 2570 4864 abolitis,
2613 4800 2904 4853 declinavit
2958 4802 3024 4854 ad
3072 4802 3431 4856 Christianis-

1858 4905 2030 4950 mum.
2054 4905 2178 4944 cum
2205 4890 2498 4961 impiorum
2535 4907 2757 4947 suorum
2783 4892 3049 4948 factorum
3086 4908 3212 4948 eum
3260 4897 3432 4965 pude-

1858 4991 1961 5046 ret,
1982 4990 2038 5034 et
2071 4981 2216 5050 quod
2250 4982 2322 5035 dii
2345 4997 2492 5047 eum,
2517 4991 2771 5053 tanquam
2802 4983 3075 5054 impurum
3107 4995 3161 5038 et
3194 4987 3432 5038 scelera-

1857 5082 1990 5133 tum,
2023 5088 2052 5126 a
2090 5083 2437 5127 sacrosancta
2469 5089 2567 5128 sua
2621 5075 2878 5145 religione
2935 5074 3257 5143 expulerant
3314 5077 3432 5129 lon-

1852 5165 2093 5238 gissimc,
2130 5175 2188 5219 ut
2212 5166 2300 5235 qui
2330 5176 2620 5236 cognatum
2652 5168 2970 5236 sanguinem
3007 5167 3242 5223 fuderat.
3294 5168 3426 5222 Nam

1851 5265 1908 5309 et
1935 5255 2132 5309 fratres
2155 5255 2374 5320 occidit,
2400 5256 2490 5324 qui
2519 5256 2654 5309 nihil
2687 5257 2812 5310 mali
2844 5255 3111 5321 fecerant,
3132 5269 3186 5312 et
3206 5275 3429 5313 uxorem

1853 5347 2146 5412 Faustam,
2199 5355 2254 5401 et
2296 5361 2454 5400 suum
2482 5347 2650 5401 filium
2687 5345 2928 5402 Priscum
2968 5348 3289 5420 [Crispum],
3338 5350 3431 5420 qui

1852 5447 1968 5491 erat
1995 5440 2080 5490 vir
2112 5438 2252 5506 frugi
2283 5448 2337 5492 et
2369 5437 2566 5492 bonus.
2592 5439 2909 5507 Propterea,
2944 5455 2978 5494 ο
3028 5441 3107 5492 vir
3163 5441 3429 5509 imprimis

1853 5527 2189 5590 admirande,
2221 5545 2343 5584 cum
2376 5531 2590 5586 videam
2625 5539 2727 5584 tua:
2765 5533 2965 5586 mentis
3015 5531 3335 5602 gravitatem
3375 5543 3431 5588 et

1853 5622 2240 5685 constantiam,
2270 5622 2392 5675 volo
2423 5632 2474 5677 te
2503 5637 2624 5678 esse
2653 5631 2962 5678 nostrarum
2993 5625 3246 5692 partium.
3282 5626 3423 5693 Age-

1854 5708 1981 5761 dum
2016 5723 2162 5778 crgo,
2192 5724 2224 5762 o
2263 5713 2491 5774 Artemi,
2523 5713 2588 5767 ad
2617 5715 2848 5782 patriam
2892 5723 2945 5768 et
2988 5716 3425 5784 antiquissimam

1855 5810 1908 5855 et
1937 5806 2170 5858 maxime
2211 5803 2522 5860 diuturnam
2589 5803 2958 5862 Romanorum
3011 5817 3064 5862 et
3111 5807 3422 5862 (Siracorum
