3990 6446
567 385 707 450 1195

1870 383 2150 443 MENSIS
2189 384 2553 448 OCTOBER.

3727 383 3846 447 1196

559 502 843 554 admirans
866 500 1119 569 martyris
1150 498 1351 552 variam
1369 512 1430 553 ac
1450 497 1807 569 multiplicem
1832 498 2131 553 doctrmum

2267 494 2579 570 πολυμαθεῖς
2626 498 2719 551 τοῦ
2755 498 3031 569 μάρτυρος
3058 502 3151 554 καὶ
3187 502 3325 572 πρὸς
3354 502 3665 572 απόκρισιν
3716 506 3844 554 ἐτοι-

559 602 613 645 et
670 590 735 646 ad
785 590 1226 661 respondendum
1263 590 1603 644 facilitatem.
1654 590 1750 644 Cui
1792 605 1981 645 rursus
2008 592 2143 645 dicit

558 684 754 736 Christi
792 693 992 751 martyr
1036 698 1049 736 :
1088 681 1325 743 Dimitte,
1350 683 1714 751 oimperator,
1739 682 1850 750 jam
1872 692 2140 735 mortuam

556 786 610 829 et
634 776 853 829 fetidam
874 774 1113 844 gentium
1141 774 1461 843 religionem
1520 776 1605 844 (ea
1632 774 1773 826 enim
1793 776 1900 842 jam
1930 776 2020 828 diu
2044 790 2143 844 pu-

559 868 741 935 truil),
765 875 819 919 et
848 866 1047 919 accede
1079 866 1143 918 ad
1164 862 1443 919 Christum
1470 872 1585 918 :est
1610 866 1751 918 enim
1777 866 2043 936 benignus
2086 875 2142 920 et

555 959 813 1021 clemens,
853 968 907 1010 et
940 965 991 1011 te
1026 973 1134 1010 non
1180 958 1427 1026 repellet,
1468 958 1510 1010 si
1544 958 1762 1011 ducaris
1790 959 2135 1028 pcnnitentia.

555 1050 658 1106 Sed
698 1052 811 1104 fieri
838 1065 943 1103 non
975 1058 1208 1118 poterat,
1240 1058 1299 1102 ut
1355 1059 1555 1118 martyr
1595 1051 1875 1103 resisteret
1916 1049 2137 1119 impetui

553 1144 768 1203 animat.
804 1158 922 1208 qua:
949 1142 1086 1194 mala
1118 1142 1297 1195 libens
1326 1156 1385 1195 ac
1411 1142 1599 1196 volens
1628 1142 1962 1210 sequebatur
1983 1183 1997 1207 ,
2039 1158 2141 1196 nec

556 1246 613 1289 ut
661 1234 1364 1302 revocaretauimam,qute
1413 1249 1510 1287 sua
1550 1246 1748 1303 sponte
1791 1235 2049 1291 tendebat
2072 1238 2137 1289 ad

558 1326 863 1379 interitum.
906 1323 1159 1378 Julianus
1196 1326 1345 1378 enim
1386 1327 1498 1395 jam
1549 1325 1637 1379 diu
1685 1327 1908 1395 quidem
1955 1327 2139 1381 animo

555 1418 869 1485 parturiens
897 1416 1085 1469 falsam
1124 1416 1369 1485 gentium
1408 1416 1753 1486 religionem,
1794 1432 1957 1485 quam
2006 1431 2137 1469 con-

562 1518 787 1579 ceperat
837 1510 890 1561 in
935 1507 1083 1561 lonia
1123 1524 1186 1560 ex
1226 1524 1323 1561 sua
1399 1510 1787 1579 congressione
1822 1523 1945 1562 cum
1974 1508 2139 1561 Maxi-

553 1616 643 1654 mo
695 1600 857 1671 Tyrio
908 1599 1267 1669 phil050pho,
1313 1600 1555 1667 quandiu
1602 1601 1822 1669 quidem
1857 1609 2135 1670 superstes

553 1692 657 1746 fuit
700 1693 822 1761 ejus
865 1690 1056 1756 frater,
1099 1700 1152 1743 et
1200 1701 1320 1760 post
1357 1692 1535 1759 ipsum
1584 1689 1959 1755 Constantius,
1999 1691 2134 1745 nihil

553 1800 719 1838 ausus
779 1792 863 1838 est
904 1785 1119 1853 aperire
1163 1793 1387 1853 propter
1431 1784 1645 1837 illorum
1702 1794 1929 1840 metum.
1977 1784 2135 1839 Post-

2249 593 2499 661 μότατον.
2536 592 2676 660 Πρὸς
2710 592 2767 643 ὃν
2804 593 2961 645 πάλιν
2992 594 3017 644 ὁ
3044 593 3134 644 τοῦ
3167 594 3405 663 Χριστοῦ
3438 595 3661 664 μάρτυς
3701 597 3843 662 φησὶ,

2249 684 2438 749 Ἄφες,
2470 676 2514 733 ὦ
2555 682 2799 751 βασιλεῦ,
2841 683 2937 752 τὴν
2993 686 3191 751 νεκρὰν
3228 685 3326 754 ἤδη
3368 688 3467 737 καὶ
3519 683 3846 754 ἐξῳδηκυῖαν

2242 773 2350 823 τῶν
2394 772 2662 840 Ἑλλήνων
2708 772 3007 841 θρησκείαν
3058 772 3218 843 (αὕτη
3242 776 3348 842 γὰρ
3382 777 3479 827 καὶ
3514 777 3627 844 πρὸ
3658 776 3839 827 πο).λοῦ

2246 866 2501 931 σέσηπε),
2542 865 2633 916 καὶ
2666 868 2926 933 πίιοσελῦε
2957 867 3034 934 τῷ
3071 867 3312 937 Χριστῷ·
3352 870 3721 938 ιιακρόουμος
3750 874 3845 939 γάρ

2242 958 2359 1009 ἐστι
2395 959 2486 1010 καὶ
2521 957 2922 1026 φιλάνθρωπος,
2978 960 3071 1011 καὶ
3127 961 3224 1011 οὐκ
3266 960 3557 1012 άπώσεταί
3594 980 3655 1014 σε
3687 981 3843 1031 μεταο

2254 1049 2419 1119 μελού
2430 1068 2615 1117 μενον.
2650 1050 2789 1102 Ἀλλ’
2808 1050 2905 1101 οὐκ
2934 1046 2999 1121 ἧν
3020 1052 3126 1120 ἄρα
3158 1052 3381 1121 γνώμης
3411 1053 3845 1122 ἐθελοκακούσης

2240 1143 2515 1211 ἀντισχεῖν
2540 1144 2629 1195 τὸν
2657 1144 2911 1213 μάρτυρα
2942 1146 3060 1205 ταές
3088 1145 3316 1212 ὀρμαῖς,
3353 1146 3466 1197 οὐδ’
3502 1147 3841 1199 ἀνακαλέσα-

2248 1234 2372 1285 σθαι
2393 1234 2570 1303 ψυχὴν
2595 1236 2913 1303 αὐτομόλως
2939 1234 3224 1305 χωροῦσαν
3254 1239 3392 1306 προς
3416 1243 3516 1307 τὴν
3544 1240 3841 1291 ἀπώλειαν.

2254 1322 2313 1376 Ὀ
2368 1327 2477 1394 γὰρ
2548 1326 2873 1391 Ἰουλιανὸς,
2941 1328 3109 1379 πάλαι
3161 1328 3253 1380 τὸν
3299 1327 3685 1397 Ἑλληνισμὸν
3719 1333 3848 1382 κατὰ

2238 1414 2417 1485 ψυχὴν
2466 1417 2699 1480 ὠδίνων,
2738 1420 2801 1469 ἐκ
2829 1419 2939 1469 τῶν
2969 1418 3027 1468 ἐν
3072 1418 3247 1488 Ἰωνίᾳ
3308 1421 3670 1488 γενομένων’
3702 1422 3843 1485 αὑτῴ

2244 1507 2381 1572 μετὰ
2412 1506 2519 1557 τῶν
2545 1508 2687 1574 ἀμφὶ
2710 1508 2800 1559 τὸν
2836 1508 3088 1577 Μάξιμον
3149 1509 3463 1577 φιλοσόφων
3522 1510 3843 1569 συνουσιῶν,

2242 1598 2328 1667 ἐφ’
2349 1600 2471 1651 ὅσον
2500 1600 2600 1668 μὲν
2621 1600 2708 1652 ὅτε
2740 1601 2967 1669 ἀδελφὸς
2990 1602 3140 1672 αὐτῷ
3171 1603 3388 1672 περιῆν,
3418 1607 3514 1655 καὶ
3544 1605 3668 1672 μετ’
3697 1605 3845 1657 αὐτὸν

2242 1691 2642 1753 Κωνστάντιος,
2687 1694 2714 1743 ὁ
2740 1692 2795 1743 δέ
2831 1692 2985 1744 οὐδὲν
3033 1695 3432 1763 παραγυμνοῦν
3469 1696 3708 1766 ἐθάρρει
3767 1697 3843 1748 διά

2239 1780 2301 1831 τὸ
2341 1780 2397 1842 ἐξ
2430 1782 2656 1832 ἐκείνων
2680 1780 2825 1845 δέος,
2853 1785 2975 1834 ἐπεὶ
2998 1783 3054 1834 δέ
3081 1778 3229 1836 οὗτοι
3255 1786 3313 1847 ἐξ
3335 1786 3658 1854 ἀνθρώπων
3689 1783 3842 1855 ἦσαν.

552 1892 713 1946 quam
750 1885 931 1929 autem
986 1876 1021 1928 ii
1064 1891 1094 1928 e
1134 1876 1275 1928 vivis
1307 1884 1684 1940 excesserunt,
1716 1876 1831 1945 ipse
1869 1889 1996 1929 vero
2023 1877 2131 1944 jam

2243 1871 2407 1932 αὐτὸς
2437 1872 2492 1922 δὲ
2523 1873 2633 1924 τῶν
2674 1875 3021 1944 πραγμάτων
3076 1876 3177 1944 ἥδη
3239 1876 3429 1942 κύριος
3495 1872 3589 1945 ἦν,
3640 1879 3763 1928 τότε
3786 1879 3841 1946 δὴ

554 1985 736 2023 rerum
781 1969 1089 2038 potiretur,
1143 1977 1276 2021 tunc
1308 1967 1421 2036 ipse
1464 1983 1522 2022 se
1552 1979 1738 2037 aperte
1780 1982 2008 2031 exuens,
2049 1982 2135 2020 re-

551 2068 714 2131 pente
756 2070 869 2115 toto
896 2060 1062 2113 animi
1096 2060 1282 2114 studio
1314 2062 1497 2127 erupit
1546 2062 1611 2114 ad
1641 2060 1885 2130 gentium
1924 2062 2136 2115 vanita-

554 2163 685 2206 tem.
757 2150 1066 2222 Respondit
1114 2152 1300 2221 itaque
1352 2152 1571 2223 martyri
1617 2171 1629 2206 :
1688 2153 1959 2217 Quoniam
2014 2170 2133 2207 mea

552 2246 715 2299 verba
747 2245 1166 2314 contempsisti,
1210 2262 1242 2300 ο
1290 2246 1615 2299 sceleratum
1649 2256 1835 2314 caput,
1866 2261 2033 2299 ausus
2075 2262 2133 2300 es

555 2345 734 2389 autem
798 2336 881 2391 vel
932 2335 1113 2391 facere
1151 2336 1488 2406 periculum,
1541 2344 1600 2388 ut
1645 2346 2002 2389 converterer
2067 2342 2131 2389 ad

556 2425 830 2489 eumdem,
870 2425 934 2478 ad
966 2440 1127 2493 quem
1169 2436 1247 2487 tu,
1295 2426 1496 2479 Christi
1551 2428 1789 2489 cultum,
1834 2442 1933 2495 ego
1994 2442 2134 2494 quo-

555 2532 664 2586 que
705 2528 755 2570 te
794 2516 975 2586 dignis
1010 2517 1173 2570 rebus
1226 2517 1462 2570 vicissim
1514 2518 1925 2572 remunerabor.
1969 2516 2135 2570 Iubet

555 2613 738 2680 itaque
787 2611 913 2664 exui
953 2621 1266 2680 martyrem,
1301 2621 1353 2663 et
1387 2610 1599 2664 subulis
1662 2609 1856 2665 ferreis
1893 2613 2134 2665 canden-

556 2705 700 2757 tibus
733 2705 850 2773 ejus
876 2703 1040 2756 latera
1082 2702 1300 2774 conligi,
1336 2712 1390 2755 et
1431 2703 1605 2755 acutis
1643 2703 1857 2755 tribulis
1908 2703 2129 2755 dorsum

553 2796 672 2865 ejus
709 2797 900 2865 pungi,
947 2806 1000 2849 et
1044 2796 1338 2864 disrumpi,
1384 2795 1512 2848 dum
1579 2796 1817 2863 supinus
1870 2797 2129 2848 trahitur.

554 2889 651 2941 His
690 2898 869 2942 autem
897 2889 1294 2957 quamprimum
1330 2888 1514 2951 illatis,
1558 2897 1675 2947 erat
1703 2889 1751 2941 ei
1779 2888 1993 2947 eadem,
2020 2886 2131 2938 sic-

558 2992 617 3035 ut
649 2982 819 3051 prius,
884 2982 1213 3033 constantia.
1274 2980 1453 3031 Multis
1491 2981 1675 3047 itaque
1711 2979 1861 3031 horis
1893 2993 1948 3030 se
1987 2993 2132 3029 mar-

558 3084 670 3145 tyre
699 3073 909 3126 fortiter
935 3081 1157 3142 gerente
1195 3071 1248 3124 in
1280 3070 1592 3133 tormentis,
1640 3069 1925 3133 et,nullam
1972 3068 2135 3122 emit—

556 3177 705 3221 tente
744 3182 927 3220 vocem
981 3176 1072 3219 aut
1099 3166 1384 3235 gemitum,
1424 3172 1664 3218 moestus
1701 3162 1791 3217 ille
1821 3171 1875 3216 et
1908 3163 2083 3216 tristis
2115 3204 2128 3225 ,

557 3262 813 3320 tanquam
868 3254 1080 3315 \‘iClllS,
1143 3251 1383 3305 surrexit
1440 3267 1469 3305 e
1530 3252 1827 3314 tribunali,
1885 3261 1938 3304 et
1976 3250 2134 3318 jubet

558 3355 855 3414 martyrem
915 3358 1102 3396 rursus
1149 3342 1345 3397 abduci
1400 3346 1452 3395 in
1510 3357 1813 3401 carcerem,
1859 3350 1912 3393 et
1956 3354 2133 3408 neque

558 3452 751 3505 panem
809 3451 982 3505 neque
1008 3450 1201 3503 aquam
1250 3434 1298 3486 ei
1332 3434 1598 3501 praeberi,
1659 3448 1760 3487 nec
1800 3447 2136 3503 quaecunque

557 3529 624 3582 ad
663 3526 864 3580 victum
895 3533 1119 3578 sumunt
1150 3524 1419 3579 homines.
1466 3522 1587 3592 lpse
1633 3536 1813 3578 autem
1850 3527 2132 3595 profectus

555 3618 731 3673 estad
767 3616 1067 3687 llaphnem,
1105 3616 1195 3686 qui
1224 3625 1307 3670 est
1336 3614 1642 3669 Antiochiae
1722 3615 1873 3668 locus
1930 3616 2133 3683 jucun-

556 3709 831 3763 dissimus.

624 3986 840 4041 XXXII.
917 3985 1072 4039 Circa
1098 3984 1335 4038 mediam
1392 3996 1575 4040 autem
1623 3995 1837 4041 noctem
1906 3999 2133 4058 apparet

556 4078 809 4133 Christus
854 4077 1074 4148 martyri
1121 4077 1295 4130 oranti
1356 4076 1408 4128 in
1461 4078 1744 4139 custodia,
1778 4079 2023 4130 animum
2081 4080 2129 4132 ei

554 4173 782 4234 addens,
830 4178 883 4223 et
918 4184 974 4221 se
1008 4183 1128 4219 cum
1169 4182 1235 4221 eo
1280 4168 1504 4221 omnino
1540 4166 1782 4221 futurum
1840 4169 2127 4237 pollicens,

556 4273 612 4317 et
636 4263 869 4317 dicens;
916 4260 1200 4325 Quomodo
1241 4259 1354 4328 ipse
1400 4276 1484 4313 me
1522 4259 1806 4314 confessus
1833 4264 1978 4315 luisti
2030 4279 2130 4316 co-

557 4370 670 4409 ram
702 4354 1015 4408 hominibus
1044 4369 1207 4422 super
1240 4363 1457 4417 terram,
1504 4368 1605 4420 ego
1631 4369 1847 4420 quoque
1879 4364 1929 4406 te
1960 4354 2130 4407 conli-

557 4450 712 4499 tebor
758 4460 939 4497 coram
988 4444 1144 4495 Patre
1193 4458 1354 4505 meo,
1395 4444 1486 4511 qui
1535 4452 1617 4496 est
1674 4445 1728 4495 in
1786 4444 1957 4498 oculis.
2010 4442 2132 4499 Haec

2240 1965 2318 2025 εἰς
2360 1964 2420 2015 τὸ
2456 1966 2692 2033 φανερὸν
2729 1967 3250 2035 άπαμφιασάμενος,
3282 1968 3488 2029 πάσαις
3536 1968 3740 2037 ἀθρόον
3767 1971 3839 2029 εἰς

2236 2054 2333 2104 τὸν
2369 2053 2721 2123 Ἑλληνισμὸν
2753 2054 3027 2126 ἐξερράγη
3045 2060 3163 2121 ταῖς
3194 2058 3552 2127 προθυμίαιςι
3593 2059 3840 2129 ’Λπεκρί-

2237 2162 2367 2196 νιτο
2396 2146 2688 2213 τοιγαροῦν
2720 2148 2854 2214 πρὸς
2884 2149 2975 2199 τὸν
3008 2151 3288 2219 μάρτυρα,
3336 2150 3490 2201 Ἐπεὶ
3510 2152 3642 2211 τοὺς
3682 2154 3839 2220 ἐμοὺς

2237 2236 2533 2304 ἐφαύλισας
2569 2238 2782 2303 λόγους,
2804 2232 2849 2289 ὧ
2879 2242 3019 2307 κακὴ
3046 2242 3279 2309 κεφαλὴ,
3324 2242 3639 2310 ἐτόλμησας
3671 2243 3727 2295 δὲ
3752 2246 3837 2296 καὶ

2236 2328 2465 2378 καθεῖνα
2526 2330 2741 2397 πεῖραν,
2774 2327 2912 2381 ὥστε
2946 2332 3080 2400 πρὸς
3116 2332 3173 2383 τὸ
3221 2336 3383 2385 αὐτόν
3419 2351 3501 2385 σοι
3553 2335 3649 2386 τοῦ
3711 2338 3840 2406 Χριο

2243 2419 2571 2486 στιανισμοῦ
2640 2422 2801 2483 σὲὅας
2868 2422 3217 2491 μεταϐαλεῖν,
3279 2425 3839 2496 ἀντιφιλοτιμήσομαέ

2243 2525 2327 2560 σοι
2373 2509 2529 2575 κάγὼ
2575 2515 2684 2572 τοῖς
2720 2513 2892 2577 ἀξίοις
2946 2515 3186 2583 ῥήμασι.
3219 2517 3454 2567 Κελεύει
3486 2518 3673 2570 τοίνυν
3709 2522 3837 2570 dno-

2236 2600 2580 2669 γυμνοῦσθαι
2613 2604 2704 2655 τὸν
2744 2606 2997 2674 μάρτυρα
3028 2608 3123 2658 καὶ
3159 2607 3414 2668 σούῦ).αι;
3448 2610 3708 2677 σιδηραῖς
3744 2627 3832 2661 πε-

2237 2700 2699 2761 πυρακτωμέναις
2733 2698 2830 2757 τὰς
2860 2694 3099 2765 πλευράς
3140 2697 3307 2748 αὐτοῦ
3368 2699 3831 2769 διαπερονᾶσθαι,

2238 2787 2329 2835 καὶ
2370 2786 2457 2836 τον
2491 2785 2658 2837 νῶτον
2688 2787 2850 2837 αὑτοῦ
2885 2788 3157 2856 τριϐόλοις
3192 2788 3337 2851 ὀξέσι
3395 2795 3833 2847 κατακεντᾶσοαι

2238 2876 2329 2926 καὶ
2360 2875 2793 2945 διαρρὴγνυσθαι
2816 2878 3114 2947 συρόμενον
3139 2878 3348 2933 ὕπτιον.
3379 2880 3599 2935 Τούτων
3616 2886 3669 2935 δὲ
3697 2887 3831 2953 πρὸς

2236 2964 2400 3032 τάχος
2474 2965 2883 3034 ἐπενεχθέντων
2913 2967 2983 3039 τῷ
3029 2972 3291 3041 μάρτυρι,
3318 2974 3351 3040 ἠ
3384 2974 3525 3041 αὐτῇ
3562 2978 3831 3044 καρτερία

2235 3052 2512 3130 ἦνάύτῷ,
2544 3061 2797 3129 καθάπερ
2827 3062 2892 3131 δὴ
2922 3068 3016 3114 καὶ
3042 3063 3102 3114 τὸ
3134 3065 3418 3132 πρότερον.
3464 3066 3592 3117 Ἐπὶ
3611 3068 3833 3132 πολλαῖς

2237 3153 2330 3207 οὖν
2364 3160 2479 3217 ταῖς
2508 3157 2679 3227 ὥραις
2733 3160 2852 3219 ταῖς
2885 3158 3144 3226 βασάνοις
3172 3160 3399 3222 ταύταις
3430 3164 3832 3232 ἐγκαρτερούν-

2238 3263 2329 3308 τος
2358 3246 2452 3298 τοῦ
2483 3250 2780 3318 μάρτυρος,
2826 3251 2919 3303 καὶ
2959 3250 3094 3321 μηδὲ
3135 3252 3266 3320 μίαν
3318 3256 3501 3323 φωνὴν
3536 3258 3567 3326 ἧ
3606 3274 3831 3325 στεναγο

2243 3338 2344 3406 μὸν
2406 3339 2682 3408 ἀφιέντος,
2741 3347 2991 3412 κατηςρής
3074 3346 3281 3408 ἐκεῖνος
3348 3348 3443 3399 καὶ
3506 3351 3833 3420 σκυθρωπὸς

2238 3430 2426 3501 ὥσπερ
2448 3434 2781 3503 ἡττώμενος,
2806 3436 3065 3507 ἐξανέστη
3093 3437 3185 3490 τοῦ
3214 3439 3480 3508 βήματος,
3506 3442 3603 3493 καὶ
3621 3443 3830 3499 κελεύει

2238 3524 2328 3575 τὸν
2357 3529 2611 3591 μάρτυρα
2634 3527 2797 3577 πάλιν
2830 3529 2923 3579 ἐπὶ
2956 3529 3054 3596 τὴν
3098 3532 3321 3599 εἱρκτὴν
3358 3535 3706 3601 ἀπαχθῆναι,
3740 3536 3830 3586 καὶ

2242 3617 2375 3681 μήτε
2416 3615 2593 3684 ιάρτον
2647 3619 2785 3687 μήτε
2857 3616 3000 3688 ὕδωρ
3036 3620 3183 3687 αὐτῷ
3228 3626 3672 3692 παρασχευῆναι,
3705 3625 3832 3693 μηό⁹

2238 3704 2335 3755 ὅσα
2367 3708 2500 3774 πρὸς
2539 3707 2600 3758 τὸ
2633 3708 2734 3777 ζῇν
2772 3709 3286 3779 μεταλαμϐάνουσιν
3312 3713 3619 3783 ἄνθρωποι.
3659 3719 3829 3778 Αὐτὸς

2236 3795 2294 3847 δὲ
2332 3798 2426 3849 ἐπὶ
2489 3798 2589 3869 τὴν
2630 3802 2848 3871 Δάφνην
2881 3801 3172 3873 ἐξώρμησε
3207 3805 3306 3873 τῆς
3377 3807 3719 3879 Ἀντιοχείας
3773 3814 3828 3863 τὸ

2235 3889 2615 3957 χαριέστατον.

2309 3981 2431 4031 ΔΒ’.
2462 3983 2597 4051 Περὶ
2624 3985 2681 4036 δὲ
2719 3986 2890 4053 μέσας
2950 3987 3149 4053 νύκτας
3181 3992 3274 4042 ἐπὶ
3320 3992 3419 4061 τῆς
3452 3995 3709 4067 φυλακῆς
3736 3999 3824 4050 εύ-

2239 4073 2453 4139 χομένῳ
2488 4077 2563 4140 τῷ
2600 4074 2866 4143 μάρτυρι,
2901 4079 2928 4128 ὁ
2956 4080 3187 4147 Χριστὸς
3220 4083 3595 4149 ἐπιφαίνεται,
3624 4090 3825 4157 θάρσος

2238 4177 2296 4211 τε
2330 4163 2561 4224 ἐντιθεὶς
2595 4165 2689 4216 καὶ
2728 4169 2968 4220 συνεῖναι
2998 4171 3149 4237 αὐτῷ
3180 4172 3437 4239 καθάπαξ
3483 4178 3824 4246 ἐπαγγελλόν

2240 4271 2420 4323 μενος,
2448 4256 2659 4327 Ὥσπερ
2682 4259 2868 4324 αὑιὸς,
2890 4259 3083 4328 λέγων,
3108 4262 3468 4335 ὡμολόγησάς
3501 4287 3572 4334 με
3591 4272 3824 4325 ἐνώπιον

2234 4347 2341 4397 τῶν
2372 4348 2676 4420 άνορώττων
2711 4355 2803 4403 ἐπὶ
2853 4355 2952 4423 τῆς
2997 4357 3124 4425 γῆς,
3182 4360 3507 4428 ὁμολογήσω
3569 4365 3727 4431 κάγὼ
3764 4367 3819 4417 σᾶ

2239 4439 2473 4490 ἐνώπιον
2507 4442 2600 4491 τοῦ
2624 4441 2836 4509 Πατρός
2864 4462 2964 4512 μου
2990 4448 3082 4498 τού
3118 4450 3175 4499 ἐν
3200 4454 3312 4511 τοῖς
3332 4457 3608 4518 οὐρανοῖς.
3637 4460 3819 4510 Ταῦτα

555 4554 678 4593 cum
726 4546 929 4607 martyr
972 4534 1237 4588 audiisset
1275 4549 1304 4587 a
1338 4532 1586 4595 Domino,
1635 4534 1878 4600 conﬁdit,
1918 4546 1974 4588 et
2013 4544 2123 4589 tota

2239 4529 2257 4579 5
2290 4531 2498 4597 μάρτυς
2529 4531 2767 4594 ἀκούσας
2803 4537 2950 4604 παρὰ
2975 4539 3199 4607 Κυρίου,
3229 4541 3529 4613 ἐθάρσησε,
3562 4552 3660 4599 καὶ
3693 4552 3817 4621 παρ’

554 4639 713 4686 nocte
760 4629 927 4682 Deum
970 4628 1326 4698 glorificavit,
1365 4628 1494 4679 etei
1525 4627 1632 4695 egit
1672 4627 1892 4696 gratias.
1932 4628 1977 4678 A
2009 4628 2122 4695 pla-

553 4722 637 4790 gis
672 4720 814 4772 enim
842 4718 957 4769 suis
985 4730 1037 4769 et
1072 4718 1392 4769 vulneribus
1418 4725 1643 4783 repente
1679 4716 1778 4769 fuit
1811 4718 2088 4769 relaxatus
2110 4756 2124 4779 ,

552 4814 686 4867 adeo
723 4819 780 4864 ut
819 4826 886 4864 ne
932 4809 1121 4864 vibicis
1158 4809 1375 4878 quidem
1424 4809 1705 4877 vestigium
1738 4819 2029 4878 appareret
2074 4809 2125 4860 in

554 4912 744 4957 sancto
774 4901 893 4969 ejus
924 4916 1173 4969 corpore.
1227 4899 1413 4967 Spatio
1446 4911 1625 4953 autem
1658 4901 1969 4968 quindecim
2006 4901 2125 4953 die-

553 5008 675 5047 rum
733 4992 933 5045 mansit
980 4993 1205 5045 omnino
1241 4994 1464 5059 jejunus
1512 4993 1565 5045 in
1596 5008 1835 5054 carcere,
1885 4995 2125 5046 nutritus

555 5099 693 5154 pane
724 5083 1062 5152 angelorum,
1114 5097 1212 5135 seu
1268 5083 1437 5151 gratia
1488 5082 1618 5135 boui
1646 5082 1902 5152 Spiritus.
1952 5082 2123 5136 Julia-

552 5191 655 5229 nus
703 5189 830 5227 vero
867 5189 1011 5235 cum,
1045 5174 1185 5226 sicut
1230 5174 1487 5238 diximus,
1544 5175 1783 5227 venisset
1812 5175 2124 5244 Dapltnem,

554 5266 819 5322 sacrificia
868 5267 1089 5335 parabat
1143 5267 1405 5334 Apollini,
1452 5282 1677 5334 sperans
1715 5267 1830 5320 fore
1864 5278 1921 5323 ut
1953 5268 2020 5322 ab
2060 5283 2126 5322 eo

552 5362 663 5413 cito
717 5358 990 5426 acciperet
1035 5370 1317 5426 TCSpUllsa.
1356 5356 1577 5425 Daphne
1625 5368 1707 5410 est
1746 5359 2121 5412 suburbanum

551 5449 870 5510 Antiochiae,
926 5450 1087 5501 situm
1142 5450 1195 5499 in
1256 5450 1373 5515 ejus
1421 5449 1549 5501 locis
1598 5449 1903 5513 altioribus,
1937 5461 1991 5504 et
2046 5461 2125 5505 te-

550 5553 697 5596 Clum
742 5555 903 5593 omne
952 5554 1122 5609 genus
1155 5540 1481 5592 arboribus:
1522 5555 1628 5607 quo
1659 5540 1711 5593 in
1749 5541 1868 5594 loco
1907 5553 1959 5595 et
1992 5544 2123 5597 alia-

550 5646 672 5686 rum
706 5634 964 5683 arborum
994 5640 1047 5684 et
1084 5632 1382 5700 praesertim
1426 5645 1847 5698 cupressorum,
1884 5636 2117 5689 maxima

550 5724 651 5775 fuit
709 5723 946 5792 planiata
990 5724 1298 5786 multitudo,
1353 5724 1784 5792 pulchritudine.
1830 5726 2117 5783 altitudine

551 5823 606 5866 et
639 5814 1009 5885 magnitudine
1074 5831 1413 5885 nequaquam
1479 5817 1779 5872 imitabilis.
1832 5820 2119 5877 Labuntur

2234 4619 2361 4688 ὅλην
2404 4620 2568 4673 νύκτα
2602 4624 2897 4693 δοξο>.ογών
2926 4625 3012 4698 ἧν,
3043 4632 3137 4682 κα)⁵
3169 4632 3396 4701 χάριτας
3434 4637 3718 4705 ὁμολογῶν
3744 4644 3815 4710 τῷ

2232 4711 2369 4780 Θεῷ.
2414 4713 2621 4783 Ἀνείοη
2659 4718 2768 4785 γάρ
2800 4722 2862 4770 ἐκ
2889 4720 2996 4770 τῶν
3030 4724 3255 4789 πληγῶν
3288 4730 3379 4777 καὶ
3432 4744 3544 4779 των
3576 4738 3816 4799 τραυμα-

2229 4821 2336 4855 των
2359 4805 2523 4855 αὐτοῦ
2582 4810 2938 4877 παραχρῆμα,
2993 4811 3133 4866 ὥστε
3168 4816 3299 4883 μηδὲ
3348 4819 3623 4885 μώλωπος
3677 4824 3813 4891 [χνος

2230 4899 2285 4947 ἐν
2316 4896 2389 4963 τῷ
2448 4897 2585 4967 ἁγίῳ
2613 4900 2773 4951 αύτοῦ
2830 4903 3231 4957 ἐντετυπῶσῡαι
3268 4905 3503 4976 σώματι.
3561 4912 3811 4983 Ἦμερὼν

2228 4987 2281 5036 δὲ
2350 4988 2743 5040 πεντεκαίδεκα
2802 4990 3220 5060 διαγενομένων,
3270 4994 3458 5058 ἄσιτος
3515 5000 3702 5065 ἔμεινε
3754 5004 3811 5048 τὸ

2231 5080 2495 5146 παράπαν
2529 5082 2583 5130 ἐν
2619 5082 2674 5148 τῇ
2711 5081 2923 5151 εἱρκτῇ,
2959 5084 3201 5151 ἀγγέλων
3236 5088 3404 5155 ἄρτῳ,
3444 5089 3546 5140 εἰτ’
3588 5087 3684 5143 οὖν
3713 5096 3806 5161 χά-

2232 5186 2343 5239 ριτι
2372 5169 2462 5219 τοῦ
2495 5171 2698 5236 αγαοού
2732 5174 3067 5242 τρεφόμενος
3104 5176 3444 5243 Πνεύματος.
3489 5178 3548 5231 ’0
3581 5181 3639 5232 δὲ
3680 5182 3807 5235 Ἰου-

2230 5262 2429 5324 λιανὸς,
2464 5266 2554 5314 ἐπὶ
2594 5265 2693 5334 τὴν
2724 5266 2939 5331 Δάφνην
2985 5268 3298 5336 γενόμενος,
3333 5268 3525 5341 ὥσπερ
3581 5275 3805 5341 ἔφημεν,

2230 5356 2414 5416 Θυσία,
2447 5350 2513 5425 ἦν
2555 5355 2972 5425 ἑτοιμαζόμενος
2997 5358 3073 5428 τῷ
3114 5360 3429 5423 Ἀπόλλωνι,
3454 5361 3678 5426 εὔελπις
3712 5366 3804 5423 ὣν.

2230 5450 2320 5501 καί
2350 5448 2471 5510 τοὺς
2497 5449 2586 5499 ὑπ’
2618 5449 2781 5500 αὑτοῦ
2811 5453 3089 5520 χρησμοὺς
3115 5452 3249 5520 ταχὺ
3286 5452 3569 5514 δέξασθαι.
3616 5458 3678 5507 ’11
3706 5460 3804 5507 Δά-

2228 5556 2334 5608 φνη
2374 5540 2428 5590 δὲ
2482 5541 2804 5609 προάστειόί
2838 5545 2954 5594 ἐστι
2994 5542 3093 5611 τῆς
3160 5544 3517 5613 Ἀντιοχείας,
3570 5548 3663 5598 ἐπὶ
3701 5551 3801 5601 τὼν

2229 5630 2575 5701 ὑψηλοτέρων
2619 5633 2787 5703 αὐτῆς
2836 5634 3049 5702 χωρίων
3106 5636 3377 5704 κείμενον,
3425 5638 3615 5690 άλσεσι
3671 5657 3799 5690 παυς

2226 5724 2390 5788 τοίοις
2429 5727 2729 5796 συνηρεφές
2758 5743 2771 5757 ·
2810 5728 2938 5780 ἔνθα
2978 5727 3083 5780 τῶν
3110 5746 3168 5782 τε
3201 5730 3378 5783 ἄλλων
3430 5748 3649 5785 παντων
3677 5733 3795 5783 δεν-

2230 5818 2393 5889 δρων,
2418 5819 2511 5874 καὶ
2540 5819 2605 5891 δὴ
2639 5822 2731 5875 καὶ
2763 5823 3111 5894 κυπαρίττων
3161 5824 3345 5893 ἔξοχόν
3382 5843 3433 5879 τι
3467 5826 3793 5897 πεςύτευται
