3990 6448
540 402 675 466 1199

1810 395 1966 454 ΜΕΝ
1977 395 2092 455 SlS
2129 394 2496 454 OCTOBER.

3677 387 3812 450 1200

543 512 812 567 volentem
852 505 1062 580 ingredi
1104 507 1162 563 in
1213 505 1501 563 ecclesiam
1549 503 2008 565 Christianorum,
2055 503 2109 557 in

2236 503 2358 556 τιλεϊ
2385 501 2654 556 εἰσελθεῖν
2688 499 3012 572 βουλομένῳ
3040 498 3118 562 είς
3174 499 3272 570 τὴν
3300 497 3411 550 τῶν
3460 497 3809 564 Χριστιανῶν

539 603 775 669 quodam
802 601 941 655 festo
974 610 1124 655 stans
1160 614 1257 668 pro
1282 597 1512 658 foribus.
1559 595 1901 667 prohibuisse
1925 593 2109 664 ingre-

543 695 623 757 di,
677 694 870 748 dicens
891 707 948 746 se
1008 707 1109 762 pro
1155 691 1364 744 viribus
1388 703 1496 742 non
1557 689 1941 757 despectorum
1989 697 2111 738 esse

544 788 730 854 lupum
771 799 989 855 gregem
1027 783 1398 836 invadentem.
1442 778 1536 833 Ille
1560 791 1739 831 autem
1767 776 1835 830 ab
1864 778 2111 846 ingressu

545 888 673 934 tunc
703 877 919 946 quidem
953 874 1052 928 fuit
1092 873 1364 941 dejectus,
1400 872 1514 925 sive
1548 869 1694 939 quod
1739 870 2114 938 suspicaretur

543 971 782 1025 futuram
853 967 1040 1038 populi
1111 965 1472 1027 seditionem,
1551 962 1663 1016 sive
1723 961 1842 1030 ipse
1898 972 2116 1027 quoque

547 1061 694 1115 aliud
743 1059 1034 1113 consilium
1089 1055 1345 1125 cepisset.
1398 1053 1704 1125 Egerrime
1755 1059 1940 1104 autem
1996 1049 2118 1102 tulit

547 1151 911 1207 constantiam
953 1149 1218 1219 episc0pi.
1278 1147 1570 1214 Postquam
1619 1157 1746 1198 vero
1787 1142 1902 1210 ipse
1939 1141 2116 1194 dices-

544 1247 614 1301 sit
663 1246 718 1299 in
785 1243 1006 1314 regiam,
1035 1241 1200 1311 jussit
1233 1254 1358 1292 eum
1408 1251 1626 1289 causam
1666 1249 1818 1288 suam
1855 1231 2115 1287 defensu-

546 1355 689 1399 rum.
717 1351 900 1393 coram
926 1350 984 1388 se
1017 1335 1134 1388 sisti
1167 1348 1266 1403 pro
1296 1330 1572 1386 tribunali.
1609 1327 1744 1383 Cum
1785 1328 1901 1398 ipse
1932 1333 2114 1378 autem

545 1439 692 1486 esset
725 1431 1048 1501 productus,
1095 1425 1327 1494 primum
1375 1422 1594 1491 quidem
1641 1418 1918 1472 accusavit
1947 1415 2120 1469 auda-

547 1525 709 1583 ciam.
746 1520 892 1590 quod
935 1533 1060 1572 eum
1106 1530 1272 1569 ausus
1329 1523 1477 1567 esset
1523 1511 1812 1575 prohibere
1849 1525 1862 1562 :
1919 1506 2118 1561 deinde

542 1613 707 1684 jussit
739 1625 864 1664 eum
896 1608 1207 1661 sacrilicare
1241 1603 1602 1660 daemonibus.
1646 1600 1690 1654 si
1723 1597 1966 1668 effugere
2003 1597 2118 1651 vel-

549 1707 624 1764 let
664 1717 852 1774 poenas
875 1695 1292 1754 criminationis.
1320 1696 1437 1764 Ipse
1461 1703 1644 1748 autem
1683 1690 1967 1760 respondit
1998 1687 2118 1756 qui-

547 1795 670 1848 dem
710 1792 776 1845 ad
822 1787 1258 1843 criminationem
1282 1820 1296 1844 ,
1332 1782 1525 1848 rejecit
1557 1789 1742 1832 autem
1772 1775 2119 1831 exhortatio-

2221 595 2538 665 ἐκκλησίαν,
2561 593 2705 647 κατά
2750 593 2815 662 δή
2840 609 2962 644 τινα
2984 590 3178 662 ἑορτὴν
3199 590 3330 652 στὰς
3360 589 3471 660 πρὸ
3490 590 3604 642 τῶν
3635 589 3810 659 θυρῶν

2217 686 2544 741 διεκώλυσεν
2577 683 2841 739 εἰσελθεῖν
2871 683 3096 752 φάσκων
3132 683 3208 743 εἰς
3247 681 3486 749 δύναμιν
3510 681 3589 751 μὴ
3621 682 3810 750 περιό-

2219 779 2420 848 ψεσθαι
2478 777 2643 830 λύκον
2699 775 2778 844 τῷ
2813 775 3051 843 ποιμνίῳ
3097 773 3585 842 ὲπεισερχόμενον.
3625 773 3730 825 Τδν
3759 772 3812 825 δὲ

2224 873 2538 940 παραυτίκα
2583 868 2692 939 ’μὲν
2751 865 3196 937 ἁποκρουσθῆναι
3245 866 3345 933 τῆς
3416 864 3666 925 εἰσόδου,
3701 864 3807 914 εἴτε

2222 960 2286 1032 δὴ
2319 968 2505 1014 στάσιν
2539 959 2661 1012 τινα
2695 959 2832 1028 πρὸς
2862 956 2956 1010 τοῦ
2989 955 3146 1025 ὄχλου
3181 954 3406 1007 ἔσεσθαι
3430 953 3814 1022 ὑπιεδόμενον,

2223 1055 2333 1107 εττε
2371 1051 2435 1122 δὴ
2470 1052 2564 1104 καὶ
2598 1051 2772 1114 ἄλλως
2799 1051 2952 1122 αὐτῷ
2993 1050 3286 1121 βουλευθέν
3331 1052 3391 1102 ὲν
3426 1049 3661 1119 χαλεπῷ
3690 1050 3814 1116 μένο

2221 1161 2304 1196 τοι
2342 1145 2440 1212 τὴν
2477 1144 2726 1197 ἔνστασιν
2753 1143 2846 1196 τοῦ
2881 1146 3184 1196 ἐπισκόπου
3220 1143 3630 1212 ποιησάμενον.
3668 1138 3816 1192 Ἐπεὶ

2223 1235 2280 1288 δὲ
2312 1236 2385 1298 ὡς
2416 1236 2606 1288 ἑαυτὸν
2635 1237 2728 1289 ἐπὶ
2756 1237 2824 1288 τὰ
2854 1235 3104 1305 βασίλεια
3154 1233 3474 1304 ἀπηλλάγη,
3526 1231 3818 1298 παραστή-

2230 1327 2424 1380 σασθαι
2451 1327 2612 1380 αὐτὸν
2644 1327 2736 1378 ἐπὶ
2776 1327 2870 1380 τοῦ
2897 1326 3142 1397 βήματος
3173 1326 3676 1393 ἀπολογησόμενον
3704 1321 3821 1373 ἐκέ-

2226 1421 2368 1474 λευε.
2398 1422 2508 1474 Καὶ
2530 1421 2594 1490 δὴ
2617 1421 2998 1491 παραστάντος
3023 1419 3211 1484 αὐτοῦ,
3235 1420 3432 1489 πρῶτα
3461 1417 3567 1487 μὲν
3588 1418 3694 1485 τὴν
3709 1416 3822 1467 τόλ-

2230 1530 2336 1584 μαν
2365 1512 2462 1581 τῆς
2495 1512 2785 1575 κωλύσεως
2817 1511 3086 1576 ἐνεκάλει,
3118 1512 3312 1563 ἔπειτα
3360 1510 3558 1580 μέντοι
3604 1506 3825 1561 κελεύει

2228 1605 2393 1658 αὐτζν
2417 1607 2528 1668 τοῖς
2570 1605 2791 1674 δαίμοσι
2820 1602 2994 1668 θύειν,
3020 1605 3069 1655 εί
3105 1601 3351 1672 βούλοιτό
3383 1619 3452 1669 γε
3473 1602 3586 1670 τὴν
3622 1601 3720 1651 ἐπὶ
3749 1598 3821 1668 τῷ

2229 1698 2539 1766 ἐγκλήματι
2569 1695 2724 1766 δίκην
2741 1695 3049 1764 διαψυγείν.
3088 1695 3193 1747 Τὸν
3222 1694 3276 1748 δὲ
3319 1693 3457 1762 πρὸς
3497 1693 3604 1761 τὴν
3631 1689 3829 1757 ἐγκλη-

2232 1792 2318 1843 σίν
2357 1807 2414 1842 τε
2450 1788 2899 1858 ἀπολογήσασθαι
2941 1790 3036 1842 καὶ
3072 1788 3171 1859 τὴν
3203 1788 3515 1857 πρόκλησιν
3558 1782 3822 1851 διακρού·

549 1899 673 1940 nem
707 1900 720 1936 :
757 1882 902 1935 illam
936 1879 1180 1946 quidem,
1226 1874 1436 1934 dicens,
1470 1885 1548 1934 se,
1586 1886 1708 1924 cum
1745 1879 1890 1923 esset
1915 1877 2119 1937 pastor,

2236 1883 2453 1947 σασθαι,
2475 1883 2575 1952 τὴν
2610 1883 2728 1952 μὲν,
2764 1885 3013 1952 φήσαντα
3040 1889 3258 1951 ποιμένι
3291 1880 3408 1933 ὃντι
3456 1879 3616 1945 αὐτῷ
3649 1877 3825 1927 πάντα

547 1967 802 2048 oportere
837 1972 920 2025 vel
948 1970 1130 2023 omnia
1172 1967 1408 2020 libenter
1444 1966 1550 2034 pati
1582 1978 1678 2032 pro
1712 1975 1873 2031 grege
1911 1978 1924 2012 :
1980 1959 2123 2012 hanc

547 2080 755 2132 autem,
803 2079 861 2119 se
905 2075 1010 2116 non
1051 2059 1450 2118 admissurum,
1507 2064 1564 2108 ut
1609 2070 1638 2107 a
1679 2067 1810 2106 vero
1851 2051 1958 2104 Deo
1991 2048 2125 2102 deli-

548 2157 701 2210 ciens
755 2152 1087 2205 sacriﬁcaret
1144 2143 1224 2205 iis,
1271 2146 1363 2211 qui
1429 2141 1565 2196 falso
1621 2141 1693 2194 dii
1747 2141 2023 2203 dicuntur,
2071 2147 2126 2192 et

551 2255 680 2302 sunt
720 2239 1009 2314 perniciosi
1050 2237 1350 2291 daemones.
1388 2234 1594 2287 Deinde
1625 2231 1716 2286 ille
1746 2230 1972 2299 quidem
2001 2245 2124 2284 eum

550 2338 761 2391 videret
792 2349 916 2388 eum
958 2345 1066 2384 non
1104 2341 1316 2397 parere.
1356 2323 1520 2391 jussit
1551 2331 1634 2381 ut,
1667 2336 1790 2374 eum
1820 2335 1944 2373 eum
1968 2321 2127 2388 ligas-

552 2442 675 2488 sent
703 2425 912 2482 catenis
949 2433 1003 2477 et
1043 2419 1420 2489 compedibus,
1464 2415 1528 2468 ad
1564 2424 1792 2467 mortem
1823 2413 2126 2475 ducerent,

553 2528 714 2590 caput
747 2512 1101 2585 amputattu-i.
1141 2515 1210 2562 At
1241 2509 1287 2562 is
1318 2524 1439 2560 cum
1472 2507 1767 2561 duceretur
1807 2505 2124 2568 moriturus,

551 2625 835 2668 assumens
878 2605 1077 2661 cecinit
1114 2603 1228 2658 haec
1269 2601 1410 2655 dicta
1440 2599 1638 2654 PSalmi
1670 2619 1682 2654 :
1724 2617 1740 2649 ι
1771 2595 2128 2660 Convertere,

552 2705 736 2760 anima
784 2715 924 2760 mea.
967 2698 1019 2750 in
1065 2694 1304 2764 requiem
1358 2703 1538 2754 tuam,
1578 2691 1836 2759 quoniam
1863 2688 2129 2742 Dominus

553 2790 824 2850 benefecit
879 2786 1080 2843 μὴν.»
1138 2782 1305 2837 Porro
1346 2792 1527 2837 autem
1561 2781 1746 2835 dicunt
1804 2780 1967 2833 etiam
2021 2788 2131 2831 tres

553 2897 751 2955 pueros
799 2893 999 2952 genere
1045 2877 1263 2938 fratres,
1301 2876 1394 2944 qui
1439 2875 1506 2928 ab
1557 2872 1783 2927 infantia
1826 2871 1893 2924 ab
1927 2885 1991 2924 eo
2029 2885 2132 2922 nu-

553 2978 667 3032 triti
713 2975 951 3032 fuerant.
1001 2970 1067 3023 ab
1124 2969 1454 3037 imperatore
1523 2963 1692 3018 fuisse
1728 2973 2020 3030 arreptos,
2078 2971 2134 3014 et

552 3082 677 3123 cum
727 3079 833 3120 nec
886 3063 960 3117 illi
1001 3061 1224 3132 quidem
1269 3058 1569 3112 voluissent
1625 3054 1978 3116 sacrificare,
2027 3053 2130 3108 etsi

553 3161 632 3215 eis
655 3158 942 3213 all'erretur
967 3155 1147 3209 omnis
1173 3148 1495 3216 necessitas,
1529 3151 1708 3219 ipsum
1733 3163 1951 3218 quoque
2006 3148 2129 3216 jus-

553 3257 695 3308 sisse
743 3251 1152 3319 imperatorem,
1186 3245 1266 3299 eis
1302 3244 1467 3298 adimi
1517 3218 1715 3310 capita.
1765 3242 1936 3304 Quos,
1983 3247 2129 3309 post-
2160 3218 2204 3274 (ἶ

553 3358 716 3415 quam
777 3349 1049 3394 venerunt
1127 3336 1182 3388 in
1257 3335 1436 3387 locum
1484 3331 1849 3401 propositum,
1905 3329 2134 3400 Babylas

556 3447 680 3492 ante
703 3448 761 3488 se
792 3441 1039 3485 statuens
1103 3428 1312 3497 priores
1339 3424 1496 3480 duxit
1521 3424 1588 3477 ad
1625 3422 1884 3493 gladium,
1919 3437 1986 3476 ne
2010 3423 2134 3491 quis

555 3541 746 3584 eorum
780 3527 980 3579 timore
1005 3520 1276 3581 allectus,’
1297 3527 1527 3570 mortem
1553 3522 1856 3567 recusaret.
1884 3513 2133 3581 Cumque

556 3636 744 3677 eorum
775 3617 950 3686 capita
993 3612 1227 3668 fuissent
1272 3616 1551 3677 amputata
1583 3645 1598 3669 ,
1655 3613 1942 3676 postquam
1997 3605 2136 3658 hanc

556 3713 782 3769 dixisset
802 3721 988 3761 vocem
1015 3723 1028 3756 :
1069 3721 1088 3754 ι
1116 3704 1250 3754 licce
1274 3716 1372 3767 ego
1395 3708 1447 3751 et
1477 3698 1650 3765 pueri,
1673 3711 1809 3764 quos
1837 3694 1970 3748 mihi
1993 3694 2139 3748 dedit

559 3802 772 3860 Deus';
798 3817 815 3851 ι
849 3797 966 3867 ipse
997 3806 1213 3864 quoque
1242 3788 1438 3844 deinde
1467 3802 1622 3841 suum
1651 3786 1894 3856 porrexit
1915 3779 2134 3849 collum,

558 3905 618 3952 ut
664 3905 796 3948 ense
846 3894 1346 3944 consummaretur,
1396 3895 1520 3934 cum
1567 3879 1716 3948 prius
1758 3879 2015 3949 jussisset
2050 3878 2134 3940 iis,

559 3984 650 4052 qui
695 3993 895 4049 corpus
947 3977 1067 4045 ejus
1102 3981 1261 4026 erant
1291 3969 1595 4026 collecturi.
1637 3971 1859 4022 catenas
1896 3979 1950 4021 et
1985 3981 2136 4020 com-

561 4077 726 4150 pedes
771 4087 894 4126 cum
921 4084 987 4122 eo
1024 4065 1296 4135 sepelire:
1337 4061 1404 4116 Ut
1443 4061 1583 4122 sint,
1616 4060 1811 4128 inquit,
1855 4059 1968 4112 hth
2001 4073 2136 4128 quo-

561 4186 668 4242 que
699 4160 1047 4234 mihijacenti
1077 4166 1424 4213 ornamento.
1459 4156 1635 4221 Atque
1666 4167 1788 4204 cum
1821 4167 1897 4204 ονε
1919 4152 2138 4218 quidem

563 4270 712 4315 certe
748 4254 1116 4323 adhucjacet,
1150 4258 1208 4302 ut
1237 4249 1410 4300 aiunt.

634 4346 878 4404 XXXVI.
901 4345 1055 4398 Hunc
1085 4350 1266 4395 autem
1286 4337 1537 4406 Babylam
1568 4350 1688 4389 cum
1705 4333 1771 4387 ab
1792 4330 2024 4386 Eusebio
2040 4345 2140 4383 au-

565 4447 755 4499 diisset
786 4440 1033 4496 Julianus
1055 4449 1176 4489 esse
1197 4431 1584 4500 impedimento
1606 4426 1819 4488 statuis,
1837 4441 1944 4494 quo
1963 4423 2142 4476 minus

567 4533 957 4605 respondeant,
987 4525 1146 4596 jussit
1172 4524 1355 4578 statim
1387 4521 1505 4590 ejus
1521 4532 1737 4588 capsam
1763 4519 1868 4588 (est
1897 4523 2077 4569 autem
2110 4528 2139 4566 e
2174 4550 2215 4604 ο

567 4604 745 4696 lapide
779 4619 1033 4684 maxime)
1086 4631 1114 4667 a
1159 4612 1382 4680 Daphne
1420 4606 1737 4661 transferre.
1782 4604 1976 4658 Statim
2012 4619 2142 4670 ergo

569 4695 803 4774 civitatis
838 4712 1056 4781 profusa
1084 4700 1397 4764 multitudo,
1429 4711 1487 4754 ut
1526 4714 1645 4769 quae
1677 4710 1870 4767 magna
1897 4695 1962 4748 de
1983 4710 2144 4747 causa

569 4809 878 4867 accederet,
929 4802 1179 4855 trahebat
1228 4812 1464 4867 capsum.
1501 4790 1587 4847 llla
1631 4801 1837 4853 autem,
1881 4787 2142 4858 tanquam

572 4916 680 4956 non
722 4899 894 4968 magis
927 4892 1234 4948 traheretur
1276 4892 1342 4942 ab
1385 4887 1716 4949 hominibus,
1751 4899 1913 4952 quam
1959 4897 1986 4934 a
2049 4894 2146 4950 po-

575 4991 828 5052 tentiore,
862 5003 985 5056 quia
1015 4999 1135 5039 eam
1169 4979 1441 5040 movebat,
1472 4979 1692 5039 virtute,
1723 4975 1978 5027 celeriter
2028 4988 2144 5025 mo-

578 5083 805 5137 vebatur
849 5091 1086 5146 sequens
1133 5090 1323 5129 eorum
1381 5072 1470 5142 qui
1511 5070 1784 5124 ducebant
1826 5065 1990 5119 animi
2035 5063 2146 5118 ala-

573 5178 838 5230 critatem.
883 5169 1020 5224 Cum
1069 5181 1188 5220 eam
1228 5171 1406 5218 autem
1449 5165 1565 5231 ipso
1605 5161 1692 5216 die
1724 5159 1973 5212 tulissent
2000 5157 2148 5228 plus-

571 5278 730 5337 quam
776 5260 1170 5332 quinquaginta
1218 5253 1415 5314 stadia,
1495 5259 1800 5320 posuerunt
1848 5250 1901 5299 iu
1938 5262 2141 5302 coeme-

575 5359 736 5418 terio,
769 5354 912 5422 quod
937 5353 1157 5407 dicitur.
1205 5347 1301 5400 Est
1330 5355 1510 5398 autem
1557 5352 1686 5396 ante
1735 5342 2010 5396 civitatem
2045 5340 2144 5393 do-

577 5463 720 5511 mus,
765 5458 884 5515 quae
931 5440 1170 5510 suscepit
1203 5451 1436 5506 corpora
1482 5439 1831 5504 antiquorum
1880 5434 2146 5494 virorum,

575 5556 628 5599 et
663 5554 894 5611 quorum
951 5538 1170 5587 luerunt
1196 5527 1442 5586 nonnulli
1480 5536 1742 5596 martyres
1772 5535 1994 5596 propter
2041 5524 2150 5594 pie-

574 5644 761 5690 tatem.
821 5635 997 5699 Atque
1041 5636 1170 5680 tunc
1204 5624 1421 5694 quidem
1491 5634 1710 5689 capsam
1753 5628 2043 5686 portarunt
2092 5617 2145 5669 in

571 5741 694 5781 eum
727 5727 901 5778 locum
939 5738 952 5773 :
988 5717 1234 5774 Julianus
1265 5727 1445 5770 autem
1481 5711 1706 5783 parabat
1731 5710 2139 5766 multitudinem

644 5862 662 5894 ⁷
695 5858 1056 5924 Psalm.cxtv,
1082 5855 1138 5911 7.
1213 5853 1235 5886 ⁸
1266 5853 1369 5909 lsa.
1393 5869 1512 5919 vni,
1553 5851 1638 5906 18.

2227 1979 2530 2049 προσήκειν
2563 1977 2742 2047 ἐαυτῷ
2769 1977 2912 2047 ὑπὲρ
2959 1975 3054 2028 τοῦ
3109 1975 3362 2043 ποιμνίου
3413 1972 3826 2043 προθυμεῖσθαι

2228 2070 2443 2133 παθεῖν,
2475 2070 2573 2139 τὴν
2613 2069 2693 2132 δὲ,
2731 2067 2806 2138 μὴ
2838 2069 2902 2120 ἂν
2935 2067 3158 2120 ἑλέσθαι
3189 2067 3282 2118 τοῦ
3316 2064 3471 2126 δντος
3503 2065 3825 2118 ἀποστάντα

2227 2162 2387 2226 Θεοῦ,
2456 2162 2832 2232 ψευδωνύμως
2909 2162 3003 2212 καὶ
3058 2159 3312 2228 ὀλετῆρσι
3363 2157 3595 2224 δαίμοσι
3656 2155 3824 2208 θύειν.

2228 2251 2363 2309 Εἶτα
2394 2257 2422 2308 ὁ
2448 2255 2548 2325 μὲν
2578 2255 2654 2316 ὡς
2686 2254 2832 2323 ἐώρα
2869 2253 2943 2322 μὴ
2980 2253 3324 2321 πειθόμενον,
3358 2249 3710 2320 προσέταξεν
3734 2249 3828 2298 αὐ-

2229 2347 2320 2399 τὸν
2349 2346 2574 2399 ἁλύσεσι
2611 2347 2700 2397 καὶ
2732 2345 2917 2405 πέδαις
2951 2343 3379 2412 ἐνδησαμένους,
3439 2341 3545 2410 τὴν
3582 2339 3678 2391 ἐπὶ
3733 2338 3827 2390 θα-

2230 2442 2374 2508 νάτῳ
2405 2438 2582 2505 ἄγειν,
2609 2437 2707 2507 τὴν
2738 2435 2981 2505 κειραλὴν
3006 2436 3438 2504 ἁφαιρήσοντας,
3472 2432 3532 2485 Ὀ
3551 2432 3612 2482 δὲ
3638 2428 3828 2498 ἐπειδὴ

2230 2534 2396 2602 ἤγετο
2425 2531 2844 2599 τεθνηξόμενος,
2868 2529 3075 2590 ταύτας
3116 2524 3405 2579 ἀναλαϐὼν
3436 2521 3533 2598 ᾖδε
3562 2523 3659 2575 τοῦ
3695 2523 3827 2592 ψαλ-

2235 2623 2336 2694 μοῦ
2373 2623 2470 2683 τὰς
2502 2625 2685 2692 ῥήσεις
2731 2636 2745 2651 ·
2794 2640 2811 2672 ι
2853 2621 3222 2691 Επίστρεψον,
3261 2619 3406 2688 ψυχή
3445 2635 3575 2687 μου,
3620 2618 3701 2678 εἰς
3732 2618 3826 2686 τὴν

2233 2717 2543 2770 ἀνάπαυσιν
2576 2733 2692 2780 σου,
2723 2717 2805 2768 ὅτι
2840 2713 3038 2783 Κύριος
3062 2713 3400 2783 εὐηργέτησέ
3428 2728 3511 2764 σε.
3542 2730 3562 2762 ι
3599 2713 3742 2763 Φασὶ

2234 2809 2328 2861 καὶ
2358 2811 2508 2871 τρεῖς
2538 2805 2735 2866 παῖδας
2763 2803 3025 2872 ἀδελφοὺς
3046 2804 3107 2854 τὸ
3129 2803 3287 2870 γένος
3320 2801 3520 2869 κομιδῆ
3549 2804 3709 2862 νέους
3741 2800 3826 2851 ὑπ’

2234 2899 2383 2971 αὐτῷ
2413 2900 2891 2968 ἁνατρεφομένους
2946 2895 3346 2966 ἀναρπαγῆναί
3383 2910 3446 2946 τε
3482 2895 3693 2953 αὐτοὺς
3725 2892 3827 2944 om

2233 2995 2328 3048 τοῦ
2365 2993 2649 3064 βασιλέως,
2677 2992 2771 3043 καὶ
2797 2992 2871 3050 ὡς
2906 2989 3027 3041 οὐδὲ
3070 2989 3226 3039 αὐτοὶ
3254 2989 3404 3039 θύειν
3437 2984 3664 3057 ἤθελον,
3701 2985 3826 3038 καί·

2234 3106 2316 3140 τοι
2349 3088 2610 3149 παντοίας
2645 3086 2892 3152 ἀνάγκης
2916 3083 3100 3144 αὐτοῖς
3131 3081 3579 3148 προσαγομένης,
3607 3080 3705 3130 καὶ
3735 3079 3826 3130 αὐ-

2235 3181 2362 3242 τοὺς
2395 3177 2653 3232 κελεῦσαι
2692 3177 2782 3226 τὸν
2819 3173 3047 3244 βασιλέα
3099 3173 3209 3224 τίῖιν
3240 3172 3499 3239 κεφαλῶν
3541 3173 3822 3240 ἀφαιρεῖν.

2237 3271 2367 3336 Οὓς,
2404 3271 2590 3340 ἐπειδὴ
2620 3263 2754 3341 ⁴ἧκον
2793 3268 2870 3329 είς
2898 3267 2961 3320 τὸ
3017 3266 3375 3336 προκείμενον
3423 3265 3648 3334 χωρίον,
3670 3267 3698 3315 ὁ
3729 3264 3829 3315 Βα-

2236 3364 2407 3426 δύλας
2459 3361 2656 3416 ἑαυτοῦ
2715 3359 3172 3431 προστησάμενος
3227 3358 3532 3428 προτέρους
3583 3359 3827 3425 προσῆῒε

2235 3459 2314 3526 τῷ
2350 3454 2621 3522 ξίφειηοῧ
2666 3454 2740 3520 μή
2773 3468 2895 3502 τινα
2918 3453 3191 3518 τρέσαντα
3230 3451 3412 3501 αὐτῶν
3446 3448 3713 3502 ἀναδῦναι
3739 3452 3824 3500 τὸν

2239 3549 2492 3601 θάνατον.
2525 3547 2630 3598 Καὶ
2672 3541 3135 3611 ἁποτεμνομένων
3181 3539 3389 3607 ταύτην
3436 3539 3682 3591 ἀνειπὼν
3736 3541 3827 3606 τὴν

2239 3642 2447 3713 φωνὴν,
2473 3660 2490 3692 ι
2516 3641 2647 3693 ἰδού
2673 3637 2785 3706 ἐγὼ
2813 3637 2992 3689 καὶτὰ
3013 3633 3204 3687 παιδία
3226 3630 3622 3701 ἂμοιέδωκενὸ
3642 3630 3826 3694 Θεὸς.»

2238 3738 2334 3788 καὶ
2359 3735 2521 3795 αὐτὸς
2559 3732 2858 3801 μετέπειτα
2915 3726 3206 3797 προύτεινε
3237 3725 3330 3776 τὸν
3363 3727 3567 3776 οἰκεῖον
3626 3723 3826 3790 αὐχένα

2238 3829 2316 3899 τῷ
2350 3828 2495 3894 ξίφει
2549 3823 2952 3890 τελειωθῆναι,.
2991 3819 3368 3887 ἐντειλάμενος
3410 3819 3524 3878 τοῖς
3553 3815 3616 3868 τδ
3673 3817 3828 3883 σῶμα

2241 3921 2408 3976 αὐτοῦ
2466 3917 2910 3986 ἀναλεξομὲνοις,
2957 3915 3054 3976 τὰς
3105 3912 3330 3972 ἁλύσεις
3379 3911 3474 3962 καὶ
3528 3911 3629 3968 τὰς
3665 3909 3825 3966 πέδας

2239 4015 2388 4085 αὐτῷ
2422 4013 2715 4080 συνθαψαι,
2748 4009 2815 4060 ἵν’
2909 4024 2999 4078 μοι
3037 4006 3231 4068 ταῦτα,
3265 4008 3423 4073 φησὶ,
3456 4004 3553 4054 καὶ
3589 3999 3828 4068 κειμένῳ

2243 4111 2468 4177 κόσμος.
2506 4104 2617 4158 Καὶ
2644 4103 2708 4174 δὴ
2748 4103 2866 4172 μετ’
2908 4098 3087 4152 αὐτῶν
3114 4099 3196 4149 ἔτι
3249 4096 3510 4165 τυγχάνει
3549 4094 3820 4162 κείμενος,

2241 4201 2314 4264 ὥς
2351 4215 2503 4270 φασι.

2311 4314 2453 4382 AG".
2496 4314 2701 4367 Τοῦτον
2778 4310 2867 4364 τὸν
2927 4307 3178 4361 Βαεύλαν
3210 4309 3237 4358 ὁ
3283 4303 3573 4367 Ἰουλιανὸς
3645 4302 3825 4372 ἐπειδὴ

2245 4410 2380 4479 πρὸς
2411 4408 2501 4460 τοῦ
2545 4403 2810 4460 ιείὐσεὸίου
2843 4403 3044 4473 ἤκουσε
3073 4400 3306 4468 κωλυμα
3337 4399 3452 4458 τοῖς
3512 4398 3823 4465 ἀγάλμασιν

2246 4497 2386 4554 εἶναι
2427 4497 2522 4552 τοῦ
2573 4498 2648 4568 μὴ
2692 4497 2858 4568 ’χρᾷν,
2886 4495 3082 4548 αὐτίκα
3118 4490 3458 4562 προσέταξεν
3491 4491 3634 4558 αὐτῇ
3660 4491 3820 4558 Θῄκῃ,

2246 4596 2393 4648 λίθου
2421 4594 2464 4647 δ’
2492 4593 2609 4646 ἔστι
2644 4593 2879 4660 μεγάλου
2908 4585 3279 4657 πεποιημένη,
3303 4584 3568 4653 μετάγειν
3593 4584 3701 4634 απὸ
3728 4599 3820 4647 της

2199 4719 2215 4738 .
2247 4688 2483 4756 Δάφνης.
2512 4685 2684 4746 Εὐθὺς
2715 4684 2809 4736 οὖν
2835 4684 2861 4734 ὁ
2895 4683 2992 4751 τῆς
3013 4681 3222 4738 πόλεως
3246 4679 3427 4746 ὄχλος,
3461 4676 3820 4745 προχυθέντες

2246 4781 2318 4842 ὡς
2376 4782 2466 4830 ἐπὶ
2527 4779 2742 4848 μεγάλῃ
2805 4775 2956 4844 αἰτίᾳ
3015 4763 3675 4840 περιῧαλόμενοι,εἷλκον
3733 4768 3821 4835 τὴν

2249 4874 2449 4944 θήκην.
2472 4873 2535 4923 Ἡ
2554 4872 2608 4922 δὲ
2629 4872 2700 4932 ὼς
2727 4872 2823 4936 οὐχ
2853 4869 2957 4922 ὑπὸ
2979 4865 3282 4935 ἀνθρώπων
3309 4863 3583 4930 ἑλκομένη
3610 4863 3819 4932 μᾶλλον,

2249 4967 2280 5038 ἢ
2312 4968 2618 5037 κρείττονος
2649 4963 2821 5031 αὐτὴν
2855 4959 3111 5029 κινούσης
3145 4959 3455 5027 δυνάμεως,
3482 4958 3685 5023 ἔφθανε
3731 4955 3820 5022 τὴν

2250 5065 2357 5116 τῶν
2415 5063 2656 5129 ἀγόντων
2714 5054 3023 5126 προθυμίαν
3105 5053 3445 5120 ἐφεπομένη.
3511 5050 3819 5119 αὐθημερον

2250 5157 2312 5225 γέ
2343 5174 2423 5209 τοι
2475 5155 2645 5222 αὐτὴν
2693 5152 2938 5210 σταδίους
2966 5146 3125 5200 πλέον
3155 5147 3187 5215 ἢ
3221 5145 3567 5212 πεντήκοντα
3603 5142 3820 5211 κομισα-

2255 5266 2426 5318 μενοι,
2449 5251 2504 5301 έν
2533 5248 2608 5316 τῷ
2630 5243 2949 5310 καλουμένῳ
2972 5237 3317 5308 κοιμητηρίῳ
3344 5235 3678 5287 κατέθεσαν·
3713 5235 3819 5282 ἐστι

2252 5341 2307 5393 δὲ
2343 5341 2446 5410 πρὸ
2471 5343 2566 5408 τῆς
2598 5337 2804 5395 πόλεως
2833 5331 2979 5395 οἶκος
3010 5333 3283 5400 σωμάτων
3320 5327 3568 5378 παλαιῶν
3600 5325 3818 5394 ἀνδρῶν.

2253 5436 2345 5488 καὶ
2378 5434 2535 5485 ἐνίων
2570 5445 2630 5498 γε
2687 5428 2773 5480 ἐπ’
2823 5425 3080 5492 εὐσεϐείᾳ
3135 5420 3607 5491 μαρτυρουμένων
3660 5411 3814 5464 πολλα

2250 5522 2592 5592 δεδεγμένος.
2646 5519 2778 5571 Τότε
2814 5516 2914 5586 μὲν
2942 5510 3034 5567 οὖν
3073 5511 3307 5565 ἐνταῦθα
3339 5514 3439 5580 τὴν
3474 5509 3652 5575 θήκην
3714 5508 3815 5555 εἰσ-

2251 5619 2539 5687 εκόμισαν,
2590 5617 2618 5668 ὁ
2662 5613 2718 5664 δὲ
2766 5609 3052 5670 Ἰουλιανὸς
3105 5603 3556 5676 παρεσκευάζετο
3628 5598 3815 5666 πλῆθος

2254 5709 2464 5780 ἱερείων
2496 5726 2553 5763 τε
2581 5709 2675 5762 καὶ
2703 5701 3090 5774 αναθημὰτων,
3120 5701 3191 5764 ὡς
3223 5702 3288 5771 τῇ
3318 5692 3581 5764 ὑστεραίᾳ
3617 5695 3708 5747 sitv
3731 5693 3816 5746 σὺν
