3990 6442
192 372 334 437 1905

1349 376 1819 437 MARTYRIUM
1867 379 1935 439 S.
1972 379 2321 440 ARTEMII.

3324 386 3456 447 1206

186 489 355 553 θεῶν,
386 490 775 560 ἀφρονέστατε,
810 490 1172 560 σεμνύνεσθαι
1202 491 1258 544 δὴ
1304 495 1397 544 καὶ
1430 492 1643 562 χαίρειν
1691 492 1773 558 ἐφ’

1884 504 2097 547 tuorum
2148 493 2396 559 deorum,
2437 509 2469 548 ο
2514 493 2834 549 stultissime
2870 513 2883 548 :
2931 495 3145 564 gloriari
3178 501 3357 549 autem
3403 510 3455 551 et

183 578 275 645 οἷς
307 585 334 635 6
362 582 493 644 Θεός
521 600 622 652 μου
654 581 773 634 καθ’
809 583 1044 653 ἑκάστην
1076 583 1507 654 θαυματουργεϊ,
1542 587 1761 656 ἐκδίκη-

191 690 284 725 σιν
310 672 363 725 δὲ
390 672 499 725 τῶν
523 672 670 741 παρὰ
712 671 823 727 σοῦ,
849 690 937 742 μοι
964 674 1315 741 ἐπαγομένων
1356 677 1474 729 ὲκεῖ
1514 676 1760 745 δέξομαι,

187 766 391 816 ὁπόταν
427 764 486 816 τὸ
534 766 643 834 πῦρ
674 765 847 817 ἐκεῖνό
876 782 933 817 σε
961 766 1269 837 καταλάδῃ,
1318 768 1411 819 καὶ
1449 770 1481 837 η
1531 768 1766 821 διαιωνί-

191 859 359 920 ζουσα
378 857 615 919 κόλασις.
636 857 931 910 Κάνταῦθα
957 859 1013 910 δὲ
1050 860 1109 911 οὐ
1131 860 1265 912 πολὺ
1286 860 1342 911 τὸ
1368 860 1555 929 μέσον,
1588 863 1679 914 καὶ
1702 862 1764 914 τὸ

196 968 211 997 ι
226 950 349 1017 Man
362 949 587 1014 μόσυνόν
609 966 699 1001 σου
722 950 999 1003 ἀπολεῖται
1022 954 1139 1020 μετ’
1158 953 1311 1021 ἤχου.
1347 970 1364 1002 ι
1415 955 1521 1005 Καὶ
1543 956 1569 1007 6
1586 972 1763 1024 παρα-

193 1040 363 1107 εάτης
386 1056 401 1071 ο
434 1041 498 1093 Εἰ
524 1040 617 1092 οῦν
660 1041 751 1091 ἐπὶ
780 1039 993 1101 τούτοις
1025 1042 1255 1110 ἀγάλλῃ,
1300 1042 1621 1111 προσθήκην
1655 1046 1764 1109 ἐγώ

195 1148 278 1183 σοι
308 1133 456 1201 θήσω
499 1131 597 1196 τῆς
624 1130 835 1199 ἡδονῆς.
895 1131 1058 1183 Ἀλλά
1087 1133 1336 1201 φείδομαί
1356 1150 1449 1185 σου
1479 1133 1763 1187 διὀἰκείαν

192 1224 555 1294 χρηστότητα,
571 1222 664 1275 καὶ
680 1223 939 1292 βούλομαί
956 1241 1013 1275 σε.
1026 1226 1123 1294 τῆς
1144 1226 1539 1289 οἱκείαςὰνοίας
1561 1228 1765 1280 παυσά-

196 1334 376 1385 μενον,
398 1315 633 1384 σώφρονι
657 1314 903 1385 λογισμῷ
924 1317 1258 1386 χρήσασθαι,
1281 1320 1375 1370 καί
1394 1319 1763 1388 προσελθόντα

192 1408 354 1460 θῦσαι
392 1410 503 1469 τοῖς
532 1408 818 1471 ἀθανάτοις
849 1408 1010 1469 θεοῖς.
1048 1409 1154 1460 Καὶ
1198 1408 1469 1477 ἀξιώματι
1513 1410 1621 1481 γάρ
1670 1427 1764 1479 με·

191 1500 366 1569 γίστιρ
395 1500 713 1569 τετίμηται,
737 1500 830 1553 καὶ
857 1498 1082 1562 πλοῦτος
1114 1500 1293 1564 ἱκανὸς
1323 1501 1529 1555 ἄνωθέν
1568 1519 1647 1553 σοι
1672 1504 1766 1555 καὶ

191 1595 259 1645 ἐκ
293 1593 575 1661 προγόνων
608 1591 1032 1660 συνήθροισται,
1076 1591 1169 1643 καὶ
1218 1593 1425 1653 πολλοῖς
1454 1610 1513 1645 σε
1545 1593 1762 1645 πλεονε-

193 1686 470 1752 κτήμασιν
492 1684 692 1752 ἀρετῆς
725 1682 1035 1751 ἐκόσμησαν
1055 1682 1102 1733 οἱ
1127 1681 1260 1743 050i,
1285 1681 1385 1734 κᾶν
1402 1683 1559 1745 αὐτὸς
1577 1682 1765 1751 ὤφθης

197 1777 323 1843 περὶ
350 1775 477 1837 τοὺς
515 1775 955 1843 εὐηργετηκότας
984 1773 1302 1843 ἀχάριστος.
1327 1775 1435 1826 Καὶ
1466 1776 1493 1826 6
1518 1775 1725 1845 μάρτυς
1748 1794 1761 1805 ·

193 1866 259 1921 Τί
296 1866 491 1937 μαίνῃ,
529 1866 1000 1935 παρανομώτατε,
1063 1866 1156 1917 καὶ
1190 1866 1393 1937 ἀσχολῇ
1446 1868 1540 1919 ἐπὶ
1593 1868 1764 1920 τοῖσδε

192 1961 304 2021 τοῖς
336 1959 642 2028 ἀνονήτοις,
692 1959 859 2021 ἐάσας
890 1974 946 2010 τε
974 1958 1071 2020 τὰς
1108 1956 1449 2031 βαρὸαρικὰς
1469 1960 1771 2013 ἐπαναστά-

195 2068 328 2115 σεις,
368 2051 460 2103 καὶ
515 2052 603 2103 τὸν
634 2052 901 2121 Περσικὸν
935 2052 1340 2121 ἀναϐαλόμενος
1388 2053 1645 2121 πόλεμον,
1701 2054 1768 2107 δι’

191 2145 251 2194 ὃν
283 2143 383 2211 τὴν
422 2143 753 2211 οἶκουμένην
800 2145 982 2195 πᾶσαν
1026 2144 1343 2207 ὲσάλευσας,
1392 2146 1471 2209 είς
1522 2146 1623 2213 ἐμὲ
1680 2146 1769 2199 τὸν

191 2234 286 2288 τοῦ
318 2234 453 2288 Θεοῦ
511 2234 694 2287 δοῦλον
729 2236 826 2303 τὴν
861 2237 989 2304 ὅλην
1044 2239 1198 2303 ἄγεις
1255 2240 1491 2309 σχολήνς
1530 2241 1631 2293 ’ον
1680 2237 1773 2294 οὖν

195 2332 374 2399 βούλει
407 2329 529 2383 καθ’
566 2332 717 2399 ἡμῶν
747 2332 973 2383 θάνατον
1004 2334 1305 2399 ἀποφαίνοι)
1330 2352 1342 2364 ·
1372 2337 1481 2402 ἐγὼ
1512 2338 1618 2405 γάρ
1649 2337 1773 2390 οὕτε

190 2426 303 2485 τοῖς
330 2422 472 2484 θεοῖς
508 2440 604 2475 σου
638 2424 910 2493 λατρεύω,
948 2421 1071 2474 οὔτε
1104 2427 1211 2485 τοῖς
1243 2428 1631 2495 προστάγμασι
1662 2433 1773 2491 τοῖς

201 2518 317 2576 σοῖς
343 2515 625 2583 πείθομαι.

278 2606 415 2660 MA'.
458 2609 644 2662 Ταῦτα
692 2609 720 2662 6
772 2611 1094 2680 παραϐάτης
1148 2611 1410 2675 ἀκούσας,
1462 2613 1555 2665 καὶ
1601 2610 1775 2681 θυμοῦ

196 2698 465 2767 πλησθεὶς
558 2700 657 2769 τὴν
725 2703 971 2770 καρδίαν,
1040 2705 1308 2773 λατὲμους
1394 2706 1778 2773 μετακαλεῖται

192 2793 287 2845 καὶ
313 2790 607 2856 λιθοξόους,
638 2794 758 2856 καὶ,
808 2792 1025 2863 Ὀρᾶτε,
1056 2797 1180 2863 ἔφη,
1220 2798 1377 2863 τήνδε
1416 2798 1512 2867 τὴν
1538 2800 1775 2868 πέτραν;

194 2882 373 2947 δείξας
400 2883 676 2953 άττότομόν
698 2901 819 2937 τινα
847 2887 1131 2938 κατέναντι
1156 2886 1249 2938 τοῦ
1277 2887 1502 2955 θεάτρου
1532 2906 1544 2920 ο
1572 2889 1776 2956 ταύτην

191 2974 317 3044 διχῆ
350 2976 637 3041 διελόντες,
679 2978 775 3029 καὶ
809 2978 1041 3048 θάτερον
1094 2979 1259 3050 μέρος
1310 2981 1388 3043 είς
1425 2980 1530 3048 γῆν
1585 2980 1779 3034 ῦτττιον

202 3066 443 3135 θέμενοι,
470 3070 677 3122 ἄνωθέν
705 3088 760 3123 τε
797 3072 958 3123 αὐτὸν
992 3072 1442 3140 ύραπλώσαντες,
1484 3074 1559 3143 τῷ
1610 3076 1782 3143 ἑτέρῳ

1866 580 2039 644 lauari
2075 596 2297 655 propter
2328 586 2609 648 miracula,
2641 601 2760 655 qua:
2786 584 2929 639 Deus
2966 601 3119 639 meus
3151 586 3276 639 facit
3314 603 3454 660 qno~

1876 682 2024 737 tidie.
2064 681 2333 737 Ultionem
2373 692 2502 733 vero
2534 692 2749 737 eorum,
2781 691 2901 745 quae
2938 690 2966 728 a
3013 687 3063 729 te
3096 676 3227 729 mihi
3274 677 3454 729 inten-

1870 784 2073 837 tantur,
2106 772 2214 827 illic
2241 771 2531 839 accipiam,
2564 769 2786 838 quando
2825 778 2875 822 te
2908 768 3045 837 ignis
3076 768 3165 821 ille
3206 783 3447 836 compre-

1870 865 2119 920 henderit
2172 874 2227 918 et
2261 872 2526 916 :eternum
2562 861 2915 930 supplicium.
2947 859 3114 913 Porro
3142 868 3324 914 autem
3363 860 3449 913 hic

1866 971 2107 1025 quoque,
2143 970 2252 1008 non
2291 954 2462 1007 multo
2495 952 2791 1019 interjccto
2833 961 3098 1019 tempore,
3137 970 3153 1000 ι
3195 949 3449 1007 Memoria

1867 1056 1956 1105 tua
1973 1047 2172 1115 peribit
2190 1061 2310 1099 cum
2330 1045 2511 1099 sonitu
2530 1044 2593 1095 ίο.
2623 1062 2639 1094 ι
2656 1042 2997 1111 Ftrdilragus
3016 1057 3147 1095 vero
3164 1040 3445 1094 Julianus:

1863 1139 1997 1194 Cum
2033 1139 2249 1193 videam
2286 1147 2337 1191 te
2368 1135 2649 1205 suppliciis
2683 1133 2965 1193 delectari,
3001 1148 3102 1202 ego
3136 1132 3228 1185 tibi
3266 1146 3450 1187 acces-

1866 1232 2077 1286 sionem
2117 1230 2339 1285 afferam
2376 1229 2690 1297 voluptatis.
2730 1225 2835 1280 Sed
2883 1226 2979 1279 tibi
3030 1240 3194 1293 parco
3226 1233 3442 1293 propter

1868 1338 2040 1376 meam
2070 1321 2483 1391 benignitatem,
2518 1332 2571 1375 et
2602 1319 2724 1373 volo
2756 1328 2827 1381 te,
2856 1318 3077 1372 dimissa
3118 1317 3442 1389 ignorantia,

1869 1412 2097 1484 sapienti
2132 1413 2206 1465 uti
2253 1392 2706 1473 ratiocinatione,
2750 1420 2804 1464 et
2854 1410 3200 1463 accedentem
3242 1409 3453 1463 sacriﬁ-

1868 1522 1993 1561 care
2033 1507 2138 1560 diis
2186 1504 2606 1557 immortalibus.
2656 1502 2789 1556 Nam
2826 1513 2877 1555 et
2925 1502 3158 1555 maxima
3188 1502 3450 1571 dignitate

1868 1615 1927 1653 es
1959 1608 2210 1661 ornatus,
2235 1606 2289 1651 et
2322 1596 2453 1650 satis
2484 1610 2690 1666 magna:
2726 1595 2929 1648 divitiae
2956 1612 2982 1646 a
3020 1597 3127 1649 tuis
3154 1595 3454 1661 majoribus

1870 1693 1964 1745 tibi
1994 1701 2123 1745 sunt
2168 1698 2531 1761 congregata,
2566 1697 2618 1741 et
2656 1686 2843 1741 multis
2874 1687 3091 1739 virtutis
3138 1687 3356 1740 dotibus
3401 1695 3455 1740 te

1872 1785 1942 1839 dii
1977 1785 2361 1846 honestarum,
2398 1780 2611 1835 etiamsi
2649 1788 2977 1848 conspectus
3011 1779 3088 1833 sis
3121 1778 3369 1849 ingratus
3396 1777 3453 1831 in

1872 1892 1987 1940 eos,
2030 1876 2121 1945 qui
2174 1887 2225 1930 te
2272 1875 2574 1929 aﬂ'ecerunt
2623 1872 2911 1927 benelicio.
2967 1870 3165 1942 Martyr
3204 1880 3385 1925 autem
3437 1888 3454 1925 :

1872 1969 2010 2034 Quid
2042 1970 2268 2033 insanis,
2308 1964 2505 2036 inquit,
2546 1983 2578 2020 ο
2625 1966 2988 2035 iniquissime,
3058 1975 3110 2019 et
3144 1963 3457 2018 immoraris

1873 2060 1923 2110 in
1954 2059 2057 2118 his,
2090 2072 2209 2126 qum
2244 2057 2376 2110 nihil
2405 2055 2739 2124 proﬁciunt?
2765 2056 2985 2107 mittens
3020 2063 3205 2107 autem
3242 2051 3455 2122 aggredi

1875 2150 2165 2214 Barbaros,
2234 2159 2289 2203 et
2336 2149 2539 2203 bellum
2582 2148 2841 2202 differens
2887 2146 3187 2210 Persicum,
3233 2154 3457 2215 pr0pter

1874 2241 2017 2310 quod
2062 2242 2377 2294 universum
2430 2239 2613 2293 orbem
2648 2248 2808 2292 teme
2848 2235 3189 2290 commovisti
3216 2276 3232 2300 ,
3275 2234 3328 2287 in
3371 2249 3457 2287 me

1881 2336 1969 2388 Dei
2021 2350 2237 2389 servum
2286 2340 2457 2387 totum
2504 2332 2785 2386 consumis
2828 2332 3021 2409 otium.
3062 2330 3460 2397 Quamcunque

1877 2441 2005 2494 ergo
2030 2426 2110 2478 vis
2142 2433 2371 2478 mortem
2408 2426 2461 2479 in
2496 2440 2595 2477 nos
2624 2422 2939 2491 pronuntia.
2969 2420 3077 2487 Ego
3101 2421 3245 2474 enim
3281 2434 3457 2488 neque

1876 2518 2007 2571 deos
2044 2526 2164 2570 tuos
2186 2516 2381 2577 colam,
2414 2528 2593 2582 neque
2618 2512 2727 2568 tuis
2752 2514 2918 2579 jussis
2949 2511 3173 2581 parebo.

1949 2609 2086 2669 XLI.
2134 2609 2259 2663 Haec
2295 2624 2417 2662 cum
2453 2608 2718 2660 audiisset
2758 2604 3030 2666 Julianus,
3066 2616 3121 2660 et
3152 2611 3301 2659 esset
3338 2604 3460 2657 auio

1882 2718 2002 2757 mus
2022 2702 2137 2772 ejus
2165 2702 2241 2756 ira
2269 2697 2526 2772 repletus,
2546 2701 2778 2754 accersit
2799 2699 3081 2765 lapicidas.
3112 2708 3162 2750 et
3186 2713 3201 2751 :
3228 2695 3456 2759 Videtis,

1883 2797 2076 2865 inquit,
2113 2797 2254 2849 hanc
2285 2793 2536 2864 petram?
2568 2793 2889 2855 (ostendens
2921 2789 3209 2861 quamdam
3252 2802 3458 2860 praeru-

1884 2898 2030 2955 ptam
2067 2904 2127 2941 ex
2162 2887 2387 2941 adverso
2422 2885 2665 2953 theatri).
2699 2882 2828 2937 Eam
2857 2883 2908 2936 in
2946 2883 3080 2937 duas
3112 2893 3291 2953 partes
3316 2877 3459 2936 divi-

1884 2979 1995 3032 dite
2043 2996 2057 3028 :
2097 2989 2151 3032 et
2188 2992 2311 3031 cum
2349 2980 2572 3032 alteram
2617 2987 2823 3047 partem
2865 2979 3115 3047 supinam
3159 2976 3209 3028 in
3259 2987 3457 3030 terram

1886 3070 2217 3140 dejeceritis,
2260 3078 2315 3123 et
2365 3084 2485 3123 eam
2536 3071 2772 3139 desuper
2816 3072 2962 3124 hunc
3017 3068 3320 3123 maleﬁcum
3372 3083 3461 3122 es-

197 3159 353 3227 μέρει
388 3160 508 3228 μεθ’
532 3161 711 3230 όρμῆς
744 3162 1152 3230 συγκαλύψατε,
1185 3160 1424 3225 ῖνόὗτος
1457 3168 1619 3235 μέσος
1650 3168 1773 3219 ἁπο-

1891 3160 2192 3225 tcnderitis,
2241 3160 2407 3214 altera
2444 3168 2595 3229 parte
2625 3176 2749 3214 cum
2792 3162 2997 3230 impetu
3046 3162 3222 3230 ipsum
3263 3174 3456 3229 codpe-

194 3248 447 3316 }qtpeei;,
486 3252 700 3320 σάρκας
730 3268 788 3303 τε
818 3253 908 3304 καί
930 3254 1063 3305 ὀστᾶ
1091 3253 1439 3321 διαφθαρείη,
1466 3259 1561 3306 καὶ
1592 3258 1774 3325 ἔργοις

196 3340 381 3402 ανῦτοῖς
420 3340 582 3407 μάθοι
624 3342 732 3393 τίνι
780 3358 839 3395 τε
873 3343 1215 3407 ἀνθίσταται,
1256 3347 1347 3398 καὶ
1378 3345 1474 3415 τῆς
1506 3346 1598 3399 τοῦ
1641 3348 1774 3401 Θεοῦ

197 3432 369 3485 αὐτοῦ
409 3432 663 3503 βοηθείας
696 3436 1132 3505 παραπολαύσοι.
1162 3439 1269 3491 Τοῦ
1296 3438 1460 3509 ἔργου
1490 3442 1544 3494 δὲ
1579 3442 1774 3495 θᾶττον

203 3523 296 3575 τοῦ
331 3524 493 3591 λόγου
537 3529 956 3595 περαιωθέντος,
987 3531 1079 3583 καί
1107 3530 1202 3583 τοῦ
1226 3533 1384 3598 ἁγίου
1420 3533 1530 3587 τῶν
1560 3535 1777 3605 πετρῶν

199 3616 371 3681 μέσον
408 3616 843 3683 ἀποληφθέντος,
899 3620 1139 3691 τοσαύτη
1194 3639 1277 3685 τις
1328 3619 1467 3693 ἦνὴ
1518 3625 1778 3687 πιέζουσα

197 3706 393 3759 τοῦτον
427 3707 539 3774 βία,
567 3707 709 3760 ὥστε
739 3710 849 3763 τῶν
876 3712 1051 3765 ὀστῶν
1079 3715 1245 3767 αὐτοῦ
1263 3716 1775 3785 καταθρανομένων,

194 3797 332 3868 ἦχόν
381 3816 503 3851 τινα
556 3802 648 3854 καὶ
691 3805 887 3872 κρότον
944 3808 1057 3867 τοῖς
1124 3808 1337 3868 πολλοῖς
1396 3809 1775 3876 ἐξακούεσθαι,

198 3894 292 3944 καὶ
325 3892 432 3961 γὰρ
466 3896 643 3947 πάντα
675 3899 739 3947 τα
765 3898 916 3959 ἐντὸς
962 3897 1129 3949 αὐτοῦ
1161 3898 1450 3972 διερῤάγη,
1478 3904 1511 3972 ἡ
1541 3905 1778 3973 ἁρμονία

195 4001 257 4036 τε
296 3987 449 4039 πᾶσα
480 3987 587 4040 τῶν
621 3988 794 4040 ὀστῶν
850 3991 1228 4059 συντέτριπτο,
1268 3996 1321 4046 αἱ
1361 3996 1518 4063 κόραι
1558 4014 1617 4049 τε
1670 3998 1779 4050 τῶν

195 4077 499 4145 ὀφθαλμῶν
545 4082 643 4148 τῆς
688 4081 823 4143 ἰδίας
886 4084 1343 4153 ὲκπεπηδήκεσαν
1394 4086 1575 4154 ἕδρας.
1622 4087 1779 4141 Ἀλλὰ

198 4173 293 4221 καὶ
320 4171 493 4232 οὕτως
528 4172 665 4237 ἔχων
700 4173 967 4240 ἀνάγκης,
1014 4176 1111 4241 τῆς
1146 4176 1284 4241 προς
1324 4175 1454 4227 Θεὸν
1482 4177 1621 4245 ὼδῆς
1682 4181 1781 4233 οὐκ

195 4262 621 4332 summatm
638 4266 764 4333 γάρ.
782 4263 867 4315 Ἐν
887 4264 1077 4334 πέτρᾳ,
1096 4266 1287 4333 λέγων,
1310 4266 1527 4337 ῦιξωσάς
1548 4288 1631 4338 με,
1650 4270 1791 4341 ὼδή-’

194 4352 373 4420 γησάς
416 4370 503 4423 με,
534 4356 613 4406 ὅτι
652 4355 941 4425 ἐγεννήθης
963 4356 1112 4418 ἐλπίς
1129 4374 1226 4426 μου
1247 4357 1449 4427 πύργος
1473 4360 1651 4429 ἰσχύος
1679 4362 1783 4412 άπὸ

198 4444 495 4514 προσώπου
522 4447 739 4516 ἐχθροῦ.
778 4450 1051 4517 "Enr-‘11;
1083 4450 1175 4501 ἐπὶ
1207 4452 1411 4518 πέτραν
1450 4455 1576 4515 τοὺς
1614 4454 1776 4516 πόδας

200 4556 304 4606 μου
322 4541 413 4590 καὶ
435 4541 768 4602 κατεύθυνας
792 4542 1181 4609 τὰδιαῢήματά
1198 4560 1323 4610 μου.
1360 4545 1519 4609 Δέξαι
1541 4544 1657 4611 οὖν,
1685 4551 1779 4599 παῖ

195 4630 333 4683 Θεοῦ
368 4634 672 4698 μονογειὲς,
716 4634 774 4683 τὸ
805 4634 1019 4701 πνεῦμά
1054 4652 1173 4704 μου,
1212 4636 1307 4687 καὶ
1350 4638 1423 4707 μὴ
1454 4640 1775 4711 συγκλείσῃς

210 4740 281 4792 με
335 4725 414 4784 εἰς
452 4727 638 4793 χεῖρας
696 4726 927 4796 ἐχθρῶν.
982 4726 1167 4789 Οὕτως
1211 4728 1301 4780 οὖν
1352 4731 1409 4782 ἐν
1464 4731 1614 4801 μέσῳ
1668 4733 1774 4784 τῶν

197 4816 419 4883 πετρῶν
451 4816 664 4885 ἡμέραν
704 4819 831 4887 ὅλην
868 4821 958 4871 καὶ
994 4820 1164 4873 νύκτα
1194 4821 1294 4873 τοῦ
1333 4822 1609 4891 μάρτυρος
1652 4824 1771 4874 δια-

201 4910 513 4977 μείναντος,
546 4910 834 4962 ἐκέλευσεν
862 4916 887 4965 6
912 4915 1229 4983 παράνομος
1255 4916 1644 4985 διαζευχθῆναι
1677 4919 1776 4978 τάς

198 5002 435 5071 πέτρας,
468 5003 654 5054 τέλεον
685 5002 1008 5073 διειρθάρθαι
1042 5006 1233 5058 τοῦτον
1273 5009 1368 5059 καὶ
1408 5010 1531 5076 μηδ’
1572 5011 1653 5061 ὅτι
1685 5006 1777 5060 οὖν

200 5089 364 5158 αὐτῷ.
444 5093 753 5161 πνεύματος
818 5094 983 5161 μέρος
1036 5094 1458 5160 καταλελεῖφθαι
1502 5100 1625 5149 ὅσον
1672 5098 1780 5150 ἀπὸ

198 5182 295 5234 τοῦ
327 5178 520 5233 πολλοῦ
558 5184 767 5234 ἐκείνου
798 5182 993 5251 βάρους
1026 5186 1294 5251 οἰόμενος.
1342 5185 1400 5239 ’0
1432 5188 1487 5239 δὲ
1539 5190 1645 5239 τῶν
1679 5207 1777 5240 πε-

200 5276 351 5343 τρῶν
419 5273 799 5340 διαιρεθεισῶν
852 5275 999 5344 ἐξῄει
1051 5277 1283 5343 βαδίζων
1333 5280 1425 5331 καὶ
1468 5282 1580 5340 τοῖς
1632 5280 1783 5343 ἰδίοις

211 5367 335 5417 ποσὶ
396 5366 701 5435 χρώμενος,
766 5368 952 5437 θαῦμα
1015 5369 1181 5431 ὀντως
1232 5371 1399 5438 ὁρῶσι
1458 5372 1638 5440 μόνοις
1684 5373 1782 5424 οὐκ

201 5458 633 5528 ἀπιστούμενον.
673 5460 994 5530 ’Ἄνθρωπος
1036 5462 1263 5529 γυμνὸς.
1305 5462 1431 5525 τοὺς
1468 5464 1780 5533 ὀφθαλμοὺς

200 5548 345 5615 ἔχων
370 5552 835 5619 ἐκκεκομμένονς,
897 5548 1111 5605 ὀατᾶᾙδὲ
1144 5555 1605 5621 συντετριμμένα,
1642 5554 1775 5624 μέλη

200 5643 255 5693 ὁὶ
292 5642 385 5691 καὶ
418 5644 625 5712 σάρκας
666 5648 727 5714 τῇ
758 5646 863 5697 τῶν
899 5647 1117 5714 πετρῶν
1153 5647 1458 5717 σνμπτύξει
1491 5647 1565 5712 ὡς
1609 5650 1671 5703 ἄν
1700 5666 1782 5710 τις

284 5826 325 5856 ν’
360 5820 499 5877 Ρςαὶ.
534 5841 599 5888 ιλ,
638 5826 686 5876 7.
806 5830 841 5858 ¹¹
872 5826 1012 5881 Psal.
1049 5843 1131 5892 ιλ,
1162 5830 1213 5894 ὃ,
1250 5830 1310 5898 ί,
1345 5848 1522 5897 suis,
1551 5832 1600 5884 '5.

1879 3254 2001 3315 rite,
2039 3263 2097 3307 ut
2126 3254 2169 3306 is
2206 3253 2415 3307 medius
2442 3253 2779 3321 interceptus
2837 3251 2997 3305 simul
3033 3252 3231 3304 habeat
3264 3266 3459 3306 carnes

1878 3352 1931 3397 et
1974 3360 2095 3399 ossa
2132 3356 2407 3413 corrupta,
2457 3356 2511 3397 et
2559 3345 2718 3400 factis
2760 3344 2893 3413 ipsis
2918 3344 3090 3397 discat
3118 3344 3336 3397 cuinam
3370 3357 3459 3397 re-

1879 3438 2053 3501 sistat,
2084 3447 2139 3490 et
2168 3452 2234 3489 an
2260 3436 2352 3490 Dei
2378 3436 2459 3490 sui
2493 3434 2702 3487 fruatur
2737 3435 2959 3487 auxilio.
2995 3434 3071 3487 Eo
3102 3444 3284 3489 autem
3318 3433 3459 3489 facto

1880 3531 2024 3584 dicto
2054 3530 2237 3591 citius,
2270 3539 2322 3583 et
2366 3539 2556 3583 sancto
2589 3529 2641 3583 in
2689 3529 2883 3584 mediis
2931 3527 3102 3596 petris
3148 3525 3459 3595 intercepto

1883 3632 2028 3676 tanta
2079 3633 2197 3678 erat
2240 3624 2318 3677 vis
2377 3639 2497 3692 quae
2534 3639 2657 3677 eum
2704 3623 2988 3691 premebat
3029 3632 3108 3684 ut,
3165 3635 3289 3675 cum
3337 3621 3459 3689 ejus

1879 3728 2002 3766 ossa
2053 3712 2552 3782 conlringerentur,
2608 3713 2829 3783 quidam
2880 3729 3047 3767 sonus
3095 3720 3150 3766 et
3197 3711 3380 3780 fragor
3430 3727 3460 3764 a

1883 3806 2067 3861 multis
2116 3806 2488 3859 exaudiretur.
2550 3806 2805 3873 Disrupta
2858 3805 3003 3857 enim
3065 3812 3193 3854 sunt
3252 3802 3459 3864 omnia,

1883 3914 2003 3968 qua:
2032 3908 2188 3953 erant
2210 3898 2350 3951 intra
2374 3899 2571 3966 ipsum,
2599 3904 2649 3951 et
2673 3898 2920 3951 contritae
2948 3904 3074 3949 sunt
3096 3910 3289 3949 omnes
3314 3910 3462 3949 com—

1885 4007 2047 4061 pages
2102 3993 2221 4061 cjus
2276 3993 2480 4045 ossium
2508 4031 2523 4054 ,
2566 4001 2623 4056 et
2669 3991 2808 4045 oculi
2854 3996 3203 4047 excesserunt
3252 4003 3283 4041 ο
3331 3986 3462 4041 sede

1886 4084 2126 4153 propria.
2170 4084 2273 4135 Sed
2324 4084 2573 4151 quamvis
2603 4091 2746 4135 esset
2781 4082 2846 4133 ad
2883 4082 3021 4134 lianc
3066 4080 3331 4133 adductus
3363 4093 3461 4133 ne-

1885 4174 2215 4239 cessitatem,
2260 4189 2366 4227 non
2420 4172 2657 4243 neglexit
2709 4182 2889 4227 tamen
2934 4171 3001 4226 ad
3042 4170 3209 4223 Deum
3239 4185 3461 4225 canere.

1889 4266 2154 4320 Psallebat
2192 4267 2359 4329 enim,
2400 4286 2416 4316 ι
2454 4266 2510 4319 lu
2538 4274 2711 4335 petra,
2739 4266 2950 4331 dicens,
2983 4263 3231 4318 exaltasti
3266 4278 3374 4327 me,
3408 4274 3463 4318 et

1887 4360 2156 4414 deduxisti
2198 4374 2303 4419 me,
2339 4360 2596 4427 quoniam
2640 4358 2816 4413 factus
2850 4373 2909 4412 es
2946 4371 3069 4425 spes
3109 4372 3256 4418 mea,
3294 4355 3463 4409 turris

1890 4452 2105 4505 virtutis
2129 4466 2155 4503 a
2182 4449 2319 4504 facie
2343 4450 2570 4503 inimici.
2601 4449 2849 4502 Statuiin
2875 4462 3036 4515 supra
3063 4456 3271 4515 petram
3298 4446 3465 4515 pedes

1889 4560 2059 4606 meos,
2097 4554 2151 4598 ct
2183 4542 2431 4598 direxisti
2474 4556 2694 4611 gressus
2732 4554 2884 4594 meos
2916 4541 2979 4591 “.
3025 4558 3044 4590 ι
3078 4537 3278 4608 Accipe
3311 4551 3464 4607 ergo.

1886 4636 1982 4689 Fili
2019 4636 2110 4689 Dei
2142 4636 2437 4704 unigenite,
2470 4633 2721 4702 spiritqu
2746 4648 2951 4692 meum.
2982 4642 3038 4686 et
3065 4645 3135 4684 ne
3165 4630 3464 4684 concludas

1886 4743 1971 4782 me
2005 4729 2058 4781 in
2099 4742 2292 4780 manus
2328 4723 2694 4777 inimicorum.
2740 4723 2828 4775 Sic
2858 4736 2987 4790 ergo
3016 4734 3139 4773 cum
3187 4720 3239 4771 in
3283 4718 3463 4777 medio

1884 4830 2158 4890 petrarum
2202 4828 2371 4871 totum
2404 4816 2548 4870 diem
2579 4827 2634 4870 et
2665 4824 2881 4869 noctem
2915 4813 3203 4868 mansisset
3237 4824 3461 4883 martyr,

1878 4912 2039 4981 jussit
2083 4910 2381 4964 sceleratus
2420 4907 2670 4962 Julianus
2696 4905 2931 4973 disjungi
2970 4914 3170 4973 petras,
3203 4917 3328 4956 eum
3363 4917 3461 4971 pe-

1885 5006 2031 5059 nitus
2064 5004 2357 5064 interiisse,
2392 5011 2447 5053 et
2492 5000 2694 5051 nullam
2745 4999 2968 5067 spiritus
3000 5005 3204 5064 partem
3250 5009 3371 5049 esse
3412 4995 3460 5049 ei

1885 5098 2124 5149 relictam
2156 5111 2263 5163 pra
2298 5091 2387 5146 illo
2415 5093 2585 5146 nimio
2621 5106 2788 5145 onere
2820 5090 3109 5144 arbitrans.
3142 5089 3237 5145 Ille
3277 5096 3458 5143 autem

1884 5198 2098 5241 amotus
2138 5201 2168 5239 a
2222 5186 2415 5253 petris,
2462 5199 2714 5254 egressus
2766 5193 2870 5247 est,
2925 5183 3204 5243 incedens,
3252 5191 3305 5232 et
3350 5179 3464 5233 suis

1888 5290 2043 5333 utens
2072 5279 2322 5346 pedibus,
2356 5292 2540 5331 revera
2572 5275 2894 5329 miraculum
2928 5274 3159 5328 maxime
3186 5270 3463 5325 admiran-

1882 5373 2034 5426 dum.
2078 5369 2252 5424 Homo
2292 5370 2490 5431 nudus,
2520 5368 2606 5421 cui
2636 5368 2838 5437 egressi
2871 5366 3088 5436 quidem
3117 5372 3270 5417 erant
3294 5362 3463 5424 oculi,

1885 5482 2007 5522 ossa
2039 5464 2298 5525 contrita,
2334 5463 2577 5516 membra
2615 5472 2667 5515 et
2696 5474 2892 5517 carnes
2924 5471 3199 5530 petrarum
3235 5454 3461 5525 compli-

1885 5560 2098 5616 catione
2155 5570 2492 5626 compressa,
2553 5555 2672 5623 ejus
2732 5564 2912 5607 autem
2964 5551 3222 5604 intestina
3281 5547 3460 5601 omnia

1889 5654 2083 5708 misere
2112 5648 2438 5707 eiﬂuxerant
2467 5666 2481 5704 :
2509 5647 2555 5704 is
2586 5649 2639 5720 (ο
2668 5661 2868 5703 novum
2897 5655 2946 5699 et
2980 5644 3213 5698 alienum
3248 5647 3459 5708 specta-
