3990 6504
494 423 631 487 1219

1784 425 2068 486 MENSIS
2105 424 2463 487 OCTOBER.

3628 424 3757 489 1??!)

490 540 739 608 caligine,
768 552 889 593 cum
925 550 1113 608 parum
1148 538 1509 607 aspexissent,
1533 548 1587 594 et
1613 540 1776 594 veluti
1805 541 2067 611 respiras-

2188 542 2270 612 τὴν
2312 542 2655 611 κατέχουσαν
2691 540 2891 604 αὐτοὺς
2950 541 3083 605 τέως
3126 541 3230 595 ὑπὸ
3262 540 3544 611 δαιμόνων
3594 545 3756 609 ἀχλίλν

491 642 631 692 sent,
671 631 819 683 illius
869 640 1085 684 sanctos
1136 631 1302 699 pedes
1357 632 1692 694 osculantur,
1747 642 1805 687 et
1858 633 2066 686 nullam

493 721 722 773 edentes
778 736 986 781 vocem,
1040 735 1134 773 eos
1182 721 1274 773 diu
1329 730 1535 785 tenent,
1580 725 1713 777 adeo
1772 733 1829 776 ut
1880 737 2069 777 omnes

494 812 869 865 existimarent
918 828 1012 865 eos
1059 795 1181 865 esse
1230 822 1493 867 mortuos.
1533 814 1650 883 Ipse
1705 825 1887 869 autem
1943 832 2068 869 cum

494 903 947 973 apprehendisset
981 903 1193 955 illorum
1225 902 1529 968 dexteram,
1560 907 1686 961 facit
1719 924 1815 962 eos
1848 924 2070 979 surgere

497 1008 644 1047 sana:
678 994 894 1047 mentis.
924 994 986 1045 Et
1015 993 1085 1045 illi
1113 994 1352 1063 quidem,
1383 998 1623 1064 quaesitis
1655 998 1919 1062 vestibus,
1948 1015 2070 1053 cuin

495 1098 590 1137 eas
645 1084 970 1146 induissent,
1027 1086 1391 1141 cernebantur
1438 1090 1697 1157 deinceps
1762 1092 1963 1155 vestiti,
2018 1098 2073 1145 et

498 1187 643 1227 sanae
674 1175 890 1239 mentis,
922 1183 975 1230 et
1012 1176 1079 1230 ab
1104 1176 1336 1231 Abercio
1369 1180 1592 1233 minime
1624 1182 1960 1237 recedentes.

569 1463 684 1517 Vl].
711 1462 845 1517 Cum
880 1463 993 1516 hac
1026 1470 1205 1515 autem
1238 1462 1459 1516 vidisset
1503 1464 1677 1523 turba.
1721 1478 1911 1517 omnes
1960 1464 2073 1516 vel-

506 1552 583 1605 Illi
636 1567 742 1605 una
774 1562 957 1606 mente
988 1558 1043 1606 εἴ
1086 1568 1197 1605 uno
1247 1568 1344 1606 0T6
1406 1570 1418 1605 ε
1480 1552 1559 1606 Tu
1612 1570 1669 1605 CS
1734 1554 1883 1606 SOilIS
1916 1568 2075 1606 verus

502 1641 665 1704 Deus,
696 1643 790 1709 qui
826 1657 922 1710 per
955 1652 1105 1695 tuum
1160 1641 1477 1710 praedicaris
1521 1643 1831 1707 Abercium,
1884 1656 2078 1711 magna

501 1748 636 1786 voce
667 1734 944 1786 dixerunt.
980 1734 1037 1786 Ei
1088 1733 1163 1786 rei
1212 1720 1321 1785 ient
1363 1732 1735 1787 testimonium
1792 1736 2078 1801 repentina

502 1825 588 1879 illa
635 1828 989 1879 commutatio
1052 1826 1449 1889 multitudinis,
1526 1839 1644 1891 qua:
1707 1840 1879 1893 usque
1945 1827 2081 1879 adeo

498 1916 603 1972 fuit
634 1929 792 1987 capta
849 1917 1135 1997 miraculo,
1189 1926 1247 1967 ut
1289 1913 1473 1967 nullus
1520 1916 1777 1979 defuerit,
1827 1918 1917 1985 qui
1971 1932 2077 1971 non
2114 1909 2152 1962 Β

503 2009 730 2064 haberet
767 2008 1106 2076 agnitionem
1146 2024 1157 2061 :
1191 2008 1300 2059 imo
1326 2020 1515 2060 omnes
1544 2008 1608 2059 ad
1650 2008 1895 2061 divinum
1940 2009 2071 2079 bap—

502 2104 728 2157 tismum
788 2100 1150 2163 accurrerint,
1204 2118 1266 2153 ex
1325 2102 1528 2170 paratis
1580 2101 1813 2155 Abercio
1859 2102 2078 2157 insidiis

503 2200 604 2251 hoc
634 2197 952 2266 praeclarum
985 2195 1203 2247 interim
1235 2195 1550 2259 consecuti,
1587 2210 1781 2263 nempe
1806 2205 1958 2248 suam
1992 2211 2079 2249 sa-

502 2290 691 2343 Iutem.
731 2288 1001 2342 Caeterum
1050 2287 1303 2340 dicebant
1344 2302 1464 2341 esse
1519 2287 1740 2355 aliquid,
1795 2290 1937 2355 quod
1984 2303 2077 2341 eos

500 2386 738 2437 maxime
808 2381 1169 2433 coiiturbabat
1212 2396 1223 2431 :
1267 2393 1323 2431 se
1372 2379 1514 2429 enim
1573 2382 1959 2445 pertimescere
2009 2392 2079 2431 ne

504 2484 722 2543 prepter
743 2487 989 2540 magnum
1012 2470 1267 2532 dedecus,
1287 2484 1391 2534 quo
1410 2470 1698 2523 multitudo
1725 2478 2074 2537 peccatorum

504 2567 749 2633 perfudit
819 2565 1079 2623 animam,
1138 2564 1219 2617 sic
1295 2573 1679 2631 permanerent
1734 2573 2075 2630 nequaquam

508 2657 619 2712 Deo
656 2656 891 2723 accepti.
945 2654 1286 2707 Accedentes
1336 2654 1519 2722 itaque
1565 2655 1821 2707 dicebant
1875 2675 1887 2707 ς
1938 2654 2077 2707 Doce

506 2764 629 2809 nos,
670 2747 834 2800 homo
867 2746 979 2807 Dei,
1010 2763 1076 2797 an
1117 2746 1186 2797 sit
1212 2761 1308 2797 nos
1341 2745 1483 2797 Deus
1513 2745 1779 2813 patienter
1823 2756 2076 2814 aspectu-

509 2857 626 2897 rus.
672 2854 740 2891 an
780 2840 935 2891 nobis
968 2839 1103 2889 tnala
1139 2837 1451 2889 redditurus
1482 2846 1705 2906 propter
1733 2853 1794 2890 ea
1837 2848 2077 2907 peccata,

508 2949 629 3000 quae
663 2932 895 2986 fecimus
925 2931 977 2982 in
1016 2930 1341 2999 ignorantia,
1376 2928 1519 2996 quod
1553 2930 1715 2981 etiam
1766 2928 2076 2992 horremus,

510 3036 734 3095 propter
765 3025 909 3091 quod
946 3024 1215 3084 dolemus,
1244 3023 1387 3089 quod
1426 3021 1681 3074 timemus
1706 3035 1769 3074 ac
1819 3022 2078 3075 formida-

513 3134 653 3170 mus.
690 3116 784 3169 llle
845 3126 1024 3169 autem
1086 3115 1309 3185 propius
1374 3114 1657 3177 accedens,
1697 3130 1855 3183 quam
1908 3116 2080 3183 potuit

511 3211 745 3263 maxima
790 3216 843 3263 et
868 3209 1173 3262 clarissima
1208 3223 1337 3261 voce
1372 3225 1384 3260 :
1426 3205 1554 3269 Viri,
1597 3209 1789 3277 inquit,
1816 3207 1904 3277 qui
1935 3222 2080 3260 nunc

514 3304 846 3366 credidistis,
896 3305 938 3356 Si
988 3318 1097 3355 non
1157 3301 1522 3369 perseveretis
1570 3300 1623 3351 in
1674 3303 1949 3353 veteribus
1989 3316 2082 3354 ve-

510 3396 637 3449 stris
670 3397 951 3465 Operibus,
999 3405 1052 3445 et
1086 3394 1325 3461 paternis
1364 3392 1767 3455 traditionibus,
1808 3392 1900 3444 Sed
1938 3404 2085 3445 recc-

511 3490 654 3541 datis
689 3490 755 3542 ab
790 3488 941 3543 omni
980 3486 1097 3547 viti,
1166 3481 1421 3550 invidia,
1475 3484 1717 3554 inquam,
1772 3484 1915 3548 odio,
1985 3483 2085 3537 im-

514 3581 804 3641 munditia,
833 3591 887 3633 et
918 3580 1061 3643 aliis,
1095 3596 1217 3647 qua:
1250 3582 1399 3647 prius
1451 3580 1681 3638 fecistis,
1718 3593 1841 3630 cum
1894 3579 2087 3629 essetis

513 3676 566 3728 in
598 3673 928 3741 ignorantia,
958 3671 1072 3738 ipse
1115 3671 1220 3723 erit
1250 3670 1403 3722 vobis
1461 3667 1750 3737 propitius,
1815 3667 1869 3720 in
1924 3682 2084 3736 quem

514 3782 664 3819 nunc
705 3768 939 3817 sinccrc-
979 3762 1291 3815 credidistis
1326 3778 1341 3813 :
1380 3762 1472 3828 qui
1518 3762 1678 3812 etiam
1714 3775 1808 3812 eos
1861 3768 2082 3822 vocans,

511 3857 603 3926 qui
640 3864 769 3909 sunt
800 3852 1075 3923 aggravati
1107 3850 1350 3921 peccatis
1389 3867 1401 3902 :
1458 3867 1475 3899 ι
1520 3849 1731 3912 Venite,
1784 3850 1981 3918 inquit,
2018 3849 2087 3902 ad

516 3965 600 4001 me
636 3961 848 4008 uniucs,
883 3947 973 4013 qui
1010 3943 1287 4007 laboratis,
1320 3954 1376 3997 et
1416 3943 1627 3997 onerati
1677 3943 1812 3996 estis
1842 3982 1856 4005 ,
1899 3948 1953 3995 et
1985 3955 2086 4009 ego

518 4039 758 4091 rcticiatn
798 4054 895 4089 vos
925 4037 941 4067 ¹
987 4056 1003 4085 ›
1049 4036 1324 4087 Habemus
1378 4034 1625 4101 exempla
1675 4033 2086 4086 innumerabilia

514 4131 635 4200 ejus
667 4130 1037 4198 benignitatis.
1078 4126 1447 4192 Quamobrem
1487 4127 1537 4179 in
1569 4129 1746 4195 ipsum
1780 4127 2086 4190 credentes,

513 4236 609 4275 vos
642 4235 832 4275 omnes
859 4221 904 4273 ei
948 4230 1156 4273 vestras
1202 4219 1445 4272 dedieate
1496 4218 1723 4279 animas,
1756 4228 1809 4271 et
1840 4228 1933 4289 spe
1979 4234 2086 4271 non

516 4313 939 4367 frustrabimini.
977 4312 1080 4365 Sed
1119 4327 1330 4380 graves,
1374 4312 1652 4370 dicebant,
1709 4311 1890 4379 plagas
1928 4326 2089 4363 acce-

523 4409 725 4475 pimus,
763 4416 906 4458 totos
934 4404 1187 4471 nosipsos
1207 4413 1363 4455 antea
1398 4402 1660 4457 dedentes
1690 4402 1940 4455 obscenis
1972 4417 2092 4454 eor-

517 4498 667 4565 poris
718 4496 1115 4563 voluptatibus,
1149 4504 1204 4547 et
1244 4496 1474 4547 maxima
1512 4510 1574 4547 ex
1616 4504 1768 4563 parte
1788 4493 2089 4546 servientes

2172 636 2635 706 ἀποϐεϐληκότες,
2718 634 3108 704 διαϐλέψαντές
3157 652 3215 687 τε
3257 635 3459 705 μικρὸν
3506 637 3607 687 καὶ
3648 631 3756 687 οἷον

2170 727 2583 792 ἀνενεγκόντες,
2633 728 2745 785 τοῖς
2793 726 2973 793 ἁγίοις
3030 726 3241 778 ἐκείνου
3307 728 3473 778 ποσὶν
3530 727 3755 788 ἑαυτοὺς

2170 820 2397 880 διδοῦσι,
2431 821 2521 871 καὶ
2550 816 2757 885 ἄφωνοι
2790 816 2996 870 τούτων
3031 820 3126 871 ἐπὶ
3153 817 3285 869 πολῦ
3334 819 3584 888 ἔχονται,
3619 819 3755 871 ὥστε

2174 917 2270 968 καὶ
2288 914 2472 965 θανεῖν
2512 912 2717 971 αὐτοὺς
2744 911 3069 980 νομίζεσθαι
3105 910 3256 979 παρὰ
3302 914 3547 963 πάντων.
3586 913 3753 971 Αὐτὸς

2176 1012 2380 1081 μέντοι,
2426 1010 2728 1079 λαϐόμενος
2778 1010 3041 1077 ἐκατέρου
3086 1009 3187 1076 τῆς
3236 1009 3444 1072 δεξτᾶς,
3484 1011 3754 1079 νήφοντας

2172 1103 2368 1169 αὑτοὺς
2387 1102 2710 1170 διανίστησι.
2740 1101 2849 1152 Καὶ
2869 1102 2917 1151 oi
2945 1102 3041 1169 μὲν
3067 1100 3297 1169 ἐσθῆτας
3324 1102 3755 1169 ἐπιζητήσαντες

2174 1196 2266 1247 καὶ
2291 1194 2493 1257 ταύτας
2527 1193 2792 1255 ἐνδύντες,
2818 1193 3198 1261 εἱματισμένοι
3228 1192 3290 1243 τὸ
3319 1192 3512 1242 λοιπὸν
3545 1193 3758 1260 ἑωρῶν-

2172 1306 2231 1341 το
2277 1290 2370 1340 καὶ
2443 1286 2876 1357 σωφρονοῦντες,
2927 1286 3023 1337 καὶ
3086 1284 3377 1353 Ἀσερκίου
3433 1285 3563 1354 μηδ’
3614 1286 3758 1345 ὅπως

2173 1380 2265 1433 οὖν
2298 1381 2680 1448 ἀφιστάμενοι.

2250 1472 2326 1528 Ζ’.
2374 1476 2433 1526 Ὀ
2477 1474 2533 1525 δὲ
2584 1473 2762 1541 ὄχλος,
2795 1460 2966 1523 ταῦτα
3019 1471 3238 1533 ἰδόντες,
3272 1470 3467 1540 ὥσπερ
3503 1472 3613 1523 ὑπο
3672 1472 3761 1538 μιᾷ

2178 1568 2379 1630 πάντες
2410 1564 2602 1634 γνώμη
2635 1568 2726 1615 καὶ
2768 1562 3005 1632 γλώττῃ,
3044 1563 3114 1613 Συ
3154 1558 3207 1615 εἷ
3242 1564 3270 1615 ὁ
3315 1564 3478 1631 μόνος
3511 1561 3761 1629 ἀληθινὸς

2178 1660 2310 1722 Θεὸς
2340 1658 2479 1711 όδιὰ
2518 1656 2609 1709 τοῦ
2657 1655 3189 1723 σοῦ-κηρυττόμενος
3246 1653 3563 1721 Ἂῆερκίου,
3624 1655 3760 1719 μέγα

2180 1751 2534 1819 ἐφθέγξαντο.
2567 1752 2855 1819 Μαρτυρεῖ
2910 1746 2988 1816 τῷ
3030 1749 3317 1816 πράγματι
3363 1749 3460 1796 καὶ
3512 1748 3545 1813 ἠ
3596 1745 3762 1811 ἀθρόα

2182 1834 2276 1896 τοῦ
2315 1831 2564 1911 πλήθουξ
2591 1844 2801 1893 ἐκείνου
2866 1840 3159 1908 μεταϐολὴ,
3212 1838 3355 1890 οὕτω
3410 1838 3539 1889 κατ’
3590 1839 3759 1901 ἄκρας

2186 1938 2422 1989 ἁλόντων
2449 1935 2525 2002 τῷ
2562 1934 2821 1999 θαύματι,
2851 1933 2924 1984 ὡς
2963 1931 3164 1998 μηδένα
3196 1931 3403 1982 τούτων
3428 1928 3760 1994 ἀπολειοςθῆο

2186 2047 2271 2081 ναι
2310 2028 2404 2094 τῆς
2437 2027 2827 2092 ἐπιγνώσεωςσ
2862 2023 2998 2074 ἀλλὰ
3036 2023 3113 2090 τῷ
3137 2022 3265 2091 θείῳ
3314 2022 3526 2079 πάντας
3579 2019 3764 2086 βαπτί-

2188 2131 2353 2183 σματι
2388 2115 2785 2182 προσδραμεῖν,
2815 2113 2980 2163 καλὸν
3010 2111 3284 2179 πάρεργον
3313 2112 3412 2180 τῆς
3480 2112 3761 2180 Ἀὁερκίον

2186 2205 2479 2273 ἐπιϐουλῆς
2543 2206 2641 2275 τὴν
2700 2204 2910 2256 ἑαυτῶν
2979 2202 3258 2271 σωτηρίαν
3320 2202 3761 2270 ποιησαμένους.

2186 2294 2331 2363 Πλὴν
2361 2291 2500 2345 εἷναί
2525 2310 2575 2343 τι
2605 2294 2664 2345 τὸ
2700 2295 2935 2360 μάλιστα
2983 2291 3248 2361 θορυϐοῦν
3299 2291 3501 2351 αὐτοὺς
3540 2292 3724 2354 ἔλεγεν
3748 2305 3761 2318 ι

2185 2387 2485 2439 δ;δοικέναι
2519 2373 2627 2454 γὰρ
2662 2386 2756 2438 καὶ
2788 2388 3032 2453 τρέμειν,
3077 2385 3150 2452 μή
3190 2400 3322 2434 ποτε
3355 2384 3448 2434 διὰ
3483 2384 3585 2450 τὴν
3636 2383 3765 2432 πολ-

2186 2481 2283 2549 λὴν
2310 2482 2595 2549 αἰσχύνην,
2630 2480 2697 2548 ἣν
2730 2476 2787 2530 τὸ
2813 2477 2923 2528 τῶν
2953 2476 3246 2545 ἁμαρτιῶν
3279 2474 3489 2539 πλῆθος
3542 2474 3641 2541 τῆς
3667 2473 3766 2537 ψυ-

2187 2571 2288 2641 χῆς
2316 2571 2498 2623 αὐτῶν
2538 2568 2967 2631 κατεσκέδασεν,
3020 2564 3386 2633 ἀπρόσδεκτοι
3439 2560 3586 2612 οὔτω
3617 2561 3764 2625 παρὰ

2186 2663 2305 2731 Θεῷ
2349 2662 2727 2731 διαμείνωσιν.
2771 2660 2984 2727 Ἀμέλει
3018 2663 3111 2708 καί
3147 2656 3491 2723 προσιόντες,
3525 2656 3564 2704 Δ
3591 2653 3757 2714 ίδαξον

2191 2758 2358 2825 ἡμᾶς,
2398 2756 2604 2820 ἐλεγον,
2638 2755 2767 2817 ἆνερ
2798 2751 2887 2802 τοῦ
2931 2750 3093 2808 Θεοῦ,
3135 2752 3182 2800 εἰ
3211 2747 3541 2811 ἀνεξίκακον
3577 2747 3705 2813 ἡμῖν
3739 2746 3764 2794 ὁ

2186 2845 2318 2908 Θεὸς
2352 2847 2660 2915 ἐπιϐλέψει,
2690 2849 2721 2916 ἦ
2752 2844 3037 2905 ἀποδιδοὺς
3081 2844 3231 2895 ἔσται
3255 2842 3339 2909 ἐφ’
3376 2835 3459 2903 οἷς
3496 2842 3579 2901 είς
3609 2838 3765 2891 aliter

2188 2944 2245 2994 ἐν
2290 2941 2484 3011 ἀγνοίᾳ
2549 2937 3135 3007 πεπλημμελήκαμεν·
3192 2933 3219 2985 ὃ
3258 2938 3348 2984 καὶ
3405 2933 3764 3005 φριττόμετος

2189 3034 2328 3103 ὑπὲρ
2362 3031 2420 3088 οὗ
2467 3031 2777 3101 φοϐούμεθα
2831 3031 2920 3080 καὶ
2955 3028 3295 3093 δεδοίκαμεν.
3346 3024 3404 3075 '0
3436 3025 3516 3083 ὁε,
3568 3019 3766 3090 προσέ-

2187 3128 2296 3198 χὼν
2320 3124 2529 3193 μεγάλῃ
2553 3123 2626 3186 ὡς
2655 3104 2880 3174 δυνατὸν
2910 3122 3003 3169 καὶ
3034 3119 3265 3186 λαμπρᾷ.
3310 3119 3376 3183 τῇ
3400 3116 3552 3182 φωνῇ
3585 3129 3597 3139 ·
3636 3115 3761 3163 Ἀν-

2188 3220 2313 3288 δρες
2342 3220 2389 3269 οί
2422 3215 2518 3269 νῦν
2562 3213 2979 3272 πιστεύσαντες,
3026 3209 3154 3278 ἔφη,
3214 3208 3263 3259 εί
3320 3208 3395 3276 μὴ
3446 3206 3767 3273 ἐπιμείνητι

2187 3312 2299 3370 τοίς
2326 3307 2578 3369 παλαιοῖς
2625 3304 2777 3374 ὑμῶν
2806 3303 2986 3372 ἔργοις
3036 3304 3129 3354 καὶ
3173 3302 3292 3362 ταῖς
3331 3299 3632 3365 πατρικαῖς
3666 3314 3769 3346 παι

2186 3400 2498 3472 ραδόσεσιν,
2534 3398 2669 3453 ἀλλά
2731 3397 2911 3463 πάσης
2934 3393 3207 3459 ἀποστῆτε
3267 3389 3489 3449 κακίας,
3543 3389 3764 3456 φθόνου,

2187 3494 2352 3561 φημὶ,
2391 3492 2486 3542 καὶ
2539 3491 2755 3556 μίσους,
2806 3483 3147 3552 ἀκαθαρσίας
3174 3482 3269 3533 καὶ
3301 3482 3409 3531 τῶν
3454 3480 3636 3531 ἄλλων
3668 3479 3764 3528 ὅσα

2190 3588 2455 3656 πρότερον
2503 3584 2559 3634 ἐν
2595 3580 2789 3648 ἀγνοίᾳ
2833 3578 2985 3637 ὅντες
3033 3575 3357 3644 ἐπράττετε,
3417 3573 3581 3630 ἵλεως
3639 3573 3765 3635 ὑμῖν

2187 3678 2346 3739 αὐτὸς
2375 3676 2551 3739 ἔσται,
2604 3675 2683 3736 είς
2712 3672 2771 3725 ὃν
2817 3669 3055 3739 γνησίως
3101 3668 3193 3721 νῦν
3227 3663 3641 3719 πεπιστεύκατε
3662 3680 3676 3694 ·
3706 3664 3761 3723 ὃς

2188 3772 2280 3825 καὶ
2309 3767 2788 3841 προσκαλούμενος
2812 3766 2937 3823 τοὺς
2970 3763 3267 3831 ἁμαρτίαις
3300 3759 3711 3829 βεὸαρημένους
3736 3773 3755 3788 ο

2183 3863 2353 3921 ,Δεῦτε
2388 3862 2610 3920 πάντες,
2642 3857 2833 3924 φησιν,
2860 3856 2907 3907 οἱ
2938 3853 3238 3912 κοπιῶντες
3262 3856 3357 3903 καὶ
3392 3852 3763 3920 πεφορτισμὲο

2192 3971 2294 4016 νοι,
2327 3949 2484 4017 καγὼ
2508 3946 2812 3999 ἀναπαύσω
2844 3944 3010 4011 ὑμᾶς.
3045 3942 3283 4011 Ἐχομεν
3317 3938 3489 4008 μυρία
3518 3939 3616 4005 τῆς
3664 3937 3761 3987 αὑ-

2192 4045 2286 4098 τοῦ
2347 4040 2720 4112 χρηστότητος
2763 4034 3162 4102 ὑποδείγματα.
3215 4034 3418 4098 Διόπερ
3467 4029 3549 4088 είς
3602 4028 3763 4079 αὑτὸν

2193 4133 2605 4191 πιστεύσαντες,
2633 4127 2780 4195 αὐτῷ
2807 4127 2901 4177 καὶ
2929 4124 3025 4185 τὰς
3046 4122 3225 4190 ψυχὰς
3248 4121 3513 4173 ἀνάθεσθε
3543 4120 3764 4180 πάντες,

2193 4226 2286 4277 καὶ
2316 4223 2423 4275 τῶν
2475 4221 2709 4273 ἐλπίδων
2764 4219 2863 4287 οὐχ
2900 4215 3268 4284 ἀμαρτὴσετε.
3320 4211 3483 4264 Ἀλλὰ
3532 4211 3764 4280 πληγὰς,

2193 4314 2369 4380 εἶπον,
2402 4313 2669 4375 ἐλάϐομεν
2701 4310 2968 4381 χαλεπὰς,
3001 4310 3156 4369 ὅλους
3209 4307 3439 4366 ἑαυτοὺς
3472 4305 3764 4375 πρὸςάτό-

2197 4424 2331 4468 πους
2361 4406 2455 4457 τοῦ
2487 4406 2602 4473 βίου
2636 4402 2827 4472 ἡδονὰς
2861 4402 3038 4451 πάντα
3098 4400 3189 4449 τὸν
3220 4396 3535 4465 ἔμπροσθεν
3579 4396 3765 4463 χρόνον

2196 4499 2432 4557 ἀνέντες,
2496 4496 2589 4547 καὶ
2647 4492 2819 4546 πολλὰ
2846 4495 2967 4552 ταῖς
3018 4488 3111 4541 τοῦ
3163 4489 3417 4556 σώματος
3449 4486 3765 4553 ἐπιθυμίαις

518 4588 767 4656 corporis
797 4586 1108 4649 desideriis,
1141 4594 1195 4638 et
1225 4587 1403 4639 adhuc
1432 4587 1625 4639 malam
1667 4587 1930 4638 habemus
1961 4601 2083 4639 cen-

2194 4589 2598 4653 δουλεύσαντες,
2654 4588 2749 4639 καὶ
2778 4586 2875 4657 τὴν
2924 4583 3168 4653 πονηρὰν
3223 4583 3305 4633 ἔτι
3351 4580 3647 4647 συνήθειαν
3678 4596 3767 4629 τυ-

517 4680 891 4741 suetudinem,
926 4678 1265 4748 tyrannidem
1302 4679 1355 4730 in
1394 4679 1551 4730 nobis
1581 4688 1951 4731 exercentem.
1994 4681 2088 4732 llle

518 4784 701 4825 autent
740 4790 753 4825 :
792 4771 1095 4834 Aceurrite,
1136 4770 1327 4839 inquit,
1360 4772 1761 4839 quamprimum
1803 4770 1865 4823 ad
1918 4774 2091 4825 medi-

519 4881 669 4924 cum,
698 4875 752 4915 et
777 4864 1070 4931 jejunium,
1106 4863 1343 4926 labores,
1375 4879 1587 4932 preces,
1626 4864 1913 4933 lacrymas,
1968 4880 2095 4932 pec-

520 4965 768 5007 catorum
816 4953 1244 5015 confessionem,
1294 4964 1349 5005 et
1399 4956 1612 5007 illarum
1666 4955 1928 5023 ipsarum,
1974 4971 2094 5023 qua:

523 5064 619 5102 vos
650 5054 872 5109 vexant,
906 5044 1320 5114 cogitationum,
1354 5053 1408 5097 et
1445 5045 1511 5095 ad
1546 5044 1747 5098 malum
1779 5044 2089 5099 faciendum

523 5140 810 5208 impellunt
847 5158 859 5192 :
894 5137 1038 5207 quod
1083 5140 1245 5190 etiam
1292 5152 1387 5205 per
1441 5137 1686 5190 divinum
1751 5142 1887 5191 Osee
1932 5138 2093 5209 longo

524 5242 651 5284 ante
685 5240 930 5297 tempore
967 5229 1108 5281 Deus
1136 5238 1321 5295 utpote
1356 5246 1463 5283 non
1497 5229 1563 5282 ab
1606 5231 1684 5283 eis
1725 5230 1948 5295 factum,
1999 5247 2095 5285 e.\-

525 5324 747 5393 probrat
776 5320 976 5375 Judzeis
1024 5338 1035 5371 :
1074 5318 1205 5384 Cur,
1236 5322 1443 5381 dicens,
1480 5320 1709 5375 sduistis
1733 5322 2091 5390 impietatem,

527 5424 583 5467 et
635 5415 755 5480 ejus
806 5415 1040 5467 fructum
1092 5413 1467 5467 vindemiastis
1514 5412 1576 5465 '?
1632 5411 1758 5466 Haec
1810 5414 2093 5470 utilissima

529 5505 928 5560 medicamenta
977 5508 1077 5577 ipsi
1118 5505 1275 5561 vobis
1326 5507 1585 5573 imponite
1625 5524 1636 5536 ·
1684 5514 1739 5559 et
1776 5521 1875 5560 nec
1905 5508 2091 5562 vulne-

526 5614 645 5653 rum
676 5598 896 5663 quidem
927 5601 1080 5655 vobis
1111 5599 1411 5657 remanebit
1438 5600 1746 5669 vestigium.

601 5691 736 5745 Vlll.
771 5691 905 5745 Cum
953 5704 1048 5744 eos
1088 5691 1169 5745 sic
1217 5689 1434 5744 divinus
1491 5688 1861 5758 alloqueretur
1916 5692 2088 5748 Aber-

605 5863 622 5901 θ
658 5869 842 5925 Matth.
876 5885 938 5937 ll,
975 5868 1065 5925 28.
1142 5872 1159 5901 ’
1184 5869 1319 5925 Osee
1355 5887 1410 5937 τ,
1449 5870 1533 5926 15.

2194 4683 2495 4756 ραννοῦσαν
2526 4684 2582 4733 ἐν
2614 4682 2826 4739 ἑαυτοῖς
2859 4678 3095 4746 ἔχοντες.
3139 4674 3301 4725 Ἀλλά
3350 4671 3614 4738 δράμετε,
3668 4687 3766 4738 φη-

2194 4778 2297 4838 σὶν,
2328 4776 2401 4838 ὼς
2431 4774 2590 4842 τάχος
2621 4773 2713 4825 ἐπὶ
2746 4770 2836 4823 τὸν
2867 4770 3073 4839 ίατρὶν,
3106 4769 3199 4818 καὶ
3220 4765 3499 4833 νηστείαν,
3538 4764 3753 4826 πόνους,

2197 4865 2799 4939 προσευχὰς,,δάκρυα,
2848 4862 2909 4914 τὸ
2940 4862 3038 4929 τὴν
3085 4857 3361 4928 ἁμαρτίαν
3393 4856 3763 4928 ἐξαγορεύειν,

2198 4958 2293 5008 καὶ
2327 4954 2527 5015 αὐτοὺς
2585 4952 2827 5015 ἐκείνους
2877 4951 3002 5013 τοὺς
3051 4950 3402 5018 ἐνοχλοῦντας
3439 4949 3574 5013 ὑμῖν
3621 4947 3766 5013 λογι·

2198 5052 2367 5119 σμοὺς
2403 5047 2499 5100 καὶ
2545 5045 2680 5116 πρὸς
2728 5045 2827 5114 τὴν
2859 5042 2955 5095 τοῦ
2988 5040 3159 5093 κακοῦ
3220 5041 3420 5109 πρᾶξιν
3459 5038 3762 5099 ὠθοῦντας·

2193 5143 2220 5193 ὃ
2252 5143 2341 5192 καὶ
2374 5137 2462 5193 διὰ
2503 5141 2661 5208 Ὠσηὲ
2693 5136 2786 5190 τοῦ
2839 5137 2983 5188 θείου
3032 5134 3245 5194 πολλοῖς
3287 5131 3558 5199 πρότερον
3588 5134 3615 5183 ό
3640 5129 3766 5188 Θεὸς

2198 5234 2409 5302 χρόνοις
2434 5232 2680 5293 ὀνειδίζει
2699 5228 3273 5292 τοὺςῚουὸαίους,Ἵνα
3290 5242 3363 5283 τι,
3394 5223 3592 5293 λέγων,
3629 5238 3767 5287 παρ-

2196 5329 2539 5394 εσιωπήσατε
2579 5324 2854 5387 ἀσέϐειαν,
2892 5325 2987 5374 καὶ
3040 5322 3129 5373 τὸν
3160 5319 3373 5387 καρπον
3419 5318 3590 5385 αὐτῆς
3619 5319 3765 5382 ἐτρυ-

2199 5424 2424 5488 γήσατε;
2467 5419 2652 5471 Ταῦτα
2686 5418 2750 5487 δὴ
2798 5418 2867 5469 τὰ
2909 5414 3297 5481 ἀνυσιμώτατα
3346 5413 3619 5481 φάρμακα
3673 5408 3762 5457 αὐ-

2202 5516 2284 5565 τοὶ
2313 5514 2527 5572 ἑαυτοῖς
2560 5510 2800 5573 ἐπίθετε,
2831 5508 2926 5560 καὶ
2949 5507 3073 5559 οὐδὲ
3111 5505 3253 5575 ἴχνος
3295 5505 3424 5574 ὑμῖν
3472 5502 3582 5554 τῶν
3611 5517 3763 5568 τραυ-

2208 5610 2394 5675 μάτων
2424 5603 2906 5673 ύπολειφθήσεται.

2274 5698 2358 5752 H’.
2426 5694 2583 5750 Οὕτω
2633 5695 2727 5746 τοῦ
2767 5691 2913 5744 θείου
2947 5691 3079 5761 πρὸς
3115 5689 3315 5750 αὐτοὺς
3376 5683 3659 5754 Ἀὀερκῐου
3690 5684 3759 5736 δι-
