3990 6442
269 402 397 471 ῙΞἋ

1568 404 1747 465 VITA
1789 402 1849 462 S.
1879 402 2189 464 ABERCII

3388 403 3521 469 1222

271 523 532 586 εξιὸντος,
567 521 599 591 ἡ
636 520 801 589 ἐνάτη
834 518 933 588 τῆς
977 517 1192 590 ἡμέρας
1217 517 1333 588 ῶρα
1388 514 1519 586 πρὸς
1572 517 1633 568 τδ
1691 515 1835 577 τέλος

1950 516 2085 579 cius,
2122 532 2264 570 nona
2300 518 2431 571 hora
2463 518 2570 572 diei
2604 516 2752 571 Ilnita
2800 517 2848 571 ei
2897 532 3113 587 quoque
3159 517 3316 571 aﬂ‘ert
3359 518 3520 571 finem

259 616 364 686 ἤδη
397 615 662 685 γενομένη
686 654 700 677 ,
729 614 885 679 τέλος
915 614 1064 683 αὑτῷ
1113 610 1205 666 καὶ
1238 612 1315 682 τῷ
1358 611 1466 662 τῶν
1526 609 1698 675 λόγων
1748 610 1841 660 ἐπ-

262 712 409 778 άγει,
464 709 557 761 καὶ
591 708 834 761 διέλυσεν
865 710 923 761 ἐν
957 712 1169 769 τούτοις
1195 704 1294 773 τὴν
1322 704 1562 774 ὁμιλίαν,
1594 705 1691 774 τῆς
1722 721 1845 755 συν-

262 801 431 871 ήθους
464 800 628 854 αὑτὸν
679 800 991 871 προσευχῆς
1025 798 1308 868 ἑλκούσης,
1335 799 1413 861 είς
1430 796 1645 866 ὁμιλίαν
1676 797 1843 864 ἄλλην

259 890 355 943 τοῦ
392 890 755 959 ποθουμένου.
800 890 863 946 '0
894 892 994 959 μὲν
1028 889 1121 943 οὖν
1173 890 1372 958 ἀνέστη
1424 887 1519 941 καὶ
1552 888 1651 949 τὰς
1688 887 1840 955 ἱερὰς

259 977 479 1041 ὲκείνας
510 982 696 1049 χεῖρας
724 981 835 1041 τοῖς
866 978 1053 1041 κακῶς
1083 978 1300 1048 ἔχουσιν
1353 976 1589 1040 ἐπιθεὶς,
1644 975 1839 1027 ἐσδεσέ

255 1087 318 1123 τε
353 1072 535 1132 αὐτοῖς
557 1072 654 1133 τὰς
684 1070 875 1131 ὀδύνας
900 1071 991 1122 καὶ
1028 1070 1163 1141 προς
1192 1072 1407 1122 τελείαν
1442 1070 1656 1136 ὑγίειαν
1678 1070 1842 1120 ἐπαν-

257 1166 488 1231 ήγαγεν.
556 1159 687 1215 Εἶτα
741 1162 907 1215 πᾶσιν
945 1162 1314 1231 ὲπευξάμενός
1372 1181 1429 1215 τε
1480 1165 1576 1214 καὶ
1611 1150 1838 1229 εὐλογή-

260 1269 382 1315 σας,
416 1253 553 1304 ἀλλὰ
588 1252 693 1322 μὴν
724 1252 820 1304 καὶ
864 1251 962 1305 τοῦ
999 1253 1057 1304 ὲν
1089 1253 1279 1323 Κυρίῳ
1314 1253 1618 1321 φιλήματος
1670 1267 1837 1318 μετα-

258 1348 405 1409 δοὺς,
432 1345 525 1397 καὶ⁸
557 1338 668 1397 οἷον
695 1362 813 1397 τινα
845 1346 1116 1417 σφραγῖδα
1162 1344 1318 1397 τοῦτο
1348 1345 1528 1405 αὐτοῖς
1580 1342 1791 1402 ἐπιθεὶς
1819 1383 1834 1407 ,

259 1438 401 1489 ὥστε
458 1436 641 1499 καλῶς
697 1437 1042 1506 φυλαχθῆναι
1092 1436 1245 1506 παρᾶ
1298 1435 1511 1497 τούτοις
1561 1434 1628 1486 τὰ
1685 1434 1839 1501 εἰρη-

263 1530 402 1597 μένα
426 1569 439 1589 ,
471 1528 653 1580 οἶκαδε
728 1527 826 1579 σὺν
864 1530 976 1590 τοῖς
999 1526 1246 1593 ἀδελφοῖς
1276 1524 1471 1595 ἐχώρει
1495 1540 1510 1555 ⁸
1541 1525 1602 1577 τὸ
1624 1526 1680 1578 δὲ
1709 1525 1840 1592 πλῆ-

259 1620 351 1680 θος
412 1618 836 1683 ἐπηκολούθουν,
893 1617 987 1671 καὶ
1049 1615 1418 1686 βαπτισθῆναι
1481 1616 1573 1669 ὑπ’
1624 1617 1836 1669 ἐκείνου

260 1710 491 1762 ἐδέοντο.
538 1708 595 1761 Ὀ
620 1710 673 1761 δὲ
709 1710 1030 1779 ἀποδέχεται
1067 1707 1165 1777 μὲν
1208 1708 1268 1757 τὸ
1313 1707 1619 1777 πρόθυμον,
1647 1710 1835 1779 ῶσπερ

260 1803 430 1866 εἰκὸς,
461 1801 643 1870 πολλῷ
689 1801 909 1853 πλείονα
940 1801 1035 1852 καὶ
1068 1801 1230 1863 αὐτὸς
1265 1801 1403 1870 ἔχων
1436 1804 1491 1853 ἐν
1539 1800 1712 1870 τούτῳ
1739 1801 1836 1868 τὴν

260 1893 605 1962 προθυμίαν·
636 1893 758 1943 ἐπεὶ
800 1890 854 1943 δὲ
892 1892 965 1961 μὴ
1000 1891 1096 1945 καὶ
1142 1894 1211 1944 τὰ
1239 1896 1335 1961 τῆς
1394 1892 1543 1961 ὥρας
1604 1893 1833 1961 συμϐαί·

259 2002 419 2037 νοντα
473 1981 562 2051 ἦν,
600 1985 682 2044 είς
725 1982 823 2048 τὴν
851 1983 1042 2053 αὓριον
1092 1985 1153 2036 τὸ
1190 1985 1473 2053 βάπτισμα
1522 1985 1835 2038 ἁνεὸἁλττο.

258 2075 324 2125 Οἱ
360 2075 458 2141 μὲν
493 2072 591 2125 οὖν
618 2073 804 2126 πολλοὶ
830 2075 1034 2127 τούτων
1064 2076 1141 2146 τῷ
1177 2075 1365 2145 θερμῷ
1410 2075 1574 2143 ἔρωτι
1618 2074 1711 2125 τοῦ
1744 2073 1840 2141 βα-

258 2168 585 2234 πτίσματος,
608 2166 729 2219 οὐδὲ
741 2166 1035 2237 τὴνόἴκαδε
1054 2167 1401 2237 ὑποστροφὴν
1426 2166 1836 2236 ὑπομείναντες,

260 2258 427 2310 αὑτοῦ
464 2275 566 2313 που
602 2260 757 2331 παρά
784 2261 845 2312 τὸ
872 2260 1148 2331 δωμάτιον
1180 2262 1578 2330 ἐκοιμήθησαν.
1613 2258 1836 2326 Ἐπειδὴ

257 2350 315 2402 δὲ
350 2345 415 2421 ἦν
444 2353 507 2403 ὲκ
538 2354 721 2421 μέσων
746 2352 979 2418 νυκτῶν,
1012 2354 1039 2405 ὁ
1076 2351 1330 2404 τοσοῦτον
1378 2353 1435 2404 ὲν
1465 2352 1647 2421 χάριτι
1694 2350 1838 2419 λάμ·

254 2440 365 2508 ψας
441 2442 743 2511 Ἀδέρκιος,
786 2442 1229 2512 προσευξάμενος
1264 2441 1340 2511 τῷ
1394 2440 1514 2511 Θεῷ
1540 2440 1708 2505 ἔξεισι
1739 2440 1838 2509 τῆς

259 2535 466 2597 οἰκίας,
497 2538 593 2587 καὶ
628 2536 716 2586 τὸν
748 2534 905 2602 ὄχλον
962 2532 1336 2603 περιεστῶτάς
1390 2551 1449 2584 τε
1483 2534 1578 2585 καὶ
1631 2533 1838 2601 ὑπομέ-

258 2647 453 2692 νοντας
485 2632 846 2698 θεασάμενος,
876 2630 942 2682 τὰ
975 2630 1201 2698 ὄμματα
1255 2631 1334 2690 εἰς
1390 2630 1655 2698 οὐρανοὺς
1703 2632 1839 2683 ἁνα-

261 2722 429 2792 σχὼν,
476 2722 797 2792 Εὐχαριστῶ
831 2740 935 2785 σοι,
971 2723 1217 2775 Δέσποτα
1250 2724 1345 2773 καὶ
1377 2723 1497 2787 Θεὲ,
1546 2718 1722 2784 εἶπεν,
1757 2724 1837 2774 ὅτι

264 2830 336 2882 με
365 2816 457 2866 τὸν
496 2818 733 2882 ποιμένα
764 2816 871 2869 τῶν
922 2816 1033 2867 σῶν
1071 2815 1311 2884 λογικῶν
1343 2816 1635 2884 προῦἀτων
1669 2815 1835 2883 mer,-

260 2919 385 2968 σας,
413 2906 622 2955 καὶτὸν
675 2907 1069 2975 ἀγρυπνοῦντα
1104 2907 1227 2959 καθ’
1258 2908 1416 2975 ἡμῶν
1449 2908 1633 2970 λύκον,
1669 2923 1832 2975 κεχη-

257 2997 388 3047 νότα
420 2998 595 3066 μάτην
623 2997 933 3062 ἀπέδειξας,
987 2999 1081 3048 καὶ
1118 2998 1214 3067 τὴν
1242 2998 1673 3050 διασπασθεῖσαν
1729 2997 1837 3049 ἀπὸ

256 3092 357 3159 τῆς
384 3086 644 3159 ἀληθείας
679 3088 774 3140 τοῦ
829 3089 1082 3158 ποιμνίου
1120 3092 1314 3158 μοῖραν
1350 3091 1683 3153 ἁνεκαλέσω,
1743 3092 1835 3142 καὶ

1946 608 2162 661 dicendi
2217 625 2229 662 :
2277 620 2331 663 et
2375 609 2426 661 in
2494 610 2575 663 his
2629 610 2789 663 solvit
2852 624 3181 671 sermonem,
3246 612 3521 666 consuetis

1944 700 2197 767 precibus
2232 715 2354 753 eum
2383 699 2731 755 trahentibus
2758 702 2822 754 ad
2864 702 3030 754 alium
3077 718 3386 755 Sermonem
3429 704 3524 764 ha:-

1944 790 2180 844 bendum
2222 806 2346 844 cum
2385 807 2474 855 eo,
2499 808 2659 860 quem
2691 793 3058 845 desiderabat.
3089 791 3185 846 lllc
3218 809 3347 864 ergo
3395 811 3521 846 sur-

1946 882 2204 945 rexit;et
2254 898 2377 935 cum
2437 899 2621 936 sacras
2668 899 2864 937 manus
2901 885 3249 950 imposuisset
3300 887 3385 947 iis,
3427 902 3518 955 qttt

1944 974 2085 1023 male.
2121 988 2181 1025 se
2222 973 2516 1037 habebant,
2552 985 2606 1027 et
2635 990 2823 1028 eorum
2867 975 3129 1029 exstinxit
3177 976 3412 1037 dolores.
3466 990 3521 1029 et

1942 1061 2005 1113 ad
2051 1063 2349 1129 perfectam
2380 1064 2599 1115 reduxit
2641 1066 2952 1117 sanitatem.
2990 1064 3195 1119 Deinde
3226 1081 3347 1118 cum
3380 1066 3519 1119 bene

1944 1162 2202 1223 precatus
2267 1163 2413 1205 esset
2470 1154 2740 1218 omnibus,
2800 1163 2855 1207 et
2924 1156 3311 1219 benedixissct,
3388 1158 3517 1226 quin

1943 1243 2109 1295 etiam
2166 1244 2356 1297 osenlo
2390 1245 2440 1296 in
2506 1244 2734 1299 Domino
2796 1246 3171 1315 impertiissct,
3227 1258 3281 1301 et
3354 1249 3517 1301 veluti

1940 1335 2213 1403 quoddam
2250 1336 2593 1406 signaculum
2618 1338 2699 1391 eis
2736 1338 3103 1407 imposuisset,
3139 1347 3197 1391 ut
3232 1354 3353 1406 quae
3376 1340 3519 1394 dicta

1941 1436 2093 1492 sttnt,
2129 1438 2277 1481 recte
2310 1429 2378 1482 ab
2409 1430 2486 1482 eis
2512 1430 2947 1493 custodirentur,
2988 1431 3209 1483 domum
3258 1433 3367 1484 ibat
3394 1442 3515 1485 eum

1940 1520 2203 1574 fratribus
2248 1539 2260 1574 :
2303 1521 2595 1575 multitudo
2649 1536 2830 1576 autem
2884 1539 3008 1577 eum
3060 1527 3413 1591 sequebatur,
3466 1533 3521 1576 et

1938 1614 2182 1683 rogabat,
2216 1614 2299 1672 ut.
2326 1616 2393 1667 ab
2435 1615 2526 1669 illo
2569 1615 2961 1683 baptizaretur.
2998 1618 3091 1669 lllc
3143 1627 3327 1669 autem
3374 1618 3521 1671 acci-

1919 1692 2017 1774 ’ρίι
2057 1707 2304 1775 quidem,
2349 1717 2542 1777 utpar
2570 1717 2709 1771 erat,
2758 1720 3066 1777 promptum
3114 1725 3303 1763 eorum
3350 1708 3519 1762 animi

1940 1798 2204 1863 studium,
2235 1798 2352 1865 ipse
2388 1816 2605 1867 quoque
2663 1801 2717 1853 in
2771 1816 2837 1853 eo
2886 1801 3093 1855 habens
3144 1801 3303 1870 longe
3344 1800 3518 1868 majo-

1943 1905 2080 1952 rem,
2112 1903 2273 1959 quam
2294 1891 2326 1942 ii
2354 1889 2646 1953 habebant,
2676 1891 2840 1944 animi
2861 1892 3193 1945 alacritatem
3232 1896 3367 1946 :serl
3386 1908 3522 1961 quo-

1942 1982 2088 2034 niam
2132 1997 2239 2035 non
2267 1993 2383 2036 erat
2410 1992 2625 2053 tempus
2657 1985 3013 2049 conveniens,
3048 1988 3373 2051 baptismum
3416 1985 3519 2039 dif-

1944 2075 2047 2126 fert
2088 2074 2139 2126 in
2183 2074 2325 2127 diem
2369 2087 2714 2143 sequentem.
2766 2078 2941 2146 Atque
2984 2079 3137 2131 multi
3199 2080 3418 2148 quidem
3450 2094 3519 2133 ex

1943 2166 2011 2216 iis
2048 2174 2270 2234 propter
2305 2181 2561 2235 maguum
2601 2169 2854 2237 baptismi
2894 2170 3249 2233 desiderium,
3283 2186 3405 2225 cum
3451 2185 3521 2225 ne

1940 2255 2161 2309 domum
2200 2258 2419 2324 quidem
2471 2259 2647 2314 redire
2707 2261 3123 2323 sustinuissent,
3179 2264 3523 2317 dormierunt

1943 2349 2051 2417 illic
2109 2365 2280 2419 prope
2344 2351 2755 2407 domunculam.
2814 2354 2951 2408 Cum
2993 2366 3174 2409 autem
3235 2367 3376 2409 esset
3408 2372 3521 2410 meo

1941 2442 2090 2495 dium
2136 2444 2338 2504 noctis,
2389 2445 2562 2513 gratia
2632 2446 2985 2513 resplendctts
3047 2449 3335 2511 Abercius,
3395 2464 3518 2502 cum

1943 2531 2111 2586 Deum
2146 2544 2403 2601 precatus
2438 2535 2650 2597 fuisset,
2682 2552 2711 2588 e
2743 2538 2906 2589 domo
2937 2540 3214 2606 egreditur
3248 2557 3258 2589 :
3308 2549 3362 2591 et
3394 2551 3515 2592 cum

1940 2625 2436 2679 circumsistentem
2483 2628 2707 2682 vidisset
2746 2629 2981 2691 turbam,
3036 2638 3090 2682 et
3131 2631 3517 2693 sustinentem,

1939 2718 2168 2772 sublatis
2206 2720 2258 2771 in
2284 2719 2451 2772 caelos
2482 2720 2653 2773 oculis
2694 2738 2707 2774 :
2751 2721 2863 2791 Ago
2891 2720 2984 2774 tibi
3025 2724 3246 2791 gratias,
3293 2721 3519 2777 Domine

1941 2808 2103 2873 Deus,
2167 2810 2365 2879 inquit,
2422 2813 2565 2878 quod
2629 2811 2883 2865 misertus
2930 2814 3005 2865 sis
3064 2815 3193 2875 tnei,
3250 2815 3340 2881 qui
3398 2830 3517 2868 Sum

1937 2913 2126 2973 pastor
2160 2913 2375 2956 tuarum
2409 2905 2591 2956 ovium
2646 2905 2875 2957 rationis
2912 2917 3226 2973 compotutn
3268 2925 3279 2958 :
3319 2916 3391 2968 et,
3425 2909 3516 2975 qui

1941 2997 1993 3047 iit
2029 3010 2127 3049 nos
2161 2994 2439 3065 vigilabat,
2475 2996 2659 3063 lupum
2695 2995 2896 3050 frustra
2962 2997 3204 3051 hiantem
3262 2999 3518 3052 reddide-

1940 3084 2036 3147 t'is,
2077 3094 2131 3139 et
2162 3101 2192 3137 ο
2224 3086 2451 3140 veritate
2493 3086 2759 3141 divulsam
2807 3088 2947 3141 hanc
2974 3089 3149 3159 gregis
3184 3102 3394 3157 partem
3426 3105 3518 3143 re-

260 3181 362 3248 τῆς
399 3182 487 3234 διὰ
516 3180 611 3233 τοῦ
662 3180 1044 3250 βαπτίσματος
1078 3181 1351 3243 υἱοθεσίας
1391 3181 1491 3251 ήδη
1547 3180 1833 3248 κατηξίου.

1941 3178 2175 3241 vocaris,
2217 3187 2271 3232 et
2319 3180 2431 3246 jam
2486 3182 2721 3234 filiorum
2779 3184 3072 3249 adoptione
3125 3184 3367 3253 digneris
3421 3200 3518 3254 per

259 3272 452 3324 Ταῦτα
509 3272 588 3342 τῷ
638 3275 747 3325 τῶν
797 3274 936 3325 ὅλων
990 3272 1117 3338 Θεῷ
1146 3273 1469 3342 διαλεχθεὶς,
1522 3272 1835 3327 ἀκολουθεῖν

257 3363 410 3432 αὐτῷ
446 3363 583 3433 πρὸς
615 3364 714 3432 τὴν
761 3364 1062 3430 ἐκκλησίαν
1105 3366 1167 3415 τὸ
1204 3366 1407 3434 πλῆθος
1440 3367 1832 3435 προτρέπεται.

269 3451 492 3519 Ἐπειδὴ
523 3453 579 3503 δὲ
604 3454 863 3520 ἀφίκοντο
891 3453 1014 3521 ἤδη,
1045 3454 1143 3515 τὰς
1168 3456 1423 3523 συνήθεις
1458 3458 1643 3518 αὐτοῖς
1671 3459 1835 3523 εὐχὰς

256 3544 527 3610 ἔπειπὼν,
559 3545 756 3616 τελειοί
814 3544 892 3614 τῷ
927 3535 1269 3614 βαπτίσματι
1315 3547 1514 3615 ἄνδρας
1567 3564 1835 3600 πεντακο-

258 3640 415 3699 σίους
443 3637 531 3688 τὸν
574 3638 831 3707 ἀριθμόν,
885 3638 1070 3690 πολλοὶ
1103 3638 1196 3691 οὖν
1249 3648 1398 3711 παρὰ
1436 3642 1526 3691 τὸν
1556 3640 1727 3709 ἄνδρα
1774 3642 1836 3693 τὸ

257 3730 356 3783 ἀπ’
390 3732 597 3783 ἐκείνου
631 3734 943 3801 συνέρρεον,
980 3734 1038 3781 ο)
1075 3732 1173 3800 τῆς
1212 3734 1457 3802 μεγάλης
1508 3736 1670 3801 μόνον
1697 3736 1837 3805 Φρυ-

260 3825 389 3889 γίας
421 3825 513 3874 καὶ
544 3826 639 3892 τῆς
672 3824 981 3891 περιχώρου
1033 3824 1236 3894 πάσης,
1268 3825 1405 3878 ἀλλὰ
1438 3828 1531 3878 καὶ
1580 3828 1692 3880 ὅσοι
1740 3828 1836 3898 τὴν

269 3916 461 3967 Ἀσίαν
491 3912 690 3983 ᾤκουν,
718 3916 832 3966 ὅσοι
864 3932 921 3967 τε
950 3920 1012 3983 τῇ
1044 3919 1237 3987 Λυδίᾳ,
1276 3921 1369 3971 καὶ
1402 3922 1514 3971 ὅσοι
1547 3923 1611 3988 τῇ
1651 3922 1835 3989 Καρίᾳ

259 4010 383 4069 ταῖς
417 4009 707 4079 ἐπαρχίαις
736 4010 1068 4079 ἐπεδήμουν.
1106 4014 1212 4063 Καὶ
1259 4013 1367 4081 γὰρ
1396 4012 1482 4074 διὰ
1528 4014 1705 4082 πάσης
1738 4015 1835 4065 πό-

256 4101 397 4163 λεως
425 4105 550 4170 περὶ
585 4101 749 4154 αὐτοῦ
776 4103 927 4170 λόγος
960 4102 1178 4172 ἐχώρει,
1206 4106 1266 4157 ού
1296 4106 1450 4167 κενὸς
1490 4105 1564 4157 ὢν
1604 4112 1697 4158 καί
1730 4108 1836 4174 μά-

259 4208 412 4253 sata;
446 4197 540 4246 καὶ
568 4194 654 4245 διὰ
689 4189 847 4246 τοῦτο
874 4198 965 4247 καὶ
999 4197 1288 4264 σὸεσθῆναι
1317 4198 1374 4247 τὸ
1406 4200 1566 4264 τάχος
1598 4199 1832 4265 δυνάμε-

260 4304 395 4351 νος,
428 4286 565 4337 ἀλλὰ
616 4286 818 4355 πολλὴν
850 4290 988 4355 ἔχων
1037 4290 1137 4356 τὴν
1184 4290 1375 4356 ῥώμην
1418 4290 1524 4339 οπο
1569 4288 1665 4357 τῆς
1702 4291 1835 4357 άλη-

258 4380 433 4440 θείας.
470 4379 767 4447 Συνέρρεον
820 4380 999 4427 τοίνυν
1048 4378 1175 4445 παρ’
1214 4379 1393 4441 αὑτὸν,
1448 4380 1493 4431 οἱ
1550 4381 1645 4448 μὲν
1692 4381 1833 4433 ὥστε

256 4471 332 4524 τὰ
368 4473 611 4541 σωτήρια
646 4467 988 4537 διδαχθῆναι,
1029 4469 1078 4519 oi
1108 4468 1161 4521 δὲ
1196 4471 1290 4521 καί
1325 4470 1433 4522 τῶν
1474 4473 1833 4541 ἐνοχλούντων

256 4564 644 4634 ἀπαλλαγῆναι
695 4563 850 4622 ὅσους
901 4560 1099 4630 δηλαδὴ
1151 4563 1305 4623 νόσος
1365 4564 1555 4626 ἐπίεζέ
1590 4566 1753 4632 τις,ἧ
1784 4581 1833 4615 τι

259 4656 355 4707 καὶ
393 4654 521 4707 ἄλλο
557 4654 775 4719 κατεῖχε
822 4652 1012 4703 κακόν.
1043 4645 1151 4703 Ἦν
1198 4654 1307 4719 γὰρ
1334 4652 1537 4714 διδάξαι
1593 4657 1682 4705 τὸν
1734 4656 1833 4722 τῆς

258 4747 518 4815 ἀληθείας
544 4746 701 4809 λόγον
734 4742 1078 4810 δεξιώτατος,
1128 4746 1221 4795 καὶ
1269 4744 1657 4797 οἰκειώσασθαι
1709 4749 1834 4808 τοὺς

260 4841 591 4911 προσιόντας
619 4837 705 4888 διὰ
737 4836 971 4905 Χριστὸν
995 4836 1363 4904 ἑτοιμότατος,
1404 4838 1496 4889 καί
1528 4836 1835 4904 ἀπαλλάξαι

261 4931 455 4987 κακῶν
481 4928 763 4990 ὀξύτατος.

327 5022 403 5075 Θ’.
466 5020 675 5086 Ὀλίγαι
735 5018 868 5084 γοῦν
922 5018 1199 5088 παρῆλθον
1257 5020 1486 5087 ἡμέραι,
1545 5021 1639 5071 καὶ
1704 5025 1831 5084 τους

260 5116 675 5188 πρεσὸυτὲρους
723 5113 817 5163 καὶ
854 5112 1157 5177 διακόνους,
1196 5115 1331 5179 πρὸς
1362 5112 1417 5162 δὲ
1476 5113 1570 5164 καὶ
1600 5114 1698 5182 τὴν
1728 5117 1834 5166 λοι-

262 5213 373 5281 πὴν
402 5209 741 5275 ἀδελφότητα
784 5203 1142 5275 παραλαϐών,
1172 5207 1409 5281 πρόεισι,
1458 5208 1552 5258 καὶ
1602 5208 1832 5270 καθίσας

262 5306 344 5367 εἰς
381 5305 549 5371 ὅνπερ
601 5299 780 5351 εἰώθει
834 5300 1017 5361 τύπον,
1071 5295 1258 5366 ὥσπερ
1320 5299 1381 5350 ἐκ
1432 5315 1576 5359 τινος
1614 5300 1832 5369 ἡδίστης

264 5396 453 5466 πηγῆς
485 5396 552 5446 τὰ
582 5391 895 5459 γλυκύτατα
924 5389 1020 5458 τῆς
1046 5388 1398 5452 διδασκαλίας
1444 5392 1633 5461 ῥεῖθρα
1658 5396 1835 5462 προΐει

260 5490 356 5542 τοῦ
394 5489 685 5556 στόματος.
732 5485 822 5537 Ἐν
850 5484 1029 5554 τούτῳ
1074 5483 1129 5535 δὲ
1157 5484 1429 5553 προσῆλθε
1460 5503 1544 5547 τις
1590 5488 1693 5538 ὑπὸ
1724 5504 1837 5555 χει-

266 5580 505 5655 ραγωγῴ
563 5580 698 5645 γυνὴ
750 5578 859 5629 τῶν
940 5576 1245 5644 intextam,
1286 5580 1671 5648 ἐκκεκομμένη
1706 5583 1833 5642 τοὺς

262 5673 578 5742 ὀφθαλμοὺς
609 5710 624 5735 ,
668 5671 839 5736 ὄνομα
892 5669 1197 5738 Φρύγεὶλα,
1249 5670 1597 5733 Εύξεινιανοῦ
1652 5678 1834 5743 μήτηρ

265 5767 600 5825 Ιιοπλίωνος.
645 5764 705 5813 '0
743 5762 798 5814 δὲ
830 5760 896 5834 ἦν
925 5763 1031 5814 τῶν
1068 5764 1220 5832 παρὰ
1254 5764 1333 5832 τῷ
1381 5765 1745 5836 αὐτοκρατορί
1776 5785 1833 5819 τε

264 5861 363 5914 καὶ
392 5862 453 5929 τῇ
488 5858 637 5911 πόλει
693 5858 859 5929 πάσῃ,
898 5856 995 5918 τὰς
1033 5856 1251 5926 πρώτας
1310 5857 1542 5924 ἑχόντων
1586 5860 1747 5925 τιμὰς
1801 5864 1826 5911 ο

1940 3272 2293 3339 baptismum.
2348 3271 2471 3326 llaec
2506 3288 2632 3326 cum
2681 3274 2908 3327 dixisset
2956 3275 3064 3327 Deo
3112 3277 3513 3340 universorum,

1933 3366 2089 3435 jubet
2123 3365 2526 3419 multitudinem
2567 3382 2690 3420 eum
2744 3368 2895 3434 sequi
2945 3368 3010 3419 ad
3036 3370 3344 3422 ecclesiam.
3379 3371 3516 3423 Cum

1940 3465 2120 3510 autem
2158 3457 2267 3523 jam
2325 3458 2626 3522 venissent,
2679 3461 2957 3513 consuetis
3018 3461 3177 3514 dictis
3235 3463 3514 3530 precibus,

1939 3545 2211 3613 baptismo
2240 3545 2415 3598 initiat
2445 3549 2591 3601 viros
2620 3564 2848 3601 numero
2879 3551 3230 3619 quingentos.
3274 3554 3347 3607 Ex
3383 3554 3513 3607 hinc

1940 3646 2121 3689 autem
2153 3635 2305 3689 multi
2352 3637 2418 3691 ad
2471 3636 2622 3691 illutn
2676 3638 3039 3703 confluebant,
3082 3658 3186 3694 non
3220 3645 3393 3696 solum
3449 3660 3514 3698 ex

1940 3741 2132 3795 magna
2174 3726 2425 3796 Phrygia,
2462 3742 2514 3781 et
2550 3730 2805 3783 universa
2858 3732 3089 3787 finitima
3137 3735 3380 3803 regione,
3420 3738 3515 3789 sed

1939 3819 2100 3873 etiam
2129 3820 2219 3888 qui
2244 3820 2421 3873 Asiam
2448 3821 2786 3885 habitabant,
2812 3833 2866 3877 et
2900 3826 2991 3892 qui
3017 3829 3285 3894 degebant
3312 3828 3363 3879 in
3388 3845 3515 3896 pro-

1939 3911 2131 3963 viuciis
2152 3910 2316 3978 Lydia
2338 3922 2390 3964 et
2412 3912 2592 3965 Caria.
2628 3915 2835 3967 Etenim
2863 3932 2955 3982 per
2990 3919 3296 3970 universam
3320 3922 3512 3973 civita-

1942 4010 2044 4052 tem
2074 4000 2139 4054 de
2178 4002 2295 4068 ipso
2328 4003 2581 4055 manabat
2608 4018 2807 4066 sermo,
2837 4010 2926 4075 qui
2962 4023 3067 4060 non
3105 4019 3221 4061 erat
3253 4025 3424 4062 vanus
3460 4020 3516 4062 et

1940 4094 2124 4148 inanis
2170 4104 2223 4147 et
2269 4094 2395 4149 ideo
2427 4097 2533 4150 cito
2566 4108 2773 4164 p0terat
2804 4101 3098 4170 exstingui,
3176 4103 3269 4155 sed
3324 4103 3413 4172 qui
3448 4119 3511 4155 ex

1940 4188 2169 4240 veritate
2214 4203 2433 4258 magnas
2463 4190 2695 4242 habebat
2729 4192 2888 4243 vires.
2929 4194 3007 4243 Ad
3058 4209 3181 4243 eum
3216 4211 3343 4263 ergo
3379 4209 3513 4246 con-

1938 4278 2198 4342 ﬂuebant,
2231 4282 2318 4333 alii
2353 4281 2571 4350 quidem
2624 4292 2681 4335 ut
2722 4284 2997 4337 discerent
3044 4301 3163 4353 qua:
3201 4297 3360 4353 erant
3422 4303 3514 4342 sa-

1942 4373 2159 4434 lutaria,
2196 4369 2284 4426 alii
2317 4383 2497 4427 autem
2527 4384 2585 4427 ut
2612 4375 2977 4430 liberarentur
3016 4378 3083 4429 ab
3123 4378 3208 4441 iis,
3254 4396 3373 4447 quae
3433 4386 3515 4435 eis

1941 4467 2244 4520 aﬂ‘erebant
2304 4468 2607 4519 molestiam
2672 4487 2684 4520 :
2752 4486 2887 4535 quos
2953 4466 3160 4523 scilicet
3236 4476 3514 4540 premebat

1943 4557 2187 4617 morbus,
2222 4562 2513 4612 autetiam
2560 4560 2777 4628 aliquod
2828 4560 2974 4613 aliud
3034 4564 3253 4618 tenebat
3288 4568 3511 4619 malum.

1939 4648 2069 4701 Erat
2096 4648 2238 4701 enim
2280 4651 2601 4717 aptissimus
2637 4651 2703 4705 ad
2759 4652 3063 4706 dcundum
3097 4657 3323 4708 verbum
3370 4661 3516 4711 veri-

1941 4741 2086 4801 tatis,
2122 4749 2176 4792 et
2228 4740 2612 4808 paratissimus
2664 4736 2961 4797 familiares
3015 4744 3238 4799 Christo
3286 4748 3514 4801 reddere

1940 4848 2053 4895 eos,
2086 4832 2178 4901 qui
2212 4833 2564 4887 accedebant.

2011 5036 2103 5089 IX.
2161 5035 2325 5091 Pauci
2393 5038 2509 5093 dies
2565 5043 2966 5111 przeterierunt,
3027 5062 3149 5098 cum
3214 5054 3513 5119 assumptis

1941 5128 2271 5197 presbyteris
2305 5139 2359 5184 ct
2407 5132 2686 5197 diaconis,
2737 5144 2792 5186 et
2843 5136 3042 5203 reliqua
3105 5153 3360 5206 praeterea
3405 5148 3514 5198 tra-

1942 5224 2217 5287 ternitate,
2286 5224 2528 5292 procedit
2567 5242 2581 5276 :
2618 5235 2673 5277 et
2726 5225 2923 5280 sedens
2960 5228 3009 5280 itt
3053 5246 3117 5283 eo
3144 5232 3286 5293 loco.
3318 5238 3367 5287 in
3402 5252 3509 5305 quo

1941 5325 2323 5377 consueverat,
2374 5325 2631 5382 tanquam
2664 5332 2728 5369 ex
2763 5320 2946 5387 aliquo
2978 5322 3126 5373 fonte
3157 5326 3509 5391 suavissimo,

1939 5422 2005 5460 ex
2034 5422 2125 5460 ore
2154 5406 2434 5475 profundit
2485 5407 2744 5463 doctrinm
2784 5410 2984 5464 fluenta
3032 5417 3371 5471 suavissima.
3418 5419 3507 5471 lti-

1941 5508 2086 5552 tet'ea
2118 5509 2297 5551 autent
2330 5501 2560 5551 accessit
2594 5501 2825 5555 adducta
2861 5504 3086 5559 illustris
3136 5511 3379 5575 quautam
3428 5511 3508 5563 fe-

1944 5591 2111 5653 mina,
2180 5592 2353 5643 ocnlis
2404 5593 2613 5653 orbata,
2676 5596 2897 5648 nomine
2976 5596 3279 5666 l‘brtgella,
3334 5614 3507 5654 mater

1940 5680 2244 5734 Euxeniani
2279 5683 2573 5751 Pnplionis.
2654 5684 2703 5737 ls
2738 5703 2863 5739 τοῖο
2894 5685 3117 5752 Puplton
3150 5693 3292 5759 apud
3330 5693 3505 5759 iutpeo

1942 5783 2174 5825 ratorem
2234 5781 2286 5826 et
2344 5776 2651 5827 universam
2704 5778 2977 5831 civitatein
3036 5780 3267 5849 primum
3329 5782 3505 5837 locum

1938 5867 1989 5919 in
2032 5867 2233 5923 honore
2262 5868 2557 5923 obtinebat.
2603 5871 2842 5924 Adducta
2877 5888 3025 5942 ergo,
3060 5875 3201 5927 sicut
3240 5875 3500 5943 diximus,
