3990 6450
178 381 309 444 1225

1442 383 1619 444 VITA
1651 384 1713 447 S.
1752 381 2076 445 ABERCH.

3259 380 3389 443 1226

172 505 273 543 σιν.
324 489 381 543 Ὀ
433 491 616 544 τοίνυν
667 490 1044 561 περιεστηκὼς
1092 490 1245 561 ὅχλος
1300 491 1359 543 τδ
1410 490 1594 545 καινὸν
1626 491 1719 544 τοῦ

1826 491 2048 562 Magnus
2076 507 2155 557 es,
2191 491 2334 548 Deus
2372 485 2834 554 Christianorum,
2898 504 3022 542 nam
3072 488 3106 543 ii
3170 504 3389 559 quoque

170 581 445 651 θαύματος
474 583 864 650 ἐκπλαγέντες,
897 583 1085 651 Μέγας
1118 580 1183 645 εἷ,
1247 584 1340 636 καὶ
1370 579 1532 649 οὗτοι,
1564 586 1592 637 ὁ
1617 584 1725 637 τῶν

168 670 510 742 Χριστιανῶν
566 670 722 736 θεὸς,
779 671 1101 740 ἀνεὸόησαν,
1152 674 1276 726 ἐπεὶ
1327 676 1424 728 καὶ
1477 674 1726 744 μεγάλων

165 763 332 824 ὅντως
367 762 698 816 ἀπολαύουσι
734 763 843 816 τῶν
866 763 1106 833 χαρίτων
1153 766 1200 816 oi
1226 764 1290 817 τὸ
1320 764 1411 817 σὺν
1444 766 1729 818 ἐπικαλού-

167 869 315 922 μενοι
344 852 534 921 ὄνομα.
574 853 661 905 Ἐν
694 853 867 920 τούτῳ
898 853 953 905 δὲ
985 853 1011 905 δ
1045 853 1186 917 θεῖος
1232 855 1537 925 Ἀὕέρκιος.
1569 856 1723 918 Ἰδοὺ,

162 945 344 1011 γύναι,
386 946 571 1014 φησιν,
629 944 797 1012 ἔγνως
843 946 992 1007 ὃπως
1024 947 1051 997 ὀ
1084 947 1212 1007 ἐμὸς
1246 948 1522 1015 Δεσπότης
1568 948 1727 1017 ἀμεί-

160 1036 319 1091 ϐεται
362 1038 663 1106 φιλοτίμως
716 1037 842 1097 τοὺς
874 1035 1189 1099 ἐλπίζοντας
1245 1036 1333 1088 ἐπ’
1388 1038 1575 1091 αὐτόν.
1628 1039 1731 1091 Πο-

163 1128 652 1197 ρεύου,τοιγαροῦν
675 1132 754 1189 εἰς
784 1129 1030 1197 εἰρήνην,
1058 1129 1221 1196 ἑαυτῇ
1258 1145 1315 1179 τε
1357 1129 1725 1197 προσέχουσα,

158 1223 397 1289 κάκείνῳ
436 1223 819 1291 προσήκουσαν
855 1221 951 1288 τὴν
990 1220 1344 1291 εὐχαριστίαν
1374 1220 1721 1274 ἀποδιδοῦσα.

157 1314 341 1366 Ταῦτα
396 1315 424 1367 ό
487 1313 587 1383 μὲν
638 1314 855 1377 ἔλεγεν
919 1314 951 1381 ή
1013 1312 1067 1364 δὲ
1127 1311 1263 1380 πρὸς
1299 1312 1397 1380 μὲν
1442 1311 1503 1364 τὸ
1548 1313 1720 1381 παρὸν

156 1406 443 1469 ἀφίστατο·
478 1402 643 1456 πάλιν
693 1406 748 1456 δὲ
788 1404 1153 1473 ἐπανήρχετο,
1181 1405 1275 1457 καὶ
1317 1404 1457 1456 κατὰ
1494 1404 1629 1457 πολὺ
1662 1406 1719 1456 τὸ

156 1503 321 1555 σέϐας
354 1502 519 1556 αὐτοῦ
563 1503 761 1571 εἴχετο,
812 1502 905 1555 καὶ
953 1502 1206 1571 οὐδαμῶς
1262 1502 1320 1554 τὸ
1372 1502 1510 1573 μετά
1568 1505 1741 1555 ταῦτα
1798 1503 2077 1557 διῖστατο·

154 1602 352 1671 γήθους
383 1602 757 1666 διδασκαλίας.

230 1692 330 1747 lA'.
387 1695 493 1745 Τοῦ
526 1694 581 1745 δὲ
637 1694 777 1746 κατὰ
813 1694 909 1764 τὴν
961 1693 1274 1761 Φρύγελλαν
1327 1693 1605 1764 θαύματος
1642 1695 1722 1757 είς

154 1786 328 1837 πολλὰ
376 1787 475 1854 τῆς
550 1784 655 1851 γῆς
708 1784 847 1855 μέρη
908 1784 1263 1851 διαδοθέντος,
1326 1786 1721 1856 προσέρχονται

150 1876 301 1944 αὐτῷ
334 1874 692 1944 πρεσϐύτιδες
727 1879 894 1946 τρεῖς,
926 1876 1022 1938 τὰς
1048 1877 1195 1944 Mat;
1227 1878 1321 1929 καὶ
1354 1872 1514 1931 αὗται
1542 1894 1721 1947 πεπη·

150 1970 401 2037 ρωμέναι
438 1983 451 1997 ·
486 1967 841 2036 Πιστεύομεν,
890 1968 1169 2035 λέγουσαι,
1205 1971 1297 2022 καὶ
1329 1972 1486 2040 ἡμεῖς
1518 1971 1596 2031 εὶς
1626 1970 1718 2021 τὸν

149 2061 257 2112 ὑπὸ
291 2058 385 2111 σοῦ
417 2060 821 2129 κηρυττόμενον
840 2058 1067 2127 Ἰησοῦνο
1120 2062 1344 2131 φανήτω
1376 2059 1720 2128 τοιγαροῦνή

148 2151 524 2219 εὐσπλαγχνία
549 2151 703 2202 τοῦδε
729 2152 823 2203 καὶ
852 2153 935 2218 ἐφ’
969 2152 1137 2219 ἡμᾶς,
1168 2153 1261 2204 καὶ
1291 2150 1483 2215 δεῖξον,
1517 2145 1561 2202 ὦ
1590 2152 1721 2203 θαυ-

150 2248 337 2311 μάσιε,
370 2244 463 2293 καὶ
491 2245 639 2311 ἡμῖν,
677 2242 866 2311 ὥσπερ
896 2244 1005 2313 ἄρα
1039 2247 1130 2295 καὶ
1156 2242 1458 2316 Φρυγέλλῃ,
1494 2243 1553 2296 τὺ
1584 2244 1718 2312 φὼς.

158 2337 221 2387 Ὀ
248 2336 329 2399 δὲ,
386 2335 445 2386 El
475 2337 504 2401 ή
540 2338 715 2395 πίστις
752 2336 905 2403 ὑμῶν
942 2338 1075 2405 πρὸς
1104 2335 1195 2388 τὸν
1224 2335 1399 2406 ἀληθῆ
1429 2336 1561 2388 Θεὸν
1592 2336 1724 2404 ἀλη-

146 2430 248 2496 θής
279 2430 445 2489 ἐστιν,
472 2424 545 2487 ὣς
577 2442 729 2493 φατε,
768 2428 875 2488 τοῖς
903 2430 1108 2496 νοητοῖς
1138 2428 1301 2479 αὐτὸν
1348 2431 1446 2496 τῆς
1496 2428 1723 2497 καρδίας

144 2518 346 2587 ὄψεσθε
378 2516 692 2584 ὀφθαλμοῖς.
723 2515 907 2568 Ταῦτα
932 2531 991 2567 τε
1023 2515 1232 2585 εἴρηκε,
1260 2517 1498 2579 καὶτοὺς
1527 2518 1723 2585 496a).-

148 2610 283 2677 μους
320 2609 604 2667 ἀνατείνας
632 2622 646 2635 ·
681 2603 850 2673 Κύριε
899 2604 1071 2671 Ἰησοῦ
1106 2604 1330 2675 Χριστὲ,
1366 2604 1556 2672 δέομαί
1594 2622 1711 2669 σου,

144 2702 278 2767 ἔφη.
318 2698 575 2750 ίδέτωσαν
624 2698 717 2751 καὶ
760 2693 921 2750 αὗται
952 2697 1010 2749 τὸ
1042 2696 1156 2766 φῶς
1207 2698 1301 2765 τῆς
1339 2699 1437 2766 σῆς
1486 2700 1721 2766 ἐπιγνώο

146 2806 311 2853 σεως,
346 2790 441 2840 καὶ
494 2789 589 2855 τῆς
630 2789 985 2857 ἐπικειμένης
1010 2791 1199 2851 αὑταῖς
1237 2788 1434 2859 ἀχλύος
1500 2790 1723 2856 ἀνενεγ-

147 2882 383 2944 κοῦσαι,
438 2879 911 2948 διαόλεψάτωσαν,
969 2879 1237 2942 Δέσποτα,
1295 2880 1431 2947 πρὸς
1471 2881 1569 2941 τὰς
1626 2883 1725 2941 σὰς

144 2973 246 3038 τῆς
279 2968 544 3037 ἀληθείας
593 2968 789 3036 αύγάς.
842 2967 1026 3029 Οὕτως
1065 2966 1290 3037 ηὕξατο,
1333 2970 1427 3019 καὶ
1468 2968 1578 3019 ίδοὺ
1631 2969 1722 3019 τὸν

144 3065 313 3115 τόπον
353 3061 478 3113 ἔνθα
512 3061 576 3131 δὴ
608 3062 703 3114 καὶ
750 3060 1098 3130 εἱστήκεσαν,
1136 3057 1251 3124 φῶς
1293 3058 1497 3113 ἀνωθεν
1533 3060 1724 3132 περιή-

145 3168 397 3225 στραπτε
458 3154 623 3221 μέγα,
656 3152 751 3204 καὶ
786 3154 993 3212 πάντας
1021 3146 1130 3220 εἶχε
1171 3152 1429 3215 πεσόντας
1458 3154 1491 3223 ὴ
1522 3154 1613 3223 γῆ.
1646 3152 1723 3221 τῷ

144 3245 444 3315 παραδόξῳ
472 3246 569 3311 τῆς
604 3242 732 3306 θέας
766 3244 1221 3309 καταπλαγέντας
1246 3258 1259 3271 ⁸
1299 3243 1358 3295 τὸ
1388 3244 1442 3295 δὲ
1476 3246 1591 3311 φῶς
1621 3246 1719 3315 οὐχ

144 3336 261 3393 οἷον
291 3342 351 3403 ἐξ
387 3339 538 3410 ἡλίου
594 3339 690 3391 καὶ
744 3338 1038 3407 ἀστραπῆς
1091 3337 1333 3407 ἔρχεται,
1370 3338 1507 3389 ἀλλὰ
1537 3342 1721 3391 καινὸν

145 3432 328 3495 ἄλλως
356 3433 451 3484 καὶ
482 3431 708 3501 φρικτὸν
740 3430 832 3483 καὶ
884 3428 1178 3500 ἀσύνηθες.
1246 3428 1493 3483 Ἰσταντο
1542 3432 1723 3483 τοίνυν

144 3529 397 3589 ἀκλινεῑς
432 3520 624 3587 αὗται,
660 3524 883 3578 πάντων
933 3524 1010 3595 τῷ
1043 3523 1228 3592 ἐδάφει
1282 3524 1722 3589 καταπεσόντων,

145 3621 245 3671 καὶ
280 3618 343 3670 τὸ
378 3618 547 3687 φανὲν
581 3619 757 3667 ἐκεῖνο
792 3615 907 3682 φῶς
943 3616 1097 3680 πολὺ,
1126 3618 1247 3676 ταῖς
1303 3615 1459 3682 ὂψεσι
1519 3616 1724 3667 τούτων

147 3710 585 3781 ιγκατασκῆψαν
606 3750 621 3775 ,
660 3710 966 3777 ἀναϐλέψαι
996 3725 1055 3761 τε
1087 3707 1254 3768 αὐτὲις
1286 3707 1509 3777 ἐποίησε
1547 3724 1723 3776 παραο

146 3804 368 3873 χρῆμα,
400 3807 493 3853 καὶ
519 3802 579 3853 τὸ
609 3801 833 3870 ἡλιακὸν
859 3801 1015 3854 τοῦτο
1034 3798 1145 3866 ιρῶς
1176 3799 1234 3849 τὸ
1255 3797 1426 3865 γλυκὺ
1461 3802 1550 3850 καὶ
1574 3800 1725 3867 φίλον

149 3893 469 3966 ανθρώποις
505 3893 652 3951 ίδιῖν.
690 3894 749 3945 ὐ
777 3892 832 3943 δὲ
862 3891 937 3952 ὡς
994 3889 1168 3951 οὕτως
1196 3889 1361 3956 ὑγιῶς
1406 3890 1512 3941 τῶν
1542 3889 1727 3959 ὀμμά-

146 4004 263 4040 των
296 3987 526 4055 ἐχούσας
568 3981 675 4035 εἶδε
705 3998 719 4014 ο
763 3982 827 4034 Τί
864 3982 974 4050 ἄρα
1023 3981 1084 4033 τὸ
1118 3983 1285 4050 φανὲν
1346 3981 1495 4051 ὑμῖν,
1531 3982 1714 4051 ἤρετο,

146 4080 248 4131 καὶ
277 4078 331 4131 τί
366 4077 579 4145 πρῶτον
604 4072 966 4143 διαδλέψασαι
997 4072 1201 4138 εἴδετες
1239 4072 1303 4124 'il
1325 4071 1423 4139 μὲν
1439 4070 1552 4133 οὖν,
1588 4071 1727 4138 Πρε-

152 4172 392 4241 σὸύτην,
424 4169 552 4239 ἔφη,
587 4168 647 4220 τὸ
674 4163 834 4230 εἶδος,
875 4166 1113 4236 ἄρρητον
1144 4168 1241 4232 τὴν
1276 4162 1446 4233 ὥραν,
1478 4163 1725 4233 φαιδρόν·

148 4268 183 4334 ἡ
225 4264 308 4325 δὲ,
342 4262 643 4319 Νεανίσκος
663 4256 822 4325 ὤφθη
857 4274 945 4324 μοι
986 4272 999 4285 '
1033 4255 1149 4325 ἡδὲ
1188 4255 1377 4323 ἑτέρα,
1434 4254 1727 4323 Παιδάριον

155 4354 392 4425 κομιδῆ,
428 4354 615 4423 φησὶν,
651 4350 829 4420 ἣψατό
866 4365 966 4418 μου
997 4348 1109 4401 τῶν
1138 4346 1458 4416 ὀφθαλμῶν.
1508 4348 1725 4399 Τούτων

148 4447 402 4508 ἀκούσας
444 4445 754 4512 ’Δ6ἐρκιος,
782 4440 877 4492 καὶ
930 4440 1009 4509 τῷ
1039 4440 1146 4492 τῶν
1196 4440 1517 4504 θαυμασίων
1566 4441 1724 4507 χάριν

145 4540 499 4609 ὁμολογήσας
531 4535 671 4605 Θεῷ,
703 4534 913 4585 διέλυσε
941 4534 1036 4599 τὴν
1069 4530 1445 4583 διδασκαλίαν.

227 4633 331 4686 ω’.
386 4630 480 4680 Ἐκ
500 4629 558 4679 δὲ
584 4627 692 4676 τῶν
733 4623 1018 4693 παρόντων
1054 4624 1178 4684 τοὺς
1235 4620 1489 4689 συνήθεις
1541 4637 1723 4690 παρα-

146 4722 365 4783 λαϐὼν,
398 4719 579 4771 οἴκαδε
605 4717 873 4786 ἐπανῆκε,
920 4712 1017 4766 καὶ
1049 4712 1174 4774 τοὺς
1204 4713 1302 4781 τῆς
1352 4712 1546 4781 ὲνάτης
1581 4712 1729 4781 ὠρας

146 4815 359 4883 ὕμνους
425 4809 657 4871 ἀποδοὺς
704 4807 883 4878 (τοῦτο
903 4805 1010 4874 γὰρ
1036 4802 1347 4873 αύτῴἔθος,
1379 4803 1541 4855 οἱονεὶ
1592 4804 1733 4854 κατά

152 4910 443 4973 πάρεργον
481 4906 574 4951 καὶ
626 4901 758 4967 πρὸς
793 4897 871 4966 τῷ
901 4896 1045 4947 τέλει
1076 4894 1174 4961 τῆς
1206 4894 1425 4962 ἡμέρας
1460 4890 1733 4944 ποιεῖσθαι

147 5005 251 5050 καί
283 4996 381 5048 τοῦ
411 4992 663 5061 σώματος
698 4988 901 5057 λόγον,)
935 4984 1105 5057 βραχύ
1129 5002 1177 5036 τι
1218 4988 1384 5053 ἄρτου
1440 4981 1724 5052 μεταλαμι-

146 5092 333 5151 ίάνει.
398 5085 615 5139 ἰὀύτων
671 5081 851 5132 τοίνυν
897 5081 985 5131 ὑπ’
1043 5076 1209 5130 αὑτοῦ
1260 5076 1592 5142 γενομένων,
1634 5073 1729 5139 τῆς

148 5178 473 5251 περιχώρου
523 5175 753 5235 πολλοὺς
802 5170 869 5242 ἦν
903 5173 1035 5241 όρᾷν
1097 5172 1233 5239 πρὸς
1265 5169 1355 5220 τὸν
1401 5166 1567 5236 ἄνδρα
1604 5166 1733 5235 συρ-

153 5279 390 5347 ρέοντας
423 5271 519 5323 καὶ
550 5273 626 5331 είς
659 5269 828 5333 ὄνομα
864 5265 1100 5334 Πατρὸς,
1126 5263 1256 5315 No";
1284 5262 1375 5315 καὶ
1416 5258 1729 5326 Πνεύματος

123 5369 320 5434 ιάγίου
370 5358 822 5429 βαπτιζομένους.
874 5356 961 5407 Ἐν
990 5355 1225 5421 τοσούτῳ
1263 5355 1317 5404 δὲ
1358 5355 1423 5403 τὰ
1463 5354 1600 5404 κατὰ
1627 5353 1725 5421 τὴν

151 5457 378 5530 μητέρα
406 5453 566 5519 γνοὺς
621 5447 987 5513 Εὔξεινιανδς,
1042 5446 1185 5505 ὅπως
1238 5460 1295 5493 τε
1352 5459 1723 5510 χειραγωγου-

153 5557 303 5623 μένη
336 5546 625 5618 προσέλθοι
654 5542 731 5609 τῷ
776 5542 937 5609 ἁγίῳ,
992 5539 1087 5590 καὶ
1116 5539 1260 5595 ὅπως
1309 5538 1725 5602 πεπηρωμένον)

148 5646 303 5713 αὐτῇ
354 5641 463 5692 τῶν
496 5633 791 5706 ὀφθαλμῶν
852 5629 1227 5697 ἀναϐλέψειεν,
1263 5626 1503 5694 ἀκριϐῶς
1552 5625 1727 5675 πάντα

152 5734 221 5798 ἐξ
253 5734 425 5800 αὐτῆς
459 5728 786 5797 πυθόμενος,
814 5724 1000 5775 ἄπεισι
1033 5721 1185 5791 παρὰ.
1204 5717 1413 5781 τοῦτον,
1437 5718 1530 5766 καὶ
1556 5716 1730 5769 ἁσπά-

151 5804 421 5893 σάμενος,
472 5822 537 5875 Εἴ
575 5837 633 5872 σε.
687 5818 855 5887 ᾔδειν,
904 5813 1099 5881 πάτερ,
1160 5809 1287 5877 ἐγὼ,
1323 5809 1509 5878 φησὶν,
1556 5808 1728 5876 ἡδέως

448 5918 713 5975 Damon.
762 5911 878 5968 Gn.
930 5906 1112 5967 CXV.

1822 585 2033 655 magnis
2061 600 2186 641 vere
2255 585 2508 640 fruuntur
2548 585 2755 655 gratiis,
2812 583 2903 653 qui
2974 590 3123 635 tuum
3186 596 3386 633 nomen

1825 682 2101 736 invocant.
2166 679 2321 733 Tunc
2373 690 2553 733 autem
2608 678 2825 731 divinus
2891 676 3187 729 Abercius:
3226 671 3388 733 Ecce.

1827 772 2036 841 inquit,
2102 769 2321 834 mulier,
2387 766 2726 837 cognovisti,
2768 781 2925 835 quam
2982 764 3278 818 liberaliter
3329 779 3392 816 ac

1826 858 2081 914 munifice
2148 858 2407 912 Dominus
2474 874 2629 913 meus
2685 873 2780 915 eos
2832 865 3245 918 renumeratur,
3299 855 3391 923 qui

1828 961 2049 1019 sperant
2082 952 2133 1003 in
2165 952 2365 1019 ipsum.
2400 950 2546 1004 Vade
2571 965 2699 1020 ergo
2732 950 2785 1003 in
2827 964 2977 1018 pace,
3019 948 3111 1000 tibi
3146 948 3387 1000 animum

1824 1044 2114 1100 adhibens,
2157 1052 2211 1095 et
2264 1042 2336 1095 illi
2396 1056 2562 1111 agens
2585 1056 2700 1103 eas,
2744 1055 2879 1111 quas
2904 1057 3001 1109 par
3031 1050 3134 1103 est,
3168 1038 3392 1108 gratias.

1822 1134 1948 1189 Haec
1999 1136 2089 1188 ille
2142 1150 2264 1188 eum
2326 1134 2573 1197 dixisset,
2610 1133 2885 1204 Plirygella
2916 1133 3143 1187 recessit
3170 1131 3390 1200 quidem

1821 1225 1872 1278 in
1907 1227 2233 1295 prresentia:
2291 1242 2483 1280 rursus
2529 1238 2706 1280 autem
2764 1226 2943 1283 rediit.
2990 1234 3196 1278 etcum
3238 1222 3391 1275 valde

1824 1314 2002 1369 colere
2030 1318 2416 1383 perseveravit.
2450 1316 2623 1384 Atque
2650 1330 2839 1369 rursus
2870 1313 3083 1383 quidem
3107 1325 3393 1383 aggressus

1825 1414 1908 1465 est
1949 1405 2210 1460 Abcrcius
2248 1414 2565 1460 consuetam
2597 1408 2921 1461 doctrinam.

2137 1505 2341 1573 ἥπτετο
2394 1504 2495 1572 μὲν
2535 1505 2627 1559 οὖν
2671 1504 2951 1575 Ἀδέρκιος
2984 1499 3138 1566 αὖθις
3168 1502 3269 1572 τῆς
3301 1518 3398 1555 συ-

1898 1694 1989 1748 XI.
2036 1692 2171 1747 Cum
2228 1702 2406 1747 autem
2446 1689 2591 1761 quod
2649 1687 2702 1742 in
2748 1687 3027 1758 Phrygella
3057 1686 3258 1741 factum
3294 1688 3397 1744 fuit

1829 1785 2174 1846 miraculum,
2230 1786 2283 1838 in
2339 1783 2537 1837 multas
2607 1791 2765 1835 terrae
2819 1788 2999 1849 partes
3041 1781 3389 1849 pervasiSSet.

1824 1880 2092 1932 accedunt
2122 1877 2189 1931 ad
2249 1891 2373 1930 eum
2428 1885 2537 1928 tres
2580 1875 2791 1935 vetulae,
2850 1887 2970 1941 qua:
3022 1873 3152 1941 ipsa:
3182 1890 3397 1943 quoque

1824 1979 1980 2023 erant
2048 1968 2252 2023 orbatae
2313 1966 2506 2029 oculis,
2550 1966 2798 2020 dicentes
2830 1982 2843 2018 :
2880 1962 2991 2019 Nos
3021 1965 3181 2019 ctiam
3212 1967 3394 2020 credi-

1822 2078 1942 2115 mus
1975 2062 2025 2113 in
2057 2061 2263 2123 Jesum,
2290 2059 2381 2127 qui
2412 2074 2440 2110 a
2470 2068 2519 2111 te
2554 2057 2898 2125 praedicatur.
2948 2059 3220 2127 Appareat
3261 2074 3393 2129 ergo

1822 2154 1876 2207 in
1901 2167 2001 2207 nos
2043 2166 2256 2221 quoque
2296 2152 2416 2219 ejus
2461 2149 2769 2211 clementia,
2829 2157 2883 2202 et
2935 2148 3090 2202 nobis
3121 2150 3318 2208 lucem.
3359 2166 3393 2203 ο

1821 2252 1903 2301 vir
1934 2247 2268 2309 admirande,
2294 2244 2540 2308 ostende,
2565 2244 2706 2297 sicut
2727 2241 3040 2313 Pbrygellre.
3064 2241 3157 2296 Ille
3186 2252 3390 2306 autem,

1823 2338 1879 2392 Si
1924 2339 2057 2392 lides
2086 2348 2288 2397 vestra,
2351 2336 2548 2405 inquit,
2606 2348 2728 2387 vera
2763 2343 2847 2388 est
2898 2335 2949 2387 in
2980 2348 3167 2387 verum
3201 2334 3392 2395 Deum,

1820 2433 1963 2485 sicut
1993 2432 2197 2493 dicitis,
2268 2444 2393 2483 eum
2428 2426 2679 2480 videbitis
2734 2426 2912 2480 cordis
2940 2427 3134 2491 oculis,
3167 2426 3258 2495 qui
3300 2440 3394 2477 ca-

1822 2523 1958 2575 dunt
2007 2523 2108 2575 sub
2146 2520 2577 2591 intelligentiam.
2630 2516 2751 2572 llaec
2791 2517 2946 2575 dixit.
3007 2526 3215 2572 etcum
3270 2532 3396 2572 sus-

1823 2610 2037 2663 tulisset
2095 2610 2284 2663 oculos
2354 2627 2366 2662 :
2432 2608 2657 2662 Domine
2717 2606 2840 2662 Jcsu
2894 2608 3129 2669 Christe,
3199 2608 3395 2677 inquit,

1822 2713 1957 2769 rogo
2022 2709 2094 2763 te,
2127 2698 2346 2751 videant
2396 2698 2525 2766 ipsa:
2583 2711 2799 2766 quoque
2848 2698 3024 2750 lucem
3080 2707 3185 2751 tua:
3244 2698 3398 2769 agni-

1824 2794 1989 2846 tionis
2025 2810 2037 2845 :
2067 2802 2121 2845 et
2162 2791 2229 2845 ab
2255 2805 2337 2845 ea.
2365 2805 2484 2859 qua:
2521 2798 2599 2843 est
2646 2788 2726 2843 eis
2768 2787 2959 2853 oil‘usa,
3030 2790 3269 2845 liberata:
3306 2806 3398 2845 ca-

1828 2884 2013 2954 ligine,
2060 2883 2350 2954 aspiciant,
2422 2880 2669 2943 Domine,
2728 2880 2911 2934 radios
2972 2888 3077 2937 ture
3124 2882 3392 2937 veritatis.

1826 2976 1917 3027 Sic
1955 2984 2038 3028 est
2091 2984 2389 3043 precatus:
2431 2980 2483 3027 et
2517 2986 2644 3025 ecce
2668 2972 2869 3032 locum,
2932 2971 2987 3025 in
3014 2988 3123 3041 quo
3155 2972 3394 3035 stabant,

1828 3079 2019 3133 magna
2055 3064 2143 3116 lux
2182 3063 2547 3116 circumiulsit
2572 3063 2809 3133 desuper
2840 3081 2852 3116 :
2881 3073 2935 3117 et
2962 3079 3153 3118 omnes
3184 3065 3237 3117 in
3281 3075 3392 3118 ter-

1752 3193 1797 3254 C
1829 3170 1941 3209 ram
1964 3153 2278 3208 ceciderunt
2300 3153 2662 3222 obstupefacti
2680 3156 3010 3222 spectaculo,
3032 3157 3175 3227 quod
3200 3167 3396 3227 praeter

1826 3245 2140 3315 opinionem
2172 3253 2447 3299 evenerat.
2495 3242 2612 3298 Non
2660 3254 2776 3298 erat
2838 3256 3019 3301 autem
3075 3250 3185 3310 lux,
3216 3249 3400 3318 cujus-

1825 3340 1968 3393 modi
2001 3356 2062 3395 ea
2095 3350 2198 3404 est,
2245 3356 2362 3409 qua:
2421 3341 2571 3396 venit
2632 3356 2697 3395 ex
2756 3340 2871 3395 sole
2932 3349 2987 3394 et
3015 3339 3255 3409 fulgure,
3300 3342 3393 3395 sed

1825 3445 1962 3483 nova
2022 3445 2266 3499 prorsus,
2305 3440 2359 3484 et
2406 3432 2693 3499 stupenda,
2758 3442 2814 3484 et
2879 3432 3119 3485 insueta.
3152 3430 3240 3485 Eze
3267 3448 3397 3501 ergo

1828 3522 2042 3576 stabant
2071 3522 2323 3584 immotae,
2359 3536 2481 3575 cum
2515 3534 2704 3575 omnes
2727 3520 2873 3573 humi
2912 3519 3238 3573 cecidissent
3278 3537 3291 3571 :
3339 3530 3395 3573 et

1829 3614 1918 3668 lux
1951 3614 2058 3679 illa,
2088 3628 2207 3682 qua:
2235 3615 2504 3681 apparuit,
2537 3628 2661 3667 cum
2708 3614 2862 3666 valde
2893 3613 2945 3666 in
2979 3627 3170 3667 eorum
3204 3614 3396 3667 oculos

1831 3707 2188 3768 incubuisset,
2225 3722 2317 3760 eas
2353 3707 2535 3760 statim
2580 3706 2707 3760 fecit
2756 3706 2961 3767 videre.
3009 3716 3063 3760 et
3096 3707 3237 3759 hanc
3266 3723 3396 3760 sua~

1832 3814 1950 3851 vcm
1989 3810 2043 3851 et
2099 3799 2411 3851 hominibus
2480 3808 2686 3867 gratam
2758 3800 2889 3852 solis
2943 3800 3116 3850 lucem
3169 3799 3394 3851 intueri.

1834 3888 1925 3943 ille
1960 3897 2139 3941 autem
2177 3902 2301 3941 cum
2326 3897 2433 3941 tam
2462 3887 2607 3940 sanis
2638 3902 2729 3941 eas
2754 3888 2981 3941 vidisset
3006 3889 3179 3942 oculis
3216 3907 3229 3942 :
3256 3887 3396 3954 Quid

1829 3987 1934 4041 est,
1970 3979 2196 4046 rogavit,
2232 3978 2376 4047 quod
2410 3979 2560 4034 vobis
2580 3980 2849 4048 apparuit,
2876 3990 2931 4034 et
2977 3982 3105 4049 quid
3154 3983 3392 4039 vidistis.

1829 4084 1953 4125 cum
1994 4072 2228 4139 primum
2259 4072 2585 4140 aspexistis?
2615 4071 2729 4125 Una
2764 4082 2947 4125 autem
2984 4091 2996 4123 :
3044 4070 3266 4135 Senem,
3302 4074 3392 4126 in-

1831 4162 1965 4229 quit,
1993 4160 2124 4225 vidi,
2168 4161 2325 4229 cujus
2355 4161 2542 4215 forma:
2574 4176 2683 4214 non
2730 4171 2907 4230 potest
2939 4161 3128 4216 referri
3154 4164 3397 4231 pulchri-

1832 4252 1962 4306 tudo
1985 4260 2041 4305 et
2083 4252 2355 4305 alacritas.
2418 4253 2595 4305 Altera
2662 4264 2842 4306 autem
2877 4270 2889 4303 :
2928 4252 3086 4306 Visus
3142 4264 3225 4308 est
3262 4256 3393 4309 mibi

1833 4344 2169 4396 adolescens.
2204 4342 2381 4396 Tertia
2416 4359 2583 4397 vero:
2622 4342 2781 4409 Puer,
2809 4344 3003 4415 inquit,
3040 4361 3188 4401 meos
3219 4347 3396 4419 attigit

1833 4434 2037 4487 oculos.
2084 4431 2190 4487 Has
2220 4449 2344 4487 cum
2406 4436 2649 4488 audisset
2700 4437 2985 4497 Abercius,
3013 4446 3269 4491 etrerum
3298 4440 3392 4491 ad-

1759 4548 1802 4601 ο
1835 4526 2160 4578 mirabilium
2201 4526 2308 4577 Deo
2341 4525 2534 4594 egisset
2575 4526 2797 4595 gratias,
2839 4528 3136 4584 intermisit
3170 4532 3389 4585 docere.

1901 4616 2023 4671 Xll.
2057 4616 2127 4668 Ex
2168 4616 2232 4669 iis
2283 4622 2490 4678 autem,
2542 4620 2634 4686 qui
2686 4619 2933 4685 aderant,
2976 4621 3042 4674 iis
3074 4626 3393 4689 assumptis.

1830 4709 1921 4779 qui
1948 4716 2104 4763 erant
2135 4707 2447 4771 familiares,
2491 4709 2711 4763 domum
2772 4712 2952 4769 rediit,
2999 4723 3207 4766 etcum
3247 4714 3396 4768 here

1832 4818 1991 4855 nona:
2026 4802 2255 4871 hymnos
2317 4803 2659 4865 absolvisset,
2718 4818 2905 4872 parum
2936 4803 3093 4873 panis
3140 4807 3394 4860 assumit.

1834 4893 1907 4945 Ita
1941 4895 2085 4945 enim
2123 4892 2348 4955 solebat,
2380 4903 2634 4960 tanquam
2664 4895 2806 4947 aliud
2852 4896 3082 4963 agendo,
3112 4909 3165 4949 et
3190 4897 3243 4947 in
3291 4897 3397 4949 line

1832 4983 1959 5047 diei,
1995 4986 2237 5052 corporis
2280 4984 2485 5037 habere
2522 4987 2805 5036 rationem.
2846 4987 2968 5038 Haec
2996 5003 3115 5038 cum
3168 4988 3237 5041 ab
3276 4988 3394 5055 ipso

1834 5076 1975 5132 facta
2016 5086 2220 5137 essent,
2265 5077 2458 5128 licebat
2494 5077 2676 5130 videre
2710 5078 2906 5130 multos
2944 5094 3005 5129 ev
3038 5095 3123 5136 ea.
3159 5097 3279 5148 quae
3317 5092 3399 5135 est

1830 5170 2204 5230 circumcirca,
2233 5174 2452 5237 regione
2510 5168 2573 5221 ad
2613 5185 2737 5221 eum
2792 5170 3087 5226 conﬂuere.
3120 5181 3172 5222 et
3230 5172 3401 5239 bapti-

1830 5264 1936 5315 znri
1972 5264 2021 5314 in
2061 5260 2280 5313 nomine
2322 5261 2518 5319 Patris,
2563 5271 2615 5313 et
2647 5260 2784 5321 Filii,
2820 5273 2871 5315 et
2904 5262 3140 5329 Spiritus
3197 5268 3392 5316 sancti.

1833 5354 2049 5407 lntcrim
2081 5362 2261 5404 autem
2296 5368 2417 5405 cum
2445 5368 2562 5418 qua:
2598 5353 2752 5403 matri
2802 5351 3133 5410 evenissent.
3197 5368 3399 5419 cogno-

1837 5444 2393 5505 wssetEuxenianus,
2438 5454 2491 5496 et
2548 5444 3002 5511 quemadmodum
3044 5443 3274 5498 deducta
3307 5462 3397 5500 ac-

1836 5535 2085 5590 cessisset
2130 5536 2195 5588 ad
2255 5547 2523 5596 sanctum,
2571 5546 2625 5588 et
2683 5537 3140 5605 quemadmodum
3206 5540 3393 5592 orbata

1838 5627 2009 5678 visum
2073 5632 2465 5689 recuperasset,
2527 5628 2706 5679 omnia
2772 5642 2837 5679 ex
2895 5627 3007 5695 ipsa
3064 5628 3394 5689 sciscitatus,

1837 5717 1984 5771 venit
2011 5718 2075 5771 ad
2110 5718 2281 5781 illum,
2315 5731 2376 5769 ac
2422 5734 2434 5770 :
2476 5716 2528 5769 Si
2572 5727 2623 5771 te
2658 5720 2872 5780 scirem,
2936 5720 3128 5787 inquit,
3165 5734 3195 5770 ο
3224 5730 3395 5785 pater,

1838 5808 2070 5865 libenter
2127 5807 2371 5876 aspicere
2427 5808 2492 5863 ad
2550 5811 2829 5877 pecunias,
2864 5825 2971 5863 non
2997 5810 3396 5865 distribuissetn

3008 5903 3080 5959 39
