3990 6444
199 401 337 464 1229

1493 401 1663 459 VITA
1709 400 1764 457 S.
1805 398 2130 460 ABERCll.

3285 389 3417 452 i230

191 516 328 588 ἔφη,
363 517 658 586 αὑτόνομόν
682 533 738 569 τε
773 512 909 571 εἶναι
951 520 1044 570 καὶ
1085 516 1453 580 αὐτεξούσιον,
1493 518 1584 568 καὶ
1625 513 1754 566 κατὰ

1863 522 2054 583 Sponte
2081 515 2262 566 venire
2291 516 2354 568 ad
2388 513 2738 584 peccandum.
2771 511 2872 566 Sed
2910 510 3032 563 dum
3057 512 3121 564 de
3156 509 3235 562 his
3263 509 3421 562 rebus

195 608 426 675 γνώμην
455 606 546 658 ἐπὶ
568 607 624 658 :6
652 607 990 678 ἁμαρτάνειν
1023 606 1295 676 ἔρχεσθαι.
1342 605 1579 659 Τοιαῦτα
1623 605 1758 674 πρὸς

195 698 462 765 ἀλλήλους
491 698 935 767 διαμιλλωμένων
961 699 1162 761 αὐτῶν,
1194 700 1227 769 ἡ
1256 699 1442 766 ἐνάτη,
1474 699 1631 750 πάλιν
1663 715 1758 748 κα-

192 790 528 852 ταλαϐοῦσα,
565 788 771 841 διέλυσε
800 792 898 852 τὰς
935 791 1212 858 ζητήσεις.
1276 791 1537 851 Ἀναστάς
1570 789 1675 857 γὰρ
1730 789 1756 838 6

195 883 342 944 θεῖος
393 883 676 951 ’Λδέρκιος
712 882 1013 946 ἀσπάζεται
1064 883 1189 944 τοὺς
1241 882 1631 954 περιεστῶτας,
1665 883 1756 932 καὶ

195 976 527 1042 εὐλογήσας,
568 974 749 1025 οἴκαδε
789 975 886 1025 σὺν
911 974 1239 1042 Εὐξεινιανῷ
1271 975 1496 1044 πέμπει.

272 1067 372 1117 1Δ’.
419 1067 626 1131 Ὀλίγαι
658 1063 716 1115 τὸ
752 1064 890 1132 μετὰ
914 1065 1090 1118 ταῦτα
1124 1065 1340 1134 διῆλθον
1392 1065 1614 1134 ἡμέραι,
1664 1066 1755 1116 καὶ

191 1156 294 1218 τὰς
334 1155 496 1224 πέριξ
521 1155 712 1222 κώμας
745 1155 838 1208 καὶ
875 1156 972 1226 πρό
995 1174 1056 1223 γε
1082 1156 1189 1208 τῶν
1219 1156 1392 1210 ἄλλων
1423 1158 1519 1217 τὰς
1543 1157 1598 1206 ἐν
1643 1171 1754 1220 γει-

188 1247 388 1307 τόνων,
416 1247 529 1314 ἅμα
578 1247 689 1308 τοῖς
740 1247 987 1315 ἀδελφοῖς
1040 1247 1292 1317 περιῄει·
1326 1247 1592 1314 ἐμάνθανε
1646 1247 1752 1313 γὰρ

190 1337 296 1405 ἤδη
328 1336 555 1398 πολλοὺς
589 1338 704 1389 ἐκεῖ
744 1337 1021 1408 διαφόροις
1079 1339 1364 1399 πιέζεσθαι
1413 1341 1608 1400 νόσοις.
1653 1339 1754 1390 Πε-

189 1427 420 1500 ριελθὼν
447 1424 540 1481 οὖν
569 1431 662 1482 καὶ
689 1429 1028 1500 θεραπεύσας
1059 1431 1189 1498 εὐχῇ
1221 1432 1313 1482 καὶ
1342 1431 1542 1499 χειρῶν
1570 1430 1752 1482 ἐπιθέ-

192 1536 300 1581 σει,
336 1520 457 1571 ὲπεί
489 1519 772 1588 βαλανείου
801 1520 1003 1590 ἄπορον
1027 1518 1171 1591 ἐώρα
1203 1521 1293 1573 τὸν
1314 1523 1497 1584 τόπον,
1523 1523 1752 1591 πρᾶγμα

191 1611 412 1662 νοσοῦσι
449 1611 622 1674 δεξιὸν
657 1610 1027 1679 παραμύθιον,
1061 1612 1140 1674 εἵς
1172 1629 1292 1664 τινα
1355 1612 1530 1681 χῶρον
1585 1613 1755 1664 ἐλθὼν

187 1696 234 1769 ᾧ
271 1703 464 1772 Ἀγρὲς
496 1704 592 1772 μὲν
617 1706 647 1772 ἡ
674 1703 884 1770 κλῆσις,
911 1704 1152 1772 ποταμὸς
1181 1705 1236 1756 δὲ
1262 1705 1408 1768 αύτῷ
1427 1705 1750 1775 παραρρέει,

189 1797 260 1846 τά
305 1796 505 1861 γόνατα
533 1795 608 1863 τῷ
630 1796 746 1862 Θεῴ
769 1795 976 1858 κλίνας,
1005 1795 1097 1846 τοῦ
1127 1795 1352 1864 ἐδάφους
1389 1796 1616 1862 γίνετ›ι.
1647 1797 1754 1847 Καὶ

196 1889 310 1940 ίδου
348 1889 542 1957 βροντὴ
581 1889 678 1954 μὲν
725 1888 782 1952 ἐξ
848 1888 1109 1958 ἀκριϐοῦς
1166 1891 1610 1958 καταρρήγνυται
1660 1889 1757 1956 τῆς

194 1981 415 2048 αἰθρίας
441 1994 454 2008 ·
482 1978 768 2031 ἀναδίδωσι
799 1979 860 2032 δὲ
897 1979 1080 2048 πηγάς
1119 1979 1339 2048 θερμῶν
1372 1979 1577 2032 ὑδάτων
1611 1979 1756 2046 ἡγῆ,

191 2073 291 2123 καί
325 2070 409 2121 διὰ
435 2069 649 2122 πάντων
675 2071 898 2140 ὑμνεῖτο
919 2072 1070 2136 θεὸς,
1098 2073 1333 2140 ἐπήκοος
1360 2069 1503 2121 οὕτω
1534 2069 1758 2121 δικαίων

186 2159 402 2226 ἀνδρῶν
421 2159 725 2226 γινόμενος.
756 2160 818 2212 ἸΙ
843 2160 1024 2228 μέντοι
1048 2158 1294 2228 μακαρία
1319 2158 1500 2225 ἐκείνη
1519 2157 1758 2224 γλῶσσα,

186 2251 431 2312 λάκκους
481 2249 674 2320 ὀρύξαι
725 2254 836 2313 τοῖς
895 2251 1157 2320 παροῦσιν
1208 2251 1586 2318 ἐντειλαμένη,
1619 2250 1759 2302 ῶστε

186 2342 457 2410 σύρροιαν
491 2343 548 2394 ἐν
572 2344 782 2404 τούτοις
831 2342 1076 2408 γίνεσθαι
1119 2343 1228 2394 τῶν
1261 2341 1478 2410 θερμῶν
1532 2341 1756 2402 ὑδάτων,

187 2435 286 2483 καὶ
315 2432 394 2494 εἰς
420 2433 716 2500 ἀνάκτησιν
738 2433 877 2484 αὐτὰ
895 2434 1162 2500 σωμάτων
1188 2426 1326 2484 εἶναι
1356 2433 1761 2500 πεπονηκότων,

187 2525 426 2595 ἐπανῄει
462 2526 599 2596 πρὸς
622 2525 719 2594 τὴν
751 2527 947 2578 οἰκίαν.
993 2526 1078 2577 Ἐν
1113 2525 1287 2594 τούτῳ
1312 2523 1405 2577 οὖν
1437 2525 1466 2577 ὁ
1501 2529 1608 2577 τῶν
1647 2543 1761 2579 πει-

191 2619 425 2689 ρασμῶν
453 2620 548 2671 καὶ
576 2621 678 2688 τῆς
702 2620 916 2688 ἀπάτης
953 2617 1156 2689 πατὴρ,
1187 2621 1214 2672 ὀ
1254 2619 1488 2688 πονηρὸς
1528 2618 1758 2687 δαίμων,

187 2710 516 2777 γυναικείαν
553 2711 869 2780 ὑποκριθεὶς
910 2711 1148 2781 μορςὴν,
1179 2711 1426 2778 πρόσεισι
1465 2711 1538 2776 τῷ
1598 2710 1755 2778 ἁγίῳ,

185 2803 445 2867 εὐλογίας
477 2805 657 2870 τυχεῖν
686 2805 846 2867 δῆθεν
876 2805 1006 2874 παρ’
1033 2805 1199 2858 αὑτοῦ
1227 2804 1576 2874 βουλόμενος.
1622 2806 1682 2856 Ὀ
1705 2804 1758 2857 δὲ

183 2892 471 2946 ἑπιόαλὼν
503 2894 698 2963 ἐκείνῳ
724 2895 849 2956 τοὺς
872 2895 1205 2962 ὀφθαλμοὺς,
1229 2900 1317 2947 καὶ
1346 2897 1435 2948 τὶν
1471 2897 1597 2948 εἴσω
1629 2913 1761 2966 κρυ-

187 2989 465 3054 πιόμενον
497 2985 662 3038 λύκον
699 2988 797 3039 οὐκ
829 2989 1122 3055 ἀγνοήσας,
1155 2989 1202 3039 εἰ
1235 2989 1329 3038 καὶ
1370 2989 1466 3057 τὴν
1492 2989 1587 3039 τοῦ
1622 3004 1759 3058 προ-

184 3078 362 3130 ϐάτου
398 3078 560 3146 δορὰν
602 3079 934 3148 περιέκειτο,
967 3078 1128 3141 εύθδς
1176 3083 1630 3149 μεταστρέφεται,
1665 3079 1760 3132 καὶ

189 3171 331 3239 λίθῳ
372 3173 702 3239 προσπταίει
738 3173 828 3223 τὸν
858 3172 994 3224 πόδα
1052 3171 1143 3224 τὸν
1201 3171 1397 3236 δεξιόν.
1452 3173 1762 3244 Περιαλγὴς
1787 3187 1830 3248 c
1865 3171 2008 3224 enim

181 3263 284 3317 οὖν
309 3264 626 3331 γενόμενος,
664 3265 896 3316 ἅπτεται
939 3266 1006 3332 τῇ
1035 3266 1178 3332 χειρὶ
1226 3266 1320 3316 τοῦ
1366 3266 1711 3332 ἀστραγάλου
1738 3282 1752 3297 ο

185 3353 360 3410 αὑτὸν
382 3354 490 3424 γάρ
521 3350 590 3423 ἦν
624 3353 942 3422 πεπληγώς.
974 3353 1085 3406 Καὶ
1105 3355 1132 3406 6
1167 3354 1424 3423 πονηρὸς,
1447 3357 1526 3416 εἰς
1565 3355 1756 3407 ἑαυτὸν

191 3446 364 3500 πάλιν
401 3443 741 3516 μεταόαλὼν,
771 3444 987 3514 ἥδιστόν
1020 3461 1080 3498 τε
1131 3446 1224 3499 καὶ
1267 3444 1464 3515 θερμὸν
1506 3446 1752 3512 ἁνεγέλα,

186 3542 289 3596 καὶ
316 3541 427 3593 ἀπὸ
458 3540 560 3610 τῆς
594 3540 753 3610 φίλης
800 3540 960 3602 εὐθὺς
1004 3540 1413 3610 ὑπερηφανίας*
1462 3541 1640 3609 Μήτοι
1691 3557 1757 3608 με

180 3635 404 3702 νόμιζε,
425 3634 592 3698 λέγει,
613 3633 721 3684 τῶν
744 3631 1016 3683 ταπεινῶν
1034 3627 1172 3682 εἶναι
1195 3633 1417 3683 ἐκείνων
1443 3631 1754 3698 δαιμονίων,

180 3725 223 3778 ἃ
259 3725 324 3775 συ
360 3723 620 3783 πολλάκις
653 3721 980 3789 φυγαδεύειν
1014 3717 1184 3787 οἶδας,
1231 3721 1325 3774 καὶ
1361 3723 1506 3791 μόνῳ
1550 3720 1627 3789 τῷ
1661 3722 1759 3790 ρή-

183 3826 345 3883 ματισ
375 3813 488 3865 ἀλλ’
523 3813 684 3873 αὐτὸς
716 3813 833 3880 είμι
863 3814 1022 3876 αὐτὸς
1050 3815 1466 3880 ἑκατόνταρχος,
1496 3807 1557 3864 οὗ
1585 3811 1646 3880 δὴ
1667 3812 1758 3862 καὶ

186 3904 289 3958 νῦν
319 3906 400 3967 είς
434 3905 628 3973 πεῖραν
655 3901 844 3966 ἐλθὼν,
897 3901 1030 3969 ὁρᾷς
1089 3900 1204 3961 πῶς
1252 3900 1514 3969 χαλεπαῖς
1565 3898 1758 3966 βέϐλη-

191 4017 287 4056 σαι
316 3997 717 4067 περιωδυνίαις,
750 3995 778 4046 6
813 3993 1030 4055 πολλοῖς
1053 3993 1262 4060 ἐήροις
1314 3992 1616 4060 λυσάμενος
1662 3989 1756 4050 τὰς

188 4091 410 4151 ὀδύνας.
441 4089 624 4152 Οὕτως
647 4087 754 4141 ἀπὸ
775 4084 867 4140 τοῦ
899 4086 1157 4156 βλάπτειν
1181 4086 1208 4136 ὁ
1252 4085 1466 4152 μιαρεις,
1505 4083 1757 4134 οὐδέποτε

189 4185 253 4239 δὲ
287 4183 400 4235 ἀπὸ
435 4183 525 4235 τοῦ
556 4181 788 4248 ὼφελεῖν
818 4183 1028 4242 οὐδένα,
1059 4178 1237 4246 ἐαυτῷ
1275 4177 1364 4228 τὸν
1393 4177 1611 4228 ἔπαινον
1657 4193 1759 4228 πε-

193 4274 464 4344 ριτίθησι.
497 4272 683 4323 Ταῦτα
714 4271 894 4322 τοίνυν
929 4272 1066 4338 πρὶς
1097 4269 1186 4320 τὸν
1217 4266 1526 4335 θαυμαστὸν
1569 4265 1756 4334 Ἀδέρ-

188 4381 316 4417 κιον
355 4358 500 4428 εἷπε,
539 4361 632 4414 καί
664 4377 772 4413 τινι
797 4359 906 4412 τῶν
933 4359 1378 4428 περιεστηκότων
1434 4358 1593 4410 αὑτὸν
1639 4375 1757 4410 νεα-

186 4456 396 4508 νίσκων
427 4454 700 4525 ὲπιπηδᾷ·
736 4454 796 4506 ὃν
829 4453 1079 4522 χαλεπῶς
1111 4453 1393 4520 σπαράξας
1420 4469 1478 4504 τε
1512 4454 1606 4505 καὶ
1639 4452 1725 4503 δια

187 4547 464 4616 ταράξας,
500 4545 703 4615 μεταξὺ
741 4547 956 4596 πάντων
987 4544 1232 4604 ἐλεεινῶς
1265 4543 1614 4596 καταϐάλλει.

264 4637 366 4692 ιε’.
409 4638 468 4689 '0
500 4638 688 4706 μέντοι
733 4635 908 4703 μέγας
964 4635 1240 4703 ’Λδέρκιος
1276 4633 1419 4684 ἔλεον
1445 4633 1639 4684 αὐτίκα
1661 4632 1756 4684 τοῦ

185 4731 483 4784 νεανίσκου
536 4727 721 4781 λαϐὼν
775 4728 870 4779 καὶ
913 4724 1124 4795 δεηθεὶς
1162 4725 1254 4776 τοῦ
1313 4725 1446 4776 Θεοῦ
1491 4725 1641 4776 λύσιν
1699 4741 1756 4776 τε

188 4821 346 4891 αὐτῷ
374 4820 559 4873 δίδωσι
590 4821 682 4872 τοῦ
712 4818 906 4881 κακοῦ,
943 4820 1035 4872 καὶ
1067 4819 1158 4871 τὸν
1191 4818 1607 4888 μιαρὸνέκείνον
1641 4818 1756 4870 δαί-

190 4928 337 4983 μονα
389 4907 634 4961 ἐκποδὼν
655 4908 890 4976 τίθησιν,
918 4909 1063 4977 ἔργῳ
1087 4907 1329 4976 δηλώσας
1356 4909 1434 4968 τί,
1460 4910 1487 4959 ὁ
1505 4907 1594 4959 τοῦ
1620 4908 1755 4972 ἀγαο

191 5005 293 5058 Θοῦ
331 5001 577 5073 μαθητὴς
616 5002 711 5053 καὶ
734 5000 1027 5066 ἀγαθύνειν
1048 5000 1456 5066 δεδιδαγμένος,
1489 5001 1579 5051 καὶ
1618 4999 1696 5058 τίς
1731 5003 1756 5051 ὁ

185 5096 252 5157 ἐξ
283 5095 456 5162 ἀρχῆς
489 5090 744 5160 πονηρὸς,
780 5091 871 5141 καὶ
905 5088 999 5140 τοῦ
1036 5091 1295 5157 πράττειν
1321 5089 1512 5150 ἄλλους
1540 5088 1605 5138 τά
1660 5105 1753 5138 πο-

185 5187 336 5257 νηρὰ
367 5186 703 5246 διδάσκαλος.
757 5181 995 5244 Ἐκεῖνος
1023 5182 1075 5232 δὲ
1111 5182 1225 5234 ἀλλ’
1249 5182 1308 5233 οὔ
1353 5181 1512 5252 μέχρι
1566 5181 1753 5234 τούτου

185 5285 342 5350 ἔστη,
375 5279 494 5330 ούδέ
524 5279 614 5329 ἐπὶ
650 5278 784 5346 μόνῃ
812 5280 876 5344 τῇ
912 5274 1136 5343 τοιαύτῃ
1166 5275 1377 5344 ἔμεινεν
1431 5276 1587 5343 ἥττῃ,
1622 5276 1754 5324 ἀλλὰ

187 5375 286 5425 καὶ
319 5373 514 5440 ἑτέραν
547 5369 694 5436 αύτῷ
723 5366 1090 5437 προκηρύτιει
1127 5367 1305 5436 πάλην
1327 5382 1339 5396 ’
1375 5362 1435 5419 οὒ
1486 5368 1616 5436 μηδὲ
1658 5367 1754 5436 τὴν

187 5465 417 5534 πρώτην
446 5463 765 5526 ὑπενεγκεῖν
819 5462 1056 5527 ἴσχυσεν.
1101 5459 1316 5526 Ἐπειδὴ
1349 5459 1452 5528 γάρ
1481 5467 1572 5511 καὶ
1609 5459 1754 5510 ἄκων

188 5557 358 5626 ἀπῄει
397 5557 489 5607 τὸν
509 5554 795 5605 νεανίσκον
834 5551 1119 5603 ἀπολιπὼν
1150 5554 1380 5620 τραχείᾳ
1410 5553 1481 5611 ὡς
1516 5549 1628 5618 εἶχε
1663 5554 1751 5602 καὶ

185 5648 395 5704 ἀναιδεί
422 5646 762 5715 χρησάαενος
791 5645 855 5710 τῇ
886 5645 1036 5712 φωνῇ
1065 5659 1077 5672 ·
1105 5641 1254 5710 Ταχύ
1280 5659 1359 5702 σε,
1394 5645 1521 5710 Esi],
1568 5643 1752 5707 Ἀδέρ-

187 5758 298 5804 κιε,
328 5740 422 5791 καὶ
451 5740 654 5792 ἄκοντα
712 5737 1121 5806 παρασκευάσω
1150 5737 1246 5805 τὴν
1289 5733 1572 5799 Ῥωμαίων
1601 5735 1743 5785 ἰδεῖν.

187 5837 263 5886 T6
309 5835 364 5886 δὲ
403 5833 504 5900 ἄρα
537 5831 597 5881 οὐ
640 5828 813 5897 πολλῷ
842 5827 1065 5895 ὕστερον
1091 5828 1269 5895 ἐξέϐη,
1305 5827 1375 5886 ὡς
1409 5829 1470 5878 τά
1499 5827 1621 5894 ἑξῆς
1660 5828 1748 5876 του

1784 4527 1834 4585 D

1866 603 2000 656 inter
2047 620 2102 655 se
2133 605 2515 672 disceptarent,
2576 603 2705 656 hora
2754 616 2894 653 nona
2943 616 3127 652 rursus
3177 600 3421 662 veniens,

1863 696 1992 746 finiit
2027 695 2364 763 qumstioncs.
2394 695 2582 748 Statim
2603 695 2746 747 enim
2771 709 2996 764 surgens
3021 692 3234 744 divinus
3255 692 3422 743 Aber-

1863 785 1996 846 cius,
2030 788 2223 839 salutat
2258 802 2372 849 eos,
2403 787 2489 856 qui
2512 785 2951 845 circumstabant,
3023 791 3072 834 el
3100 798 3218 834 cum
3258 783 3423 834 bene-

1862 876 2101 940 ilixisset,
2133 879 2348 931 domum
2385 879 2550 930 mittit
2579 893 2700 930 cum
2747 876 3078 927 Euxeniano.

1932 1075 2065 1128 XIV.
2106 1075 2260 1129 Pauci
2313 1077 2424 1129 dics
2460 1086 2640 1145 postea
2688 1076 3076 1144 pra‘terierunt,
3121 1089 3242 1126 cum
3282 1074 3424 1125 vicos

1859 1169 2205 1222 circumcirca
2262 1169 2482 1237 positos,
2539 1176 2593 1219 et
2630 1181 2754 1220 ante
2789 1168 2942 1229 alios,
2999 1182 3092 1218 res
3130 1165 3219 1234 qui
3271 1175 3423 1217 erant

1862 1260 2166 1328 propinqui,
2196 1261 2327 1313 obiit
2353 1276 2473 1313 cum
2530 1259 2805 1314 fratribus.
2855 1258 2974 1311 Jam
3010 1258 3153 1310 enim
3196 1271 3422 1322 accepe-

1860 1359 1959 1412 rat,
1999 1349 2194 1402 multos
2223 1348 2382 1400 variis
2409 1348 2517 1401 illic
2545 1346 2746 1399 morbis
2782 1346 3041 1398 laborare.
3076 1343 3210 1395 Cum
3243 1349 3421 1392 autem

1859 1441 2096 1499 abiisset,
2129 1449 2182 1492 et
2212 1455 2303 1492 cos
2356 1449 2596 1492 curasset
2639 1436 2888 1505 precibus
2936 1444 2988 1487 et
3045 1446 3296 1486 manuum
3329 1430 3426 1482 im-

1861 1531 2143 1600 positione,
2175 1543 2453 1599 postquam
2479 1530 2607 1582 vidit
2634 1529 2808 1582 locum
2838 1540 2995 1595 egere
3025 1524 3236 1588 balneo,
3261 1520 3424 1590 (quod

1859 1623 2075 1690 quidem
2107 1623 2494 1690 aegrotantibus
2533 1630 2613 1674 est
2659 1631 2838 1687 aptum
2901 1615 3170 1671 solatium)
3203 1612 3423 1666 veniens

1859 1714 1909 1766 in
1943 1713 2230 1780 quemdam
2276 1712 2476 1771 locum,
2533 1710 2621 1778 qui
2680 1709 2981 1777 appellatur
3032 1709 3191 1774 Ager,
3229 1703 3423 1757 ﬂuvius

1861 1815 2037 1860 autem
2077 1820 2241 1872 prope
2273 1819 2396 1856 eum
2456 1803 2588 1863 ﬂuit,
2650 1801 2802 1854 ﬂexis
2860 1800 2965 1854 Deo
3016 1798 3240 1866 genibus
3274 1795 3422 1848 humi

1863 1898 2114 1966 procidit.
2150 1895 2213 1947 Et
2238 1911 2364 1948 ecce
2406 1894 2638 1960 erumpit
2693 1890 2906 1959 quidem
2937 1891 3137 1942 tonitru
3174 1889 3311 1941 cmlo
3342 1902 3425 1940 se-

1863 2002 2013 2045 reno,
2049 1985 2242 2039 emittit
2297 1994 2474 2036 autem
2515 1994 2652 2036 terra
2695 1982 2872 2034 fontes
2903 1995 3160 2048 aquarum
3226 1979 3426 2032 calida-

1861 2091 2014 2128 rum:
2043 2085 2096 2127 et
2136 2091 2228 2141 per
2259 2074 2436 2126 omnia
2467 2074 2787 2125 laudabatur
2851 2071 3011 2129 Deus,
3040 2069 3130 2134 qui
3153 2069 3324 2135 justus
3349 2067 3427 2121 sic

1858 2167 2096 2220 exaudit.
2133 2164 2268 2219 Cum
2312 2165 2467 2218 beata
2505 2175 2682 2218 autem
2724 2163 2806 2214 illa
2869 2162 3046 2227 lingua
3086 2163 3168 2216 iis.
3211 2159 3297 2224 qui
3327 2158 3424 2210 ad-

1861 2268 2038 2320 erant,
2061 2258 2312 2325 iussisset
2342 2256 2523 2310 fodere
2551 2255 2833 2313 cisternas,
2861 2261 2920 2305 ut
2965 2264 3114 2319 aqua:
3143 2248 3328 2300 calida:
3371 2247 3423 2299 in

1861 2365 1952 2402 eas
1986 2349 2340 2411 conﬂuerent,
2377 2358 2430 2401 et
2449 2363 2526 2400 ea:
2555 2355 2737 2400 essent
2777 2345 2841 2397 ad
2883 2339 3171 2396 rccreanda
3197 2353 3426 2406 corpora

1861 2439 2181 2506 laborantia,
2214 2441 2432 2494 domum
2494 2439 2800 2491 revertitur.
2858 2433 3072 2488 Interim
3107 2442 3284 2484 autem
3310 2440 3427 2482 ten-

1862 2535 2127 2586 talionum
2176 2543 2229 2586 et
2281 2531 2613 2600 deceptiouis
2665 2540 2816 2600 pater
2878 2526 3144 2594 malignus
3190 2521 3423 2586 da’mon,

1861 2623 2084 2676 indutus
2119 2623 2288 2676 forma
2324 2622 2595 2685 muliebri,
2648 2621 2789 2672 venit
2828 2617 2892 2670 ad
2946 2624 3212 2678 saucttnu,
3241 2612 3428 2664 volens

1861 2716 1928 2768 ab
1956 2715 2076 2783 ipso
2137 2713 2392 2782 consequi
2448 2711 2900 2766 benedictionem.
2964 2706 3057 2761 Ille
3088 2717 3265 2760 autem
3295 2718 3426 2756 eon-

1863 2807 2026 2875 jectis
2058 2807 2109 2858 in
2140 2806 2286 2858 illum
2315 2804 2504 2862 oculis.
2529 2804 2620 2870 qui
2650 2803 2792 2856 intus
2823 2799 3042 2860 latebat,
3090 2797 3272 2864 lupum
3318 2810 3422 2846 non

1866 2899 2144 2968 ignorans,
2197 2897 2402 2949 etiamsi
2462 2895 2576 2950 ovis
2605 2894 2797 2962 pellem
2834 2891 3118 2953 induisset,
3180 2885 3426 2955 protinus

1864 2988 2153 3053 avertitur,
2222 2997 2278 3040 et
2341 2986 2515 3052 lapide
2580 2984 2800 3037 offeinlit
2869 2982 3058 3051 pedem
3118 2979 3422 3033 dexterum.

1866 3077 2061 3131 Dolore
2121 3095 2249 3145 ergo
2307 3078 2551 3138 aﬂ‘ectus,
2599 3092 2759 3131 manu
2794 3075 2962 3143 tangit
2997 3073 3159 3126 talum
3201 3088 3214 3123 :
3248 3070 3424 3140 ipsum

2099 3179 2457 3236 percusserat.
2547 3167 2807 3235 Malignus
2882 3175 3060 3216 autem
3120 3177 3306 3214 rursus
3369 3159 3424 3212 in

1864 3262 2105 3331 seipsum
2139 3271 2396 3320 mutatus,
2428 3258 2745 3311 suavissime
2797 3256 2932 3316 risit,
2963 3264 3016 3308 et
3057 3253 3426 3308 vehementis-

1857 3355 2013 3414 sime,
2047 3363 2101 3406 et
2126 3354 2279 3405 solita
2308 3352 2553 3420 protinus
2585 3349 2870 3416 superbia:
2902 3346 2978 3400 Ne
3015 3361 3098 3400 me
3127 3345 3421 3404 existimes,

1859 3441 2052 3510 inquit.
2085 3456 2207 3495 esse
2240 3457 2302 3494 ex
2346 3441 2452 3494 illis
2508 3439 2803 3492 humilibus
2850 3437 3154 3498 dzemoniis,
3209 3451 3328 3503 qua:
3367 3444 3423 3488 tu

1860 3535 1964 3588 scis
2019 3549 2162 3604 saape
2227 3532 2412 3604 fugare
2475 3531 2559 3585 vel
2613 3530 2779 3585 verbo
2835 3530 2950 3583 solo
2989 3546 3002 3582 :
3036 3528 3128 3582 sed
3163 3544 3279 3582 sum
3310 3528 3424 3596 ipse

1859 3625 2130 3686 centurio,
2166 3627 2323 3691 cujus
2356 3641 2479 3688 cum
2513 3640 2655 3677 nunc
2689 3623 2863 3678 fecisti
2906 3622 3230 3693 periculum,
3273 3621 3423 3674 vides

1859 3730 2018 3783 quam
2054 3715 2306 3786 gravibus
2329 3715 2402 3769 sis
2459 3714 2689 3768 affectus
2740 3714 3037 3773 doloribus,
3062 3713 3153 3780 qui
3184 3702 3420 3764 liberasti

1861 3807 2058 3859 multos
2086 3823 2113 3860 a
2158 3808 2441 3860 molestiis.
2490 3807 2579 3860 Sic
2635 3805 2997 3859 exsecrandus
3052 3820 3116 3859 ex
3161 3819 3247 3867 eo,
3280 3820 3350 3872 qu
3387 3803 3422 3856 d

1862 3898 2041 3962 ladat,
2103 3914 2378 3968 nunquam
2432 3909 2611 3952 autem
2667 3915 2733 3952 ex
2800 3913 2884 3960 co,
2924 3898 3064 3964 quod
3098 3896 3287 3963 prosit,
3320 3895 3420 3948 sibi

1860 3991 2069 4045 laudem
2099 3992 2308 4046 tribuit.
2342 3988 2463 4044 Haec
2497 4005 2624 4059 ergo
2657 3987 2959 4046 admirabili
3000 3988 3136 4042 dixit
3165 3988 3420 4050 Abercio.

1857 4095 1910 4136 et
1937 4085 2194 4152 impetum
2259 4083 2385 4136 facit
2436 4085 2488 4136 in
2549 4083 2836 4150 quemdam
2899 4097 2964 4135 ex
3002 4082 3086 4146 iis,
3117 4082 3207 4149 qui
3239 4082 3417 4149 ipsum

1858 4176 2348 4236 circumsistebant,
2392 4175 2872 4229 adolescentibus:
2929 4187 3089 4241 quem
3125 4188 3247 4225 cum
3303 4187 3422 4240 gra-

1860 4266 1995 4319 viter
2027 4265 2420 4334 discerpsisset,
2441 4266 2821 4321 miserabiliter
2855 4266 3065 4334 proiicit
3096 4275 3148 4319 in
3183 4266 3419 4319 medium

1859 4369 2124 4408 omnium.

1930 4644 2043 4698 XV.
2074 4645 2292 4715 Magnus
2321 4655 2500 4699 autem
2543 4648 2803 4701 Abercius
2831 4650 3010 4702 statim
3051 4649 3418 4702 misericordia

1859 4747 2039 4790 motus
2085 4738 2466 4801 adolescentis,
2514 4748 2561 4790 et
2604 4739 2766 4790 Deum
2819 4750 3089 4808 precatus,
3120 4758 3243 4796 eum
3278 4744 3418 4798 malo

1858 4829 2046 4889 solvit,
2101 4838 2152 4879 et
2213 4827 2603 4880 exsecrandum
2671 4829 2821 4882 illum
2877 4831 3175 4886 daemonem
3233 4835 3416 4892 procul

1857 4919 2102 4986 expellit,
2143 4933 2198 4968 re
2228 4919 2339 4984 ipsa
2371 4919 2682 4979 ostendens,
2719 4922 2965 4988 quisnam
2999 4925 3064 4973 sit
3098 4924 3222 4975 boni
3251 4927 3416 4978 disci-

1858 5009 2037 5078 pulus,
2073 5018 2126 5061 et
2159 5010 2247 5077 qui
2307 5009 2442 5062 bene
2490 5009 2662 5063 facere
2717 5011 3010 5064 didicerit:
3063 5023 3117 5065 et
3166 5018 3413 5081 quisnam

1858 5101 1901 5153 is
1927 5101 2014 5158 sit.
2048 5100 2135 5168 qui
2186 5111 2266 5153 est
2320 5102 2490 5153 malus
2528 5101 2594 5152 ab
2639 5101 2811 5163 initio,
2863 5113 2916 5154 et
2969 5105 3224 5168 magister
3278 5108 3415 5161 male

1858 5192 2084 5244 faciendi
2117 5192 2253 5244 aliis.
2299 5192 2386 5244 Ille
2437 5201 2616 5243 autem
2670 5209 2775 5243 nun
2822 5208 2884 5245 eo
2933 5210 3101 5262 usque
3145 5198 3410 5262 constitit,

1857 5299 2029 5350 neque
2063 5283 2224 5335 semel
2277 5292 2586 5347 superatum
2630 5298 2748 5334 esse
2785 5285 2915 5336 satis
2962 5287 3148 5339 habuit
3184 5304 3198 5339 :
3231 5288 3324 5339 sed
3357 5289 3410 5340 ei

1858 5391 2044 5426 rursus
2075 5374 2272 5426 bellum
2302 5375 2605 5438 denuntiat,
2649 5377 2802 5443 cujus
2837 5378 3066 5444 primum
3104 5378 3410 5432 conﬂictum

1856 5483 1962 5518 non
1998 5468 2165 5535 potuit
2208 5470 2497 5519 sustinere.
2539 5468 2765 5531 Quando
2800 5471 2945 5522 enim
2993 5471 3193 5522 invitus
3236 5486 3411 5524 reces-

1856 5557 1943 5618 sit,
1984 5558 2168 5608 relicto
2215 5556 2577 5619 adolescente,
2623 5575 2809 5625 aspera
2849 5570 2901 5610 et
2953 5559 3247 5627 impudenti
3281 5576 3412 5612 voce.

1859 5664 1985 5700 usus
2024 5666 2036 5702 :
2070 5649 2186 5700 Cito
2230 5662 2298 5708 te,
2330 5648 2519 5714 inquit.
2547 5664 2576 5698 o
2614 5650 2823 5711 Aberci,
2857 5650 2938 5703 vel
2967 5651 3188 5703 invitum
3219 5652 3410 5704 faciam

1859 5741 2038 5793 videre
2105 5739 2464 5791 Romanorum
2537 5741 2833 5792 civitatem.
2890 5742 2998 5794 Hoc
3070 5751 3248 5793 autem
3305 5757 3411 5795 non

1860 5833 2024 5885 multo
2056 5842 2173 5898 post
2209 5831 2407 5891 evenit,
2438 5842 2495 5885 ut
2518 5831 2772 5896 deinceps
2796 5834 3161 5888 ostendemus.
3188 5831 3409 5888 Divinus
