3990 6442
583 347 715 408 1239

1859 344 2139 405 MENSIS
2180 344 2544 410 OCTOBER.

3684 328 3817 393 1240

581 462 760 530 magni
794 462 1045 527 honores,
1082 476 1133 520 et
1183 469 1322 522 dona
1372 466 1465 520 tibi
1512 466 1700 518 collata
1753 465 1983 518 referent
2024 476 2136 532 gra-

2253 462 2423 515 σῶσαι
2472 461 2565 513 καὶ
2620 455 2954 527 θεραπεῦσαι
3008 453 3319 523 θυγάτριον.
3363 450 3521 503 υοτω
3570 447 3682 517 γάρ
3736 463 3815 499 σοι

579 548 729 604 tiam.

649 725 818 779 XXII.
856 726 979 781 Haec
1028 728 1113 781 illa
1167 744 1286 783 cum
1341 743 1529 799 magna
1576 728 1784 783 dicebat
1835 727 2137 780 aﬂ'ectione.

578 815 709 870 Eam
744 819 889 871 enim
919 818 1168 873 ﬂectebat
1215 832 1422 873 natura:
1465 820 1777 880 necessitas.
1831 830 1883 872 et
1915 819 2143 872 l'aciebat

577 920 637 963 ut
662 909 803 962 illius
838 912 1135 978 postularet
1162 913 1446 976 auxilium,
1481 928 1639 981 quem
1694 914 1774 981 (ut
1804 928 1925 966 cum
1960 912 2141 965 divino

573 1000 746 1053 dicam
782 1000 999 1065 Davide)
1030 1005 1153 1057 odio
1184 1004 1452 1059 habebam
1496 1005 1681 1075 gratis,
1736 1015 1790 1058 et
1839 1020 1945 1057 non
1980 1004 2142 1057 susti-

574 1089 775 1142 nebant
802 1090 1027 1144 adorare
1055 1102 1304 1161 tanquam
1334 1110 1521 1147 verum
1540 1094 1708 1147 Deum
1740 1094 1778 1143 ⁵.
1807 1093 1893 1145 llle
1926 1103 2138 1145 autem:

574 1181 807 1246 Accepta
849 1180 1063 1246 quidem
1123 1190 1226 1245 est,
1277 1182 1475 1251 inquit,
1524 1183 1679 1236 nobis
1712 1194 1799 1235 tua
1844 1181 2137 1235 voluntas:

572 1269 666 1321 sed
696 1269 966 1322 nosnullo
1002 1286 1062 1323 ex
1102 1272 1186 1334 iis,
1220 1288 1339 1341 quae
1382 1282 1511 1327 sunt
1556 1272 1694 1341 apud
1745 1288 1856 1333 vos,
1903 1270 2140 1325 delecta-

574 1373 714 1419 mur,
759 1369 817 1411 ut
851 1362 941 1429 qui
978 1378 1166 1414 ranam
1206 1364 1345 1416 hanc
1390 1364 1630 1432 speciem
1674 1362 2003 1432 jampridem
2051 1378 2143 1415 ex-

576 1449 889 1515 spuerimus
942 1467 956 1503 :
1015 1462 1068 1503 et
1123 1452 1320 1521 alioqui
1388 1469 1488 1507 nec
1536 1452 1785 1507 mercede
1838 1453 2141 1521 praebemus

571 1539 788 1605 gratias.
820 1556 937 1608 quae
966 1542 1122 1596 nobis
1148 1558 1175 1595 a
1212 1542 1321 1597 Deo
1353 1544 1491 1599 data:
1513 1553 1658 1606 sunt,
1695 1544 1860 1611 gratis
1895 1549 2136 1609 accepta,

572 1627 736 1694 gratis
788 1644 1001 1697 quoque
1052 1631 1178 1685 dare
1229 1633 1364 1699 jussi
1402 1635 1441 1689 '.
1495 1632 1600 1687 Sed
1658 1636 1745 1689 ubi
1796 1644 1896 1695 est,
1943 1628 2137 1701 inquit,

572 1716 716 1771 lilia?
744 1717 996 1774 FauStina
1035 1736 1215 1776 autem
1248 1740 1412 1795 quam
1448 1726 1619 1795 potuit
1664 1726 1942 1779 celerrime
1972 1724 2140 1777 currit

2248 556 2484 622 μεγάλαι
2538 553 2697 622 τιμαὶ
2739 548 2871 620 παρ’
2920 546 3077 627 ἡμῶν
3124 545 3217 596 καὶ
3268 541 3471 611 δωρεαὶ
3521 537 3625 609 τὴν
3655 538 3817 607 χάριν

2244 643 2588 711 ἀμείψονται.

2316 736 2442 790 ΚΒ¹.
2470 732 2655 787 Ταῦτα
2694 731 2831 800 μετὰ
2856 728 3050 797 πολλῆς
3081 726 3387 793 ὑπηγόρευε
3422 725 3523 791 τῆς
3570 737 3816 788 περιπα·

2244 826 2394 887 θείας
2430 842 2442 855 ·
2471 824 2750 892 ἕκαμπτον
2775 823 2883 889 γὰρ
2914 820 3081 885 αὐτὴν
3107 820 3160 870 αἱ
3187 817 3283 883 τῆς
3307 815 3524 880 φύσεως
3550 813 3820 877 ἀνάγκαι,

2244 919 2336 968 καὶ
2364 916 2554 986 βοηθὸν
2582 914 2797 966 ἐποίουν
2848 913 3051 964 ἐκεῖνον
3103 908 3380 976 ἐπιζητεῖν
3432 905 3492 956 ὂν
3526 904 3690 973 (κατὰ
3721 902 3807 951 τὶν

2243 1005 2384 1057 θεῖον
2416 1005 2580 1071 φάναι
2636 1000 2819 1067 Δαυῒδ)
2856 999 3060 1069 δωρεὰν
3095 999 3335 1067 ἐμίσουν,
3381 996 3477 1045 καὶ
3510 993 3587 1053 ὡς
3633 990 3811 1053 ἁλιτεθῆ

2243 1098 2565 1164 προσκυνεῖν
2589 1095 2687 1146 οὐκ
2720 1092 3011 1162 ἠνείχοντο.
3052 1090 3110 1141 ’0
3140 1089 3227 1151 δὲ,
3271 1086 3573 1138 Ἀπόδεκτα
3602 1084 3697 1147 μὲν
3743 1082 3809 1133 τὰ

2240 1191 2338 1258 τῆς
2372 1188 2761 1258 προαιρέσεως,
2794 1185 2919 1253 ἔφη,
2953 1184 3051 1251 τῆς
3082 1183 3177 1248 σῆς
3197 1196 3212 1211 ο
3241 1178 3379 1248 πλὴν
3399 1177 3577 1231 οὐδενὶ
3598 1174 3806 1226 τούτων

2241 1281 2399 1348 ἡμεῖς
2438 1279 2544 1331 τῶν
2578 1277 2707 1347 παρ’
2756 1278 2883 1346 ὑμῖν
2931 1274 3139 1344 τιμίων,
3189 1270 3453 1340 ἡδόμεθα,
3494 1268 3667 1319 παλαι
3715 1266 3812 1331 τὴν

2241 1371 2400 1437 κενὴν
2428 1370 2632 1436 ταύτην
2664 1366 3059 1424 διαπτύσαντες
3087 1361 3409 1430 φαντασίαν·
3444 1358 3626 1418 ἄλλως
3648 1373 3705 1407 τε
3738 1355 3813 1420 δὲ,

2241 1460 2359 1514 οὑδὲ
2381 1458 2682 1527 ἐμμίσθους
2722 1456 2818 1518 τὰς
2851 1454 3001 1523 παρὰ
3037 1452 3170 1505 Θεοῦ
3201 1450 3445 1511 δοθείσας
3472 1450 3607 1517 ἡμῖν
3640 1445 3811 1513 παρέ-

2242 1568 2405 1622 χομεν
2456 1550 2700 1620 χάριτας,
2734 1546 2943 1614 δωρεὰν
2977 1545 3253 1604 λαϐόντες,
3286 1542 3381 1594 καὶ
3413 1539 3632 1608 δωρεὰν
3679 1537 3812 1589 διδό-

2241 1662 2326 1697 ναι
2358 1640 2797 1709 κεκελευσμένοι.
2836 1637 2995 1690 Ἀλλὰ
3020 1635 3120 1688 ποῦ
3151 1651 3250 1699 σοι,
3274 1636 3438 1703 φησιν
3459 1634 3494 1701 ἡ
3526 1632 3812 1699 θυγάτηρ;

2241 1737 2351 1789 Καὶ
2382 1738 2414 1803 ἠ
2446 1734 2735 1797 Φαυστίνα,
2765 1730 2838 1792 ὠς
2869 1726 2979 1798 εἶχε
3006 1728 3220 1797 τάχους,
3244 1725 3404 1786 εὐθὺς
3436 1724 3520 1785 εἰς
3539 1723 3632 1774 τὸν
3660 1721 3813 1772 θάλα-

574 1809 623 1859 in
663 1808 980 1875 thalamum,
1015 1820 1068 1864 ct
1117 1824 1393 1881 acceptam
1439 1815 1599 1867 ﬁliam
1638 1813 1861 1867 attrahit
1903 1813 1969 1867 ad
2013 1828 2136 1866 san-

2246 1828 2346 1897 μόν
2371 1798 2426 1877 τὲ
2456 1824 2744 1893 εἰστρέχει,
2794 1823 2885 1875 καὶ
2934 1823 3030 1892 τῆς
3088 1818 3275 1880 παιῧὸς
3320 1816 3458 1885 αὐτὴ
3513 1814 3812 1883 λαϐομένη,

570 1909 715 1952 ctum
740 1916 898 1967 quam
944 1903 1175 1956 maximo
1220 1904 1409 1958 ardore
1454 1915 1508 1958 et
1559 1904 1739 1959 studio
1779 1904 1885 1958 dici
1940 1913 2133 1971 potest.

572 1989 808 2044 Puellam
864 2007 990 2047 vero
1044 1994 1354 2049 inhabitans
1404 1995 1855 2048 sceleratissimus
1903 1995 2136 2056 dmmou,

570 2097 692 2135 cum
724 2085 1059 2152 cognovisset
1097 2101 1154 2139 se
1194 2086 1257 2139 ad
1293 2102 1416 2140 eum
1451 2086 1667 2149 abduci.
1698 2103 1727 2139 a
1778 2102 1886 2156 quo
1934 2088 2137 2143 sciebat

570 2188 628 2225 se
659 2174 807 2241 prius
851 2175 1015 2230 fuisse
1070 2187 1404 2247 superatum,
1440 2178 1777 2247 discerpebat
1824 2180 2052 2248 puellam
2084 2190 2137 2233 et

568 2265 895 2334 dejiciebat:
954 2270 1164 2330 timere,
1218 2270 1552 2333 conturbari,
1603 2278 1854 2334 tremere,
1906 2271 2137 2339 caligare

570 2356 822 2410 faciebat.
853 2358 1057 2413 Deinde
1093 2361 1250 2413 etiam
1287 2376 1471 2413 vocem
1501 2376 1563 2413 ex
1609 2376 1673 2414 ea
1706 2361 2007 2424 emittebat,
2058 2361 2135 2414 di-

570 2456 783 2499 centem
816 2464 829 2499 :
866 2448 1025 2509 Ecce,
1076 2448 1291 2514 Aberci,
1324 2464 1422 2518 ego
1476 2457 1525 2500 te
1562 2448 1782 2501 Romam
1816 2448 1963 2510 duxi,
2001 2451 2137 2503 sicut

570 2553 689 2591 sum
740 2539 1026 2609 pollicitus.
1064 2540 1157 2594 Ille
1186 2549 1403 2595 autem:
1442 2540 1622 2601 Certe,
1661 2542 1875 2610 inquit:
1918 2542 2011 2595 sed
2046 2557 2138 2593 ne-

570 2646 837 2701 quaquam
888 2640 1172 2700 propterea
1218 2630 1496 2702 gaudebis.
1549 2630 1637 2685 Sic
1692 2631 1845 2695 dixit,
1900 2641 1953 2683 et
1983 2631 2137 2699 jubet

572 2720 805 2791 puellam
850 2723 971 2775 duci
1017 2722 1115 2776 sub
1166 2722 1274 2776 dio.
1326 2722 1493 2777 Ducta
1538 2733 1621 2777 est
1663 2738 1790 2792 ergo
1834 2723 2008 2792 puella
2042 2737 2138 2789 per

571 2812 1022 2882 Hippodromum,
1058 2829 1179 2868 cum
1227 2814 1568 2883 imperatoris
1589 2816 1843 2869 satellites
1875 2826 1927 2867 et
1958 2826 2140 2868 custo-

570 2908 666 2960 des
701 2908 873 2959 locum
911 2908 1067 2975 prius
1100 2918 1477 2975 occupassent.
1529 2907 1747 2960 Interim
1794 2915 1973 2958 autem
2012 2920 2137 2958 cum

571 2999 659 3052 ille
706 2997 996 3067 impudens
1038 3006 1093 3050 et
1139 2998 1433 3051 sceleratus
1468 2996 1675 3049 dtemon
1719 2995 2051 3063 discerperet
2084 3004 2138 3049 et

571 3090 830 3160 dejiceret
855 3090 1106 3160 puellam,
1136 3098 1190 3143 et
1220 3088 1353 3142 nihil
1391 3087 1536 3143 aliud
1582 3088 1837 3142 clamaret
1865 3087 1965 3140 nisi
1994 3086 2137 3156 quod

572 3185 745 3237 solum
784 3182 1117 3251 significabat
1148 3198 1204 3235 se
1249 3182 1469 3249 gloriari
1503 3190 1557 3234 et
1598 3182 1822 3248 jactare,
1866 3178 2007 3247 quod
2046 3192 2141 3246 per

572 3290 631 3329 se
655 3274 898 3328 duxisset
918 3288 1163 3328 sanetum
1197 3288 1291 3341 per
1319 3282 1525 3325 tantum
1558 3279 1713 3323 terr-.e
1741 3278 1795 3323 et
1826 3269 1987 3322 maris
2013 3284 2138 3336 spa-

554 3370 707 3445 tium
744 3380 755 3420 :
795 3366 1018 3421 sublatis
1077 3365 1128 3419 in
1187 3364 1381 3419 ccelum
1446 3363 1644 3430 oculis,
1689 3361 1969 3427 Abercius,
2015 3376 2137 3415 cum

573 3459 743 3512 Deum
778 3467 925 3511 esset
957 3467 1229 3524 precatus,
1269 3455 1499 3525 puellam
1533 3460 1729 3509 acriter
1765 3455 2021 3513 intuetur,
2059 3464 2134 3507 et:

571 3550 765 3612 Ahea,
822 3549 1014 3617 inquit,
1062 3550 1343 3617 egredere,
1397 3546 1627 3612 maligne
1681 3546 1914 3607 dromon,
1966 3544 2139 3611 ipsam

574 3640 709 3695 nihil
751 3641 1052 3695 oﬂ'endens.
1088 3638 1204 3690 Tibi
1249 3638 1350 3691 hoc
1392 3635 1547 3704 jubet
1595 3633 1843 3690 Christus
1890 3649 2057 3687 meus.
2087 3633 2137 3687 is

574 3745 723 3793 vero,
753 3730 968 3784 leonina
1016 3729 1100 3782 illa
1151 3729 1373 3784 audacia
1404 3728 1581 3779 statim
1630 3735 1834 3778 mutata
1873 3725 1927 3776 in
1960 3725 2136 3791 vulpis

576 3821 970 3877 timiditatem:
1024 3820 1228 3886 Adjuro
1276 3826 1325 3869 te
1377 3831 1475 3887 ego
1518 3830 1759 3885 quoque,
1809 3814 2005 3882 inquit,
2042 3828 2137 3884 per

571 3911 747 3981 ipsum
794 3913 1104 3977 Christum,
1159 3928 1225 3965 ne
1268 3928 1353 3967 me
1412 3912 1594 3967 mittas
1648 3913 1700 3965 in
1760 3912 2131 3973 solitudinem,

571 4020 747 4076 neque
784 4007 949 4061 ullum
981 4006 1143 4058 alium
1175 4005 1373 4065 locum,
1402 4004 1505 4056 nisi
1531 4004 1582 4055 in
1619 4019 1766 4066 emn,
1819 4002 1870 4055 in
1902 4018 2009 4071 quo
2041 4002 2139 4055 ha-

571 4100 828 4153 bitabant.
862 4097 1091 4148 Sanctus
1145 4104 1325 4148 autem
1361 4111 1374 4146 :
1414 4094 1602 4149 Abibis
1653 4094 1892 4164 quidem,
1938 4092 2131 4162 inquit,

569 4203 680 4244 non
719 4186 771 4240 in
820 4184 1187 4249 solitudinem,
1225 4182 1317 4237 sed
1366 4183 1416 4237 in
1445 4183 1619 4238 locum
1666 4192 1969 4252 paternum.
2006 4180 2133 4237 Pro-

570 4292 755 4351 pterea
791 4290 992 4342 autem,
1026 4279 1167 4347 quod
1200 4295 1285 4332 me
1311 4278 1489 4334 iecisti
1520 4278 1701 4330 videre
1737 4275 1982 4341 Romam,
2018 4277 2133 4345 ipse

567 4385 784 4439 quoque
821 4368 913 4421 tibi
960 4369 1128 4436 jubeo
1173 4368 1227 4419 in
1273 4367 1494 4420 nomine
1546 4365 1696 4426 Jesu,
1727 4374 1784 4418 ut
1813 4364 1952 4418 hanc
1983 4380 2131 4417 aram

2244 1918 2528 1984 ἐφέλκεται
2554 1920 2685 1989 πρὸς
2717 1919 2810 1969 τὸν
2841 1916 3019 1982 ἆγιον,
3045 1914 3164 1982 μεθ’
3194 1913 3327 1980 ὅστις
3361 1909 3428 1962 ἂν
3473 1907 3580 1975 τῆς
3617 1906 3815 1973 θερμό-

2244 2026 2401 2075 τητος
2432 2009 2604 2070 εῐποις
2641 2008 2735 2059 καὶ
2767 2008 2864 2075 τῆς
2889 2004 3146 2073 σπουδῆς.
3174 2003 3232 2055 '0
3261 2002 3449 2070 μέντοι
3482 1997 3727 2050 ἑποικῶν
3753 2000 3814 2064 τῇ

2243 2100 2397 2152 παιδὶ
2430 2099 2795 2167 πονηρότατος
2818 2096 3049 2164 δαίμων,
3075 2093 3199 2146 επεὶ
3242 2092 3379 2161 πρὸς
3410 2088 3580 2143 αὐτὸν
3610 2086 3815 2152 ἀπαγό-

2246 2209 2404 2260 μενος
2430 2192 2589 2257 ἔγνω,
2609 2182 2668 2241 οῦ
2694 2189 2787 2239 καὶ
2815 2187 3081 2253 πρότερον
3110 2183 3403 2251 ἐγίνωσκεν
3422 2179 3705 2250 ἡττηθεὶς,
3735 2179 3815 2229 ἑσ-

2244 2285 2488 2351 πὰραττε
2519 2282 2615 2347 τὴν
2646 2279 2831 2343 παῖδα,
2861 2275 3181 2337 κατέϐαλλε,
3209 2272 3815 2340 δεδοικέναι,ταρὰττεη

2247 2375 2392 2435 σθαι,
2418 2372 2659 2443 τρέμειν,
2690 2370 2929 2441 ίλιγγιᾷν
2967 2368 3159 2421 ἐποίει.
3191 2363 3322 2420 Εῐτα
3377 2367 3474 2418 καὶ
3537 2364 3725 2435 φωνὴν
3754 2366 3816 2415 ἐκ

2244 2465 2444 2532 ταύτης
2503 2464 2673 2533 ἠφίει,
2718 2462 2871 2523 Ἰδοὺ,
2937 2459 3211 2529 Ἀ6ἐρκιε,
3260 2458 3553 2525 λέγουσαν,
3607 2458 3707 2508 καὶ
3739 2458 3813 2514 είς

2254 2558 2471 2627 Ῥώμην
2505 2572 2562 2608 σε
2593 2557 2823 2623 ἤγαγον,
2854 2552 3040 2620 ὥσπερ
3078 2550 3187 2618 ἄρα
3214 2545 3643 2615 ἐπηγγειλάμην
3665 2585 3681 2608 ,
3709 2545 3737 2594 ὁ
3764 2543 3817 2593 δὲ

2242 2652 2367 2713 Ναὶ,
2399 2648 2583 2717 φησίν
2613 2646 2727 2700 ἀλλ’
2752 2644 2813 2695 οὐ
2851 2642 3132 2712 χαιρήσεις
3158 2637 3347 2689 τούτου
3381 2652 3445 2703 γε
3469 2637 3689 2687 ἕνεκεν.
3714 2632 3815 2687 0'3-

2244 2756 2347 2800 τως
2390 2738 2493 2803 ἔφη
2521 2736 2615 2787 καὶ
2648 2737 2746 2800 τὴν
2777 2732 2945 2801 κόρην
2997 2730 3077 2792 είς
3129 2727 3398 2798 ῦπαιθρον
3448 2724 3693 2795 ἀχθῆναι
3724 2739 3813 2776 κε-

2244 2831 2415 2883 λεύει.
2457 2826 2633 2896 Ἤχθη
2655 2820 2746 2879 οὖν
2775 2825 2876 2878 ἀνὰ
2891 2823 2981 2877 τὸν
3017 2822 3367 2891 Ἰππόδρομον
3388 2820 3422 2886 ἡ
3446 2821 3603 2882 παῖς,
3644 2818 3816 2870 ὐπασ-

2247 2922 2453 2975 πιστῶν
2486 2937 2545 2972 τε
2578 2915 2875 2988 βασιλικῶν
2909 2915 3172 2985 πρότερον
3200 2914 3293 2964 καὶ
3317 2911 3575 2981 φρουρῶν
3598 2909 3697 2960 τὸν
3726 2907 3810 2960 τι.

2244 3032 2344 3069 πον
2367 3011 2753 3077 διαλαδόντων,
2776 3011 2835 3062 ὲν
2869 3007 3045 3075 τούτῳ
3075 3005 3130 3056 δὲ
3171 3003 3262 3055 τοῦ
3306 2999 3562 3062 ἁναιδοῦς
3607 2999 3814 3051 ἐκείνου

2246 3106 2339 3157 καὶ
2374 3102 2571 3171 μιαροῦ
2611 3099 2884 3168 δαίμονος,
2903 3092 3309 3164 σπαράττοντός
3332 3108 3391 3143 τε
3416 3091 3511 3143 καὶ
3545 3088 3811 3143 καταϐάλ-

2243 3196 2428 3256 λοντος
2457 3194 2556 3261 τὴν
2612 3190 2814 3260 κόρην,
2845 3188 2938 3241 καὶ
2985 3186 3136 3240 οὐδὲν
3183 3183 3309 3240 ἄλλο
3350 3182 3590 3252 βοῶντος
3624 3182 3707 3234 ὅτι
3742 3181 3811 3248 μὴ

2243 3286 2309 3341 τὰ
2346 3285 2517 3357 ὀφρὺν
2550 3283 2645 3337 καὶ
2680 3282 2891 3351 κόμπον
2940 3278 3206 3348 δηλοῦντα
3258 3276 3441 3345 μόνον,
3498 3274 3591 3344 ἐφ’
3623 3268 3669 3342 ᾧ
3724 3275 3808 3326 τὸν

2243 3381 2396 3448 ἅγιον
2429 3377 2699 3438 τοσαύτην
2730 3373 3006 3429 θάλασσάν
3035 3388 3096 3423 τε
3131 3370 3225 3423 καὶ
3254 3370 3355 3438 γῆν
3384 3368 3453 3421 δι’
3477 3368 3648 3420 αὐτὸν
3682 3368 3814 3435 ἀγὲ-

2242 3472 2449 3539 γοι,τ)›
2474 3469 2629 3535 ὄμμα
2656 3469 2734 3527 είς
2778 3466 3039 3533 οὐρανοὺς
3112 3461 3319 3529 ἐπάρας
3378 3458 3669 3526 ’Δεέρκιος
3728 3457 3815 3509 καὶ

2242 3559 2680 3633 προσευξάμενος
2709 3555 2786 3627 τῷ
2819 3554 2957 3625 Θεῷ,
2983 3551 3145 3623 δριμὺ
3176 3567 3233 3603 τε
3256 3552 3321 3620 τῇ
3355 3548 3493 3618 κόρη
3526 3548 3813 3615 ἐμϐλέπει,

2242 3658 2335 3707 καὶ
2357 3652 2600 3720 Ἔξελθε,
2624 3652 2774 3722 φησὶ,
2794 3647 3021 3717 ταύτης,
3040 3643 3243 3715 πονηρὲ
3259 3644 3476 3712 δαῖμον.
3496 3640 3813 3694 Ἐπιτάσσει

2241 3762 2322 3797 σοι
2358 3743 2592 3814 Χριστὸς
2617 3746 2643 3795 ὁ
2670 3745 2824 3811 ὲμδς,
2862 3739 3028 3811 μηδὲν
3076 3736 3247 3807 αὐτὴν
3306 3734 3718 3804 λυμηνάμενος.
3755 3727 3811 3781 ’0

2237 3838 2293 3892 δὲ
2322 3836 2482 3898 εὐθὺς
2513 3836 2573 3888 τὸ
2600 3833 2863 3886 λεόντειον
2896 3832 3072 3885 ἐκεῖνο
3096 3829 3296 3899 θράσος
3326 3827 3406 3887 είς
3434 3825 3650 3880 δειλίαν
3677 3822 3811 3897 ἀλώ-

2239 3944 2403 3987 πεκος
2440 3912 2888 3994 μεταὸεὸληκὼς,
2930 3920 3164 3990 Ὁρκίζω
3211 3934 3272 3970 σε
3300 3914 3631 3986 κάγὼ,εφη,
3676 3916 3814 3969 κατὰ

2238 4018 2329 4071 τοῦ
2359 4014 2524 4070 αὐτοῦ
2558 4008 2821 4083 Χριστοῦ,
2849 4011 2924 4081 μὴ
2954 4013 3034 4071 είς
3066 4008 3307 4077 ἐρημίαν
3334 4023 3423 4075 με,
3456 4006 3533 4075 μὴ
3565 4008 3645 4068 εἰς
3691 4008 3810 4058 ’ἑτε-

2239 4126 2332 4180 ρον
2364 4105 2689 4174 ἀποπέμψαι
2720 4099 3060 4156 τόπον-ἀλλ’
3108 4098 3237 4151 ἔνθα
3285 4097 3349 4168 δὴ
3400 4098 3496 4148 καὶ
3548 4097 3813 4168 πρότερον

2235 4200 2433 4270 ᾤκουν.
2459 4198 2567 4253 Καὶ
2600 4196 2689 4249 τὸν
2721 4194 2876 4263 ἆγιον
2898 4210 2912 4224 ’
2951 4188 3254 4259 Ἀπελεύσῃ
3308 4188 3407 4259 μὲν
3438 4187 3541 4241 οὐκ
3568 4190 3649 4247 εἰς
3688 4190 3813 4256 ἐρη-

2239 4292 2389 4360 μίαν,
2420 4288 2532 4341 ἀλλ’
2563 4289 2643 4347 εἰς
2691 4286 2782 4337 τὸν
2837 4285 3002 4337 τόπον
3056 4282 3147 4334 τὸν
3182 4282 3473 4348 πατρικόν.
3515 4277 3662 4332 Ἀνθ⁹
3691 4277 3812 4329 ὅτου

2235 4380 2292 4433 δέ
2319 4395 2383 4447 με
2418 4378 2513 4431 καὶ
2537 4376 2634 4447 τὴν
2671 4375 2898 4443 Ῥώμην
2925 4373 3054 4425 ἰδεῖν
3088 4371 3374 4435 ἐποίησας,
3408 4369 3688 4420 ὲπιτάττω
3730 4385 3808 4419 σοι

571 4465 745 4527 tollas,
777 4464 845 4533 (ei
872 4477 1033 4516 manu
1064 4461 1355 4517 ostendens
1383 4475 1527 4515 aram
1576 4440 1862 4529 lapideam)
1909 4468 1963 4514 et
1994 4459 2135 4515 feras

2242 4440 2332 4521 xui
2363 4467 2524 4530 αὐτὸς
2557 4440 2718 4519 παλιν
2751 4440 2808 4516 ἐν
2966 4459 3189 4528 ὀνόματι
3229 4457 3407 4528 Ἰησοῦ
3471 4458 3566 4509 τὸν
3630 4456 3812 4526 βωμὸν

569 4573 740 4626 usque
793 4556 858 4611 ad
928 4570 1101 4609 meam
1151 4553 1474 4623 Hierapolim
1529 4561 1586 4607 et
1649 4562 1855 4607 statuas
1916 4562 2136 4621 propter

569 4656 778 4715 portam
823 4646 1142 4698 australem.
1179 4643 1400 4697 Audivit
1430 4642 1662 4697 daemon.
1705 4649 1761 4693 et
1807 4641 1986 4693 statim
2016 4650 2133 4695 tan-

566 4752 726 4806 quam
758 4750 967 4795 servus,
992 4734 1082 4803 qui
1114 4732 1363 4789 terrribili
1388 4732 1606 4786 domino
1638 4731 1825 4787 didicit
1857 4730 2050 4786 cedere
2078 4731 2132 4783 in

568 4829 840 4887 omnibus,
875 4828 1079 4881 recedit
1122 4826 1337 4894 quidem
1369 4840 1398 4878 a
1425 4825 1621 4893 puella,
1666 4825 1799 4878 nihil
1831 4825 1879 4878 ei
1911 4822 2135 4880 omnino

567 4918 691 4971 mali
721 4916 946 4971 faciens.
976 4916 1182 4970 Deinde
1213 4915 1694 4969 innumerabilibus
1736 4915 1909 4969 Ot'tllis
1950 4913 2135 4967 viden-

568 5010 713 5064 tibus
768 5010 838 5079 (ο
886 5000 1005 5077 quis
1053 5017 1142 5061 tua
1196 5006 1374 5060 omnia
1422 5020 1530 5057 non
1591 5005 1981 5063 admirabitur.
2041 5018 2135 5056 rex

566 5098 838 5165 Christe?)
871 5113 1018 5153 aram
1049 5096 1210 5157 subit,
1239 5107 1293 5149 et
1338 5095 1474 5147 tollit
1524 5094 1757 5162 graviter
1800 5108 2044 5163 gemens,
2082 5101 2135 5145 et

571 5192 762 5249 transit
792 5206 886 5259 per
939 5188 1171 5241 medium
1208 5185 1656 5253 Hippodromum,
1700 5183 1862 5251 (quod
1916 5185 2132 5253 quidem

568 5282 741 5333 visum
779 5289 859 5333 est
887 5292 1085 5331 novum
1115 5272 1374 5327 Romanis
1400 5273 1793 5343 spectaculum)
1830 5286 1879 5328 et
1908 5274 2133 5345 deponit

567 5371 837 5441 Hierapoli
870 5370 921 5429 in
957 5371 1072 5424 loco
1098 5368 1425 5438 praestituto.

641 5705 661 5738 ⁸
687 5704 826 5761 i‘sal.
862 5722 1045 5773 ιλνιιι,
1078 5707 1128 5762 ὅ.
1210 5709 1226 5738 ⁶
1257 5706 1445 5763 Matth.
1487 5726 1537 5775 χ,
1568 5709 1620 5764 8.

2237 4560 2423 4613 τοῦτον
2456 4554 2587 4629 ἆραι
2639 4556 2840 4627 (δείξας
2870 4551 3018 4622 αὐτῷ
3060 4552 3123 4621 τῇ
3171 4550 3315 4621 χειρὶ
3356 4547 3540 4618 βωμὸν
3584 4546 3807 4611 λίθινον)

2241 4652 2406 4721 μέχρι
2436 4668 2496 4704 τε
2536 4648 2891 4718 Ἰεραπόλεως
2922 4646 3022 4714 τῆς
3056 4643 3197 4713 ὲμῆς
3226 4643 3500 4711 ἐνεγκεῖν,
3528 4640 3625 4692 καὶ
3660 4641 3810 4707 παρὰ

2238 4748 2302 4814 τῇ
2363 4745 2524 4813 νοτίῳ
2587 4743 2809 4811 φέροντι
2861 4737 3216 4808 παραστῆσαι
3267 4733 3735 4803 πύλῃ.ἰικουσεν
3774 4734 3799 4783 ὁ

2237 4835 2465 4904 δαίμων,
2489 4832 2583 4886 καὶ
2598 4831 2759 4895 εὐθὺς
2790 4824 2877 4882 οἷα
2902 4828 3087 4889 δοῦλος
3116 4823 3335 4895 φοσερῷ
3364 4823 3606 4895 δεσπότῃ
3632 4826 3805 4877 πάντα

2237 4926 2480 4978 ὑπείκειν
2499 4923 2927 4991 πεπαιδευμένος
2949 4917 3352 4972 ἀπαλλάττεται
3380 4916 3480 4987 μὲν
3499 4918 3595 4985 τῆς
3615 4916 3802 4984 κόρης,

2238 5022 2359 5092 μηδ’
2411 5019 2587 5074 ὁτιοῦν
2661 5016 2829 5086 αὐτὴν
2888 5014 3089 5083 δράσας
3143 5012 3336 5064 κακόν.
3393 5005 3528 5062 Εἶτα
3594 5008 3801 5078 μυρίων

2232 5114 2484 5185 δρώντων
2524 5109 2787 5181 ὀμμάτων
2822 5105 2889 5177 (ὣ
2917 5106 2999 5168 τίς
3037 5105 3110 5175 μὴ
3146 5103 3418 5173 θαυμάσει
3464 5118 3557 5154 σου
3600 5104 3800 5165 πάντα,

2234 5205 2435 5276 Χριστὲ
2461 5200 2680 5275 βασιλεῦ
2703 5206 2740 5268 ;)
2773 5200 3073 5270 ὑπέρχεται
3126 5196 3218 5248 τὸν
3261 5194 3445 5264 βωμὸν
3502 5194 3596 5247 καὶ
3649 5195 3798 5245 ἀναι-

2236 5300 2429 5366 ρεῖται,
2457 5296 2595 5364 βαρὺ
2630 5291 2908 5356 στενάξας,
2938 5290 3031 5343 καὶ
3053 5288 3218 5341 δίεισε
3254 5287 3343 5339 διὰ
3391 5286 3487 5339 τοῦ
3528 5285 3800 5353 Ἱπποδρο-

2240 5406 2340 5459 μου
2360 5388 2564 5457 (καινὸν
2603 5386 2666 5455 δὴ
2712 5384 2871 5437 τοῦτο
2920 5383 3101 5451 θέαμα
3172 5379 3523 5448 Ῥωμαίοις),
3587 5383 3679 5429 καὶ
3727 5376 3799 5445 τῷ

2234 5481 2523 5553 ὡρισμένῳ
2549 5481 2729 5549 φέρων
2760 5475 3104 5543 ἐναποτίθησι
3144 5475 3291 5541 τόπῳ
3314 5474 3457 5525 κατὰ
3501 5472 3599 5543 τὴν
3644 5469 3798 5541 Ἱερα-

2234 5574 2405 5630 πολιν.
