3990 6448
261 389 394 453 1241

1571 383 1744 446 νιῑΑ
1789 385 1851 444 S.
1891 381 2220 454 ABERCH.

3379 373 3513 434 1242

336 504 460 558 Kl“.
492 505 557 556 Ἡ
581 502 635 556 δέ
661 503 792 573 κόρη
814 501 908 556 τοῦ
943 501 1285 572 ἐνοχλοῦντος
1331 500 1707 566 ἀπαλλαγεῖσα
1733 495 1839 548 δαί-

2019 494 2206 550 XXIII.
2244 494 2424 549 Puella
2457 502 2637 546 autem
2673 493 2895 546 liberata
2921 505 2948 544 a
2980 489 3243 552 diemone,
3270 489 3358 557 qni
3391 505 3511 542 eam

262 614 446 667 μονος,
476 597 687 664 ἄφωνος
721 596 813 647 ἐπὶ
845 596 1014 649 πολὺν
1061 598 1252 664 χρόνον
1293 596 1402 648 τῶν
1452 594 1626 646 ποδῶν
1659 593 1835 660 εἴχετο

256 687 358 740 τοῦ
390 687 548 753 ἁγίου
572 703 586 718 ·
630 687 657 738 ὃ
701 687 797 740 καὶ
818 688 1058 766 μάλιστα
1087 687 1184 756 τὴν
1220 688 1430 756 μητέρα
1459 687 1551 738 καὶ
1587 686 1711 747 τοὺς
1741 701 1836 734 παι

261 779 462 845 ρόντας
525 778 798 849 ἐθορύϐει,
853 779 1161 840 δεδοικότας
1199 779 1273 848 μὴ
1310 781 1404 832 καὶ
1448 778 1545 847 τὴν
1592 777 1770 845 ψυχὴν
1809 777 1836 827 ὁ

257 871 475 940 δαίμων
499 872 750 939 ἀφείλετο
791 875 889 940 τῆς
920 872 1125 934 παιδός.
1157 872 1270 940 Τὴν
1314 871 1496 939 μέντοι
1531 867 1835 922 Φαυστίναν

262 964 343 1032 μὴ
369 961 663 1034 δυνηθῆναι
703 967 876 1032 σιωπῇ
909 963 1069 1015 τοῦτο
1109 964 1404 1032 διενεγκεῖν
1431 1005 1444 1028 ,
1469 962 1603 1014 ἀλλὰ
1630 980 1694 1031 με
1708 961 1835 1030 στὴν

259 1055 504 1121 ἀγωνίας
527 1056 754 1125 ἔχουσαν
783 1055 880 1124 τὴν
912 1057 1159 1125 καρδίαν,
1180 1057 1316 1125 πρὸς
1339 1055 1427 1107 τὸν
1459 1054 1612 1122 ἅγιον
1635 1056 1800 1123 φάναι
1817 1069 1830 1082 ’

259 1142 341 1198 Ἦ
369 1164 471 1199 που
505 1147 642 1215 μετὰ
677 1147 770 1198 τοῦ
829 1148 1094 1216 δαίμονος
1147 1147 1462 1216 ἀπήλλαξας
1510 1147 1608 1212 τὴν
1667 1145 1834 1196 παῖδα

259 1239 360 1290 καὶ
395 1238 494 1305 τῆς
531 1239 694 1306 ζωῆς.
743 1238 804 1289 '0
833 1238 887 1290 δὲ
915 1239 1087 1301 οὕτως
1114 1241 1282 1309 αὐτὴν
1303 1239 1652 1307 διακειμένην
1686 1237 1833 1302 ἰδὼν,

260 1330 359 1380 καὶ
397 1329 694 1396 οίκτείρας,
718 1329 816 1400 τὴν
847 1332 1001 1399 χεῖρα
1030 1333 1094 1400 τῇ
1130 1331 1281 1383 παιδὶ
1312 1333 1622 1398 προτείνας,
1644 1330 1834 1400 ὥσπερ

259 1422 370 1472 ὑπὸ
409 1418 564 1488 βαθεί
591 1421 742 1491 ὕπνῳ
792 1423 1258 1492 κατειλημμένην,
1312 1425 1590 1491 νήφουσαν
1632 1425 1837 1494 ἐγείρει

259 1515 359 1563 καί
398 1513 800 1581 σωφρονοῦσαν,
831 1517 922 1566 καὶ
956 1515 1089 1583 πρὸς
1119 1515 1218 1584 τὴν
1246 1515 1550 1569 Φαυστίναν
1573 1517 1834 1585 ἐπιστρα-

260 1603 421 1670 φεὶς,
472 1605 627 1669 Ἰδοὺ,
676 1608 832 1675 φησι,
861 1608 1177 1676 παρέστηκε
1212 1625 1292 1659 σοι
1333 1609 1365 1675 ἠ
1397 1611 1544 1674 παῖς,
1564 1607 1686 1661 οὔτε
1739 1610 1836 1678 τῆς

259 1695 413 1764 ζωῆς
449 1697 793 1768 στερηθεῖσα,
839 1701 931 1750 καὶ
979 1699 1075 1769 τῆς
1115 1699 1209 1752 τοῦ
1262 1699 1512 1770 δαίμονος
1573 1704 1836 1772 ἐπηρείας

258 1787 661 1855 ἀπαλλαγεῖσα.
697 1787 785 1852 Ὠς
822 1785 913 1843 οὖν
943 1788 1085 1842 οὕτω
1114 1791 1208 1857 τὴν
1233 1793 1396 1844 παῖδα
1423 1795 1454 1862 ἡ
1491 1794 1672 1864 μήτηρ
1707 1788 1836 1855 εἶδε,

259 1898 329 1932 πε
343 1882 642 1951 ριϐαλοῦσα
678 1884 912 1952 ταύτην,
938 1886 1034 1937 καὶ
1064 1886 1274 1956 δάκρυα
1304 1888 1479 1956 χαρᾶς
1511 1888 1646 1957 αὐτῇ
1676 1903 1840 1939 κατα-

257 1973 458 2042 χέασα,
519 1975 752 2045 παρειάν
788 1991 844 2026 τε
886 1979 1094 2047 παρειᾷ
1146 1978 1409 2040 ἐπετίθει,
1466 1978 1558 2028 καὶ
1611 1977 1838 2046 στόματι

260 2064 461 2132 στόμα.
491 2065 643 2133 χερσί
673 2082 730 2116 τε
771 2066 1025 2119 ἐνέϐαλλε
1065 2068 1274 2137 χεῖρας,
1303 2068 1396 2120 καὶ
1450 2067 1636 2135 ὥσπερ
1690 2065 1838 2117 ἔνδον

257 2156 447 2208 λαϐεῖν
471 2157 567 2208 καὶ
602 2161 782 2228 γυμνῇ
826 2159 963 2229 αὐτῇ
1001 2160 1360 2227 συγγενέσθαι
1392 2162 1457 2228 τῇ
1483 2160 1627 2228 ψυχῇ
1655 2159 1839 2228 γλιχο-

261 2247 429 2315 μὲνῃ,
454 2249 550 2298 οὐκ
577 2244 722 2317 εἶχεν
754 2250 782 2301 ὅ
820 2267 871 2301 τι
906 2251 998 2302 καὶ
1027 2254 1258 2318 γένοιτο.
1297 2251 1513 2321 Ἐπειδὴ
1543 2251 1599 2303 δέ
1638 2250 1840 2312 ἱκανῶς

260 2339 401 2407 αὐτῇ
436 2338 533 2408 ἤδη
563 2340 630 2392 τὰ
664 2342 798 2408 πρὸς
831 2344 930 2412 τὴν
961 2343 1124 2394 παῖδα
1164 2339 1330 2411 εἶχεν,
1360 2345 1512 2413 ἠξίου
1563 2344 1654 2398 τὸν
1699 2344 1841 2396 θεῖον

274 2433 558 2502 Ἀῢέρκιον
614 2435 923 2504 θερμότατα
977 2437 1096 2489 λίαν
1153 2438 1426 2508 ὴβασιλις
1463 2441 1538 2508 μὴ
1574 2441 1842 2510 παραιτή-

261 2525 463 2581 σασθαι
495 2527 625 2594 παρ’
654 2529 868 2596 ἐκείνης
902 2529 1086 2582 λαϐεῖν
1117 2531 1372 2601 ἀμοιϐὴν,
1403 2528 1546 2605 ᾗτινι
1598 2534 1841 2601 μεγάλης

258 2617 437 2681 οὕτως
467 2620 627 2684 αὐτὸς
659 2622 754 2674 καὶ
795 2624 1108 2690 ἀναγκαίας
1151 2625 1361 2693 ὑπῆρξε
1421 2625 1666 2694 χάριτος.
1697 2623 1756 2678 '0
1783 2625 1839 2676 δὲ

259 2713 562 2779 χρημάτων
599 2713 698 2781 μὲν
727 2715 846 2766 οὐδὲ
890 2717 1112 2784 μνήμην
1154 2717 1396 2787 ἀτεχνῶς
1439 2718 1694 2786 ἠνέσχετο
1720 2759 1732 2781 ,
1763 2718 1841 2769 εί-

265 2799 451 2870 ρηκὼς
502 2803 584 2854 ὅτι
625 2804 689 2856 Τί
725 2805 906 2873 δεήσοι
935 2809 1236 2875 χρημάτων
1294 2802 1446 2880 ᾧπερ
1525 2808 1689 2879 ἄρτος
1751 2811 1842 2861 καὶ

262 2893 409 2961 ὕδωρ
468 2892 756 2956 πολυτελὲς
811 2894 1070 2963 ἄριστον;
1121 2898 1546 2967 οἰκοδομηθῆναι
1581 2902 1636 2952 δὲ
1673 2901 1838 2969 βαλα-

260 2986 405 3036 νεῖον
430 2986 569 3037 αίτεί
601 2985 694 3037 ἐπὶ
725 2985 800 3055 τῷ
833 2987 984 3056 παρὰ
1016 2989 1262 3056 ποταμὸν
1292 2989 1470 3057 ἀγρῷ,
1494 2989 1622 3042 ἔνθα
1653 2990 1840 3052 κλίνας

261 3078 427 3140 αὐτὸς
459 3079 525 3131 τὰ
579 3078 780 3144 γόνατα
822 3078 1048 3149 ηὔξατο,
1083 3084 1176 3135 καὶ
1213 3083 1245 3152 ὴ
1279 3082 1352 3152 γῆ
1411 3083 1594 3153 πηγὰς
1631 3070 1840 3136 ὑδάτων

1940 589 2182 651 vexabat,
2221 599 2362 642 muta
2395 588 2552 657 longo
2586 596 2826 654 tempore
2876 583 3052 638 tenuit
3095 582 3262 635 sancti
3301 583 3508 650 pedes:

1938 682 2078 749 quod
2113 691 2359 744 matrem,
2398 691 2449 734 et
2500 695 2613 743 eos,
2673 678 2761 747 qui
2807 677 3052 738 aderant,
3106 674 3336 728 maxime
3379 688 3514 727 con-

1940 769 2210 833 turbabat,
2256 770 2510 822 timentes
2563 783 2631 821 ne
2684 766 2876 836 puellae
2925 765 3159 818 animam
3197 763 3514 818 abstulisset

1939 862 2168 914 dannon.
2211 858 2468 913 Faustina
2521 869 2702 912 autem
2757 871 2863 910 non
2897 856 3075 925 potuit
3122 855 3224 910 hoc
3261 855 3401 909 ferre
3439 853 3513 906 si-

1940 949 2104 1010 lentio
2136 970 2146 1003 :
2180 951 2270 1004 sed
2305 951 2508 1004 habens
2539 965 2632 1002 cor
2674 950 2892 1013 plenum
2948 947 3178 1001 tristitia
3224 956 3278 999 et
3313 959 3514 1013 angore

1939 1045 2128 1102 animi.
2178 1044 2314 1097 dixit
2385 1038 2807 1097 sancto:Certe
2870 1055 2993 1093 cum
3051 1039 3295 1093 dmmone
3349 1036 3511 1088 vitam

1939 1153 2150 1206 quoque
2184 1134 2431 1188 adeniisti
2467 1135 2607 1188 ﬁliae.
2639 1133 2733 1187 lllc
2761 1143 2939 1185 autem
2975 1148 3098 1185 cum
3129 1147 3248 1184 eam
3289 1131 3515 1184 vidisset

1941 1230 2024 1283 sic
2057 1227 2326 1289 allectum,
2357 1226 2548 1293 etejus
2582 1235 2729 1279 esset
2765 1223 3257 1292 misertus,pnellae
3294 1237 3514 1276 manum

1943 1322 2219 1392 praebens,
2273 1329 2526 1387 tanquam
2601 1317 2870 1386 profundo
2929 1329 3121 1369 somno
3174 1327 3512 1381 Oppressum,

1940 1428 2059 1467 eam
2092 1411 2220 1466 facit
2241 1425 2462 1478 surgere
2498 1425 2642 1463 sana:
2685 1407 2882 1461 mentis
2912 1418 3236 1474 compotem.
3279 1405 3346 1458 Et
3388 1420 3518 1456 con-

1941 1521 2133 1561 versus
2178 1505 2244 1559 ad
2302 1503 2663 1558 Faustinam:
2725 1500 2886 1557 Ecce.
2949 1499 3162 1567 inquit,
3220 1497 3371 1550 adest
3424 1497 3513 1548 tibi

1941 1598 2123 1670 puella
2156 1612 2331 1666 neque
2355 1596 2459 1648 vita
2487 1595 2715 1664 privata,
2754 1601 2807 1645 et
2834 1591 2999 1644 libera
3034 1590 3100 1643 ab
3137 1590 3342 1644 insultu
3408 1587 3517 1641 dae-

1943 1692 2139 1746 monis.
2167 1688 2458 1758 Postquam
2491 1701 2622 1755 ergo
2658 1694 2829 1737 mater
2859 1683 2938 1736 sic
2987 1682 3118 1735 vidit
3171 1681 3361 1743 ﬁliam,
3393 1694 3514 1733 eam

1946 1785 2246 1855 complexa,
2275 1791 2330 1836 et
2368 1795 2477 1852 pra:
2506 1780 2701 1851 gaudio
2737 1778 2971 1832 fundens
3000 1775 3287 1845 lacrymas,
3323 1758 3514 1841 genam

1943 1891 2090 1948 genae
2118 1874 2400 1944 imposuit,
2430 1883 2484 1926 et
2514 1887 2575 1926 os
2610 1871 2714 1931 ori,
2762 1876 2816 1922 et
2847 1866 3096 1921 manibus
3141 1880 3335 1918 manus
3383 1879 3515 1918 con-

1942 1968 2128 2026 seruit.
2162 1975 2216 2020 et
2257 1965 2420 2019 veluti
2470 1963 2698 2030 cupiens
2751 1975 2871 2015 eam
2930 1958 3259 2012 intrinsecus
3319 1971 3516 2024 appre-

1943 2059 2203 2120 hendere,
2232 2066 2286 2111 et
2314 2070 2436 2109 cum
2465 2054 2609 2108 nuda
2649 2051 2762 2122 ipsa
2795 2048 3050 2120 congredi
3080 2049 3277 2108 anima,
3305 2047 3516 2100 nescie-

1942 2154 2032 2209 bat
2080 2153 2208 2220 quid
2266 2160 2474 2220 ageret.
2531 2150 2668 2203 Cum
2702 2157 2882 2203 autem
2917 2144 3096 2215 puella
3141 2143 3362 2212 quidem
3405 2143 3516 2211 jam

1943 2254 2090 2299 recte
2125 2257 2182 2296 se
2222 2241 2470 2304 haberet,
2511 2239 2758 2294 divinum
2806 2235 3097 2290 Abercium
3149 2234 3519 2288 vehementis-

1943 2339 2078 2391 sime
2110 2335 2319 2404 rogavit
2346 2329 2684 2400 imperatrix,
2721 2343 2791 2382 ne
2831 2335 3117 2382 recusaret
3146 2324 3214 2379 ab
3258 2341 3320 2380 ea
3374 2324 3520 2378 acci-

1942 2442 2073 2497 pere
2124 2422 2643 2484 remunerationem,
2691 2420 2778 2474 cui
2809 2419 2926 2488 ipse
2959 2418 3060 2472 fitit
3099 2432 3263 2473 causa
3313 2432 3521 2486 magna:

1942 2529 1996 2573 et
2026 2515 2344 2571 necessariae
2375 2515 2584 2585 gratiae.
2614 2512 2708 2566 llle
2758 2521 2940 2565 autem
2979 2509 3228 2580 pecunize
3259 2525 3326 2563 ne
3359 2509 3519 2564 susﬁ-

1942 2614 2060 2666 nuit
2091 2611 2310 2680 quidem
2360 2609 2521 2662 ullam
2564 2607 2679 2661 ﬁeri
2720 2607 3074 2669 mentionem,
3109 2605 3336 2658 dicens:
3375 2603 3513 2667 Quid

1943 2706 1990 2760 ei
2021 2720 2156 2772 opus
2183 2701 2346 2755 fuerit
2375 2700 2638 2771 pecuniis,
2672 2698 2759 2752 cui
2802 2697 2954 2766 panis
2994 2706 3050 2751 et
3097 2711 3232 2766 aqua
3272 2707 3354 2751 est
3402 2696 3519 2748 lau-

1945 2808 2056 2852 tum
2107 2805 2161 2850 et
2212 2795 2554 2866 magniﬁcum
2610 2790 2937 2861 prandium?
3011 2787 3153 2843 Petit
3207 2795 3409 2851 autem,
3462 2797 3524 2842 ut.

1945 2905 2112 2960 prope
2146 2885 2473 2955 Hierapolim
2508 2891 2818 2936 exstruatur
2852 2880 3104 2933 balneum
3142 2879 3197 2932 in
3231 2895 3382 2950 agro,
3429 2879 3524 2946 qui

1943 2993 2026 3036 est
2059 2991 2278 3050 propter
2311 2978 2562 3039 fluvium,
2599 2974 2688 3028 ubi
2715 2974 2831 3043 ipse
2864 2973 3037 3026 oravit
3069 2970 3220 3026 ﬂexis
3269 2972 3520 3043 genibus,

1942 3080 1996 3123 et
2043 3080 2185 3122 terra
2231 3067 2414 3121 emisit
2450 3063 2628 3118 fontes
2675 3075 2939 3129 aquarum
2972 3059 3315 3122 calidarum;
3366 3071 3422 3114 et
3466 3069 3525 3114 ut

261 3171 434 3240 ἀνῆκε
471 3171 690 3238 θερμῶν
715 3187 728 3200 ⁸
761 3174 1071 3240 σιτηρέσιόν
1097 3192 1156 3227 τε
1193 3149 1305 3236 τοῖς
1333 3149 1390 3229 ἐν
1425 3149 1684 3245 τῇπόλει
1741 3178 1836 3228 αὺ-

1947 3159 2224 3222 mendicis,
2277 3159 2369 3226 qui
2418 3163 2575 3209 erant
2616 3152 2670 3205 in
2717 3165 2780 3203 ea
2829 3150 3071 3214 civitate,
3118 3149 3386 3204 darentur
3441 3159 3525 3204 ter

251 3254 360 3314 ¹τοῦ
411 3266 646 3333 πτωχοῖς
705 3265 784 3325 εἰς
846 3263 1176 3334 τρισχιλίους
1221 3267 1435 3334 μοδίους
1470 3269 1832 3337 ἁποταγῆναι.

336 3357 462 3407 KA'.
493 3357 711 3408 Τούτων
746 3357 777 3425 ἡ
814 3356 1026 3425 βασιλὶς
1065 3359 1180 3426 ἅμα
1205 3376 1263 3409 τε
1297 3360 1522 3430 ⁸ἤκουσε,
1549 3361 1642 3412 καὶ
1668 3359 1838 3430 ἀσμέ-

260 3466 369 3512 νως
402 3449 638 3518 ἁρπάζει
661 3447 720 3501 τὸ
748 3448 990 3521 αἰτηθὲν.
1021 3449 1386 3521 Κορνηλιανόν
1422 3468 1481 3504 τε
1516 3452 1608 3504 τὸν
1662 3452 1837 3523 ἐπαρ-

259 3542 461 3610 χοιίώς
503 3541 663 3611 τάχος
695 3544 1209 3611 μετακαλεῖταικαὶ
1233 3545 1469 3614 σπουδὴν
1505 3545 1685 3597 πᾶσαν
1714 3546 1835 3597 είσ-

261 3637 507 3702 σνεγκεῖν
541 3637 674 3704 πρὸς
702 3636 768 3686 τὰ
788 3634 1075 3702 αἰτηθέντα
1098 3634 1334 3699 κελεύει,
1356 3635 1495 3688 ὥστε
1529 3636 1604 3705 μὴ
1632 3637 1841 3706 ἀμϐλῦ-

261 3743 355 3777 ναι
383 3725 480 3794 τὴν
510 3726 670 3794 χάριν
696 3725 805 3776 τῶν
834 3724 1043 3795 ταχέως
1092 3725 1500 3796 ὑποσχεθέντων
1547 3725 1842 3798 βραδυτῆτι

260 3817 562 3880 διακονίας.
588 3816 742 3871 Οὕτω
791 3817 949 3884 φύσει
1001 3817 1095 3870 καὶ
1153 3819 1316 3872 πάθει
1339 3822 1517 3889 ψυχῆς
1549 3821 1596 3872 οί
1628 3820 1842 3888 ἄνθρω-

261 3925 359 3962 ποι
389 3911 499 3971 τοῖς
527 3907 742 3961 ὀκνοῦσι
773 3909 870 3970 τὰς
897 3908 1105 3978 δωρεὰς
1145 3909 1344 3978 μᾶλλον
1375 3909 1407 3980 ἢ
1436 3911 1549 3973 τοῖς
1593 3909 1727 3978 πρὸς
1782 3909 1843 3962 τὸ

261 4001 456 4055 λαϐεῖν
483 4001 722 4070 ἑτοίμοις
749 4000 987 4070 ἡδόμεθα
1039 4001 1391 4072 χαριζόμενοι
1418 4002 1546 4066 τοὺς
1606 4001 1705 4070 μὲν
1755 4000 1842 4055 διὰ

258 4095 326 4148 τὸ
358 4095 550 4164 ἥττους
597 4093 825 4159 δρᾶσθαι
853 4093 962 4144 τῶν
1015 4093 1307 4160 διδομένων
1355 4092 1842 4162 περιφρονοῦντες,

259 4187 377 4240 τῶν
403 4187 460 4239 δὲ
488 4186 549 4238 τὸ
583 4185 789 4256 ὑψηλὸν
815 4185 1208 4253 ἀσπαζόμενοι.
1257 4185 1314 4236 '0
1361 4184 1604 4254 ἔπαρχος
1637 4186 1845 4255 μέντοι,

265 4279 544 4352 μελλήσας
577 4279 751 4341 οὐδὲν,
780 4278 869 4330 τὸν
889 4277 1246 4348 ἀρχιτέκτονα
1272 4277 1410 4347 πρὸς
1439 4279 1531 4330 τὸν
1555 4278 1671 4332 κατ’
1707 4279 1848 4330 ἐκεῖ·

262 4390 326 4426 νο
363 4371 554 4442 καιροῦ
576 4371 814 4440 ἄρχοντα
829 4371 1068 4442 Φρυγίας
1087 4371 1385 4442 ἐκπέμπει,
1407 4372 1493 4441 ἐφ’
1515 4366 1560 4440 ᾧ
1589 4373 1848 4443 χρήματα

261 4463 454 4518 λαϐεῖν
487 4462 618 4533 παρ’
669 4459 836 4514 αὑτοῦ
869 4457 1026 4528 πρὸς
1047 4462 1147 4531 τὴν
1177 4461 1273 4514 τοῦ
1310 4461 1596 4530 βαλανείου
1635 4465 1842 4516 οίκοδο-

267 4555 400 4625 μὴν,
420 4555 542 4606 ὅσον
563 4553 756 4616 δέοιτο,
788 4553 878 4605 καὶ
913 4553 1127 4620 μοδίους
1173 4553 1284 4616 τοῖς
1337 4554 1395 4605 ἐν
1436 4555 1501 4623 τῇ
1541 4554 1842 4623 Ἱεραπόλει

264 4649 463 4714 πένησι
511 4645 844 4716 τρισχιλίους
873 4635 1157 4714 ἀπονέμει.
1203 4644 1424 4716 Ἐπειδὴ
1448 4645 1504 4698 δὲ
1537 4649 1632 4699 καὶ
1660 4647 1720 4698 τὸ
1743 4645 1841 4716 βα-

263 4742 477 4793 λανεῖον
510 4739 958 4806 οίκοδομούμενον
987 4738 1138 4798 τέλος
1184 4733 1354 4807 εἶχεν,
1398 4738 1498 4791 οὐκ
1552 4737 1633 4790 ἔτι
1660 4737 1720 4789 τὸ
1750 4737 1844 4790 ἀπ’

263 4833 478 4888 ἐκείνου
501 4833 652 4897 παρὰ
671 4831 913 4899 ποταμὸν
938 4829 1269 4900 Ἀγρὸς,ἁλλ’
1309 4831 1499 4900 Ἀγρὸς
1527 4831 1745 4901 θερμῶν
1768 4830 1844 4896 τῷ

265 4932 422 4997 τόπῳ
450 4926 513 4978 τὸ
540 4925 712 4992 ὄνομα
731 4938 744 4951 ·
775 4925 868 4974 καὶ
898 4925 957 4974 τὸ
993 4924 1299 4994 σιτηρέσιον
1322 4923 1376 4974 δὲ
1405 4925 1646 4992 διέμεινε
1687 4940 1848 4990 χορηο

263 5023 534 5091 γούμενον
589 5019 692 5081 ἕως
716 5017 822 5070 τῶν
865 5016 1148 5070 Ἰουλιανοῦ
1167 5018 1372 5086 χρόνων
1397 5017 1490 5068 τοῦ
1515 5015 1839 5078 δυσσεϐοῦς.

279 5115 520 5176 Ἐκεῖνος
569 5113 646 5176 δέ,
679 5111 928 5180 καθάπερ
985 5111 1093 5162 τῶν
1140 5112 1313 5165 ἄλλων
1345 5111 1566 5177 ἀγαθῶν
1606 5110 1844 5174 πάντων,

265 5206 510 5277 οὓτω-δὴ
551 5206 642 5257 καὶ
683 5204 874 5256 τούτου
919 5202 1192 5272 φθονήσας
1243 5203 1606 5270 Χριστιανοῖς,
1630 5200 1724 5270 τὴν
1757 5219 1847 5272 χο-

269 5301 471 5370 ρηγίαν
497 5297 658 5358 εὐθὺς
691 5297 902 5365 ἵστησιν

344 5570 478 5624 κε’.
514 5567 574 5619 Ὀ
608 5565 749 5627 θεῖος
803 5563 1093 5631 τοιγαροῦν
1136 5561 1440 5631 Ἀϐέρκιος,
1468 5562 1534 5613 ἶν’
1570 5565 1653 5615 ἐπ’
1684 5565 1845 5618 αὑτὸν

272 5660 610 5726 ἐπανίωμεν,
638 5652 929 5721 Ῥωμαίοις
962 5654 1152 5722 χρόνον
1193 5652 1376 5704 ἱκανὸν
1427 5655 1845 5724 συγγενόμενος,

271 5754 370 5806 καὶ
402 5751 494 5804 τὸν
519 5749 828 5816 ὑγιαίνοντα
857 5747 957 5814 τῆς
1026 5748 1262 5808 πίστεως
1306 5746 1463 5815 λόγον
1506 5747 1845 5816 Χριστιανῶν

276 5843 552 5914 παραδοὺς
574 5842 907 5913 ἐκκλησίαις,
927 5843 1057 5912 ὄναρ
1076 5842 1201 5895 ποτὶ
1224 5841 1312 5895 τὸν
1333 5841 1532 5910 Κύριον
1552 5843 1846 5899 ἐπιστάντα

1940 3255 2086 3308 mille
2117 3252 2280 3307 modii
2319 3247 2602 3305 frumenti.

2010 3345 2199 3399 XXIV.
2243 3345 2363 3398 Haec
2406 3343 2567 3398 simul
2614 3353 2777 3412 atque
2829 3340 3036 3395 audivit
3084 3335 3428 3407 imperatrix,
3466 3333 3533 3386 li-

1938 3438 2129 3492 hcnter
2171 3435 2442 3496 concedit,
2489 3435 2631 3500 quod
2683 3433 2861 3486 fuerat
2899 3431 3126 3500 petitum
3166 3449 3178 3484 :
3218 3440 3270 3482 ct
3315 3427 3525 3481 Corne-

1941 3530 2144 3584 lianum
2189 3524 2445 3596 praetorio
2478 3522 2794 3594 praefectum
2834 3522 3233 3591 quamprimum
3275 3518 3526 3580 accersit,

1941 3631 1994 3674 et
2029 3619 2184 3688 jubet
2236 3617 2302 3671 ad
2348 3631 2409 3668 ea
2446 3615 2771 3684 przestanda,
2798 3629 2916 3682 qua:
2965 3620 3092 3667 sunt
3134 3609 3321 3680 petita,
3366 3623 3529 3662 omne

1944 3709 2207 3764 adhibere
2265 3705 2524 3771 studium,
2584 3718 2652 3758 ne
2704 3703 2814 3758 cito
2867 3703 3258 3772 promissorum
3304 3701 3530 3768 gratiam

1945 3805 2162 3856 hebetet
2212 3811 2266 3853 et
2318 3800 2572 3853 obscuret
2629 3798 2856 3851 tarditas
2912 3794 3218 3848 ministerii.
3275 3792 3404 3846 Tale
3447 3802 3532 3846 est

1946 3893 2227 3949 hominum
2261 3891 2558 3962 ingenium,
2611 3898 2667 3942 et
2714 3890 2786 3941 ita
2826 3900 2953 3940 sunt
2997 3888 3197 3941 affecti.
3235 3887 3306 3939 lis
3355 3886 3532 3938 liben-

1950 3989 2057 4044 tius
2089 3987 2475 4057 gratilicamur,
2500 3987 2590 4053 qui
2622 3982 2763 4037 dona
2791 3979 3042 4034 dubitant
3067 3979 3336 4046 accipere,
3365 3993 3527 4046 quam

1946 4081 2036 4143 iis,
2065 4079 2154 4148 qui
2187 4090 2318 4133 sunt
2347 4076 2583 4148 prompti
2617 4076 2684 4129 ad
2717 4073 3092 4143 accipiendum
3132 4089 3144 4124 :
3179 4072 3278 4125 hos
3312 4072 3532 4140 quidem

1946 4173 2331 4242 despicientes,
2385 4171 2529 4238 quod
2575 4169 2864 4220 videantur
2902 4165 3029 4218 victi
3083 4181 3110 4216 a
3161 4163 3528 4215 muneribus:

1951 4268 2167 4322 illorum
2222 4273 2404 4319 autem
2445 4262 2836 4330 amplectentes
2877 4257 3042 4311 animi
3077 4255 3528 4325 magnitudinem.

1951 4358 2246 4415 Praefectus
2299 4365 2480 4410 autem
2513 4353 2750 4424 praetorii
2792 4351 2926 4406 nihil
2977 4360 3290 4410 cunctatus,
3334 4346 3534 4401 emittit

1949 4451 2304 4505 architectum
2354 4447 2419 4500 ad
2469 4445 2751 4514 prmsidem
2799 4443 3080 4512 Phrygias,
3133 4440 3225 4508 qui
3271 4449 3385 4491 erat
3438 4438 3528 4491 illo

1952 4555 2216 4610 tempore,
2247 4548 2303 4593 ut
2328 4538 2589 4608 pecunias
2629 4537 2697 4591 ab
2737 4550 2802 4590 eo
2829 4534 3120 4603 acciperet,
3154 4531 3370 4600 quantis
3393 4545 3530 4598 opus

1945 4651 2064 4694 erat
2086 4637 2154 4691 ad
2188 4635 2440 4691 balneum
2471 4629 2863 4686 exstruendum
2900 4643 2914 4680 :
2950 4634 3005 4682 et
3035 4636 3117 4681 ter
3148 4625 3295 4680 mille
3322 4621 3531 4677 modios

1947 4729 2208 4786 frumenti
2249 4726 2600 4780 distribueret
2634 4721 2989 4790 pauperibus,
3029 4718 3120 4786 qui
3153 4727 3306 4772 erant
3338 4715 3529 4769 lliera—

1947 4826 2077 4896 poli.
2124 4823 2412 4890 Postquam
2463 4826 2642 4872 autem
2690 4815 2790 4870 fuit
2829 4811 3113 4882 impositus
3151 4809 3274 4864 ﬁnis
3313 4808 3530 4870 balneo,

1945 4916 2089 4987 quod
2132 4914 2523 4976 azdiﬁcabatur,
2569 4910 2637 4964 ab
2684 4909 2772 4962 illo
2809 4917 3050 4974 tempore
3091 4920 3196 4957 non
3239 4902 3532 4955 vocabatur

1949 5009 2181 5078 amplius
2213 5009 2365 5061 locus
2419 5007 2509 5058 ille
2559 5006 2722 5071 Ager,
2769 4998 2862 5068 qui
2903 5005 2987 5052 est
3017 5005 3240 5066 propter
3281 4992 3531 5055 fluvium,

1948 5101 2042 5154 sed
2079 5101 2218 5168 Ager
2249 5097 2567 5152 calidarum.
2607 5091 2828 5146 Duravit
2860 5097 3041 5141 autem
3091 5083 3240 5138 illius
3274 5083 3532 5136 frumenti

1948 5191 2264 5246 distributio
2320 5203 2493 5256 usque
2550 5185 2616 5240 ad
2661 5195 2907 5249 tempora
2965 5177 3115 5246 impii
3164 5173 3388 5229 Juliani.
3439 5171 3533 5225 Ille

1950 5299 2207 5353 namque,
2235 5281 2510 5350 quomodo
2553 5278 2656 5331 alia
2689 5277 2850 5336 bona,
2891 5273 2962 5325 ita
2996 5272 3098 5324 hoc
3140 5281 3356 5338 quoque
3391 5263 3536 5316 invi-

1952 5379 2087 5431 dens
2149 5373 2472 5431 Christianis
2522 5372 2706 5427 statim
2760 5379 2975 5422 cessare
3037 5363 3166 5417 facit
3220 5358 3534 5427 suppedita-

1951 5472 2176 5525 tionem.

2023 5563 2182 5616 XXV.
2231 5560 2454 5614 Divinus
2476 5571 2603 5627 ergo
2633 5553 2917 5616 Abercius,
2956 5563 3012 5606 ut
3037 5552 3104 5606 ad
3136 5565 3259 5606 eum
3294 5562 3534 5607 reverta-

1952 5673 2092 5719 mur,
2156 5671 2279 5708 cum
2336 5651 2496 5722 longo
2546 5661 2790 5718 tempore
2846 5644 3038 5700 fuisset
3101 5653 3350 5699 versatus
3403 5659 3529 5697 cum

1952 5750 2222 5810 Romanis,
2257 5759 2312 5802 et
2342 5762 2526 5798 sanam
2559 5743 2677 5796 ﬁdei
2707 5738 2970 5792 rationem
3004 5737 3313 5792 tradidisset
3343 5736 3528 5790 Eccle-

1957 5843 2049 5898 siis
2068 5841 2518 5901 Christianorum,
2549 5835 2689 5890 videt
2720 5830 3007 5901 aliquando
3031 5831 3081 5886 in
3111 5830 3316 5887 somnis
3337 5827 3527 5883 adesse
