3990 6452
259 406 397 471 1245

1558 420 1735 482 VlTA
1774 424 1831 479 S.
1875 424 2205 488 ABERCII.

3362 439 3495 500 1246

248 523 458 615 {velut
500 524 637 593 πρὸς
698 524 874 596 βραχὺ
922 530 1109 583 τόπον.
1146 532 1209 584 Οί
1250 530 1306 584 δὲ
1365 532 1463 602 οὐχ
1490 532 1766 601 ὑπήκουον
1795 545 1806 561 ·

1917 548 2098 590 autem
2154 556 2257 592 non
2308 544 2687 599 exaudierunt.
2743 545 2947 601 Deinde
2994 557 3217 601 sanctus
3269 548 3491 615 quidem

248 606 369 665 εἶτα
401 616 428 665 6
464 616 561 682 μὲν
594 622 868 689 προσευχῇ
910 622 1048 692 μόνῃ
1084 623 1144 674 τὸ
1170 622 1386 693 πνεῦμα
1415 625 1678 691 κοιμίζει,
1701 627 1813 688 τοῖς

246 703 307 755 δὲ
339 706 430 755 καὶ
457 706 684 758 ἄκουσιν
720 709 955 763 ἐπαύετο
994 714 1025 780 ἠ
1075 714 1301 783 σπουδή.
1339 714 1429 783 Μὴ
1460 716 1679 783 ἔχοντες
1722 714 1815 767 οὖν

248 794 277 845 ὃ
305 811 352 845 τι
384 795 476 846 καὶ
508 796 716 860 ἑαυτοῖς
742 805 1056 869 χρήσονται,
1088 804 1135 855 οί
1167 803 1267 871 μὲν
1317 804 1411 856 ἐπὶ
1438 804 1651 856 δεῖπνον
1688 804 1813 872 τρέο

247 900 461 951 πονται,
502 889 529 938 6
562 888 638 950 δὲ,
670 890 763 941 καὶ
799 891 902 959 γὰρ
928 894 1083 962 ἔτυχε
1136 894 1278 963 δίψει
1306 896 1486 959 ἁλοὺς,
1516 895 1659 967 ὕδωρ
1685 895 1816 964 παρ’

247 974 427 1027 αὐτῶν
465 976 603 1046 ᾔτει.
649 979 789 1031 Ἀλλ’
831 984 1029 1035 ἐκεῖνοι
1063 985 1254 1049 δεινῶς
1302 986 1480 1051 ἄξενοι
1516 987 1688 1052 ὄντες,
1722 987 1814 1039 καὶ

248 1066 491 1135 ἀκριϐῶς
535 1068 805 1139 ἄγροικοι,
849 1074 1236 1146 παρεθεὼρουν
1283 1077 1381 1149 τὴν
1428 1078 1666 1149 αἴτησιν,
1719 1081 1814 1131 καὶ

245 1158 441 1228 χλεύην
470 1161 530 1213 τὸ
567 1165 797 1231 πρᾶγμα
828 1166 1048 1221 ἐποίουν
1075 1186 1090 1201 ’
1130 1170 1192 1222 El
1215 1170 1281 1222 δι’
1307 1170 1400 1223 ἕνα
1441 1172 1691 1240 γέροντα,
1723 1172 1813 1223 λέ-

244 1265 455 1317 γοντες,
507 1253 819 1321 ἀφεξόμεθα
866 1258 1163 1327 τραπέζης.
1222 1259 1536 1328 Ἐμέμψατο
1579 1256 1673 1313 οὖν
1714 1259 1813 1330 τὴν

242 1343 641 1410 ἀπανθρωπίαν
717 1346 921 1417 ταύτην
970 1350 996 1401 6
1041 1348 1551 1420 φιλανθρωπότατος
1601 1349 1811 1418 ἀνδρῶν

253 1431 558 1501 Ἀὄέρκιος,
618 1437 711 1486 καὶ
761 1436 821 1487 τὸ
860 1438 995 1508 μηδὲ
1052 1456 1181 1491 ποτε
1216 1441 1567 1510 κορέννυσθαι
1628 1442 1811 1504 αὐτοῖς

238 1523 659 1591 ἐπηράσατο.⁶0
679 1528 773 1579 καί
801 1528 960 1600 ἔσχον
978 1533 1058 1593 εἰς
1084 1531 1242 1601 δεῦρο
1268 1534 1584 1602 παραμένον
1608 1533 1809 1597 αὐτοῖς,

240 1615 660 1690 μισανθρωπίας
735 1623 1120 1693 φιλάνθρωπον
1192 1624 1433 1693 ἀτεχνῶς
1510 1626 1807 1693 ἐπιτίμιον.

238 1705 375 1763 Εἶτα
416 1712 513 1781 τῆς
546 1716 751 1783 πέτρας
781 1716 1120 1780 ἀπαναστὰς,
1154 1716 1251 1786 τὴν
1292 1717 1487 1768 ἑαυτοῦ
1528 1717 1677 1768 πόλιν
1708 1734 1809 1769 κα-

234 1801 602 1872 ταλαμϐάνει.
640 1804 712 1856 Τὸ
771 1805 904 1872 γοῦν
958 1805 1160 1873 πλῆθος
1198 1807 1514 1876 αἰσθόμενοι
1564 1807 1662 1875 τῆς
1713 1808 1808 1860 τοῦ

236 1893 432 1964 ἀνδρὸς
465 1896 790 1965 παρουσίας,
826 1900 1118 1969 συνέρρεον
1153 1901 1447 1969 πανδημεὶ,
1499 1900 1810 1970 γλιχόμενοι

234 1984 364 2053 ὄψιν
398 2002 455 2038 τε
486 1986 585 2056 τὴν
614 1987 871 2053 γλυκεῖαν
921 1992 1068 2057 ἰδεῖν,
1121 1993 1216 2043 καὶ
1246 1994 1429 2061 φωνῆς
1460 1994 1685 2045 ἀκοῦσαι
1712 1994 1810 2060 τῆς

237 2077 602 2147 ποθουμένης.
653 2080 710 2133 '0
742 2083 844 2151 μὲν
869 2078 962 2134 οὖν
999 2084 1254 2151 ἀσμένως
1281 2084 1480 2146 αὐτοὺς
1506 2085 1809 2153 εὐλογήσας

235 2170 335 2220 καὶ
360 2169 767 2238 ἀσπασάμενος,
801 2173 1015 2244 περιῄει
1054 2178 1151 2242 τὴν
1182 2176 1335 2227 πόλιν
1374 2177 1466 2227 καὶ
1504 2172 1679 2237 αὖθις,
1726 2176 1806 2227 δι-

231 2258 451 2310 δάσκων
470 2276 525 2311 τε
544 2261 633 2313 τὸν
668 2262 825 2329 λόγον
846 2265 946 2335 τῆς
971 2265 1227 2334 ἀληθείας
1257 2267 1350 2320 σὺν
1384 2267 1687 2338 παρρησία,
1711 2268 1805 2320 καὶ

232 2352 362 2415 τοὺς
388 2355 712 2424 προσιόντας
744 2357 831 2410 διὰ
858 2359 953 2411 τοῦ
986 2359 1131 2412 θείου
1155 2359 1532 2430 βαπτίσματος
1561 2360 1803 2427 τελειῶν,

230 2445 529 2515 δαιμονῶσι
563 2446 717 2501 λύσιν
749 2448 843 2502 τοῦ
877 2450 1049 2504 κακοῦ
1083 2454 1363 2523 παρέχων,
1416 2454 1606 2516 νόσους
1640 2453 1805 2523 ίὼμε-

232 2552 347 2601 νος.
395 2537 489 2591 καὶ
526 2540 731 2601 παντὸς
788 2542 1144 2613 ἰσχυροτέραν
1181 2547 1388 2606 πάθους
1422 2548 1522 2618 τὴν
1554 2547 1614 2599 ἐν
1655 2546 1807 2615 αὐτῷ

231 2626 329 2681 τοῦ
364 2628 671 2698 πνεύματος
710 2629 939 2700 δύναμιν
988 2632 1440 2703 προδαλλόμενος.
1495 2635 1716 2702 Συνθεὶς
1747 2635 1804 2688 δὲ

236 2736 336 2774 και
379 2720 566 2790 βίϐλον
602 2722 956 2788 διδασκαλίας
1006 2727 1149 2781 πάνυ
1217 2726 1509 2798 ὠφελίμως
1550 2728 1802 2798 ἔχουσαν,

232 2813 559 2865 καταλείπει
601 2819 713 2878 τοῖς
770 2818 862 2869 ὑπ’
914 2818 1079 2873 αὐτὸν
1135 2822 1531 2893 πρεσσυτέροις
1563 2822 1681 2893 ἅμα
1712 2824 1806 2877 καὶ

231 2904 529 2971 διακόνοις,
561 2906 649 2960 ἵνα
678 2910 774 2960 καὶ
808 2910 950 2978 μετὰ
994 2912 1224 2968 θάνατον
1278 2914 1587 2985 φθέγγηται
1616 2916 1685 2968 δι’
1708 2917 1807 2970 αὑ·

232 2995 357 3067 τῆς,
395 2999 489 3051 καὶ
532 2999 734 3070 τρόπον
773 3002 897 3056 τινὰ
952 3004 1223 3073 μηδέποτε
1264 3005 1491 3076 ὠφελῶν
1539 3009 1801 3080 παύηται.

303 3087 440 3143 κη’.
480 3090 747 3145 ’Δνελθὼν
798 3090 892 3148 οὖν
931 3111 1063 3149 ποτε
1105 3097 1186 3160 εἰς
1230 3096 1354 3168 δρος
1407 3099 1610 3169 ὑψηλὸν
1659 3100 1800 3153 οὕτω

224 3178 449 3249 δεῆσαν,
505 3183 626 3236 ἐπεὶ
663 3184 789 3255 δίψῃ
841 3185 987 3257 δεινῇ
1048 3186 1207 3251 αὑτός
1246 3205 1305 3241 τε
1348 3189 1444 3243 καὶ
1493 3191 1606 3243 ὅσοι
1653 3190 1871 3259 aerea

228 3272 476 3341 συνῆσαν
498 3274 734 3343 ἣλωσαν,
766 3278 859 3329 ἐπὶ
888 3279 979 3330 τὸν
1005 3280 1183 3333 πάντα
1200 3282 1501 3349 δυνάμενον
1522 3281 1799 3349 καταφεύ-

227 3382 339 3432 γει.
371 3368 480 3419 Καὶ
504 3368 663 3430 αὐτὸς
689 3368 788 3437 μὲν
811 3371 890 3431 είς
916 3373 1221 3441 προσευχὴν
1245 3374 1469 3438 κλιθεὶς,
1502 3375 1567 3425 τὰ
1596 3375 1801 3442 γόνατα

226 3458 308 3526 τῷ
335 3457 520 3525 ἐδάφει
570 3458 813 3511 δίδωσιν⁹
847 3460 988 3532 ὕδωρ
1022 3462 1078 3515 δὲ
1117 3464 1346 3533 πότιμον
1408 3466 1568 3528 εὐθὺς
1598 3466 1801 3537 ἀνῆκεν

231 3552 263 3619 ἡ
297 3550 387 3618 γῆ.
416 3552 526 3603 Καὶ
556 3551 584 3602 6
612 3552 776 3615 τόπος
816 3555 875 3618 ὲξ
902 3555 1108 3609 ἐκείνου
1170 3559 1333 3623 τόπος
1361 3560 1711 3628 γονυκλισίας
1743 3560 1804 3613 τὸ

230 3642 416 3695 λοιπὸν
459 3645 684 3715 ἐκλήθη.
736 3647 882 3717 Πλὴν
926 3650 1061 3703 ἀλλὰ
1110 3650 1229 3703 τότε
1268 3653 1366 3720 μὲν
1419 3655 1498 3716 είς
1535 3655 1626 3707 τὸν
1654 3650 1803 3708 οἷκον

230 3735 397 3789 αὑτοῦ
466 3739 771 3803 ἐπανῆκεν·
804 3742 865 3791 οὐ
911 3742 1086 3811 πολλῴ
1138 3742 1196 3794 δὲ
1239 3741 1462 3813 ὕστερον
1490 3748 1591 3815 ὁρᾷ
1640 3748 1803 3801 πάλιν

228 3827 364 3896 ὖναρ
396 3826 544 3897 αὐτῷ
577 3826 666 3879 τὸν
704 3828 909 3900 Κύριον
940 3832 1238 3885 ἐπιστάντα
1267 3834 1379 3897 καὶ,
1418 3834 1686 3906 ’Λὸἐρκιε,
1716 3837 1802 3891 λέ-

230 3932 420 3983 γοντα,
457 3918 687 3987 ἤγγικεν
736 3920 835 3990 ἤδη
869 3924 896 3973 6
942 3922 1155 3989 καιρὸς,
1187 3921 1326 3973 ὥστε
1384 3925 1803 3981 ἀναπαύσασθαί

231 4022 294 4058 οι
322 4005 433 4058 τῶν
468 4009 645 4059 πόνων
678 4026 771 4059 σου
808 4010 914 4062 τῶν
958 4014 1205 4080 μακρῶν.
1233 4019 1688 4087 Διαγρηγορήσας
1743 4018 1801 4071 δὲ

229 4097 329 4149 καὶ
355 4099 513 4167 γνοὺς
546 4101 643 4168 τὴν
676 4100 932 4171 τελευτὴν
963 4103 1110 4174 αὑτῴ
1158 4107 1574 4177 προδηλοῦσθαι,
1614 4112 1671 4162 τὸ
1706 4129 1799 4179 ιρα-

229 4191 321 4244 νὲν
346 4193 455 4253 τοῖς
483 4192 730 4261 ἀδελφοῖς
757 4193 1049 4264 διηγεῖται,
1086 4199 1178 4250 καὶ
1200 4198 1344 4250 λίθον
1378 4200 1500 4251 τινὰ
1525 4204 1803 4269 τετράγω-

229 4300 324 4336 νον
359 4285 533 4353 μῆκός
560 4302 616 4336 τε
652 4289 747 4337 καὶ
792 4289 989 4349 πλάτος
1021 4292 1155 4353 ἴσον,
1189 4292 1364 4359 τάφον
1427 4294 1606 4364 ἐαυτῷ
1637 4314 1805 4350 κατα-

226 4376 515 4440 σκευάζει·
543 4380 635 4431 καὶ
649 4378 737 4431 τὸν
762 4378 941 4449 βωμὸν
967 4380 1024 4444 ὃς
1048 4382 1257 4436 ἐκείνου
1278 4387 1672 4455 προστάξαντος
1697 4392 1805 4444 ἀπὸ

240 4470 460 4540 Ῥώμης
496 4472 599 4524 ὑπὸ
634 4473 728 4525 τοῦ
762 4473 1013 4543 δαίμονος
1052 4478 1169 4529 ἐκεῖ
1196 4480 1524 4549 μετηνέχθη.
1558 4482 1637 4550 τῷ
1666 4460 1796 4550 λίθῳ

223 4558 504 4643 ἐφίστησι,
557 4567 757 4619 τοιόνδε
796 4585 844 4618 τι
891 4570 1215 4641 ἐπίγραμμα
1269 4573 1417 4642 αὖτῴ
1464 4577 1793 4646 ἐγχαράξας
1830 4549 1873 4602 D

244 4659 537 4723 Ἐκλεκτῆς
562 4659 769 4721 πόλεως
813 4661 1036 4730 πολίτης
1066 4662 1171 4713 τόδ’
1197 4664 1423 4731 ἐποίησα
1455 4667 1582 4730 ζῶν,
1606 4670 1669 4719 ἶν’
1694 4671 1799 4737 ἔχω

228 4746 408 4816 καιρῷ
438 4750 687 4814 σώματος
714 4749 898 4803 ἐνθάδε
949 4752 1115 4813 θέσιν,
1146 4752 1381 4823 τοῦνομα
1424 4758 1698 4825 ’Λῦὲρκιος
1726 4775 1737 4787 ·
1772 4763 1799 4812 6

225 4839 305 4893 ὢν
344 4839 590 4909 μαθητὴς
652 4846 905 4911 ποιμένος
942 4845 1125 4913 ἁγνοῦ,
1165 4845 1222 4907 ὃς
1281 4848 1464 4914 βόσκει
1514 4850 1798 4919 προϐάτιον

225 4933 453 5001 ἀγέλας,
505 4932 655 5002 ὄρεσι
688 4937 887 4998 πεδίοις
922 4955 1001 4999 τε,
1033 4938 1345 5005 ὀφθαλμοὺς
1377 4941 1435 5002 ὂς
1484 4944 1590 5011 ἔχει
1627 4944 1797 5011 payi-

226 5026 377 5089 ὶους,
440 5027 615 5078 πάντα
676 5027 1040 5095 καθορῶντας.
1100 5025 1266 5091 Οὗτος
1327 5034 1432 5102 γάρ
1477 5052 1540 5102 με
1594 5036 1795 5099 ἐδίδαξε

225 5116 535 5184 γράμματα
570 5117 758 5176 πιστὰ,
789 5118 864 5179 εἰς,
908 5118 1125 5189 Ῥώμην
1157 5122 1213 5183 ὃς
1238 5122 1483 5191 ἔπεμψεν
1513 5128 1611 5193 ἐμὲ
1647 5128 1800 5195 βασι-

226 5207 383 5258 λείαν
438 5210 697 5280 ἀθρῆσαι,
754 5213 845 5263 καὶ
888 5214 1206 5279 βασίλισσαν
1240 5220 1365 5269 ἰδεῖν
1417 5222 1794 5287 χρυσὸστολον,

227 5304 637 5370 χρυσοπέδιλον.
671 5308 811 5357 Λαδν
845 5307 891 5358 δ’
920 5304 1059 5358 εἶδον
1090 5310 1204 5360 ἐκεῖ
1231 5311 1493 5379 λαμπράν
1528 5316 1796 5383 σφραγῖδα

225 5393 423 5463 ἔχοντα
451 5410 464 5423 ⁸
498 5397 589 5445 καὶ
622 5398 817 5465 Συρίης
850 5401 1009 5451 πέδον
1059 5401 1239 5469 χώρας
1272 5402 1409 5455 εἶδον
1434 5424 1445 5434 ·
1484 5408 1577 5457 καὶ
1632 5409 1799 5460 ἄστεα

234 5486 410 5536 πάντα
453 5486 667 5537 Νίσιὸιν
701 5486 988 5559 Εὑρρατην
1030 5493 1239 5555 διαϐάς.
1299 5497 1507 5558 lli-na;
1555 5499 1599 5549 δ’
1644 5500 1798 5567 ἔσχον

226 5578 583 5645 συνηγόρους.
611 5577 816 5632 Παῦλον
848 5582 1064 5635 ἔσωθεν.
1099 5586 1279 5646 "ista;
1306 5588 1354 5637 δὲ
1382 5590 1536 5639 παντὶ
1568 5593 1795 5658 προηγε,

226 5671 322 5719 καὶ
352 5669 633 5737 παρέθηκε
659 5674 863 5741 τροφήν
889 5692 901 5703 ·
930 5676 1082 5744 ἰχθὺν
1106 5678 1211 5729 ἀπὸ
1240 5681 1414 5746 πηγῆς
1440 5684 1793 5751 παμμεγέθη,

227 5758 471 5827 καθαρόν
501 5777 513 5789 ·
546 5760 603 5811 ὃν
638 5762 895 5831 ἐδράξατο
956 5768 1219 5831 παρθένος
1263 5772 1421 5837 ἁγνὴ,
1463 5775 1553 5821 καί
1609 5775 1795 5827 τοῦτον

228 5848 470 5901 ἐπέδωκε
528 5854 696 5919 φίλοις
749 5857 947 5910 ἐσθίειν
1004 5860 1311 5924 διαπαντὸς,
1393 5860 1529 5918 οἶνον
1565 5872 1794 5933 χρηστὸν

1920 628 2051 681 solis
2081 632 2334 697 precibus
2365 635 2510 702 sOpit
2539 635 2815 703 Spiritum,
2850 638 2954 691 illis
2986 650 3163 691 autem
3199 640 3279 691 vel
3313 639 3497 691 invitis

1917 722 2153 773 cessavit
2186 724 2448 779 studium.
2475 724 2607 779 Cum
2632 744 2757 795 ergo
2785 730 3054 781 nescirent
3085 730 3211 797 quid
3244 740 3489 797 agerent.

1919 810 1954 864 ii
2000 826 2058 865 se
2110 827 2437 870 convertunt
2486 819 2554 871 ad
2606 836 2812 873 uenam
2850 836 2864 874 :
2918 820 3032 889 ipse
3073 832 3254 874 autem
3299 838 3490 890 aquam

1919 903 2026 970 (siti
2076 905 2222 958 enim
2277 907 2586 978 laborabat)
2642 912 2710 965 ab
2741 913 2820 965 eis
2850 913 3022 980 petiit.
3084 912 3189 966 Sed
3245 914 3490 981 agricolae

1916 1009 2039 1047 cum
2089 1007 2273 1051 essent
2304 1000 2457 1055 valde
2509 1002 2886 1072 inhospitales,
2933 1015 2985 1059 et
3038 1006 3196 1073 plane
3229 1015 3489 1073 agrestes.

1916 1084 2191 1150 despectui
2250 1091 2525 1145 habebant
2577 1096 2923 1163 petitionem,
2976 1105 3029 1149 et
3079 1112 3190 1148 rem
3250 1098 3491 1148 ludifica-

1913 1174 2109 1231 bantur
2160 1198 2171 1233 :
2207 1179 2439 1241 scilicet.
2490 1194 2710 1253 propter
2753 1202 2923 1238 unum
2971 1202 3181 1250 senem,
3222 1188 3485 1247 dicentes.

1912 1282 1942 1320 a
1970 1284 2154 1323 mensa
2182 1271 2597 1329 abstinebimus.
2629 1275 2799 1346 Αἶρε
2832 1278 2954 1332 tulit
2987 1280 3126 1332 hanc
3177 1280 3495 1332 inhumani-

1916 1367 2080 1413 tatem
2114 1362 2541 1421 humanissimus
2576 1370 2816 1422 virorum
2854 1370 3119 1424 Abercius
3155 1386 3170 1424 :
3208 1380 3263 1424 et
3296 1372 3375 1423 eis
3407 1381 3492 1425 est

1913 1448 2261 1518 imPrecatus,
2301 1466 2359 1510 ut
2408 1474 2687 1527 nunquam
2737 1463 3089 1515 satiarentur.
3138 1460 3290 1526 Quod
3324 1463 3489 1515 etiam

1914 1542 1990 1595 eis
2022 1543 2300 1614 hucusque
2343 1552 2678 1616 permansit:
2720 1554 2958 1607 humana
3006 1555 3162 1623 plane
3207 1571 3361 1623 poena
3405 1555 3489 1605 in-

1915 1635 2286 1691 humanitatis.
2342 1638 2545 1693 Deinde
2596 1658 2624 1694 a
2687 1653 2834 1709 petra
2886 1640 3168 1705 recedens,
3222 1646 3370 1699 venit
3421 1645 3489 1697 ad

1914 1739 2065 1777 suam
2106 1727 2397 1782 civitatem.
2444 1729 2579 1784 Cum
2630 1748 2758 1801 ergo
2800 1738 3061 1789 sensisset
3108 1737 3337 1805 populus
3374 1736 3493 1804 ejus

1914 1814 2230 1878 adventum,
2282 1817 2428 1871 omni
2480 1833 2544 1872 ex
2592 1833 2743 1888 parte
2786 1823 3153 1888 confluebant,
3204 1825 3489 1894 cupientes

1918 1906 2099 1959 videre
2144 1908 2353 1962 dulcem
2398 1912 2627 1976 vultum,
2670 1925 2721 1969 et
2756 1917 2945 1972 audire
2994 1931 3183 1974 vocem
3216 1919 3493 1971 desidera-

1916 2008 2041 2052 tam.
2072 2002 2164 2054 Ille
2195 2018 2325 2073 ergo
2358 2018 2478 2057 cum
2514 2006 2745 2061 libenter
2766 2008 2844 2063 eis
2877 2009 3262 2073 benedixisset,
3314 2018 3366 2063 et
3394 2024 3490 2063 eos

1909 2092 2214 2156 salutasset,
2267 2112 2454 2148 rursus
2507 2098 2692 2152 obibat
2755 2101 3030 2154 civitatem
3077 2100 3247 2154 libere
3290 2101 3494 2156 docens

1910 2187 2138 2238 verbum
2178 2189 2442 2242 veritatis.
2478 2197 2531 2241 et
2562 2207 2676 2255 eos,
2719 2193 2807 2260 qui
2842 2193 3196 2256 accedebant,
3230 2208 3327 2261 per
3357 2193 3494 2245 divi-

1908 2291 2036 2329 num
2084 2279 2413 2348 baptismum
2470 2282 2715 2348 initians,
2766 2293 2818 2337 et
2849 2283 3202 2338 daemoniacis
3238 2284 3489 2351 praebens

1908 2368 2033 2422 mali
2068 2369 2397 2426 solutionem
2449 2391 2462 2427 :
2510 2375 2731 2429 morbos
2769 2392 2988 2442 curans,
3034 2385 3090 2429 et
3120 2374 3311 2443 quavis
3357 2372 3491 2427 affe-

1907 2462 2089 2516 ctione
2118 2462 2398 2519 fortiorem
2448 2466 2699 2534 spiritus,
2749 2483 2871 2535 qua:
2907 2467 2961 2520 in
2994 2469 3112 2535 ipso
3144 2474 3281 2526 erat,
3316 2464 3489 2516 virtu-

1909 2561 2016 2607 tem
2076 2555 2379 2625 prolerens.
2428 2556 2561 2612 Cum
2608 2568 2788 2611 autem
2836 2557 2991 2611 valde
3045 2570 3261 2625 quoque
3302 2554 3487 2607 utilem

1904 2646 2168 2702 doctrina:
2214 2648 2411 2704 librum
2466 2652 2887 2719 composuisset,
2938 2664 3063 2704 eum
3102 2648 3192 2701 dat
3251 2646 3337 2707 iis,
3395 2651 3486 2714 qui

1904 2739 2007 2793 sub
2057 2740 2177 2809 ipso
2214 2750 2391 2801 erant.
2443 2742 2777 2811 presbyteris
2830 2739 2992 2795 simul
3040 2748 3094 2793 et
3128 2738 3394 2796 diaconis.
3432 2748 3491 2793 ut

1909 2829 1992 2885 eis
2036 2831 2120 2885 vel
2170 2839 2292 2901 post
2344 2843 2571 2887 mortem
2617 2834 2956 2901 loqueretur,
2993 2839 3047 2883 et
3099 2831 3281 2900 aliquo
3326 2828 3488 2881 modo

1907 2937 2183 2992 nunquam
2212 2922 2291 2976 eis
2322 2931 2560 2975 cessaret
2588 2922 2871 2993 prodesse.

1969 3116 2206 3172 XXVIII.
2250 3120 2557 3187 Aliquando
2595 3123 2649 3175 in
2682 3134 2921 3175 montem
2952 3124 3252 3183 excelsum,
3285 3134 3385 3172 usu
3411 3117 3487 3173 ita

1904 3212 2234 3282 postulante,
2270 3210 2517 3263 ascendit
2544 3227 2556 3263 :
2589 3210 2811 3280 ipseque
2842 3222 2897 3265 et
2933 3210 3023 3280 qui
3053 3225 3176 3265 cum
3208 3226 3275 3265 eo
3304 3219 3485 3272 erant.

1905 3304 1997 3358 siti
2028 3304 2366 3359 laborabant.
2401 3302 2657 3373 Confugit
2690 3314 2871 3357 autem
2908 3304 2974 3358 ad
3004 3316 3152 3367 eum,
3181 3304 3271 3373 qui
3308 3313 3486 3371 potest

1904 3398 2107 3453 omnia.
2145 3397 2330 3466 itaque
2361 3412 2660 3451 conversus
2684 3398 2752 3450 ad
2787 3399 3110 3460 orationem,
3143 3398 3286 3450 humi
3330 3397 3483 3449 incli-

1908 3500 2002 3543 uat
2035 3504 2208 3559 genua
2246 3509 2259 3543 :
2295 3490 2639 3557 poculentam
2678 3502 2859 3545 autem
2894 3505 3086 3559 aquam
3124 3500 3265 3543 terra
3298 3489 3481 3541 statim

1904 3580 2107 3637 emisit.
2152 3581 2233 3635 Ab
2269 3580 2360 3634 illo
2390 3590 2571 3633 autem
2604 3589 2850 3649 tempore
2894 3582 3047 3635 locus
3092 3582 3182 3634 ille
3228 3579 3487 3646 deinceps

1905 3672 2005 3726 fuit
2046 3674 2353 3741 appellatus
2398 3674 2549 3728 locus
2593 3672 3007 3743 genuﬂexionis.
3036 3671 3305 3727 Czeterum
3352 3682 3485 3723 tunc

1905 3764 2123 3833 quidem
2176 3764 2334 3818 rediit
2377 3763 2430 3817 in
2472 3764 2693 3817 domum
2740 3781 2891 3819 suam
2929 3782 2943 3819 :
2996 3781 3103 3819 non
3150 3763 3320 3817 multo
3366 3772 3486 3831 post

1905 3864 2087 3908 autem
2120 3855 2268 3907 videt
2298 3869 2485 3908 rursus
2518 3854 2830 3918 Dominum,
2856 3854 2947 3923 qui
2982 3854 3028 3908 ei
3067 3854 3122 3907 in
3150 3853 3355 3908 somnis
3387 3868 3488 3920 ap-

1906 3949 2106 4019 paruit,
2140 3960 2192 4003 ct
2223 3951 2273 4002 ei
2307 3950 2444 4003 dixit
2473 3966 2487 4001 :
2522 3950 2744 4012 Aberci,
2777 3950 2886 4017 jam
2921 3965 3091 4019 prope
3131 3958 3214 4003 est
3248 3957 3489 4014 tempus.

1908 4054 1965 4096 ut
2018 4058 2200 4096 cesses
2257 4057 2285 4096 a
2334 4042 2509 4111 longis
2557 4042 2664 4096 tuis
2711 4042 3006 4095 laboribus.
3058 4042 3193 4095 Cum
3244 4049 3424 4093 autem
3456 4054 3487 4092 e

1906 4150 2100 4189 somno
2157 4148 2302 4189 esset
2350 4135 2656 4197 excitatus,
2709 4145 2765 4188 et
2810 4136 3153 4205 cognovisset
3199 4134 3484 4185 decessum

1906 4226 2007 4281 sibi
2045 4226 2471 4295 priesignilicari,
2510 4235 2696 4278 narrat
2736 4225 2998 4279 fratribus
3034 4225 3105 4287 id,
3142 4224 3284 4293 quod
3324 4239 3487 4292 appa-

1907 4330 2086 4372 ruerat
2124 4336 2135 4373 :
2180 4327 2236 4373 et
2264 4320 2553 4387 quemdam
2587 4328 2910 4388 quadratum
2959 4318 3219 4388 lapidem.
3246 4319 3484 4387 longitu-

1905 4417 2030 4470 dine
2083 4426 2138 4468 et
2186 4414 2470 4467 latitudine
2525 4415 2805 4481 aequalem,
2852 4414 2952 4467 sibi
3002 4415 3309 4482 sepulcrum
3353 4428 3485 4465 con-

1910 4510 2067 4561 struit
2110 4524 2123 4559 :
2176 4516 2231 4559 et
2289 4522 2457 4567 aram,
2518 4522 2658 4574 qure,
2695 4506 2787 4559 illo
2834 4506 3079 4573 jubente,
3138 4507 3306 4557 Roma
3358 4503 3485 4558 illuc

1903 4598 2157 4651 translata
2188 4596 2386 4655 fuerat.
2419 4597 2583 4664 lapidi
2615 4598 2864 4663 imponit,
2901 4597 2949 4648 ei
2981 4596 3137 4648 talem
3169 4595 3485 4665 insculpens

1900 4690 2309 4757 inscriptionem
2347 4705 2357 4739 :
2398 4688 2592 4742 Electri:
2634 4688 2786 4739 urbis
2820 4685 2955 4739 civis
2991 4686 3093 4739 hoc
3132 4688 3319 4739 vivens
3357 4688 3479 4748 feci,

1901 4788 1959 4832 ut
1986 4780 2069 4833 hic
2104 4790 2345 4846 tempore
2378 4778 2604 4831 habeam
2639 4778 2933 4845 posituram
2961 4777 3225 4845 corporis,
3261 4778 3482 4829 nomine

1900 4870 2179 4924 Abercius.
2212 4868 2314 4934 Qui
2345 4884 2463 4921 sum
2498 4869 2799 4936 discipulus
2834 4868 3066 4936 pastoris
3089 4868 3221 4920 casti
3253 4883 3487 4936 pascen—

1903 4962 1970 5015 tis
2004 4962 2185 5014 ovium
2231 4976 2418 5029 greges
2455 4960 2509 5012 in
2552 4962 2829 5012 montibus
2863 4970 2916 5011 ct
2956 4960 3121 5029 agris,
3168 4975 3229 5013 ac
3258 4974 3480 5027 magnus

1903 5053 2151 5107 habentis
2207 5052 2419 5114 oculos,
2475 5054 2656 5104 omnia
2724 5053 3021 5104 intuentes.
3086 5051 3135 5103 Is
3190 5050 3335 5103 enim
3394 5066 3481 5102 me

1903 5143 2089 5197 docuit
2140 5142 2349 5194 litteras
2396 5142 2615 5203 ﬁdeles,
2658 5141 2883 5194 Romam
2941 5142 3031 5209 qui
3080 5157 3165 5193 me
3217 5141 3366 5193 misit
3412 5141 3480 5193 ad

1902 5236 2193 5289 videndum
2229 5234 2537 5303 imperium,
2572 5244 2625 5287 et
2662 5233 3060 5300 imperatriccm
3099 5234 3341 5284 indutam
3379 5246 3477 5282 au-

1904 5326 2011 5379 reis
2036 5325 2276 5379 vestibus
2322 5336 2376 5377 et
2411 5323 2629 5375 calceis.
2677 5322 2785 5373 Illic
2830 5334 3012 5375 autem
3061 5322 3168 5373 vidi
3214 5322 3476 5389 populum

1903 5419 2238 5485 praeclarum,
2272 5416 2509 5482 insignes
2534 5415 2763 5467 annulus
2795 5415 2847 5467 in
2883 5414 3132 5466 manibus
3155 5416 3476 5483 gestantem.

1904 5510 1967 5562 Et
2009 5508 2177 5575 Syriae
2222 5508 2452 5573 regionis
2499 5522 2751 5574 campum
2805 5506 2933 5567 vidi,
2968 5516 3022 5557 et
3052 5506 3231 5558 omnia
3279 5503 3476 5570 Oppida

1904 5599 2108 5651 Nisibin
2169 5608 2223 5649 et
2280 5597 2721 5663 Mesopotamiae,
2789 5598 3109 5650 transmisso
3170 5596 3472 5664 Euphrate.

1903 5691 2075 5747 Habui
2116 5702 2294 5744 autem
2327 5705 2517 5743 omnes
2556 5690 2620 5743 ad
2656 5692 2904 5743 eamdem
2945 5689 3227 5743 venientes
3256 5687 3475 5741 concio-

1904 5800 2045 5841 nem.
2084 5794 2139 5835 et
2174 5782 2395 5834 Paulum
2444 5782 2792 5834 intrinsecus.
2837 5778 2996 5833 Fides
3036 5792 3215 5835 autem
3244 5780 3472 5833 omnino

1908 5874 2149 5938 produVil
2191 5882 2238 5927 et
2269 5872 2518 5942 appOsuit
2551 5872 2961 5927 nutrimentum.
2994 5874 3195 5941 pisi-em
3223 5886 3285 5925 ex
3321 5870 3467 5924 fonte
