3990 6442
531 359 664 423 1247
1813 366 2101 428 MENSIS

2222 371 2326 430 2Το
2333 371 2478 432 BER
2491 419 2503 432 .
3652 379 3790 444 1248

526 478 830 548 ingentem,
879 495 1043 550 quem
1088 495 1282 549 purum
1319 480 1682 551 apprehendit
1713 480 1864 553 virgo
1909 491 2060 538 casta
2095 497 2109 534 :

2222 486 2438 574 ἕχουσα,
2467 491 2719 562 κέρασμα
2749 491 2968 546 διδοῦσα
3014 498 3128 563 μετ’
3153 496 3340 566 ἄρτου.
3387 498 3573 554 Ταῦτα
3623 521 3798 574 παρερ-

526 582 582 626 et
628 588 751 626 eum
788 585 1062 642 perpetuo
1103 575 1372 630 edendum
1412 575 1636 630 tradidit
1673 575 1891 642 amicis,
1925 578 2110 631 vinum

2222 580 2349 640 ττὼς
2379 573 2534 632 εἷπεν
2585 581 2866 651 Ἀϐἐρκιος
2900 576 3002 636 ὧδε
3043 587 3336 655 γραφῆναι,
3390 573 3797 660 ἐσδομηκοστδν

526 665 736 720 habens
780 665 1004 730 bonum,
1055 666 1196 734 quod
1232 667 1325 721 dat
1373 682 1495 722 cum
1545 681 1684 736 pane
1733 676 2109 737 temperatum.

526 755 652 811 Haec
697 755 922 810 adstans
961 755 1224 812 Abereius
1267 757 1452 826 jussit,
1477 766 1536 810 ut
1585 756 1979 820 scriberentur,
2021 772 2110 811 se-

526 849 933 919 ptuagesimum
985 850 1287 904 secundum
1338 863 1539 902 annum
1589 863 1714 904 vere
1763 864 1945 920 agens.
1989 848 2117 904 liae

526 943 774 1010 cogitans
810 942 1050 995 oraverit
1081 956 1177 1008 pro
1206 940 1456 1004 Ahercio,
1485 940 1795 1010 quicunque
1825 941 2115 994 nobiscum

528 1035 716 1090 sentit.
765 1033 882 1088 Non
933 1044 1113 1085 tamen
1164 1031 1392 1086 alterum
1429 1032 1698 1086 tumulum
1740 1033 1894 1095 mihi,
1939 1047 2116 1100 neque

528 1127 676 1180 hunc
715 1126 769 1178 in
811 1124 1078 1192 superiori
1136 1123 1255 1177 loco
1301 1125 1551 1192 imponet
1602 1122 1819 1191 aliquis.
1864 1122 2016 1187 Quod
2067 1123 2110 1177 si

530 1217 743 1277 fecerit,
781 1214 1026 1269 Romano
1058 1216 1250 1269 aerario
1284 1217 1462 1268 solvet
1506 1214 1591 1268 bis
1634 1216 1781 1270 mille
1813 1230 2024 1274 aureos.
2058 1226 2113 1270 et

530 1312 684 1366 bona!
748 1316 935 1380 patriae
996 1311 1264 1380 Hierapoli
1333 1311 1480 1365 mille
1538 1326 1758 1365 aureos.
1819 1312 2112 1381 Inscriptio

527 1404 746 1471 quidem
779 1403 858 1457 sic
902 1418 961 1456 se
1003 1401 1239 1456 habebat
1279 1402 1348 1455 ad
1391 1402 1640 1468 verbum,
1677 1404 1772 1456 sed
1817 1413 2029 1472 tempus
2054 1419 2117 1456 ex

527 1495 952 1548 desideraretur.

600 1586 794 1640 XXIX.
839 1585 959 1657 Ipse
1013 1588 1228 1642 tandem
1276 1605 1400 1643 cum
1450 1588 1800 1658 presbyteros
1849 1588 2008 1642 simul
2056 1597 2111 1642 et

525 1678 811 1741 diaconos,
853 1690 910 1733 et
940 1680 1204 1747 quosdam
1237 1689 1487 1737 vocasset
1524 1695 1588 1734 ex
1623 1680 1822 1750 populo
1858 1699 1870 1734 :
1911 1680 2109 1743 Filioli,

525 1769 726 1838 inquit,
765 1769 898 1823 mihi
930 1771 1146 1838 quidem
1190 1774 1298 1844 jam
1326 1774 1480 1826 adest
1525 1773 1647 1825 vita
1677 1773 1821 1835 linis,
1867 1779 1921 1824 et
1956 1773 2109 1836 abeo,

525 1877 558 1916 o
597 1877 728 1932 grex
762 1863 894 1916 mihi
918 1863 1114 1918 dilecte
1148 1881 1160 1916 :
1193 1865 1330 1918 abeo
1363 1864 1429 1921 ad
1484 1864 1559 1930 id,
1591 1865 1734 1934 quod
1774 1863 1858 1917 vel
1910 1865 1977 1916 ab
2031 1865 2113 1916 in-

529 1961 699 2003 eunte
758 1960 918 2005 aetate
954 1953 1364 2017 desiderabam,
1401 1953 1524 2006 vita:
1556 1968 1727 2024 genus
1765 1970 1780 2006 :
1814 1964 1864 2007 et
1895 1955 1960 2007 ad
1993 1969 2114 2007 eum

528 2043 687 2112 cnjus
737 2059 838 2113 ego
872 2045 1040 2098 solius
1085 2054 1275 2099 teneor
1307 2045 1597 2110 desiderio,
1644 2057 1698 2102 et
1731 2047 1888 2116 cujus
1935 2044 2117 2101 divino

528 2151 716 2191 amore
774 2138 1130 2192 vehementer
1173 2140 1484 2194 incendor:
1529 2141 1665 2194 abeo
1702 2156 1828 2194 eum
1876 2141 2113 2194 visurus.

529 2229 695 2284 Vobis
741 2240 924 2285 autem
982 2233 1444 2287 considerandum
1498 2241 1602 2296 est,
1652 2248 1944 2301 quemnam
1999 2233 2118 2287 sitis

529 2321 684 2375 vobis
717 2323 942 2375 electuri
967 2325 1308 2392 episcopum,
1333 2325 1422 2392 qui
1455 2326 1509 2377 et
1532 2338 1628 2377 vos
1657 2333 1777 2392 post
1800 2339 1885 2376 me
1908 2335 2115 2393 pascet.

528 2423 584 2466 et
616 2413 772 2483 cujus
799 2428 984 2468 vocem
1015 2415 1243 2483 pulchre
1283 2417 1511 2468 audient
1547 2430 1680 2469 meae
1704 2430 1854 2477 oves,
1883 2433 2025 2486 quae,
2062 2428 2120 2472 ut

534 2502 651 2558 Deo
677 2505 872 2573 placet,
911 2507 978 2560 ab
1014 2521 1080 2560 eo
1116 2516 1432 2576 pascentur.
1470 2507 1594 2561 llaec
1630 2523 1754 2563 cum
1786 2519 2009 2564 sanctus
2040 2511 2120 2566 eis

535 2597 789 2659 dixisset,
824 2598 897 2650 illi
931 2613 1052 2652 cum
1093 2614 1262 2667 pauca
1295 2599 1436 2653 inter
1471 2615 1530 2654 se
1563 2601 1927 2655 communiter
1953 2602 2116 2656 locuti

533 2696 740 2751 essent,
765 2686 1302 2756 archipresbyterum
1331 2689 1594 2752 ecclesiae,
1620 2689 1705 2742 cui
1725 2691 1890 2743 etiam
1921 2707 2118 2747 nomen

531 2788 650 2832 erat
701 2779 985 2842 Abercius,
1021 2781 1385 2833 communiter
1433 2780 1734 2850 elegerunt.
1787 2780 1929 2847 Quin
1955 2782 2118 2836 etiam

534 2885 660 2924 cum
721 2871 838 2940 ipse
881 2885 1101 2939 quoque
1159 2872 1207 2925 ei
1261 2887 1360 2926 sua
1417 2874 1691 2929 sententia
1742 2873 2122 2928 conﬁrmasset

530 2961 935 3031 episcopatum,
994 2963 1044 3016 ei
1088 2964 1321 3032 imponit
1375 2980 1566 3016 manus
1620 2981 1632 3017 :
1676 2975 1729 3018 et
1778 2979 1901 3018 cum
1955 2966 2120 3020 bene-

531 3051 798 3106 dixisset:
831 3050 935 3115 Tu,
969 3051 1171 3121 inquit,
1198 3066 1229 3104 ο
1256 3051 1472 3116 Aberci,
1499 3066 1642 3105 nunc
1673 3053 1964 3122 episcopus
1988 3068 2119 3106 con-

2209 669 2326 732 ἔτος
2361 673 2456 724 καὶ
2488 673 2736 742 δεύτερον
2778 676 2928 742 ἄγων
2962 676 3197 745 ἀληθῶς.
3254 680 3360 732 Τοῦ
3393 684 3435 736 θ’
3475 687 3502 736 ό
3535 685 3674 737 νοῶν
3705 687 3796 738 εὓ-

2213 761 2361 825 ξαιτο
2410 763 2551 833 ὑπὲρ
2612 763 2898 834 ’Δδερκίου
2943 769 3052 830 πᾶς
3100 770 3128 820 ὁ
3169 772 3420 840 συνῳδός.
3481 777 3557 827 Οὐ
3609 777 3795 845 μέντοι

2211 852 2418 921 τύμϐον
2448 855 2636 923 ἔτερόν
2653 872 2736 916 τις
2767 857 2862 909 ἀπ’
2895 857 3031 925 ἐμοῦ
3057 860 3243 913 ἐπάνω
3279 861 3431 931 θήσει
3460 881 3474 894 ο
3509 869 3555 918 εξ
3593 868 3638 919 δ’
3682 867 3794 934 οὖν,

2224 940 2515 1010 Ῥωμαίων
2541 943 2753 1014 ταμείῳ
2781 945 2938 1008 θήσει
2965 949 3196 1018 δισχίλια
3227 956 3425 1020 χρυσᾶ,
3461 958 3555 1007 καὶ
3584 962 3794 1028 χρηστῇ

2215 1035 2434 1104 πατρίδι
2475 1036 2771 1106 Ἱεραπόλει
2829 1040 2976 1110 χίλια
3005 1045 3198 1112 χρυσᾶ.
3229 1046 3306 1097 Td
3339 1048 3437 1114 μὲν
3464 1047 3527 1116 δὴ
3551 1049 3648 1101 τοῦ
3678 1054 3796 1102 ἐπι-

2212 1129 2538 1199 γράμματος
2565 1123 2666 1185 ὦδέ
2703 1149 2817 1194 πως
2842 1134 2936 1186 ἐπὶ
2958 1133 3154 1198 λέξεως
3181 1132 3327 1204 εἶχεν
3352 1154 3366 1168 ·
3399 1140 3481 1191 ὅτι
3513 1141 3588 1210 μὴ
3623 1144 3648 1189 ὁ
3675 1143 3796 1210 χρό-

2210 1237 2297 1282 νος
2329 1222 2513 1290 ὑφεῖλε
2542 1224 2664 1276 κατ’
2695 1223 2877 1291 ὀλίγον
2905 1225 3004 1291 τῆς
3035 1228 3339 1297 ἀκριϐείας,
3396 1234 3492 1284 καὶ
3546 1235 3798 1304 ἡμαρτη-

2211 1314 2386 1381 μένως
2421 1312 2563 1382 ἔχειν
2590 1317 2688 1384 τὴν
2715 1316 2932 1386 γραφὴν
2969 1320 3400 1386 παρεσκεύασεν,

2173 1418 2235 1458 ea
2289 1404 2494 1473 aliquid
2545 1405 2802 1472 detraxit,
2859 1416 2914 1461 et
2966 1407 3149 1463 effecit
3202 1418 3260 1463 ut
3313 1414 3563 1468 nonnihil
3613 1429 3798 1486 postea

2290 1587 2421 1642 ΚΘ.
2446 1586 2616 1649 Αὐτὸς
2642 1586 2718 1653 δὲ,
2752 1587 2874 1650 τοὺς
2909 1589 3313 1661 πρεσϐυτέρους
3357 1594 3436 1656 είς
3463 1597 3670 1648 ταυτὸν
3713 1601 3802 1652 καὶ

2217 1680 2341 1742 τοὺς
2394 1679 2698 1745 διακόνους,
2752 1679 2845 1732 καί
2892 1697 3045 1744 τινας
3097 1683 3191 1734 τοῦ
3232 1684 3473 1753 πλήθους
3525 1688 3802 1752 καλέσεις⁸

2219 1771 2416 1833 Τέκνα,
2447 1768 2572 1838 ἔφη.
2605 1770 2726 1838 ἐμοὶ
2759 1771 2858 1839 μέν
2891 1771 2950 1824 τὺ
2970 1774 3064 1824 τοῦ
3090 1773 3206 1841 βίου
3236 1773 3387 1834 τέλος
3413 1777 3515 1845 ἤδη
3549 1780 3800 1845 πάρεστι,

2221 1862 2314 1915 καὶ
2345 1862 2565 1930 ἄπειμι,
2603 1855 2648 1914 ὧ
2680 1863 2832 1930 φίλον
2857 1864 2983 1934 ἐμοὶ
3020 1867 3290 1936 ποίμνιον,
3321 1868 3519 1936 ἄπειμι
3576 1871 3720 1939 πρὸς
3741 1873 3806 1940 ἦν

2219 1955 2449 2008 ἐπόθουν
2479 1959 2544 2009 ἐκ
2575 1955 2696 2008 νέου
2753 1956 3051 2026 διαγωγὴν,
3089 1960 3180 2011 καὶ
3227 1961 3360 2029 πρὸς
3387 1961 3446 2012 δν
3482 1961 3648 2030 μόνον
3698 1962 3805 2027 ἐγὼ

2217 2048 2317 2118 τὴν
2345 2049 2530 2114 ἔφεσιν
2561 2049 2690 2118 ἔχω,
2727 2051 2820 2102 καὶ
2845 2044 2906 2104 οὗ
2934 2068 2999 2120 με
3029 2050 3274 2119 σφοδρῶς
3294 2055 3323 2104 ό
3345 2053 3484 2116 θεῖος
3511 2053 3806 2118 ἐξέκαυσεν

2220 2143 2380 2212 ἔρως,
2412 2142 2633 2212 ἄπειμι,
2666 2143 2854 2195 τοῦτον
2900 2143 3184 2213 ὀψόμενος.
3242 2142 3416 2212 ’Υμᾶς
3448 2146 3504 2197 δὲ
3539 2148 3647 2215 χρὴ
3678 2164 3804 2199 σκο-

2219 2237 2363 2297 πεῖν,
2393 2236 2450 2287 ὃν
2492 2253 2614 2287 τινα
2651 2236 2861 2297 ἑαυτοῖς
2891 2236 3192 2288 ἐπίσκοπον
3223 2236 3519 2304 ψηφιεῖσθε
3549 2255 3563 2269 ·
3593 2238 3654 2299 ὃς
3688 2254 3807 2289 ποι-

2225 2331 2390 2398 μανεῖ
2412 2344 2471 2380 τε
2524 2329 2665 2396 ὑμᾶς
2695 2329 2812 2397 μετ’
2847 2329 2968 2396 ἐμέ,
3008 2329 3104 2382 καὶ
3153 2325 3214 2383 οὗ
3241 2327 3340 2394 τῆς
3369 2328 3559 2396 φωνῆς
3587 2329 3808 2381 ἀκούσει

2221 2419 2290 2472 τὰ
2323 2419 2431 2486 ἐμὰ
2469 2419 2718 2489 πρόϐατα
2750 2419 2930 2482 καλῶς
2959 2423 3051 2473 καὶ
3075 2421 3147 2480 ὡς
3180 2419 3300 2489 Θεῷ
3331 2421 3484 2487 φίλον
3519 2420 3610 2472 ὑπ’
3639 2420 3807 2473 αὐτοῦ

2223 2511 2646 2580 ποιμαινόμενα.
2679 2510 2864 2564 Ταῦτα
2892 2510 2983 2564 τοῦ
3014 2511 3171 2579 ἁγίου
3210 2513 3346 2580 πρὸς
3378 2513 3583 2574 αὐτοὺς
3627 2513 3809 2563 εἰπόν-

2222 2619 2334 2668 τος,
2373 2603 2577 2674 βραχέα
2639 2605 2838 2656 ἐκεῖνοι
2898 2604 3034 2674 πρὸς
3082 2603 3344 2673 ἀλλήλους
3376 2604 3539 2666 εὐθὺς
3576 2604 3813 2656 κοινολο-

2223 2697 2545 2767 γησάμενοι,
2594 2700 2686 2750 τὸν
2745 2694 3254 2765 ἀρχιπρεσῦύτερον
3331 2695 3431 2764 τῆς
3485 2694 3808 2764 ἐκκλησίας,

2223 2789 2395 2857 ὄνομα
2423 2790 2517 2843 καὶ
2547 2790 2708 2841 αὐτὸν
2747 2787 3057 2859 ’Λϐἐρκιον,
3101 2788 3297 2851 κοινῶς
3323 2788 3688 2857 ἐψηφίσαντο·
3719 2788 3811 2840 καὶ

2225 2882 2386 2944 αὐτὸς
2427 2882 2483 2935 δὲ
2519 2882 2594 2953 τῷ
2639 2881 2792 2953 ἀνδρὶ
2831 2881 2928 2953 τὴν
2956 2880 3259 2951 ἐπισκοπὴν
3309 2880 3811 2948 ἐπιψηφισάμενος,

2227 2975 2498 3044 ἐπιτίθησι
2545 2993 2601 3028 τε
2643 2975 2790 3046 αὐτῷ
2826 2975 2925 3036 τὰς
2957 2978 3169 3044 χεῖρας,
3194 2975 3285 3025 καὶ
3317 2974 3652 3042 εὐλογήσας,
3697 2975 3810 3036 Σοὶ,

2227 3071 2351 3140 ἔφη,
2381 3063 2424 3120 ὦ
2469 3069 2741 3138 Ἀδέρκιε,
2799 3069 3083 3137 ἐπισκόπῳ
3135 3061 3275 3119 εἶναι
3323 3066 3540 3136 δίδωμι,
3578 3065 3716 3123 Θεοῦ
3749 3082 3806 3118 τε

533 3143 801 3207 stitueris,
839 3141 951 3197 Deo
982 3145 1168 3205 dante,
1213 3150 1268 3195 et
1318 3157 1404 3195 me
1450 3155 1689 3209 quoque,
1742 3149 2005 3209 quantum
2039 3151 2117 3194 est

2222 3161 2457 3223 διδόντος
2485 3163 2576 3214 καὶ
2614 3161 2749 3230 ἐμοῦ
2786 3162 2910 3213 ὅσον
2957 3159 3044 3212 ἐπ’
3087 3160 3233 3230 ἐμοί.
3276 3155 3406 3212 Εἶτα
3441 3161 3521 3219 είς
3545 3160 3813 3227 οὐρανοὺς

533 3235 589 3287 in
639 3250 757 3289 mea
803 3235 1091 3303 potestate.
1149 3235 1355 3288 Deinde
1401 3249 1524 3289 cum
1562 3234 1722 3288 simul
1771 3248 1896 3286 cum
1951 3233 2122 3286 oculis

533 3341 728 3380 manus
770 3327 822 3380 in
866 3327 1034 3380 caelos
1063 3327 1397 3390 sustulisset,
1434 3337 1489 3380 et
1530 3325 1699 3378 Deum
1741 3333 1974 3385 orasset,
2013 3323 2125 3394 spi-

535 3419 644 3471 ritu
687 3419 816 3472 hinc
862 3419 1095 3480 recedit,
1129 3427 1182 3471 et
1217 3418 1410 3471 transit
1451 3418 1516 3471 ad
1555 3417 1856 3484 Christum,
1891 3417 1957 3471 ad
1987 3418 2122 3472 cho-

537 3524 630 3563 ros
659 3509 977 3579 angelorum
1030 3509 1405 3576 transmissus,
1452 3510 1541 3580 qui
1595 3525 1784 3563 revera
1822 3510 2026 3562 vixerat
2064 3519 2124 3562 ut

535 3603 785 3673 angelus.
833 3603 1076 3673 Populus
1119 3614 1326 3667 autem,
1359 3604 1448 3670 qui
1495 3602 1772 3655 habitabat
1817 3601 2119 3665 civitatem,

537 3705 903 3764 congregatus
944 3694 1010 3747 ad
1047 3708 1260 3748 sacrum
1303 3693 1431 3748 illud
1468 3694 1566 3746 viri
1613 3708 1846 3762 corpus,
1890 3707 2014 3746 cum
2045 3693 2120 3744 illi

538 3802 692 3840 sacra
742 3785 1032 3840 cecinisset
1084 3787 1318 3848 cantica,
1372 3794 1427 3838 et
1467 3794 1722 3853 tanquam
1776 3797 2120 3837 communem

539 3880 775 3950 aliquem
809 3879 1128 3935 thesaurum
1165 3878 1495 3942 sustulisset,
1527 3877 1781 3946 deposuit
1818 3877 1870 3929 in
1911 3875 2115 3944 lapide,

523 3975 800 4029 .s‘icesimo
860 3976 1106 4029 secundo
1159 3974 1362 4025 mensis
1415 3970 1688 4024 Octobris.
1743 3969 1948 4023 Deinde
1995 3983 2118 4024 cum

541 4081 696 4128 eum,
741 4065 834 4133 qui
871 4065 939 4118 ab
980 4065 1100 4134 ipso
1139 4072 1426 4133 acceperat
1466 4062 1864 4132 episcopatum,
1917 4060 1970 4112 in
2003 4059 2121 4129 ejus

540 4159 800 4211 thronum
847 4157 1225 4221 deduxissent,
1275 4156 1640 4210 communiter
1701 4152 2122 4223 magniﬁcarunt

539 4249 730 4314 Deum,
763 4249 854 4319 qui
893 4258 975 4304 est
1007 4265 1174 4319 super
1214 4250 1471 4302 thronum
1514 4248 1700 4318 gloriae
1731 4248 1879 4316 regni
1915 4264 1929 4299 :
1959 4261 2121 4315 quem

538 4341 696 4397 decet
752 4346 930 4398 omnis
983 4345 1178 4408 honor,
1240 4342 1406 4414 gloria
1459 4350 1514 4397 et
1563 4341 1829 4407 adoratio,
1883 4354 2032 4394 nunc
2069 4347 2125 4392 et

539 4449 775 4503 semper,
800 4443 855 4487 et.
882 4435 936 4488 in
971 4435 1165 4489 secula
1197 4434 1542 4489 saeculorum.
1573 4434 1766 4487 Amen.

2228 3257 2324 3307 σὺν
2355 3257 2464 3316 τοῖς
2488 3254 2698 3324 ὖμμασι
2735 3253 2826 3306 καὶ
2857 3255 3046 3324 χεῖρας
3073 3251 3350 3322 ἀνασχὼν,
3383 3253 3475 3303 καὶ
3507 3247 3814 3320 προσευξά-

2228 3364 2387 3416 μενος
2419 3346 2496 3415 τῷ
2530 3342 2669 3417 Θεῷ,
2707 3347 2931 3415 ἀπαίρει
2987 3363 3046 3398 τε
3103 3345 3211 3398 τῶν
3255 3343 3495 3397 ἐνταῦθα
3535 3342 3616 3412 τῷ
3652 3343 3813 3394 πνεύ-

2228 3457 2380 3510 ματι,
2440 3442 2535 3492 καὶ
2565 3441 2703 3508 πρὸς
2735 3438 2972 3505 Χριστὸν
3009 3437 3298 3500 διαϐαίνει,
3347 3439 3530 3506 χοροῖς
3566 3435 3813 3503 ἀγγέλων

2226 3535 2253 3585 ό
2292 3533 2412 3584 κατ’
2443 3531 2674 3600 ἄγγελον
2726 3531 2943 3600 ἀληθῶς
2998 3530 3203 3599 βιώσας
3279 3531 3810 3598 παραπεμπόμενος.

2227 3625 2298 3678 Τὸ
2328 3625 2514 3695 μέντοι
2551 3626 2649 3696 τὴν
2699 3623 2853 3678 πόλιν
2887 3622 3071 3678 οἰκοῦν
3108 3623 3312 3692 πλῆθος
3349 3623 3502 3693 παρὰ
3537 3622 3602 3672 τὸ
3675 3621 3814 3686 ἱερὸν

2226 3721 2401 3771 ἐκεῖνο
2439 3718 2531 3770 τοῦ
2563 3717 2754 3786 ἀνδρὸς
2821 3717 2980 3788 σῶμα
3026 3715 3535 3785 συναθροισθέντες,
3587 3713 3712 3783 ἱερά
3759 3730 3815 3764 τε

2227 3811 2376 3881 αὐτῷ
2435 3812 2732 3881 ἐπᾴσαντες
2766 3810 3011 3881 ᾅσματα,
3044 3809 3136 3861 καὶ
3201 3808 3472 3878 λαμπρῶς
3501 3810 3815 3880 ἀνελόμενοι

2227 3903 2418 3974 ὥσπερ
2461 3906 2580 3957 τινὰ
2612 3905 2792 3956 κοινὸν
2823 3902 3096 3968 θησαυρὸν
3123 3902 3181 3952 ἐν
3211 3899 3288 3967 τῷ
3324 3899 3459 3967 λίθῳ
3492 3901 3810 3962 κατέθεντο,

2227 3996 2486 4064 δευτέραν
2515 3994 2608 4044 τοῦ
2654 3991 2986 4059 Ὀκτωσρίου
3020 3993 3155 4062 πρὸς
3185 3996 3307 4054 ταῖς
3330 3993 3540 4044 εἴκοσιν
3563 3993 3813 4058 ἄγοντος”

2227 4084 2345 4140 εἶτα
2384 4087 2474 4139 τὸν
2511 4087 2602 4138 ὑπ’
2637 4086 2804 4140 αὑτοῦ
2851 4083 3146 4153 δεξάμενον
3187 4084 3290 4154 τὴν
3354 4085 3690 4155 ἐπισκοπὴν,
3730 4086 3817 4137 ἐπὶ

2223 4179 2315 4231 τὸν
2347 4177 2514 4231 αὑτοῦ
2552 4176 2740 4247 θρόνον
2776 4175 3168 4242 ἀναγαγόντες,
3197 4177 3347 4246 κοινῇ
3382 4174 3475 4226 τὸν
3501 4176 3597 4227 ἐπὶ
3625 4177 3811 4246 θρόνου

2224 4270 2381 4340 δόξης
2433 4270 2533 4337 τῆς
2589 4269 2868 4338 βασιλείας
2897 4269 3032 4325 Θεὸν
3095 4268 3462 4339 ἐμεγάλυνον,
3518 4262 3562 4336 ᾧ
3608 4272 3810 4339 πρέπει

2225 4365 2378 4414 πᾶσα
2423 4362 2569 4427 δόξα,
2594 4360 2730 4431 τιμὴ
2761 4364 2852 4414 καὶ
2887 4361 3260 4431 προσκύνησις
3329 4360 3424 4414 νῦν
3457 4363 3554 4414 καὶ
3595 4362 3684 4413 ἀεὶ
3725 4362 3813 4412 καὶ

2226 4453 2303 4516 είς
2335 4453 2460 4515 τοὺς
2490 4452 2688 4516 αίῶνας
2717 4451 2825 4504 τῶν
2855 4451 3086 4506 αἰώνων.
3125 4453 3316 4526 Ἀμήν.
