3990 6512
242 405 256 465 l
273 406 381 468 249

1389 417 1854 478 MARTYRIUM
1898 419 1957 480 S.
1993 419 2346 480 ARETHIE.

3367 427 3503 490 1950

240 580 3496 637 W

1425 756 2073 870 ΜΑΡΤΥΡΙ
2085 758 2299 876 ΟΝ

1696 970 1784 1024 ΤΟ
1799 972 1833 1023 ι’
1867 970 2070 1023 ΑΓΙΟΥ

709 1145 2326 1286 ΜΕΓΑΛΟΜΑΡΤΥΡΟΣ
2437 1151 2996 1291 ΑΡΕΘΑ

1267 1382 1386 1435 ΚΑΙ
1423 1383 1558 1436 ΤΩΝ
1598 1385 1734 1437 ΣΥΝ
1769 1385 1952 1458 ΛΥΤῼ
1997 1383 2462 1440 ΑΘΛΠΣΑΝΤΩΝ

1356 1544 1694 1636 ᾹΓΙΩΝ
1771 1551 2362 1640 ΜΑΡΤΥΡΩΝ

911 1724 1037 1777 ΚΑΙ
1075 1723 1372 1782 ΙΣΤΟΡΙΑ
1422 1731 1560 1782 ΤΩΝ
1608 1734 1784 1787 ΚΑΤΑ
1817 1734 2062 1790 ΧΩΡΑΣ
2113 1737 2292 1790 ΤΟΤΕ
2316 1740 2818 1797 ΠΡΑΧΘΕΝἸὩΝ.

1491 2082 2228 2175 MARTYRIUM

1719 2272 1965 2329 SANCTI

208 2458 459 2605 ET
620 2453 1236 2612 MAGNI
1401 2456 1759 2611 MAI

1863 2464 2409 2621 [‘YRIS
2573 2465 3496 2632 ΑΒΕΤΗᾸΕ.

1090 2744 1179 2802 ΕΤ
1225 2746 1466 2805 EORUM
1504 2747 1624 2817 QUI
1675 2747 1819 2806 CUM
1879 2749 1967 2807 ΕΟ
2021 2751 2538 2810 DECERTARUNT

948 2920 1806 3012 SANCTORUM
1900 2925 2705 3019 MARTYRUM

199 3113 308 3175 ΕΤ
379 3116 755 3178 HISTORIA
834 3115 1110 3179 EORUM
1184 3115 1372 3190 QU/E
1456 3114 1660 3176 TUNC
1746 3114 2006 3177 FACTA
2071 3116 2276 3177 SUNT
2358 3120 2438 3180 ΙΝ
2526 3122 2886 3184 REGIONE
2964 3125 3472 3192 HOMERITIDB

1539 3218 1701 3279 VEL
1751 3217 2028 3280 SABfEA

755 3379 951 3441 (Latlnc
980 3392 1061 3438 ap.
1089 3377 1288 3426 Surium
1321 3378 1381 3426 ad
1412 3378 1544 3427 diem
1571 3377 1630 3426 αι
1654 3378 1912 3441 Octobris;
1958 3383 2127 3433 Grece
2161 3398 2222 3434 ex
2258 3387 2368 3436 cod.
2395 3399 2484 3436 ms.
2515 3386 2667 3438 Paris.
2699 3401 2730 3438 η
2779 3389 2939 3452 ιιδδ.)

245 3723 324 3778 Α’.
356 3722 512 3782 Ἔτος
540 3718 640 3788 μὲν
674 3718 775 3787 ἤδη
810 3716 1070 3786 πέμπτον
1104 3717 1414 3788 ἐνειστήκει
1446 3714 1524 3782 τῷ
1553 3715 1759 3768 εὐσεϐιί

1947 3715 1983 3770 1.
2029 3717 2271 3772 Instabat
2300 3718 2411 3788 jam
2445 3719 2672 3788 quintus
2718 3735 2917 3787 annus,
2964 3737 3026 3776 ex
3060 3737 3170 3792 quo
3213 3721 3466 3781 Justinus

199 3813 498 3882 Ἶουστίνῳ,
567 3813 666 3881 τῆς
723 3808 1008 3879 Ῥωμαίων
1061 3809 1238 3879 ἀρχῆς
1303 3811 1414 3863 τῶν
1473 3813 1772 3880 σκήπτρων

185 3905 606 3976 ἐπειλημμένῳ,
631 3903 794 3974 ὴνὶκα
823 3903 919 3955 καὶ
940 3900 1219 3954 Αἰθιόπων
1256 3902 1553 3955 Ἐλεσϐαὰν
1577 3898 1768 3972 ἦρχεν,

183 3998 332 4068 ἀνὴρ
412 4000 499 4051 ἐπ’
534 3997 789 4068 εὐσεϐείᾳ
832 3995 927 4049 καὶ
956 3992 1273 4066 δικαιοσύνῃ
1315 3994 1571 4047 πλείστου
1620 3993 1772 4065 παρὰ

182 4095 358 4147 πᾶσιν
396 4091 699 4162 ἠξιωμένος
750 4091 1035 4160 ὀνόματος,
1086 4089 1144 4141 ἐν
1189 4087 1450 4161 Αὐξούμῃ
1495 4087 1648 4141 πόλει
1705 4089 1771 4142 τὰ

183 4184 439 4256 βασίλεια
521 4181 968 4244 κατεσκευακὼς.
1033 4181 1291 4251 Ἐκράτει
1358 4180 1415 4232 δὲ
1509 4179 1604 4231 καὶ
1673 4179 1771 4248 τῆς

180 4279 523 4344 Εὐδαίμονος
587 4274 869 4345 Ἀραϐίας,
909 4275 1005 4343 τῆς
1064 4271 1228 4323 πάλαι
1278 4270 1380 4340 μὲν
1429 4270 1601 4333 Σαϐᾶ,
1653 4274 1766 4325 νυνὶ

178 4371 242 4424 δὲ
287 4365 642 4438 Ὀμηρίτιδος
695 4363 1063 4432 καλουμένης,
1106 4363 1348 4417 Δουναάν
1380 4380 1464 4426 τις
1514 4363 1766 4432 Ἐϐραῖος

177 4462 324 4531 ἀνὴρ
356 4457 621 4526 δυσσεϐὴς
686 4455 781 4506 καὶ
816 4453 891 4524 τῷ
922 4453 1031 4507 τῶν
1069 4454 1418 4524 Χριστιανῶν
1451 4451 1598 4520 γένει
1645 4451 1766 4505 δια-

178 4553 460 4621 φερόντως
498 4548 780 4615 πολέμιος.
824 4545 919 4607 Ὃς
947 4545 1194 4606 καὶτοὺς
1227 4543 1331 4595 ὐπὸ
1363 4546 1525 4610 χεῖρα
1560 4544 1764 4602 πάντας

175 4644 580 4713 ὲκπεριτόρους
635 4635 804 4708 εἶχεν,
853 4635 947 4698 οὓς
989 4637 1090 4706 μὲν
1149 4634 1541 4698 ἰουδαΐζοντας,
1587 4632 1681 4696 οὓς
1707 4633 1761 4685 δὲ

126 4733 132 4739 “
175 4743 276 4794 καὶ
307 4738 554 4808 ἀκριϐῶς
600 4732 1005 4804 ὲλληνίζοντας,
1063 4731 1296 4794 θύοντας
1341 4730 1476 4799 ἡλίῳ
1526 4732 1621 4780 καὶ
1677 4746 1764 4781 σε.

171 4836 317 4904 λήνῃ
343 4833 437 4885 καὶ
460 4830 733 4900 δαίμοσιν,
767 4827 858 4890 οὓς
888 4826 996 4896 ἄρα
1024 4823 1121 4876 καὶ
1163 4825 1304 4876 κατὰ
1349 4825 1437 4876 τὸν
1467 4823 1760 4894 ἐπιχώριον

170 4928 379 4995 τρόπον
433 4922 717 4990 ἀγάλμασι
749 4921 843 4971 καί
873 4918 1094 4988 στήλαις
1123 4915 1347 4985 ἐτίμων.
1391 4915 1760 4984 Ἀπηχοάνετο

169 5019 228 5070 δὲ
291 5018 387 5069 καὶ
443 5013 519 5082 τῷ
563 5008 860 5065 Ἐλεσϐαὰν
892 5011 919 5060 ό
962 5008 1235 5076 Ἐϐραῖος,
1278 5005 1358 5058 ὅτι
1413 5005 1476 5075 δὴ
1537 5007 1756 5058 πάντων

1877 3821 2167 3878 acceperat
2213 3821 2428 3880 sceptra
2485 3810 2716 3865 Romani
2765 3811 2982 3881 imperii
3023 3829 3035 3864 :
3087 3829 3195 3883 quo
3242 3814 3463 3884 quidem

1874 3912 2116 3970 tempore
2145 3903 2446 3972 imperabat
2468 3903 2630 3957 etiam
2658 3902 3010 3972 Ethiopibus
3036 3904 3321 3966 Elesbaan,
3358 3908 3458 3972 vir,

1872 3996 1962 4066 qui
1987 4004 2210 4066 propter
2234 3996 2491 4066 pietatem
2517 4005 2570 4050 et
2590 3995 2884 4066 justitiam,
2913 3997 3054 4065 apud
3077 4011 3268 4050 omnes
3292 3999 3463 4051 maxi-

1874 4104 2022 4143 mum
2069 4103 2267 4142 nomen
2314 4087 2415 4142 fuit
2467 4097 2840 4143 consecutus:
2894 4088 2948 4142 in
3001 4088 3224 4142 civitate
3274 4099 3458 4144 autem

1873 4185 2119 4235 Auxume
2152 4181 2355 4250 regiam
2386 4190 2788 4236 construxerat.
2825 4181 3038 4234 Ditione
3068 4181 3287 4235 tenebat
3319 4183 3458 4236 Ara-

1869 4275 2012 4329 biam
2045 4270 2276 4327 Felicem
2317 4287 2438 4342 quae
2461 4271 2588 4326 olim
2624 4272 2841 4342 quidem
2877 4270 3038 4335 Saba,
3088 4289 3236 4329 nunc
3270 4283 3454 4330 autem

1869 4378 2092 4422 vocatur
2117 4365 2427 4428 Homeritis,
2467 4364 2694 4419 Dunaan
2725 4365 3003 4429 Hebrans,
3040 4367 3122 4419 vir
3153 4367 3370 4433 impius,
3396 4376 3453 4420 et

1866 4457 2304 4512 Christianorum
2359 4458 2543 4528 generi
2599 4458 3010 4512 inimicissimus
3064 4478 3076 4510 :
3137 4458 3230 4528 qui
3284 4460 3450 4516 etiam

1866 4565 2076 4614 omnes,
2126 4550 2402 4616 quierant
2459 4551 2511 4602 in
2562 4564 2658 4602 sua
2694 4557 2986 4618 potestate,
3035 4549 3270 4606 habebnt
3338 4553 3450 4606 cir-

1867 4641 2156 4706 cumcisos,
2210 4641 2408 4711 partim
2460 4639 2677 4709 quidem
2712 4637 2992 4694 Judaicam
3026 4653 3315 4711 sequentes
3348 4658 3445 4696 su-

1865 4735 2265 4804 perstitionem,
2320 4734 2520 4802 partim
2567 4745 2748 4788 autem
2801 4734 2958 4802 plane
3005 4735 3230 4804 gentiles
3259 4735 3356 4788 soli
3391 4745 3447 4788 et

1864 4827 2005 4880 luna:
2035 4826 2405 4880 sacriﬁcantes
2433 4835 2486 4878 et
2529 4825 2890 4889 dmnionibus,
2921 4842 3056 4893 quos
3095 4837 3257 4879 etiam
3293 4841 3444 4880 more

1862 4917 2036 4990 gentis
2069 4917 2407 4972 honorabant
2441 4917 2636 4973 statuis
2658 4926 2713 4972 et
2742 4919 3030 4972 columnis.
3066 4917 3233 4974 Porro
3259 4928 3441 4976 autem

1863 5013 1930 5064 ab
1971 5005 2231 5062 Elesbaan
2263 5009 2386 5063 odio
2422 5007 2723 5063 habebatur
2757 5007 3036 5071 llebrmus,
3088 5011 3229 5077 quod
3262 5011 3443 5062 omni-

173 5109 364 5178 σχεδὸν
403 5108 510 5160 τῶν
554 5106 647 5157 ὐπ’
681 5101 911 5172 οὐρανὸν
971 5101 1062 5152 τὸν
1094 5098 1334 5170 Χριστὸν
1373 5103 1754 5169 κηρυττόντων

1863 5103 1963 5157 bus
1990 5101 2121 5165 fere,
2153 5102 2244 5170 qni
2273 5109 2401 5154 sunt
2433 5102 2537 5155 sub
2587 5102 2748 5162 coelo,
2781 5099 3059 5153 Christum
3093 5099 3260 5153 Deum
3300 5117 3437 5171 pra:-

171 5203 305 5254 Θεὸν
352 5202 446 5251 καὶ
492 5197 627 5250 Θεοῦ
671 5197 799 5249 Υῑδν
831 5192 1032 5261 ἀληθῆ,
1069 5194 1164 5245 καλ⁵
1204 5193 1336 5261 ἡμῖν
1378 5192 1562 5261 ὅμοιον
1615 5191 1755 5244 κατὰ

171 5295 268 5362 τὴν
296 5293 475 5360 σάρκα
507 5290 823 5358 γενόμενον,
858 5287 1022 5349 αὐτὸς
1075 5287 1285 5340 ἀθετῶν
1319 5288 1621 5355 ἀπηρνεῖτο
1661 5287 1756 5338 καὶ

171 5385 263 5436 τὸν
299 5383 424 5433 Υὶὸν
466 5381 560 5433 καὶ⁵
601 5379 698 5448 τὴν
732 5381 1030 5449 σάρκωςιν,
1082 5378 1390 5442 συσκιὰζων
1433 5379 1493 5431 τὸ
1531 5381 1625 5431 ἐπὶ
1679 5379 1756 5448 τῷ

171 5474 393 5543 σταυρῷ
443 5474 550 5524 τῶν
600 5471 851 5542 πατέρων
895 5471 1179 5541 ἁνὸμημα,
1234 5473 1307 5534 ὼς
1352 5471 1447 5524 καὶ⁹
1488 5472 1752 5534 πολλάκις

167 5569 315 5638 αὐτῴ
352 5567 698 5635 συμϐαλόντα
749 5567 840 5618 τὸν
897 5566 1100 5637 εὐσεϐῆ
1152 5566 1400 5636 βασιλέα,
1441 5565 1749 5638 τρέψασθαι

163 5679 221 5712 τε
259 5656 557 5713 αὐτὸν-ἀνὰ
590 5658 810 5728 κράτος,
839 5659 929 5708 καὶ
963 5659 1162 5726 φόρους
1193 5657 1504 5723 ἀναγκάσαι
1550 5657 1745 5710 τελεῖν.

165 5749 280 5810 Εἶθ’
323 5751 498 5813 οὓτως
543 5751 750 5805 ἐκεῖνον
795 5749 892 5819 μὲν
942 5750 1041 5812 τὰς
1085 5748 1364 5818 συνθήκας
1411 5749 1743 5819 ὴθετηκότα,

166 5842 634 5910 κατεξαναστῆναι
667 5842 760 5895 τοῦ
820 5840 1085 5911 βασιλέως
1145 5841 1467 5899 Ἐλεσϐαάν.
1527 5843 1630 5896 Τὸν
1689 5843 1743 5894 δὲ

1859 5193 2188 5256 dieantibus,
2227 5203 2278 5247 et
2316 5208 2502 5247 verum
2552 5191 2646 5246 Dei
2687 5191 2910 5254 Filium,
2939 5202 2993 5245 et
3044 5192 3201 5247 nobis
3233 5191 3436 5247 factum

1859 5299 2020 5338 carne
2063 5284 2316 5349 similem,
2353 5285 2466 5354 ipse
2517 5298 2642 5337 eum
2691 5282 3052 5351 vilipendens,
3096 5283 3440 5336 inﬁciabatur

1859 5375 1972 5430 haec
1995 5375 2197 5440 omnia,
2234 5375 2420 5429 velans
2454 5385 2508 5429 et
2539 5378 2868 5429 adumbrans
2904 5389 3128 5428 suorum
3162 5375 3429 5444 majorum

1859 5471 2059 5530 scelus,
2094 5469 2236 5538 quod
2270 5470 2321 5520 in
2352 5482 2512 5522 cruce
2548 5467 2900 5530 admiserant,
2937 5467 3074 5521 adeo
3102 5477 3159 5520 ut
3187 5481 3279 5520 rex
3311 5469 3434 5535 pius

1848 5577 1989 5632 saepe
2020 5575 2142 5615 eum
2169 5575 2234 5615 eo
2257 5559 2396 5616 bello
2424 5573 2768 5629 congressus,
2803 5559 2850 5611 vi
2884 5558 3084 5612 fuderit
3111 5571 3172 5610 ac
3207 5555 3428 5628 fugarit,

1847 5668 1902 5711 ct
1953 5655 2216 5709 tributum
2249 5653 2488 5724 pendere
2535 5653 2793 5722 coegerit.
2829 5650 3028 5704 Verum
3066 5649 3158 5704 ille
3205 5651 3426 5720 quidem

1847 5761 1953 5800 non
1980 5754 2131 5800 stans
2162 5746 2334 5815 pactis
2363 5742 2667 5807 conventis,
2702 5741 2996 5795 insurrexit
3022 5752 3210 5796 contra
3245 5754 3424 5812 regem

1848 5839 2131 5894 Elesbaan.
2169 5839 2433 5895 Elesbaan
2461 5846 2641 5892 autem
2676 5848 2799 5890 eum
2829 5850 3020 5890 rursus
3065 5833 3244 5888 valido
3271 5834 3428 5888 ador-
