3990 6442
535 363 663 428 1251

1788 359 2062 418 MENSIS
2103 358 2465 417 OCTOBER.

3636 357 3767 419 1252

534 487 620 528 tus
655 476 914 539 exercitu,
953 476 1161 531 fortiter
1193 477 1536 547 expugnavit.
1571 486 1624 530 et
1668 478 1717 527 in
1761 475 1937 543 fugam
1971 490 2068 526 con

2229 475 2366 526 ιάλιν
2396 476 2556 544 βαρεῖ
2579 475 2798 545 στρατῷ
2830 475 2952 528 κατ’
2979 474 3144 528 αὑτοῦ
3173 477 3499 537 ἐπελθόντι,
3527 495 3772 542 καταγω-

535 565 712 618 vertit.
748 566 988 634 Denique
1019 567 1082 619 ad
1112 567 1257 619 illum
1290 567 1586 620 cavendum
1624 566 1808 618 relicto
1831 566 2092 625 exercitu,

537 657 588 709 in
628 673 777 709 suam
819 658 976 710 rediit
1005 659 1287 712 ditionem.

607 829 670 882 ll.
717 829 931 882 Interim
969 845 1073 883 non
1109 839 1314 896 poterat
1348 828 1601 882 ilebrrcus
1647 829 1950 897 quiescere.
2005 826 2097 881 sed

538 934 595 974 ut
646 932 877 989 accepta:
924 922 1089 976 cladis
1137 921 1341 973 deleret
1391 921 1758 991 ignominiam,
1803 934 1922 972 curn
1975 933 2100 970 suos

541 1013 863 1081 collegisset,
897 1023 948 1064 et
982 1028 1093 1075 eos,
1129 1012 1219 1079 qui
1261 1021 1413 1064 erant
1462 1013 1514 1064 iit
1562 1010 1832 1078 praesidio,
1877 1009 2101 1062 invasis-

540 1111 642 1168 set,
681 1121 868 1159 omnes
899 1105 1035 1157 bello
1078 1104 1331 1173 perdidit,
1361 1115 1415 1157 et
1456 1104 1615 1172 jussit
1652 1117 1858 1162 omnes,
1903 1103 1990 1170 qui
2023 1103 2103 1154 iii-

540 1195 896 1248 veniebantur
927 1195 1200 1248 Christum
1235 1211 1353 1247 esse
1385 1194 1549 1246 Deum
1585 1193 1927 1252 conﬁtentes.
1967 1195 2100 1247 citra

543 1288 705 1339 ullam
744 1287 964 1338 interire
999 1284 1444 1337 misericordiam.
1481 1283 1670 1337 Nullus
1703 1294 1881 1336 autem
1911 1283 2009 1336 fuit
2038 1300 2101 1336 ex

543 1380 632 1440 iis,
669 1380 755 1446 qui
787 1387 936 1429 erant
969 1379 1068 1430 sub
1095 1379 1229 1444 ipso,
1266 1376 1607 1432 Christianis.
1637 1377 1725 1443 qui
1764 1391 1818 1427 se
1848 1391 1952 1426 non
1980 1375 2104 1427 huic

548 1470 715 1537 impio
749 1470 925 1522 edicto
955 1469 1263 1522 submiserit
1293 1469 1434 1520 illius
1479 1470 1642 1520 animi
1682 1467 1976 1520 formidans
2010 1481 2107 1517 sa:-

547 1563 754 1614 vitiam.
783 1561 1031 1625 Quaedam
1058 1571 1236 1612 tamen
1259 1559 1446 1612 civitas
1475 1561 1728 1627 frequens
1758 1559 1974 1626 populo,
2008 1558 2105 1609 sita

549 1649 603 1701 in
637 1649 984 1713 Homeritide,
1013 1665 1132 1716 quae
1166 1659 1385 1704 vocatur
1413 1648 1642 1717 Nagran,
1671 1664 1787 1698 cum
1813 1649 1922 1715 jam
1952 1648 2108 1716 longo

550 1743 748 1796 abhinc
800 1752 1038 1810 tempore
1072 1741 1305 1794 venisset
1351 1741 1414 1793 ad
1462 1741 1792 1810 agnitionem
1848 1740 2108 1800 veritatis,

2199 565 2449 617 νίσασθαί
2483 583 2541 617 τε
2599 566 2882 634 γενναίως,
2925 565 3017 616 καί
3081 566 3290 633 φυγάδα
3345 567 3770 632 παρασκευάσαι

2199 655 2476 720 γενέσθαι.
2515 652 2644 707 Εἶτα
2685 657 2819 725 πρὸς
2854 657 3103 722 φυλακὴν
3144 658 3356 706 ἐκείνου
3394 655 3770 707 καταλιπόντα

2203 748 2448 812 στρατὸν,
2493 749 2567 806 εἰς
2597 747 2692 814 τὴν
2725 747 2928 798 οἰκείαν
2955 746 3110 808 αὖθις
3144 747 3310 814 ἀρχὴν
3337 747 3705 813 ὑποστρέψαι.

2272 835 2345 887 B'.
2395 836 2479 886 Ἐν
2498 836 2702 896 τούτοις
2718 836 2808 888 τδν
2850 836 3095 904 Ἐδραῖον
3123 839 3219 886 οὐκ
3247 833 3312 903 ἦν
3351 836 3584 902 ἠρεμεῖν
3611 853 3626 868 ο
3660 835 3772 888 ἀλλ’

2203 928 2388 996 ὥσπερ
2419 927 2515 997 τὴν
2538 923 2706 996 ἧτταν
2729 927 3193 994 ἀνακαλούμενον,
3223 925 3623 992 συλλεξάμενον
3652 928 3774 987 τοὶς

2203 1019 2460 1080 οἰκείους,
2498 1021 2592 1070 καὶ
2625 1023 2738 1080 τοῖς
2767 1019 2866 1086 τὴν
2900 1019 3146 1086 φυλακὴν
3179 1017 3392 1086 ἔχουσιν
3419 1017 3772 1082 ἐπιθέμενον,

2206 1112 2428 1180 πολέμῳ
2467 1127 2520 1161 τε
2551 1110 2798 1172 ἅπαντας
2855 1110 3185 1177 διαφθεῖραι,
3217 1109 3313 1161 καὶ
3360 1107 3771 1170 κελεῦσαιτοίις

2207 1204 2625 1272 εὑρισκομένους
2641 1201 2772 1253 Θεὸν
2799 1203 2888 1254 τὸν
2916 1203 3148 1271 Χριστὸν
3172 1200 3572 1270 ὁμολογοῦντας
3627 1200 3774 1266 παρά

2208 1297 2315 1346 πᾶν
2351 1293 2494 1354 ἔλεος
2538 1293 2971 1361 διαφθείρεσθαι.
3021 1290 3128 1344 'llv
3175 1290 3268 1346 οὖν
3305 1294 3479 1353 οὐδεὶς
3520 1292 3633 1342 τῶν
3684 1290 3775 1342 ὑπ’

2208 1387 2356 1457 αὐτῷ
2382 1385 2678 1438 τελούντων
2737 1387 3101 1455 Χριστιανῶν,
3157 1387 3214 1448 ὃς
3256 1386 3350 1453 οὐχ
3379 1385 3669 1436 ὑπέκυπτε
3701 1383 3776 1448 τῷ

2209 1481 2459 1533 δυσσεϐεῖ
2504 1481 2679 1548 τούτῳ
2740 1479 3144 1548 προστάγματι,
3197 1478 3292 1543 τῆς
3331 1475 3515 1543 ψυχῆς
3560 1475 3776 1541 ἐκείνης

2211 1573 2427 1641 τρέμων
2462 1573 2558 1640 τὴν
2581 1571 2903 1640 ἀγριότητα.
2941 1569 3098 1630 Πόλις
3137 1570 3197 1632 γέ
3234 1586 3313 1631 τις
3348 1567 3779 1635 πολυάνθρωπος

2214 1665 2316 1716 ὑπ’»
2339 1664 2428 1716 τὸν
2474 1664 2774 1733 Ὀμηρίτην
2799 1661 3024 1730 κειμένη
3058 1661 3366 1727 καλουμένη
3398 1660 3653 1726 Ναγρὰν,
3687 1675 3780 1709 συ-

2215 1758 2341 1826 χνὸν
2366 1757 2466 1825 ἤδη
2509 1758 2698 1825 χρόνον
2731 1757 2811 1815 εἰς
2861 1753 3156 1818 ἐπίγνωσιν
3220 1750 3446 1800 ἐλθοῦσα
3499 1749 3602 1815 τῆς
3654 1750 3782 1816 ἀλη-

548 1845 602 1888 et
630 1834 882 1900 pietatem
912 1833 1256 1901 suscepisset,
1296 1849 1488 1898 nempe
1521 1849 1581 1884 ex
1616 1848 1723 1900 quo
1751 1833 2101 1885 Constantius

2229 1849 2386 1912 πίας,
2448 1851 2541 1900 και,
2593 1847 2686 1914 τὴν
2743 1845 3028 1897 εὐσέϐειαν
3096 1843 3496 1910 ἐπανελομένη,
3550 1841 3610 1902 ἐξ
3661 1843 3782 1892 δτου

550 1925 727 1994 magni
761 1919 1096 1976 Constantini
1127 1923 1286 1985 lilius,
1335 1923 1398 1975 ad
1437 1924 1676 1982 Sabxos,
1711 1923 1799 1990 qni
1854 1937 1995 1973 nunc
2025 1938 2114 1973 vo-

552 2024 742 2068 cantur
778 2014 1090 2077 llomeritaz,
1117 2014 1221 2067 orti
1248 2029 1375 2067 vero
1405 2025 1615 2068 suntex
1647 2016 1838 2065 (Ietnra
1867 2014 2114 2073 Abrahze,

553 2107 698 2159 misit
729 2106 929 2174 legatos
958 2123 969 2158 :
1005 2115 1056 2157 et
1108 2121 1234 2175 rege
1269 2105 1413 2157 illius
1442 2105 1617 2174 geniis
1666 2104 1982 2157 muneribus
2013 2104 2112 2156 sibi

552 2196 861 2258 conciliato,
914 2195 1200 2248 :ediiicavit
1246 2197 1344 2247 hac
1382 2196 1434 2247 in
1489 2195 1704 2247 civitate
1756 2195 2033 2253 ecclesias,
2064 2203 2117 2246 et

555 2286 841 2353 quemdam
901 2285 1077 2337 virum
1135 2287 1304 2352 pium,
1351 2289 1437 2352 qui
1495 2287 1558 2336 ad
1606 2289 1763 2337 vitam
1823 2286 2120 2337 declinarat

557 2376 936 2437 monasticam,
969 2387 1023 2429 et
1053 2377 1341 2428 moralibus
1377 2386 1429 2428 et
1458 2376 1646 2429 activis
1680 2377 1972 2430 virtutibus
2003 2385 2119 2430 erat

557 2483 803 2536 magnus.
837 2476 997 2535 atque
1021 2466 1154 2519 adeo
1181 2465 1432 2518 omnibus
1459 2465 1539 2518 sui
1566 2468 1821 2534 temporis
1848 2468 2116 2534 superior,

560 2562 726 2616 misit.
783 2569 840 2612 tit
893 2570 1145 2627 pra-esset
1195 2559 1280 2621 iis,
1313 2560 1400 2626 qui
1451 2559 1515 2611 ad
1549 2575 1726 2612 veram
1779 2570 2122 2614 accesserant

560 2649 895 2717 religionem.
947 2649 1066 2711 Quo
1091 2649 1308 2716 quidem
1357 2659 1597 2718 tempore
1629 2648 1828 2702 JUIiIRlS
1866 2655 2125 2704 resisten-

562 2743 722 2804 tibus,
753 2750 806 2793 et
847 2737 1074 2793 barbaro
1107 2740 1480 2801 suadentibus,
1513 2756 1579 2793 ne
1603 2751 1708 2793 tam
1746 2740 1900 2794 facile
1943 2741 2126 2808 hOSpi-

561 2841 666 2885 tem
699 2831 1006 2884 admitteret
1051 2832 1105 2884 in
1151 2831 1448 2895 civitatem,
1483 2847 1654 2899 neque
1699 2832 1840 2884 circa
1876 2845 1961 2882 res
1992 2830 2124 2882 divio

563 2938 659 2974 nas
705 2923 908 2989 aliquid
936 2923 1238 2980 innovarct,
1269 2921 1371 2972 nisi
1408 2921 1556 2987 prius
1591 2924 1672 2971 vir
1704 2920 1986 2985 religiosus
2024 2918 2126 2972 ali-

559 3015 702 3081 quod
747 3014 960 3083 signum
993 3013 1322 3072 ostenderet,
1369 3012 1659 3082 (quomodo
1707 3012 1881 3066 solent
1914 3014 1999 3066 isti
2035 3029 2127 3083 pe-

564 3113 694 3167 tere,
728 3115 784 3156 ut
813 3105 901 3172 qui
939 3106 1050 3158 sint
1079 3106 1361 3173 increduli)
1399 3106 1542 3173 quod
1577 3105 1792 3172 quidem
1838 3105 1882 3158 si
1917 3106 2127 3172 praesti-

564 3196 710 3257 terit,
747 3203 873 3247 tunc
905 3195 954 3247 ei
1004 3195 1328 3248 concederet
1365 3198 1666 3262 ingressum
1703 3195 1756 3245 in
1807 3196 2083 3245 civitatem
2113 3210 2127 3247 :

565 3283 654 3336 ille
688 3282 885 3337 divinis
917 3284 1084 3338 fretus
1117 3283 1418 3353 promissis,
1453 3281 1596 3350 quod
1643 3281 1794 3352 signa
1836 3290 2132 3350 sequentur

564 3389 678 3430 eos.
701 3373 791 3440 qui
815 3373 1164 3434 crediderint,
1189 3371 1379 3423 annuit
1399 3371 1508 3424 cira
1527 3371 1684 3422 ullam
1702 3370 2125 3425 dubitationem:

564 3471 621 3511 et
666 3474 854 3510 eorum
899 3473 1018 3526 quae
1063 3459 1398 3527 petebantur,
1448 3458 1830 3511 miraculorum
1881 3474 2129 3525 magnam

566 3547 804 3600 ostendit
835 3547 1231 3614 operationem.
1272 3545 1352 3595 Ab
1397 3544 1484 3594 illo
1521 3546 1630 3608 jam
1673 3551 1916 3611 tempore
1944 3545 2132 3596 civitas

572 3634 856 3685 Dominum
892 3645 1023 3698 pure
1049 3631 1254 3692 colens,
1283 3639 1337 3681 et
1365 3629 1665 3683 orthodoxa
1689 3630 1997 3683 divinorum
2031 3633 2133 3684 Pa-

570 3734 709 3776 trum
753 3738 986 3791 sequens
1015 3723 1284 3792 dogmata,
1334 3724 1733 3790 perseverabat,
1772 3723 1816 3776 si
1859 3724 1986 3792 quid
2020 3736 2134 3779 erat

573 3811 720 3873 mali,
769 3813 1052 3880 repellere,
1112 3821 1167 3863 et
1217 3811 1447 3864 alienam
1498 3812 1735 3881 efl'ugere
1794 3813 2129 3882 religionem,

569 3905 703 3957 adeo
733 3914 788 3956 ut
815 3906 1019 3958 sineret
1048 3903 1264 3971 quidem
1287 3919 1404 3956 eam
1439 3904 1506 3956 ad
1529 3919 1694 3956 aures
1723 3909 2026 3972 pervenire.

645 4126 729 4180 Ill.
774 4125 1023 4180 lnvidens
1050 4141 1178 4198 ergo
1207 4126 1492 4196 malignus,
1521 4135 1715 4191 totum,
1743 4139 1976 4194 quantus
2000 4139 2133 4194 erat,

571 4221 794 4274 subiens
843 4219 1146 4282 Hebraeum,
1175 4233 1301 4271 cum
1340 4228 1514 4270 armat
1539 4220 1797 4272 adversus
1843 4221 2134 4284 civitatem,

576 4313 772 4378 partim
807 4311 1024 4376 quidem
1056 4311 1284 4376 opinans
1317 4306 1454 4370 fore,
1492 4319 1550 4360 ut
1583 4308 1634 4360 id
1676 4319 1821 4362 esset
1851 4311 2135 4364 molestum

576 4405 664 4472 pio
701 4405 806 4471 regi
836 4401 1156 4469 Ethiopuin
1187 4418 1202 4455 :
1242 4401 1437 4470 partim
1470 4411 1651 4454 autem
1687 4417 1754 4458 eo
1784 4414 2054 4471 spectans,
2082 4419 2139 4455 ut

2219 1941 2592 1997 Κωνστέιντιος
2661 1939 2688 1988 6
2752 1936 2845 1988 τοῦ
2914 1935 3150 2004 μεγάλου
3221 1931 3642 1985 Κωισταντίνου
3678 1935 3787 1992 υἱὸς

2217 2033 2352 2100 προς
2384 2029 2649 2087 Σαῦαίους
2682 2028 2806 2088 τοὺς
2857 2025 2951 2077 νῦν
3016 2025 3338 2095 Ὀμηρίτας,
3386 2023 3513 2084 τοὺς
3573 2024 3638 2074 ἐκ
3691 2023 3786 2090 τῆς

2218 2121 2495 2189 Χετούρας
2521 2118 2597 2185 τῷ
2639 2117 2887 2187 Ἀϐραὰμ
2913 2118 3247 2186 γενομένους
3283 2115 3584 2184 πρεσϐείαν
3616 2117 3790 2166 ἐστεί-

2219 2213 2366 2277 λατο,
2405 2214 2496 2263 καὶ
2519 2212 2711 2278 δώροις
2737 2210 3156 2277 οἰκειωσάμενος
3185 2209 3275 2261 τὸν
3297 2208 3390 2260 τοῦ
3418 2209 3609 2269 ἔθνους
3637 2207 3788 2275 βασι-

2221 2305 2337 2366 λέα,
2358 2302 2649 2370 ἐκκλησίας
2676 2317 2733 2352 τε
2766 2301 3040 2370 ἐδείματο,
3083 2299 3175 2352 καί
3202 2317 3320 2352 τινα
3348 2299 3598 2369 θεόσιλον
3625 2302 3793 2370 ἄνδρα

2225 2397 2358 2464 πρδς
2397 2397 2481 2447 τὶν
2531 2394 2818 2463 μοναδικδν
2863 2393 3236 2446 ἀποκλίναντα
3292 2393 3430 2462 βίον,
3479 2395 3576 2447 καὶ
3621 2396 3794 2463 μέγαν

2223 2487 2516 2557 ὲνὴθικαίς
2570 2505 2626 2538 τε
2665 2487 2756 2538 καί
2805 2488 3139 2554 πρακτικαῖς
3193 2487 3445 2553 ἀρεταῖς,
3514 2489 3607 2536 καὶ
3658 2487 3795 2552 ὑπὲρ

2222 2585 2347 2644 τοὺς
2370 2583 2490 2634 τότε
2524 2582 2730 2640 πάντας
2761 2580 3077 2646 γενόμενον,
3113 2580 3189 2638 εἰς
3227 2579 3566 2643 προστασίαν
3593 2575 3702 2628 τῶν
3733 2580 3794 2643 τῇ

2224 2674 2480 2741 εὐσεϐείᾳ
2530 2669 2926 2736 συντιθεμένων
2967 2667 3299 2737 ἐξέπεμπεν.
3358 2669 3492 2720 Ὀτε
3545 2669 3644 2720 καὶ
3689 2667 3794 2719 τῶν

2239 2765 2511 2816 Ἰουδαίων
2580 2761 2996 2830 ἀνθισταμένων
3069 2763 3164 2814 καὶ
3232 2762 3640 2816 ἀναπειθόντων
3708 2765 3797 2813 τὸν

2229 2856 2526 2928 βαρῦαρον,
2560 2859 2632 2927 μὴ
2675 2859 2982 2930 προχείρως
3011 2855 3154 2910 οὓτω
3181 2856 3331 2919 ξένον
3362 2856 3442 2918 είς
3493 2857 3596 2924 τὴν
3648 2856 3797 2906 πολι-

2227 2953 2377 3002 τείαν
2408 2951 2773 3014 εἰσδέξασθαι,
2814 2952 2951 3020 μηδὲ
2998 2954 3126 3020 περὶ
3157 2953 3224 3002 τὰ
3262 2950 3380 3001 θεῖα
3428 2949 3798 3018 νεωτερίζειν,

2231 3045 2276 3093 εἰ
2319 3045 2390 3110 μή
2429 3059 2480 3092 τι
2522 3043 2788 3111 πρότερον
2827 3045 3054 3110 σημεῖον
3087 3044 3115 3094 ό
3155 3041 3402 3107 θενῦφιλος
3444 3041 3798 3108 ἐπιδείξαιτο,

2154 3160 2198 3221 C
2231 3126 2318 3183 οἷα
2350 3132 2414 3200 δὴ
2458 3130 2626 3183 πολλα
2674 3130 2884 3194 τούτοις
2929 3130 3005 3194 ὼς
3055 3131 3305 3194 ἀπίστοις
3349 3133 3612 3186 ἀπαιτεῖν
3660 3135 3799 3196 ἔθος,

2234 3231 2325 3280 καὶ
2370 3229 2487 3280 τότε
2541 3227 2944 3297 παραχωρῆσαι
3000 3227 3151 3298 αὐτῷ
3199 3228 3298 3296 τῆς
3352 3229 3432 3290 είς
3483 3231 3586 3296 τὴν
3649 3231 3801 3281 πόλιν

2230 3319 2456 3383 είσόδου,
2489 3319 2696 3371 ἐκεῖνον
2715 3321 2831 3380 ταῖς
2854 3317 3024 3380 θείαις
3043 3319 3396 3387 ἐπαγγελίαις
3418 3319 3801 3390 θαρρήσαντα,

2229 3412 2312 3466 ὅτι
2351 3411 2550 3477 σημεῖα
2603 3411 2714 3468 τοῖς
2767 3409 3093 3460 πιστεύσασι
3141 3411 3645 3480 παρακολουθήσει,
3689 3416 3802 3463 ἐπι-

2231 3501 2421 3553 νεῦσαι
2459 3516 2519 3551 τε
2565 3497 3012 3562 ἀνεπιδοιάστως,
3073 3499 3167 3551 καὶ
3220 3500 3420 3568 πολλὴν
3475 3502 3588 3553 τῶν
3639 3506 3803 3554 ἀπαι-

2236 3592 2516 3662 τουμένων
2580 3591 2873 3662 θαυμάτων
2916 3592 3291 3656 ἐπιδείξασθαι
3343 3593 3440 3663 τὴν
3492 3595 3802 3663 ἐνέργειαν.

2247 3684 2336 3749 Ἐξ
2367 3684 2591 3737 ἐκείνων
2623 3687 2725 3756 ἤδη
2753 3685 2862 3737 τῶν
2898 3687 3111 3754 χρόνων
3142 3687 3174 3754 ἡ
3222 3685 3374 3748 πόλις
3425 3686 3687 3757 καθαρῶς
3719 3687 3805 3741 λαο

2231 3779 2501 3846 τρεύουσα
2545 3777 2622 3846 τῷ
2661 3777 2801 3846 Θεῷ,
2849 3779 3079 3839 καὶτοῖς
3130 3778 3437 3846 όρθοδὸξοις
3487 3780 3600 3832 τῶν
3649 3781 3806 3833 θείων

2244 3868 2506 3936 Πατέρων
2562 3868 2854 3938 στοιχοῦσα
2910 3868 3168 3935 δόγμασι,
3233 3868 3460 3920 διετέλει
3521 3873 3635 3923 πᾶν
3683 3873 3711 3924 ὅ
3757 3890 3807 3923 τι

2236 3961 2471 4029 πονηρὸν
2521 3961 2910 4029 ἀπωθουμένη,
2980 3959 3074 4009 καὶ
3131 3957 3434 4026 θρησκείαν
3511 3962 3805 4016 ἀλλόκοτον

2237 4049 2362 4118 ἄχρι
2393 4049 2522 4115 γοῦν
2556 4053 2650 4101 καὶ
2683 4049 2853 4116 ἀκοῆς
2909 4047 3317 4115 ἀποφεύγουσα.

2309 4139 2380 4195 Γ’.
2426 4141 2702 4210 Φθονήσας
2745 4140 2923 4193 τοίνυν
2965 4140 2994 4192 ὁ
3029 4140 3283 4208 πονηρὸς,
3318 4141 3412 4193 καὶ
3453 4139 3584 4193 δλον
3619 4143 3806 4195 ὑπεισ.

2236 4233 2327 4294 δὺς
2376 4234 2468 4285 τὸν
2507 4233 2785 4304 Ἐσραῖον,
2841 4232 3052 4297 ὁπλίζει
3095 4235 3235 4285 κατὰ
3286 4235 3386 4302 τῆς
3432 4236 3671 4299 πόλεως,
3717 4238 3808 4289 καὶ

2240 4325 2400 4386 αὐτὸς
2427 4323 2583 4374 τοῦτο
2614 4325 2713 4392 μὲν
2741 4324 3120 4392 προσδοκήσας
3148 4325 3340 4376 λυπεῖν
3371 4326 3459 4377 τὸν
3485 4329 3598 4378 τῶν
3633 4330 3809 4381 Αἰθιό-

2245 4431 2361 4465 πων
2397 4414 2593 4482 εύσεϐἦ
2639 4413 2887 4481 βασιλέα,
2925 4415 3081 4465 τοῦτο
3126 4413 3184 4466 δὲ
3233 4418 3324 4466 καὶ
3355 4415 3450 4483 τὴν
3495 4419 3641 4468 κατὰ
3683 4420 3813 4489 Χρι-

577 4494 631 4545 in
689 4493 960 4545 Christum
1018 4506 1168 4544 suam
1217 4491 1458 4560 expleret
1507 4491 1796 4554 insaniam,
1859 4503 1914 4546 et
1976 4509 2124 4560 genus

2250 4503 2375 4555 στοῦ
2403 4504 2603 4572 μανίαν
2636 4504 2951 4573 ἁποπλῆσαι
2987 4505 3226 4569 σκοπῶν,
3253 4507 3346 4557 καὶ
3374 4507 3436 4558 τὸ
3465 4508 3810 4572 Χριστιανῶν

577 4583 1012 4638 Christianorum
1046 4583 1270 4634 omnino
1301 4590 1592 4634 everteret.
1624 4583 1808 4650 Itaque
1837 4583 1985 4635 venit
2009 4583 2140 4634 vali-

576 4677 704 4726 dum
737 4672 1010 4725 adducens
1035 4670 1330 4724 exercitum
1355 4687 1368 4723 :
1395 4681 1449 4724 et
1478 4687 1596 4724 eum
1621 4672 1972 4726 circumcirca
2000 4681 2141 4727 esset

574 4773 1012 4824 castrametatus,
1047 4762 1293 4831 valloque
1341 4772 1397 4816 et
1430 4764 1573 4817 fossa
1610 4763 1806 4817 muenia
1839 4765 2143 4819 circumde-

576 4857 766 4916 disset,
803 4855 1014 4907 obsedit
1044 4854 1278 4922 Nagran,
1309 4855 1567 4908 minitans
1599 4870 1656 4908 se
1689 4856 1830 4907 illam
1867 4871 2142 4924 expugna-

575 4958 778 5006 turum,
802 4956 856 4998 et
886 4960 1094 5004 omnes.
1116 4947 1206 5014 qui
1235 4946 1289 4998 in
1321 4944 1436 5013 ipsa
1462 4955 1640 5009 erant,
1666 4945 2138 5014 interempturum,

576 5039 678 5090 nisi
733 5052 890 5089 cruce
941 5036 1172 5098 Domini,
1229 5052 1258 5088 a
1307 5037 1518 5089 civibus
1574 5037 1624 5088 in
1676 5038 1891 5090 excelso
1941 5036 2138 5105 posita,

573 5144 732 5196 quam
766 5127 1152 5181 exsecrationis
1181 5127 1567 5195 signumtproh
1591 5127 1800 5194 dolor!)
1830 5128 2022 5181 stultus
2050 5145 2140 5182 vo-

575 5220 752 5278 cabat,
787 5219 852 5271 ad
889 5218 1114 5271 nihilum
1169 5218 1407 5278 redacta,
1443 5217 1642 5271 deinde
1689 5220 1968 5273 Christum
2005 5236 2140 5287 quo.

570 5327 678 5385 que
705 5321 1012 5379 negassent,
1044 5311 1136 5380 qui
1169 5310 1347 5363 fuerat
1380 5311 1432 5362 in
1461 5326 1522 5364 ea
1553 5326 1868 5379 suspensus.
1899 5310 2050 5374 Quod
2076 5328 2140 5365 eo

571 5405 788 5471 quidem
817 5405 1041 5456 consilio
1072 5403 1323 5464 faciebat,
1359 5414 1416 5456 ut
1440 5419 1560 5457 cum
1593 5421 1684 5458 eos
1714 5405 1825 5468 illo,
1850 5405 1991 5472 (μιυά
2017 5408 2140 5458 inde

572 5496 848 5558 veniebat,
895 5495 1144 5562 prassidio
1195 5495 1474 5560 nudasset,
1525 5497 1626 5550 hoc
1678 5507 1782 5548 tam
1821 5497 1995 5549 valido
2043 5497 2138 5550 de-

574 5590 746 5641 fectos
783 5590 983 5640 auxilio
1018 5589 1216 5643 deinde
1245 5591 1549 5643 invaderet.
1584 5591 1812 5655 Quidam
1841 5606 1965 5657 ergo
1987 5606 2140 5643 exse-

575 5682 758 5733 crandi
819 5679 978 5748 hujus
1019 5682 1160 5748 regis
1211 5683 1490 5746 satellites,
1547 5686 1598 5735 in
1654 5687 1838 5735 orbem
1877 5686 2139 5737 obeuntes

576 5773 870 5836 civitatem,
926 5773 1115 5827 eadem
1166 5777 1647 5832 vociferabantur:
1694 5791 1765 5838 et.
1817 5781 1857 5831 si
1891 5791 2138 5846 parerent

2245 4599 2397 4664 γένος
2423 4599 2499 4658 εἰς
2533 4600 2675 4650 ἀπαν
2706 4596 2980 4666 ἐκτρῖψαι,
3009 4597 3176 4664 βαρὺν
3205 4597 3546 4666 ἑπαγόμενος
3583 4605 3812 4669 στρατὸν

2243 4689 2578 4756 ἀφικνεῖται,
2612 4690 2703 4741 καὶ
2737 4689 3349 4758 στρατοπεδευσάμενος
3379 4692 3534 4761 παρά
3566 4695 3630 4744 τε,
3661 4695 3814 4763 περί-

2245 4777 2423 4840 ϐολον,
2454 4780 2546 4829 καὶ
2573 4778 2791 4846 χάρακα
2825 4778 3026 4847 βαλὼν,
3057 4779 3152 4830 καὶ
3191 4782 3665 4850 περιταφρεύσας,
3691 4789 3814 4838 tito-

2244 4871 2451 4938 λιόρκει
2493 4870 2708 4938 Νεγράν
2738 4871 2880 4922 ἑλεῖν
2903 4886 2963 4921 τε
3017 4868 3187 4939 αὐτὴν
3212 4872 3476 4934 ἀπειλῶν,
3540 4879 3639 4926 καὶ
3689 4880 3811 4937 10-);

2245 4966 2303 5015 ὲν
2339 4966 2476 5032 αὐτῇ
2520 4967 2726 5026 πάντας
2753 4962 2983 5027 ἀνελεῖν,
3011 4963 3060 5014 εἰ
3096 4961 3170 5030 μὴ
3199 4963 3289 5016 τὸν
3310 4964 3417 5026 ἔξω
3461 4966 3664 5034 τειχῶν
3698 4969 3814 5019 ἀνε-

2247 5052 2592 5120 στηλωμένον
2643 5053 2700 5104 ὲν
2736 5049 3002 5120 μετεώρῳ
3051 5050 3145 5102 τοῦ
3204 5051 3414 5118 Κυρίου
3471 5057 3729 5122 σταυρτιν,
3759 5056 3811 5105 ὃν

2244 5143 2380 5211 ἀρᾶς
2415 5145 2604 5213 (οἶμοι)
2645 5143 2870 5210 σημεῖον
2913 5145 2942 5195 ό
2983 5128 3213 5209 ἀνόητος
3266 5143 3558 5206 ἀπεκάλει,
3604 5145 3808 5207 ἐξουδε-

2245 5234 2542 5297 νώσαντες,
2573 5231 2694 5286 εἶτα
2732 5233 2822 5284 τὸν
2859 5235 2914 5285 έν
2963 5233 3112 5300 αὐτῷ
3149 5232 3532 5301 κρεμασθέντα
3577 5234 3811 5303 Χριστὸν

2243 5329 2601 5394 ἀρνήσαιντο·
2637 5325 2823 5387 δεινῶς
2859 5326 3018 5378 τοῦτο
3046 5325 3138 5378 καὶ
3169 5325 3496 5394 πανούργως
3521 5329 3811 5398 ἐπινοήσας

2242 5422 2268 5470 ὁ
2294 5420 2595 5488 ἁλιτήριος,
2642 5419 2728 5470 ἵνα.
2767 5423 2864 5487 τῆς
2901 5421 3111 5472 ἐκεῖθεν
3149 5419 3452 5485 ἀσφαλείας
3495 5423 3809 5488 γυμνώσας,

2247 5506 2346 5560 εἷθ’
2397 5511 2541 5561 οὕτω
2592 5512 2687 5578 τῇς
2745 5513 2971 5580 ίσχυρᾶς
3023 5511 3224 5579 ταύτης
3265 5509 3518 5578 βοηθείας
3585 5514 3807 5583 ἐρήμοις

2244 5603 2394 5655 οὖσιν
2434 5603 2696 5656 ἐπίθοιτο.
2729 5605 2885 5666 Τινὲς
2928 5603 3022 5656 οὖν
3062 5605 3169 5657 τῶν
3241 5601 3335 5653 τοῦ
3380 5605 3578 5673 μιαροῦ
3625 5605 3807 5658 τούιου

2249 5695 2510 5762 βασιλέως
2532 5696 2911 5760 ὑπασπιστῶν,
2939 5697 3283 5765 περιθέοντες
3311 5694 3496 5766 κύκλῳ
3523 5699 3621 5766 τὴν
3640 5698 3804 5758 πόλιν,

2254 5787 2315 5836 -ιίι
2349 5786 2482 5837 αὐτὰ
2511 5786 2677 5838 ταῦτα
2710 5786 2904 5837 ἐϐόων·
2945 5787 3035 5838 καὶ
3067 5785 3420 5851 πειθομένους
3452 5788 3573 5855 μὲν,
3601 5785 3807 5856 δωρεῶν
