3990 6442
570 386 707 449 1263

1860 390 2143 451 MENSIS
2179 394 2547 454 OCTOBER.

3711 403 3841 468 1264

566 515 668 569 ego
699 513 729 552 a
774 499 860 553 tali
912 497 1101 555 lauder
1157 499 1361 571 lingua,
1406 515 1526 570 qum
1568 515 1627 555 se
1669 499 1905 554 armavit
1954 508 2129 555 contra

2256 501 2428 571 αὐτης
2478 502 2785 574 τιμηθῆναι
2828 503 3099 574 γλώττης,
3133 509 3231 580 τῆς
3266 512 3654 585 ὁπλισαμένης
3705 525 3845 571 κατὰ

567 592 760 657 Deum,
820 607 1001 662 neque
1048 606 1115 646 eo
1170 591 1460 660 procedam
1516 592 1794 655 amentiae,
1845 600 1905 646 ut
1957 608 2144 646 verser

566 701 692 740 cum
724 686 809 751 iis,
835 686 930 755 qui
968 684 1077 740 Deo
1111 694 1241 739 sunt
1290 686 1430 739 adeo
1480 685 1707 749 inimici,
1742 695 1797 740 et
1842 686 1895 739 in
1948 700 2143 752 pecca-

567 786 747 829 torum
810 775 1051 830 habitem
1100 775 1490 830 tabernaculis.
1541 775 1678 830 Cum
1739 792 1834 830 rex
1882 776 1998 830 haec
2044 791 2142 829 au-

565 866 780 930 diisset,
830 867 912 921 ira
964 868 1133 921 corde
1201 882 1486 932 accensus,
1542 866 1755 937 aspexit
1784 866 1853 922 ad
1903 882 1998 921 eos
2049 866 2141 935 qui

562 959 813 1026 aderant,
863 968 919 1015 et
977 975 1103 1014 cum
1171 960 1419 1025 dixisset,
1460 958 1631 1026 Quam
1693 961 2041 1031 impudenter
2087 961 2141 1013 in

561 1065 659 1107 nos
710 1066 768 1105 se
817 1051 955 1121 gerit
1020 1052 1134 1105 haec
1190 1051 1527 1106 exsecranda
1595 1052 1915 1106 muliercula
1948 1050 2143 1121 ljubet

561 1145 683 1210 ejus
708 1145 872 1213 capiti
911 1144 1117 1199 auferri
1156 1154 1561 1216 tegumentum,
1611 1154 1666 1199 et
1702 1144 1823 1214 ejus
1870 1144 2136 1209 ﬁliarum;

558 1241 612 1286 et
642 1233 721 1287 sic
752 1248 845 1288 eas
874 1235 1023 1289 nudo
1051 1235 1250 1304 capite,
1286 1244 1341 1290 et
1372 1235 1645 1304 promissa
1668 1249 1846 1303 coma,
1875 1235 1930 1291 in
1958 1244 2137 1290 castra

562 1324 687 1379 duci
721 1339 817 1395 per
851 1325 1230 1396 ignominiam.

624 1506 761 1561 )ilV.
799 1505 1101 1577 Egrediens
1146 1520 1277 1578 ergo
1311 1520 1573 1577 generosa
1624 1506 1842 1573 mulier,
1898 1522 2022 1561 cum
2054 1506 2135 1561 vi-

555 1600 729 1655 disset
776 1614 1027 1669 magnam
1080 1599 1407 1654 feminarum
1456 1598 1866 1654 multitudinem
1910 1598 2153 1674 ﬂentem

554 1701 609 1747 et
645 1692 967 1762 ejulantem,
1001 1692 1147 1762 quod
1180 1692 1304 1747 talis
1353 1692 1615 1745 nobilitas
1660 1691 1968 1746 aﬂiceretur
1999 1706 2133 1746 con-

555 1784 800 1847 tumelia,
835 1783 926 1838 illa
982 1799 1077 1837 eas
1118 1798 1312 1839 severe
1383 1792 1439 1839 et
1488 1784 1775 1854 magniﬁce
1836 1785 2056 1840 intuens
2116 1800 2130 1837 :

2244 593 2415 649 Θεοῦ·
2473 596 2608 665 μηδὲ
2666 597 2819 666 παρὰ
2875 598 3129 651 τοσοῦτον
3178 600 3367 667 ἀνοίας
3415 604 3663 675 ἔλθοιμι,
3705 606 3843 662 ὥστε

2243 687 2684 758 ἀναστρέφεσθαι
2716 691 2828 750 τοῖς
2858 688 3032 754 οὕτως
3062 690 3418 762 ἐχθραίνουσι
3456 696 3534 766 τῷ
3570 698 3719 769 Θεῷ,
3751 700 3843 753 καὶ

2247 780 2307 831 ἐν
2360 780 2731 850 σκηνώμασιν
2787 782 3137 853 ἁμαρτωλῶν
3208 789 3520 843 κατοικεῖν.
3569 790 3842 845 Τούτωνὸ

2246 873 2499 944 βασιλεὺς
2530 875 2605 938 ὡς
2633 876 2836 946 ἤκουσε
2874 876 3032 948 θυμῷ
3061 881 3161 951 τὴν
3196 882 3432 953 καρδίαν
3475 883 3838 951 ἀνακαυθεὶς,

2242 967 2519 1037 ἀπέϐλεψε
2548 969 2684 1039 πρὸς
2713 971 2840 1034 τοὺς
2880 971 3183 1042 παρόντας,
3209 976 3323 1041 καὶ,
3358 969 3462 1029 Οἷα
3518 977 3648 1029 καθ’
3681 981 3714 1049 ἠ
3726 981 3839 1047 μῶν

2242 1060 2587 1115 ἀναιδεύεται
2624 1062 2686 1115 τὸ
2718 1068 3029 1135 κατάρατον
3066 1066 3219 1119 τουτὶ
3260 1068 3508 1137 γύναιον,
3561 1070 3833 1139 εἰρηκὼς,

2241 1153 2457 1207 κελεύει
2510 1154 2609 1225 τὴν
2666 1155 2767 1226 τῆς
2819 1157 3061 1232 κεφαλῆς
3116 1160 3467 1229 ἀφαιρεῖσθαι
3517 1163 3839 1232 καλύπτραν

2239 1247 2411 1317 αὐτῆς
2440 1264 2500 1300 τε
2547 1250 2637 1301 καὶ
2673 1249 2782 1303 τῶν
2832 1250 3171 1322 θυγατέρων,
3209 1253 3305 1305 καὶ
3361 1254 3538 1317 οὓτως
3573 1256 3836 1317 ἀσκεπείς

2238 1341 2334 1393 καὶ
2366 1339 2502 1411 βαθὺ
2536 1340 2796 1413 κομώσας
2848 1342 2937 1397 ἐπ’
2989 1344 3223 1416 αἰσχύνῃ
3255 1348 3408 1417 παρὰ
3437 1348 3501 1400 τὺ
3531 1350 3836 1419 στρατόπε-

2239 1432 2327 1487 δον
2362 1433 2616 1502 ἄγεσθαι.

2310 1528 2404 1580 lA'.
2455 1526 2706 1592 Ἐξιοῦσα
2757 1528 2940 1582 τοίνυν
2980 1532 3013 1602 ἡ
3050 1533 3281 1600 γενναία
3336 1532 3434 1587 καὶ
3479 1534 3692 1605 πλῆθος
3744 1537 3824 1589 ὅτι

2239 1617 2376 1670 πολὺ
2414 1621 2695 1687 γυναικῶν
2730 1621 2917 1677 ἰδοῦσα
2973 1626 3103 1694 περὶ
3164 1624 3334 1696 αὐτὴν
3388 1626 3706 1696 ἀνοιμῶζον
3742 1631 3833 1681 καὶ

2238 1710 2661 1782 παθαινόμενον,
2687 1714 2761 1777 ὠς
2792 1714 3051 1787 τοιαύτης
3080 1716 3245 1787 δῆθεν
3291 1718 3585 1785 εὐγενείας
3619 1716 3835 1787 ὑϐριζο-

2242 1804 2434 1873 μένης,
2459 1808 2657 1874 σεμνὸν
2683 1807 2867 1877 ἐκείνη
2902 1808 3041 1878 πρὸς
3075 1810 3245 1873 αὑτὰς
3292 1810 3481 1862 ἰδοῦσα
3517 1808 3618 1862 καὶ
3658 1827 3829 1879 μεγα-

554 1874 704 1939 Seio,
739 1876 940 1946 inquit,
974 1890 1006 1930 ο
1046 1876 1255 1941 amicae,
1284 1875 1429 1946 quod
1462 1886 1690 1947 propter
1737 1892 1839 1931 nos
1889 1877 2129 1933 dolorem

2237 1872 2435 1965 λόφρον
2454 1936 2469 1961 ,
2497 1872 2610 1949 Οἷδ’
2636 1872 3126 1969 argentata-(plin
3181 1904 3467 1968 γυναῖκες,
3504 1872 3833 1972 περιέταθεῖς

552 1967 828 2037 accipitis,
860 1966 1061 2037 partim
1094 1966 1315 2036 quidem
1370 1964 1608 2022 fortasse
1659 1978 1880 2037 pr0ptcr
1927 1976 2136 2022 natura:

549 2060 954 2130 cognationem,
991 2058 1189 2129 partim
1237 2068 1419 2113 autem
1466 2060 1612 2129 quod
1663 2060 1883 2132 indigna
1929 2075 1994 2115 ac
2028 2076 2132 2131 pu-

550 2152 729 2207 denda
761 2150 951 2205 videar
993 2151 1103 2221 pati
1152 2164 1275 2205 cum
1324 2149 1557 2206 ﬁliabus.
1608 2150 1713 2206 Sed
1762 2167 1831 2207 ne
1879 2152 2130 2207 doleatis.

548 2243 660 2298 Nos
693 2244 842 2298 enim
878 2258 989 2299 non
1052 2242 1176 2299 ideo
1221 2245 1603 2316 negaverimus
1655 2244 1967 2299 eilecwrem
2011 2246 2133 2300 εωιί

547 2346 601 2390 et
634 2346 814 2395 terrae.
846 2349 1023 2402 neque
1054 2350 1174 2404 quae
1210 2348 1337 2390 sunt
1370 2336 1436 2389 ad
1471 2346 1686 2406 tempus
1735 2338 1953 2390 :nternis'
1992 2353 2130 2407 pra:-

549 2427 867 2482 tulerimus.
927 2426 1063 2481 Nam
1117 2426 1253 2481 mihi
1319 2428 1539 2497 quidem
1611 2442 1639 2481 a
1688 2428 1988 2499 majoribus
2036 2445 2134 2499 per

546 2522 954 2575 successionem
986 2520 1164 2590 pietas
1209 2528 1264 2575 et
1292 2535 1419 2575 vera
1469 2520 1690 2591 religio,
1740 2531 1793 2576 et
1832 2537 1863 2575 a
1914 2522 2132 2579 Christo

547 2612 912 2678 denominari,
949 2620 1005 2667 et
1036 2628 1162 2667 eum
1198 2628 1362 2667 nosse
1394 2611 1589 2678 Deum,
1621 2613 1817 2668 tradita
1844 2615 1977 2668 mihi
2009 2614 2131 2670 fue-

546 2712 677 2759 runt
710 2705 766 2759 in
819 2704 1239 2771 haereditatem;
1275 2720 1383 2758 non
1437 2704 1572 2757 mihi
1624 2714 1806 2759 autem
1860 2706 1983 2773 soli,
2034 2706 2130 2762 sed

549 2797 822 2854 universa
852 2812 1070 2868 quoque
1119 2812 1253 2851 mea:
1299 2796 1631 2867 cognationi.
1681 2795 1912 2869 Propter
1967 2813 2128 2868 quem

545 2905 646 2963 ego
675 2889 924 2961 amplexa
953 2890 1373 2955 continentiam,
1412 2890 1733 2945 viduitatem
1771 2892 1984 2960 praetuli
2012 2905 2128 2945 ma-

546 2983 816 3037 trimonio
854 2990 953 3037 :et
982 2998 1045 3037 ex
1095 2980 1470 3047 facultatibus,
1509 2996 1645 3051 quas
1687 2981 1975 3047 habebam,
2004 2981 2128 3053 pln-

542 3074 744 3130 rimum
774 3074 1024 3129 distribui
1057 3074 1415 3145 pauperibus.
1454 3071 1593 3129 Sunt
1623 3088 1753 3129 vero
1786 3072 1964 3129 adhuc
1993 3074 2127 3128 mihi

545 3183 755 3239 magna:
784 3169 987 3223 divitia:
1021 3169 1072 3221 in
1105 3182 1240 3221 auro
1275 3176 1330 3222 et
1364 3174 1616 3239 argento,
1651 3176 1706 3221 et
1740 3183 1933 3238 magna
1984 3167 2123 3222 mul-

544 3261 722 3316 titudo
774 3274 1080 3324 servorum,
1162 3259 1353 3314 multa:
1411 3270 1593 3313 autem
1646 3261 2020 3327 possessiones
2077 3269 2131 3313 et

543 3368 733 3423 greges
762 3369 776 3419 ;
802 3367 990 3406 verum
1026 3351 1155 3405 licet
1187 3360 1266 3405 tot
1296 3350 1435 3405 bona
1468 3350 1599 3405 mihi
1636 3361 1947 3422 suppetant,
1978 3352 2127 3406 nolui

544 3457 748 3512 tamen,
785 3455 842 3499 ut
891 3445 1075 3499 multa:
1125 3444 1245 3499 alia:
1295 3445 1555 3501 mulieres
1586 3446 1785 3511 solent,
1853 3446 1921 3500 ad
1962 3448 2127 3500 alium

545 3539 801 3594 maritum
836 3536 1058 3598 intueri,
1092 3538 1301 3592 etiamsi
1330 3553 1453 3592 cum
1486 3538 1674 3591 multis
1708 3538 1925 3591 casibus
1951 3547 2005 3590 et
2038 3552 2128 3590 ea-

545 3632 908 3695 lamitatihus,
976 3646 1097 3698 qua:
1164 3631 1344 3683 viduis
1408 3631 1633 3685 evenire
1703 3641 2125 3696 consueverunt,

543 3738 691 3792 saepe
723 3723 825 3775 sim
853 3720 1147 3774 colluctata
1179 3736 1191 3771 :
1229 3718 1372 3789 quod
1401 3720 1618 3788 quidem
1657 3720 1738 3773 vel
1762 3722 1935 3774 solum
1978 3721 2128 3775 sum-

544 3816 618 3867 cit
655 3812 721 3867 ad
754 3811 968 3865 mollem
998 3811 1177 3865 adhuc
1225 3821 1277 3864 et
1314 3823 1561 3865 tenerum
1603 3811 1844 3865 animum
1891 3812 2126 3867 incitan-

549 3908 678 3959 dum
740 3905 808 3958 ad
889 3904 1160 3959 secundas
1218 3904 1461 3973 nuptias.
1524 3903 1593 3959 Et
1656 3902 1887 3958 fortasse
1947 3906 2129 3962 nullus

546 4011 723 4049 meum
754 3996 1067 4050 damnasset
1108 3995 1478 4064 iuventutem,
1522 4011 1639 4064 quae
1681 3995 1856 4064 ipsum
1907 3996 1974 4050 ad
2024 3997 2129 4051 hoc

547 4089 789 4143 habebat
846 4099 1140 4158 patronum
1184 4086 1426 4142 divinum
1471 4087 1817 4157 Apostolum.
1866 4087 1970 4144 Sed
2014 4088 2129 4145 haec

549 4182 733 4236 omnia
760 4179 1145 4251 parvifaciens,
1177 4179 1229 4231 in
1263 4180 1365 4233 hoc
1393 4179 1566 4234 solum
1597 4181 1838 4235 animum
1873 4183 2123 4250 intendo,

551 4284 611 4328 ut
644 4288 769 4328 cum
804 4270 1025 4327 Christo
1056 4271 1158 4326 sim
1194 4287 1302 4325 una
1339 4286 1460 4328 cum
1491 4275 1711 4340 sanctis,
1737 4289 1858 4343 quae
1897 4289 2125 4343 praeces-

549 4378 765 4433 serunt,
796 4365 1121 4419 mulieribus
1148 4373 1203 4418 et
1229 4364 1578 4433 martyribus.
1614 4365 1725 4433 Ego
1753 4373 1933 4418 autem
1972 4364 2127 4419 vobis

546 4462 658 4531 jam
689 4457 932 4514 secundo
982 4472 1242 4527 appareo.
1280 4454 1415 4509 Nam
1474 4457 1626 4527 prius
1672 4458 1725 4511 in
1779 4457 2125 4513 matrimonio

2247 1988 2332 2058 ἐφ’
2374 1992 2506 2061 ἡμῖν
2534 1992 2836 2061 γεγένησθε
2866 2008 2881 2023 ο
2920 1991 3082 2046 τοῦτο
3118 1993 3219 2063 μὲν
3273 1995 3404 2057 ἴσως
3485 1996 3583 2049 καὶ
3641 1995 3731 2048 διὰ
3776 1995 3831 2057 τὸ

2237 2082 2501 2150 συγγενὲς
2530 2084 2629 2155 τῆς
2658 2083 2903 2152 φύσεως,
2928 2085 3090 2138 τοῦτο
3116 2084 3175 2139 δὲ
3211 2085 3389 2139 καὶτὸ
3423 2085 3609 2138 δοκεῖν
3641 2087 3825 2156 αἰσχύ-

2236 2192 2334 2244 νης
2376 2174 2502 2238 ἄξια
2563 2175 2703 2245 μετὰ
2758 2176 2870 2229 τῶν
2925 2176 3249 2247 θυγατέρων
3300 2178 3450 2248 ἡμᾶς
3506 2178 3827 2248 ὑπομένειν.

2247 2266 2391 2318 Ἀλλ’
2446 2266 2507 2320 οὐ
2555 2269 2709 2338 παρὰ
2759 2268 2921 2321 τοῦτο
2978 2268 3046 2322 ἂν
3095 2271 3255 2340 ἡμεῖς
3298 2270 3692 2341 ἀρνησαίμεθα
3744 2272 3831 2325 τὸν

2235 2360 2464 2431 ποιητὴν
2495 2360 2728 2431 οὐρανοῦ
2761 2360 2857 2415 καὶ
2886 2362 3011 2431 γῆς,
3046 2362 3168 2415 οὐδὲ
3196 2363 3303 2416 τῶν
3334 2363 3526 2416 ἀϊδίων
3559 2366 3635 2417 τὰ
3667 2364 3830 2432 πρόσ-

2235 2470 2405 2525 καιρα
2434 2454 2905 2524 προτιμήσαιμεν.
2943 2453 3099 2525 Ἐμοὶ
3132 2455 3240 2526 γὰρ
3266 2456 3331 2508 ὲκ
3377 2456 3673 2526 προγόνων
3706 2456 3829 2525 κλῆο

2234 2563 2329 2619 ρος
2388 2544 2673 2616 ἁδιάδοχος
2748 2546 2781 2614 ἡ
2822 2546 3104 2626 εὐσέϐεια,
3165 2548 3259 2601 καὶ
3308 2546 3369 2600 τὸ
3427 2547 3541 2601 ἀπὸ
3587 2546 3826 2617 Χριστοῦ

2230 2638 2539 2715 καλεῖσθαι⁹
2593 2642 2688 2693 καὶ
2742 2639 2935 2693 τοῦτον
2994 2641 3199 2694 εἰδέναι
3254 2640 3416 2695 Θεόν.
3464 2641 3584 2694 Οὐκ
3622 2642 3752 2710 ἐμοὶ
3772 2641 3825 2693 δι

2234 2730 2399 2803 μόνῃ,
2426 2730 2565 2785 ἀλλὰ
2608 2733 2705 2785 καὶ
2753 2734 2905 2804 πάσῃ
2948 2734 3014 2803 τῇ
3039 2733 3339 2805 συγγενείᾳ
3383 2724 3449 2803 δὴ
3478 2736 3550 2804 τῇ
3580 2733 3719 2805 ὲμῇ.
3754 2727 3825 2785 Δι’

2229 2822 2289 2875 ὃν
2348 2821 2462 2891 ἐγὼ
2512 2823 2876 2895 σωφροσύνην
2935 2823 3336 2894 ἀσπασαμένη,
3379 2825 3619 2896 χηρείαν
3702 2841 3828 2894 προ-

2232 2913 2409 2985 έθηκα
2448 2918 2654 2985 γάμου,
2696 2918 2791 2970 καὶ
2820 2918 2919 2989 τὴν
2952 2916 3142 2971 οὐσίαν
3170 2918 3370 2987 πολλὴν
3408 2917 3579 2971 οὖσαν
3638 2917 3828 2969 διενειο

2236 3009 2431 3079 μάμην
2480 3011 2594 3072 τοῖς
2641 3009 2891 3079 πένησιν.
2943 3010 3103 3061 Ἔστι
3143 3009 3199 3062 δέ
3241 3026 3331 3079 μοι
3379 3008 3482 3061 καὶ
3518 3007 3720 3079 συχνὸς
3751 3007 3824 3060 ἔτι

2231 3101 2461 3166 πλοῦτος
2495 3103 2553 3155 ἑν
2580 3100 2811 3172 ἀργύρῳ
2861 3119 2917 3155 τε
2961 3101 3059 3155 καὶ
3092 3101 3303 3171 χρυσῷ,
3340 3101 3476 3153 πολύ
3507 3118 3570 3153 τε
3606 3101 3821 3155 οἰκείων

2159 3213 2201 3269 C
2236 3193 2473 3263 πλῆθος,
2506 3194 2684 3247 πολλὰ
2717 3193 2774 3245 δὲ
2807 3194 3067 3263 κτήματα
3103 3192 3199 3245 καὶ
3228 3190 3584 3262 βοσκήματα,
3620 3194 3721 3245 καὶ
3750 3208 3825 3245 το-

2235 3286 2448 3349 σούτοις
2478 3285 2704 3357 κομῶσα
2739 3288 2854 3349 τοῖς
2902 3284 3157 3355 ἀγαθοῖς,
3210 3286 3363 3357 ὅμως
3417 3286 3519 3355 οὐχ
3571 3285 3820 3353 εἱλόμην,

2232 3379 2373 3432 κατά
2404 3377 2505 3441 τὰς
2532 3378 2731 3442 πολλὰς
2760 3378 2869 3434 τῶν
2903 3379 3202 3447 γυναικῶν,
3229 3379 3365 3449 πρὸς
3400 3378 3597 3449 ἕτερον
3651 3379 3817 3448 ἀνδρα

2234 3470 2449 3542 βλέψαι,
2476 3469 2660 3521 καίτοι
2682 3486 2743 3537 γε
2773 3470 2997 3540 μυρίαις
3014 3469 3371 3539 ἃτεριστάσεσί
3394 3487 3453 3522 τε
3477 3470 3577 3521 καὶ
3606 3486 3819 3537 συμφο-

2234 3562 2357 3630 ραῖς
2414 3556 2501 3613 οἷα
2532 3560 2603 3613 τὰ
2634 3561 2733 3631 τῆς
2790 3560 3044 3633 χηρείας,
3076 3560 3341 3623 πολλάκις
3375 3560 3821 3623 διαπαλαίσασα,

2229 3653 2367 3723 ὅπερ
2401 3654 2587 3707 ἱκανὸν
2614 3656 2705 3707 καὶ
2740 3655 2902 3722 μόνον
2944 3652 3163 3722 ἁπαλὴν
3214 3654 3293 3705 ἔτι
3343 3653 3439 3704 καὶ
3471 3653 3608 3705 νέαν
3646 3653 3821 3722 ψυχὴν

2232 3745 2370 3813 πρὸς
2399 3743 2686 3812 δευτέρους
2720 3742 2935 3811 γάμους
2960 3743 3285 3811 διερεθίσαι.
3314 3742 3425 3795 Καὶ
3455 3743 3595 3806 ἴσως
3652 3743 3822 3804 οὐδεὶς

2231 3838 2297 3892 ἄν
2348 3853 2449 3907 μου
2508 3836 2607 3908 τῆς
2675 3834 2931 3905 νεότητος
2994 3833 3403 3902 κατεγίνωσκεν
3461 3834 3632 3887 αὐτὸν
3690 3834 3821 3902 πρὸς

2230 3929 2391 3983 τοῦτο
2442 3929 2533 3981 τὸν
2594 3928 2739 3981 θεῖον
2813 3926 3146 3980 ’Δπόστολον
3203 3925 3508 3996 συνήγορον
3568 3926 3819 3998 ἐχούσης.

2244 4020 2406 4078 Ἀλλὰ
2436 4020 2612 4075 ταῦτα
2667 4020 2799 4092 περὶ
2863 4020 3147 4081 ἐλάττονος
3204 4019 3385 4073 πάντα
3430 4017 3668 4090 θεμένη,
3710 4020 3818 4081 ἑνός

2231 4115 2349 4185 εἰμι
2411 4112 2604 4182 μόνου,
2657 4109 2751 4166 τοῦ
2812 4113 3054 4163 συνεῖναι
3086 4109 3309 4179 Χριστῷ
3359 4112 3480 4172 ταῖς
3513 4110 3820 4180 προλαϐοῦ-

2232 4226 2354 4271 σαις
2411 4205 2529 4277 ἅμα
2562 4203 2814 4273 γυναιξὶν
2869 4203 3056 4273 ἁγίαις
3112 4203 3207 4254 κα)⁵
3254 4201 3557 4272 μάρτυσιν.
3596 4200 3740 4269 Ἐγὼ
3768 4202 3820 4255 δὲ

2231 4301 2361 4368 ὑμῖν
2396 4298 2497 4367 ἠδη
2531 4295 2782 4365 δεύτερον
2805 4294 3177 4365 ὲμφανίζομαι
3232 4294 3288 4346 ἐν
3322 4311 3381 4347 τε
3416 4292 3495 4364 τῷ
3522 4292 3622 4348 τοῦ
3657 4296 3819 4366 προσ-

2230 4390 2424 4461 καίρου
2476 4387 2712 4456 νυμφίου
2750 4386 2913 4457 γάμῳ
2936 4426 2950 4452 ,
2982 4389 3074 4437 καί
3103 4385 3197 4438 νῦν
3262 4386 3319 4437 ἐν
3351 4385 3429 4451 τῷ
3480 4386 3581 4438 τοῦ
3611 4388 3819 4457 ἀφθάρ-

2226 4500 2320 4537 του
2384 4483 2478 4534 καὶ
2536 4478 2834 4545 ἀθανάτου,
2865 4480 3001 4548 πρὸς
3059 4478 3117 4531 ὃν
3172 4478 3497 4549 ἐπείγομαι,
3525 4480 3625 4530 καὶ
3652 4472 3698 4545 ᾧ
3728 4478 3817 4548 τὴν

548 4552 757 4622 sponsi,
790 4550 879 4620 qui
914 4557 1029 4604 erat
1054 4547 1119 4602 ad
1150 4559 1363 4619 tempus
1398 4566 1410 4602 :
1445 4563 1590 4603 nunc
1636 4566 1764 4603 vero
1811 4552 1861 4602 in
1916 4551 2121 4618 nuptiis

2235 4572 2586 4646 σωφροσύνην
2648 4570 2880 4624 ἄσπιλον
2936 4571 3262 4640 ὃιετὴρησα,
3316 4570 3671 4639 μαρτυρήσει
3731 4588 3816 4638 μοι

547 4642 875 4697 immortalis
913 4651 968 4695 et
1007 4638 1171 4693 alieni
1198 4639 1264 4692 ab
1294 4640 1539 4705 interitu,
1573 4643 1640 4695 ad
1688 4655 1849 4708 quem
1902 4639 2123 4703 festino,

546 4724 601 4789 et
639 4735 725 4789 cui
756 4732 1157 4788 immaculatam
1190 4731 1509 4786 conservavi
1564 4731 1982 4795 continentiam,
2042 4745 2126 4784 me

549 4828 765 4883 videtis.
802 4826 972 4881 Filias
1002 4840 1221 4895 quoque
1252 4826 1352 4894 ipsi
1399 4825 1594 4879 studeo
1650 4825 2018 4893 despondere,
2068 4833 2127 4876 ut

547 4935 666 4990 qua:
709 4934 898 4975 earum
940 4917 1222 4986 hucusque
1264 4916 1530 4987 integram
1572 4920 1636 4970 ad
1694 4918 1797 4969 hoc
1846 4917 2124 4986 virginita-

548 5024 660 5066 tem
716 5013 1109 5065 conservarint.
1164 5009 1301 5064 Hinc
1357 5009 1493 5065 tnihi
1544 5009 1737 5079 plenus
1773 5022 1854 5065 est
1905 5013 2126 5065 animus

549 5101 829 5171 voluptate
888 5108 942 5152 et
973 5100 1113 5153 bona
1163 5115 1280 5167 spe.
1327 5098 1475 5169 llogo
1507 5115 1601 5155 vos
1650 5100 1833 5171 igitur,
1872 5112 1930 5155 ut
1987 5101 2121 5155 mihi

552 5194 731 5263 potius
772 5191 1246 5263 congratuletnini,
1300 5207 1476 5260 neque
1522 5204 1626 5247 tam
1673 5194 1892 5263 abjecto
1941 5196 2123 5248 animo

548 5286 946 5350 lamentemini,
986 5296 1038 5339 et
1086 5286 1217 5338 mihi
1254 5288 1628 5339 transmutctis
1657 5288 1855 5340 festum
1908 5290 1961 5341 in
2022 5290 2119 5341 tri-

551 5379 777 5433 stitiam.
829 5377 999 5431 Porro
1051 5387 1230 5430 autem
1274 5377 1427 5430 vobis
1473 5395 1687 5447 quoque
1730 5382 2119 5444 consuluerint,

552 5481 610 5525 ut
637 5486 733 5525 vos
784 5470 1025 5539 undique
1080 5470 1353 5534 muni-alis,
1406 5482 1459 5525 et
1507 5486 1754 5540 magnam
1817 5474 2122 5528 adhibeatis

546 5563 883 5627 cautionem,
930 5579 1019 5626 ne,
1064 5560 1215 5615 vobis
1281 5577 1387 5615 non
1440 5564 1871 5627 adverte-ritibus,
1913 5566 2122 5618 auferat

546 5661 669 5712 tidei
710 5659 1045 5718 thesaurum,
1079 5658 1167 5724 qui
1219 5665 1299 5708 est
1350 5658 1574 5713 callidus
1624 5660 1932 5715 sulfurandi
1988 5660 2122 5713 arti-

542 5758 652 5816 lex,
692 5763 745 5806 et
776 5754 1072 5805 maximum
1108 5756 1270 5809 vobis.
1295 5755 1398 5809 hoc
1437 5756 1693 5811 damnum
1724 5760 1934 5824 allevat,
1974 5756 2119 5826 quod

543 5850 802 5917 pertingit
839 5864 1007 5917 uSqne
1052 5850 1113 5902 ad
1152 5850 1319 5916 ipsum
1352 5849 1611 5902 animam.
1655 5848 1769 5903 Jam
1812 5870 1933 5907 vero
1967 5866 2114 5922 quae-

2230 4670 2325 4720 καὶ
2352 4665 2536 4730 αὐτὸς,
2564 4658 2607 4733 ᾧ
2643 4669 2737 4716 καὶ
2769 4664 2868 4725 τὰς
2902 4662 3210 4731 θυγατέρας
3232 4660 3621 4731 νυμρευθῆναι
3649 4679 3810 4716 σπου-

2228 4760 2396 4823 δάζω,
2419 4760 2549 4827 ὑγιῆ
2582 4760 2676 4812 καὶ
2708 4756 2890 4811 αὐτῶν
2919 4758 2999 4820 είς
3031 4755 3195 4825 δεῦρο
3222 4756 3321 4824 τὴν
3377 4755 3684 4826 παρθενίαν
3717 4776 3812 4827 φυ-

2230 4849 2457 4914 λάξασα.
2491 4850 2769 4903 Ἐντεῦθεν
2800 4849 2993 4918 ἡδονῆς
3028 4847 3139 4915 ἐγὼ
3174 4850 3266 4899 καὶ⁵
3292 4848 3551 4917 χρηστῶν
3584 4851 3813 4902 ἐλπίδων

2227 4945 2326 5014 τὴν
2360 4944 2538 5014 ψυχὴν
2596 4941 2849 5014 ἔμπλεως
2880 4943 3016 5009 ειμι,
3066 4943 3162 4993 καί
3199 4957 3291 5011 μοι
3358 4942 3690 5010 συνήδεσθαι
3725 4943 3811 4994 καὶ

2229 5040 2372 5110 ὑμᾶς
2408 5039 2566 5105 ἀξιῶ,
2599 5038 2734 5109 μηδὲ
2784 5035 3031 5104 ἀγεννῶς
3094 5034 3237 5087 οὕτω
3293 5034 3659 5105 θρηνεῖν,καὶ
3719 5035 3811 5105 τὴν

2228 5129 2422 5201 ἑορτὴν
2451 5130 2575 5198 ἐμοὶ
2615 5130 2749 5198 πρὸς
2795 5129 3098 5199 κατήφειαν
3154 5126 3539 5196 μεταὸάλλειν.
3573 5125 3812 5194 Συμὸου-

2226 5222 2483 5293 λεύσαιμι
2511 5223 2556 5276 δ’
2589 5222 2654 5275 ἂν
2705 5220 2801 5274 καὶ
2838 5224 2965 5291 ὑμῖν
3012 5220 3212 5290 πολλὴν
3242 5218 3586 5287 πανταχόθεν
3616 5222 3812 5273 ἐπιδεί-

2227 5316 2456 5369 κνυσθαι
2486 5316 2584 5387 τὴν
2616 5315 2936 5385 ἀσφάλειαν,
2967 5318 3039 5385 μή
3071 5333 3171 5367 που
3206 5315 3346 5386 λάθῃ
3373 5316 3467 5367 καί
3492 5332 3637 5379 τινος
3661 5318 3812 5385 ὑμῶν

2227 5413 2316 5463 τὴν
2350 5410 2450 5479 τῆς
2486 5412 2723 5473 πίστεως
2768 5409 3043 5479 θησαυρὸν
3079 5412 3104 5461 ὁ
3134 5408 3309 5470 δεινὸς
3363 5408 3695 5479 ὑπιὸλέψαε,
3727 5412 3810 5459 καὶ

2226 5504 2322 5572 την
2360 5504 2626 5573 μεγίστην
2654 5504 2858 5570 ταύτην
2889 5502 3093 5571 ζημίαν
3140 5501 3235 5554 καὶ
3261 5504 3339 5565 εἰς
3371 5502 3544 5572 αὐτὴν
3574 5504 3810 5569 ἤκουσαν

2227 5600 2327 5665 τὴν
2355 5598 2531 5666 ψυχὴν
2565 5596 2870 5667 ζημιῶσαι.
2924 5596 3033 5648 Καὶ
3086 5598 3207 5647 ὅσαι
3237 5596 3295 5647 δὲ
3329 5598 3437 5649 τῶν
3489 5595 3807 5661 Ἐλληνίδων

2228 5691 2505 5758 γυναικῶν
2540 5687 2773 5741 ἐνταύοα
2818 5689 2919 5740 καὶ
2962 5688 3259 5757 Ἑϐραΐδων
3314 5689 3531 5759 (πολλαὶ
3581 5692 3708 5752 γάρ,
3737 5686 3806 5748 ὡς

2227 5783 2361 5851 ιρῶ,
2400 5783 2489 5833 ἐπὶ
2526 5786 2591 5852 τῇ
2640 5782 2739 5849 θέᾳ
2772 5780 3012 5846 πάρεστε
3066 5782 3266 5854 sai-:3)
3318 5780 3656 5849 ἀποθέμεναι
3717 5800 3803 5831 καί

2231 5878 2480 5939 ὐειείςβί
2513 5878 2610 5939 μὲν
2643 5880 2767 5937 τοὺς
2798 5876 3038 5944 μακροὺς
3075 5875 3279 5944 μύθους
3315 5876 3406 5927 καὶ
3465 5875 3679 5946 λήρους,
3713 5879 3803 5926 καὶ
