3990 6438
563 378 688 442 1271

1828 378 2107 437 MENSIS
2150 375 2508 444 QCTOBER.

3672 377 3807 443 1212

560 494 713 547 deret
736 491 1111 562 unusquisque
1149 503 1413 557 vestrum,
1450 504 1678 546 mortem
1709 506 1825 544 esse
1844 501 2129 541 commune

2238 491 2463 544 θανάτου
2492 494 2647 563 χρέος
2702 495 2797 546 καὶ
2828 495 2931 562 νέῳ
2971 497 3062 547 καὶ
3096 495 3331 563 γέροντι,
3363 495 3460 547 καὶ
3489 495 3806 565 ἀπαραίτη-

557 586 821 647 debitum,
882 595 936 639 et
981 585 1166 652 juveni
1203 594 1256 639 et
1295 585 1435 648 Seni,
1480 596 1533 642 et
1579 600 1700 637 esse
1763 580 2124 634 inevitabilem

559 674 804 744 corporis
836 674 1271 730 dissolutionem.
1302 676 1486 745 Itaque
1511 691 1618 729 non
1643 680 1985 742 exspectetur
2008 671 2127 724 linis

557 767 883 827 communis,
916 777 969 820 et
1022 768 1113 836 qui
1170 784 1264 823 sua
1308 777 1504 836 sponte
1562 768 1745 830 venit;
1776 765 1866 820 sed
1915 765 2128 818 studeat

556 858 804 921 quilibet,
838 867 895 911 ut
938 859 1013 912 sit
1047 875 1208 928 quam
1256 859 1370 912 ﬁeri
1407 859 1603 927 poterit
1633 857 1898 928 gloriosus
1926 866 1980 909 et
2006 856 2129 909 bea-

558 959 663 1002 tus.
703 949 971 1014 Quidnam
1001 961 1184 1005 autem
1212 950 1408 1005 dixerit
1433 950 1699 1019 quispiam
1727 946 1985 1017 martyrio
2011 945 2127 1015 glo-

556 1040 773 1107 riosius,
813 1050 906 1095 aut
949 1041 1335 1110 qutestuosius,
1366 1050 1459 1096 aut
1504 1041 1607 1111 piis
1637 1038 1950 1095 hominibus
2002 1036 2129 1090 hea-

557 1132 707 1186 tius?
739 1133 849 1203 Ego
885 1133 1051 1193 enim.
1084 1134 1127 1187 si
1186 1134 1301 1187 ﬁeri
1355 1141 1561 1203 posset,
1596 1139 1819 1201 propter
1848 1129 2127 1185 Christum

559 1223 696 1276 mori
728 1237 869 1291 sa'pe
910 1233 962 1277 et
1007 1224 1123 1293 ipse
1178 1224 1456 1293 eligerem,
1494 1231 1547 1275 et
1596 1220 1715 1274 aliis
1762 1218 2125 1282 consulerem,

557 1315 743 1382 sicque
768 1323 911 1368 esset
956 1325 1011 1370 et
1059 1315 1233 1382 major
1267 1314 1456 1382 gloria,
1490 1322 1539 1365 et
1583 1312 1788 1366 lucrum
1844 1311 2003 1379 longe
2038 1324 2130 1362 co-

555 1406 785 1474 piosius.
818 1405 923 1459 Sed
963 1422 1088 1459 cum
1125 1406 1227 1459 hoc
1260 1404 1445 1458 haberi
1481 1418 1589 1457 non
1636 1404 1806 1469 possit
1852 1417 1880 1455 a
1914 1411 2128 1465 natura,

553 1497 720 1565 quod,
754 1497 837 1552 vel
856 1498 1060 1551 invitus
1092 1496 1271 1562 nobis,
1304 1496 1390 1549 illa
1411 1510 1473 1550 ex
1507 1511 1563 1550 se
1589 1494 1734 1555 facit,
1763 1492 2131 1562 praeripiamus

554 1604 675 1643 cum
707 1588 873 1659 gloria
905 1608 916 1641 :
944 1598 998 1642 et
1034 1588 1085 1643 id
1116 1600 1368 1657 tanquam
1398 1588 1675 1656 pr0prium
1712 1586 2127 1645 constituentes,

553 1690 731 1735 astute
779 1682 1024 1736 fallamus
1073 1682 1473 1736 necessitatem.
1524 1679 1711 1733 Nullus
1760 1688 2044 1737 nostrum,
2100 1691 2133 1728 o

555 1775 771 1839 fratres,
807 1774 876 1827 sit
896 1775 1031 1828 aileo
1053 1774 1173 1829 vita:
1206 1774 1459 1844 cupidus,
1488 1782 1542 1827 et
1570 1776 1707 1827 adeo
1736 1766 1912 1839 pUsilli
1945 1781 1998 1823 et
2029 1770 2126 1823 ab-

551 1864 679 1931 jecti
704 1864 891 1924 animi.
920 1873 977 1918 ut
1012 1880 1105 1931 pro
1136 1866 1286 1917 brevi
1314 1874 1368 1917 et
1397 1862 1594 1916 misera
1618 1863 1724 1914 vita
1756 1861 1938 1929 perdat
1962 1869 2125 1913 aeter-

555 1956 807 2018 nitatem,
843 1966 898 2009 et
934 1972 1054 2024 qure
1112 1970 1388 2023 nunquam
1437 1954 1664 2007 solvitur
1711 1952 2122 2006 beatitudinem.

553 2049 842 2101 Communi
874 2048 1114 2101 omnium
1146 2048 1367 2101 inimico
1407 2063 1435 2101 a
1459 2047 1616 2100 nobis
1654 2046 1789 2098 haud
1817 2046 1974 2099 detur
2006 2060 2126 2113 pars

555 2140 753 2207 aliqua,
806 2156 873 2191 ne
942 2155 1063 2200 cum
1119 2156 1284 2193 unum
1314 2138 1477 2193 fuerit
1508 2138 1822 2195 suﬂuratus.
1869 2137 2128 2205 glorietur

560 2246 868 2297 pervorsus.
896 2243 1151 2300 tanquam
1180 2231 1268 2299 qui
1304 2245 1492 2283 omnes
1529 2231 1757 2297 ceperit.
1791 2228 1894 2281 Sed
1918 2229 2008 2296 qui
2045 2236 2129 2282 est

557 2322 779 2388 quidem
830 2322 973 2382 talis,
1008 2323 1195 2389 procul
1250 2321 1319 2374 sit
1347 2337 1374 2374 a
1402 2322 1568 2375 choro
1602 2329 1921 2387 martyrum.
1955 2335 2129 2387 neque

557 2413 629 2464 sit
655 2410 792 2464 falso
839 2412 1075 2465 nominis
1108 2411 1392 2480 particeps.
1436 2409 1491 2463 Si
1528 2408 1647 2476 quis
1681 2409 1825 2463 enim
1860 2418 1931 2471 te,
1967 2408 2126 2463 Chri-

557 2508 639 2555 ste
667 2508 721 2553 et
770 2499 1000 2554 Verbum
1031 2501 1142 2561 Dei.
1180 2501 1461 2570 negaverit
1489 2499 1649 2568 Itujus
1680 2499 1803 2552 vita:
1836 2498 2126 2562 desiderio,

556 2593 625 2644 ab
653 2592 766 2658 ipsa
800 2591 1033 2651 excidat,
1070 2599 1125 2644 et
1168 2590 1459 2644 dehiscens
1503 2606 1627 2642 cum
1677 2598 1819 2643 terra
1880 2589 2125 2644 devoret.

559 2679 613 2736 Si
647 2684 768 2751 quis
785 2695 965 2737 autem
1004 2698 1069 2736 ex
1098 2697 1214 2735 mea
1248 2682 1595 2751 cognatione,
1624 2692 1712 2735 aut
1745 2680 2127 2748 familiaritate,

558 2775 826 2828 desiderio
848 2774 1113 2827 bonorum
1151 2773 1524 2843 praesentium,
1554 2782 1605 2826 te
1633 2773 1817 2828 relicto
1852 2770 2129 2835 Creatore,

558 2879 817 2938 sequatur
839 2867 982 2921 hunc
1010 2883 1189 2936 regem
1208 2867 1447 2920 interitui
1478 2866 1773 2920 obnoxium
1797 2866 2091 2933 etimpium
2114 2904 2129 2929 ,

558 2976 628 3013 ne
660 2962 707 3014 ei
738 2961 917 3021 detur,
945 2976 977 3013 o
1006 2958 1119 3012 Rex
1150 2960 1387 3017 Christe,
1423 2958 1509 3010 hic
1546 2956 1646 3010 l'rui
1704 2956 1786 3020 iis,
1808 2972 1927 3025 qua
1944 2955 2132 3009 viden-

561 3063 648 3106 tur
699 3052 935 3121 iucuuda
992 3061 1045 3105 et
1090 3049 1452 3114 delectabilia,
1496 3057 1551 3102 et
1598 3047 1838 3101 tradatur
1877 3046 1980 3113 iis,
2012 3063 2131 3118 qua:

560 3156 688 3199 sunt
717 3146 845 3209 illic,
882 3144 1189 3199 tormentis.

632 3236 745 3290 XX.
780 3235 902 3291 llaec
926 3236 1080 3301 dixit,
1110 3249 1163 3289 et
1206 3236 1389 3289 statim
1425 3235 1677 3289 universa
1731 3234 2021 3287 multitudo
2046 3248 2133 3286 ca-

562 3330 700 3382 lidas
732 3327 1018 3381 etIundens
1049 3326 1335 3396 lacrymas,
1391 3325 1518 3377 ESto
1547 3326 1697 3377 bono
1725 3323 1930 3384 animo,
1959 3323 2133 3376 excla-

564 3420 747 3472 mavit.
778 3418 942 3472 Nemo
971 3418 1113 3471 enim
1162 3427 1210 3469 te.
1250 3416 1498 3479 deseret;
1547 3431 1669 3468 nam
1730 3414 1830 3476 tui,
1866 3424 1922 3468 ut
1961 3416 2131 3479 vides,

560 3511 828 3563 desiderio
862 3525 1051 3563 omnes
1083 3509 1163 3562 vel
1209 3520 1335 3561 ante
1381 3518 1432 3561 te
1470 3508 1605 3561 mori
1661 3522 2049 3575 properamus,
2082 3516 2137 3559 et

565 3606 852 3672 praeripere
880 3605 1022 3657 hunc
1053 3603 1267 3656 beatum
1303 3604 1461 3652 linem
1496 3610 1549 3652 et
1579 3598 2013 3651 desiderabilem.
2044 3598 2136 3652 lll'e

568 3706 748 3749 autem
802 3697 867 3749 ad
913 3696 1027 3747 hac
1058 3712 1070 3745 :
1102 3695 1228 3762 Ego,
1256 3696 1332 3747 ait
1382 3692 1655 3756 omnibus,
1695 3710 1792 3761 ego
1826 3710 1921 3746 vos
1948 3710 2137 3746 omnes

566 3781 886 3849 praecedam,
918 3790 972 3833 et
1017 3796 1112 3833 ero
1148 3779 1301 3833 vobis
1343 3780 1395 3833 in
1425 3780 1534 3833 Deo
1565 3790 1746 3834 certus
1774 3783 1871 3834 via:
1901 3781 2028 3835 dux.
2069 3781 2139 3836 Ut

563 3888 664 3927 vos
694 3873 823 3926 mihi
854 3873 1055 3940 primas
1078 3872 1449 3927 conceditisin
1474 3873 1747 3936 omnibus,
1786 3873 1855 3926 ita
1888 3889 1982 3926 vos
2008 3875 2136 3927 mihi

565 3966 870 4028 concedite,
904 3974 963 4017 ut
999 3965 1202 4032 primus
1234 3964 1301 4017 ad
1328 3966 1603 4018 Christum
1632 3965 1905 4019 accedam.
1938 3966 2136 4018 Verum

565 4055 849 4111 enimvero
880 4056 982 4109 hoc
1005 4072 1224 4124 quoque
1246 4055 1400 4109 vobis
1417 4055 1667 4109 ultimum
1688 4055 1759 4110 do
1788 4057 2135 4109 mandatum:

565 4149 620 4204 Si
651 4151 770 4219 quis
795 4165 1037 4203 meorum
1072 4149 1325 4213 filiorum,
1353 4157 1448 4202 aut
1475 4164 1684 4212 eorum,
1728 4148 1818 4217 qui
1848 4163 2045 4217 genere
2071 4147 2138 4201 ad

568 4258 654 4296 me
688 4244 940 4307 attinent,
980 4242 1202 4295 relictus
1223 4241 1402 4303 fuerit,
1431 4256 1759 4310 permanens
1783 4241 1835 4292 in
1878 4240 1981 4294 hoc
2004 4257 2139 4309 puro

569 4334 717 4388 cultu
764 4332 1217 4396 Christianorum,
1272 4336 1341 4387 sit
1392 4332 1564 4386 haares
1614 4346 1861 4385 mearum
1920 4332 2140 4384 faculta-

571 4438 708 4481 tum.
750 4424 921 4478 Porro
949 4434 1129 4478 autem
1164 4435 1275 4479 tres
1329 4425 1445 4478 illas
1488 4441 1552 4478 ex
1619 4425 1706 4486 iis,
1733 4440 1852 4493 qua:
1889 4424 2017 4477 mihi
2059 4440 2142 4477 re-

566 4528 731 4581 stant,
769 4517 1139 4587 possessiones
1196 4516 1590 4585 pulcherrimas
1636 4517 1757 4569 volo
1804 4517 2023 4569 attribui
2053 4532 2143 4569 ca-

568 4608 781 4663 tholicae
828 4607 1089 4669 ecclesiae,
1129 4622 1247 4675 quze
1279 4617 1359 4660 est
1392 4607 1709 4659 aediﬁcanda
1744 4626 1755 4659 :
1788 4622 1922 4675 quas
1977 4606 2141 4658 etiam

565 4706 673 4767 iam
715 4714 996 4752 consecro.
1047 4697 1168 4751 Haec
1201 4714 1323 4751 cum
1358 4698 1601 4764 dixisset,
1644 4706 1698 4750 et
1735 4696 1934 4766 populo
1978 4695 2143 4749 henc-

570 4790 813 4851 dixisset,
843 4799 921 4850 et.
956 4790 1035 4842 Sit
1061 4789 1156 4841 tibi
1191 4789 1382 4856 gloria,
1427 4805 1458 4843 ο
1490 4788 1734 4852 Domine,
1771 4796 1993 4856 propter
2027 4801 2142 4838 om-

569 4884 677 4941 nia,
700 4878 1092 4947 subjuuxisset,
1117 4892 1412 4931 conversus
1443 4878 1575 4931 dicit
1608 4877 1715 4944 regi
1756 4894 1767 4928 :
1806 4876 1990 4928 Laudo
2018 4885 2087 4935 te,
2112 4890 2144 4927 ο

570 4982 682 5029 rex,
731 4969 877 5038 quod
929 4983 1058 5022 usus
1096 4971 1171 5023 sis
1218 4970 1500 5037 patientia,
1537 4979 1589 5021 et
1644 4985 1751 5023 non
1808 4967 2141 5033 confoderis,

571 5066 665 5109 aut
688 5057 1045 5125 interruperis
1072 5072 1245 5111 meam
1278 5058 1602 5116 orationem.
1637 5069 1695 5113 ut
1722 5075 1838 5113 tuos
1889 5058 1987 5111 fuit
2011 5058 2141 5110 olim

572 5150 808 5219 regibus.
838 5146 1106 5214 Quoniam
1167 5164 1296 5218 ergo
1344 5152 1485 5203 nosti
1539 5162 1783 5204 nostrum
1818 5168 2042 5221 scopum
2088 5160 2145 5206 et

570 5243 899 5305 institutum,
926 5255 1121 5309 nempe
1157 5241 1299 5308 quod
1329 5240 1441 5295 ﬁeri
1472 5257 1577 5294 non
1620 5252 1793 5311 potest
1832 5253 1907 5308 ut,
1941 5243 2143 5300 Christi

572 5336 718 5388 cultu
754 5333 962 5396 relicto,
989 5348 1088 5385 nos
1114 5333 1206 5385 tibi
1241 5334 1629 5400 assentiamur,
1671 5336 1749 5389 fac
1777 5336 1920 5403 quod
1952 5352 2144 5405 super-

573 5431 673 5487 est,
706 5432 918 5491 tempus
942 5432 1051 5471 non
1077 5429 1255 5473 terens
1287 5421 1513 5475 diutius.

650 5614 764 5669 XXI
818 5615 951 5669 Cum
982 5618 1145 5669 sciret
1188 5630 1313 5683 ergo
1356 5633 1445 5668 rex
1502 5634 1691 5669 eorum
1756 5624 1993 5668 mentem
2024 5631 2145 5672 esse

576 5708 993 5769 immutabilem,
1034 5722 1131 5757 nec
1185 5704 1295 5758 ﬁeri
1329 5720 1484 5773 posse
1514 5718 1568 5757 ut
1616 5724 1709 5759 eos
1750 5708 1814 5759 ad
1853 5722 2005 5760 suam
2041 5717 2145 5758 tra-

574 5802 739 5857 ducat
768 5802 1115 5859 sententiam,
1145 5799 1302 5865 jussit
1336 5814 1426 5853 eos
1461 5796 1577 5851 duci
1618 5800 1679 5853 ad
1702 5802 1991 5869 quemdam
2036 5810 2139 5852 tor-

2230 601 2319 645 τος
2356 586 2387 653 ἡ
2420 587 2555 653 πρὸς
2584 586 2665 645 τὸν
2706 587 2864 655 σῶμα
2904 587 3170 649 διάλυσις.
3213 582 3345 638 Εἶτα
3382 586 3459 655 μὴ
3492 586 3805 654 αὐτόματον

2230 676 2324 727 καὶ
2364 677 2540 728 κοινὸν
2583 678 2643 729 τὸ
2674 679 2823 739 τέλος
2860 679 3203 747 ἀναμενέτω,
3234 676 3352 731 ἀλλ’
3377 680 3453 739 ὡς
3477 678 3560 729 ενι
3594 676 3806 738 ἔνδοξον

2229 765 2361 816 αὐτὸ
2425 767 2519 817 καὶ
2559 769 2832 835 μακάριον
2892 769 3173 821 σπευδέτω
3211 766 3489 833 γενέσθαι.
3535 767 3602 818 Τί
3631 766 3675 818 δ’
3744 767 3807 817 ἂν

2229 860 2371 910 εἴποι
2404 876 2486 920 τις
2538 859 2724 928 ἓτερον
2758 860 2851 913 τοῦ
2903 861 2990 912 διὰ
3031 862 3332 930 μαρτυρίου
3370 861 3562 921 τέλους
3597 860 3805 921 ἐνδοξὸ-

2229 967 2385 1013 τερον
2419 950 2451 1017 ἢ
2486 951 2770 1003 εὒσεῦἑσιν
2812 950 3121 1020 ἀνθρώποις
3160 950 3623 1020 μακαριώτερον;
3665 949 3802 1012 Ἐγὼ

2231 1042 2338 1110 γάρ
2373 1042 2419 1093 εξ
2449 1036 2560 1096 οἷόν
2600 1059 2659 1095 τε
2706 1040 2774 1113 ἦν
2818 1042 2906 1096 διά
2939 1042 3172 1110 Χριστὸν
3218 1041 3480 1099 πολλάκις
3506 1040 3801 1091 ἀποθανεῖν

2232 1133 2626 1188 συνεϐούλευσα
2656 1136 2741 1197 ἂν,
2769 1138 2863 1187 καὶ
2900 1131 2967 1205 ἦν
2999 1134 3143 1187 οὕτω
3185 1136 3279 1187 καὶ
3307 1137 3337 1201 ἡ
3388 1133 3519 1198 δΰξα
3576 1131 3803 1200 μείζων.

2232 1227 2325 1277 καὶ
2390 1228 2450 1278 τὸ
2507 1226 2696 1297 κέρδος
2746 1227 2887 1280 κατὰ
2938 1225 3072 1280 πολῦ
3129 1225 3556 1294 δαψιλέστερον
3593 1225 3716 1276 ἐπεὶ
3752 1222 3807 1274 δὲ

2230 1318 2388 1371 τοῦτο
2418 1321 2568 1387 παρὰ
2622 1320 2721 1388 τῆς
2760 1319 2977 1385 φύσεως
3032 1319 3130 1371 οὐκ
3186 1318 3299 1370 ἔστι
3357 1316 3572 1375 λαϐεῖν.
3636 1314 3665 1367 ὃ
3715 1317 3810 1365 καὶ

2233 1410 2391 1479 ἡμῶν
2420 1411 2479 1462 οὑ
2508 1410 2868 1478 βουλομένων,
2900 1411 2991 1477 ἀφ’
3018 1409 3223 1478 ἑαυτῆς
3252 1408 3434 1476 ἐκείνη
3477 1409 3644 1469 ποιεῖ,
3672 1406 3810 1473 φθά-

2235 1518 2426 1564 σαντες
2455 1502 2609 1566 αὺτὸ,
2642 1501 3093 1570 προαρπάσωμεν
3127 1501 3264 1569 μετὰ
3292 1499 3447 1566 δόξης
3495 1499 3591 1550 καὶ
3619 1498 3809 1565 ῶσπερ

2233 1591 2364 1643 ἴδιον
2418 1591 2653 1658 θέμενοι,
2715 1588 3071 1659 σοτςισώμεθα
3119 1590 3218 1657 τὴν
3270 1588 3539 1655 ἀνάγκην.
3597 1586 3809 1654 Μηδεὶς

2233 1680 2387 1747 ἡμῶν
2444 1680 2618 1743 οὕτως
2659 1681 2883 1750 ὀφθήτω
2948 1679 3264 1748 φιλόψυχος.
3318 1678 3560 1745 ἀδελφοὶ,
3620 1676 3809 1743 μηδεὶς

2234 1774 2485 1840 ἀγεννὴς,
2511 1773 2697 1841 μηδεὶς
2720 1773 2973 1841 ἄτολμος,
3003 1774 3080 1834 ὡς
3108 1774 3312 1841 μικράς
3336 1770 3429 1821 καὶ
3452 1766 3807 1834 ταλαιπώρου

2232 1866 2374 1933 ζωῆς
2409 1864 2563 1926 ὅλους
2620 1863 2825 1925 αἰῶνας
2890 1863 2984 1915 καὶ
3019 1865 3287 1931 μηδέποτε
3352 1860 3632 1927 λυομένην
3679 1874 3810 1924 προ-

2232 1956 2384 2009 έσθαι
2408 1956 2803 2026 μακαριότητα.
2831 1956 2920 2024 Μή
2938 1955 3040 2007 πού
3066 1956 3262 2014 τιςκαὶ
3290 1952 3418 2022 παρ’
3443 1952 3607 2021 ἡμῶν
3632 1949 3809 2014 δοθείη

2231 2046 2306 2115 τῷ
2339 2046 2501 2114 κοινῷ
2542 2047 2759 2099 πάντων
2790 2044 3033 2113 πολεμίῳ
3066 2032 3248 2112 μερὶς,
3277 2043 3367 2093 καὶ
3414 2042 3507 2091 τὸν
3548 2041 3649 2091 ἕνα
3692 2038 3809 2091 κλέ-

2229 2136 2356 2205 ψας,
2416 2135 2489 2197 ὡς
2545 2136 2750 2195 πάντας
2790 2133 2971 2185 λαὸὼν
3024 2131 3292 2190 ὸσκολιὸς
3359 2131 3807 2197 ὲγκαυχήσηται.

2244 2231 2382 2281 Ἀλλ’
2411 2230 2437 2279 ὅ
2474 2244 2532 2293 γε
2568 2226 2810 2287 τοιοῦτος
2856 2226 3046 2295 πόρρω
3080 2223 3171 2276 τοῦ
3237 2220 3579 2290 μαρτυρηιοῦ
3617 2220 3809 2271 τούτου

2232 2321 2472 2387 γενέσθω
2515 2316 2698 2387 χοροῦ,
2733 2317 2870 2386 μηδὲ
2904 2316 3298 2385 συμμετεχέτω
3329 2312 3542 2382 ψευδῶς
3567 2311 3666 2363 τοῦ
3698 2313 3810 2363 ὀνό-

2236 2427 2425 2481 ματος.
2472 2410 2557 2470 Ὠς
2597 2408 2649 2461 εἴ
2670 2410 2750 2469 τίς
2799 2424 2881 2471 σε,
2922 2408 3123 2478 Χριστὲ
3151 2408 3240 2458 καὶ
3273 2406 3414 2472 Λόγε
3459 2404 3624 2464 Θεοῦ,
3665 2404 3809 2471 πόθῳ

2231 2505 2327 2572 τῆς
2359 2500 2592 2555 ἐνταῦθα
2626 2500 2774 2569 ζωῆς
2827 2499 3227 2569 ὰπαρνήσαιτο,
3263 2498 3358 2550 καὶ
3409 2496 3616 2566 ταύτης
3651 2497 3808 2546 ἑκτέα

2233 2613 2335 2659 σοι,
2369 2595 2463 2647 καὶ
2496 2594 2675 2657 ζῶντα
2704 2591 2893 2645 τοῦτον
2920 2594 2954 2661 η
2988 2591 3059 2659 γῆ
3086 2588 3259 2656 στόμα
3286 2588 3606 2650 διανοέξασα
3636 2601 3800 2635 κατασ

2233 2691 2365 2743 πίοι.
2396 2690 2507 2741 Καὶ
2534 2686 2587 2740 ετ
2627 2704 2709 2748 τις
2741 2686 2798 2738 δὲ
2826 2686 2920 2754 τῆς
2952 2685 3094 2751 ἐμῆς
3126 2682 3446 2749 συγγενείας
3498 2681 3531 2748 ἢ
3566 2680 3808 2744 ἑταιρίας

2234 2781 2498 2849 ἐπιθυμίᾳ
2520 2780 2627 2831 τῶν
2659 2778 2941 2848 παρόντων
2970 2775 3160 2846 ἡδέων,
3190 2776 3247 2825 σὲ
3276 2774 3365 2825 τὸν
3399 2772 3647 2837 κτίστην
3676 2772 3809 2820 ἁπο-

2234 2870 2430 2933 λιπὼν,
2458 2870 2634 2922 ὀπίσω
2680 2870 2775 2921 τοῦ
2834 2867 3075 2936 φθαρτοῦ
3129 2865 3321 2917 τούτου
3370 2866 3464 2915 καὶ
3514 2860 3809 2920 δυσσεϐοῦς

2236 2963 2499 3032 βασιλέως
2520 2960 2898 3029 ἀκολουθήσοι,
2924 2960 3133 3026 γένοιτο
3147 2957 3313 3023 αὑτῷ,
3335 2955 3539 3023 Χριστὲ
3564 2950 3808 3021 βασιλεῦ,

2236 3059 2330 3107 καί
2362 3056 2469 3106 τῶν
2503 3054 2734 3106 ἐνταῦθα
2797 3052 3048 3122 τερπνῶν
3105 3052 3179 3119 μὴ
3220 3046 3551 3113 ἀπόνασθαι,
3580 3048 3811 3106 καὶτοῖς

2159 3158 2200 3213 C
2238 3149 2443 3202 ἐκεῖθεν
2476 3147 2762 3215 ἐκδοθῆναι
2800 3144 3203 3214 κολαστηρίοις.

2310 3237 2389 3290 K'.
2431 3235 2617 3290 Ταῦτα
2648 3236 2775 3303 ἔφη.
2808 3232 2901 3287 καὶ
2926 3234 2986 3284 τὸ
3022 3231 3225 3301 πλῆθος
3257 3231 3419 3293 εὐθὺς
3452 3230 3629 3291 ἅπαν,
3661 3229 3776 3297 Θάῤ

2240 3334 2344 3401 ρει,
2374 3329 2464 3381 ἐπὶ
2500 3326 2723 3398 θερμοῖς
2752 3329 2864 3387 τοῖς
2894 3326 3157 3395 δάκρυσιν
3188 3324 3511 3392 ἀνεϐόησαν.
3549 3321 3665 3374 Οὐκ
3696 3320 3809 3371 ἐστι

2238 3428 2344 3492 γὰρ
2379 3424 2526 3483 ὅστις
2559 3419 3025 3488 ἁπολειφθήσεταί
3067 3435 3162 3469 σου
3258 3417 3379 3467 ἐπεὶ
3422 3415 3515 3467 καὶ
3556 3413 3636 3478 τῷ
3688 3414 3813 3480 περὶ

2241 3516 2299 3565 σὲ
2330 3514 2479 3580 πόθῳ
2518 3512 2736 3572 πάντες,
2766 3510 2841 3569 ὠς
2887 3511 3040 3577 ὁρᾷς,
3087 3506 3444 3573 ἐπειγόμεθα,
3485 3508 3535 3555 εἰ
3582 3501 3697 3557 οἷόν
3732 3522 3809 3567 τε,

2235 3605 2333 3659 καὶ
2362 3602 2651 3671 προθανεῑν
2682 3617 2798 3662 σου,
2850 3600 2943 3652 καὶ
2976 3598 3037 3650 τὸ
3071 3598 3343 3668 μακάριον
3381 3596 3539 3649 τοῦτο
3574 3595 3671 3648 καὶ
3723 3613 3812 3645 τῖο-

2241 3697 2413 3748 θεινδν
2447 3694 2798 3764 προαρπάσαι
2821 3692 2993 3755 τέλος.
3043 3693 3101 3745 '0
3137 3692 3193 3744 δὲ
3225 3692 3360 3760 πρὸς
3406 3690 3605 3753 ταῦτα,
3649 3687 3815 3753 Ἐγὼ,

2244 3791 2407 3841 πᾶσιν
2459 3787 2583 3856 ἔφη.
2635 3785 2744 3853 ἐγὼ
2812 3786 3029 3836 πάντων
3090 3782 3246 3852 ὑμῶν
3290 3783 3677 3851 ἀφηγήσομαι,
3722 3780 3814 3831 καὶ

2238 3880 2432 3947 ὀδηγδς
2467 3878 2709 3947 ἀπλανὴς
2752 3877 2881 3946 ὑμῖν
2915 3877 2972 3927 ὲν
3008 3874 3129 3946 Θεῷ
3170 3875 3509 3943 φανήσομαι.
3553 3874 3643 3935 Ὧς
3692 3875 3815 3940 ἐμοὶ

2239 3971 2349 4023 τῶν
2380 3969 2667 4038 πρωτείων
2708 3968 2768 4020 ἐν
2803 3969 2935 4020 πᾶσι
2970 3968 3372 4035 παρεχωρεῖτε,
3404 3963 3551 4016 οὕτω
3603 3981 3694 4031 μοι
3720 3960 3813 4013 καὶ

2243 4061 2443 4131 πρώτῳ
2501 4059 2726 4129 Χριστῷ
2757 4058 3112 4127 παραστῆναι
3148 4057 3620 4127 παραχωρήσατε.
3675 4054 3813 4123 Πλὴν

2242 4155 2376 4208 ἀλλὰ
2404 4154 2497 4205 καὶ
2522 4151 2727 4219 ταύτην
2749 4150 3072 4204 τελευταίαν
3098 4150 3226 4217 ὑμῖν
3247 4148 3387 4200 ὲντο)
3400 4148 3465 4216 ὴν
3490 4148 3775 4213 ἐπιδίδωμι
3798 4162 3811 4173 ·

2242 4248 2307 4299 Εἰ
2327 4264 2406 4308 τις
2430 4244 2538 4297 τῶν
2570 4244 2719 4314 ἐμῶν
2743 4244 2966 4306 τέκνων,
2991 4241 3022 4311 ἢ
3044 4242 3151 4294 τῶν
3181 4243 3320 4294 κατά
3344 4239 3497 4307 γένος
3530 4256 3623 4307 μοι
3652 4253 3815 4306 προσο

2242 4340 2485 4405 ηκόντων
2545 4335 2891 4405 ὑπολειφθείη
2932 4337 2997 4403 τῇ
3054 4333 3266 4403 καθαρᾷ
3319 4332 3490 4401 ταύτῃ
3528 4329 3640 4382 τῶν
3690 4330 3815 4397 Χρι-

2248 4425 2477 4479 στιανῶν
2520 4425 2775 4493 ἐμμένων
2818 4423 3060 4493 λατρεία,
3091 4425 3191 4492 τῆς
3239 4421 3380 4490 ἐμῆς
3412 4421 3664 4472 ἔστωσαν
3694 4420 3816 4484 κλη-

2248 4514 2467 4585 ρονόμοι
2509 4512 2847 4583 περιουσίας.
2887 4512 2994 4564 Καὶ
3021 4512 3151 4582 τρία
3172 4512 3229 4563 δὲ
3254 4510 3362 4561 τῶν
3387 4510 3694 4577 περιόντων
3722 4526 3805 4575 μοι

2245 4606 2550 4659 καλλίστων
2608 4603 2902 4672 κτημάτων
2950 4606 3015 4672 τῇ
3071 4600 3496 4669 οἰκοδομηθῆναι
3554 4598 3818 4667 μελλούσῃ

2247 4696 2512 4765 καθολικῇ
2556 4695 2853 4765 Ἐκκλησία
2890 4694 3244 4763 κληρωθῆναι
3300 4691 3589 4762 βούλομαι,
3647 4693 3683 4746 ἃ
3731 4698 3819 4745 και

2246 4790 2350 4859 ἤδη
2384 4788 2614 4856 ἀφιερῶ.
2662 4785 2846 4838 Ταῦτα
2878 4787 3046 4838 εἰπὼν
3075 4786 3169 4837 καὶ
3206 4784 3297 4837 τὸν
3328 4783 3457 4835 λαὸν
3498 4786 3816 4852 εὐλογήσας,

2250 4881 2363 4940 καὶ,
2396 4877 2530 4941 Δόξα
2556 4896 2658 4943 σοι,
2693 4878 2888 4948 Κύριε,
2914 4878 3133 4929 πάντων
3162 4875 3370 4940 ¹ἕνεκεν,
3402 4876 3677 4939 ἐπειπὼν,
3708 4878 3821 4927 ἐπι·

2251 4970 2513 5039 στραφεὶς
2543 4968 2689 5036 λέγει
2717 4969 2793 5039 τῷ
2820 4967 3053 5038 βασιλεῖ’
3084 4966 3325 5020 Ἐπαινῶ
3362 4983 3421 5019 σε
3457 4969 3821 5036 μακροθυμήο

2250 5078 2442 5125 σαντα,
2493 5060 2737 5130 βασιλεῦ,
2772 5060 2864 5112 καὶ
2899 5059 2975 5129 μὴ
3010 5060 3317 5128 συγχέαντά
3346 5076 3438 5127 μοι
3473 5059 3604 5118 τοὺς
3637 5058 3822 5125 λόγους

2249 5156 2281 5226 ἥ
2318 5156 2649 5223 διακόψαντα
2686 5154 2825 5208 κατὰ
2882 5157 2943 5208 τὸ
2975 5158 3145 5210 πάλαι
3184 5157 3298 5217 τοῖς
3360 5151 3650 5222 βασιλεῦσι
3679 5172 3821 5205 νενο-

2254 5248 2541 5317 μισμένον.
2574 5250 2685 5301 Καὶ
2716 5250 2893 5302 τοίνυν
2918 5249 3041 5300 ἐπεὶ
3062 5248 3153 5300 τὸν
3184 5247 3454 5316 ἡμέτερον
3493 5245 3667 5309 ἔγνως
3702 5262 3823 5297 σκο-

2250 5342 2373 5401 πὸν,
2424 5342 2498 5402 ὼς
2532 5340 2790 5393 ἀδύνατόν
2820 5343 2931 5392 ἐστι
2971 5340 3070 5409 τῆς
3105 5337 3347 5408 Χριστοῦ
3382 5336 3639 5402 λατρείας
3696 5339 3821 5400 ἀφε-

2254 5432 2448 5502 μένους
2480 5434 2623 5502 ἡμᾶς
2655 5430 2947 5484 συνθέσθαι
2976 5448 3080 5494 σοι,
3113 5431 3173 5482 τὸ
3210 5429 3632 5497 παριστάμενον
3656 5428 3815 5486 min,

2254 5526 2329 5592 μὴ
2374 5524 2575 5592 τρίϐων
2608 5525 2698 5576 ἐπὶ
2741 5525 2872 5575 πολὺ
2902 5524 2993 5575 τὸν
3028 5523 3241 5593 καιρόν.

2326 5616 2452 5666 KA’.
2490 5611 2655 5674 Εἰδὼς
2688 5608 2781 5665 οὖν
2814 5615 2841 5664 ὁ
2866 5613 3119 5682 βασιλεὺς
3154 5610 3226 5674 ὡς
3257 5610 3358 5681 τὴν
3393 5611 3623 5679 γνώμην
3673 5608 3819 5675 ἔχου·

2256 5726 2339 5757 σιν
2382 5707 2818 5775 ἀμετάτρεπτον,
2854 5704 2946 5755 καὶ
3001 5702 3075 5765 ὡς
3137 5702 3240 5754 οὐκ
3288 5701 3354 5754 ἄν
3412 5716 3545 5751 ποτε
3606 5698 3817 5749 δύναιτο

2258 5799 2602 5870 μεταπείθειν
2630 5798 2841 5862 αὐτοὺς,
2876 5798 2966 5849 καὶ
2996 5797 3093 5865 τὴν
3125 5794 3439 5867 μεταϐολὴν
3470 5792 3814 5844 παντάπασιν
