3990 6470
213 397 351 461 1213

1363 393 1835 456 MARTYBlUM
1882 391 1939 452 S.
1986 397 2343 457 ARETHE.

3354 391 3490 459 1274

209 512 509 580 ἀπογνοὺς.
549 511 631 576 εἷς
660 530 789 567 τινα
819 514 1164 587 χειμάρρουν
1202 514 1382 567 Ὀδὶαν
1427 512 1573 566 οὓτω
1606 511 1797 566 καλοῦ-

1910 524 2141 577 rentem,
2168 514 2259 583 qui
2292 522 2516 568 vocatur
2565 512 2747 577 Odias,
2783 522 2836 568 et
2883 512 3014 582 ipsis
3054 509 3163 565 illic
3212 508 3487 578 amputari

214 620 373 672 μενον
400 605 802 674 ἀπενεχθέντες
833 607 1121 660 ἐκέλευσεν
1150 605 1543 676 ἀποτμηθῆναι
1574 605 1675 667 τὰς
1705 621 1796 657 κε-

212 697 411 763 φαλὰς,
441 699 521 759 είς
549 696 610 749 ὃν
641 698 733 751 καὶ
761 700 1053 769 γενόμενον
1081 699 1178 753 καὶ
1201 699 1516 769 προσευχὴν
1544 698 1799 768 εὐθύμως

208 783 438 845 ἑαυτοὺς
478 784 778 853 τρέψαντες
806 801 820 817 ⁸
855 806 874 838 ι
921 786 1121 860 Κύριε,
1156 788 1352 857 Κύριε,
1413 787 1645 857 δύναμις
1701 789 1800 857 τῆς

208 877 487 945 σωτηρίας
521 878 701 944 ἡμῶν.
739 873 915 944 εἶπον,
960 881 1295 941 ὲπεσκίασας
1344 881 1438 933 ἐπὶ
1470 878 1570 949 τὴν
1629 895 1795 945 κεφα-

211 965 315 1033 λὴν
349 966 509 1035 ἡμῶν
537 969 593 1019 ἐν
619 970 804 1040 ἡμέρᾳ
853 969 1117 1040 πολέμου.
1147 990 1166 1023 ι
1213 972 1511 1040 Ὀδήγησον
1562 973 1658 1023 καὶ
1704 970 1801 1023 νῦν

208 1058 363 1125 ἡμᾶς
394 1062 472 1122 είς
518 1061 635 1113 ὁδὸν
673 1062 930 1115 αἰωνίαν·
966 1065 1047 1118 ὅτι
1078 1066 1176 1135 τῆς
1232 1066 1330 1135 σῆς
1374 1064 1596 1131 ἀγάπης
1644 1062 1800 1115 οὐδὲν

210 1148 324 1200 τῶν
365 1150 625 1204 ἁπάντων
658 1154 787 1220 ἡμῖν
817 1154 954 1216 ὅλως
986 1155 1362 1225 προετιμήθη,
1388 1155 1447 1208 οὐ
1480 1152 1702 1223 πατρὶς,
1736 1154 1798 1204 οὐ

209 1239 392 1307 γένος,
442 1244 503 1295 οὐ
561 1242 821 1308 πλοῦτος·
876 1246 1012 1300 ἀλλᾶ
1054 1248 1235 1301 πάντα
1284 1245 1656 1317 προηκάμεθα
1702 1246 1800 1299 καὶ

213 1333 390 1403 αὐτὴν
419 1334 510 1386 διὰ
546 1334 606 1387 σὲ
640 1334 742 1407 τὴν
791 1334 962 1408 ζωὴν,
1017 1340 1114 1391 καὶ
1161 1338 1237 1401 ὡς
1286 1337 1535 1406 πρόσατα
1583 1337 1798 1407 σφαγῆς

212 1427 609 1498 ἀλογίσθημεν.
640 1429 751 1484 Καὶ
778 1429 874 1484 νῦν
924 1431 1245 1502 ἱκετεύομεν
1276 1451 1288 1463 ο
1314 1432 1605 1503 γενηθήτω
1634 1432 1667 1500 ή
1704 1430 1798 1483 ἐκ·

211 1522 431 1589 δίκῃσις
462 1522 557 1575 τοῦ
603 1525 844 1594 αἵματος
880 1526 991 1579 τῶν
1037 1526 1244 1580 δούλων
1278 1545 1375 1580 σου
1420 1525 1515 1579 τοῦ
1565 1528 1800 1595 ἐκκεχυ-

214 1614 400 1681 μένου.
427 1614 675 1685 Ἔπαρον
700 1617 801 1682 τὰς
834 1619 1026 1687 χεῖράς
1054 1635 1147 1672 σου
1181 1620 1272 1672 Eni
1300 1620 1399 1681 τὰς
1416 1619 1803 1688 ὑπερηφανίας

211 1708 414 1759 αὐτῶν.
462 1710 829 1781 Περιποίησαι
891 1712 1018 1775 τοὺς
1078 1714 1229 1775 υἱοὺς
1288 1713 1399 1765 τῶν
1455 1712 1804 1783 θνησκόντων

212 1799 355 1866 ὑπὲρ
413 1800 532 1855 σοῦ.
587 1803 876 1871 Κράτυνον
928 1805 1033 1875 τὴν
1088 1804 1246 1856 πόλιν
1302 1822 1394 1857 σου
1448 1805 1655 1873 ταύτην
1704 1804 1801 1874 τὴν

211 1893 652 1965 ἐγκαυχωμὲνην
675 1895 752 1966 τῷ
782 1896 951 1967 τιμίῳ
980 1915 1075 1950 σου
1102 1898 1298 1965 αἵματι
1323 1896 1418 1949 καὶ
1443 1896 1525 1966 τῷ
1555 1897 1796 1967 σταυρῷ,

210 1986 313 2038 καὶ
343 1988 457 2051 τοῖς
490 1987 744 2043 πάθεσιν.
789 1990 954 2062 Ὁρᾷς
993 1991 1141 2052 ὅπως
1178 1989 1351 2060 αὐτὴν
1386 1994 1432 2043 ol
1464 1989 1651 2060 ἐχθροί
1702 2006 1795 2042 σου

216 2076 523 2145 διέθηκανο
573 2081 936 2153 περιέκειραν
980 2083 1074 2135 τὸν
1112 2084 1318 2152 κόσμον
1359 2083 1553 2153 αὐτῆς,
1602 2082 1799 2152 ἐϐεϐή-

209 2169 394 2222 λωςαν
426 2172 484 2222 τὸ
516 2172 875 2243 ἁγιαστήριόν
932 2192 1050 2238 σου,
1077 2175 1169 2227 τὸν
1201 2176 1326 2229 ναὸν
1366 2177 1456 2228 τὸν
1505 2176 1660 2244 ἆγιόν
1702 2192 1796 2228 σου

213 2262 571 2333 ἐνέπρησαν·
637 2266 696 2318 ὃν
745 2266 1032 2334 ὑψωθῆναι
1075 2268 1172 2321 καὶ
1228 2268 1651 2338 κραταιωθῆναι
1704 2270 1797 2322 καὶ

209 2348 368 2417 αὖθις
394 2356 710 2424 εὐδόκησον,
732 2357 909 2421 διδοὺς
938 2360 1004 2413 τὰ
1032 2362 1287 2432 σκῆπτρα
1312 2362 1597 2431 βασιλεῦσι
1626 2365 1797 2434 Χρισ-

211 2451 442 2512 τιανοίς,
481 2450 574 2500 καὶ
610 2449 934 2517 μεγαλύνων
970 2452 1172 2515 αὐτοὺς
1209 2455 1268 2505 ὲν
1292 2455 1369 2520 τῷ
1398 2455 1629 2524 ὀνόματί
1680 2472 1797 2512 σου.

215 2542 327 2593 Καὶ
357 2543 473 2595 ὅσοι
503 2542 558 2596 δὲ
598 2542 686 2595 διὰ
714 2546 882 2613 τιμῆς
912 2545 1106 2611 ἄγουσι
1140 2546 1241 2614 τῆν
1271 2550 1583 2617 μαρτυρίαν
1612 2552 1793 2617 ἡμῶν,

216 2633 334 2702 βίον
358 2635 543 2699 αὐτοῖς
568 2638 922 2707 ἀπρόσκοπον
953 2638 1216 2709 δώρησαι,
1245 2640 1471 2707 ἀγαθῶν
1503 2641 1791 2710 ἀφθονίαν,

213 2731 310 2780 καὶ
342 2732 685 2800 συγγνώμην
718 2733 1032 2803 ἁμαρτιῶν,
1068 2736 1162 2788 καὶ
1197 2735 1345 2805 ἡμᾶς
1384 2734 1510 2798 τοῦς
1542 2736 1641 2801 τὴν
1677 2737 1799 2787 ἐπι-

213 2822 443 2890 φάνειαν
501 2823 600 2892 τὴν
652 2827 752 2894 σὴν
819 2828 1217 2895 ἀγαπήσαντας
1267 2829 1346 2889 είς
1394 2830 1493 2891 τὰς
1548 2830 1800 2892 αἰωνίους

215 2918 424 2984 σκηνὰς
477 2917 795 2985 πρόσδεξαι,
844 2920 938 2971 καὶ
992 2922 1104 2981 τοῖς
1142 2921 1238 2971 ἀπ’
1268 2919 1465 2981 αἰῶνός
1501 2939 1579 2973 σοι
1607 2924 1803 2991 εὐαρε-

218 3009 424 3075 τήσασι
480 3010 916 3081 συναρίθμησον.
968 3011 1154 3069 Ταῦτα
1207 3014 1478 3075 εἰπόντες,
1533 3012 1799 3081 ἀλλήλους

219 3101 683 3169 περιεπτύξαντο.
741 3105 851 3157 Καὶ
906 3105 998 3158 τὸν
1044 3105 1252 3175 αὐχένα
1302 3105 1520 3173 πρῶτον
1573 3106 1601 3157 ὁ
1656 3104 1801 3168 θεῖὸς

1904 606 2103 675 capita.
2144 605 2222 658 Ad
2251 621 2411 676 quem
2443 622 2569 661 eum
2616 605 2917 666 venissent,
2948 612 3004 657 et
3050 618 3110 658 se
3154 608 3410 672 prompto
3435 610 3491 655 et

1903 700 2068 755 alacri
2122 699 2307 754 animo
2360 699 2425 753 ad
2460 714 2653 769 preces
2684 696 3092 754 convertissem
3125 714 3138 748 :
3182 714 3199 745 ι
3240 692 3487 755 Domine,

1906 792 2154 854 Domine,
2188 792 2470 853 dixerunt,
2500 791 2671 844 virtus
2699 799 2898 842 nostrae
2938 786 3154 848 salutis,
3194 785 3494 839 obumbra-

1903 885 1971 940 sti
1998 901 2162 955 super
2192 895 2355 953 caput
2377 893 2623 938 nostrum
2650 882 2701 935 in
2728 881 2814 936 die
2838 879 2961 934 belli
2982 879 3027 933 ⁸.
3069 876 3254 931 »Νυηο
3276 889 3494 947 quoque

1904 978 2083 1033 deduc
2139 992 2241 1031 nos
2286 978 2340 1030 in
2396 976 2562 1029 vitam
2610 984 2869 1029 mternam
2906 990 2919 1028 :
2953 971 3212 1041 quoniam
3264 968 3398 1023 nihil
3428 984 3493 1021 ex

1905 1072 2163 1125 omnibus
2193 1068 2349 1124 nobis
2396 1068 2566 1138 pluris
2599 1066 2725 1129 fuit,
2762 1080 2925 1135 quam
2978 1065 3054 1118 tui
3104 1062 3344 1125 dilectio,
3380 1076 3491 1113 non

1906 1163 2101 1232 patria.
2140 1177 2247 1216 non
2285 1176 2483 1233 genus.
2507 1175 2615 1214 non
2653 1158 2891 1213 divitiae:
2932 1157 3026 1211 sed
3056 1155 3239 1210 omnia
3271 1163 3492 1223 propter

1906 1266 1957 1309 te
1988 1256 2351 1325 prodidimus,
2386 1256 2550 1311 etiam
2592 1255 2765 1325 ipsam
2798 1253 2988 1315 vitam,
3019 1262 3073 1306 et
3110 1259 3368 1320 tanquam
3401 1264 3492 1303 oc-

1902 1348 2127 1403 cisionis
2159 1364 2288 1403 oves
2317 1364 2508 1402 sumus
2533 1347 2767 1418 reputati
2789 1347 2833 1400 '.
2858 1346 2926 1400 Et.
2962 1360 3106 1399 nunc
3133 1352 3183 1397 te
3215 1342 3492 1411 supplices

1904 1455 2181 1505 rogamus,
2211 1438 2329 1493 Fiat
2384 1439 2521 1493 ultio
2572 1438 2857 1508 sanguinis
2909 1451 3192 1491 servorum
3250 1444 3490 1495 tuorum,

1904 1535 1994 1602 qui
2028 1532 2371 1587 fuiteffusus.
2403 1534 2611 1587 Extolle
2659 1548 2854 1585 mantus
2892 1540 3013 1585 tuas
3048 1544 3213 1599 super
3259 1529 3490 1582 istorum

1906 1626 2277 1697 superbiam“.
2311 1624 2539 1693 Suscipe
2584 1640 2647 1679 ac
2693 1623 2929 1678 defende
2982 1638 3173 1678 eorum
3205 1621 3367 1685 ﬁlios,
3399 1621 3491 1689 qui

1909 1735 2007 1789 pro
2024 1730 2074 1773 te
2094 1721 2423 1773 moriuntur.
2447 1718 2750 1774 Corrobora
2782 1716 3077 1777 civitatem,
3094 1730 3215 1783 qua:
3233 1713 3495 1785 gloriatur

1909 1822 2003 1866 tuo
2038 1813 2277 1882 pretioso
2312 1812 2599 1883 sanguine,
2634 1820 2689 1865 et
2738 1825 2922 1873 cruce,
2951 1817 3006 1863 et
3027 1805 3491 1878 perpessionibus.

1916 1903 2074 1957 Vides
2118 1901 2577 1971 quemadmodum
2614 1915 2733 1955 eam
2791 1899 2865 1954 tui
2899 1897 3205 1952 all‘ceerunt
3245 1894 3493 1955 inimici:

1907 1995 2257 2047 attonderunt
2280 1994 2399 2063 ejus
2420 1999 2831 2053 ornamentum,
2862 1988 3225 2058 profanarunt
3243 1995 3500 2039 sanctua-

1909 2087 2047 2139 rium
2110 2097 2284 2146 tuum,
2335 2086 2596 2154 templum
2664 2094 2915 2138 sanctum
2959 2092 3113 2135 tuum
3168 2085 3499 2132 exusserunt

1907 2180 2052 2249 quod
2082 2179 2175 2232 tibi
2215 2180 2445 2247 placeat,
2482 2188 2539 2231 ut
2570 2192 2759 2229 rursus
2782 2175 3075 2230 extollatur
3100 2183 3155 2227 et
3189 2173 3495 2232 roboretur,

1909 2272 2090 2327 dando
2124 2280 2344 2342 sceptra
2395 2271 2611 2342 regibus
2654 2268 3003 2330 Christianis,
3036 2282 3242 2334 eosque
3271 2276 3498 2334 magnos

1910 2377 1965 2421 et
1995 2366 2206 2435 amplos
2243 2364 2524 2420 reddendo
2571 2364 2624 2417 in
2665 2374 2759 2418 tuo
2809 2361 3056 2417 nomine.
3087 2359 3188 2425 Qui
3225 2367 3407 2411 autem
3444 2358 3497 2409 in

1912 2461 2120 2514 bonore
2154 2469 2400 2514 nostrum
2440 2458 2720 2511 habebunt
2749 2455 3094 2525 martyrium,
3127 2452 3193 2505 da
3219 2452 3301 2504 eis
3333 2450 3495 2503 vitam

1862 2600 1871 2609 .
1910 2552 2046 2608 citra
2082 2551 2245 2608 ullam
2282 2551 2667 2615 ollensionem,
2713 2549 2984 2602 bonorum
3028 2544 3265 2614 c0piam,
3292 2551 3348 2597 et
3408 2556 3500 2597 ve-

1908 2646 2054 2697 niam
2088 2655 2461 2714 peccatorum.
2491 2644 2603 2697 Nos
2624 2658 2753 2698 vero
2778 2642 2867 2713 qui
2905 2650 3058 2695 tuum
3092 2636 3387 2691 adventum
3413 2633 3498 2688 di—

1909 2738 2160 2801 leximus,
2180 2737 2235 2790 in
2261 2746 2463 2791 aeterna
2484 2735 2701 2803 suscipe
2720 2731 3094 2791 tabernacula,
3116 2739 3171 2783 et
3197 2744 3498 2781 annumera

1911 2832 2055 2887 inter
2086 2846 2202 2897 eos,
2233 2830 2325 2899 qui
2361 2829 2456 2883 tibi
2487 2828 2555 2881 ab
2606 2836 2815 2880 aeterno
2846 2825 3189 2893 placuerunt.
3220 2818 3346 2874 Ilaec
3373 2836 3497 2872 cum

1912 2916 2199 2986 dixissent,
2235 2937 2295 2977 se
2324 2921 2559 2976 invicem
2588 2926 2717 2973 sunt
2767 2917 3027 2986 amplexi.
3063 2914 3278 2968 Primus
3314 2922 3499 2966 autem

1910 3018 2130 3071 divinus
2158 3018 2415 3078 Aretbas,
2442 3015 2659 3069 cervice
2691 3012 2973 3074 inclinata,
3007 3010 3174 3063 ictum
3206 3006 3365 3076 gladii
3412 3007 3503 3059 ιω-

1914 3117 2093 3164 tanter
2120 3109 2343 3178 excipit,
2376 3117 2429 3161 et
2457 3108 2530 3161 ita
2561 3108 2608 3159 ei
2633 3113 2799 3175 caput
2834 3112 3173 3172 amputatur.
3204 3101 3370 3153 Porro
3402 3115 3499 3151 au.

215 3186 526 3279 ἀποκλίνας
596 3190 847 3261 ’Λρέθας,
883 3193 977 3261 ὑφ’
1036 3195 1247 3264 ἑτέρων
1303 3195 1396 3247 δύο
1446 3194 1801 3265 βαστάζεται,

1913 3213 2019 3257 tem
2053 3203 2290 3271 reliquus
2321 3215 2543 3269 quoque
2573 3199 2795 3262 chorus,
2836 3196 3079 3266 jucunda
3108 3204 3162 3249 et
3211 3210 3332 3262 qua:
3364 3192 3500 3246 solvi

213 3276 335 3331 εἶτα
367 3284 461 3333 καὶ
507 3284 607 3354 τὴν
640 3285 881 3354 κεφαλὴν
911 3286 1248 3354 ἀφαιρεῖται.
1290 3288 1396 3339 Καὶ
1426 3290 1453 3339 ὁ
1506 3288 1695 3351 λοιπὸς
1742 3292 1801 3342 δὲ

220 3374 535 3435 ἀκολούθως
569 3380 755 3445 χορὸς,
807 3379 839 3445 ἡ
873 3378 1099 3446 γλυκεῖα
1153 3381 1245 3431 καὶ
1278 3380 1474 3442 ἄλυτος
1529 3383 1799 3452 ἑταιρεία,

218 3464 297 3524 ὡς
328 3459 474 3533 εἶχον
508 3466 704 3536 τάχους
764 3468 841 3539 τῷ
888 3470 1055 3542 τιμίῳ
1093 3472 1301 3525 ἐκείνου
1351 3472 1689 3544 χρησάμενοι
1722 3475 1807 3529 αἴ-

220 3574 381 3625 ματι,
432 3560 684 3630 καθάπερ
725 3565 829 3617 τινὶ
865 3562 1025 3635 μύρῳ
1053 3565 1342 3618 πολυτελεῖ
1370 3567 1505 3638 πρὸς
1539 3569 1639 3636 τὴν
1671 3586 1807 3637 σφας

219 3652 329 3719 γὴν
410 3654 675 3723 ἐχώρουν,
728 3657 825 3709 καὶ
883 3658 1085 3727 σπουδῇ
1136 3661 1287 3731 πάσῃ
1332 3660 1425 3713 τὸν
1477 3659 1565 3713 διὰ
1618 3659 1805 3728 ξίφους

214 3745 469 3814 ἐδέχοντο
500 3746 754 3813 θάνατον,
794 3750 996 3817 μικροῦ
1030 3751 1126 3802 καὶ
1174 3751 1431 3819 ἀλλήλοις
1464 3751 1561 3805 τοῦ
1609 3753 1806 3825 καιροῦ

218 3838 565 3910 φθονοῦντες,
601 3839 675 3902 ὡς
710 3840 870 3893 πλέον
918 3859 971 3895 τι
1017 3841 1155 3912 πρὸς
1198 3843 1369 3914 τιμὴν
1422 3845 1679 3912 νέμοντος
1727 3844 1807 3915 τῷ

218 3932 543 4003 προθανίντι
588 3936 615 3986 ὁ
643 3935 1032 4003 ἐπερχόμενος.

294 4027 422 4079 KB'.
465 4024 608 4096 Γυνὴ
655 4026 710 4079 δέ
766 4044 847 4090 τις
894 4026 1109 4079 παιδίον
1154 4024 1355 4097 ἔχουσα
1395 4028 1693 4100 παραθέον,
1745 4029 1807 4082 οὑ

217 4118 385 4171 πλέον
450 4116 677 4187 ἦπέντε
729 4121 957 4188 χρόνους
989 4119 1283 4190 γενόμενον
1314 4121 1499 4191 ὁρῶσα
1548 4122 1617 4173 τά
1666 4120 1808 4189 δρώ-

221 4226 387 4277 μενα,
420 4211 514 4262 καὶ
557 4210 693 4279 πρὸς
730 4214 822 4261 τὸν
865 4211 1055 4278 ὅμοιον
1091 4212 1393 4282 διάθερμον
1424 4211 1581 4263 θεῖσα
1618 4211 1806 4281 ζῆλον,

217 4304 323 4370 τὴν
354 4300 623 4369 ταχίστην
690 4301 1132 4372 προσδραμοῦσα
1172 4308 1266 4355 καὶ
1299 4301 1395 4356 τοῦ
1444 4304 1677 4375 αἵματος
1714 4308 1812 4359 καὶ

218 4395 360 4464 αὑτὴ
389 4392 653 4457 λαϐοῦσα,
690 4394 875 4461 ἐκείνη
925 4412 986 4449 τε
1062 4395 1324 4467 ἠλείψατο
1370 4398 1466 4451 καὶ
1506 4398 1600 4451 τὸν
1645 4399 1810 4452 παῖδα

223 4491 522 4560 μητρικαῖς
570 4489 729 4560 χερσὶ
784 4490 1120 4560 περιέχριεν.
1172 4488 1305 4543 Εἶτα
1354 4493 1451 4544 καὶ
1512 4494 1593 4555 εἰς
1643 4492 1810 4545 αὐτὸν

1910 3314 2017 3350 non
2045 3306 2257 3365 poterat
2282 3294 2562 3355 sodalitas,
2590 3307 2713 3347 cum
2748 3305 2908 3358 quam
2946 3289 3178 3342 maxima
3208 3296 3501 3357 potuerunt

1909 3389 2211 3450 celeritate,
2244 3403 2301 3442 se
2329 3388 2644 3440 venerando
2678 3385 2966 3439 unxisscnt
3010 3382 3157 3435 illius
3207 3380 3500 3448 sanguine,

1912 3494 2169 3553 tanquam
2228 3488 2510 3549 unguento
2562 3479 2745 3544 aliquo
2794 3477 3059 3545 pretioso,
3096 3481 3502 3541 consequenter

1910 3578 1975 3631 ad
1998 3586 2224 3631 mortem
2252 3574 2675 3633 contenderunt,
2695 3586 2857 3639 quam
2888 3570 3064 3637 gladio
3090 3583 3325 3635 propere
3344 3581 3502 3618 acce-

1912 3677 2128 3739 perunt,
2159 3668 2261 3720 sibi
2296 3668 2526 3718 invicem
2562 3674 2778 3732 tempus
2811 3658 3206 3731 propemodum
3244 3656 3501 3710 inviden-

1914 3774 2017 3823 tes,
2046 3770 2233 3829 utpote
2263 3755 2405 3827 quod
2442 3754 2571 3825 quid
2603 3753 2783 3823 majus
2820 3752 2884 3805 ad
2940 3751 3204 3805 honorem
3234 3746 3506 3801 tribuere-

1914 3862 2002 3906 tur
2033 3854 2103 3915 ei,
2143 3852 2234 3919 qui
2264 3850 2413 3919 prius
2444 3858 2560 3901 erat
2584 3857 2854 3909 mortuus,
2890 3858 3001 3913 pra:
3032 3843 3146 3905 illo,
3176 3840 3270 3910 qui
3305 3838 3502 3894 deinde

1913 3945 2267 4011 sequebatur.

1987 4037 2151 4092 XXII.
2198 4034 2454 4103 Quaedam
2515 4040 2697 4086 autem
2753 4028 2948 4082 mulier
2999 4026 3210 4080 habens
3270 4037 3501 4093 puerum

1913 4134 2461 4198 prmtcrcurrentem,
2498 4138 2605 4175 non
2660 4120 2781 4189 plus
2832 4134 2993 4187 quam
3048 4116 3292 4186 quinque
3329 4128 3504 4165 annos

1913 4229 2125 4279 uatum,
2152 4233 2276 4272 cum
2307 4216 2514 4269 videret
2550 4229 2635 4274 ea.
2667 4228 2789 4281 qua:
2839 4210 3062 4272 fiebant,
3093 4218 3145 4261 et
3171 4208 3235 4260 ad
3271 4208 3501 4261 similem

1914 4328 2140 4367 accensa
2190 4317 2337 4364 esset
2386 4306 2817 4369 aemulationem,
2868 4304 3135 4358 citissime
3182 4314 3500 4363 accurrens,

1915 4422 2039 4460 cum
2093 4406 2207 4473 ipsa
2274 4415 2493 4471 qucque
2548 4399 2847 4467 accepisset
2902 4398 3264 4465 sanguinem,
3311 4408 3370 4446 se
3413 4393 3505 4446 illo

1916 4500 2075 4553 unxit
2109 4507 2162 4549 et
2200 4496 2390 4547 lilium.
2421 4492 2629 4546 Deinde
2664 4492 2843 4560 ipsum
2883 4504 3063 4558 regem
3096 4486 3499 4547 ludificabatur,

218 4581 613 4635 ἐναπέσκωπτε
664 4581 755 4633 τὸν
802 4579 1055 4650 βασιλέα,
1108 4580 1378 4650 τύραννον
1427 4581 1803 4645 ἀποκαλοῦσα,

1916 4605 2043 4645 eum
2101 4602 2304 4645 vocans
2364 4594 2675 4654 tyrannum,
2717 4589 2772 4636 ct
2822 4595 2987 4651 quam
3022 4579 3256 4633 maxima
3290 4588 3505 4647 poterat

218 4676 316 4727 καί
344 4672 601 4740 ὀξυτάτῃ,
635 4670 710 4731 ὡς
740 4666 875 4740 εἶχε,
908 4671 1084 4739 φωνῇ,
1123 4671 1318 4723 Ἔσται
1349 4669 1426 4739 τῷ
1460 4669 1673 4740 βασιλεῖ
1701 4667 1812 4720 τῶν

233 4764 507 4833 Ἐὕραίων
540 4763 614 4823 ὡς
651 4762 731 4833 τῷ
776 4764 1004 4833 Φαραὼ,
1032 4761 1291 4829 λέγουσα.
1326 4764 1389 4816 Οἱ
1446 4763 1661 4815 ἐκείνου
1699 4762 1811 4814 τοί-

220 4876 318 4911 νυν
351 4857 696 4909 ὑπασπισταὶ
725 4856 835 4908 τῶν
864 4857 1178 4924 λεγομένων
1210 4857 1576 4921 ἀκουσάντες,
1614 4855 1812 4907 συλλα-

219 4953 411 5015 ϐόντες
447 4948 606 5011 εὐθὺς
636 4951 737 5020 τὴν
783 4952 1027 5018 γυναῖκα
1060 4951 1136 5013 ὡς
1169 4951 1332 5003 αὐτὸν
1362 4952 1556 5017 ἀγουσι
1586 4952 1677 5003 τὸν
1709 4949 1807 5020 βα-

222 5048 403 5108 σιλέα,
438 5047 533 5097 καὶ
566 5043 712 5113 άπερ
739 5044 937 5114 ἐκείνῳ
972 5044 1185 5114 πικρῶς
1215 5043 1617 5113 διελοιδορεῖτο,
1668 5043 1809 5112 μετὰ

218 5137 425 5205 πολλῆς
471 5136 879 5207 ἀπαγγέλλουσι
925 5138 1022 5207 τῆς
1070 5137 1410 5208 προσθήκης.
1461 5136 1519 5189 '0
1562 5137 1642 5203 δὲ,
1676 5137 1809 5207 μηδὲ

217 5235 384 5301 λόγου
416 5230 551 5299 μηδὲ
586 5231 752 5303 ψιλῆς
812 5232 952 5301 αὐτῇ
993 5233 1265 5301 μεταδοὺς
1314 5232 1662 5303 ἐρωτήσεως,
1706 5230 1811 5282 ποῦ

220 5332 337 5398 γὰρ
367 5326 400 5395 ἢ
436 5325 658 5395 βασάνῳ
698 5326 760 5380 τὸ
792 5327 1051 5397 πρᾶγμα,
1090 5327 1123 5396 ἢ
1161 5328 1342 5399 κρίσει
1389 5330 1496 5381 τινὶ
1539 5326 1809 5394 δεδωκὼς,

214 5424 311 5474 τὸν
334 5418 422 5471 διὰ
454 5418 623 5487 πυρὸς
656 5420 827 5489 αὐτῆς
859 5418 1303 5488 καταψηφίζεται
1335 5419 1589 5474 θάνατον.
1627 5420 1805 5483 Εὐθὺς

213 5514 315 5567 οὖν
340 5511 442 5580 ὕλη
486 5513 859 5578 συνεφορεῖτο,
896 5513 989 5566 καὶ
1019 5510 1130 5581 πῦρ
1163 5513 1301 5584 αὐτῇ
1343 5514 1750 5583 ὐπερεῦἀλλετο
1780 5517 1811 5584 ή

223 5604 367 5672 φλόξ
394 5618 447 5654 τε
482 5601 571 5654 ἐπὶ
608 5601 753 5670 μέγα
784 5603 971 5672 ᾔρετο,
1024 5606 1120 5658 καὶ
1167 5604 1299 5675 θείῳ
1348 5607 1443 5659 καὶ
1492 5608 1682 5675 πίσση,
1716 5609 1816 5661 καὶ

217 5696 559 5765 κληματίσιν
614 5698 899 5769 ἐτρέφετο.
950 5694 1081 5752 Εἶτα
1120 5700 1213 5753 καὶ
1264 5701 1299 5771 ὴ
1338 5701 1477 5768 γυνὴ
1534 5701 1813 5769 περιεδεσ-

302 5873 319 5899 ⁸
353 5870 475 5927 Psal
527 5892 741 5943 CI\M1,
773 5878 825 5933 8.
902 5880 921 5907 ⁸
954 5876 1093 5932 Psal.
1137 5895 1281 5947 tun,
1327 5880 1407 5934 l2.

1913 4698 2044 4739 voce
2073 4681 2298 4736 dicens:
2333 4678 2450 4733 Erit
2474 4678 2830 4731 Hebrieorum
2863 4674 2999 4741 regi,
3030 4674 3175 4726 sicut
3207 4670 3503 4725 Pharaoni.

1909 4778 2059 4831 Illius
2093 4789 2225 4827 \ero
2264 4772 2552 4829 satellites,
2586 4770 2674 4832 iis,
2702 4785 2823 4837 qua:
2873 4766 3223 4827 dicebantur,
3276 4764 3499 4824 auditis,

1908 4866 2358 4935 comprehensam
2402 4862 2589 4915 statim
2625 4859 2914 4913 mulierem
2970 4857 3178 4913 ducunt
3206 4854 3271 4909 ad
3322 4854 3501 4923 ipsum

1912 4973 2124 5028 regem,
2170 4964 2227 5010 et
2264 4955 2576 5016 maledicta,
2604 4953 2801 5022 quibus
2848 4951 2997 5006 illum
3056 4950 3251 5005 acerbe
3284 4958 3505 5017 appeti--

1914 5054 2026 5116 bat.
2069 5051 2388 5107 renuntiant
2413 5064 2538 5101 cum
2573 5062 2766 5115 magna
2791 5047 3131 5099 accessione.
3162 5042 3253 5098 llle
3295 5052 3500 5097 autem.

1914 5163 2037 5201 cum
2066 5160 2165 5198 nec
2190 5144 2236 5196 ei
2268 5142 2491 5196 fecisset
2520 5139 2736 5193 dicendi
2778 5147 3129 5208 potestatem.
3167 5148 3222 5191 et
3259 5151 3356 5189 nec
3382 5152 3503 5189 eam

1912 5237 2132 5308 quidem
2164 5235 2573 5305 interrogasset.
2616 5247 2739 5285 eam
2764 5229 3116 5293 condemnat,
3144 5238 3202 5281 ut
3232 5227 3355 5297 igne
3389 5242 3505 5278 mo-

1915 5340 2147 5385 reretur.
2175 5328 2371 5383 Statim
2401 5342 2529 5397 ergo
2560 5326 2662 5379 fuit
2687 5335 2943 5395 congesta
2980 5321 3229 5385 materia,
3260 5332 3316 5375 et
3366 5320 3505 5383 ignis

1916 5424 1963 5477 ei
1994 5423 2310 5492 subjectus:
2339 5427 2391 5473 et
2418 5418 2631 5473 ﬂamma
2664 5434 2721 5473 se
2756 5418 2808 5471 in
2841 5416 3009 5469 altum
3036 5414 3503 5477 sustulit,sulfure

1915 5527 1970 5571 et
2000 5516 2117 5586 pice
2142 5526 2196 5570 et
2227 5513 2522 5569 sarmentis
2554 5514 2783 5567 nutrita.
2817 5508 3023 5565 Deinde
3061 5506 3350 5563 fuitetiam
3381 5506 3503 5559 alli-

1916 5620 2038 5681 gata
2068 5608 2285 5671 mulier,
2316 5616 2370 5662 et
2402 5622 2522 5662 eam
2553 5606 2806 5659 lictorum
2838 5618 3032 5658 manus
3057 5600 3498 5673 complecteban-

1918 5712 2024 5765 tur,
2060 5708 2116 5753 ut
2160 5714 2286 5753 cum
2335 5698 2528 5754 fuisset
2557 5696 2639 5751 eis
2683 5711 2823 5751 onus
2855 5699 3073 5766 portatu
3123 5693 3302 5757 facile,
3336 5690 3413 5745 sic
3445 5693 3500 5745 in

1490 5882 1509 5906 “
1544 5879 1685 5935 PSal.
1725 5897 1906 5943 tum,
1950 5882 1998 5937 3.
