3990 6484
221 421 360 490 1277

1383 424 1853 486 MARTYRIUM
1893 427 1952 486 S.
1999 429 2352 494 ARETH£.

3357 436 3491 501 1218

219 533 586 605 σφοδρότερον
616 535 760 589 κατὰ
813 532 908 588 τοῦ
942 533 1119 605 μηροῦ
1152 533 1337 587 δάκνει
1383 533 1478 585 τὸν
1540 532 1788 601 βασιλέα.

1902 539 2182 593 mordetin
2213 540 2441 597 femore.
2476 543 2572 599 Ille
2602 553 2809 611 autem,
2835 544 2999 600 simul
3035 555 3197 615 atque
3224 545 3493 600 sensisset

228 628 289 681 Ὀ
327 627 382 680 δὲ
427 627 523 680 τοῦ
573 627 856 696 δήγματος
913 627 1030 696 ἅμα
1091 625 1436 696 αἰσθόμενος,
1475 625 1570 679 καὶ
1600 625 1797 679 διατα-

216 719 442 792 ραχθεὶς
471 720 636 774 αύτδν
678 721 1008 785 ἀπωθεῖται,
1055 721 1148 774 καὶ
1202 719 1313 772 τῶν
1353 721 1449 788 τῆς
1487 721 1798 790 συγκλήτου

215 816 327 866 τινὶ
387 814 780 884 παραδίδωσιν,
837 815 925 882 ἐφ’
959 808 1002 881 ᾧ
1047 813 1249 883 μᾶλλον
1313 813 1629 877 Ἰουδαϊκῶς
1663 814 1798 885 παρ’

215 908 413 975 ἐγείνῳ
458 907 692 976 τραφείη
729 908 821 960 καὶ
853 907 939 958 τὸν
981 907 1412 976 Χριστιανισμδν
1451 905 1795 978 ἐξομόσαιτο.

213 999 324 1050 Καὶ
359 998 386 1048 6
420 998 518 1068 μὲν
547 998 728 1050 λαϐὼν
755 997 845 1049 τὸν
904 997 1067 1050 παῖδα
1126 997 1317 1069 ἀπῄει.
1365 997 1433 1062 τὰ
1482 997 1795 1066 πραχθέντα

212 1091 547 1160 ποιούμενος
597 1092 685 1144 διὰ
738 1090 1040 1158 Θαύματος,
1083 1093 1195 1152 τοῖς
1251 1091 1433 1152 ἄλλοις
1469 1108 1530 1143 τε
1588 1090 1794 1159 μεταξὺ

209 1181 578 1251 διηγούμενος
615 1218 630 1234 .
690 1181 778 1233 Ἑν
831 1179 1008 1250 τούτῳ
1057 1181 1114 1234 δὲ
1170 1180 1230 1232 τὸ
1259 1181 1472 1234 παιδίον
1511 1180 1792 1246 διαλαθὸν,

209 1274 402 1344 δρόμῳ
428 1273 610 1342 πολλῷ
658 1273 795 1344 πρὸς
834 1273 934 1343 τὴν
985 1275 1198 1342 μητέρα
1249 1273 1468 1343 ἐχώρει,
1523 1275 1620 1326 καὶ
1650 1273 1793 1325 κατὰ

225 1365 421 1434 μέσης,
449 1366 598 1426 ὅπως
625 1358 761 1432 εἶχε,
787 1364 884 1434 τὴν
917 1364 1149 1434 κάμινον
1171 1365 1423 1435 εἰσπηδᾷ,
1452 1365 1552 1436 τὴν
1582 1367 1796 1436 μητέρα

210 1478 276 1512 τε
312 1459 389 1522 ὡς
428 1458 578 1528 αὐτῷ
612 1458 786 1511 ἐδόκει
835 1457 1150 1530 περιλαϐὸν,
1176 1505 1182 1510 .
1206 1458 1301 1511 καὶ
1336 1459 1624 1513 κάλλιστον
1655 1459 1793 1532 αὐτῇ

209 1553 471 1620 ἐντάφιον
495 1552 688 1603 ἑαυτὸν
716 1551 973 1617 δεδωκδς,
1002 1552 1095 1603 τὸν
1127 1551 1228 1619 τῆς
1278 1552 1588 1621 μαρτυρίας
1624 1551 1795 1621 ἄμφω

209 1643 620 1712 κληρονομοῦσι
653 1644 940 1712 στέφανον.
1001 1641 1222 1696 Τούτων
1250 1642 1394 1698 οὕτω
1429 1645 1792 1712 τελουμένων,

207 1735 361 1788 ἔλεον
405 1734 668 1796 λαϐόντες
703 1735 810 1787 τῶν
856 1733 1030 1788 ταῦτα
1072 1737 1394 1806 πασχόντων
1447 1736 1792 1804 Χριστιανῶν

206 1825 262 1878 οἱ
299 1825 428 1894 περὶ
455 1825 548 1880 τὸν
599 1825 845 1895 βασιλέα,
877 1827 972 1880 καὶ
1006 1826 1122 1879 ὅσοι
1170 1828 1271 1897 τῆς
1307 1829 1641 1896 συγκλήτου,
1680 1828 1794 1881 ίκέ-

204 1933 367 1970 ¹τευον
395 1917 558 1970 αὑτὸν
592 1919 824 1980 ἀνεῖναι,
859 1917 954 1970 καὶ
1021 1918 1097 1988 μὴ
1126 1919 1297 1990 ἄρδην
1328 1919 1604 1972 ἀπολέσαι
1635 1919 1790 1972 πόλιν

205 2007 358 2062 οὕτω
389 2011 636 2079 μεγάλην
669 2010 766 2062 καὶ
800 2009 1257 2079 πολυάνθρωπον,
1319 2011 1414 2063 καὶ
1467 2010 1604 2062 πολὺ
1651 2009 1791 2078 πλῆ-

207 2102 303 2166 θος
335 2105 595 2156 ἐπετείων
620 2102 801 2172 φόρων
831 2103 1200 2173 παρέχουσαν.
1227 2103 1383 2155 Ἐπεὶ
1409 2098 1502 2155 οὖν
1531 2103 1588 2155 ὲν
1614 2101 1790 2172 τούτῳ

206 2197 526 2262 κατένευεν,
559 2197 592 2262 ἠ
631 2195 849 2265 σκληρά
895 2197 1079 2266 ἐκείνη
1117 2199 1213 2250 καὶ
1259 2197 1599 2266 Φαραωνίτις
1636 2197 1788 2266 ψυχὴ

203 2285 302 2340 δύο
333 2285 522 2340 παθῶν
546 2286 604 2338 ὲν
630 2285 778 2355 αύτῷ
807 2285 1220 2356 διερισαμένων,
1273 2288 1366 2338 καὶ
1398 2285 1662 2355 ὠμότητα
1699 2302 1790 2352 φι-

203 2377 582 2449 λογρηματίας
615 2379 1010 2448 ἔκνικησάσης,
1044 2375 1096 2429 τί
1128 2379 1310 2444 «ossi;
1349 2377 1570 2447 Ταύτης
1599 2394 1660 2430 τε
1692 2376 1790 2446 τῆς

203 2472 419 2532 πόλεως
450 2469 545 2522 καὶ
579 2470 761 2542 πάσης
789 2469 891 2536 τῆς
925 2467 1108 2539 χώρας
1153 2469 1214 2521 τὸ
1274 2469 1486 2532 νεάζον,
1531 2469 1701 2541 ἄρρεν
1730 2485 1790 2522 τε

212 2563 314 2614 καὶ
344 2560 500 2630 θῆλυ,
551 2559 1153 2631 ἐξανδραποδισάμενος
1179 2559 1260 2623 είς
1287 2559 1489 2621 πολλὰς
1519 2559 1791 2629 ἀριθμού-

209 2671 376 2732 μενον
410 2656 703 2725 μυριάδας,
737 2655 834 2708 καὶ
889 2654 984 2717 οὓς
1018 2654 1119 2722 μὲν
1152 2653 1316 2716 αὐτὸς
1348 2652 1660 2722 κατασχὼν,
1697 2653 1791 2716 οὓς

203 2745 265 2798 δὲ
300 2747 392 2798 καὶ
432 2747 702 2810 διαδιδοὺς
737 2749 816 2809 εἰς
850 2745 1097 2800 δουλείαν
1129 2741 1211 2810 οἷς
1243 2746 1352 2816 ἄρα
1382 2745 1655 2812 ἐϐούλετο,
1686 2746 1786 2801 αὖ-

203 2837 562 2906 θιςὲπανῆκε
597 2838 730 2907 πρὸς
762 2838 831 2890 τὰ
857 2838 1129 2906 βασίλεια,
1189 2838 1598 2909 δουλωσάμενος
1633 2839 1788 2893 πόλιν

203 2931 503 3003 ἐλευθέραν
572 2932 668 2984 καὶ
719 2932 858 3002 μόνῃ
900 2933 968 3001 τῇ
1023 2931 1213 3000 Τριάδι
1269 2933 1660 3000 ἀνακειμένην,
1713 2935 1782 3001 ἣν

202 3025 370 3087 αὐτὸς
411 3025 643 3095 Χριστὸς
705 3023 782 3093 τῷ
811 3023 924 3093 ἰδίῳ
985 3021 1360 3094 ἐξηγοράσατο
1405 3024 1622 3092 αἵματι,
1665 3024 1790 3093 ἣτις

1903 647 2143 686 morsum
2198 644 2253 689 et
2289 635 2481 690 fuisset
2526 639 2909 702 conturbatus,
2956 654 3081 693 eum
3141 647 3366 708 repente
3396 637 3492 692 ab—

1895 720 2034 789 jicit.
2064 729 2120 775 et
2173 739 2296 776 eum
2375 726 2540 780 tradit
2577 727 2794 781 cuidam
2842 744 2906 782 ex
2955 737 3172 788 senatu.
3205 738 3264 780 ut
3294 728 3361 781 ab
3397 727 3491 780 illo

1899 813 2134 867 aleretur
2167 817 2395 870 maxime
2423 817 2669 879 Judaice.
2717 832 2771 874 et
2811 821 3086 888 abiuraret
3146 821 3475 876 Christiani-

1900 920 2098 960 smum.
2139 907 2206 960 Et
2264 908 2354 962 ille
2383 912 2602 977 quidem
2665 912 2866 976 abibat,
2914 922 3135 980 accepto
3164 928 3354 978 puero,
3391 912 3492 964 ad-

1899 999 2106 1052 mirans
2140 1013 2226 1061 ea.
2259 1017 2380 1069 quae
2418 1002 2559 1057 facta
2593 1003 2829 1061 fuerant.
2862 1014 2918 1058 et
2965 1003 3126 1056 simul
3160 1004 3322 1057 etiam
3359 1018 3485 1054 nar-

1899 1106 2030 1144 rans
2065 1091 2208 1147 aliis.
2243 1091 2462 1145 Interim
2494 1105 2674 1146 autem
2713 1109 2868 1162 pner.
2899 1109 2964 1148 eo
2996 1094 3282 1154 insciente.
3317 1107 3486 1144 cursu

1897 1185 2182 1238 contendit
2213 1185 2277 1236 ad
2312 1195 2564 1249 matrem,
2605 1196 2660 1240 et
2696 1187 2867 1240 insilit
2917 1187 2975 1240 in
3041 1187 3276 1238 mediam
3309 1186 3490 1238 forna-

1897 1292 2036 1336 cem.
2094 1288 2450 1346 matremque.
2516 1288 2573 1333 ut
2628 1279 2676 1333 ei
2711 1279 3020 1336 videbatur.
3055 1279 3394 1346 complexus,
3433 1287 3489 1332 et

1899 1369 2332 1439 pulcherrimum
2366 1371 2584 1424 bustum
2639 1373 2878 1439 seipsum
2920 1371 2965 1423 ei
3000 1369 3239 1429 tradens,
3274 1369 3329 1421 ﬁt
3364 1385 3486 1421 cuin

1898 1461 2011 1532 ipsa
2055 1461 2229 1517 hit-res
2269 1477 2484 1516 corona
2519 1463 2782 1532 martyrii.
2828 1463 2963 1516 Cum
2999 1463 3114 1516 haec
3146 1462 3222 1514 sic
3257 1462 3475 1523 tierent.

1897 1553 2222 1622 patientium
2258 1553 2692 1608 Christianorum
2722 1554 2850 1607 moti
2886 1554 3258 1607 misericordia
3312 1553 3344 1605 ii
3385 1554 3478 1620 qui

1897 1654 2055 1700 erant
2119 1647 2264 1699 circa
2329 1662 2509 1716 regem
2572 1657 2626 1701 et
2683 1648 2798 1715 ipse
2847 1656 3096 1707 senatus,
3129 1645 3391 1711 rogabant
3427 1652 3487 1696 ut

1895 1748 2124 1794 caeteros
2183 1739 2474 1802 relaxaret,
2535 1749 2592 1793 et
2650 1755 2758 1792 noa
2815 1741 3037 1808 penitus
3088 1739 3339 1806 perderet
3371 1749 3480 1793 tam

1897 1845 2146 1899 magnam
2181 1831 2476 1894 civitatem,
2508 1839 2562 1884 et
2622 1831 2820 1900 pOpulo
2881 1840 2986 1883 tam
3026 1830 3367 1900 frequentem
3430 1841 3487 1884 et

1893 1939 2015 1992 qua:
2068 1923 2365 1992 quotannis
2427 1939 2622 1994 magna
2669 1923 2944 1991 pendebat
2976 1922 3276 1992 vectigalia.
3326 1921 3492 1975 Post-

1891 2030 2052 2084 quam
2112 2025 2290 2069 autem
2326 2015 2424 2068 hac
2467 2016 2520 2068 in
2574 2031 2631 2069 re
2689 2017 2878 2069 annuit
2908 2017 3042 2068 dura
3077 2017 3164 2069 illa
3203 2015 3378 2068 anima
3433 2018 3489 2067 ei

1895 2105 2276 2159 Pbaraonitica
2329 2105 2815 2175 crudelitatemque
2894 2106 3027 2159 vicit
3079 2105 3324 2165 malitia,
3357 2104 3487 2172 quid

1890 2199 2056 2255 facit?
2083 2200 2218 2256 Cum
2255 2201 2416 2270 hujus
2461 2201 2700 2255 civitatis
2746 2214 2799 2256 et
2831 2202 2997 2255 totius
3040 2200 3280 2269 regionis
3335 2201 3486 2268 juve-

1890 2306 2013 2353 nes,
2050 2299 2154 2344 tam
2209 2289 2476 2346 masculos
2523 2307 2683 2360 quam
2742 2291 2994 2354 feminas,
3065 2290 3364 2359 redegisset
3432 2287 3484 2341 in

1895 2385 2239 2447 servitutem,
2291 2399 2525 2453 quorum
2595 2393 2752 2439 erant
2790 2384 2956 2437 multa
3022 2382 3210 2436 millia.
3259 2391 3312 2434 et
3355 2381 3490 2435 aiios

1888 2474 2108 2545 quidem
2169 2476 2286 2545 ipse
2339 2477 2674 2539 retinuisset,
2723 2477 2860 2530 alios
2905 2486 3090 2530 autem
3164 2474 3483 2527 tradidisset

1889 2570 2088 2641 quibus
2119 2571 2308 2630 voluit.
2351 2586 2603 2625 reversus
2636 2581 2719 2624 est
2770 2570 2820 2623 in
2852 2570 3075 2638 regiam.
3133 2567 3309 2620 libera
3343 2566 3478 2619 civi-

1890 2670 2000 2716 tate
2025 2663 2217 2717 eﬂ'ecta
2257 2679 2436 2726 serva,
2479 2680 2597 2733 qua}
2634 2664 2883 2716 dedicata
2907 2670 3024 2716 erat
3061 2660 3158 2714 soli
3197 2659 3486 2721 Trinitali,

1897 2770 2058 2823 quam
2093 2755 2206 2824 ipse
2263 2756 2516 2810 Christus
2574 2755 2804 2810 redemit
2838 2755 3059 2823 proprio
3105 2751 3394 2820 sanguine,
3430 2759 3486 2804 et

1892 2863 2014 2916 quae
2074 2846 2124 2901 ei
2179 2847 2373 2900 obtulit
2431 2855 2638 2900 tantum
2689 2859 2982 2916 martyrum
3033 2845 3482 2906 multitudinem,

1898 2954 2084 2992 corum
2116 2938 2373 2993 victorias
2405 2948 2461 2994 et
2506 2941 2808 2993 certamina
2867 2938 3127 3008 praeclare
3175 2937 3483 3008 prtedicans

1903 3030 2020 3082 orbi
2058 3039 2234 3087 terrae.

200 3119 478 3189 τοσαύτην
510 3117 660 3188 αὐτῷ
702 3117 1000 3190 μαρτύρων
1027 3117 1252 3189 χορείαν
1295 3119 1642 3189 προσήγαγε,
1669 3120 1800 3181 τοὺς
1858 3119 2076 3187 ἀγῶνας
2106 3124 2287 3177 αὐτῶν
2319 3127 2410 3179 καὶ
2470 3124 2571 3188 τὰς
2634 3124 2794 3186 νίκας
2857 3124 3127 3195 λαμπρῶς
3181 3125 3245 3194 τῇ
3301 3123 3484 3174 οἰκου-

206 3211 347 3281 μένῃ
384 3210 804 3280 ἀνακηρύξασα.

281 3307 409 3359 κε’.
440 3305 550 3359 Καὶ
581 3306 754 3358 ταῦτα
788 3307 886 3374 μὲν
917 3305 981 3374 δὴ
1017 3308 1242 3358 τοιαῦτα
1290 3307 1384 3358 καὶ
1439 3305 1612 3368 οὕτως
1643 3307 1789 3374 ἕχον-

1973 3303 2142 3359 XXV.
2178 3305 2242 3359 Et
2302 3305 2418 3359 lure
2473 3304 2693 3374 quidem
2730 3305 2801 3358 ita
2838 3319 2896 3357 sc
2949 3302 3244 3358 habebant.
3284 3307 3486 3363 Rever-

202 3415 294 3453 τα.
339 3399 854 3466 ’Υποστρέφοντιδὲ
909 3397 987 3467 τῷ
1037 3399 1278 3469 Ἑϐραίῳ
1327 3398 1437 3467 πῦρ
1473 3398 1558 3466 {:p‘
1601 3399 1791 3460 ἱκανὰς

203 3490 424 3561 ἡμέρας
464 3492 678 3560 ἑωρᾶτο
709 3491 776 3543 δι’
810 3492 933 3561 ὅλης
965 3491 1155 3555 νυκτὸς
1187 3491 1279 3544 τὸν
1309 3491 1505 3560 αἰθέρα
1527 3489 1790 3566 πληροῦν,

202 3585 301 3638 καὶ
341 3583 505 3636 αὐτόν
528 3602 586 3636 τε
619 3586 864 3638 Δουναὰν
888 3583 984 3637 καὶ
1032 3583 1132 3652 τὴν
1167 3583 1333 3635 αὑτοῦ
1390 3583 1652 3652 στρατιᾶν
1676 3585 1793 3648 iga-

201 3676 485 3744 δειμάτου,
525 3677 621 3728 καὶ
654 3675 754 3745 τὴν
783 3676 954 3744 ὀργὴν
988 3675 1132 3726 κατὰ
1163 3675 1270 3726 τῶν
1307 3674 1522 3725 ἀσεϐῶν
1549 3676 1790 3742 ἐτεκμη-

203 3765 411 3836 ριοῦτο.
469 3762 604 3817 Εἶτα
633 3767 726 3816 καὶ
761 3764 871 3832 πῦρ
924 3763 1219 3834 ἄνωθεν,ή
1281 3764 1500 3833 ἐντελὴς
1556 3762 1776 3832 μάστιξ,

203 3859 422 3928 ἑπὶτὴν
451 3859 573 3926 γῆν,
608 3857 752 3910 ῦετο.
796 3856 936 3910 Ἀλλ’
981 3857 1101 3908 οὐδὲ
1151 3857 1325 3927 βραχὺ
1366 3857 1632 3917 συνιέναι,
1668 3857 1788 3908 οὐδὲ

209 3951 650 4022 σωφρονίζεσθαι
681 3947 827 4020 εῖχεν
854 3951 882 4002 6
911 3949 1215 4014 ἀλιτήριος,
1257 3949 1365 4001 οὐδ’
1400 3947 1504 4000 ὑπὸ
1532 3950 1632 4018 τὴν
1663 3964 1792 4016 κρα·

207 4044 372 4097 ταιὰν
404 4044 502 4096 τοῦ
543 4043 682 4095 Θεοῦ
722 4044 883 4112 χεῖρα
919 4040 1322 4094 καλύπτεσθαι.
1369 4042 1461 4104 Εἰς
1489 4041 1649 4096 τοῦτο
1681 4041 1791 4110 γὰρ

208 4137 416 4206 μανίας
452 4135 657 4204 ἐξήχθη
693 4134 831 4186 κατὰ
861 4133 1226 4204 Χριστιανῶν,
1260 4132 1346 4194 ὡς
1364 4134 1457 4184 καὶ
1490 4131 1790 4201 πρεσϐείαν

205 4227 496 4299 ἐκπέμψαι
527 4227 606 4296 τῷ
661 4227 768 4278 τῶν
813 4226 1042 4294 Περσῶν
1077 4224 1307 4293 βασιλεῖ,
1342 4225 1508 4289 ἀξιῶν
1545 4226 1640 4275 καὶ
1693 4224 1791 4276 αῦ-

204 4324 301 4375 τδν
334 4323 404 4373 τὰ
451 4322 613 4389 ὃμοια
664 4319 886 4386 δρᾶσαι,
939 4315 1034 4369 καὶ
1064 4317 1274 4378 πάντας
1303 4317 1428 4379 τοὺς
1462 4314 1789 4384 εὑρισκομέ-

207 4431 330 4478 νους
374 4411 469 4467 ὑπ’
499 4411 694 4480 ἐκείνῳ
729 4409 1094 4476 Χριστιανοὺς
1125 4407 1293 4478 ἄρδην
1323 4407 1611 4470 ἀπολέσαι,
1640 4406 1695 4458 εἴ
1720 4423 1783 4474 γε

203 4508 300 4560 τὸν
331 4507 484 4576 ἣλιον
524 4505 754 4575 εὐμενῆ,
787 4503 940 4570 φησὶ,
973 4501 1218 4570 βούλοιτο
1247 4502 1393 4570 ἔχειν
1440 4500 1537 4553 καὶ
1571 4500 1662 4552 τὸν
1691 4501 1790 4552 αύ-

203 4599 302 4652 τοῦ
333 4597 574 4668 πατέρα,
605 4597 679 4656 {ec
697 4597 904 4657 ὶκεϊνος
921 4594 1262 4663 ἀπεφλυάρει
1287 4593 1376 4644 τὸν
1397 4591 1504 4643 τῶν
1520 4591 1788 4660 Ἐϐραίων

204 4691 362 4744 Θεόν.
394 4690 476 4743 Τὰ
503 4692 640 4742 αὐτὰ
669 4691 724 4742 δὲ
755 4689 929 4743 ταῦτα
961 4689 1052 4741 καὶ
1096 4685 1520 4756 ’Λλαμουνδάρῳ
1552 4683 1626 4753 τῷ
1698 4684 1788 4748 ἐξ·

200 4785 497 4854 ηγουμένῳ
524 4783 632 4833 τῶν
685 4781 789 4833 ὑπὸ
837 4782 1070 4852 Πέρσαις
1105 4779 1437 4848 Σαρακηνῶν
1481 4776 1790 4828 ἐπέστειλεν

206 4871 643 4942 ὑπισχνούμενος
685 4873 782 4925 καὶ
832 4875 1093 4941 χρήματα
1137 4871 1350 4936 δώσειν,
1394 4872 1442 4923 εί
1501 4872 1645 4925 κατὰ
1679 4871 1788 4923 τῶν

207 4967 314 5020 ὑπὸ
371 4969 526 5037 χεῖρα
586 4968 930 5037 Χριστιανῶν
985 4968 1227 5035 διωγμὶν
1278 4967 1515 5036 κινήσοι.
1585 4965 1726 5018 Ἀλλ’
1761 4969 1787 5017 ὁ

209 5060 311 5128 μὲν
343 5059 488 5111 οὕτω
520 5060 871 5130 Χριστιανοῖς
897 5059 1206 5128 ἀπήχθετο.
1239 5062 1333 5110 καὶ
1368 5057 1543 5120 οὕτως
1589 5058 1784 5122 ἐποίει,

208 5155 240 5220 ἠ
272 5152 395 5221 δίκη
420 5151 475 5204 δὲ
510 5155 624 5214 τοῖς
665 5151 1066 5221 πραττομένοις
1100 5154 1200 5204 οὐκ
1235 5151 1604 5221 ὲφησύχαζεν.
1649 5151 1784 5204 Ἰου-

211 5245 392 5305 σττνος
437 5245 545 5313 γὰρ
597 5247 624 5296 ὁ
686 5244 974 5311 Ῥωμαίων
1014 5244 1248 5313 εὐσεϐὴς
1311 5243 1592 5313 βασιλεὺς,
1648 5243 1788 5297 οὕτω

207 5336 368 5400 δόξαν
401 5335 571 5400 αὐτῷ,
599 5338 882 5408 εἰρηνικὰς
911 5337 1337 5408 Ἀλαςιουνδάρῳ
1363 5337 1596 5400 σπονδὰς
1652 5337 1788 5406 πρὸς

204 5429 332 5491 τοῦς
369 5429 676 5497 ὑποφόρους
721 5429 1010 5497 Ῥωμαίων
1052 5429 1400 5499 Σαρακηνοῦς
1423 5429 1613 5482 Θὲσοαι
1644 5447 1787 5500 παρ-

205 5522 326 5595 ῄνει
357 5537 369 5550 ⁸
405 5525 499 5574 καὶ
526 5522 554 5574 6
581 5520 753 5574 ταῦτα
784 5521 1103 5592 πρεσϐεύων
1146 5519 1468 5592 ’Λϐράμιος,
1498 5523 1638 5591 ἀνὴρ
1669 5522 1785 5574 0:0-

205 5615 368 5686 φιλὴς
424 5615 517 5668 καὶ
571 5613 964 5684 πρεσϐύτερος,
1002 5614 1366 5684 ἐξεπέμπετο.
1439 5613 1702 5684 Παρῆσαν
1729 5612 1786 5664 δὲ

202 5709 300 5762 καὶ
340 5707 449 5760 ἀπὸ
469 5705 564 5760 τοῦ
620 5705 842 5775 Περσῶν
889 5704 1154 5774 βασιλέως
1184 5708 1300 5759 ἐκεῖ
1330 5706 1478 5759 ἄλλοι
1528 5706 1587 5758 τέ
1619 5723 1782 5769 τινες,

204 5802 303 5857 καὶ
344 5802 611 5864 Ἰσαάκιος
661 5800 1053 5871 πρεσϐύτερος,
1105 5802 1133 5854 6
1163 5801 1396 5863 καὶτοῖς
1443 5802 1500 5852 ἒν
1545 5799 1766 5870 Περσίδι

203 5898 552 5966 Χριστιανοῖς
587 5893 886 5965 ὀρθοδὸξοις
921 5891 1015 5956 τὰς
1048 5894 1368 5963 ἀποκρίσεις
1415 5892 1770 5962 διακονούμε-

1897 3405 2045 3449 tente
2072 3407 2256 3450 autem
2291 3397 2537 3459 Hebraeo.
2579 3396 2829 3465 apparuit
2855 3397 2995 3465 ignis
3033 3396 3482 3468 aliquntdiebus,

1897 3496 2007 3541 tota
2047 3498 2208 3540 nocte
2263 3488 2494 3556 implcns
2522 3503 2727 3548 acrem,
2771 3489 2861 3554 qui
2909 3488 3087 3554 ipsum
3153 3487 3375 3544 Dunaan
3433 3503 3487 3547 ct

1896 3580 2017 3649 ejus
2047 3580 2280 3634 terrebat
2317 3581 2640 3641 exercitum,
2673 3587 2725 3632 et
2765 3579 3163 3645 conjiciendum
3197 3584 3480 3648 praebebat

1895 3672 1988 3726 Dei
2045 3673 2178 3726 iram
2238 3675 2500 3727 adversus
2541 3675 2760 3742 impios.
2824 3671 3027 3725 Deinde
3078 3673 3217 3741 ignis
3254 3691 3478 3744 quoque

1896 3763 2150 3832 desuper,
2187 3763 2279 3832 qui
2308 3775 2424 3816 erat
2455 3762 2692 3831 perfecta
2740 3762 2912 3832 plaga,
2954 3762 3090 3830 pluit
3143 3764 3193 3816 in
3255 3775 3478 3820 terram.

1897 3854 2003 3908 Sed
2041 3871 2107 3908 ne
2134 3855 2210 3909 sic
2235 3856 2453 3924 quidem
2483 3859 2659 3922 potuit
2682 3855 2876 3920 corrigi
2919 3853 3244 3917 sceleratus.
3300 3873 3478 3926 neque

1895 3945 2034 4000 ﬂecti
2084 3945 2186 4002 sub
2245 3947 2452 4014 potenti
2500 3961 2664 3999 manu
2707 3947 2823 3999 Dei.
2858 3945 3034 4000 Tanto
3068 3957 3253 3999 autem
3289 3947 3478 4003 furore

1895 4049 2014 4095 erat
2048 4055 2312 4094 accensus
2370 4040 2636 4094 adversus
2691 4038 3053 4104 Christianos,
3096 4047 3155 4094 ut
3210 4041 3376 4095 etiam
3417 4042 3485 4096 ad

1897 4150 2078 4200 regem
2114 4132 2398 4187 Persarum
2469 4133 2678 4186 miserit
2722 4132 3071 4200 legationem.
3121 4142 3178 4187 et
3215 4134 3487 4202 rogaverit

1895 4235 1954 4280 ut
1983 4226 2096 4294 ipse
2123 4242 2342 4294 quoque
2401 4224 2604 4277 faceret
2655 4224 2873 4284 similia,
2914 4236 2968 4276 et
3027 4240 3242 4287 omnes,
3293 4225 3386 4293 qui
3425 4225 3479 4278 in

1893 4333 1991 4372 sua
2048 4318 2257 4372 ditionc
2332 4317 2778 4381 inveniebantur,
2833 4314 3179 4370 Christianos
3227 4317 3487 4385 perderet

1893 4410 2139 4464 funditus
2178 4426 2192 4463 :
2227 4409 2271 4463 si
2310 4407 2495 4472 vellet,
2527 4408 2801 4477 inquiens,
2847 4408 3018 4462 solem
3065 4408 3266 4462 habere
3293 4410 3479 4477 prapi-

1897 4502 2050 4564 tium,
2095 4512 2150 4555 et
2197 4501 2314 4569 ejus
2365 4513 2593 4569 patrem.
2656 4503 2797 4554 sicut
2835 4499 2923 4554 ille
2984 4504 3293 4570 nugabatur
3362 4515 3486 4555 esse

1898 4594 2066 4647 Deum
2099 4591 2472 4647 Hebraeorum.
2534 4592 2769 4660 Scripsit
2822 4592 2992 4646 etiam
3035 4593 3104 4646 ad
3139 4592 3478 4646 Alamunda-

1895 4701 2014 4741 rum
2046 4685 2239 4739 ducem
2291 4685 2743 4748 Sarracenorum,
2796 4685 2886 4754 qui
2919 4694 3079 4739 erant
3125 4686 3231 4738 sub
3279 4686 3483 4747 Persis,

1897 4777 2224 4849 promittens
2264 4793 2322 4831 se
2367 4777 2416 4828 ei
2456 4777 2618 4829 etiam
2663 4775 2918 4828 daturum
2960 4776 3241 4843 pecunias,
3288 4775 3331 4827 si
3364 4791 3482 4827 mo-

1897 4886 2022 4928 veat
2054 4873 2488 4940 persecutionem
2519 4872 2781 4924 adversus
2809 4871 3180 4937 Christianus,
3223 4871 3314 4940 qui
3354 4882 3484 4925 sunt

1896 4968 1944 5020 ei
1987 4965 2237 5033 subjecti.
2289 4964 2390 5020 Sed
2441 4963 2528 5017 ille
2588 4963 2808 5033 quidem
2858 4974 2975 5016 erat
3043 4965 3178 5015 adeo
3243 4963 3484 5015 infestus

1895 5060 2244 5120 Christianis,
2282 5068 2334 5110 et
2388 5060 2465 5110 sic.
2503 5056 2738 5109 faciebat
2771 5073 2784 5108 :
2816 5055 3020 5122 iustitia
3054 5065 3237 5107 autem
3274 5070 3483 5123 nequa-

1889 5169 2048 5222 quam
2089 5153 2326 5204 cessavit
2353 5149 2577 5217 implere
2619 5165 2746 5202 suas
2782 5160 2966 5216 partes
3022 5147 3074 5200 in
3122 5147 3209 5206 iis.
3246 5165 3367 5216 quae
3402 5150 3482 5201 sic

1890 5247 2106 5298 lichant.
2148 5243 2400 5297 Justinus
2429 5243 2576 5296 enim
2626 5241 2966 5310 (imperator)
3017 5257 3142 5294 cum
3181 5242 3257 5293 sic
3301 5243 3349 5295 ei
3405 5243 3482 5293 vi—

1887 5352 2006 5391 sum
2035 5345 2200 5398 esset,
2241 5337 2488 5389 hortatus
2532 5346 2614 5388 est
2673 5328 3124 5399 ALnnundarum,
3160 5344 3217 5388 ut
3269 5333 3477 5388 [tndem

1888 5428 2038 5496 pacis
2070 5427 2234 5481 iniret
2261 5442 2382 5480 cum
2416 5425 2736 5480 Sarraccnis
2801 5423 3174 5479 Romanorum
3229 5427 3475 5495 vectiga-

1889 5523 2028 5574 libus
2061 5539 2073 5574 :
2109 5530 2164 5574 et
2195 5520 2396 5574 missus
2422 5529 2506 5573 est
2542 5519 2887 5581 Abraamius,
2917 5519 2999 5572 vir
3025 5520 3147 5587 pius
3187 5519 3482 5589 etpresby-

1889 5626 1993 5678 ter,
2027 5612 2118 5682 qui
2164 5613 2264 5666 bac
2289 5611 2609 5682 fungeretur
2653 5611 2943 5680 legatione.
2997 5610 3244 5665 Aderant
3285 5619 3470 5663 autem

1887 5707 1996 5760 illic
2053 5719 2274 5774 quoque
2314 5718 2342 5756 a
2391 5718 2516 5771 rege
2563 5703 2874 5766 Persarum,
2929 5715 3053 5753 cum
3103 5698 3191 5751 alii
3219 5699 3469 5766 quidam,

1885 5810 1997 5854 tum
2029 5797 2266 5852 lsaacius
2291 5811 2508 5866 quoque
2538 5795 2838 5864 presbyter,
2893 5791 2985 5862 qui
3034 5801 3260 5862 prater-at
3307 5789 3468 5844 Chri-

1884 5889 2072 5943 stianis
2104 5885 2439 5949 orthodoxis,
2502 5884 2594 5954 qui
2659 5884 2710 5935 in
2775 5883 2990 5936 Perside
3047 5889 3221 5936 erant.
3261 5879 3462 5933 Aderat
