3990 6456
536 375 672 444 1279
1833 391 2115 451 MENSIS

2227 395 2520 459 I'I‘OBER.
3682 393 3812 459 1280

522 506 705 549 autem
738 493 878 550 Silas
911 511 1128 567 quoque
1167 498 1459 571 episcopus
1494 499 1959 568 Nestorianorum,
1995 519 2118 558 cum

2227 523 2335 570 νος·
2373 504 2441 577 ἦν
2466 510 2521 563 δὲ
2556 510 2651 564 καὶ
2690 511 2718 564 6
2768 510 2925 574 Σίλας
2968 511 2996 564 6
3025 510 3130 564 τῶν
3161 508 3552 581 Νεστοριανῶν
3583 509 3811 564 ἐπίσκο-

524 587 849 656 quibusdam
913 588 1056 656 aliis,
1117 593 1312 660 partim
1342 593 1560 662 quidem
1611 610 1710 664 pro
1737 593 1964 651 Hebrmo
1991 597 2115 652 fun-

2227 613 2323 660 πος
2385 600 2524 667 μετά
2591 599 2684 652 καὶ
2738 599 2918 653 ἄλλων
2972 599 3160 663 τινῶν,
3223 599 3343 670 ἅμα
3413 600 3515 671 μὲν
3561 600 3668 671 τὴν
3723 600 3815 654 τοῦ

527 694 653 750 gens
713 679 1001 751 legatione,
1079 683 1274 751 partim
1344 699 1474 736 vero
1547 686 1739 741 volens
1817 687 2114 743 convenire

2231 690 2490 761 Ἐϐραίου
2528 693 2826 762 πρεσϐείαν
2874 693 3236 764 ἀποπληρῶν,
3285 692 3406 763 ἅμα
3458 693 3517 746 δὲ
3573 694 3814 758 καὶτοῖς

530 773 872 838 orthodoxos,
905 781 960 827 et
987 774 1271 842 disputare
1333 775 1595 831 adversus
1649 789 1794 833 recta
1836 780 2110 851 dogmata.

2227 783 2528 852 ΰρθοδὸξοις
2558 788 2638 849 είς
2687 787 2881 854 λόγους
2930 785 3108 840 ἐλθεῖν
3163 786 3516 857 βουλόμενος,
3551 786 3650 839 καὶ
3685 789 3814 856 πρὸς

2219 875 2512 943 δογμάτων
2543 878 2830 948 ἀκρίϐειαν
2859 869 3308 949 διαμιλληθῆναι.

595 948 784 1007 XXVI.
814 952 950 1006 Cum
983 963 1162 1009 autem
1186 973 1368 1012 coram
1401 959 1560 1014 dictis
1588 961 1775 1032 legatis
1800 964 2116 1031 legerentur

2297 969 2445 1035 καί.
2505 970 2726 1043 Τῶνβὲ
2758 948 3112 1041 γραμμάτων
3164 971 3258 1024 τοῦ
3301 971 3627 1040 Ὀμηριτῶν
3661 971 3814 1039 βασι-

523 1040 716 1098 littera:
763 1046 906 1115 regis
964 1045 1392 1115 Ilomeritarum,
1445 1062 1498 1106 et
1562 1052 1701 1109 Silas
1757 1058 2117 1111 assentiretur

2227 1059 2378 1124 λὲως,
2415 1062 2502 1114 ἐπ’
2543 1040 2701 1132 ὄψεσι
2742 1062 2851 1116 τῶν
2883 1063 3193 1132 εἰρημένων
3224 1063 3514 1132 πρέσϐεων
3545 1065 3815 1130 ὑπαναγι-

520 1149 690 1204 scopo
755 1136 873 1204 ejus
917 1137 1008 1206 qui
1042 1138 1354 1206 scripserat,
1386 1151 1440 1194 et
1474 1141 1679 1196 diceret
1719 1142 1990 1199 Christum
2024 1162 2114 1201 so-

2227 1154 2616 1223 νωσκομένων,
2647 1156 2743 1208 καὶ
2781 1155 2877 1208 τοῦ
2912 1155 3042 1208 Σίλα
3074 1153 3530 1217 συνευδοκοῦντος
3579 1156 3660 1225 τῷ
3715 1157 3814 1210 τοῦ

521 1225 632 1281 lum
662 1241 782 1281 esse
817 1227 1116 1292 hominem,
1148 1239 1202 1284 et
1230 1247 1338 1285 non
1373 1232 1540 1286 Deum
1579 1251 1591 1286 :
1622 1232 1906 1298 Quomodo
1943 1237 2111 1304 enim,

2227 1246 2562 1315 γεγραφότος
2621 1247 2834 1315 σκοπῷ,
2893 1246 3053 1316 ψιλόν
3105 1264 3162 1300 τε
3219 1247 3518 1318 ἄνθρωπον
3549 1246 3697 1302 εἶναι
3730 1252 3815 1304 λέ-

525 1316 802 1385 inquiens,
860 1319 952 1387 qui
1004 1321 1247 1375 nascitur
1278 1338 1344 1376 ex
1402 1323 1654 1389 muliere,
1692 1334 1745 1378 et
1769 1328 2114 1396 componitur

2227 1355 2403 1406 γοντος
2432 1339 2526 1391 καὶ
2550 1339 2611 1392 οὐ
2661 1339 2794 1392 Θεὸν
2856 1339 2946 1393 τὸν
2973 1339 3227 1410 Χριστὸν,
3296 1341 3324 1393 ὃ
3380 1342 3472 1395 καὶ
3519 1343 3814 1412 πεπληρω-

521 1419 698 1469 exeo,
759 1409 850 1476 qui
912 1417 996 1462 est
1059 1409 1114 1463 in
1169 1410 1306 1480 ipsa,
1359 1415 1653 1484 sanguine,
1708 1426 1762 1470 et
1823 1416 2116 1474 involvitur

2227 1432 2492 1502 φορῆσθαι
2522 1432 2614 1484 καὶ
2644 1432 2806 1485 αὑτὸν
2859 1409 3086 1500 βασιλέα
3128 1433 3438 1501 Ῥωμαίων.
3523 1434 3653 1496 Πῶς
3683 1409 3791 1503 γάρ

523 1497 724 1563 fasciis,
768 1509 823 1555 et
871 1501 1130 1570 paulatim
1170 1505 1369 1574 accipit
1434 1507 1857 1574 incrementum,
1915 1511 2116 1568 deinde

2230 1525 2296 1578 ἄν
2325 1541 2430 1586 τις.
2467 1524 2623 1594 φησὶ,
2657 1524 2979 1594 τικτόμενος
3004 1525 3068 1576 ἐκ
3096 1524 3380 1588 γυναικός·
3423 1525 3521 1576 καὶ
3559 1526 3641 1595 τῷ
3675 1527 3813 1579 ἐκείο

521 1589 684 1643 etiam
726 1591 955 1653 laborat.
986 1602 1040 1647 et
1074 1594 1211 1656 sitit,
1241 1608 1294 1650 et
1329 1599 1546 1654 tandem
1580 1601 1632 1654 in
1666 1617 1882 1657 crucem
1918 1604 2112 1673 agitur,

2227 1618 2322 1671 θεν
2373 1589 2569 1686 αἵματι
2631 1589 3080 1686 συμφυ-ρόμενος,
3140 1615 3518 1684 εἱλισσόμενός
3575 1634 3633 1669 τε
3702 1620 3813 1680 τοῖς

523 1690 580 1734 et
639 1681 889 1747 moritur,
951 1683 1093 1739 Deus
1123 1702 1244 1741 esse
1291 1689 1512 1755 dicitur,
1577 1702 1635 1746 ut
1667 1694 1804 1748 citra
1847 1697 2112 1752 rationem

523 1771 818 1828 Abraamio
847 1775 1058 1830 videtur
1081 1789 1136 1832 et
1161 1780 1403 1836 lsaacio?
1431 1783 1556 1839 llaec
1587 1801 1710 1840 cum
1750 1787 1826 1841 sic
1860 1788 2114 1843 diceren-

525 1872 634 1927 tur,
674 1865 708 1918 ii
742 1868 842 1921 viri
899 1868 969 1936 pii
1027 1885 1136 1923 non
1193 1870 1434 1928 ferentes
1486 1876 1693 1932 diutius
1756 1880 1926 1934 Deum
1980 1882 2118 1938 allici
2152 1867 2194 1924 Β

523 1959 886 2026 contumelia,
961 1961 1148 2016 scissis
1217 1965 1331 2019 suis
1361 1968 1626 2034 vestibus,
1681 1986 1777 2026 eos
1854 1975 2122 2031 vocabant

523 2047 833 2115 haereticos,
889 2063 943 2107 et
991 2069 1189 2125 magno
1249 2057 1437 2113 animo
1492 2076 1588 2116 eos
1655 2065 2000 2135 expcllcbant
2052 2070 2121 2126 ab

523 2143 753 2197 ecclesia
811 2146 1106 2213 catholica,
1189 2148 1499 2206 Nestorium
1558 2171 1747 2212 eorum
1799 2163 2120 2232 magistrum

525 2235 868 2302 damnantes,
903 2248 962 2293 ut
987 2241 1077 2309 qui
1111 2243 1250 2296 tales
1281 2245 1886 2306 seminassetzizanias.
1918 2253 2123 2311 Deinde

527 2328 690 2382 etiam
721 2327 892 2384 fusius
943 2333 1417 2400 persequebantur
1472 2351 1556 2403 ea,
1607 2354 1726 2407 qum
1779 2345 2124 2412 pertinebant

529 2418 597 2473 ad
637 2418 878 2474 divinam
921 2422 1099 2476 carnis
1148 2435 1414 2494 susceptae
1461 2427 1925 2497 dispensationem
1957 2451 1969 2486 :
1998 2435 2126 2504 ipsi-

527 2527 636 2581 que
664 2513 972 2568 orthodoxa
1037 2515 1351 2572 divinorum
1399 2523 1774 2587 apostolorum
1815 2537 1869 2578 et
1899 2525 2122 2582 Patrum

526 2616 818 2672 sequentes
843 2606 1112 2675 dogmata,
1153 2607 1318 2662 Deum
1357 2610 1663 2679 perfectum
1728 2625 1780 2669 et
1843 2617 2124 2674 hominem

527 2692 827 2762 perfectum
861 2695 1265 2750 confitebantur
1284 2698 1586 2766 Christum,
1621 2703 1674 2757 in
1710 2721 1815 2760 una
1850 2706 2124 2778 hypostasi

527 2786 664 2839 duas
727 2795 948 2841 naturas
1017 2789 1416 2860 coniungentes
1483 2793 1629 2848 circa
1718 2797 2122 2862 confusionem.

527 2879 707 2946 Atque
747 2894 870 2932 cum
909 2881 986 2934 sic
1031 2883 1250 2950 quidem
1314 2885 1456 2939 Silas
1506 2901 1536 2939 a
1590 2903 1758 2956 scopo
1813 2891 2124 2952 excidisset,

531 2969 786 3023 inanibus
821 2971 901 3036 (ut
955 2972 1179 3040 dicitur)
1223 2977 1476 3029 rnai'iibus
1516 2986 1600 3029 est
1657 2995 1928 3043 reversus.
1964 2993 2017 3036 et
2049 2986 2126 3040 sic

529 3073 666 3112 vana
700 3074 797 3128 Spe
824 3059 1045 3114 delusus
1085 3077 1100 3116 :
1153 3064 1477 3121 Abraamius
1532 3078 1713 3123 autem
1743 3071 1860 3142 ipse
1904 3092 2122 3145 quoque

531 3151 737 3204 foedere
770 3153 905 3205 inito
931 3169 1052 3207 cum
1094 3155 1489 3222 Alamundam,
1545 3162 1892 3231 salutatoque
1920 3169 2124 3220 lsaacio

529 3244 583 3296 iu
620 3243 894 3298 Persidem
922 3259 1249 3310 rcverteute,
1282 3251 1441 3304 rediit
1474 3262 1528 3305 et
1559 3254 1696 3322 ipse,
1727 3268 1889 3324 atque
1926 3262 2118 3314 omnia
2151 3223 2195 3284 C

530 3337 783 3402 exposuit
833 3337 1048 3393 Justino
1096 3341 1436 3409 imperatori,
1479 3352 1530 3397 et
1580 3349 1878 3414 praesertim
1923 3369 2042 3422 qua:
2090 3371 2119 3409 a

2227 3389 2374 3442 μιον,
2409 3375 2506 3427 καὶ
2536 3373 2694 3426 αὐτοὶ
2739 3373 2876 3444 πρὸς
2925 3371 3366 3443 Ἀλαμούνδαρον
3421 3374 3662 3434 σπονδὰς
3695 3374 3817 3426 θέν-

531 3442 658 3496 rege
708 3428 1112 3484 llomcritarum
1173 3433 1310 3486 facta
1365 3443 1418 3488 ct
1479 3436 1681 3509 scripta
1755 3450 1880 3495 sunt
1929 3455 2118 3501 contra

2227 3481 2312 3526 τες
2347 3464 2659 3533 εἰρηνικὰς,
2716 3464 3080 3531 ὑπέστρεφον,
3129 3463 3224 3523 καὶ
3280 3464 3461 3515 πάντα
3515 3464 3816 3530 δεςὰφσυ.)

530 3518 894 3576 Christianos.

2235 3553 2507 3620 Ίυυστίνῳ
2537 3552 2614 3619 τῷ
2645 3551 2874 3620 βασιλεῖ,
2904 3552 3002 3604 ὅσα
3032 3567 3090 3602 τε
3119 3552 3368 3619 ἐπράχθη
3393 3553 3472 3620 τῷ
3505 3553 3615 3603 τῶν
3656 3554 3820 3622 Ὁμη-

2222 1713 2599 1783 σπαργάνοις,
2635 1712 2728 1766 καὶ
2785 1711 3079 1782 δεχόμενος
3115 1711 3258 1764 κατά
3311 1709 3510 1779 μικρὸν
3560 1709 3811 1778 αὖξησιν,

2223 1803 2342 1861 εἶτα
2394 1809 2488 1863 καὶ
2545 1807 2759 1861 κοπιῶν
2813 1805 2909 1859 καὶ
2970 1805 3192 1868 πεινῶν,
3247 1805 3338 1856 καὶ
3388 1803 3450 1856 τὸ
3480 1804 3803 1857 τελευταῖον

2230 1900 2642 1970 σταυρούμενός
2696 1916 2757 1953 τε
2815 1898 2910 1952 καὶ
2946 1897 3334 1967 ἀποθνήσκων,
3367 1895 3505 1958 Θεὸς
3543 1891 3690 1949 εῖναι
3721 1898 3808 1949 λέ-

2225 2010 2400 2062 γοιτο,
2435 1991 2511 2051 ὡς
2541 1993 2660 2055 τοῖς
2711 1991 2841 2061 περὶ
2909 1990 3210 2060 Ἀϐράμιόν
3245 2006 3307 2041 τε
3366 1988 3465 2043 καὶ
3541 1988 3812 2041 Ἱσαάκιον

2224 2083 2436 2151 ἀλόγως
2467 2082 2620 2136 δοκεῖ
2649 2098 2664 2148 ;
2698 2080 2920 2133 Τούτων
2948 2078 3089 2132 οὕτω
3119 2079 3432 2148 λεγομένων
3464 2079 3514 2130 οξ
3544 2078 3814 2146 θεοφιλεῖς

2224 2171 2369 2232 οὗτοι
2418 2177 2493 2248 μὴ
2542 2176 2830 2243 στέγοντες
2875 2173 2969 2225 ἐπὶ
3020 2173 3158 2226 πολῦ
3218 2171 3661 2241 καθυϐρίζεσθαι
3726 2172 3814 2223 τὸν

2226 2269 2378 2331 Θεὸν,
2423 2269 2520 2331 τάς
2555 2267 2765 2320 ἑαυτῶν
2812 2263 3051 2334 ἐσθῆτας
3101 2263 3559 2334 διαρρηξάμενοι,
3617 2265 3818 2330 αἱρετι-

2228 2359 2357 2422 κοῦς
2390 2375 2446 2410 τε
2479 2356 2791 2410 ἀπεκάλουν
2820 2356 3038 2421 αὐτοῦς,
3072 2356 3164 2408 καὶ
3200 2357 3297 2426 τῆς
3327 2355 3629 2421 καθολικῆς
3659 2353 3817 2406 €7.85-

2232 2469 2348 2522 μως
2403 2451 2789 2520 ἀπεκήρυττον
2877 2447 3213 2516 ἐκκλησίας,
3276 2446 3474 2510 αὐτοὺς
3532 2446 3670 2516 ὁμοῦ
3725 2449 3817 2498 καὶ

2228 2544 2522 2614 Νεστὸριον
2551 2541 2643 2596 τὸν
2668 2541 3010 2602 διδάσκαλον,
3039 2539 3133 2592 ita
3162 2539 3224 2609 δὴ
3261 2545 3469 2608 σπορεα
3505 2539 3617 2590 τῶν
3645 2537 3818 2588 τοιού·

2227 2655 2336 2690 των
2380 2634 2766 2707 βλασᾳημιῶν.
2808 2629 2944 2686 Εἶτα
2974 2633 3070 2685 καὶ
3101 2629 3452 2700 διεξήρχοντο
3495 2631 3564 2682 τὰ
3611 2630 3711 2697 τῆς
3746 2629 3820 2680 ol-

2231 2727 2492 2796 κονομίας
2529 2724 2891 2793 πλατύτερον,
2929 2723 3024 2774 καὶ
3053 2721 3128 2783 ὠς
3158 2722 3272 2782 τοῖς
3303 2720 3545 2790 δόγμασι
3570 2721 3687 2782 τοῖς
3722 2722 3816 2789 ὁρ.

2230 2817 2466 2882 θοδὸξοις
2495 2814 2604 2868 τῶν
2636 2813 2798 2868 θείων
2843 2813 3162 2868 ἀποστόλων
3211 2813 3306 2866 καὶ
3364 2813 3632 2886 Πατέρων
3688 2817 3818 2866 ἀκο-

2230 2908 2572 2972 λουθοῦντες,
2610 2908 2743 2962 Θεὸν
2769 2907 2979 2962 τέλειον
3012 2907 3302 2978 ἄνθρωπον
3330 2906 3656 2974 ὡμολόγουν
3679 2909 3814 2976 Χρι-

2231 3003 2374 3067 στὸν,
2410 3003 2468 3058 ὲν
2499 3003 2800 3057 ὑποστάσει
2839 3004 2940 3073 μιᾷ
2977 3001 3074 3064 τὰς
3109 3002 3202 3055 δύο
3255 3000 3450 3069 φύσεις
3486 3001 3818 3070 ἀσυγχύτως

2230 3097 2615 3159 συνάπτοντες.
2649 3095 2807 3148 Οὖτω
2845 3097 2941 3163 μὲν
2969 3092 3063 3146 οὖν
3122 3095 3527 3162 ἀστοχήσαντες
3589 3095 3641 3146 οἱ
3693 3096 3817 3162 περὶ

2230 3189 2392 3240 Σίλαν
2412 3194 2614 3252 κεναῖς,
2634 3190 2914 3257 ὃλέγεται,
2938 3206 2997 3259 χε
3009 3188 3125 3258 ρσἰν
3150 3188 3480 3259 ἐπανῄεσαν,
3507 3191 3604 3242 καὶ
3631 3189 3805 3253 οὕτως

2227 3280 2410 3344 αὐτοῖς
2433 3281 2497 3333 τὰ
2521 3280 2627 3333 τῶν
2659 3280 2889 3333 ἐλπίδων
2915 3279 3256 3349 ὲματαιὼθη.
3287 3281 3351 3332 Οἱ
3372 3279 3429 3332 δὲ
3460 3282 3589 3349 περὶ
3619 3280 3817 3350 Ἀϐρα-

2227 3642 2393 3714 ριτῶν
2427 3642 2660 3713 βασιλεῖ,
2711 3642 2800 3694 καὶ
2849 3643 2952 3694 ὅσα
3011 3640 3153 3694 κατά
3187 3641 3536 3709 Χριστιανῶν
3571 3645 3812 3714 ἐγράφη.

606 3742 817 3796 XXVII.
850 3741 941 3798 Ille
965 3757 1146 3800 autem
1181 3748 1299 3803 sine
1340 3765 1489 3804 mora
1515 3756 1734 3825 scripsit
1762 3756 1827 3810 ad
1847 3759 2120 3815 Asterium

2295 3735 2416 3792 KZ'.
2463 3735 2525 3791 Ὀ
2570 3737 2647 3802 δὲ,
2686 3737 2760 3805 μὴ
2797 3737 3114 3806 ἀναμείνας,
3142 3735 3407 3807 Ἀστερίῳ
3438 3735 3514 3804 τῷ
3563 3737 3816 3802 Ἀλεξα-ια

532 3833 872 3888 Alexandria:
901 3836 1241 3907 episcopum,
1277 3850 1334 3894 ut
1390 3841 1643 3900 incitaret
1676 3862 1856 3918 regem
1895 3847 2120 3906 {Ethio-

2227 3829 2417 3900 δρείας
2451 3830 2776 3882 ἐπέστελλεν
2803 3829 3092 3899 ὲπισκὸπῳ
3123 3829 3488 3900 παρορμῆσαι
3521 3831 3616 3883 τὸν
3661 3831 3816 3900 βασι-

534 3941 661 3995 pum
720 3929 787 3981 ad
851 3930 1180 3984 movendum
1236 3948 1384 3986 arma
1439 3935 1701 3990 adversus
1787 3937 2120 3996 Ilomeritas.

2227 3925 2320 3978 λέα
2376 3926 2484 3979 τῶν
2535 3927 2828 3990 Αἰθιόπων,
2867 3927 3008 3978 ὅπλα
3042 3926 3185 3977 κατὰ
3228 3925 3336 3975 τῶν
3385 3925 3699 3996 Ὀμηριτῶν
3731 3945 3817 3978 κι-

534 4019 736 4072 Ιεᾷεᾱριη
806 4035 1022 4087 quoque
1075 4022 1178 4089 ipsi
1227 4025 1338 4093 regi
1401 4024 1719 4094 [EthiOpum
1767 4045 1864 4098 per
1913 4031 2121 4086 litteras

2227 4018 2385 4085 νῆσαι
2411 4059 2423 4079 ,
2455 4019 2521 4069 τά
2556 4019 2691 4070 αὑτά
2723 4018 2814 4069 καὶ
2845 4016 3006 4078 αὐτὸς
3036 4016 3112 4084 τῷ
3143 4015 3254 4066 τῶν
3283 4015 3567 4069 Αἰθιόπων
3604 4018 3817 4086 βασιλεῖ

535 4114 829 4169 nuntiavit.
857 4128 1092 4182 eumque
1121 4115 1324 4180 docuit,
1353 4119 1808 4186 quemadmodum
1833 4123 2121 4181 delevisset

2227 4107 2541 4177 γεγραφὼς,
2563 4110 2655 4160 καὶ
2681 4107 2997 4171 ἀναδιδαξας
3023 4109 3172 4170 ὅπως
3194 4124 3250 4159 τε
3269 4109 3396 4170 τοὺς
3430 4111 3526 4161 ὑπ’
3553 4111 3716 4164 αὑτὸν
3737 4129 3821 4164 τε-

2227 4199 2242 4217 κ
2291 4197 2313 4210 θ
2490 4204 2505 4217 Α
2530 4201 2598 4217 ·Λ1
2786 4202 2826 4217 ‘r
3083 4202 3097 4216 \
3174 4199 3198 4217 εἰ
3459 4201 3471 4217 Ι
3607 4203 3618 4217 ι
3801 4205 3814 4217 ο

537 4205 798 4260 llathreus
833 4223 1026 4260 omnes
1057 4207 1423 4273 Christianos,
1453 4211 1542 4278 qui
1576 4223 1728 4266 erant
1774 4215 1826 4268 in
1871 4233 1967 4270 sua
2020 4236 2119 4288 po-

2227 4197 2450 4264 λοῦντας
2478 4201 2759 4264 Αἰθίοπας,
2785 4202 3142 4271 Χριστιανοὺς
3170 4199 3416 4262 ἅπαντας
3448 4201 3766 4266 ἁςανίσειεν
3792 4205 3820 4255 6

535 4305 731 4350 teSIate
765 4314 778 4350 :
812 4309 868 4351 et
919 4300 1377 4366 quemadmodum
1442 4302 1656 4371 Nagran
1701 4307 1973 4360 civitatem
2029 4326 2121 4377 po—

2238 4293 2506 4361 Ἐϐραῖος,
2547 4295 2642 4346 καὶ
2685 4295 2834 4356 ὅπως
2859 4293 3079 4362 Νεγράν
3102 4292 3204 4363 τήν
3226 4291 3380 4345 πόλιν
3412 4292 3616 4363 εὐσεϐῆ
3651 4291 3813 4346 οὖσαν

537 4390 668 4460 pulo
754 4391 1253 4458 frequentissimam
1361 4393 1581 4449 fecisset
1682 4396 2116 4466 iuhabitahilem,

2227 4385 2320 4434 καί
2354 4385 2786 4453 πολυάνθρωπον
2838 4387 3098 4452 ἀνίκητον
3145 4388 3549 4454 ἀπεργάσαιτο,
3586 4387 3683 4448 οὓς
3720 4387 3815 4454 μὲν

2237 4475 2382 4491 .,.
2488 4480 2498 4490 .
2676 4475 2722 4489 υ.
2868 4473 2886 4491 η
2944 4474 2982 4491 ε..
3081 4475 3143 4491 ι..
3212 4476 3225 4486 .
3343 4476 3353 4489 .

536 4482 793 4536 tinnitibus
827 4482 1124 4551 puberibus
1155 4484 1349 4552 partim
1381 4486 1598 4555 quidem
1632 4489 1954 4559 interfectis,
1993 4509 2120 4562 par-

2227 4475 2425 4545 ήϐηὸὸν
2439 4475 2816 4544 κάτασφάξας,
2834 4473 2994 4536 οὓςδέ
3013 4476 3101 4526 καὶ
3117 4475 3552 4544 δουλωσάμενος,
3572 4480 3658 4530 καὶ
3678 4482 3820 4541 ὅπως

539 4573 634 4626 tim
671 4583 852 4625 autem
888 4571 1122 4626 redactis
1156 4574 1205 4625 in
1241 4574 1562 4628 servitutem
1597 4593 1610 4628 :
1641 4577 1894 4647 quodque
1937 4595 2116 4649 regem

2227 4569 2296 4620 τά
2318 4569 2482 4637 ὃμοια
2503 4569 2594 4620 καὶ
2611 4567 2703 4619 τὸν
2725 4567 2834 4619 τῶν
2870 4567 3096 4638 Περσῶν
3121 4567 3348 4637 βασιλέα
3366 4567 3818 4640 ’Δλαμοὺνδαρον

538 4666 704 4718 etiam
764 4663 1051 4718 Persarum
1094 4676 1146 4718 et
1185 4666 1616 4719 Alamuudarum
1666 4668 1808 4721 idem
1857 4671 1945 4724 ille
1990 4673 2121 4726 inci-

2231 4663 2536 4732 παροξῦναι
2587 4662 2944 4732 ποιήσασθαι.
2998 4661 3265 4732 [Ιροσθεὶς
3315 4662 3414 4726 ὡς,
3449 4661 3610 4734 εἰμὴ
3638 4663 3818 4715 διανα-

541 4768 728 4814 tassel.
789 4765 848 4810 ut
916 4755 1160 4810 facerent
1214 4756 1434 4810 similia.
1499 4754 1838 4812 Postremum
1908 4761 2121 4829 adjecit,

2233 4759 2394 4827 σταίη
2446 4757 2583 4824 πρὸς
2624 4757 2866 4825 ἄμυναν,
2913 4756 2981 4808 δι’
3008 4755 3182 4825 ὀργῆς
3240 4757 3342 4824 μὲν
3385 4756 3538 4824 αὐτῷ
3571 4757 3665 4809 τὸν
3689 4756 3818 4809 Θεὸν

540 4847 678 4909 fore,
722 4848 830 4911 nisi
863 4848 977 4916 ipse
1003 4858 1322 4918 exsurgeret
1368 4848 1432 4902 ad
1469 4849 1768 4914 ultionem,
1811 4860 1868 4904 ut
1906 4851 2048 4905 Deus
2097 4867 2121 4905 e

2232 4848 2454 4900 ἔσεσθαι
2489 4848 2639 4914 παρὰ
2669 4849 2858 4912 πόδας
2891 4848 2959 4900 τὰ
3004 4846 3061 4899 δὲ
3103 4844 3411 4916 Ῥωμαϊκὰ,
3461 4848 3623 4916 φησὶ,
3657 4865 3816 4916 στρα-

544 4943 770 5011 vestigio
814 4943 862 4996 ei
899 4946 1250 5001 irasceretur.
1300 4943 1363 4995 Et
1407 4944 1521 4996 haec
1568 4945 1782 5011 quidem
1836 4944 2121 5014 imperator

2239 4939 2487 5007 τεύματα
2516 4941 2609 4993 καὶ
2632 4942 2900 5011 ἡμέτερα,
2936 4939 3026 4992 διά
3055 4955 3115 4991 τε
3148 4937 3371 4992 Κοπτοῦ
3423 4939 3816 5007 Καιϐερνίκης,

541 5033 811 5086 Justinus.
888 5033 1012 5102 Ipse
1075 5047 1296 5103 quoque
1367 5033 1677 5102 patriarcha
1730 5035 2121 5092 Alexandrinus

2231 5032 2326 5086 καὶ
2359 5033 2644 5103 βλεμμίων
2685 5033 2795 5084 τῶν
2825 5031 3098 5101 νομάδων,
3127 5032 3215 5099 ἐφ’
3241 5024 3286 5098 ᾧ
3323 5029 3662 5098 ἀμυνεῖσθαι
3696 5034 3815 5090 τοὶς

544 5136 894 5193 posteaquam
947 5141 1068 5178 cum
1117 5126 1402 5179 monachis
1433 5128 1771 5192 orthodoxis,
1829 5130 1920 5198 qui
1970 5140 2121 5185 erant

2230 5125 2454 5188 ἀσεϐεῖς
2489 5127 2913 5193 ἐκπεμπόμενα,
2975 5123 3170 5195 βλάψει
3221 5124 3322 5192 μὲν
3363 5125 3422 5174 ἐν
3477 5123 3543 5190 τῇ
3600 5123 3816 5189 παρὸόῳ

546 5221 600 5272 in
640 5217 805 5272 Nitria
866 5228 919 5272 et
959 5217 1012 5270 iu
1050 5216 1245 5282 Scete,
1279 5220 1478 5273 multas
1511 5219 1619 5275 Deo
1661 5221 1802 5276 fudit
1851 5223 2121 5292 supplica-

2231 5218 2332 5288 τὴν
2383 5217 2698 5288 ὑμετέραν,
2757 5219 2851 5270 τὸν
2908 5217 2962 5269 δὲ
3033 5217 3344 5286 Ὀμηρίτην
3397 5216 3648 5281 ἀφανιεί.
3713 5216 3815 5266 Καὶ

548 5314 746 5374 tiones,
792 5312 902 5380 regi
939 5312 1013 5364 illi
1055 5326 1118 5363 ea
1154 5312 1499 5377 significavit.
1524 5330 1642 5381 quie
1679 5316 1767 5384 pio
1803 5315 2121 5372 videbantur

2232 5311 2404 5363 ταῦτα
2438 5311 2536 5380 μὲν
2565 5312 2592 5362 6
2625 5309 2879 5379 βασιλεὺς
2941 5310 3230 5370 Ὶουστίνος
3255 5323 3268 5336 ·
3315 5307 3417 5358 οὐκ
3465 5304 3728 5359 ἐλάνθανε
3763 5306 3816 5356 δὲ

541 5400 781 5455 .lustino.
866 5401 982 5454 Non
1015 5400 1261 5455 latebant
1306 5411 1488 5454 autem
1547 5419 1646 5455 uec
1699 5404 1849 5471 prius
1903 5406 2121 5473 quidem

2232 5403 2352 5455 οὐδὲ
2393 5403 2662 5472 πρότερον
2695 5405 2761 5455 τὰ
2795 5402 3080 5471 γινόμενα,
3107 5401 3198 5452 τὸν
3233 5399 3459 5468 βασιλέα
3497 5398 3607 5450 τῶν
3638 5399 3813 5450 Αἰθιό-

546 5497 870 5566 Αῐιίιίοριιῑη
915 5511 1094 5563 regem
1125 5511 1207 5557 ea,
1244 5508 1364 5562 quae
1397 5493 1534 5546 facta
1567 5495 1802 5558 fuerant,
1842 5497 1934 5550 sed
1993 5509 2121 5551 tem-

2235 5515 2371 5560 πων,
2423 5497 2560 5549 ἀλλὰ
2633 5497 2731 5564 τῆς
2781 5496 2928 5564 ὥρας
2981 5492 3278 5563 είργούσης
3327 5494 3490 5546 αὑτὸν
3526 5492 3809 5561 (χειμῶνος

549 5604 680 5659 pore
706 5589 830 5640 anni
869 5587 1192 5656 prohibente
1238 5586 1388 5656 (crat
1443 5586 1587 5638 enim
1620 5586 1826 5655 hiems)
1861 5589 1941 5642 vel
1987 5589 2121 5641 invi-

2233 5589 2342 5659 γὰρ
2385 5588 2662 5655 ἐτελεῖτο),
2692 5587 2784 5639 καὶ
2835 5586 2986 5640 ἄκων
3017 5584 3322 5654 ἡσύχαζεν,
3383 5585 3444 5637 ὐ
3485 5585 3666 5651 μέντοι
3716 5601 3810 5634 πα·

549 5693 639 5735 tus
658 5680 888 5749 quievit.
935 5679 1121 5746 Itaque
1150 5693 1273 5731 cum
1310 5679 1547 5732 validum
1585 5679 1895 5749 collegisset
1924 5683 2121 5736 exerci-

2233 5680 2498 5749 τριὰρχης
2551 5677 2960 5746 Ἀλεξανδρείας
3017 5677 3112 5728 σὸν
3163 5679 3276 5736 τοῖς
3342 5677 3400 5726 ἐν
3452 5673 3669 5744 Νητρὲᾳ
3725 5675 3808 5724 καὶ

549 5785 666 5826 tum
730 5782 838 5826 tam
903 5788 965 5825 ex
1023 5771 1180 5836 suis,
1235 5786 1394 5839 quam
1451 5788 1514 5826 ex
1575 5772 1789 5826 auxiliis
1837 5791 2009 5843 usque
2065 5776 2121 5828 ad

2238 5775 2432 5844 Σκήτει
2467 5773 2792 5843 μονάζουσιν
2849 5769 3172 5838 ὀρθοδὸξοις,
3207 5769 3482 5837 πάννυχον
3519 5771 3654 5837 πρὸς
3683 5768 3808 5817 θεὸν

551 5874 774 5918 centum
831 5875 880 5919 et
941 5863 1128 5934 viginti
1185 5863 1390 5927 millia,
1451 5877 1614 5919 naves
1682 5875 1863 5920 autem
1921 5867 2121 5922 Indicas

2239 5866 2461 5935 θέμενος
2521 5864 2758 5917 ἱκετείαν
2796 5860 2967 5916 ἕωθεν
3037 5860 3222 5929 ἐδήλου
3285 5860 3358 5929 τῷ
3393 5859 3608 5930 βασιλεῖ
3637 5859 3699 5910 τὲι
3734 5859 3803 5925 τῷ
