3990 6456
184 408 318 475 1281

1339 402 1809 464 MARTYRIUM
1852 403 1912 464 S.
1955 402 2307 465 ARETILE.

3312 410 3445 475 1282

177 518 398 572 εὐσεϐεῖ
450 515 714 571 δοκοῦ-ιτα
791 516 1085 588 Ἰουστίνῳ,
1148 516 1271 571 οὐδέ
1323 515 1489 578 αὐτὸς
1537 514 1757 584 ἀπαρά-

1875 513 2202 586 ieptuaginta
2231 514 2287 569 in
2324 517 2437 585 ipsa
2474 517 2654 572 liieme
2675 517 3090 587 construxisset,
3119 521 3255 591 quin
3283 521 3448 579 etiam

183 626 380 673 σκευος
438 605 525 681 ἦν·
588 610 745 681 ἔτυχε
799 613 910 681 γὰρ
973 609 1369 679 συλλεξάμενος
1443 608 1744 677 ἀξιόμαχον

179 702 446 771 στρατιὰν
506 701 569 755 ἔκ
617 718 678 754 τε
709 701 922 764 οἰκείας
970 702 1064 754 καὶ
1108 699 1453 771 συμμαχίδος
1484 700 1613 770 ἄχρι
1653 697 1763 750 τῶν

179 791 514 846 δυοκαίδεκα
544 793 850 863 μυριάδων.
879 791 989 846 Ἦν
1017 792 1073 845 δὲ
1104 794 1202 845 καὶ
1233 792 1401 845 πλοῖα
1430 806 1764 845 κατεσκευα-

182 882 293 945 κὼς
329 882 712 954 ἐόδομήκοντα
747 885 880 955 παρ’
936 884 1087 953 αὑτῴ
1132 883 1209 955 τῷ
1242 884 1513 955 χειμῶνι·
1554 882 1616 935 οὐ
1654 881 1762 953 μὴν

183 974 323 1027 ἀλλὰ
354 976 448 1027 καὶ
478 976 542 1028 ἐκ
574 976 684 1030 τῶν
713 977 974 1049 ἐμπόρων
1002 976 1230 1048 Περσῶν
1260 994 1319 1030 τε
1346 978 1441 1030 καὶ
1463 975 1759 1039 Αἰθιόπων,

184 1064 464 1136 ἐμπορίας
496 1068 662 1138 χάριν
704 1070 888 1121 ἐκεῖσε
940 1069 1276 1139 κατάραντα,
1310 1068 1439 1137 περί
1490 1083 1591 1118 που
1641 1066 1765 1134 ἐξὴ-

179 1172 351 1209 κοντα
402 1159 776 1223 συνελέξαντο,
816 1159 959 1212 Ὅσα
1005 1158 1137 1227 γοῦν
1189 1159 1531 1229 πεπονηκότα
1583 1154 1651 1229 ἦν
1704 1157 1762 1223 ἐξ

178 1246 367 1301 αὐτῶν
424 1250 956 1319 ἐπισκευασάμενος,
1017 1252 1113 1304 καὶ
1176 1249 1354 1303 πάντα
1401 1248 1626 1319 θέμενος
1673 1250 1763 1301 εὐ-

177 1339 382 1409 τρεπῆ.
415 1340 533 1410 ἅμα
577 1341 700 1414 ἔαρι
758 1344 858 1413 τὴν
891 1343 1158 1412 στρατιὰν
1192 1343 1471 1413 ἐμϐαλὼν,
1527 1343 1669 1395 ὅπλα
1700 1358 1760 1394 τε

180 1432 278 1481 καὶ
327 1429 524 1493 ἵππους
554 1431 651 1484 καί
701 1432 802 1500 τὴν
865 1430 1031 1500 ἀλλην
1063 1428 1451 1502 παρασκευὴν,
1502 1428 1764 1498 ἠπείγετο

182 1522 459 1591 συμμίξαι
497 1525 609 1587 τοῖς
641 1523 945 1595 πολεμίοις.
987 1525 1099 1578 Καὶ
1138 1522 1205 1578 δι’
1259 1522 1491 1593 ἠπείρου
1545 1521 1643 1591 μὲν
1688 1519 1765 1583 ὼς

180 1610 250 1661 ἐκ
272 1610 424 1664 νότου
453 1613 553 1682 τῆς
608 1613 909 1678 Αἰθιόπων,
958 1612 1237 1683 ἐξέπεμπέ
1284 1627 1436 1672 τινας
1466 1609 1575 1663 τῶν
1625 1608 1764 1680 Βαρ-

1866 620 1933 659 ex
1966 607 2396 675 negotiatoribus
2440 607 2619 665 Persis
2651 618 2707 665 et
2756 611 3133 683 AtthiOpibus.
3188 613 3279 683 qui
3326 616 3456 672 illuc

1866 706 2133 750 venerant
2164 708 2487 754 mercaturae
2511 702 2683 771 gratia
2706 744 2721 767 ,
2752 718 2923 759 naves
2960 704 3099 759 altas
3144 706 3457 778 collegisset

1865 786 1932 841 ad
1963 789 2243 858 sexaginta
2280 812 2294 847 :
2333 806 2568 863 cumque
2600 810 2727 861 eas,
2763 811 2884 866 quae
2918 812 2983 852 cx
3012 798 3145 868 ipsis
3191 801 3450 870 collapsa:

1867 877 2122 947 fuerant,
2162 883 2523 941 instaurasset
2572 902 2637 943 ac
2672 887 2976 954 refecisset,
3021 900 3077 945 ct
3118 892 3302 947 omnia
3361 911 3453 964 pa-

1867 979 2064 1036 rasset,
2099 974 2244 1028 veris
2290 975 2447 1031 initio
2480 979 2653 1035 movit
2684 985 3009 1051 exercitum,
3060 986 3337 1055 armisque
3396 999 3450 1039 et

1867 1062 2023 1131 equis
2062 1073 2116 1119 et
2168 1065 2274 1120 alio
2315 1079 2575 1139 apparatu
2610 1074 2962 1143 properabat,
2996 1088 3056 1130 ut
3105 1077 3289 1145 praelia
3319 1092 3452 1131 con-

1865 1151 2075 1224 ﬂigeret
2106 1172 2230 1210 cum
2265 1159 2519 1217 inimicis.
2561 1162 2624 1217 Et
2651 1180 2749 1233 per
2798 1167 3178 1223 continentem
3226 1168 3449 1237 quidem

1861 1246 1927 1301 ab
1986 1247 2229 1304 inferiori
2311 1263 2464 1321 parte
2529 1254 2823 1328 EtbiOpiae
2886 1259 3033 1314 misit
3127 1261 3445 1331 quindecim

1861 1338 2031 1392 millia
2059 1339 2379 1413 Aithiopum
2412 1347 2480 1402 ad
2512 1348 2865 1407 Homeritidis
2915 1361 3100 1423 partes
3142 1354 3313 1424 magis
3362 1369 3451 1408 oc-

1862 1429 2185 1498 cidentales,
2220 1448 2279 1489 ut
2309 1436 2428 1506 ipse
2464 1443 2687 1510 quidem
2721 1460 2819 1515 per
2848 1461 2998 1501 mare
3028 1462 3151 1503 cum
3188 1448 3444 1509 navibus,

1864 1520 1939 1574 illi
1980 1533 2162 1578 autem
2193 1541 2290 1595 per
2328 1535 2529 1585 terram
2560 1531 2858 1600 irruentes,
2896 1536 3087 1593 hostes
3123 1537 3178 1593 in
3205 1538 3449 1593 medium

1872 1627 2210 1673 coercerent.

183 1700 369 1773 ὀάρων
426 1705 702 1760 Αἰθιόπων
748 1705 974 1777 μυρίους
1030 1704 1126 1758 καὶ
1156 1700 1626 1770 πεντακισχιλίους
1664 1699 1801 1769 πρὸς
1840 1701 1909 1753 τά
1965 1703 2061 1755 τοῦ
2128 1705 2428 1779 Ὀμηρίτου
2479 1712 2937 1790 ἀνατολικὼτερα,
2999 1720 3077 1784 ὠς
3122 1719 3191 1773 ἂν
3235 1722 3299 1773 ἐκ
3347 1710 3471 1787 μένν

182 1797 405 1868 δυσμῶν
454 1793 609 1864 οὗτος
654 1799 743 1854 διά
776 1799 1053 1869 θαλάσσης
1089 1798 1229 1869 μετὰ
1276 1796 1386 1851 τῶν
1439 1796 1665 1863 πλοίων,
1715 1796 1916 1853 ἐκεῖνοι
1964 1800 2022 1854 δὲ
2075 1801 2161 1857 διὰ
2208 1804 2314 1876 γῆς
2359 1806 2421 1873 ἐξ
2470 1810 2747 1865 ἀνατολῶν
2784 1814 3136 1885 ἐμόαλόντσς,
3168 1817 3295 1881 τοὺς
3350 1833 3451 1869 πο-

196 1896 418 1966 λεμίους
446 1900 527 1962 είς
554 1899 720 1968 μέσον
752 1896 1028 1968 είρξωσιν.

256 1990 395 2047 KH'.
433 1994 497 2045 Ol
534 1993 632 2062 μὲν
681 1990 776 2045 οὖν
810 1991 1115 2062 Βάρὸαροι,
1159 1990 1385 2055 πολλαῖς
1434 1991 1671 2062 ἡμέραις
1702 1991 1769 2044 δι’

1943 1988 2184 2047 XXVI".
2227 1992 2494 2051 Caeterum
2526 1996 2602 2053 illi
2633 1998 2874 2069 quidem,
2910 2014 3034 2056 cum
3090 2006 3289 2061 multos
3336 2009 3452 2067 dies

182 2078 431 2150 ἀνύδρων
464 2095 524 2132 τε
552 2081 648 2134 καὶ
682 2080 965 2137 δυσϐάτων
995 2081 1317 2144 ὁδεύσαντες
1373 2082 1482 2133 τῶν
1512 2081 1757 2151 χωρίων,

183 2170 426 2237 ἅπαντες
472 2172 868 2246 διεφθάρησαν,
912 2176 1052 2247 μήτε
1107 2174 1243 2245 πρὸς
1303 2174 1393 2226 τὸν
1439 2172 1759 2243 Ὀμηρίτην.

189 2268 329 2339 μήτε
391 2269 529 2342 πρὸς
564 2270 663 2342 τὴν
712 2273 923 2326 οἰκείαν
954 2272 1350 2343 διαρκέσαντες
1385 2269 1759 2341 ὑποστρέψαι.

196 2355 259 2413 Ὀ
288 2357 345 2411 δέ
385 2374 450 2426 γε
510 2358 789 2429 βασιλεὺς,
835 2361 938 2431 ήδη
970 2362 1101 2430 περὶ
1130 2361 1220 2413 τὸν
1251 2358 1484 2413 ἔκπλουν
1510 2358 1606 2426 ὢν,
1639 2359 1767 2428 ἀφί-

188 2464 318 2503 κετο
346 2452 427 2514 είς
452 2451 513 2503 τὸ
545 2452 711 2521 ίερδν,
750 2453 845 2504 καὶ
895 2451 1001 2521 πρὸ
1036 2452 1135 2522 τῆς
1173 2453 1383 2505 εἰσόδου
1418 2454 1477 2504 ἐν
1504 2452 1583 2521 τῷ
1632 2469 1766 2519 προ-

186 2541 326 2613 νάῳ,
358 2542 458 2613 τὴν
490 2541 762 2613 βασίλειον
792 2542 1000 2613 ἐσθῆτα
1040 2543 1221 2610 ἐκδὺς,
1253 2543 1424 2597 τᾶλλα
1455 2561 1515 2596 τε
1566 2545 1765 2596 ἀποθέ-

192 2650 357 2705 μενος
414 2635 724 2707 παράσημα
775 2635 878 2705 τῆς
933 2634 1134 2705 ἀρχῆς,
1169 2639 1227 2688 ἐν
1258 2634 1520 2706 ἰδιωτικῷ
1558 2636 1656 2706 μὲν
1688 2635 1766 2687 εί-

189 2720 358 2789 σῆλθε
408 2722 486 2792 τῷ
542 2725 787 2795 σχήματι
810 2741 826 2757 ο
889 2725 1020 2788 στάς
1050 2725 1107 2777 δέ
1140 2725 1428 2777 κατέναντι
1451 2723 1544 2777 τοῦ
1581 2722 1767 2775 θυσια-

191 2812 440 2882 στηρίου,
473 2815 565 2865 καὶ
614 2814 787 2867 πολλὰ
831 2815 1049 2885 δεηθεὶς
1074 2815 1168 2869 τοῦ
1203 2817 1362 2882 Θεοῦ,
1397 2818 1490 2870 καὶ
1518 2815 1769 2886 ἀναμνή-

189 2918 293 2965 σας
320 2905 428 2957 τῶν
455 2906 574 2958 κατ’
600 2906 877 2973 Αἴγυπτον
904 2907 1255 2977 θαυμασίων,
1310 2911 1408 2962 καὶ
1469 2909 1579 2961 τῶν
1623 2910 1767 2962 κατὰ

188 2996 293 3068 τὴν
327 2996 534 3069 ἔρημον
590 3003 699 3063 τοίς
758 2998 1035 3070 Ἐὄραίοις
1092 3001 1243 3073 αὐτῷ
1290 3002 1620 3070 γενομένων,
1674 3001 1769 3053 καὶ

201 3088 294 3152 Ὠς
324 3092 629 3161 ἀχάριστοι,
662 3093 814 3163 φησὶ,
848 3093 977 3163 περὶ
1005 3091 1097 3147 τὸν
1139 3094 1459 3165 εὐεργέτην,
1488 3094 1587 3147 οὐκ
1629 3094 1772 3146 ἐκεῖ-

194 3196 278 3232 νοι
314 3183 502 3247 μόνον,
534 3182 673 3235 ἀλλὰ
737 3184 832 3237 καὶ
883 3178 1031 3237 οὗτοι
1085 3185 1135 3238 oi
1189 3185 1415 3239 ἐκείνων
1477 3186 1771 3255 γεγόνασιν

193 3272 433 3341 ἔκγονοι,
461 3276 567 3329 ικαὶ
616 3277 717 3329 ὅσα
756 3276 1205 3346 ἐπονηρεύσαντο
1255 3280 1312 3331 ἐν
1350 3281 1417 3349 τῇ
1455 3280 1609 3330 πόλει
1652 3294 1767 3342 σου,

1866 2081 1969 2137 iter
2006 2085 2268 2142 fecissent
2320 2106 2419 2159 per
2454 2091 2571 2147 loca
2606 2093 2756 2149 arida
2803 2102 2858 2149 et
2911 2096 3143 2151 transitu
3188 2098 3450 2169 dimcilia,

1863 2189 2054 2230 omnes
2092 2179 2443 2244 interierunt,
2478 2193 2537 2236 ut
2562 2185 2654 2253 qui
2683 2201 2785 2240 nec
2812 2190 3102 2255 pervenire
3152 2190 3219 2245 ad
3252 2191 3456 2250 Home-

1864 2266 2057 2331 ritum,
2095 2283 2198 2325 nec
2251 2269 2318 2324 ad
2361 2273 2637 2344 regionem
2689 2291 2843 2331 suam
2909 2279 3189 2349 potuerint
3246 2284 3449 2341 redire.

1865 2355 1980 2412 Rex
2030 2367 2215 2415 autem
2251 2377 2375 2417 cum
2419 2364 2533 2435 jam
2567 2376 2715 2423 esset
2757 2370 3146 2439 navigaturus,
3192 2375 3341 2429 venit
3383 2378 3450 2432 ad

1869 2451 2153 2521 templum,
2187 2454 2254 2508 ad
2286 2457 2447 2525 cujus
2483 2456 2653 2527 fores,
2709 2459 2853 2530 regia
2919 2474 3068 2518 veste
3107 2465 3335 2537 aliisque
3374 2469 3444 2521 in-

1865 2544 2056 2614 signiis
2101 2546 2313 2615 imperii
2351 2549 2648 2618 depositis,
2684 2551 2961 2622 ingressus
2992 2556 3213 2623 quidem
3260 2568 3343 2613 est
3393 2560 3449 2615 in

1866 2634 2078 2701 privato
2111 2639 2320 2694 habitu.
2379 2638 2538 2696 Stans
2566 2652 2748 2698 autem
2782 2659 2848 2699 cx
2890 2645 3122 2702 adverso
3152 2664 3294 2717 arm,
3328 2666 3451 2706 cum

1868 2724 2039 2780 Deum
2072 2729 2304 2783 multum
2337 2744 2569 2801 orasset,
2594 2749 2648 2788 et
2678 2736 2818 2791 facta
2850 2739 2917 2791 ab
2961 2738 3082 2807 ipso
3134 2741 3185 2793 in
3216 2741 3451 2813 AEgypto

1867 2817 2128 2872 miracula
2159 2828 2320 2891 atque
2366 2823 2418 2877 in
2470 2824 2585 2892 ipsa
2615 2826 2910 2881 solitudine
2945 2844 3043 2896 pro
3094 2828 3334 2888 Hebraeis
3396 2836 3453 2891 in

1870 2912 2189 2966 memoriam
2246 2921 2557 2969 revocasset
2603 2931 2616 2968 :
2658 2914 2761 2981 Illi,
2816 2917 3070 2984 dicebat,
3102 2920 3326 2979 fuerunt
3374 2925 3455 2979 ἰη-

1871 3004 2008 3069 grati
2041 3002 2095 3056 in
2134 3014 2185 3059 te
2214 3005 2656 3073 benefactorem,
2698 3023 2875 3077 neque
2921 3010 2995 3066 illi
3023 3013 3236 3080 solum,
3267 3018 3363 3071 sed
3417 3016 3453 3071 ii

1871 3093 2059 3157 etiam,
2089 3096 2179 3163 qui
2217 3112 2281 3149 ex
2320 3098 2400 3150 eis
2429 3101 2542 3151 nati
2571 3110 2721 3154 sunt.
2756 3099 2836 3155 Tu
2868 3103 3013 3157 enim
3039 3105 3169 3170 scis,
3201 3107 3451 3175 Domine,

1872 3198 2035 3254 quam
2065 3201 2121 3240 se
2154 3186 2291 3241 male
2326 3190 2596 3259 gesserint
2622 3190 2675 3243 in
2715 3201 2804 3245 tua
2831 3194 3052 3248 civitate
3073 3235 3087 3259 ,
3123 3206 3181 3250 ut
3231 3198 3325 3267 qui
3356 3214 3455 3268 po-

1875 3274 2063 3342 pulum
2106 3276 2255 3331 illum
2289 3294 2386 3348 per
2428 3278 2612 3333 dolum
2669 3280 3153 3351 circumvenerint,
3186 3297 3242 3342 et
3271 3289 3455 3346 consi-

189 3363 285 3417 τὸν
316 3365 443 3418 λαόν
493 3384 587 3421 σου
639 3368 1342 3438 καταπανουργευσάμενοι,
1402 3369 1496 3420 ml.
1556 3366 1771 3437 βουλευ-

1876 3366 2005 3420 lium
2045 3369 2270 3424 inierint
2298 3371 2563 3427 adversus
2598 3385 2818 3429 sanctos
2849 3384 2992 3442 tuos,
3018 3387 3073 3432 et
3113 3379 3165 3432 in
3193 3396 3290 3435 eos
3310 3421 3325 3448 ,
3356 3383 3451 3451 qui

193 3457 424 3525 σάμενοι
459 3461 603 3511 κατὰ
665 3460 775 3511 τῶν
836 3459 1008 3527 ἁγίων
1070 3476 1189 3525 σου,
1228 3460 1324 3513 καὶ
1355 3459 1436 3512 ἐτι
1474 3461 1616 3513 κατὰ
1663 3460 1771 3512 τῶν

1875 3466 2101 3523 restant,
2149 3462 2327 3515 adhuc
2373 3464 2512 3516 mala
2550 3467 2960 3524 macliincntur.
3002 3470 3159 3536 Quod
3188 3470 3233 3527 si
3268 3481 3453 3530 nostra

195 3549 646 3621 ὑπολειπομένων
679 3552 896 3623 πονηρά
954 3554 1345 3625 σκεπτόμενοι,
1397 3554 1490 3607 καὶ
1523 3552 1598 3617 ὡς
1656 3554 1771 3621 εἴγε

1876 3562 2097 3621 peccata
2130 3552 2183 3607 id
2216 3564 2519 3621 merentur,
2555 3557 2651 3612 sed
2683 3573 2752 3613 ne
2790 3569 2844 3613 tu
2888 3578 2985 3616 nos
3021 3565 3205 3619 tradas
3239 3567 3456 3622 illorum

193 3643 251 3695 cl
284 3644 569 3715 ἡμέτεραι,
610 3645 880 3709 Δέσποτα,
939 3644 1439 3715 παρεμποδίζουσιν
1483 3645 1771 3712 ἁμαρτίαι,

196 3734 335 3788 ἀλλὰ
381 3737 456 3805 μὴ
491 3739 614 3798 ταῖς
662 3737 888 3789 ἐκείνων
928 3736 1226 3808 παραδῴης
1278 3738 1489 3805 χερσὶν,
1538 3736 1655 3791 ἀλλ’
1698 3738 1774 3800 ὡς

194 3826 266 3883 ἂν
322 3829 485 3890 αὐτὸς
545 3827 863 3898 ἐθελήσειας
918 3829 1192 3901 τιμωρίαν
1231 3830 1362 3898 ἡμῖν
1417 3829 1629 3896 ἐπίθες,
1693 3834 1768 3902 μή

195 3938 330 3973 ποτε
366 3922 585 3987 εἴπωσι,
623 3922 733 3976 Ποῦ
762 3925 910 3977 ἐστιν
940 3924 1025 3991 ἐφ’
1054 3919 1097 3989 ᾧ
1131 3921 1512 3991 ἐγκαυχῶνται
1540 3924 1777 3991 Χριστὸς

196 4015 293 4067 καὶ
332 4015 360 4066 ὁ
395 4014 586 4069 τούτου
622 4016 893 4082 σταυρός;
939 4014 1128 4068 Ταῦτα
1173 4015 1272 4068 σὺν
1308 4014 1579 4087 δάκρυσιν
1612 4017 1779 4067 ἐπευ·

198 4106 458 4176 ξάμενος,
524 4110 616 4162 καὶ
650 4107 995 4174 ἐπιθειάσας,
1051 4106 1220 4172 ἔξεισι
1264 4110 1360 4161 καὶ
1397 4107 1494 4159 τοῦ
1534 4107 1639 4159 νεὼ
1675 4107 1770 4159 καὶ

198 4201 300 4268 τῆς
342 4199 570 4266 πόλεως,
627 4199 725 4253 καὶ
758 4190 894 4272 πρός
926 4218 1047 4254 τινα
1085 4204 1325 4271 μοναχὸν
1361 4199 1690 4270 προὸλέπειν
1717 4201 1777 4253 τὸ

202 4291 403 4360 μέλλον
430 4290 499 4341 δι’
526 4288 723 4359 ἀρετῆς
760 4291 1022 4360 ἐργασίαν
1068 4277 1389 4359 ἦξιωμένον,
1428 4289 1523 4341 καὶ
1558 4291 1615 4341 ἐν
1641 4306 1777 4360 πυρ-

205 4386 387 4453 γίσκῳ
417 4384 741 4454 στενοχὼρῳ
768 4384 860 4437 ἐπὶ
888 4383 1103 4453 χρόνοις
1139 4381 1241 4451 ἢδη
1272 4382 1431 4434 πέντε
1458 4384 1553 4435 καὶ
1581 4398 1775 4435 τεσσα-

212 4478 454 4547 ράκοντα
507 4475 931 4546 καθειργμένον,
991 4473 1242 4537 πεζεύων
1282 4476 1513 4543 ἀφίκετο
1560 4476 1651 4527 ἐπὶ
1678 4474 1772 4527 τοῦ

199 4568 369 4624 αὑτοῦ
438 4570 744 4638 σχήματος,
801 4567 1143 4635 πευσόμενός
1205 4586 1261 4619 τι
1316 4568 1426 4619 τῶν
1476 4585 1618 4620 κατι
1676 4570 1776 4635 τὴν

1874 3645 2127 3697 manibus
2163 3661 2177 3696 :
2212 3647 2357 3714 quod
2394 3659 2577 3703 autem
2616 3651 2731 3720 ipse
2773 3650 3033 3719 volueris,
3071 3654 3174 3709 hoc
3199 3667 3455 3727 excepto,

1873 3732 2034 3788 nobis
2065 3734 2284 3805 impone
2314 3740 2667 3809 supplicium,
2697 3756 2767 3796 ne
2797 3742 2939 3798 forte
2970 3746 3189 3801 dicant:
3224 3747 3456 3804 Ubinam

1874 3837 1957 3880 est
1986 3828 2225 3895 ipsorum
2263 3828 2539 3897 Christus,
2578 3844 2800 3904 propter
2834 3851 2997 3906 quem
3033 3838 3368 3908 gloriantur,
3400 3848 3457 3897 et

1874 3933 2009 3974 crux
2040 3920 2192 3990 ejus‘l
2212 3920 2339 3977 Haec
2363 3940 2486 3977 cum
2518 3939 2773 3995 precatus
2804 3928 3145 3985 fuissetcum
3180 3932 3452 4005 lacrymis,

1876 4012 2152 4081 egreditur
2182 4030 2212 4068 ε
2245 4016 2466 4085 templo,
2498 4026 2553 4071 et
2586 4032 2615 4071 e
2658 4018 2895 4085 civitate,
2948 4029 3004 4077 et
3050 4022 3115 4079 ad
3162 4026 3453 4095 quemdam

1879 4104 2253 4171 monachum,
2320 4108 2412 4177 qui
2486 4118 2709 4179 pr0pter
2791 4113 3008 4168 virtutis
3081 4118 3455 4186 operationem

1878 4195 2075 4266 dignus
2107 4206 2225 4251 erat
2275 4197 2517 4263 habitus,
2570 4211 2625 4253 ut
2675 4203 3002 4270 prmvideret
3042 4206 3247 4271 futura,
3294 4218 3349 4263 et
3402 4211 3458 4265 in

1876 4297 2111 4359 augusta
2144 4288 2541 4364 turriculajam
2582 4294 2939 4366 quadraginta
2990 4300 3233 4369 quinque
3284 4316 3462 4359 annos

1878 4379 2058 4437 fuerat
2083 4382 2363 4447 inclusus,
2416 4387 2581 4454 pelles
2625 4388 2776 4441 venit
2809 4390 2860 4443 in
2911 4392 3101 4445 eodem
3154 4392 3362 4456 habitu,
3391 4392 3460 4448 de

1878 4474 2066 4544 praelio
2101 4476 2501 4531 sciscitaturus.
2545 4478 2737 4532 Attulit
2770 4474 2959 4533 autem
2989 4482 3290 4551 composita
3326 4500 3462 4555 quo-

1880 4579 1985 4634 que
2019 4566 2369 4635 thymiamata
2394 4608 2407 4631 ,
2442 4568 2495 4621 in
2542 4569 2739 4637 quibus
2770 4570 2932 4623 etiam
2979 4586 3175 4628 aurum
3227 4575 3460 4631 latenter

203 4662 408 4732 μάχην.
458 4662 727 4730 Ἐπήγετο
755 4660 809 4712 δὲ
838 4662 927 4711 καὶ
964 4659 1285 4727 θυμιάματα
1316 4659 1569 4725 σύνθετα,
1607 4662 1664 4712 ἐν
1696 4655 1771 4722 οἷς

1884 4657 2272 4711 immiscuerat.
2302 4656 2433 4722 Qum
2476 4672 2600 4712 cum
2634 4658 2951 4716 tradidisset
2992 4665 3133 4728 seni,
3183 4669 3460 4736 quaerebat

199 4750 270 4824 ἦν
304 4753 397 4805 καὶ
426 4753 647 4822 χρυσίον
666 4751 876 4821 ἀδήλως
903 4752 1338 4821 συγκαταμίξας.
1368 4753 1437 4804 ’Δ
1470 4752 1662 4822 καὶτῷ
1688 4754 1779 4821 γέ-

199 4862 352 4915 ροντι
385 4844 678 4908 ἐπιδιδοὺς,
705 4844 885 4915 ἐξῄτει
910 4845 1075 4914 εὐχὴν
1107 4848 1200 4896 καὶ
1224 4845 1458 4915 δήλωσιν
1485 4845 1594 4899 τῶν
1616 4845 1783 4915 ἐκδη-

200 4940 473 5007 σομένων.
520 4937 579 4989 Ὀ
605 4937 660 4990 δὲ
690 4938 781 4991 τὸν
814 4938 964 4991 δόλον
993 4939 1277 5007 φωράσας,
1316 4940 1410 4991 καὶ
1436 4938 1596 5006 γνοὺς
1624 4940 1782 5020 άκριέ

198 5030 312 5093 ϐὡς
373 5032 521 5092 ὅστις
572 5028 683 5098 εἴη,
720 5031 902 5083 Ἔστω
956 5033 1095 5100 μετὰ
1156 5028 1274 5094 σοῦ,
1327 5030 1481 5100 φησι,
1518 5032 1673 5093 Θεὸς,
1722 5030 1781 5093 δς

198 5122 301 5175 καὶ
333 5120 727 5190 συμϐασιλεύει
761 5137 864 5175 σοι.
910 5122 1057 5191 Πλὴν
1091 5121 1205 5173 ἁλλ’
1258 5122 1416 5175 ἄπιθι
1448 5137 1780 5189 κατωχυρω-

202 5213 370 5285 μενος
400 5216 465 5282 τῇ
500 5216 608 5266 τῶν
645 5214 940 5284 μαρτύρων
974 5214 1158 5286 θυσία,
1216 5209 1285 5285 ἧς
1319 5212 1617 5283 ὠσφράνθη
1674 5213 1785 5265 Κύ-

206 5324 346 5380 ριος,
402 5309 498 5358 καὶ
556 5313 676 5371 ταῖς
748 5308 937 5376 εὐχαῖς
1000 5308 1307 5377 ἀρχιερέως
1348 5307 1781 5375 Ἀλεξανδρείας,

202 5401 305 5454 καὶ
336 5402 445 5461 τοῖς
481 5400 743 5471 δάκρυσιν
792 5402 1108 5457 Ἰουστίνου.

282 5494 413 5549 KG'.
455 5495 674 5547 Τούτων
706 5499 949 5559 ἀκούσας
990 5495 1309 5560 Ἐλεσϐαάν,
1347 5498 1437 5546 καὶ
1474 5495 1787 5561 περαιτέρω

206 5588 289 5657 μὴ
328 5586 613 5657 πειράζειν
678 5590 935 5655 προσθεὶς
993 5587 1411 5656 ἐπευλογηθεὶς,
1449 5589 1615 5655 ἀπῄει
1669 5587 1789 5654 χαί-

207 5696 343 5748 ρων,
375 5680 469 5732 καὶ
516 5678 1075 5747 παρακελευσάμενος
1126 5679 1206 5747 τῷ
1257 5678 1648 5747 στρατεύματι,
1715 5677 1788 5744 μὴ

204 5770 378 5823 πλέον
431 5773 463 5841 ἢ
523 5772 744 5842 ἡμερῶν
799 5772 973 5823 εἴκοσι
1022 5789 1229 5842 τροφκς
1285 5768 1645 5839 ἐπιφέρεσθαι
1698 5770 1788 5820 τὸν

203 5860 377 5915 πλοῦν
411 5862 667 5917 Exercits.
708 5865 839 5916 Οὐδὲ
877 5866 902 5915 ὁ
949 5862 1051 5914 τῶν
1094 5862 1408 5931 Ὀμηριτῶν
1464 5858 1654 5930 ἡμέλει
1690 5860 1784 5928 βα-

1886 4765 2097 4820 preces,
2139 4760 2194 4804 et
2226 4750 2676 4821 signiﬁcationem
2711 4770 2925 4821 eorum,
2959 4772 3080 4826 qua:
3107 4769 3262 4813 erant
3296 4774 3455 4814 even-

1883 4851 2021 4896 tura.
2063 4842 2153 4897 Ille
2182 4852 2388 4908 autem,
2443 4843 2568 4899 dolo
2617 4846 2995 4915 deprehenso,
3050 4864 3172 4902 cum
3208 4850 3458 4919 quisnam

1880 4941 2049 4995 esset,
2080 4932 2286 5001 optime
2316 4943 2504 4987 nosset
2534 4952 2549 4989 :
2584 4935 2670 4989 Sit
2698 4950 2897 5002 tecum,
2928 4937 3135 5006 inquit,
3171 4936 3334 5006 Deus,
3369 4943 3461 5011 qui

1882 5022 2045 5077 etiam
2068 5034 2245 5080 tecum
2278 5037 2489 5098 regnat.
2526 5027 2877 5083 Vcrumenim
2916 5046 3051 5087 vero
3082 5033 3189 5097 abi,
3220 5035 3463 5090 munitus

1883 5128 2183 5188 martyrum
2231 5120 2521 5183 sacriﬁcio,
2567 5122 2713 5190 quod
2766 5122 2907 5178 Deus
2959 5132 3043 5177 est
3086 5123 3363 5187 odoratus,
3411 5133 3464 5179 et

1887 5210 2143 5278 precibus
2175 5210 2449 5279 pontificis
2478 5212 2839 5278 Alexandriae,
2875 5222 2929 5268 et
2962 5214 3214 5283 lacrymis
3240 5213 3456 5268 Justini.

1961 5495 2152 5551 XXIX.
2212 5497 2335 5550 Haec
2389 5513 2512 5551 cum
2563 5498 2827 5551 audiisset
2880 5498 3172 5557 Elesbaan.
3242 5506 3295 5552 et
3336 5513 3461 5554 eum

1889 5604 1994 5641 non
2041 5597 2303 5641 tentasset
2334 5590 2592 5658 amplius,
2629 5590 3006 5642 benedictione
3043 5597 3286 5656 accepta,
3331 5590 3462 5643 abiit

1888 5683 2059 5735 laetus.
2096 5682 2161 5733 Et
2191 5696 2314 5734 cum
2344 5683 2597 5750 jussisset
2628 5682 2926 5744 exercitui,
2960 5699 3025 5735 ne
3061 5684 3263 5734 ferrent
3302 5681 3459 5733 vuati-

1890 5788 2011 5827 cum
2063 5773 2183 5840 plus
2239 5786 2399 5838 quam
2450 5774 2639 5841 viginti
2700 5776 2953 5838 dierum,
3005 5773 3290 5841 navigavit.
3353 5770 3459 5825 Sed

1894 5879 2067 5933 neque
2108 5863 2384 5933 negligens
2428 5862 2527 5915 fuit
2564 5879 2655 5918 rex
2706 5866 3139 5932 Homeritarum;
3189 5878 3309 5915 nam
3347 5864 3461 5925 ipse
