3990 6442
195 372 337 437 1285

1352 370 1823 433 MARIYRIUM
1862 371 1926 435 3.
1966 370 2319 434 ARETHIE.

3326 380 3460 445 1286

197 489 308 543 νῶν
335 486 543 545 ἀνωθεν
583 488 789 554 κοντοῖς
815 488 1126 561 φερομένην
1157 487 1468 560 προσδήσας
1509 488 1584 552 ὡς
1600 489 1773 542 δοκεῖν

1886 488 2034 543 ηιίειι
2070 489 2237 543 etiam
2266 488 2559 558 quemdam
2592 506 2656 545 ex
2692 491 2808 548 suis
2838 494 3084 564 cognatis
3117 511 3241 550 cum
3272 498 3458 567 viginti

196 583 266 635 τὰ
298 581 399 653 ὅρη
432 582 705 636 κινεῖσθαί
737 599 850 634 τισι
888 584 1160 651 μηχαναῖς
1197 582 1288 634 καὶ
1325 579 1590 650 φέρεσθαι
1631 580 1775 635 κατὰ

194 675 307 729 τῶν
340 674 541 728 πλοίων
574 678 642 745 τῇ
680 676 745 729 ὲκ
777 674 986 728 τούτων
1016 674 1147 744 σκιᾷ
1178 673 1238 726 τὸ
1269 671 1477 725 λυποῦν
1513 671 1609 724 τοῦ
1639 672 1775 725 καύ-

199 785 373 840 ματος
405 766 764 838 ἀπεκρούετο.
799 767 1107 835 Ἐξέπεμπε
1137 767 1191 819 δὲ
1213 766 1443 819 καίτινα
1466 765 1574 818 τῶν
1603 765 1765 817 αὐτοῦ

195 861 480 927 συγγενῶν
518 859 659 930 μετὰ
712 858 1014 929 δισμυρίων
1064 858 1301 918 ἱππέων,
1336 858 1473 927 πρὸς
1504 858 1566 909 τὸ
1601 874 1773 909 κατα-

193 953 473 1020 σκοπῆσαι
502 952 565 1003 τὸ
616 952 804 1021 μέρος,
848 950 975 1002 ἔνθα
1021 946 1087 1021 ἦν
1118 950 1145 1001 ὁ
1185 949 1506 1006 Ἐλεσϐαάν.
1545 950 1654 1002 Καί
1688 965 1773 1011 τις

192 1045 305 1095 τὼν
337 1042 610 1113 εὐνούχων
646 1042 738 1094 τοῦ
793 1041 1081 1111 βασιλέως,
1118 1041 1411 1093 ὑπολαϐὼν
1440 1041 1632 1094 τοῦτον
1692 1042 1773 1102 εἰς

192 1136 501 1205 γυμνάσιον
569 1135 790 1200 ἐξιέναι,
844 1131 1071 1205 δοράτια
1128 1135 1293 1186 πέντε
1347 1136 1533 1203 χρυσᾶ
1592 1132 1773 1220 λαϐὼν

196 1228 529 1299 συνεξῆλθεν
562 1227 731 1297 αὐτῷ.
771 1226 928 1279 Ἐπεὶ
957 1227 1011 1279 δὲ
1051 1228 1176 1289 τοὺς
1208 1230 1334 1298 περὶ
1361 1227 1451 1279 τὸν
1478 1226 1773 1280 Ἐλεσϐαᾶν

194 1318 692 1390 ὲπαγρυπνοῦντας
723 1317 894 1389 εὖροι,
924 1318 1108 1372 λαϐὼν
1137 1319 1229 1371 τὸν
1260 1321 1534 1388 εὐνοῦχον,
1570 1318 1661 1369 καί
1694 1336 1775 1370 τι-

192 1430 294 1473 νας
327 1412 436 1463 τῶν
467 1409 633 1463 αὑτοῦ
671 1413 843 1481 τρεῖς,
880 1408 1160 1480 μακρόθεν
1201 1409 1365 1479 ἀπῄει
1404 1410 1537 1479 πρὸς
1571 1409 1771 1477 θήραν.

195 1504 433 1572 Ἔτυχον
458 1503 513 1555 δέ
542 1520 689 1566 τινες
715 1501 823 1556 τῶν
853 1502 947 1555 τοῦ
1014 1501 1312 1556 Ἑλεσϐαάν
1342 1501 1419 1569 τῷ
1459 1500 1618 1572 λιμῷ,
1656 1518 1775 1552 πιε-

197 1593 417 1661 ζόμενοι
466 1593 649 1646 ἵππων
703 1592 992 1655 ἐπιϐάντες
1040 1593 1235 1654 νυκτὸς
1270 1594 1406 1662 πρὶς
1456 1594 1582 1655 τοὺς
1615 1593 1775 1644 πολε-

197 1686 357 1754 μίους
411 1684 835 1754 διαδιδράσκειν,
892 1683 942 1735 οἳ
984 1685 1078 1735 καὶ
1118 1684 1521 1752 περιτυχόντες·
1565 1684 1771 1747 αὐτοῖς,

190 1778 324 1839 τοὺς
361 1776 462 1845 μὲν
518 1775 715 1837 ἄλλους
761 1774 1123 1840 ἀπέκτειναν,
1182 1775 1275 1826 τὸν
1312 1777 1548 1845 συγγενῆ
1583 1774 1639 1826 δὲ
1676 1778 1773 1825 λα-

1879 580 2120 634 millibus
2150 581 2396 648 equitum
2423 581 2490 635 ad
2526 584 2917 651 speculandam
2954 596 3164 655 partem
3201 590 3370 657 illam,
3404 592 3458 647 in

1874 688 1981 742 qua
2013 683 2132 726 erat
2158 673 2446 731 Elesbaan.
2474 674 2705 740 Quidam
2738 687 2919 730 autem
2961 694 3028 732 ex
3064 683 3332 737 eunuchis
3372 699 3463 737 re-

1874 764 1955 833 gis
1989 764 2283 818 arbitratus
2334 780 2458 818 eum
2497 767 2642 820 exire
2698 770 2762 821 ad
2822 784 2880 823 se
2927 773 3322 839 exercendum,
3369 791 3463 829 at:-

1876 860 2045 924 ceptis
2071 860 2313 927 quinque
2346 861 2531 914 aureis
2565 862 2844 926 lanceolis,
2879 879 3004 918 cum
3044 880 3109 919 eo
3144 877 3229 920 est
3277 883 3461 937 egres-

1881 962 2001 1001 sus.
2057 948 2192 1002 Cum
2231 952 2275 1004 is
2333 962 2515 1005 autem
2578 955 2842 1008 Eleshaan
2906 959 3094 1025 copias
3153 960 3460 1014 invenisset

1876 1038 2192 1107 vigilantes,
2243 1057 2477 1109 quarum
2533 1059 2660 1111 pars
2713 1046 2826 1113 jam
2862 1062 2892 1099 e
2931 1048 3164 1101 navibus
3209 1066 3455 1119 egresw,

1874 1125 2052 1179 locum
2087 1129 2139 1180 in
2196 1129 2378 1182 littore
2418 1142 2753 1200 occuparat,
2808 1146 3035 1204 acet-pto
3077 1141 3353 1204 eunucho,
3405 1149 3461 1193 et

1874 1217 2047 1274 tribus
2078 1234 2141 1271 cx
2175 1222 2308 1283 suis,
2345 1221 2477 1274 abiit
2509 1223 2694 1291 procul
2722 1225 2791 1277 ad
2828 1227 3197 1280 venationem.
3224 1230 3455 1291 Quidam

1873 1316 2056 1359 autem
2089 1323 2152 1361 ex
2190 1308 2458 1363 Elesbaan
2492 1315 2734 1368 exercitu
2776 1318 3021 1384 oppressi
3073 1318 3214 1372 fame
3238 1359 3251 1381 ,
3286 1335 3460 1389 equos

1875 1407 2038 1451 noctu
2090 1403 2561 1467 conscenderant,
2616 1414 2675 1459 ut
2732 1407 2918 1461 hostes
2972 1409 3297 1480 eﬂ'ugerent.
3352 1412 3458 1477 Qui

1874 1504 1996 1542 cum
2030 1489 2083 1541 in
2134 1507 2231 1545 eos
2285 1493 2623 1557 incidissent,
2661 1498 2795 1553 alios
2843 1501 3067 1568 quidem
3110 1504 3453 1570 OCCIdCl‘Ulll,

1874 1583 2016 1651 regis
2044 1596 2227 1641 autem
2259 1598 2549 1655 cognatum
2583 1592 2887 1659 capientes,
2917 1602 2972 1645 et
3008 1608 3205 1648 aureas
3241 1596 3462 1650 lanceas

1872 1680 2156 1739 portantes
2190 1714 2204 1737 ,
2258 1677 2326 1729 ad
2380 1693 2549 1732 naves
2602 1680 2901 1736 redierunt.
2959 1683 3063 1737 Eas
3106 1696 3288 1739 autem
3335 1703 3461 1741 cum

1874 1766 2173 1833 accepisset
2205 1783 2295 1820 rex
2329 1770 2472 1837 pius,
2500 1774 2682 1824 statim
2732 1774 2838 1826 Deo
2868 1774 3156 1829 dedicavit.
3207 1776 3327 1845 Ipse
3365 1792 3465 1830 au-

192 1868 394 1929 ϐόντες.
418 1867 511 1920 τοῦ
539 1866 830 1936 βασιλέως,
864 1864 960 1918 καὶ
992 1866 1061 1918 τά
1123 1868 1305 1934 χρυσᾶ
1352 1866 1576 1932 δόρατα,
1636 1867 1771 1934 πρὸς

1879 1867 2012 1921 tem,
2054 1860 2262 1928 reliquo
2287 1873 2499 1915 armato
2532 1864 2776 1918 exercitu
2827 1866 3071 1919 imntisso
3100 1868 3154 1920 in
3186 1867 3465 1923 breviores

192 1963 265 2011 τά
296 1962 455 2011 πλοῖα
493 1958 654 2011 πάλιν
703 1958 1041 2028 ἀνέστρεφον
1066 1973 1079 1986 ⁸
1130 1958 1167 2011 ὃ.
1202 1960 1297 2011 καί
1348 1958 1531 2011 λαϐὼν
1562 1960 1589 2011 ὁ
1620 1959 1774 2010 εὐσε-

196 2052 297 2122 ϐὴς
331 2050 583 2121 βασιλεὺς
609 2051 772 2114 εὐθὺς
812 2051 1032 2104 ἀνέθετο
1070 2051 1146 2121 τῷ
1179 2051 1316 2120 Θεῷ.
1347 2052 1516 2113 Αὐτὸς
1550 2050 1606 2103 δὲ
1670 2049 1769 2120 τὴν

200 2141 465 2211 στρατιάν
540 2140 893 2210 ὡπλισμένην
945 2143 1001 2194 ιν
1065 2145 1177 2203 τοῖς
1236 2141 1591 2211 βραχυτέροις
1661 2140 1771 2191 τῶν

199 2232 403 2285 πλοίων
434 2232 712 2302 ἐμϐαλὼν,
750 2232 944 2301 ἐξῆλθε
975 2235 1108 2303 πρὸς
1143 2235 1264 2294 τοὺς
1308 2234 1368 2284 ἐν
1399 2232 1633 2301 αἰγιαλῷ
1670 2249 1767 2283 τιο-

194 2325 447 2395 λεμίους,
509 2329 606 2381 καὶ
641 2328 823 2399 μάχην
881 2326 1152 2395 συνάψας,
1211 2327 1355 2378 νῶτα
1407 2326 1601 2387 δόντας
1643 2326 1767 2387 τοὺς

207 2418 503 2488 Ἐϐραίους
548 2421 787 2487 πολέμου
838 2420 985 2488 νόμω
1036 2418 1245 2479 πάντας
1278 2417 1644 2485 κατέσφαξεν,
1695 2417 1771 2480 ὼς

197 2512 337 2583 μηδὲ
387 2511 620 2579 ἄγγελον
671 2515 778 2566 τῶν
810 2515 1118 2581 γενομένων
1156 2510 1536 2564 ὑπολιπέσθαι.
1580 2510 1764 2579 Ἐχων

192 2607 251 2661 δὲ
283 2605 389 2658 τῶν
418 2605 513 2658 τοῦ
551 2606 815 2676 βασιλέως
853 2605 1113 2672 συγγενῆ,
1151 2603 1436 2654 δεικνύντα
1497 2602 1595 2671 τὴν
1626 2604 1760 2671 πρὸς

194 2702 350 2772 Φαρῆ
376 2701 474 2773 τὴν
507 2702 661 2753 πόλιν
686 2701 826 2766 ὁδὸν,
860 2697 987 2750 ἔνθα
1012 2693 1079 2767 ἦν
1113 2696 1179 2749 τά
1216 2695 1468 2766 βασίλεια
1500 2696 1765 2759 Δουναάν,

195 2795 398 2848 ἄνεισι.
429 2796 539 2847 Καὶ
563 2792 767 2860 ταύτης
805 2792 1113 2861 κρατήσας,
1151 2789 1451 2859 ἀφυλάκτῳ
1481 2800 1539 2840 τε
1564 2789 1629 2857 τῇ
1668 2790 1772 2838 πό-

194 2888 281 2940 λει
313 2882 649 2957 περιτυχὼν,
686 2883 865 2934 πάντα
894 2882 985 2933 τὸν
1026 2882 1158 2949 περὶ
1195 2883 1263 2934 τὰ
1307 2880 1560 2949 βασίλεια
1604 2876 1766 2931 πλοῦ-

195 2996 313 3043 τον,
345 2979 438 3030 καὶ
470 2977 638 3037 αὑτάς
669 2972 939 3042 λαμϐάνει
970 2974 1067 3035 τὰς
1106 2972 1408 3042 βασιλίδας.

276 3069 397 3121 ΛΒ’.
435 3068 547 3139 Τὴν
605 3066 659 3117 δὲ
705 3063 807 3134 τῆς
853 3062 1063 3125 πόλεως
1100 3062 1326 3127 ἅλωσιν,
1378 3065 1472 3117 καὶ
1504 3065 1603 3135 τὴν
1657 3066 1767 3119 τῶν

198 3159 494 3231 βασιλείων
544 3155 868 3226 διαφθορὰν,
900 3156 981 3207 ἑτι
1012 3154 1068 3207 δὲ
1124 3154 1220 3208 καὶ
1258 3154 1359 3227 τὴν
1405 3155 1514 3209 τῶν
1548 3158 1767 3210 οἰκείων

196 3247 582 3319 αἰχμαλωσίαν
613 3246 859 3298 Δουναάν
907 3245 1298 3309 διενωτισθεὶς,
1328 3247 1427 3299 καὶ
1461 3247 1644 3311 δείσας
1698 3251 1771 3319 μὴ

195 3340 308 3393 τῶν
339 3337 506 3391 αὑτοῦ
536 3335 813 3403 συγγενῶν
837 3352 979 3397 τινες
1020 3336 1098 3404 τῷ
1137 3338 1429 3389 Ἐλεσϐαὰν
1462 3341 1777 3408 προσρυῶσι

202 3431 299 3485 τοῦ
325 3428 457 3481 Θεοῦ
483 3428 785 3497 σφήλαντος
813 3427 906 3495 τὴν
935 3426 1100 3479 αὑτοῦ
1126 3431 1349 3497 γνώμην
1372 3433 1578 3500 χρυσῆν
1611 3447 1777 3482 κατα-

199 3520 609 3588 σκευασάμενος
632 3517 841 3582 άλυσιν,
867 3516 961 3571 καὶ
974 3517 1197 3589 ἐνδήσας
1213 3519 1372 3572 αὐτόν
1392 3538 1450 3573 τε
1469 3521 1774 3588 κάκείνους,

198 3610 440 3682 ἐκάθητο
460 3608 568 3661 τῶν
588 3608 931 3680 πραγμάτων
953 3610 1273 3679 ἠμεληκὼς.
1307 3612 1369 3663 υἱ
1394 3612 1574 3679 μέντοι
1596 3615 1777 3665 Αἰθίο-

200 3720 326 3768 πες,
357 3704 405 3755 οι
425 3705 483 3755 ὲν
516 3704 624 3764 τοῖς
657 3702 877 3763 πλοίοις,
904 3702 1069 3769 μηδὲν
1087 3704 1212 3772 περὶ
1241 3702 1535 3756 Ἰἰλεσϐαάν
1565 3704 1655 3756 τοῦ
1686 3705 1779 3755 αὑ-

197 3795 309 3848 τῶν
337 3792 621 3864 βασιλέως,
656 3790 690 3861 ἢ
719 3789 825 3842 τῶν
860 3790 951 3844 ὑπ’
991 3792 1155 3845 αὑτοῦ
1200 3796 1605 3863 πεπραγμένων
1639 3797 1777 3865 ἀκη-

202 3888 393 3946 κοότες
424 3883 617 3936 σπάνει
650 3899 709 3935 τε
740 3881 849 3934 τῶν
867 3884 1177 3951 ἀναγκαίων
1194 3886 1648 3954 διαφθειρόμενοι,
1686 3890 1777 3938 καὶ

199 3982 260 4032 ἐν
298 3976 488 4045 ἀπόρῳ
511 3975 687 4036 ὅντες,
752 3973 1107 4041 ἀπογνόντες,
1158 3976 1458 4045 ἐτράποντο
1494 3978 1627 4045 πρὸς
1660 3979 1778 4030 ἰκε-

203 4070 354 4122 τείαν
392 4066 485 4118 τοῦ
516 4066 698 4118 Θείου.
741 4065 848 4117 Καὶ
882 4065 950 4117 τὰ
987 4066 1197 4135 μεγαλα
1241 4068 1348 4121 τῶν
1378 4068 1580 4122 πλοίων
1626 4071 1779 4139 ἐνδή-

201 4174 399 4219 σαντες
457 4157 594 4227 πρδς
666 4158 837 4210 ἑαυτᾶ
902 4157 1187 4224 κυκλόθεν,
1243 4160 1448 4212 ἄνωθέν
1486 4178 1545 4213 τε
1592 4162 1660 4214 τὰ
1685 4165 1775 4213 εὑ-

204 4251 359 4320 μήκη
393 4248 526 4313 ξύλα
565 4248 656 4300 καὶ
696 4248 841 4299 ἱστία
873 4250 1396 4317 προσεπιδὴσαντες,
1441 4256 1534 4301 καὶ
1569 4250 1759 4317 ὥσπερ

199 4344 326 4394 τινά
369 4340 520 4391 πόλιν
548 4342 606 4391 ἐν
636 4340 701 4406 τῇ
739 4336 986 4408 Θαλάσσῃ
1018 4338 1586 4411 διαμηχανησάμενοι,
1631 4345 1688 4396 ὲν
1718 4345 1773 4396 δὲ

203 4436 324 4493 ταῖς
365 4430 626 4497 πλαγίαις
676 4428 877 4493 ἔξωθεν
932 4431 998 4481 τά
1042 4429 1358 4503 βραχύτερα
1412 4432 1522 4487 τῶν
1552 4434 1772 4498 πλείων,

204 4524 522 4595 προτείχιόν
576 4539 629 4574 τι
689 4520 1026 4592 μιμούμενα,
1087 4524 1532 4594 παραζεύξαντες
1585 4527 1774 4596 ἁθρόοι

201 4616 511 4687 γενόμενοι,
557 4614 695 4684 μετά
723 4613 973 4683 δακρύων
1016 4614 1299 4683 ἱκετηρίαν
1325 4615 1401 4684 τῷ
1427 4616 1543 4685 Θεῷ
1572 4618 1776 4685 προσῆ-

200 4726 301 4778 γον
344 4709 578 4777 μακράν.
652 4707 783 4758 Εἱτα
819 4706 925 4757 τῶν
977 4705 1138 4774 ἱερῶν
1191 4707 1631 4776 ἀπογευσάμενοι
1677 4728 1774 4777 μυ-

203 4800 449 4867 στηρίων
483 4797 578 4848 καὶ
626 4796 1011 4866 ὁπλισάμενοι,
1052 4798 1375 4849 κατέϐαινον
1410 4799 1504 4850 ἐπὶ
1542 4800 1610 4851 τὰ
1644 4800 1777 4869 βρα-

200 4891 411 4963 χύτερα
450 4887 629 4939 πλοία⁴
667 4890 759 4940 καὶ
788 4889 1013 4949 στάντες
1042 4890 1103 4939 ἐκ
1136 4886 1391 4955 πλαγίου,
1424 4890 1500 4958 τῷ
1538 4892 1614 4959 μὴ
1650 4891 1774 4959 βλα-

201 4980 308 5050 ϐην
348 4980 473 5032 τινὲι⁵
510 4977 615 5028 ὑπὸ
648 4978 756 5028 τῶν
793 4977 964 5046 βελῶν
998 4976 1292 5045 ὑπομένειν
1321 4977 1430 5028 τῶν
1478 4980 1772 5047 πολεμίων,

203 5075 382 5126 dabo-av
416 5071 555 5123 αὐτὰ
596 5070 729 5138 πρὸς
780 5072 880 5137 τὴν
915 5070 1039 5138 γῆν,
1082 5068 1236 5123 αὐτοὶ
1275 5086 1332 5120 τε
1403 5073 1494 5121 καὶ
1535 5073 1679 5123 ἅπαν
1719 5074 1779 5123 τὸ

204 5165 503 5223 ναυτικόν*
536 5164 602 5216 τά
643 5164 699 5215 δὲ
760 5165 872 5225 τοῖς
936 5163 1195 5230 μεγάλοις
1266 5163 1632 5231 συνδεδεμένα
1686 5167 1779 5217 καὶ

206 5258 350 5310 αὑτά
414 5253 852 5321 συνεφείλκοντο,
907 5255 1063 5321 ἄχρις
1123 5254 1189 5306 ἂν
1222 5254 1279 5305 al
1333 5256 1568 5324 πλευραὶ
1599 5256 1779 5310 αὐτῶν

207 5348 640 5421 προσοκείλασαι
698 5350 1071 5415 προσήρεισαν
1130 5347 1204 5415 τῷ
1259 5348 1518 5416 αἰγιαλῷ,
1575 5349 1647 5409 ὡς
1690 5366 1779 5415 γε-

203 5444 397 5496 νὲσθαι
433 5442 607 5509 τεῖχος
636 5439 821 5500 αὐτοῖς
854 5441 946 5490 καὶ
975 5441 1085 5501 τοῖς
1124 5440 1556 5508 Ὀμηρίταις.τ5ι
1594 5442 1776 5495 πλοῖα.

206 5534 620 5602 Προεϐαλόντες
652 5532 704 5582 δὲ
749 5533 798 5582 οἱ
836 5532 1083 5600 πολέμιοι
1119 5536 1230 5592 τοῖς
1266 5534 1454 5601 δόρασι
1506 5534 1598 5584 καὶ
1658 5538 1776 5595 ταῖς

207 5631 440 5689 πέλταις
499 5628 782 5679 κατέκλων
838 5628 941 5689 τὰς
1001 5627 1108 5680 τῶν
1169 5627 1525 5698 βραχυτέρων
1578 5631 1781 5681 πλοίων

211 5724 475 5789 πλευράς,
512 5722 601 5772 καὶ
633 5721 799 5772 πολλὰ
831 5722 953 5781 τοὺς
984 5720 1249 5782 Αιὸίςττας
1306 5721 1563 5774 ὲλᾷττουν.
1622 5724 1683 5773 Οἱ
1724 5722 1779 5773 δὲ.

206 5816 346 5874 πρὸς
380 5814 595 5873 ἄμυναν
627 5812 785 5876 αὖθις
816 5812 951 5875 μετὰ
1000 5813 1251 5880 δακρύω)
1297 5814 1650 5875 ἐξεκαλοῦντο
1690 5815 1779 5866 τὶν

1880 1965 2069 2014 naves,
2112 1967 2363 2020 egressus
2392 1963 2476 2007 est
2506 1954 2571 2006 ad
2603 1955 2806 2019 hostes,
2840 1958 2931 2024 qui
2966 1967 3123 2010 erant
3155 1959 3207 2011 in
3251 1960 3462 2026 littore,

1880 2049 1936 2094 et
1968 2056 2145 2110 pugna
2183 2052 2324 2096 terra
2377 2045 2624 2111 marique
2668 2048 2983 2105 commissa,
3023 2047 3319 2111 Hebraeos,
3365 2050 3461 2119 qui

1881 2141 2025 2201 terga
2062 2134 2349 2197 dederant,
2382 2136 2507 2204 jure
2555 2137 2678 2191 belli
2722 2152 2915 2191 omnes
2951 2141 3175 2203 occidit,
3229 2142 3367 2195 adeo
3405 2150 3464 2196 ut

1878 2239 1946 2276 ne
1993 2241 2134 2280 unus
2180 2227 2400 2294 quidem
2458 2229 2530 2282 sit
2583 2230 2806 2285 relictus
2855 2231 2929 2283 rei
2985 2242 3149 2301 gesta:
3212 2234 3462 2292 nuntius.

1876 2313 2012 2368 Cum
2044 2325 2226 2370 autem
2261 2317 2486 2372 haberet
2519 2331 2811 2389 cngnatum
2848 2323 3011 2392 regis,
3041 2324 3131 2392 qui
3174 2325 3225 2379 ei
3271 2336 3465 2379 osten-

1877 2408 2041 2462 debat
2078 2409 2241 2472 viam,
2283 2426 2403 2480 qua
2431 2412 2579 2465 ducit
2612 2414 2679 2467 ad
2709 2414 2984 2469 civitatem
3017 2415 3193 2472 Phare
3215 2460 3229 2483 ,
3265 2420 3318 2472 in
3354 2436 3462 2489 qua

1877 2505 1995 2550 erat
2028 2497 2172 2565 regia
2210 2497 2458 2563 Dunaan,
2492 2501 2559 2553 ad
2591 2502 2735 2554 illam
2771 2506 3044 2559 ascendit.
3077 2506 3194 2570 Qua
3237 2510 3460 2576 potitus,

1878 2596 1936 2641 ul
1992 2591 2082 2657 qui
2119 2589 2508 2643 incustoditam
2568 2592 2890 2647 offendisset
2942 2596 3258 2661 civitatem,
3318 2601 3461 2669 capit

1876 2694 2068 2736 omnes
2096 2682 2336 2750 divitias,
2367 2699 2489 2753 qua:
2519 2694 2678 2740 erant
2720 2686 2775 2739 in
2812 2686 2976 2757 regia,
3006 2698 3061 2742 et
3108 2690 3255 2759 ipsas
3298 2692 3463 2747 etiam

1884 2771 2121 2840 reginas.

1947 3076 2164 3134 XXXII.
2209 3082 2406 3135 Verum
2456 3098 2578 3136 cum
2631 3095 2845 3154 captam
2898 3086 3112 3151 urbem,
3148 3097 3205 3144 et
3254 3090 3459 3162 regiam

1796 3177 2191 3270 Coccupatam
2230 3210 2244 3233 ,
2300 3180 2461 3239 atque
2516 3188 2643 3227 suos
2715 3176 2857 3229 bello
2942 3189 3133 3247 captos
3201 3182 3467 3238 audtisset

1884 3258 2134 3323 Dunaan,
2193 3263 2395 3317 timens
2438 3278 2508 3317 ne
2558 3265 2727 3334 aliqui
2769 3282 2833 3319 ex
2882 3272 3127 3338 cognatis
3168 3272 3469 3330 deﬁcerent

1878 3350 1943 3402 ad
1979 3348 2290 3417 Elesbaan,
2339 3364 2521 3409 mente
2574 3356 2622 3409 ei
2673 3373 2702 3410 a
2753 3356 2861 3411 Deo
2900 3360 3096 3422 ablata,
3133 3378 3255 3417 cum
3302 3380 3465 3419 aurea

1875 3450 2067 3494 catena
2129 3458 2186 3495 se
2263 3457 2319 3497 et
2404 3448 2522 3500 illos
2611 3449 2910 3519 alligasset,
2977 3453 3201 3510 sedebat
3260 3456 3465 3512 nullam

1877 3546 2060 3587 rerum
2104 3548 2290 3587 curam
2315 3551 2531 3604 gerens.
2564 3537 2667 3602 Qui
2711 3552 2892 3595 autem
2928 3547 2981 3595 in
3015 3547 3267 3614 pluribus
3296 3548 3467 3602 navi—

1878 3625 1981 3678 bus
2011 3636 2168 3679 erant
2202 3626 2512 3697 [Ethiopes,
2549 3647 2671 3685 cum
2707 3634 2845 3686 nihil
2888 3637 3225 3691 audivissent
3259 3642 3323 3693 de
3364 3657 3467 3697 suo

1878 3730 2005 3785 rege
2038 3714 2326 3783 Elesbaan,
2361 3732 2456 3774 aut
2487 3723 2554 3775 de
2607 3724 2694 3787 iis,
2740 3742 2861 3793 quae
2905 3741 3171 3796 gesserat,
3207 3743 3263 3786 et
3312 3732 3465 3789 labo-

1880 3818 2066 3861 rarent
2122 3808 2304 3877 inopia
2380 3826 2563 3866 rerum
2630 3817 3109 3884 necessariarum,
3171 3834 3466 3891 essentque

1876 3894 2060 3948 animo
2102 3897 2251 3949 dubii
2300 3907 2353 3952 et
2400 3902 2669 3970 perplexi,
2696 3907 2947 3959 conversi
3012 3918 3141 3961 sunt
3192 3911 3257 3962 ad
3291 3911 3464 3967 Deum

1879 3986 2314 4055 supplicandum.
2348 3991 2409 4043 Et
2442 4003 2563 4045 cum
2604 4009 2824 4063 magnas
2867 3996 3086 4065 quidem
3121 4014 3287 4053 naves
3322 4003 3467 4059 inter

1877 4093 1936 4133 se
1964 4080 2299 4148 alligassem,
2342 4091 2399 4136 et
2440 4098 2605 4153 super
2636 4086 2868 4158 oblonga
2910 4088 3055 4158 ligna
3096 4094 3216 4145 vela
3264 4093 3463 4149 deinde

1879 4169 2223 4233 vinxissent,
2257 4183 2312 4226 et
2350 4173 2515 4227 veluti
2552 4180 2845 4243 quamdam
2884 4181 3160 4234 civitatem
3216 4184 3269 4237 in
3327 4186 3462 4241 mari

1877 4271 2062 4314 essent
2108 4261 2353 4317 fabricati
2386 4285 2399 4318 :
2427 4267 2770 4323 extrinsecus
2806 4281 2989 4325 autem
3043 4273 3328 4331 breviores
3369 4295 3465 4331 na-

1877 4366 1993 4418 ves,
2030 4371 2151 4422 qua:
2199 4357 2469 4425 quoddam
2529 4376 2809 4414 murorum
2860 4364 3217 4420 imitabantur
3262 4386 3464 4439 propu-

1880 4447 2206 4511 gnaculum,
2242 4449 2621 4514 ordinassent,
2675 4467 2869 4506 omnes
2917 4456 3078 4508 simul
3126 4462 3462 4530 congregati,

1812 4554 1852 4606 ο
1882 4549 2003 4586 cum
2038 4535 2293 4604 lacrymis
2328 4540 2437 4591 Deo
2474 4540 2689 4611 longam
2741 4544 3061 4599 obtulerunt
3109 4552 3462 4619 supplicatio-

1881 4639 2029 4680 nem.
2066 4625 2273 4681 Deinde
2308 4643 2430 4682 cum
2463 4646 2616 4683 sacra
2648 4639 2955 4702 gustassent
2985 4641 3265 4707 mysteria,
3311 4653 3364 4695 et
3400 4658 3458 4697 se

1880 4729 2219 4782 armassent,
2272 4720 2677 4777 descenderunt
2735 4727 2785 4777 in
2838 4742 3005 4780 nast
3050 4732 3373 4785 breviores:
3408 4743 3464 4789 et.

1882 4815 2091 4860 stantes
2119 4824 2185 4861 ex
2213 4810 2458 4878 obliquo,
2494 4830 2561 4865 nc
2596 4816 2903 4882 acciperent
2940 4819 3159 4887 aliquod
3203 4822 3461 4877 damnum

1883 4909 1913 4947 a
1952 4895 2072 4947 telis
2103 4897 2363 4963 hostium,
2395 4914 2488 4953 eas
2524 4902 2621 4970 ipsi
2658 4906 2896 4973 majores
2928 4920 3047 4976 post
3097 4926 3153 4963 sc
3186 4913 3463 4967 trahentes

1882 4985 2240 5055 impulserunt
2269 4992 2333 5044 ad
2362 5001 2587 5059 terram,
2614 4994 2786 5049 donec
2818 5000 3040 5067 appulsa
3073 5016 3260 5055 eorum
3291 5005 3458 5058 latera

1882 5075 1983 5129 lixa
2017 5076 2219 5131 fuerint
2267 5080 2320 5133 in
2362 5082 2578 5145 littore,
2630 5086 2763 5139 adeo
2805 5099 2861 5139 ut
2908 5103 3074 5142 naves
3108 5104 3295 5144 essent
3336 5095 3464 5162 ipsis

1883 5183 1982 5237 pro
2013 5185 2189 5222 muro.
2225 5170 2420 5225 Hostes
2459 5190 2586 5225 vero
2617 5176 2890 5230 irruentes
2922 5195 3044 5231 cum
3077 5183 3301 5247 lanceis,
3341 5201 3460 5236 ton-

1883 5258 2195 5328 fringcbant
2254 5263 2421 5318 latera
2491 5266 2803 5320 brevicrum
2863 5272 3108 5333 navium,
3172 5282 3226 5325 et
3275 5290 3461 5342 magna

1885 5351 2133 5405 molestia
2183 5354 2492 5410 allicit-haut
2525 5359 2835 5429 :Ethiopes.
2888 5363 2989 5427 Qui
3044 5381 3165 5417 cum
3214 5366 3467 5435 Iarrymis

1886 5457 2074 5497 rursus
2134 5445 2344 5499 Domini
2397 5450 2725 5504 invocabant
2774 5462 3053 5506 αιιτιιιιιιιι.
3112 5458 3230 5524 Ipse
3287 5470 3465 5509 autem

1886 5548 1978 5586 eos
2033 5541 2322 5592 exaudiit:
2368 5553 2419 5595 et
2469 5546 2649 5597 statim
2712 5563 2807 5596 vox
2866 5549 3111 5613 quaid-em
3176 5549 3275 5599 tuit
3331 5550 3467 5600 t'trlu

1884 5628 2155 5692 exaudita,
2184 5648 2303 5699 quae
2336 5635 2550 5687 tlichat
2590 5653 2601 5688 τ
2639 5639 2880 5702 tiabrtcl,
2930 5640 3167 5702 Uttltrlt‘l,
3200 5640 3412 5693 Gabriel
3451 5660 3462 5692 :

1885 5728 1939 5771 et
1977 5722 2193 5790 quidam
2234 5744 2294 5778 ex
2334 5728 2460 5789 illis,
2497 5730 2587 5797 qui
2628 5746 2793 5785 nates
2852 5732 3222 5798 impellebant.
3262 5733 3464 5799 virgam

1890 5811 2067 5869 ferens
2094 5816 2345 5885 ferream,
2381 5836 2501 5895 qure
2536 5836 2772 5887 superne
2816 5825 3035 5889 quidem
3074 5824 3304 5879 habebat
3338 5842 3467 5880 eru-
