3990 6446
549 367 675 432 1287

1829 363 2113 424 MENSIS
2149 363 2512 426 OCTOBER.

3683 361 3814 429 1288

542 495 699 542 rem,
740 475 953 530 inferne
1009 484 1191 530 autem
1251 473 1493 528 lanceam
1544 488 1669 528 cum
1732 483 2032 538 enatasset,
2068 483 2120 528 et

2228 473 2469 545 Κύριον·
2512 476 2606 528 καὶ
2667 475 2830 538 αὐτὸς
2886 477 3157 546 ἐπήκουεν
3209 476 3411 543 αὐτῶν,
3469 477 3571 531 καὶ
3607 478 3809 543 εὐθέως

545 570 708 624 unius
743 567 865 638 equi
899 566 1124 621 caudam
1180 565 1669 635 apprehendisset,
1721 565 1773 619 in
1815 568 1938 634 ejus
1984 569 2128 622 latus

551 662 664 731 figit
695 661 940 714 lanceam
971 659 1125 724 adeo,
1187 669 1246 712 ut
1289 674 1413 712 mox
1461 659 1713 713 turbatus
1748 675 1920 728 equus
1973 659 2124 728 deje-

541 751 680 805 cerit
721 751 931 804 hostem
957 789 972 811 ,
1021 757 1077 802 et
1109 747 1198 801 alii
1233 747 1446 817 equites
1508 748 1702 803 timore
1749 749 1926 803 allecti
1987 750 2129 804 ceci-

541 846 721 900 derint
754 844 808 898 in
845 854 1046 898 terram

2231 567 2384 635 ιρωνή
2425 583 2504 629 τις
2562 565 2856 637 οὐρανόθεν
2913 565 3162 636 ἠκούετο,
3220 568 3482 634 λέγουσα,
3540 569 3807 639 Γαερπηλ,

2228 659 2489 726 Γαϐριὴλ,
2542 659 2805 729 Γαϐριὴλ·
2838 660 2932 711 καί
2971 677 3054 721 τις
3089 659 3148 724 ἐξ
3187 661 3433 723 ἐκείνων,
3464 662 3514 714 οἳ
3555 661 3624 713 τὰ
3661 663 3813 712 πλσῐα

2225 747 2474 812 διιὶιθουν,
2505 749 2732 817 σιδηρᾶν
2762 751 2942 818 ςέρων
2965 750 3182 820 ῥάϐδον,
3209 753 3442 820 σταυρὸν
3473 753 3579 822 μὲν
3606 754 3813 805 ἄνωθεν

2227 841 2476 910 ἔχουσαν,
2515 841 2716 911 λόγχην
2747 843 2801 894 δὲ
2838 844 3107 906 κάτωθεν,
3142 843 3566 913 διανηξάμενος,
3602 848 3697 897 καὶ
3725 847 3809 896 οὖ-

541 938 640 1006 ρᾶς
689 935 808 999 ἐνὸς
869 934 1038 987 ἵππου
1098 933 1513 1004 ἐπιλαϐόμενος,
1565 934 1710 988 κατά
1773 933 1874 1002 τῆς
1937 931 2130 986 τούτου
2196 932 2442 1003 πλευρᾶς
2497 933 2596 1002 τὴν
2649 933 2849 1002 λόγχην
2911 936 3310 1002 καταπηγνῦει,
3353 936 3427 998 ὡς
3467 939 3671 990 αὐτίκα
3707 940 3815 989 6:41-

537 1031 882 1103 ταραχθέντα
935 1029 1028 1083 τδν
1085 1029 1271 1093 ἵππον.
1325 1025 1625 1084 ἀποϐαλεῖν
1681 1031 1774 1084 τὸν
1829 1030 2107 1100 πολέμιον,
2170 1028 2424 1090 καὶτοὺς
2476 1027 2670 1092 ἄλλους
2730 1029 2917 1092 ἱππεῖς
2971 1031 3459 1094 ἀποδειλιάσαντας
3518 1031 3658 1100 πρὸς
3724 1034 3813 1099 τὴν

537 1125 638 1192 γῆν
672 1123 997 1192 τραπέσθαι.

615 1216 858 1272 XXXIII.
903 1216 1257 1274 Confidentes
1305 1217 1489 1288 itaque
1531 1216 1818 1288 Ethiopes
1865 1232 1987 1272 cum
2037 1217 2130 1273 de-

541 1309 887 1363 scendissent
917 1323 947 1362 e
979 1309 1232 1371 navibus,
1256 1318 1311 1363 et
1343 1325 1540 1363 manus
1563 1309 1976 1364 conseruissent
2005 1323 2126 1363 cum

541 1400 811 1465 hostibus,
847 1415 942 1454 eos
980 1399 1264 1466 fuderunt,
1303 1412 1356 1454 et
1385 1417 1576 1456 omnes
1609 1401 2028 1461 interfecerunt,
2073 1409 2127 1455 et

541 1490 750 1560 regium
812 1491 1038 1560 ingrcssi
1097 1491 1552 1557 tabernaculum,
1613 1493 1904 1547 inveniunt
1953 1509 2122 1548 aurea

540 1593 730 1634 catena
767 1580 1006 1635 vinctum
1043 1597 1166 1637 cum
1204 1583 1292 1645 iis,
1329 1583 1420 1652 qui
1450 1599 1650 1650 genere
1681 1585 1746 1638 ad
1780 1585 1956 1655 ipsum
1991 1585 2118 1638 atti-

539 1673 763 1738 nebant,
795 1672 1024 1727 Dunaan
1067 1689 1247 1744 regem
1290 1674 1599 1731 Hebraeum.
1643 1675 1777 1732 Cum
1807 1687 1986 1732 autem
2031 1678 2114 1731 in-

2302 1210 2422 1264 AI".
2472 1209 2982 1280 ’Λναθαρσήσαντες
3033 1209 3089 1262 δὲ
3120 1209 3169 1261 οἱ
3221 1209 3484 1272 Aio-.6125;
3537 1216 3636 1265 καὶ
3687 1217 3813 1270 ἀπο.

2230 1301 2428 1366 ϐάντες
2486 1303 2596 1355 τῶν
2650 1303 2877 1368 πλοίων,
2937 1305 3036 1356 καὶ
3085 1303 3456 1372 συμϐαλόντες
3495 1309 3614 1367 τοῖς
3648 1311 3800 1361 πολε-

2227 1393 2394 1462 μίοις,
2431 1395 2733 1463 ἐτρέψαντό
2768 1413 2824 1449 τε
2865 1397 2960 1448 καὶ
3005 1395 3407 1465 διεχειρίσαντο
3441 1400 3680 1462 πάντας,
3717 1407 3809 1454 καὶ

2228 1487 2311 1548 εἰς
2349 1485 2446 1557 τὴν
2481 1487 2756 1556 βασίλειον
2784 1487 3032 1552 ἐλθόντες
3094 1489 3323 1559 σκηνὴν,
3361 1490 3721 1559 εὑρίσκουσιν
3750 1499 3808 1547 ἐν

2233 1578 2423 1633 ἁλύσει
2461 1582 2635 1650 χρυσῇ
2677 1579 2966 1648 δεδεμένον
3016 1578 3112 1632 σὺν
3165 1585 3278 1645 τοῖς
3311 1587 3662 1654 προσήκουσι
3717 1589 3810 1641 καὶ

2229 1672 2394 1727 αὐτὸν
2431 1673 2495 1744 δὴ
2552 1673 2796 1727 Δουναάν
2822 1673 2914 1726 τὸν
2962 1673 3239 1744 Ἐϐραῖον.
3299 1677 3590 1741 Μαθόντες
3626 1680 3679 1732 δὲ
3719 1682 3810 1734 καὶ

539 1765 878 1820 tellexissent
908 1782 1067 1820 suum
1103 1782 1322 1838 quoque
1359 1786 1542 1839 regem
1576 1772 2113 1840 praestantissimum,

2228 1767 2318 1818 τὸν
2359 1765 2572 1820 ἑαυτῶν
2607 1765 2830 1835 βασιλέα
2870 1765 2963 1819 τὸν
3019 1767 3249 1834 ἄριστον
3289 1768 3470 1824 πάντα
3511 1771 3810 1828 Ἐλεσεαάν

539 1867 594 1912 et
625 1859 772 1912 omni
808 1873 874 1912 ex
908 1869 1062 1932 parte
1104 1862 1372 1930 Optimum
1413 1860 1677 1917 Elesbaan
1710 1863 1816 1916 illic
1852 1877 2117 1932 occupas-

541 1959 622 2004 set
653 1950 876 2021 regiam,
905 1967 1133 2022 propere
1163 1952 1230 2007 ad
1263 1967 1387 2006 eum
1420 1964 1793 2018 accesserunt,
1825 1966 1878 2008 et
1910 1955 2116 2020 omnia,

541 2058 660 2111 qua:
689 2050 839 2113 gesta
877 2041 1113 2106 Inerant,
1141 2053 1531 2114 exposuerunt.
1566 2044 1660 2099 Ille
1706 2055 1914 2111 autem,
1977 2062 2120 2118 pra:-

542 2133 684 2189 sidio
718 2134 908 2188 relicto
939 2133 991 2187 in
1039 2133 1282 2198 civitate,
1339 2137 1574 2190 maxima
1625 2137 1763 2191 abiit
1818 2138 2116 2194 celeritate.

540 2225 608 2281 Et
637 2241 759 2279 cum
793 2225 1092 2280 invenisset
1123 2226 1350 2280 Dunaan
1393 2242 1559 2282 aurea
1591 2227 1678 2281 illa
1721 2229 1966 2284 vinctum
2014 2246 2117 2285 ca-

540 2324 690 2377 tena,
725 2315 901 2384 ipsum
934 2314 1212 2368 interfecit
1241 2327 1295 2368 et
1331 2324 1613 2384 cognatos,
1658 2317 1826 2371 Deum
1867 2319 2116 2386 laudans,

541 2415 597 2460 et
657 2405 926 2462 insultans
977 2405 1182 2461 Christi
1243 2405 1533 2472 hostibus,
1592 2423 1810 2479 poenam
1857 2411 2119 2466 dantibus

539 2499 829 2554 audacium
874 2515 1098 2553 suorum
1141 2499 1480 2564 facinorum,
1524 2515 1644 2569 qua:
1690 2501 2024 2556 admiserant
2065 2503 2116 2554 in

539 2590 812 2644 Christum
864 2600 922 2644 et
971 2590 1179 2644 Christi
1247 2605 1486 2644 crucem.
1551 2609 1569 2642 ι
1623 2590 1920 2647 Laetabitur
1972 2593 2119 2647 enim

537 2681 720 2749 justus
759 2679 970 2749 (inquit
1021 2695 1252 2750 magnus
1309 2679 1520 2750 David)
1569 2696 1692 2736 cum
1749 2683 1945 2738 viderit
1997 2685 2118 2738 vin-

540 2772 740 2825 dictam
777 2773 820 2826 ’.
862 2790 880 2822 ι
922 2772 986 2826 Et
1024 2773 1145 2828 ideo
1172 2773 1263 2843 qui
1317 2790 1382 2827 ex
1434 2774 1514 2828 eis
1559 2773 1781 2830 fuerunt
1823 2776 2112 2840 vulnerati,

550 2881 568 2912 ι
604 2877 713 2917 non
745 2861 968 2917 fuerunt
1013 2863 1282 2918 vulnerati
1346 2865 1523 2937 gladio
1580 2873 1672 2936 (ut
1724 2868 1857 2922 dicit
1905 2867 2120 2922 divinus

542 2951 746 3022 lsaias)
808 2967 986 3021 neque
1039 2954 1237 3008 mortui
1291 2969 1522 3017 eorum,
1585 2957 1787 3009 mortui
1838 2955 1980 3010 bello
2010 2957 2050 3010 '.
2093 2977 2112 3008 ι

543 3040 640 3094 Est
673 3043 816 3095 enim
852 3057 939 3096 res
975 3040 1134 3098 fortis
1163 3050 1218 3098 et
1251 3041 1406 3108 dura,
1440 3044 1518 3098 ira
1578 3045 1671 3100 Dei
1699 3048 1845 3118 (ipse
1877 3062 1961 3103 me
2000 3065 2119 3104 rur-

541 3147 636 3186 sus
663 3132 877 3202 docet),
911 3144 970 3188 ut
1000 3133 1235 3206 grando,
1290 3151 1409 3206 quae
1442 3135 1696 3192 deorsum
1745 3141 1952 3203 fertur,
2007 3155 2115 3194 non

543 3223 750 3277 habens
798 3235 1168 3294 legumentum
1207 3238 1311 3283 :ut
1361 3243 1516 3298 aquae
1556 3244 1764 3298 magna:
1799 3222 2110 3296 multitudo,

539 3329 664 3383 qua:
699 3317 865 3370 trahit
893 3319 1171 3386 regionem
1200 3321 1243 3373 ’.

613 3405 852 3462 XXXIV.
894 3408 1169 3464 Reversus
1223 3425 1352 3482 ergo
1401 3409 1668 3468 Elesbaan
1719 3415 1786 3469 ad
1839 3415 2112 3472 civitatem

543 3495 740 3559 Phare,
777 3514 967 3554 omnes
996 3500 1289 3568 interemit,
1321 3505 1410 3573 qui
1442 3517 1598 3560 erant
1631 3507 1682 3560 in
1709 3509 1878 3576 regia,
1904 3522 1959 3562 et
1990 3526 2112 3564 cum

544 3589 704 3644 vellet
751 3592 1036 3647 ecclesiam
1090 3595 1146 3648 in
1199 3610 1261 3647 ea
1288 3597 1579 3660 aediﬁcare,
1614 3597 1718 3651 fuit
1758 3598 1873 3667 ipse
1904 3599 2116 3670 primus

542 3681 724 3750 opifex
781 3684 1017 3735 aedilicii.
1079 3681 1410 3753 Signiﬁcavit
1468 3698 1652 3743 autem
1719 3692 1936 3757 omnia,
1993 3708 2114 3763 quae

545 3780 696 3836 gesta
747 3770 962 3824 fuerant
987 3809 1002 3832 ,
1039 3773 1281 3842 pontiﬁci
1315 3776 1692 3842 Alexandriae,
1727 3789 1782 3832 et
1827 3795 1925 3849 per
1960 3783 2112 3836 illum

545 3856 764 3914 Justino
800 3861 1136 3930 imperatori.
1172 3861 1487 3919 Patriarclia
1531 3878 1714 3922 autem
1771 3870 2114 3929 Alexandriae

543 3953 854 4006 ordinatum
911 3956 1230 4024 epise0pum
1295 3957 1444 4012 misit
1497 3959 1564 4013 ad
1618 3958 1944 4018 Ilomeritas.
2011 3966 2114 4031 Qui

543 4060 669 4099 cum
703 4045 810 4098 illis
837 4056 1216 4100 consecrasset
1247 4050 1527 4118 templum,
1560 4053 1704 4121 quod
1737 4053 1914 4110 fuerat
1945 4057 2114 4110 aedili-

544 4145 746 4199 catum,
780 4134 1018 4206 baptizat
1045 4137 1268 4206 quidem
1307 4154 1517 4207 omnes,
1548 4143 1639 4213 qui
1681 4155 1839 4199 erant
1870 4146 1922 4200 in
1975 4149 2113 4204 civi-

547 4225 748 4278 tatibus
779 4235 833 4279 et
879 4228 1030 4296 pagis
1070 4227 1510 4297 Homeritarum,
1546 4232 1602 4286 in
1646 4237 1868 4291 nomine
1911 4248 2113 4294 sanctae

546 4315 852 4370 Trinitatis.
882 4316 957 4370 Ex
997 4319 1077 4370 eis
1114 4328 1294 4373 autem
1325 4321 1544 4376 ordinat
1583 4325 1840 4381 diaconos
1889 4338 1946 4381 et
1987 4345 2111 4398 pre-

545 4407 826 4476 sbyteros;
869 4417 922 4462 et
955 4409 1218 4476 ccclesiis,
1253 4428 1371 4481 qua:
1402 4424 1556 4469 erant
1582 4414 1633 4469 in
1669 4417 1906 4488 regione,
1941 4421 2114 4477 reddit
2145 4445 2190 4502 ο

545 4507 745 4552 statum
777 4513 936 4553 suum
967 4499 1203 4555 solitum.

617 4677 834 4732 XXXV.
896 4679 1288 4736 DiviniSsimus
1333 4694 1512 4738 autem
1558 4702 1650 4739 rex
1698 4688 1814 4757 ipse
1858 4689 2118 4750 Eiesbaan

551 4767 712 4823 simul
741 4785 864 4823 cum
895 4785 960 4824 eo
998 4771 1145 4825 venit
1175 4771 1405 4844 Nagram
1453 4785 1750 4848 martyrum
1800 4781 2117 4851 civitatem;

547 4873 602 4914 et
659 4877 781 4915 cum
832 4863 942 4916 illic
1001 4863 1356 4919 cxstruxissct
1405 4869 1713 4936 ecclesiam,
1777 4883 1831 4926 et
1883 4876 2122 4946 quinque

548 4954 923 5021 possessiones
989 4955 1166 5025 regias
1239 4958 1288 5010 ei
1361 4960 1730 5028 attribuisset,
1798 4973 1855 5018 et
1923 4968 2122 5023 deinde

547 5047 710 5098 etiam
746 5062 807 5100 ex
842 5048 1096 5118 martyris
1122 5050 1342 5104 Aretlite
1373 5054 1813 5121 possessionibus
1864 5067 1974 5114 tres
2024 5062 2123 5116 ad-

548 5133 790 5197 didisset,
846 5145 905 5188 ut
945 5135 1035 5189 ille
1074 5139 1431 5196 mandaverat
1483 5143 1538 5196 in
1587 5144 1695 5199 [ine
1747 5149 2012 5218 martyrii,
2068 5160 2123 5205 et

549 5226 855 5294 collegisset
905 5243 1116 5295 omnes,
1147 5232 1242 5300 qui
1285 5232 1502 5288 fuerant
1537 5236 1740 5292 redacti
1791 5239 1844 5292 in
1895 5244 2123 5297 servitu-

555 5325 686 5371 tem.
729 5327 781 5372 et
816 5319 951 5373 alias
980 5321 1210 5390 diSpCl‘Sl
1237 5323 1291 5377 in
1320 5333 1561 5394 tempore
1599 5332 2004 5398 persecutionis
2026 5377 2040 5400 ,
2069 5344 2125 5389 et

552 5405 769 5461 Arethae
797 5412 1046 5481 martyris
1080 5413 1247 5467 lilium
1281 5417 1474 5470 ducem
1510 5421 1686 5488 gentis
1724 5427 2123 5493 constituisset,

551 5507 606 5550 et
633 5515 815 5554 curam
846 5505 1104 5571 gessisset
1158 5508 1284 5573 loci,
1323 5509 1377 5562 in
1421 5526 1529 5577 quo
1583 5513 1837 5580 jacebant
1886 5517 1958 5570 ibi
1992 5534 2124 5572 con—

551 5604 832 5646 summata:
883 5607 1176 5667 martyrum
1234 5603 1514 5670 reliquiae,
1580 5614 1632 5656 et
1691 5608 1779 5674 jus
1831 5610 1963 5677 asyli
2014 5611 2125 5665 illic

629 5779 647 5809 ν
673 5779 814 5836 Psal.
848 5797 878 5836 ι.
920 5798 976 5847 ιι,
1008 5785 1090 5837 11.

1180 5785 1198 5815 ⁸
1228 5785 1328 5843 lsa.
1368 5804 1498 5851 xxii,
1527 5788 1577 5842 2.
1675 5792 1690 5820 ⁵
1719 5789 1817 5843 lsa.
1857 5809 2048 5855 xxvut,
2083 5796 2136 5852 2.

2226 1858 2326 1926 τὴν
2361 1857 2640 1925 βασίλειον
2677 1859 3029 1926 κατασχόντα
3058 1858 3215 1912 πόλιν
3264 1859 3449 1914 ἐκεῖσε
3485 1866 3804 1934 τυγχάνειν,

2223 1949 2424 2018 σπουδῇ
2443 1965 2500 2001 τε
2523 1949 2598 2011 ὡς
2624 1949 2786 2001 αὑτὸν
2809 1948 3088 2017 ἀφίκοντο,
3121 1951 3215 2002 καὶ
3240 1949 3419 2004 πάντα
3441 1955 3509 2004 τὰ
3542 1956 3810 2023 γενόμενα

2221 2039 2536 2108 διεσάφουν.
2576 2041 2636 2095 Ὀ
2667 2041 2751 2106 δὲ,
2791 2041 3040 2110 φρουρὰν
3071 2042 3129 2092 ἐν
3176 2043 3244 2111 τῇ
3279 2043 3429 2094 πόλει
3465 2046 3806 2115 καταλιπὼν,

2219 2133 2386 2204 ἀπῄει
2425 2133 2522 2185 σὺν
2557 2133 2733 2202 τάχει,
2768 2131 2864 2183 καὶ
2905 2132 2996 2183 τὸν
3027 2133 3270 2184 Δουναὰν
3305 2133 3507 2203 εὑρὼν,
3541 2138 3646 2205 τὴν
3675 2156 3810 2208 χρυ-

2222 2225 2321 2296 σῆν
2379 2225 2600 2294 ἐκείνην
2659 2222 3053 2292 περικείμενον
3120 2222 3334 2289 ἅλυσιν,
3374 2225 3538 2279 αὐτόν
3599 2245 3659 2280 τε
3715 2233 3807 2285 καὶ

2220 2318 2346 2378 τοὺς
2373 2317 2663 2381 συγγενεῖς
2694 2313 2929 2376 ἀνεῖλεν,
2960 2313 3291 2376 ἐπιθειάζων
3319 2316 3513 2381 πολλά⁹
3552 2321 3649 2372 καὶ
3677 2324 3809 2390 ἔφη,

2223 2406 2447 2474 δόμενος
2477 2404 2572 2456 ἐπὶ
2600 2405 2710 2465 τοῖς
2745 2403 2962 2472 ἐχθροῖς
2994 2404 3087 2457 τοῦ
3118 2405 3385 2476 Χριστοῦ,
3409 2407 3568 2478 δίκην
3603 2411 3805 2464 διδοῦσι

2226 2496 2337 2549 τῶν
2369 2494 2773 2566 τολμηθέντων,
2829 2489 2904 2547 ὧν
2956 2511 3015 2547 τε
3070 2497 3150 2559 εἰς
3202 2497 3568 2567 Χριστιανοὺς
3611 2503 3805 2566 αὐτοὺς

2221 2589 2313 2640 καὶ
2347 2588 2438 2641 τὸν
2462 2586 2554 2641 τοῦ
2582 2586 2820 2657 Χριστοῦ
2870 2589 3105 2656 σταυρὸν
3153 2589 3608 2660 ἐπλημμέλησαν.
3651 2612 3668 2643 ι
3700 2594 3803 2644 Εὑ-

2220 2680 2596 2750 φρανθήσεται
2631 2681 2741 2745 γὰρ
2770 2677 2978 2739 δίκαιος
2999 2680 3047 2745 (ὁ
3079 2678 3252 2746 μέγας
3281 2680 3384 2748 ἔφη
3415 2683 3626 2748 Anici),
3663 2687 3793 2738 ὅταν

2221 2767 2305 2836 ἴδῃ
2341 2769 2641 2836 ἐκδίκησιν.
2687 2785 2704 2817 ι
2736 2769 2834 2821 Διὰ
2862 2767 3018 2819 τοῦτο
3074 2771 3166 2822 καὶ
3220 2773 3509 2838 γεγόνασιν
3555 2779 3606 2828 οἱ
3642 2794 3805 2845 τραυ-

2223 2857 2410 2921 ματίαι
2445 2857 2640 2928 αὐτῶν,
2679 2877 2696 2908 ι
2738 2859 2798 2909 οὐ
2828 2861 3166 2928 τραυματίαι
3221 2865 3518 2933 μαχαίρας,
3557 2885 3573 2916 ι
3611 2868 3673 2919 τὸ
3708 2868 3802 2920 τοῦ

2222 2945 2365 2998 θείου
2422 2948 2586 3014 φάναι
2620 2949 2868 3015 Ἰἰσαΐου,
2907 2969 2924 3002 ι
2962 2951 3073 3003 οὔθ’
3102 2954 3150 3004 οἱ
3183 2956 3369 3023 νεκροὶ
3401 2957 3588 3008 αὑ.ῶν
3620 2961 3805 3028 νεκροὶ

2221 3040 2483 3110 πολέμου.
2524 3060 2540 3092 ι
2582 3043 2824 3114 ’ἰσχυρὸν
2875 3047 2984 3114 γὰρ
3015 3046 3108 3097 καὶ
3151 3047 3386 3115 σκληρὸν
3415 3051 3442 3099 ὁ
3479 3048 3654 3116 θυμὸς
3689 3053 3801 3104 Κυ-

2226 3131 2367 3197 ρίου,
2409 3133 2572 3194 αὑτός
2633 3150 2699 3201 με
2735 3134 2976 3186 διδάσκει
3027 3135 3216 3200 πάλιν,
3254 3135 3327 3198 ὠς
3373 3137 3588 3207 χάλαζα
3635 3150 3805 3194 κάτα-

2226 3222 2526 3290 ιρερομένη,
2561 3223 2660 3275 οὐκ
2690 3224 2890 3293 ἔχουσα
2926 3228 3155 3296 σκέπην,
3179 3227 3254 3292 ὡς
3283 3227 3472 3294 ὕδατος
3508 3231 3644 3285 πολὺ
3674 3232 3808 3304 πλῆ-

2226 3311 2314 3375 θος
2348 3311 2410 3364 σύ
2419 3329 2510 3382 ρον
2543 3314 2749 3386 χώραν.

2292 3403 2413 3460 ΛΔ’.
2468 3407 2635 3472 Αὖθις
2689 3409 2781 3463 οὖν
2818 3411 3173 3483 ὑποστρέψας
3219 3414 3518 3470 Ἐλεσὸαάν
3567 3419 3703 3486 πρὸς
3737 3420 3806 3473 τὰ

2223 3494 2375 3562 Φαρὴ
2407 3497 2505 3564 τὴν
2545 3499 2636 3548 πὸ)
2651 3515 2720 3563 ιν,
2759 3501 2962 3561 πάντας
3015 3505 3196 3554 ἀνεῖλε
3221 3509 3368 3567 ,τοὺς
3417 3509 3474 3558 ἐν
3502 3512 3619 3571 τοῖς
3653 3515 3805 3577 βασι-

2222 3585 2406 3651 λείοις,
2438 3589 2734 3659 ἐκκλησίαν
2756 3607 2816 3643 τε
2842 3593 2900 3644 ἐν
2925 3593 3062 3663 αὐτῇ
3088 3586 3614 3667 οἰκοδομησάμενος,
3644 3602 3804 3664 αὺτὲς

2220 3679 2432 3746 πρῶτος
2463 3682 2762 3754 αὐτουργὸς
2821 3685 2920 3757 τῆς
2969 3687 3261 3758 οἰκοδομῆς
3311 3691 3544 3758 γίνεται.
3580 3695 3802 3766 Ἐόηλου

2220 3787 2280 3822 τε
2308 3771 2375 3823 τά
2407 3771 2870 3843 διαπεπραγμένα
2906 3779 3085 3831 πάντα
3144 3781 3223 3848 τῷ
3263 3782 3674 3855 ’Λλεξανδρείας
3707 3789 3804 3856 ἁρ-

2220 3865 2396 3932 χιερετ
2434 3867 2528 3918 καί
2577 3866 2646 3918 δι’
2724 3869 2935 3922 ἐκείνου
2997 3871 3268 3943 Ίουστίνῳ
3323 3876 3400 3944 τῷ
3453 3876 3690 3946 βασιλεῖ.
3737 3879 3800 3932 Ὀ

2223 3959 2407 4024 μέντοι
2483 3962 2832 4034 πατριάρχης
2902 3965 3317 4035 ’Λλεξανδρείας
3380 3981 3796 4041 χειροτονήσας,

2220 4048 2520 4102 ἐπίσκοπον
2554 4056 2663 4114 τοῖς
2707 4055 3030 4124 Ὀμηριταῖς
3079 4058 3395 4126 ἐξέπεμπεν
3418 4077 3431 4090 ·
3496 4063 3554 4124 ὃς
3587 4070 3680 4115 καὶ
3709 4067 3801 4115 τὸν

2219 4140 2645 4212 οἰκοδομηθέντα
2698 4145 3048 4214 καθαγιάσας
3087 4148 3213 4202 ναὸν
3245 4149 3505 4220 βαπτίζει
3544 4158 3644 4224 μὲν
3675 4161 3801 4221 τοὺς

2219 4234 2276 4285 ἐν
2319 4236 2438 4298 ταῖς
2469 4235 2662 4290 πόλεσι
2716 4238 2812 4292 καὶ
2847 4238 3053 4310 χώραις
3113 4242 3223 4295 τῶν
3269 4244 3583 4316 Ὀμηριτών
3623 4250 3799 4303 ᾶπαν-

2219 4339 2338 4387 τας,
2390 4327 2448 4376 ἐν
2493 4325 2572 4395 τῷ
2609 4329 2707 4397 τῆς
2743 4330 2906 4399 ἁγίας
2961 4333 3190 4403 Τριάδος
3222 4336 3480 4406 ὀνόματι⁶
3516 4340 3795 4403 διακόνους

2221 4415 2278 4468 δὲ
2312 4414 2372 4478 ἐξ
2401 4416 2583 4468 αὐτῶν
2619 4421 2715 4470 καὶ
2741 4421 3152 4491 πρεσϐυτέρους
3197 4434 3523 4496 χειροτονεῖ,
3582 4436 3677 4484 καὶ
3705 4439 3800 4502 τὴν

2218 4507 2387 4578 ἀλλην
2417 4510 2818 4582 νενομισμένην
2843 4515 2963 4578 ταῖς
2991 4518 3134 4568 κατά
3158 4518 3321 4569 τόπον
3353 4521 3682 4593 ἐκκλησίαις
3709 4545 3802 4579 κα-

2219 4599 2483 4653 τάστασιν
2518 4601 2870 4659 ἀποδίδωσιν.

2291 4690 2413 4746 ΛΕ’.
2475 4694 2648 4758 Αὐτὸς
2692 4695 2748 4747 δὲ
2788 4699 2817 4749 ὁ
2860 4697 3136 4763 θειότατος
3183 4701 3440 4772 βασιλεὺς
3478 4706 3794 4774 Ἐλεσὸαὰν,

2220 4781 2336 4850 ἅμα
2367 4784 2515 4853 αὑτῴ
2541 4787 2617 4847 εἰς
2647 4784 2868 4857 Νεγρὰν
2895 4789 2994 4860 τὴν
3029 4791 3136 4844 τῶν
3165 4797 3462 4866 μαρτύρων
3487 4803 3797 4870 ἀφικνεῖται

2221 4875 2376 4926 πόλιν
2400 4890 2416 4907 ο
2459 4878 2683 4929 κάκεῖσε
2735 4879 3116 4951 δομησάμενος
3153 4886 3472 4958 ἐκκλησίαν,
3522 4898 3618 4947 καὶ
3647 4900 3799 4949 πέντε

2221 4965 2332 5017 τῶν
2363 4965 2660 5035 βασιλικῶν
2691 4974 2986 5043 κτημάτων
3037 4976 3096 5030 ὲν
3148 4979 3286 5048 αὐτῇ
3330 4984 3637 5051 ἀποτάξας,
3689 4987 3799 5041 εἶτα

2222 5059 2314 5110 καὶ
2342 5059 2406 5110 ἐκ
2442 5058 2553 5114 τῶν
2598 5056 2695 5114 τοῦ
2749 5064 3028 5136 μάρτυρος
3079 5069 3278 5140 Ἀρὲθα
3321 5074 3451 5143 τρία
3508 5081 3795 5149 προσθεὶς,

2221 5149 2296 5212 ὡς
2330 5151 2540 5216 ἐκεῖνος
2571 5156 2701 5226 περὶ
2732 5158 2804 5210 τὰ
2843 5159 2945 5229 τῆς
2962 5165 3285 5246 ⁸μαρτυρίας
3310 5168 3439 5238 τέλη
3495 5173 3798 5244 ἐπέσκηψε,

2227 5242 2436 5305 πάντας
2467 5263 2526 5298 τε
2557 5263 2687 5310 τους
2731 5242 3296 5323 ἠνδραποδισμένους,
3343 5262 3437 5312 καὶ
3469 5264 3601 5327 τοὺς
3631 5242 3802 5331 ἄλλως

2233 5331 2758 5409 διεσκορπισμένους
2793 5343 2851 5395 ἐν
2895 5344 2973 5414 τῷ
3003 5347 3098 5399 τοῦ
3125 5349 3371 5418 διωγμοῦ
3439 5359 3620 5426 καιρῷ
3668 5375 3793 5410 συν-

2224 5423 2469 5494 θροίσας,
2522 5434 2616 5482 καὶ
2646 5432 2738 5484 τὸν
2768 5432 2861 5486 τοῦ
2897 5435 3043 5488 θείου
3070 5441 3378 5511 ¹μάρτυρος
3418 5423 3620 5514 ’Λρὲθα
3664 5450 3798 5515 υἱὸν,

2226 5519 2322 5572 τοῦ
2375 5521 2563 5585 ἔθνους
2613 5525 2856 5596 ἀρχηγὸν
2885 5533 3263 5602 καταστήσας,
3317 5538 3801 5610 ἐπιμελησαμενός

2223 5628 2282 5664 τι
2350 5615 2508 5669 τοῦτὸ
2566 5634 2670 5670 που
2703 5621 2758 5672 ἐν
2785 5613 2830 5689 ᾧ
2871 5623 2940 5676 τὰ
2969 5624 3076 5678 τῶν
3111 5629 3411 5703 μαρτύρων
3448 5634 3799 5690 τελειωθέγτα
