3990 6450
207 391 339 455 1297

1252 403 1427 462 ViTA
1473 403 1532 462 S.
1571 400 2009 462 ANASTASIE
2053 404 2401 464 ΗΟΜΑΝἉΕ.

3319 393 3446 458 i298

277 503 353 561 1".
405 508 467 561 'H
499 508 629 576 γοῦν
664 512 988 578 διδάσκαλος
1027 515 1196 583 αὐτῆς
1235 515 1426 582 Σοφία,
1450 515 1545 586 τὴν
1579 513 1775 584 ἀθρόαν

1885 519 2080 586 ianuis.
2110 517 2345 572 maximo
2385 519 2584 588 impetu
2621 515 2871 587 ingrcssi,
2905 512 3222 569 nominatim
3249 524 3457 578 quare.

203 597 393 665 ἔφοδον
433 600 648 668 ἐκείνην
677 602 1008 675 θεασαμένη,
1063 608 1156 658 καὶ
1186 607 1285 678 τὴν
1331 610 1512 661 αἰτίαν
1544 609 1644 660 οὐκ
1707 608 1768 659 ἀ⁶

205 691 517 756 γνοῆσασα,
589 692 704 745 ἀλλ’
771 696 976 758 εὐθέως
1008 698 1366 768 συμὸαλοῦσα
1417 701 1478 753 τὸ
1511 704 1765 770 πρᾶγμα,

204 781 368 849 χάριν
403 783 572 853 ᾔτησε
609 787 734 847 τοὺς
765 789 1128 855 στρατιώτας.
1149 791 1289 845 ῶστε
1327 795 1522 862 μικρὸν
1555 796 1776 863 ἀναμεῖ-

205 891 295 924 ναι
328 877 540 942 χρόνον.
599 880 707 930 Καὶ
752 880 1026 953 λαϐομένη
1082 888 1182 954 τῆς
1233 886 1592 948 Ἀναστασίας
1637 889 1774 952 μετὰ

203 964 484 1033 δακρύων,
523 971 698 1022 στᾶσα
742 989 800 1023 τε
831 976 1122 1028 κατέναντι
1162 976 1255 1028 τοῦ
1303 977 1692 1046 θυσιαστηρίου
1721 982 1776 1030 ἐν

205 1058 534 1128 ἀποκρύφῳ,
574 1064 666 1114 καὶ
700 1063 819 1115 θεὸν
857 1067 1115 1135 μάρτυρα
1155 1069 1263 1120 τῶν
1311 1070 1446 1136 προς
1492 1071 1660 1139 αὐτὴν
1691 1072 1774 1123 λό-

207 1165 320 1212 γων
354 1154 720 1224 ποιησαμένη,
806 1157 946 1222 Ἐγὼ
991 1161 1090 1228 μέν
1148 1178 1230 1221 σε,
1269 1162 1628 1230 ποθεινοτὰτη
1685 1180 1777 1231 μοι

207 1239 472 1311 Θὺγατερ.
515 1244 646 1313 ἔφη,
683 1247 847 1300 παῖδα
879 1251 1304 1318 παραλαϐοῦσα,
1337 1255 1491 1306 οὐδὲν
1526 1256 1636 1305 τῶν
1700 1257 1782 1316 εἰς

209 1334 353 1401 ἐμὴν
376 1334 608 1404 δύναμιν
649 1341 742 1392 ἐπί
807 1359 888 1394 σοι
933 1343 1029 1411 τῆς
1067 1344 1204 1395 κατὰ
1253 1345 1384 1396 Θεὸν
1433 1347 1682 1398 παιδείας
1717 1350 1778 1400 ἐκ

211 1424 440 1494 πρώτης
492 1429 706 1498 ἡμέρας
739 1435 832 1485 καὶ
865 1436 944 1494 εἱς
969 1435 1029 1487 τὸ
1057 1435 1231 1504 παρὸν
1285 1437 1534 1490 ἐνέλιπον
1562 1455 1574 1468 ο
1605 1441 1669 1492 σὺ
1702 1441 1778 1504 δὲ,

206 1531 288 1575 εις
323 1516 541 1582 ἠλικίαν
569 1521 666 1590 ἤδη
724 1526 816 1575 τοῦ
849 1524 1216 1592 πληρώματος
1275 1530 1660 1598 καταντήσασα
1690 1531 1780 1583 τοῦ

214 1606 473 1672 Χριστοῦ.
502 1610 657 1663 ἄπιθι
688 1612 825 1682 πρὸς
867 1615 1024 1667 αὐτὸν
1049 1617 1457 1688 ἀγαλλιωμὲνη.
1496 1623 1651 1690 Λύτῴ
1675 1624 1782 1694 γάρ

209 1713 270 1747 σε
313 1699 669 1767 νυμφεύομαι
704 1706 968 1772 σήμερον,
1022 1708 1118 1760 καὶ
1170 1710 1323 1779 αὐτῷ
1359 1715 1645 1780 προσάγω,
1690 1713 1782 1767 καὶ

206 1793 359 1861 αύτῷ
394 1798 764 1865 παρατίθημι.
815 1799 942 1853 Ἰδοὺ
967 1804 1061 1854 καὶ
1086 1806 1110 1856 ὸ
1139 1805 1367 1872 νυμφὼν
1388 1807 1657 1876 εὐτρεπὴς
1687 1810 1776 1861 καὶ

206 1885 234 1934 ὁ
275 1886 457 1936 καλῶν
484 1887 743 1954 ἀψευδής*
779 1894 874 1943 καὶ
907 1895 956 1946 οἱ
995 1895 1092 1962 τῆς
1120 1898 1296 1966 χαρᾶς
1321 1898 1542 1965 ἄγγελοι
1583 1901 1777 1968 πάρειο

215 1995 326 2039 σιν,
379 1976 454 2039 ὡς
488 1978 729 2046 Χριστοῦ
766 2000 822 2035 σε
853 1985 1215 2049 δεξιώσασθαι
1248 1989 1485 2059 νύμφην,
1517 1993 1611 2044 καὶ
1644 1994 1779 2061 πρὸς

205 2068 333 2126 τοῦς
368 2066 644 2133 θαλάμους
714 2073 792 2142 τῷ
851 2076 1064 2144 βασιλεῖ
1107 2086 1540 2149 συνεισαγαγεῖν,
1589 2084 1778 2147 mags

204 2157 388 2256 τοίνυν
411 2159 509 2225 τὴν
537 2164 729 2233 στενὴν
765 2166 974 2236 ταύτην
1003 2169 1096 2221 καὶ
1128 2169 1519 2242 τεθλιμμένην.
1555 2176 1659 2238 ἕως
1692 2177 1780 2230 διὰ

202 2263 304 2312 της
344 2247 486 2318 ὑπὲρ
518 2253 687 2305 αὐτοῦ
717 2259 1024 2325 μαρτυρίας
1045 2260 1101 2312 ἐν
1131 2261 1428 2331 εὐρυχώρῳ
1461 2265 1635 2336 στήσῃ
1654 2267 1780 2328 τοὺς

205 2337 376 2400 πέδας
411 2357 528 2395 σου.
567 2342 723 2396 Ἐπεὶ
766 2348 858 2399 καὶ
902 2346 1113 2402 δίκαιον
1138 2344 1182 2403 ὦ
1219 2357 1433 2416 τέκνον,
1477 2356 1537 2407 ού
1584 2359 1778 2412 παθεῖν

205 2425 349 2496 ὑπὲρ
380 2430 620 2499 Χριστοῦ
651 2437 834 2502 μόνον,
866 2439 1001 2490 ἀλλὰ
1038 2442 1130 2491 καὶ
1152 2443 1435 2509 πολλάκις,
1465 2445 1628 2516 εἴπερ
1665 2443 1776 2502 οἷον

202 2533 263 2570 τε
301 2522 600 2590 καὶτοῦτο,
631 2525 698 2577 δι’
735 2530 943 2580 ἐκεῖνον
977 2531 1290 2589 ἀποθανεῖν.
1327 2540 1386 2588 El
1424 2540 1531 2607 γὰρ
1577 2544 1778 2594 Asand-

203 2627 304 2676 της
327 2611 403 2664 ῶν
430 2618 636 2680 ἐκεῖνος
659 2619 898 2673 ἀπέθανε
936 2622 1006 2674 δι’
1039 2626 1210 2693 ἡμᾶς,
1247 2627 1366 2689 πῶς
1393 2629 1453 2681 οὐ
1501 2632 1606 2703 χρὴ
1655 2635 1777 2686 δούο

201 2703 330 2765 λους
358 2705 518 2770 ὄντας
549 2709 698 2778 ἡμᾶς
756 2713 844 2765 τὸν
880 2714 1090 2766 ἐκείνου
1157 2719 1456 2786 προθύμως
1523 2727 1769 2793 μιμήσα-

203 2795 332 2844 σθαι
365 2794 630 2863 θάνατονς
677 2802 884 2866 Ἀλλως
916 2822 975 2858 τε
1008 2807 1065 2858 δὲ
1098 2808 1217 2862 οὐδὲ
1252 2809 1506 2885 θάνατος,
1530 2808 1575 2868 ὧ
1614 2818 1775 2885 μέλος

205 2886 365 2954 ἐμὸν,
410 2889 442 2957 ἡ
487 2890 574 2944 διὰ
635 2892 872 2961 Χριστὸν
933 2899 1184 2967 τελευτὴ,
1249 2904 1366 2957 ἀλλ’
1435 2866 1774 2979 εςφροσύνηῖ

202 2979 373 3049 χαρὰ.
403 2981 592 3051 ἡδονὴ,
623 2984 970 3058 λαμπρότης.
1001 2961 1294 3063 ὡραιδῑτης,
1334 2998 1471 3063 φῶς,

205 3073 386 3138 φωτὸς
407 3074 602 3129 τούτου
633 3078 973 3151 γλυκύτερον
1003 3101 1062 3136 τε
1083 3086 1178 3138 καὶ
1209 3087 1563 3159 ὠραιότερον.
1591 3093 1776 3148 Πάντα

1875 614 1998 668 baut
2035 613 2392 666 Anastasiam.

1947 705 2035 757 Ill.
2072 704 2205 772 Eius
2240 713 2419 758 autem
2448 704 2698 770 magistra
2727 699 2929 767 Sophia
2960 714 3082 754 cum
3111 700 3452 764 repentinam

1877 801 2020 854 illam
2055 797 2356 866 aspexisset
2402 795 2782 863 irruptionem.
2812 801 2866 845 et
2907 805 3124 847 causam
3159 803 3267 841 non
3299 787 3453 852 igno-

1879 902 2072 950 rasset.
2107 893 2202 945 sed
2233 907 2344 944 rem
2400 889 2602 951 statim,
2630 897 2689 940 ut
2727 897 2862 944 erat.
2911 883 3260 946 coniecisset.
3295 897 3320 932 ιι
3354 882 3456 933 ιιιῑ-

1880 985 2063 1038 litibus
2097 983 2390 1053 postulavit
2425 983 2561 1034 hanc
2591 979 2839 1048 gratiam.
2872 985 2925 1027 ttt
2953 991 3142 1039 parum
3173 981 3456 1040 exspecta-

1882 1087 2022 1132 rent.
2061 1075 2189 1142 Quae
2219 1091 2339 1128 cum
2391 1075 2696 1143 lacrymans
2743 1069 3043 1136 accepisset
3086 1063 3450 1128 Anastasiam,

1881 1181 1934 1226 et
1962 1187 2079 1224 eam
2113 1169 2392 1224 statuisset
2421 1183 2487 1220 ex
2512 1165 2740 1218 adverso
2770 1177 2896 1224 arte,
2933 1169 3163 1219 secreto,
3196 1165 3250 1210 et
3284 1157 3451 1209 Deum

1885 1273 2074 1317 testem
2113 1262 2377 1317 adhibens
2404 1274 2613 1317 eorum,
2637 1272 2756 1324 qua:
2787 1253 3001 1307 dicebat
3026 1269 3038 1304 :
3074 1251 3182 1319 Ego
3209 1251 3449 1319 quidem,

1885 1356 2080 1424 inquit,
2118 1370 2148 1407 ο
2177 1352 2570 1420 jucundissima
2605 1349 2731 1407 ﬁlia.
2770 1345 2892 1403 cuin
2929 1356 2980 1399 tc
3020 1345 3252 1412 puellam
3295 1358 3452 1397 acce-

1884 1449 2104 1516 pissem,
2151 1446 2288 1498 nihil
2333 1461 2362 1498 a
2405 1445 2582 1514 primo
2627 1442 2712 1495 die
2763 1440 2829 1503 ad
2886 1439 2990 1492 hoc
3025 1452 3194 1504 usque
3238 1446 3455 1503 tempus

1883 1537 2202 1606 praetermisi
2259 1551 2358 1605 pro
2422 1535 2650 1597 viribus,
2705 1532 2850 1601 quod
2910 1530 3210 1599 pertineret
3265 1527 3331 1580 ad
3399 1537 3452 1579 to

1886 1628 2272 1683 instituendam
2307 1628 2361 1680 in
2415 1627 2500 1689 iis,
2535 1640 2654 1694 quas
2707 1625 2771 1677 ad
2824 1623 2992 1676 Deum
3045 1621 3338 1690 pertinent.
3370 1618 3451 1671 Tu

1884 1733 2064 1777 autem
2096 1735 2217 1772 cum
2242 1719 2351 1788 jam
2389 1717 2704 1786 perveneris
2738 1715 2800 1769 ad
2839 1723 3050 1769 atatem
3101 1711 3456 1783 plenitudinis

1885 1812 2108 1875 Christi,
2140 1810 2275 1864 vade
2321 1810 2385 1864 ad
2423 1809 2603 1877 ipsum
2651 1808 2951 1872 exsultans,
2997 1803 3072 1856 Te
3119 1806 3262 1860 enim
3299 1803 3460 1856 hodie

1883 1902 2217 1969 despondeo,
2247 1909 2300 1954 et
2328 1899 2516 1962 offero,
2540 1907 2595 1951 et
2625 1899 2797 1952 trado.
2823 1896 2960 1951 Ecce
2986 1894 3093 1962 jam
3126 1901 3207 1946 cst
3238 1902 3460 1960 paratus

1884 1995 2179 2054 thalamus.
2232 2002 2286 2046 et
2331 1992 2420 2060 qui
2473 2002 2524 2044 te
2557 1999 2736 2050 vocat,
2771 1999 2855 2041 est
2905 2002 3066 2040 verax
3104 2002 3117 2036 ε
3156 1994 3207 2038 et
3259 1983 3460 2036 adsunt

1884 2093 2064 2149 nuntii
2099 2091 2304 2159 gaudii,
2349 2099 2409 2142 ιιι
2454 2099 2506 2143 te
2540 2087 2814 2155 accipiant
2859 2083 3061 2136 Christi
3094 2094 3372 2150 sponsam.
3405 2089 3456 2129 et

1884 2185 2151 2240 deducant
2185 2183 2252 2236 ad
2292 2180 2493 2252 Regem
2528 2180 2584 2234 in
2630 2191 2865 2247 superna
2900 2172 3274 2230 tabernacula.
3312 2168 3461 2222 Vade

1881 2293 2008 2343 ergo
2052 2292 2150 2345 per
2197 2275 2334 2329 hanc
2377 2282 2587 2327 arctam
2640 2281 2695 2324 et
2741 2275 3021 2338 angustam
3076 2265 3241 2326 viam,
3281 2253 3459 2316 donec

1882 2385 1980 2439 per
2021 2369 2338 2440 martyrium
2374 2381 2472 2435 pro
2523 2364 2642 2432 ipso
2689 2369 3027 2428 susceptum,
3078 2356 3133 2409 in
3169 2352 3460 2408 latitudine

1881 2467 2084 2514 statuat
2125 2460 2292 2528 pedes
2339 2469 2481 2512 tuos.
2539 2455 2671 2509 Nam
2715 2454 2920 2521 justum
2973 2459 3075 2511 est,
3107 2462 3140 2501 o
3179 2446 3308 2505 ﬁlia,
3346 2459 3456 2497 non

1881 2555 2054 2610 solum
2089 2569 2187 2623 pro
2218 2550 2436 2606 Christo
2464 2549 2594 2616 pati,
2626 2547 2718 2600 sed
2751 2545 2912 2598 etiam
2939 2556 3102 2610 saepe,
3136 2541 3178 2592 si
3207 2539 3311 2592 hoc
3343 2536 3455 2590 ﬁeri

1881 2654 2086 2715 poSset,
2128 2642 2264 2697 mori
2313 2650 2539 2711 propter
2584 2637 2758 2691 illum.
2807 2633 2862 2686 Si
2912 2633 3080 2694 enim,
3139 2643 3262 2682 cum
3311 2635 3460 2680 esset

1881 2736 2167 2793 Dominus,
2212 2742 2466 2786 mortuus
2497 2738 2579 2783 est
2633 2736 2855 2794 propter
2892 2738 3016 2785 nos,
3049 2717 3321 2788 quomodo
3348 2731 3456 2770 non

1881 2835 2100 2894 oportet
2131 2838 2256 2883 nos,
2305 2838 2428 2875 cum
2470 2820 2641 2874 simus
2677 2817 2844 2877 servi,
2887 2821 3141 2882 prompto
3182 2819 3235 2862 et
3289 2806 3456 2861 alacri

1882 2918 2066 2972 animo
2124 2915 2322 2968 imitari
2391 2913 2534 2966 illius
2587 2907 2861 2964 mortem?
2911 2905 3112 2959 \‘erum
3156 2916 3259 2955 nec
3311 2913 3462 2953 mors

1882 3009 2100 3079 quidem
2125 3016 2226 3070 est,
2257 3021 2291 3060 ο
2321 3005 2448 3067 ﬁlia,
2484 3011 2707 3072 propter
2732 2999 3014 3055 Christum
3051 2997 3330 3056 decessus,
3362 2993 3458 3045 sed

1883 3099 2091 3161 laetitia,
2133 3098 2411 3167 gaudium,
2448 3095 2718 3161 voluptas.
2758 3089 3034 3158 splendor,
3081 3082 3456 3156 pulchritudo,

203 3165 485 3234 ἄφθαρτα,
534 3171 716 3256 πάντα
778 3173 995 3242 βέϐαια,
1031 3179 1210 3230 πάντα
1266 3180 1488 3249 μόνιμα,
1552 3183 1774 3255 διηνεκῆ

1885 3190 1976 3243 lux
2006 3189 2161 3256 longe
2193 3189 2291 3240 hac
2317 3189 2435 3240 luce
2465 3185 2676 3239 dulcior
2705 3193 2760 3236 et
2793 3180 3093 3252 pulchrior.
3130 3176 3324 3232 Omnia
3354 3175 3460 3227 illic

205 3259 410 3318 πάντα,
452 3255 546 3310 καῖ
578 3261 833 3315 οὐδέποτε
863 3265 1118 3333 λήγοντα.
1152 3271 1241 3338 Μὴ
1283 3271 1368 3344 δὴ,
1396 3267 1439 3326 ὧ
1469 3273 1776 3344 σπλάγχνον

203 3347 340 3414 ἐμὸν
371 3349 510 3416 πρὸς
541 3351 601 3400 τὸ
652 3353 927 3420 αύστηρδν
957 3355 1275 3427 ἀποϐλέψῃς
1316 3363 1425 3412 τῶν
1474 3331 1774 3432 τυράννων,

202 3439 296 3488 καὶ
360 3440 419 3490 τὸ
449 3440 612 3508 δριμὺ
645 3443 752 3495 τῶν
777 3444 1052 3500 κολάσεων
1073 3465 1086 3478 ·
1111 3451 1274 3515 αὐτὸς
1300 3455 1405 3523 γάρ
1437 3473 1517 3509 σοι
1544 3458 1777 3526 Χριστὸς

198 3531 229 3580 ὁ
266 3534 500 3600 νυμφίος
534 3535 562 3586 ὁ
597 3535 689 3598 σὸς
720 3543 1160 3612 παραστήσεται,
1185 3547 1282 3610 τας
1323 3548 1515 3612 ὀδύνας
1556 3553 1778 3605 ἐπικου-

203 3625 379 3692 φὲζων
417 3629 510 3678 καὶ
546 3632 658 3682 τῶν
717 3633 974 3698 ἀναγκῶν
1011 3637 1433 3706 ἐξαιρούμενος.
1489 3643 1551 3694 Et
1586 3645 1642 3695 δὲ
1687 3649 1778 3696 καὶ

209 3717 407 3782 μικρόν
442 3734 498 3767 σε
535 3721 884 3790 συγχωρήσει
943 3726 1369 3806 κακοπαθῆσαι,
1401 3731 1544 3786 ὥστε
1589 3751 1682 3788 σου
1716 3735 1778 3787 τὸ

203 3806 454 3874 δοκίμιον
515 3811 614 3879 τῆς
671 3813 908 3880 πίστεως
954 3819 1234 3891 ὑπομονὴν
1281 3825 1775 3893 κατεργάσασθαι⁹

205 3898 324 3950 ἀλλ’
369 3901 484 3954 οὐκ·
513 3906 594 3966 εἰς
637 3907 790 3969 τέλος
849 3911 1235 3981 ἐγκαταλείψει
1277 3917 1373 3968 καὶ.
1419 3922 1774 3989 περιόψεταιο

204 3992 325 4043 ea):
361 3994 443 4046 ἔτι
480 4013 573 4048 σου
603 3999 946 4080 καμνούσης,
984 4004 1351 4071 σϐεσθήσεται
1398 4010 1500 4079 μὲν
1535 4014 1778 4085 ἡδριμύ-

205 4101 305 4152 της
330 4088 436 4138 τῶν
465 4089 750 4158 ἀλγεινῶν,
782 4094 1072 4148 ἀναστελεῖ
1097 4097 1151 4149 δέ
1185 4116 1268 4152 σοι
1292 4103 1658 4172 παράκλησις.
1685 4109 1776 4162 καὶ

205 4181 324 4243 φῶς
365 4181 455 4232 καὶ
489 4181 601 4250 ζωή
639 4199 695 4233 σε
732 4188 1062 4252 περιστελεῖ,
1097 4192 1189 4240 καὶ
1222 4191 1404 4260 ήδίξα
1439 4197 1644 4266 Κυρίου
1680 4216 1778 4251 κυ-

207 4269 410 4374 κλώσει
451 4287 530 4321 σε.
568 4273 710 4338 Πρὸς
749 4272 922 4326 ταῦτα
952 4277 984 4344 ἡ
1014 4277 1319 4347 παρθένος,
1372 4283 1553 4354 Εὐχῆς
1591 4287 1772 4354 ἔργον,

202 4363 249 4413 ῶ
295 4363 493 4431 μῆτερ,
529 4364 655 4433 ἔφη,
696 4367 915 4436 καὶτῆς
952 4371 1161 4424 ἄνωθεν
1190 4373 1368 4444 ῥοπῆς
1399 4393 1458 4429 τε
1491 4378 1589 4430 καὶ
1638 4397 1776 4448 συμ-

203 4457 406 4525 μαχίας
460 4457 521 4510 τὸ
561 4460 635 4528 μὴ
674 4460 808 4527 πρὸς
850 4463 1124 4533 τοσαύτην
1177 4465 1438 4535 ὠμότητα
1489 4472 1772 4538 τυράννων

1887 3283 1956 3339 ab
1981 3281 2200 3336 interitu
2234 3281 2427 3344 libera,
2450 3276 2633 3333 omnia
2669 3275 2822 3330 ﬁrma
2881 3289 2944 3328 ac
2983 3271 3195 3326 stabilia
3227 3307 3242 3332 ,
3274 3266 3456 3323 omnia

1886 3386 2149 3445 perpetua
2203 3383 2260 3427 et
2298 3385 2574 3439 nunquam
2606 3366 2936 3423 desinentia.
2977 3364 3054 3419 Ne
3089 3359 3390 3431 aspexeris,
3426 3375 3459 3412 o

1888 3468 1994 3520 ﬁlia
2047 3483 2186 3528 mea,
2225 3467 2292 3520 ad
2329 3467 2682 3521 acerbitatem
2717 3472 3093 3534 tyrannorum,
3141 3467 3195 3512 et
3223 3456 3462 3527 gravita-

1888 3565 1995 3610 tem
2049 3555 2462 3630 suppliciorum.
2519 3555 2639 3622 Ipse
2705 3553 2851 3606 enim
2905 3551 3158 3605 Christus
3222 3560 3460 3616 sponsus

1887 3661 2014 3704 tuus
2064 3651 2157 3703 tibi
2207 3650 2420 3715 aderit,
2471 3649 2685 3704 dolores
2740 3646 2999 3707 allevans,
3043 3653 3099 3696 et
3144 3641 3384 3710 eripiens
3429 3654 3458 3688 τι

1885 3742 2327 3797 necessitatibus.
2369 3741 2524 3807 Quod
2561 3743 2604 3794 si
2666 3743 2828 3794 etiam
2867 3735 3238 3798 concesserit,
3289 3742 3350 3788 ut
3401 3741 3459 3787 ιιι

1886 3835 2150 3888 malorum
2192 3833 2396 3904 aliquid
2447 3831 2792 3903 perpetiaris,
2845 3844 2953 3894 quo
3011 3838 3161 3882 tuam
3220 3825 3462 3880 toleran-

1886 3926 2017 3978 tiam
2069 3925 2266 3980 cﬁiciat
2313 3934 2416 3978 tua:
2459 3924 2583 3976 ﬁdei
2636 3924 3010 3992 probationem
3049 3959 3063 3983 ,
3111 3931 3168 3974 at
3230 3935 3340 3972 non
3404 3919 3459 3971 in

1885 4017 2045 4072 ﬁnem
2077 4018 2294 4072 deseret
2325 4024 2381 4070 et
2415 4015 2701 4084 deSpiciet.
2735 4012 2828 4068 sed
2861 4023 2911 4066 te
2941 4010 3120 4065 adlmc
3157 4010 3458 4069 laborante,

1886 4111 2260 4181 exstinguetur
2292 4109 2512 4179 quidem
2549 4108 2799 4163 dolorum
2832 4104 3100 4159 acerbitas
3129 4119 3143 4154 :
3181 4101 3472 4164 exorietur.

1884 4213 2066 4256 autem
2099 4203 2196 4256 tibi
2229 4203 2528 4256 consolatio
2566 4213 2620 4256 et
2648 4201 2736 4254 lux
2771 4217 2784 4253 :
2820 4209 2874 4253 et
2899 4198 3006 4252 vita
3051 4207 3101 4250 te
3133 4194 3371 4253 amiciet,
3405 4201 3462 4246 et

1883 4295 2052 4364 gloria
2079 4294 2458 4349 circumdabit.
2487 4293 2566 4346 Ad
2596 4293 2709 4345 hanc
2752 4293 2902 4356 virgo
2931 4305 2945 4341 :
2983 4286 3294 4356 Optandum
3337 4285 3459 4353 qui-

1883 4386 2005 4439 dem
2042 4395 2146 4447 est,
2201 4384 2394 4454 inquit,
2427 4400 2459 4438 ο
2495 4393 2688 4444 mater,
2734 4391 2789 4435 et
2836 4378 3104 4434 orandum
3140 4385 3199 4431 ut
3254 4376 3400 4445 quod
3430 4393 3457 4428 a

1884 4479 2066 4531 divino
2109 4477 2485 4548 proﬁciscatur
2529 4475 2750 4535 auxilio,
2805 4488 2869 4528 uc
2925 4471 2989 4526 ad
3039 4478 3242 4525 tantam
3279 4478 3460 4538 tyran-

199 4551 297 4601 καὶ
324 4551 522 4616 μανίαν
550 4551 951 4620 ἀπαγορεῦσαι.
987 4574 1005 4606 ι
1035 4556 1106 4607 Τὸ
1139 4557 1237 4624 μὲν
1259 4556 1366 4625 γὰρ
1395 4559 1622 4626 Πνεῦμα
1643 4561 1775 4630 πρό-

1885 4584 2080 4622 norum
2125 4569 2498 4621 crudelitatem
2552 4579 2606 4620 ct
2661 4565 2926 4618 insaniam
2973 4563 3240 4616 deﬁciam.
3276 4581 3292 4612 ι
3325 4559 3455 4613 Nam

203 4644 395 4710 θυμον,
429 4647 460 4714 ἡ
490 4645 543 4696 δὲ
567 4647 702 4716 σὰρξ
734 4646 988 4718 ἀσθενής·
1016 4669 1033 4701 ι
1066 4651 1200 4703 ἀλλὰ
1224 4651 1447 4722 δεήθητι
1472 4654 1565 4707 τοῦ
1595 4656 1773 4707 κοινοῦ

202 4735 499 4797 Δεσποτου,
537 4735 632 4787 καὶ
685 4736 965 4789 ἱκέτευσον
1003 4739 1166 4791 αὐτὸν
1214 4741 1363 4800 ὅπως
1419 4742 1776 4814 ὲξαποστείλῃ

203 4844 298 4896 μοι
327 4827 562 4896 δύναμιν
588 4829 648 4891 ἐξ
678 4829 866 4896 ὕψους,
907 4830 976 4883 δι’
1006 4826 1072 4900 ἧς
1105 4832 1572 4902 ἁντικαταστῆναι
1612 4823 1773 4904 δυνὴὲ

201 4939 368 4988 σομαι
399 4922 534 4989 πρὸς
560 4922 700 4974 οὕτω
733 4925 926 4977 κακῶν
951 4924 1266 4995 βαρυτάτην
1305 4931 1604 4997 ἐπαγωγή.)
1630 4945 1644 4959 .
1679 4931 1773 4980 καὶ

207 5013 512 5077 σπουδάσω,
561 5013 886 5086 μῆτερέμὴ,
919 5021 982 5087 τῇ
1038 5020 1249 5072 ἐκείνου
1297 5022 1588 5090 δυναστεία
1637 5038 1772 5088 κρα-

199 5106 536 5179 ταιουμὲνη,
575 5107 660 5158 δια
696 5108 884 5170 τέλους
913 5127 994 5162 σοι
1039 5114 1279 5179 τηρῆσαι
1317 5115 1413 5174 τὰς
1473 5113 1774 5188 ὑποθήκας,

205 5200 298 5253 καὶ
328 5198 588 5265 ούδεμιᾶς
617 5200 823 5252 τούτων
851 5203 1175 5272 ὁλιγωρήσω
1289 5208 1640 5278 ἐπιλήσομαι.

273 5289 346 5346 Δ’.
381 5290 571 5344 Ταῦτα
621 5294 722 5361 τῆς
774 5297 1048 5364 παρθένου
1101 5299 1431 5370 διεξιούσης,
1475 5305 1570 5354 καὶ
1631 5303 1774 5357 οὕτω

194 5383 464 5451 γλυκείας
505 5388 572 5454 τῇ
630 5387 940 5456 διδασκάλῳ
983 5394 1316 5461 ποιουμένης
1371 5397 1464 5448 καὶ
1515 5397 1773 5460 ποθεινάς

201 5478 298 5536 τὰς
337 5478 696 5544 ἐπαγγελίας,
723 5481 1081 5546 ἐπιπεσόντες
1108 5485 1305 5554 ἁθρόον
1328 5489 1376 5539 οί
1412 5490 1770 5558 στρατιῶται,

197 5573 292 5621 καὶ
327 5571 587 5642 καθάπερ
651 5577 839 5646 ἀρνίον
887 5578 984 5644 τῆς
1044 5580 1251 5649 μητρὸς
1303 5583 1470 5651 αὐτὴν
1522 5585 1771 5637 ἀποσπα-

201 5678 418 5738 σαντες,
451 5663 628 5717 κλοιόν
669 5683 724 5719 τε
757 5668 1009 5739 σιδηροῦν
1057 5672 1471 5741 περιϐάλλουσι,
1513 5675 1606 5728 καὶ
1651 5675 1770 5744 χαί-

271 5831 496 5891 ‘Marth.
540 5856 655 5891 ικνι
709 5842 790 5894 41.

1885 4661 2110 4730 spiritus
2163 4660 2380 4730 quidem
2430 4668 2514 4714 est
2564 4666 2883 4728 proruptus,
2943 4670 3073 4709 caro
3136 4666 3318 4707 autem
3374 4654 3455 4706 in-

1885 4754 2037 4806 ﬁrma
2080 4754 2136 4804 ¹ε
2179 4773 2195 4804 ι
2233 4753 2325 4808 sed
2373 4767 2497 4822 roga
2547 4763 2891 4804 communem
2945 4745 3267 4807 Dominum,
3313 4755 3364 4796 et
3405 4744 3450 4795 ei

1883 4845 2126 4912 supplica
2153 4885 2166 4906 ,
2205 4854 2265 4895 ut
2310 4845 2486 4895 mittat
2523 4843 2590 4894 ad
2634 4856 2722 4894 me
2763 4842 3018 4892 virtutem
3063 4852 3126 4889 ex
3169 4838 3312 4894 alto.
3359 4851 3456 4905 per

1881 4952 2040 5006 quam
2077 4945 2264 5003 potero
2303 4936 2558 4989 resistere
2609 4942 2718 4986 tam
2748 4929 3020 5002 gravibus,
3045 4943 3165 4996 quae
3197 4926 3450 4995 inﬂigun-

1880 5039 1988 5092 tur,
2028 5027 2229 5081 malis:
2265 5025 2598 5086 ctstudebo,
2642 5033 2814 5076 tnatcr
2862 5034 3004 5082 mea,
3057 5014 3450 5071 illius-conﬁr-

1877 5132 2021 5175 mata
2075 5122 2296 5181 virtute,
2349 5128 2436 5171 tua
2502 5116 2707 5171 monita
2769 5123 3036 5184 perpetuo
3093 5124 3443 5168 conservare.

1875 5229 2052 5283 neque
2078 5215 2246 5268 ullum
2285 5228 2474 5267 eorum
2502 5211 2790 5278 negligant,
2828 5216 2922 5260 aut
2946 5207 3064 5274 ejus
3089 5201 3398 5256 obliviscar.

1951 5307 2036 5362 ιν.
2079 5307 2213 5360 Cum
2264 5307 2378 5359 inec
2440 5308 2590 5370 virgo
2640 5303 2864 5361 diceret,
2906 5308 2961 5352 ct
3023 5298 3290 5366 magistras
3338 5306 3448 5350 tam

1877 5404 2056 5459 dulcia
2092 5415 2147 5457 et
2176 5401 2410 5472 jucunda
2449 5399 2645 5452 facere!
2691 5397 2981 5461 promissu,
3029 5396 3308 5447 irruerunt
3363 5408 3446 5444 re»

1877 5507 2038 5565 pente
2081 5497 2298 5553 milites,
2351 5502 2405 5545 et
2459 5507 2575 5546 eam
2651 5502 2906 5557 tanquam
2953 5501 3142 5555 agnam
3184 5500 3211 5536 a
3276 5494 3446 5537 matre

1875 5589 2192 5651 avellentes,
2231 5587 2512 5655 imponunt
2551 5583 2600 5636 ei
2643 5582 2879 5635 ferreum
2913 5577 3137 5642 collare,
3173 5586 3227 5630 et
3266 5575 3443 5628 laetam

1873 5679 2148 5734 adducunt
2195 5680 2255 5736 ad
2319 5675 2620 5747 praesidem.
2671 5674 2760 5727 llla
2817 5681 2994 5725 autent
3056 5669 3102 5722 ei
3174 5677 3320 5720 stans
3375 5679 3444 5720 ex
