  <div class='ocr_page' id='page_1' title='image "/cluster/home/n/w/nwhite01/storage/ocr_20150623/115/ien.35556001659887/670.png"; bbox 0 0 3990 6440; ppageno 0'>
   <div class='ocr_carea' id='block_1_1' title="bbox 203 411 335 479">
    <p class='ocr_par' dir='ltr' id='par_1_1' title="bbox 203 411 335 479">
     <span class='ocr_line' id='line_1_1' title="bbox 203 411 335 479; baseline -0.008 -2"><span class='ocrx_word' id='word_1_1' title='bbox 203 411 335 479; x_wconf 78' lang='lat'><strong>1321</strong></span> 
     </span>
    </p>
   </div>
   <div class='ocr_carea' id='block_1_2' title="bbox 267 511 1853 590">
    <p class='ocr_par' dir='ltr' id='par_1_2' title="bbox 267 511 1853 590">
     <span class='ocr_line' id='line_1_2' title="bbox 267 511 1853 590; baseline -0.011 -9"><span class='ocrx_word' id='word_1_2' title='bbox 267 528 327 581; x_wconf 83' lang='grc' dir='ltr'><strong>Γ.</strong></span> <span class='ocrx_word' id='word_1_3' title='bbox 364 524 497 579; x_wconf 82' lang='grc' dir='ltr'><strong>Τότε</strong></span> <span class='ocrx_word' id='word_1_4' title='bbox 531 521 715 577; x_wconf 78' lang='grc' dir='ltr'>τοίνυν</span> <span class='ocrx_word' id='word_1_5' title='bbox 754 516 854 573; x_wconf 79' lang='grc' dir='ltr'><strong>οὐκ</strong></span> <span class='ocrx_word' id='word_1_6' title='bbox 886 512 955 590; x_wconf 82' lang='grc' dir='ltr'><strong>ἦν</strong></span> <span class='ocrx_word' id='word_1_7' title='bbox 998 516 1079 571; x_wconf 69' lang='grc' dir='ltr'><strong>ἔτι</strong></span> <span class='ocrx_word' id='word_1_8' title='bbox 1132 513 1362 573; x_wconf 79' lang='grc' dir='ltr'><strong>ἀνεκτὸν</strong></span> <span class='ocrx_word' id='word_1_9' title='bbox 1408 514 1696 586; x_wconf 79' lang='grc' dir='ltr'><strong>Ἑπιμάχῳ</strong></span> <span class='ocrx_word' id='word_1_10' title='bbox 1738 511 1772 581; x_wconf 80' lang='grc' dir='ltr'>ἡ</span> <span class='ocrx_word' id='word_1_11' title='bbox 1807 514 1853 573; x_wconf 76' lang='grc' dir='ltr'>Α</span> 
     </span>
    </p>
   </div>
   <div class='ocr_carea' id='block_1_3' title="bbox 199 605 1776 691">
    <p class='ocr_par' dir='ltr' id='par_1_3' title="bbox 199 605 1776 691">
     <span class='ocr_line' id='line_1_3' title="bbox 199 605 1776 691; baseline -0.01 -19"><span class='ocrx_word' id='word_1_12' title='bbox 199 618 408 691; x_wconf 79' lang='grc' dir='ltr'><strong>ἐρημία</strong></span> <span class='ocrx_word' id='word_1_13' title='bbox 441 615 535 671; x_wconf 75' lang='grc' dir='ltr'><strong>καὶ</strong></span> <span class='ocrx_word' id='word_1_14' title='bbox 582 614 644 667; x_wconf 82' lang='grc' dir='ltr'><strong>τὸ</strong></span> <span class='ocrx_word' id='word_1_15' title='bbox 705 611 940 684; x_wconf 75' lang='grc' dir='ltr'><strong>ἄμικτον</strong></span> <span class='ocrx_word' id='word_1_16' title='bbox 972 610 1155 664; x_wconf 70' lang='grc' dir='ltr'><strong>έκεῖνο</strong></span> <span class='ocrx_word' id='word_1_17' title='bbox 1190 605 1286 662; x_wconf 83' lang='grc' dir='ltr'><strong>τοῦ</strong></span> <span class='ocrx_word' id='word_1_18' title='bbox 1343 607 1460 677; x_wconf 87' lang='grc' dir='ltr'><strong>βίου</strong></span> <span class='ocrx_word' id='word_1_19' title='bbox 1493 607 1587 661; x_wconf 60' lang='grc' dir='ltr'><strong>καί⁵</strong></span> <span class='ocrx_word' id='word_1_20' title='bbox 1628 606 1776 658; x_wconf 81' lang='grc' dir='ltr'><strong>ἀκοι-</strong></span> 
     </span>
    </p>
   </div>
   <div class='ocr_carea' id='block_1_4' title="bbox 199 697 1776 784">
    <p class='ocr_par' dir='ltr' id='par_1_4' title="bbox 199 697 1776 784">
     <span class='ocr_line' id='line_1_4' title="bbox 199 697 1776 784; baseline -0.01 -21"><span class='ocrx_word' id='word_1_21' title='bbox 199 712 462 784; x_wconf 82' lang='grc' dir='ltr'><strong>νώνητον.</strong></span> <span class='ocrx_word' id='word_1_22' title='bbox 535 706 698 762; x_wconf 84' lang='grc' dir='ltr'><strong>Ἀλλά</strong></span> <span class='ocrx_word' id='word_1_23' title='bbox 758 704 837 777; x_wconf 82' lang='grc' dir='ltr'>τῷ</span> <span class='ocrx_word' id='word_1_24' title='bbox 893 703 1083 775; x_wconf 90' lang='grc' dir='ltr'><strong>θερμῷ</strong></span> <span class='ocrx_word' id='word_1_25' title='bbox 1142 700 1276 769; x_wconf 72' lang='grc' dir='ltr'><strong>περὶ</strong></span> <span class='ocrx_word' id='word_1_26' title='bbox 1332 698 1432 771; x_wconf 82' lang='grc' dir='ltr'><strong>τὴν</strong></span> <span class='ocrx_word' id='word_1_27' title='bbox 1490 697 1776 751; x_wconf 67' lang='grc' dir='ltr'><strong>εὐσέϐειαν</strong></span> 
     </span>
    </p>
   </div>
   <div class='ocr_carea' id='block_1_5' title="bbox 200 789 1778 875">
    <p class='ocr_par' dir='ltr' id='par_1_5' title="bbox 200 789 1778 875">
     <span class='ocr_line' id='line_1_5' title="bbox 200 789 1778 875; baseline -0.01 -20"><span class='ocrx_word' id='word_1_28' title='bbox 200 805 367 875; x_wconf 71' lang='grc' dir='ltr'><strong>ζήλῳ,</strong></span> <span class='ocrx_word' id='word_1_29' title='bbox 396 802 496 873; x_wconf 82' lang='grc' dir='ltr'><strong>τὴν</strong></span> <span class='ocrx_word' id='word_1_30' title='bbox 530 797 711 869; x_wconf 79' lang='grc' dir='ltr'><strong>ψυχὴν</strong></span> <span class='ocrx_word' id='word_1_31' title='bbox 749 796 1089 868; x_wconf 71' lang='grc' dir='ltr'><strong>σφοδρότατα</strong></span> <span class='ocrx_word' id='word_1_32' title='bbox 1109 791 1372 863; x_wconf 75' lang='grc' dir='ltr'><strong>κινηθεὶς,</strong></span> <span class='ocrx_word' id='word_1_33' title='bbox 1406 791 1500 843; x_wconf 85' lang='grc' dir='ltr'><strong>καὶ</strong></span> <span class='ocrx_word' id='word_1_34' title='bbox 1536 789 1676 842; x_wconf 77' lang='grc' dir='ltr'><strong>ὥστε</strong></span> <span class='ocrx_word' id='word_1_35' title='bbox 1703 790 1778 860; x_wconf 79' lang='grc' dir='ltr'><strong>μὴ</strong></span> 
     </span>
    </p>
   </div>
   <div class='ocr_carea' id='block_1_6' title="bbox 198 881 1777 965">
    <p class='ocr_par' dir='ltr' id='par_1_6' title="bbox 198 881 1777 965">
     <span class='ocr_line' id='line_1_6' title="bbox 198 881 1777 965; baseline -0.01 -17"><span class='ocrx_word' id='word_1_36' title='bbox 198 896 407 965; x_wconf 74' lang='grc' dir='ltr'><strong>ταύτην</strong></span> <span class='ocrx_word' id='word_1_37' title='bbox 431 889 769 961; x_wconf 79' lang='grc' dir='ltr'><strong>ὑϐρίζεσθαι,</strong></span> <span class='ocrx_word' id='word_1_38' title='bbox 804 890 899 941; x_wconf 79' lang='grc' dir='ltr'><strong>καὶ</strong></span> <span class='ocrx_word' id='word_1_39' title='bbox 921 888 1065 957; x_wconf 79' lang='grc' dir='ltr'><strong>ζωῆς</strong></span> <span class='ocrx_word' id='word_1_40' title='bbox 1093 886 1208 955; x_wconf 75' lang='grc' dir='ltr'><strong>ἅμα</strong></span> <span class='ocrx_word' id='word_1_41' title='bbox 1231 884 1322 937; x_wconf 75' lang='grc' dir='ltr'><strong>καὶ</strong></span> <span class='ocrx_word' id='word_1_42' title='bbox 1350 881 1582 955; x_wconf 84' lang='grc' dir='ltr'><strong>ἡσυχίας</strong></span> <span class='ocrx_word' id='word_1_43' title='bbox 1608 897 1777 934; x_wconf 84' lang='grc' dir='ltr'><strong>κατα-</strong></span> 
     </span>
    </p>
   </div>
   <div class='ocr_carea' id='block_1_7' title="bbox 202 973 1777 1060">
    <p class='ocr_par' dir='ltr' id='par_1_7' title="bbox 202 973 1777 1060">
     <span class='ocr_line' id='line_1_7' title="bbox 202 973 1777 1060; baseline -0.011 -19"><span class='ocrx_word' id='word_1_44' title='bbox 202 991 515 1060; x_wconf 71' lang='grc' dir='ltr'><strong>φρονήσας,</strong></span> <span class='ocrx_word' id='word_1_45' title='bbox 550 983 801 1038; x_wconf 77' lang='grc' dir='ltr'><strong>κάτεισιν</strong></span> <span class='ocrx_word' id='word_1_46' title='bbox 848 983 927 1045; x_wconf 89' lang='grc' dir='ltr'><strong>είς</strong></span> <span class='ocrx_word' id='word_1_47' title='bbox 964 979 1136 1050; x_wconf 82' lang='grc' dir='ltr'><strong>μέσην</strong></span> <span class='ocrx_word' id='word_1_48' title='bbox 1174 979 1272 1047; x_wconf 86' lang='grc' dir='ltr'><strong>τὴν</strong></span> <span class='ocrx_word' id='word_1_49' title='bbox 1321 976 1476 1030; x_wconf 84' lang='grc' dir='ltr'><strong>πόλιν</strong></span> <span class='ocrx_word' id='word_1_50' title='bbox 1517 976 1626 1029; x_wconf 75' lang='grc' dir='ltr'><strong>ἀπδ</strong></span> <span class='ocrx_word' id='word_1_51' title='bbox 1654 973 1777 1043; x_wconf 32' lang='grc' dir='ltr'><strong>,τῆς</strong></span> 
     </span>
    </p>
   </div>
   <div class='ocr_carea' id='block_1_8' title="bbox 199 1068 1779 1150">
    <p class='ocr_par' dir='ltr' id='par_1_8' title="bbox 199 1068 1779 1150">
     <span class='ocr_line' id='line_1_8' title="bbox 199 1068 1779 1150; baseline -0.009 -17"><span class='ocrx_word' id='word_1_52' title='bbox 199 1081 460 1150; x_wconf 78' lang='grc' dir='ltr'><strong>ἐρημίας,</strong></span> <span class='ocrx_word' id='word_1_53' title='bbox 494 1076 747 1148; x_wconf 81' lang='grc' dir='ltr'><strong>πρόσεισι</strong></span> <span class='ocrx_word' id='word_1_54' title='bbox 786 1074 845 1127; x_wconf 79' lang='grc' dir='ltr'><strong>δὲ</strong></span> <span class='ocrx_word' id='word_1_55' title='bbox 894 1073 974 1143; x_wconf 81' lang='grc' dir='ltr'><strong>τῷ</strong></span> <span class='ocrx_word' id='word_1_56' title='bbox 1022 1068 1333 1142; x_wconf 80' lang='grc' dir='ltr'><strong>τυραννικῷ</strong></span> <span class='ocrx_word' id='word_1_57' title='bbox 1368 1070 1572 1140; x_wconf 79' lang='grc' dir='ltr'><strong>βήματι</strong></span> <span class='ocrx_word' id='word_1_58' title='bbox 1613 1068 1779 1139; x_wconf 78' lang='grc' dir='ltr'><strong>μηδὲν</strong></span> 
     </span>
    </p>
   </div>
   <div class='ocr_carea' id='block_1_9' title="bbox 200 1159 1777 1239">
    <p class='ocr_par' dir='ltr' id='par_1_9' title="bbox 200 1159 1777 1239">
     <span class='ocr_line' id='line_1_9' title="bbox 200 1159 1777 1239; baseline -0.008 -15"><span class='ocrx_word' id='word_1_59' title='bbox 200 1171 523 1239; x_wconf 77' lang='grc' dir='ltr'><strong>ὑποπτήξας</strong></span> <span class='ocrx_word' id='word_1_60' title='bbox 555 1167 666 1221; x_wconf 85' lang='grc' dir='ltr'><strong>τῶν</strong></span> <span class='ocrx_word' id='word_1_61' title='bbox 696 1166 1019 1237; x_wconf 80' lang='grc' dir='ltr'><strong>δρωμένων,</strong></span> <span class='ocrx_word' id='word_1_62' title='bbox 1054 1163 1224 1233; x_wconf 77' lang='grc' dir='ltr'><strong>μηδὲν</strong></span> <span class='ocrx_word' id='word_1_63' title='bbox 1254 1162 1362 1215; x_wconf 84' lang='grc' dir='ltr'><strong>τῶν</strong></span> <span class='ocrx_word' id='word_1_64' title='bbox 1392 1161 1577 1230; x_wconf 78' lang='grc' dir='ltr'><strong>φοϐεῖν</strong></span> <span class='ocrx_word' id='word_1_65' title='bbox 1611 1159 1777 1212; x_wconf 81' lang='grc' dir='ltr'><strong>δυνα-</strong></span> 
     </span>
    </p>
   </div>
   <div class='ocr_carea' id='block_1_10' title="bbox 204 1252 1777 1331">
    <p class='ocr_par' dir='ltr' id='par_1_10' title="bbox 204 1252 1777 1331">
     <span class='ocr_line' id='line_1_10' title="bbox 204 1252 1777 1331; baseline -0.008 -14"><span class='ocrx_word' id='word_1_66' title='bbox 204 1263 378 1331; x_wconf 77' lang='grc' dir='ltr'><strong>μένων</strong></span> <span class='ocrx_word' id='word_1_67' title='bbox 419 1259 818 1326; x_wconf 67' lang='grc' dir='ltr'><strong>καταπλαγεὶς,</strong></span> <span class='ocrx_word' id='word_1_68' title='bbox 861 1258 959 1310; x_wconf 56' lang='grc' dir='ltr'><strong>καὶΙ</strong></span> <span class='ocrx_word' id='word_1_69' title='bbox 997 1259 1157 1309; x_wconf 82' lang='grc' dir='ltr'><strong>τοῦτο</strong></span> <span class='ocrx_word' id='word_1_70' title='bbox 1197 1255 1416 1325; x_wconf 85' lang='grc' dir='ltr'><strong>πρῶτον</strong></span> <span class='ocrx_word' id='word_1_71' title='bbox 1467 1252 1777 1323; x_wconf 85' lang='grc' dir='ltr'><strong>ἀρίστευμα</strong></span> 
     </span>
    </p>
   </div>
   <div class='ocr_carea' id='block_1_11' title="bbox 198 1342 1777 1423">
    <p class='ocr_par' dir='ltr' id='par_1_11' title="bbox 198 1342 1777 1423">
     <span class='ocr_line' id='line_1_11' title="bbox 198 1342 1777 1423; baseline -0.009 -15"><span class='ocrx_word' id='word_1_72' title='bbox 198 1358 298 1423; x_wconf 80' lang='grc' dir='ltr'><strong>τῆς</strong></span> <span class='ocrx_word' id='word_1_73' title='bbox 334 1352 655 1421; x_wconf 84' lang='grc' dir='ltr'><strong>θαυμαστῆς</strong></span> <span class='ocrx_word' id='word_1_74' title='bbox 686 1348 855 1403; x_wconf 79' lang='grc' dir='ltr'><strong>αὐτοῦ</strong></span> <span class='ocrx_word' id='word_1_75' title='bbox 890 1352 1129 1402; x_wconf 85' lang='grc' dir='ltr'><strong>ποιεῖται</strong></span> <span class='ocrx_word' id='word_1_76' title='bbox 1165 1347 1369 1418; x_wconf 81' lang='grc' dir='ltr'><strong>ψυχῆς.</strong></span> <span class='ocrx_word' id='word_1_77' title='bbox 1412 1342 1547 1398; x_wconf 73' lang='grc' dir='ltr'><strong>Εἶτα</strong></span> <span class='ocrx_word' id='word_1_78' title='bbox 1578 1342 1777 1396; x_wconf 82' lang='grc' dir='ltr'><strong>καθαι-</strong></span> 
     </span>
    </p>
   </div>
   <div class='ocr_carea' id='block_1_12' title="bbox 202 1436 1779 1516">
    <p class='ocr_par' dir='ltr' id='par_1_12' title="bbox 202 1436 1779 1516">
     <span class='ocr_line' id='line_1_12' title="bbox 202 1436 1779 1516; baseline -0.008 -18"><span class='ocrx_word' id='word_1_79' title='bbox 202 1448 288 1516; x_wconf 81' lang='grc' dir='ltr'><strong>ρεῖ</strong></span> <span class='ocrx_word' id='word_1_80' title='bbox 322 1446 421 1515; x_wconf 78' lang='grc' dir='ltr'><strong>μὲν</strong></span> <span class='ocrx_word' id='word_1_81' title='bbox 467 1441 745 1495; x_wconf 83' lang='grc' dir='ltr'><strong>εἰδωλικδν</strong></span> <span class='ocrx_word' id='word_1_82' title='bbox 794 1442 1005 1493; x_wconf 74' lang='grc' dir='ltr'><strong>ἐκεῖνον</strong></span> <span class='ocrx_word' id='word_1_83' title='bbox 1055 1439 1240 1511; x_wconf 77' lang='grc' dir='ltr'><strong>βωμὸν</strong></span> <span class='ocrx_word' id='word_1_84' title='bbox 1293 1440 1389 1492; x_wconf 82' lang='grc' dir='ltr'><strong>καὶ</strong></span> <span class='ocrx_word' id='word_1_85' title='bbox 1453 1438 1535 1500; x_wconf 81' lang='grc' dir='ltr'><strong>είς</strong></span> <span class='ocrx_word' id='word_1_86' title='bbox 1584 1436 1779 1503; x_wconf 76' lang='grc' dir='ltr'><strong>ἔδαφος</strong></span> 
     </span>
    </p>
   </div>
   <div class='ocr_carea' id='block_1_13' title="bbox 201 1527 1779 1609">
    <p class='ocr_par' dir='ltr' id='par_1_13' title="bbox 201 1527 1779 1609">
     <span class='ocr_line' id='line_1_13' title="bbox 201 1527 1779 1609; baseline -0.01 -17"><span class='ocrx_word' id='word_1_87' title='bbox 201 1537 534 1609; x_wconf 76' lang='grc' dir='ltr'><strong>ἀνατρέπει,</strong></span> <span class='ocrx_word' id='word_1_88' title='bbox 588 1533 724 1604; x_wconf 84' lang='grc' dir='ltr'><strong>ὁμοῦ</strong></span> <span class='ocrx_word' id='word_1_89' title='bbox 779 1535 874 1589; x_wconf 79' lang='grc' dir='ltr'><strong>καὶ</strong></span> <span class='ocrx_word' id='word_1_90' title='bbox 918 1533 1064 1604; x_wconf 70' lang='grc' dir='ltr'><strong>χειρὶ</strong></span> <span class='ocrx_word' id='word_1_91' title='bbox 1106 1530 1333 1602; x_wconf 78' lang='grc' dir='ltr'>γενναίᾳ</span> <span class='ocrx_word' id='word_1_92' title='bbox 1393 1530 1488 1584; x_wconf 77' lang='grc' dir='ltr'><strong>καὶ</strong></span> <span class='ocrx_word' id='word_1_93' title='bbox 1549 1527 1779 1597; x_wconf 79' lang='grc' dir='ltr'><strong>δυνάμει</strong></span> 
     </span>
    </p>
   </div>
   <div class='ocr_carea' id='block_1_14' title="bbox 202 1618 1777 1701">
    <p class='ocr_par' dir='ltr' id='par_1_14' title="bbox 202 1618 1777 1701">
     <span class='ocr_line' id='line_1_14' title="bbox 202 1618 1777 1701; baseline -0.009 -16"><span class='ocrx_word' id='word_1_94' title='bbox 202 1633 426 1701; x_wconf 84' lang='grc' dir='ltr'><strong>ἀοράτῳ</strong></span> <span class='ocrx_word' id='word_1_95' title='bbox 476 1629 783 1701; x_wconf 82' lang='grc' dir='ltr'><strong>χρώμενος.</strong></span> <span class='ocrx_word' id='word_1_96' title='bbox 826 1627 1006 1698; x_wconf 83' lang='grc' dir='ltr'><strong>Ὀρμᾷ</strong></span> <span class='ocrx_word' id='word_1_97' title='bbox 1056 1626 1113 1679; x_wconf 82' lang='grc' dir='ltr'><strong>δὲ</strong></span> <span class='ocrx_word' id='word_1_98' title='bbox 1166 1625 1261 1678; x_wconf 72' lang='grc' dir='ltr'><strong>καὶ</strong></span> <span class='ocrx_word' id='word_1_99' title='bbox 1307 1624 1428 1677; x_wconf 81' lang='grc' dir='ltr'><strong>κατ’</strong></span> <span class='ocrx_word' id='word_1_100' title='bbox 1483 1620 1650 1677; x_wconf 77' lang='grc' dir='ltr'><strong>αὐτοῦ</strong></span> <span class='ocrx_word' id='word_1_101' title='bbox 1681 1618 1777 1673; x_wconf 85' lang='grc' dir='ltr'><strong>τοῦ</strong></span> 
     </span>
    </p>
   </div>
   <div class='ocr_carea' id='block_1_15' title="bbox 202 1711 1777 1791">
    <p class='ocr_par' dir='ltr' id='par_1_15' title="bbox 202 1711 1777 1791">
     <span class='ocr_line' id='line_1_15' title="bbox 202 1711 1777 1791; baseline -0.007 -17"><span class='ocrx_word' id='word_1_102' title='bbox 202 1722 514 1786; x_wconf 76' lang='grc' dir='ltr'><strong>δικάζοντος</strong></span> <span class='ocrx_word' id='word_1_103' title='bbox 548 1719 705 1791; x_wconf 81' lang='grc' dir='ltr'><strong>θυμῷ</strong></span> <span class='ocrx_word' id='word_1_104' title='bbox 733 1720 930 1789; x_wconf 85' lang='grc' dir='ltr'><strong>δικαίῳ</strong></span> <span class='ocrx_word' id='word_1_105' title='bbox 956 1719 1049 1771; x_wconf 77' lang='grc' dir='ltr'><strong>τὸν</strong></span> <span class='ocrx_word' id='word_1_106' title='bbox 1086 1717 1355 1789; x_wconf 78' lang='grc' dir='ltr'><strong>ὑδριστὴν</strong></span> <span class='ocrx_word' id='word_1_107' title='bbox 1381 1715 1478 1769; x_wconf 77' lang='grc' dir='ltr'><strong>καὶ</strong></span> <span class='ocrx_word' id='word_1_108' title='bbox 1510 1712 1647 1767; x_wconf 78' lang='grc' dir='ltr'><strong>Θεοῦ</strong></span> <span class='ocrx_word' id='word_1_109' title='bbox 1684 1711 1777 1766; x_wconf 80' lang='grc' dir='ltr'><strong>καὶ</strong></span> 
     </span>
    </p>
   </div>
   <div class='ocr_carea' id='block_1_16' title="bbox 204 1806 1777 1885">
    <p class='ocr_par' dir='ltr' id='par_1_16' title="bbox 204 1806 1777 1885">
     <span class='ocr_line' id='line_1_16' title="bbox 204 1806 1777 1885; baseline -0.007 -16"><span class='ocrx_word' id='word_1_110' title='bbox 204 1815 386 1885; x_wconf 73' lang='grc' dir='ltr'><strong>νόμων</strong></span> <span class='ocrx_word' id='word_1_111' title='bbox 434 1813 597 1883; x_wconf 78' lang='grc' dir='ltr'><strong>ιερῶν</strong></span> <span class='ocrx_word' id='word_1_112' title='bbox 648 1813 1019 1883; x_wconf 79' lang='grc' dir='ltr'><strong>ἀμυνόμενος.</strong></span> <span class='ocrx_word' id='word_1_113' title='bbox 1052 1812 1161 1863; x_wconf 77' lang='grc' dir='ltr'><strong>Καὶ</strong></span> <span class='ocrx_word' id='word_1_114' title='bbox 1187 1809 1239 1862; x_wconf 81' lang='grc' dir='ltr'><strong>εἴ</strong></span> <span class='ocrx_word' id='word_1_115' title='bbox 1281 1825 1345 1877; x_wconf 84' lang='grc' dir='ltr'><strong>γε</strong></span> <span class='ocrx_word' id='word_1_116' title='bbox 1382 1810 1457 1879; x_wconf 84' lang='grc' dir='ltr'><strong>μὴ</strong></span> <span class='ocrx_word' id='word_1_117' title='bbox 1489 1807 1642 1877; x_wconf 77' lang='grc' dir='ltr'><strong>παρᾶ</strong></span> <span class='ocrx_word' id='word_1_118' title='bbox 1668 1806 1777 1859; x_wconf 86' lang='grc' dir='ltr'><strong>τῶν</strong></span> 
     </span>
    </p>
   </div>
   <div class='ocr_carea' id='block_1_17' title="bbox 204 1899 1779 1974">
    <p class='ocr_par' dir='ltr' id='par_1_17' title="bbox 204 1899 1779 1974">
     <span class='ocr_line' id='line_1_17' title="bbox 204 1899 1779 1974; baseline -0.004 -16"><span class='ocrx_word' id='word_1_119' title='bbox 204 1908 416 1960; x_wconf 76' lang='grc' dir='ltr'><strong>ἐκείνου</strong></span> <span class='ocrx_word' id='word_1_120' title='bbox 471 1904 789 1974; x_wconf 76' lang='grc' dir='ltr'><strong>δορυφόρων</strong></span> <span class='ocrx_word' id='word_1_121' title='bbox 825 1903 925 1969; x_wconf 68' lang='grc' dir='ltr'><strong>τῆς</strong></span> <span class='ocrx_word' id='word_1_122' title='bbox 983 1902 1164 1973; x_wconf 81' lang='grc' dir='ltr'><strong>ὁρμῆς</strong></span> <span class='ocrx_word' id='word_1_123' title='bbox 1215 1900 1511 1971; x_wconf 69' lang='grc' dir='ltr'><strong>ἐπεσχέθη,</strong></span> <span class='ocrx_word' id='word_1_124' title='bbox 1576 1899 1779 1969; x_wconf 84' lang='grc' dir='ltr'><strong>πτῷμα</strong></span> 
     </span>
    </p>
   </div>
   <div class='ocr_carea' id='block_1_18' title="bbox 203 1994 1333 2070">
    <p class='ocr_par' dir='ltr' id='par_1_18' title="bbox 203 1994 1333 2070">
     <span class='ocr_line' id='line_1_18' title="bbox 203 1994 1333 2070; baseline -0.005 -17"><span class='ocrx_word' id='word_1_125' title='bbox 203 2001 459 2070; x_wconf 76' lang='grc' dir='ltr'><strong>δακρύων</strong></span> <span class='ocrx_word' id='word_1_126' title='bbox 485 1998 637 2063; x_wconf 75' lang='grc' dir='ltr'><strong>ἄξιον</strong></span> <span class='ocrx_word' id='word_1_127' title='bbox 663 1997 752 2063; x_wconf 83' lang='grc' dir='ltr'><strong>ἂν,</strong></span> <span class='ocrx_word' id='word_1_128' title='bbox 787 2000 815 2053; x_wconf 99' lang='lat'><strong>6</strong></span> <span class='ocrx_word' id='word_1_129' title='bbox 841 1997 1104 2067; x_wconf 75' lang='grc' dir='ltr'><strong>τύραννος</strong></span> <span class='ocrx_word' id='word_1_130' title='bbox 1133 1994 1333 2047; x_wconf 75' lang='grc' dir='ltr'><strong>ἔκειτο.</strong></span> 
     </span>
    </p>
   </div>
   <div class='ocr_carea' id='block_1_19' title="bbox 275 2278 1785 2361">
    <p class='ocr_par' dir='ltr' id='par_1_19' title="bbox 275 2278 1785 2361">
     <span class='ocr_line' id='line_1_19' title="bbox 275 2278 1785 2361; baseline -0.009 -18"><span class='ocrx_word' id='word_1_131' title='bbox 275 2289 350 2345; x_wconf 87' lang='grc' dir='ltr'><strong>Δ’.</strong></span> <span class='ocrx_word' id='word_1_132' title='bbox 392 2292 569 2361; x_wconf 75' lang='grc' dir='ltr'><strong>Ὅπερ</strong></span> <span class='ocrx_word' id='word_1_133' title='bbox 610 2291 817 2353; x_wconf 83' lang='grc' dir='ltr'><strong>ἐκεῖνος</strong></span> <span class='ocrx_word' id='word_1_134' title='bbox 868 2289 969 2342; x_wconf 74' lang='grc' dir='ltr'><strong>οὐκ</strong></span> <span class='ocrx_word' id='word_1_135' title='bbox 992 2284 1256 2356; x_wconf 76' lang='grc' dir='ltr'><strong>ἐνεγκὼν,</strong></span> <span class='ocrx_word' id='word_1_136' title='bbox 1296 2282 1432 2337; x_wconf 79' lang='grc' dir='ltr'><strong>ἀλλὰ</strong></span> <span class='ocrx_word' id='word_1_137' title='bbox 1466 2281 1641 2352; x_wconf 88' lang='grc' dir='ltr'><strong>μέσην</strong></span> <span class='ocrx_word' id='word_1_138' title='bbox 1683 2278 1785 2348; x_wconf 81' lang='grc' dir='ltr'>τὴν</span> 
     </span>
    </p>
   </div>
   <div class='ocr_carea' id='block_1_20' title="bbox 201 2370 1784 2450">
    <p class='ocr_par' dir='ltr' id='par_1_20' title="bbox 201 2370 1784 2450">
     <span class='ocr_line' id='line_1_20' title="bbox 201 2370 1784 2450; baseline -0.008 -17"><span class='ocrx_word' id='word_1_139' title='bbox 201 2380 440 2450; x_wconf 77' lang='grc' dir='ltr'><strong>καρδίαν</strong></span> <span class='ocrx_word' id='word_1_140' title='bbox 484 2380 589 2433; x_wconf 62' lang='grc' dir='ltr'><strong>ὑπο</strong></span> <span class='ocrx_word' id='word_1_141' title='bbox 633 2380 735 2448; x_wconf 77' lang='grc' dir='ltr'><strong>τῆς</strong></span> <span class='ocrx_word' id='word_1_142' title='bbox 774 2379 945 2449; x_wconf 78' lang='grc' dir='ltr'><strong>ὀργῆς</strong></span> <span class='ocrx_word' id='word_1_143' title='bbox 983 2377 1279 2443; x_wconf 82' lang='grc' dir='ltr'><strong>ἀνατέσας,</strong></span> <span class='ocrx_word' id='word_1_144' title='bbox 1333 2374 1417 2427; x_wconf 81' lang='grc' dir='ltr'><strong>ὅτι</strong></span> <span class='ocrx_word' id='word_1_145' title='bbox 1461 2388 1567 2441; x_wconf 86' lang='grc' dir='ltr'><strong>περ</strong></span> <span class='ocrx_word' id='word_1_146' title='bbox 1611 2370 1784 2432; x_wconf 76' lang='grc' dir='ltr'><strong>οὓτως</strong></span> 
     </span>
    </p>
   </div>
   <div class='ocr_carea' id='block_1_21' title="bbox 202 2458 1786 2538">
    <p class='ocr_par' dir='ltr' id='par_1_21' title="bbox 202 2458 1786 2538">
     <span class='ocr_line' id='line_1_21' title="bbox 202 2458 1786 2538; baseline -0.008 -16"><span class='ocrx_word' id='word_1_147' title='bbox 202 2470 431 2537; x_wconf 75' lang='grc' dir='ltr'><strong>εὐτελὴς</strong></span> <span class='ocrx_word' id='word_1_148' title='bbox 492 2469 633 2538; x_wconf 81' lang='grc' dir='ltr'><strong>ἀνὴρ</strong></span> <span class='ocrx_word' id='word_1_149' title='bbox 698 2468 984 2538; x_wconf 77' lang='grc' dir='ltr'><strong>αὐχμηρὸς</strong></span> <span class='ocrx_word' id='word_1_150' title='bbox 1038 2468 1137 2537; x_wconf 81' lang='grc' dir='ltr'><strong>τὴν</strong></span> <span class='ocrx_word' id='word_1_151' title='bbox 1195 2466 1395 2536; x_wconf 83' lang='grc' dir='ltr'><strong>κόμην,</strong></span> <span class='ocrx_word' id='word_1_152' title='bbox 1452 2462 1668 2532; x_wconf 76' lang='grc' dir='ltr'><strong>οἰκτρὸς</strong></span> <span class='ocrx_word' id='word_1_153' title='bbox 1725 2458 1786 2511; x_wconf 83' lang='grc' dir='ltr'><strong>τὸ</strong></span> 
     </span>
    </p>
   </div>
   <div class='ocr_carea' id='block_1_22' title="bbox 196 2556 1783 2631">
    <p class='ocr_par' dir='ltr' id='par_1_22' title="bbox 196 2556 1783 2631">
     <span class='ocr_line' id='line_1_22' title="bbox 196 2556 1783 2631; baseline -0.006 -18"><span class='ocrx_word' id='word_1_154' title='bbox 196 2560 495 2631; x_wconf 76' lang='grc' dir='ltr'><strong>τριῦώνιον</strong></span> <span class='ocrx_word' id='word_1_155' title='bbox 529 2562 667 2629; x_wconf 76' lang='grc' dir='ltr'><strong>μετὰ</strong></span> <span class='ocrx_word' id='word_1_156' title='bbox 707 2563 975 2629; x_wconf 79' lang='grc' dir='ltr'><strong>τοσαύτης</strong></span> <span class='ocrx_word' id='word_1_157' title='bbox 1022 2557 1168 2629; x_wconf 78' lang='grc' dir='ltr'><strong>αὐτῷ</strong></span> <span class='ocrx_word' id='word_1_158' title='bbox 1211 2559 1308 2628; x_wconf 82' lang='grc' dir='ltr'><strong>τῆς</strong></span> <span class='ocrx_word' id='word_1_159' title='bbox 1349 2556 1558 2625; x_wconf 81' lang='grc' dir='ltr'><strong>τόλμης</strong></span> <span class='ocrx_word' id='word_1_160' title='bbox 1611 2569 1783 2623; x_wconf 85' lang='grc' dir='ltr'><strong>προσ-</strong></span> 
     </span>
    </p>
   </div>
   <div class='ocr_carea' id='block_1_23' title="bbox 204 2647 1779 2722">
    <p class='ocr_par' dir='ltr' id='par_1_23' title="bbox 204 2647 1779 2722">
     <span class='ocr_line' id='line_1_23' title="bbox 204 2647 1779 2722; baseline -0.006 -17"><span class='ocrx_word' id='word_1_161' title='bbox 204 2651 476 2722; x_wconf 82' lang='grc' dir='ltr'><strong>ενεχθείη,</strong></span> <span class='ocrx_word' id='word_1_162' title='bbox 498 2651 712 2721; x_wconf 78' lang='grc' dir='ltr'><strong>φυλακῇ</strong></span> <span class='ocrx_word' id='word_1_163' title='bbox 743 2650 833 2703; x_wconf 77' lang='grc' dir='ltr'><strong>τὸν</strong></span> <span class='ocrx_word' id='word_1_164' title='bbox 856 2651 1009 2718; x_wconf 84' lang='grc' dir='ltr'><strong>ἆγιον</strong></span> <span class='ocrx_word' id='word_1_165' title='bbox 1032 2652 1122 2702; x_wconf 69' lang='grc' dir='ltr'><strong>καὶ</strong></span> <span class='ocrx_word' id='word_1_166' title='bbox 1145 2650 1362 2718; x_wconf 81' lang='grc' dir='ltr'><strong>δεσμοῖς</strong></span> <span class='ocrx_word' id='word_1_167' title='bbox 1389 2647 1779 2717; x_wconf 80' lang='grc' dir='ltr'><strong>παραδίδωσιν,</strong></span> 
     </span>
    </p>
   </div>
   <div class='ocr_carea' id='block_1_24' title="bbox 202 2741 1783 2813">
    <p class='ocr_par' dir='ltr' id='par_1_24' title="bbox 202 2741 1783 2813">
     <span class='ocr_line' id='line_1_24' title="bbox 202 2741 1783 2813; baseline -0.005 -16"><span class='ocrx_word' id='word_1_168' title='bbox 202 2741 294 2798; x_wconf 81' lang='grc' dir='ltr'><strong>οἶα</strong></span> <span class='ocrx_word' id='word_1_169' title='bbox 350 2744 662 2813; x_wconf 73' lang='grc' dir='ltr'><strong>παράϐολὸν</strong></span> <span class='ocrx_word' id='word_1_170' title='bbox 696 2760 749 2795; x_wconf 89' lang='grc' dir='ltr'><strong>τι</strong></span> <span class='ocrx_word' id='word_1_171' title='bbox 808 2743 902 2795; x_wconf 76' lang='grc' dir='ltr'><strong>καὶ</strong></span> <span class='ocrx_word' id='word_1_172' title='bbox 955 2741 1130 2811; x_wconf 80' lang='grc' dir='ltr'><strong>θρασὺ</strong></span> <span class='ocrx_word' id='word_1_173' title='bbox 1181 2741 1505 2810; x_wconf 83' lang='grc' dir='ltr'><strong>δεδρακότα,</strong></span> <span class='ocrx_word' id='word_1_174' title='bbox 1547 2742 1644 2791; x_wconf 70' lang='grc' dir='ltr'><strong>καὶ</strong></span> <span class='ocrx_word' id='word_1_175' title='bbox 1685 2742 1783 2806; x_wconf 85' lang='grc' dir='ltr'><strong>τὴν</strong></span> 
     </span>
    </p>
   </div>
   <div class='ocr_carea' id='block_1_25' title="bbox 202 2827 1782 2904">
    <p class='ocr_par' dir='ltr' id='par_1_25' title="bbox 202 2827 1782 2904">
     <span class='ocr_line' id='line_1_25' title="bbox 202 2827 1782 2904; baseline -0.004 -17"><span class='ocrx_word' id='word_1_176' title='bbox 202 2838 365 2904; x_wconf 80' lang='grc' dir='ltr'><strong>δίκην</strong></span> <span class='ocrx_word' id='word_1_177' title='bbox 397 2834 555 2898; x_wconf 81' lang='grc' dir='ltr'>ἀξίαν</span> <span class='ocrx_word' id='word_1_178' title='bbox 588 2833 874 2902; x_wconf 79' lang='grc' dir='ltr'><strong>ὑφέξοντα.</strong></span> <span class='ocrx_word' id='word_1_179' title='bbox 916 2832 1154 2894; x_wconf 71' lang='grc' dir='ltr'><strong>Πολλοὺς</strong></span> <span class='ocrx_word' id='word_1_180' title='bbox 1189 2832 1287 2901; x_wconf 82' lang='grc' dir='ltr'><strong>μὲν</strong></span> <span class='ocrx_word' id='word_1_181' title='bbox 1326 2827 1420 2883; x_wconf 75' lang='grc' dir='ltr'><strong>οὖν</strong></span> <span class='ocrx_word' id='word_1_182' title='bbox 1452 2832 1546 2883; x_wconf 72' lang='grc' dir='ltr'><strong>καὶ</strong></span> <span class='ocrx_word' id='word_1_183' title='bbox 1588 2829 1782 2892; x_wconf 76' lang='grc' dir='ltr'><strong>ἄλλους</strong></span> 
     </span>
    </p>
   </div>
   <div class='ocr_carea' id='block_1_26' title="bbox 206 2918 1785 2993">
    <p class='ocr_par' dir='ltr' id='par_1_26' title="bbox 206 2918 1785 2993">
     <span class='ocr_line' id='line_1_26' title="bbox 206 2918 1785 2993; baseline -0.004 -17"><span class='ocrx_word' id='word_1_184' title='bbox 206 2920 327 2993; x_wconf 72' lang='grc' dir='ltr'><strong>εἶχε</strong></span> <span class='ocrx_word' id='word_1_185' title='bbox 382 2924 440 2975; x_wconf 81' lang='grc' dir='ltr'><strong>τὸ</strong></span> <span class='ocrx_word' id='word_1_186' title='bbox 490 2923 863 2991; x_wconf 65' lang='grc' dir='ltr'><strong>δεσμωτήριον</strong></span> <span class='ocrx_word' id='word_1_187' title='bbox 918 2921 1055 2990; x_wconf 80' lang='grc' dir='ltr'><strong>ὑπὲρ</strong></span> <span class='ocrx_word' id='word_1_188' title='bbox 1107 2920 1389 2982; x_wconf 75' lang='grc' dir='ltr'><strong>εὐσεϐείας</strong></span> <span class='ocrx_word' id='word_1_189' title='bbox 1454 2920 1548 2971; x_wconf 72' lang='grc' dir='ltr'><strong>καὶ</strong></span> <span class='ocrx_word' id='word_1_190' title='bbox 1587 2918 1785 2981; x_wconf 80' lang='grc' dir='ltr'><strong>αὐτοὺς</strong></span> 
     </span>
    </p>
   </div>
   <div class='ocr_carea' id='block_1_27' title="bbox 208 3011 1781 3082">
    <p class='ocr_par' dir='ltr' id='par_1_27' title="bbox 208 3011 1781 3082">
     <span class='ocr_line' id='line_1_27' title="bbox 208 3011 1781 3082; baseline -0.003 -16"><span class='ocrx_word' id='word_1_191' title='bbox 208 3013 811 3082; x_wconf 61' lang='grc' dir='ltr'><strong>κατακεκλασμένους.</strong></span> <span class='ocrx_word' id='word_1_192' title='bbox 856 3012 1017 3075; x_wconf 68' lang='grc' dir='ltr'><strong>Ἀλλὰ</strong></span> <span class='ocrx_word' id='word_1_193' title='bbox 1064 3014 1229 3066; x_wconf 79' lang='grc' dir='ltr'><strong>πᾶσιν</strong></span> <span class='ocrx_word' id='word_1_194' title='bbox 1275 3013 1459 3075; x_wconf 71' lang='grc' dir='ltr'><strong>αὐτοῖς</strong></span> <span class='ocrx_word' id='word_1_195' title='bbox 1508 3011 1647 3081; x_wconf 79' lang='grc' dir='ltr'><strong>ῥοπὴ</strong></span> <span class='ocrx_word' id='word_1_196' title='bbox 1683 3028 1781 3080; x_wconf 83' lang='grc' dir='ltr'><strong>με·</strong></span> 
     </span>
    </p>
   </div>
   <div class='ocr_carea' id='block_1_28' title="bbox 209 3102 1785 3176">
    <p class='ocr_par' dir='ltr' id='par_1_28' title="bbox 209 3102 1785 3176">
     <span class='ocr_line' id='line_1_28' title="bbox 209 3102 1785 3176; baseline 0.001 -23"><span class='ocrx_word' id='word_1_197' title='bbox 209 3108 380 3176; x_wconf 75' lang='grc' dir='ltr'><strong>γίστη</strong></span> <span class='ocrx_word' id='word_1_198' title='bbox 415 3107 508 3159; x_wconf 72' lang='grc' dir='ltr'><strong>καὶ</strong></span> <span class='ocrx_word' id='word_1_199' title='bbox 548 3105 684 3175; x_wconf 80' lang='grc' dir='ltr'><strong>πρὸς</strong></span> <span class='ocrx_word' id='word_1_200' title='bbox 718 3104 778 3155; x_wconf 85' lang='grc' dir='ltr'><strong>τὸ</strong></span> <span class='ocrx_word' id='word_1_201' title='bbox 806 3104 1113 3173; x_wconf 76' lang='grc' dir='ltr'><strong>μαρτύριον</strong></span> <span class='ocrx_word' id='word_1_202' title='bbox 1163 3104 1530 3174; x_wconf 79' lang='grc' dir='ltr'><strong>παράκλησις,</strong></span> <span class='ocrx_word' id='word_1_203' title='bbox 1565 3104 1593 3154; x_wconf 90' lang='lat'><strong>6</strong></span> <span class='ocrx_word' id='word_1_204' title='bbox 1621 3102 1785 3164; x_wconf 75' lang='grc' dir='ltr'><strong>καλὸς</strong></span> 
     </span>
    </p>
   </div>
   <div class='ocr_carea' id='block_1_29' title="bbox 1326 390 2326 460">
    <p class='ocr_par' dir='ltr' id='par_1_29' title="bbox 1326 390 2326 460">
     <span class='ocr_line' id='line_1_29' title="bbox 1326 390 2326 460; baseline -0.008 0"><span class='ocrx_word' id='word_1_205' title='bbox 1326 394 1796 460; x_wconf 79' lang='lat' dir='ltr'><strong>MARTYRIUM</strong></span> <span class='ocrx_word' id='word_1_206' title='bbox 1832 391 1891 455; x_wconf 90' lang='lat' dir='ltr'><strong>S.</strong></span> <span class='ocrx_word' id='word_1_207' title='bbox 1932 390 2326 454; x_wconf 79' lang='lat' dir='ltr'><strong>EPIMACIII.</strong></span> 
     </span>
    </p>
   </div>
   <div class='ocr_carea' id='block_1_30' title="bbox 3313 395 3450 463">
    <p class='ocr_par' dir='ltr' id='par_1_30' title="bbox 3313 395 3450 463">
     <span class='ocr_line' id='line_1_30' title="bbox 3313 395 3450 463; baseline 0.036 -5"><span class='ocrx_word' id='word_1_208' title='bbox 3313 395 3450 463; x_wconf 75' lang='grc'><strong>1322</strong></span> 
     </span>
    </p>
   </div>
   <div class='ocr_carea' id='block_1_31' title="bbox 1955 505 3447 581">
    <p class='ocr_par' dir='ltr' id='par_1_31' title="bbox 1955 505 3447 581">
     <span class='ocr_line' id='line_1_31' title="bbox 1955 505 3447 581; baseline 0.003 -19"><span class='ocrx_word' id='word_1_209' title='bbox 1955 507 2051 563; x_wconf 82' lang='grc' dir='ltr'><strong>ιιι.</strong></span> <span class='ocrx_word' id='word_1_210' title='bbox 2092 506 2247 561; x_wconf 90' lang='lat' dir='ltr'><strong>Tunc</strong></span> <span class='ocrx_word' id='word_1_211' title='bbox 2301 505 2466 578; x_wconf 90' lang='lat' dir='ltr'><strong>igitur</strong></span> <span class='ocrx_word' id='word_1_212' title='bbox 2518 505 2819 578; x_wconf 79' lang='lat' dir='ltr'><strong>Epimacho</strong></span> <span class='ocrx_word' id='word_1_213' title='bbox 2878 507 3113 564; x_wconf 90' lang='lat' dir='ltr'><strong>solitudo</strong></span> <span class='ocrx_word' id='word_1_214' title='bbox 3172 508 3287 581; x_wconf 86' lang='lat' dir='ltr'><strong>ipsa</strong></span> <span class='ocrx_word' id='word_1_215' title='bbox 3337 526 3447 567; x_wconf 86' lang='lat' dir='ltr'><strong>non</strong></span> 
     </span>
    </p>
   </div>
   <div class='ocr_carea' id='block_1_32' title="bbox 1883 601 3455 677">
    <p class='ocr_par' dir='ltr' id='par_1_32' title="bbox 1883 601 3455 677">
     <span class='ocr_line' id='line_1_32' title="bbox 1883 601 3455 677; baseline 0.003 -21"><span class='ocrx_word' id='word_1_216' title='bbox 1883 602 2117 672; x_wconf 78' lang='lat' dir='ltr'><strong>amplius</strong></span> <span class='ocrx_word' id='word_1_217' title='bbox 2156 601 2257 655; x_wconf 82' lang='lat' dir='ltr'><strong>fuit</strong></span> <span class='ocrx_word' id='word_1_218' title='bbox 2304 601 2579 671; x_wconf 88' lang='lat' dir='ltr'><strong>optabilis,</strong></span> <span class='ocrx_word' id='word_1_219' title='bbox 2630 618 2808 673; x_wconf 87' lang='lat' dir='ltr'><strong>neque</strong></span> <span class='ocrx_word' id='word_1_220' title='bbox 2843 603 2931 657; x_wconf 90' lang='lat' dir='ltr'><strong>illa</strong></span> <span class='ocrx_word' id='word_1_221' title='bbox 2969 604 3094 660; x_wconf 74' lang='lat' dir='ltr'><strong>vita:</strong></span> <span class='ocrx_word' id='word_1_222' title='bbox 3134 606 3273 661; x_wconf 91' lang='lat' dir='ltr'><strong>ratio</strong></span> <span class='ocrx_word' id='word_1_223' title='bbox 3305 615 3455 677; x_wconf 87' lang='lat' dir='ltr'><strong>grata</strong></span> 
     </span>
    </p>
   </div>
   <div class='ocr_carea' id='block_1_33' title="bbox 1882 694 3455 766">
    <p class='ocr_par' dir='ltr' id='par_1_33' title="bbox 1882 694 3455 766">
     <span class='ocr_line' id='line_1_33' title="bbox 1882 694 3455 766; baseline 0.002 -18"><span class='ocrx_word' id='word_1_224' title='bbox 1882 703 2018 757; x_wconf 86' lang='lat' dir='ltr'><strong>erat,</strong></span> <span class='ocrx_word' id='word_1_225' title='bbox 2065 708 2173 762; x_wconf 85' lang='lat' dir='ltr'><strong>qua</strong></span> <span class='ocrx_word' id='word_1_226' title='bbox 2220 695 2672 749; x_wconf 85' lang='lat' dir='ltr'><strong>consuetudinem</strong></span> <span class='ocrx_word' id='word_1_227' title='bbox 2719 704 2771 750; x_wconf 90' lang='lat' dir='ltr'><strong>et</strong></span> <span class='ocrx_word' id='word_1_228' title='bbox 2803 694 3086 750; x_wconf 90' lang='lat' dir='ltr'><strong>hominum</strong></span> <span class='ocrx_word' id='word_1_229' title='bbox 3121 696 3455 766; x_wconf 81' lang='lat' dir='ltr'><strong>impietatem</strong></span> 
     </span>
    </p>
   </div>
   <div class='ocr_carea' id='block_1_34' title="bbox 1880 787 3460 858">
    <p class='ocr_par' dir='ltr' id='par_1_34' title="bbox 1880 787 3460 858">
     <span class='ocr_line' id='line_1_34' title="bbox 1880 787 3460 858; baseline 0.002 -19"><span class='ocrx_word' id='word_1_230' title='bbox 1880 787 2127 849; x_wconf 82' lang='lat' dir='ltr'><strong>vitabat;</strong></span> <span class='ocrx_word' id='word_1_231' title='bbox 2176 787 2271 841; x_wconf 85' lang='lat' dir='ltr'><strong>sed</strong></span> <span class='ocrx_word' id='word_1_232' title='bbox 2305 787 2507 841; x_wconf 86' lang='lat' dir='ltr'><strong>amoris</strong></span> <span class='ocrx_word' id='word_1_233' title='bbox 2549 788 2742 842; x_wconf 87' lang='lat' dir='ltr'><strong>ardore</strong></span> <span class='ocrx_word' id='word_1_234' title='bbox 2772 788 2827 842; x_wconf 92' lang='lat' dir='ltr'><strong>in</strong></span> <span class='ocrx_word' id='word_1_235' title='bbox 2860 788 2954 844; x_wconf 87' lang='lat' dir='ltr'><strong>Dei</strong></span> <span class='ocrx_word' id='word_1_236' title='bbox 3001 788 3259 858; x_wconf 84' lang='lat' dir='ltr'><strong>pietatem</strong></span> <span class='ocrx_word' id='word_1_237' title='bbox 3291 788 3460 843; x_wconf 80' lang='lat' dir='ltr'><strong>vehe-</strong></span> 
     </span>
    </p>
   </div>
   <div class='ocr_carea' id='block_1_35' title="bbox 1883 877 3459 949">
    <p class='ocr_par' dir='ltr' id='par_1_35' title="bbox 1883 877 3459 949">
     <span class='ocr_line' id='line_1_35' title="bbox 1883 877 3459 949; baseline 0 -17"><span class='ocrx_word' id='word_1_238' title='bbox 1883 877 2225 933; x_wconf 90' lang='lat' dir='ltr'><strong>mentissime</strong></span> <span class='ocrx_word' id='word_1_239' title='bbox 2261 892 2547 943; x_wconf 90' lang='lat' dir='ltr'><strong>accensus,</strong></span> <span class='ocrx_word' id='word_1_240' title='bbox 2576 887 2632 932; x_wconf 92' lang='lat' dir='ltr'><strong>et</strong></span> <span class='ocrx_word' id='word_1_241' title='bbox 2661 878 2778 932; x_wconf 82' lang='lat' dir='ltr'><strong>zelo</strong></span> <span class='ocrx_word' id='word_1_242' title='bbox 2806 878 3044 948; x_wconf 90' lang='lat' dir='ltr'><strong>quodam</strong></span> <span class='ocrx_word' id='word_1_243' title='bbox 3076 893 3273 949; x_wconf 83' lang='lat' dir='ltr'><strong>magno</strong></span> <span class='ocrx_word' id='word_1_244' title='bbox 3306 879 3459 934; x_wconf 77' lang='lat' dir='ltr'><strong>exei-</strong></span> 
     </span>
    </p>
   </div>
   <div class='ocr_carea' id='block_1_36' title="bbox 1883 969 3459 1041">
    <p class='ocr_par' dir='ltr' id='par_1_36' title="bbox 1883 969 3459 1041">
     <span class='ocr_line' id='line_1_36' title="bbox 1883 969 3459 1041; baseline 0.002 -21"><span class='ocrx_word' id='word_1_245' title='bbox 1883 975 2052 1031; x_wconf 89' lang='lat' dir='ltr'><strong>tatus,</strong></span> <span class='ocrx_word' id='word_1_246' title='bbox 2083 971 2247 1024; x_wconf 88' lang='lat' dir='ltr'><strong>vitam</strong></span> <span class='ocrx_word' id='word_1_247' title='bbox 2300 969 2483 1036; x_wconf 86' lang='lat' dir='ltr'><strong>simul,</strong></span> <span class='ocrx_word' id='word_1_248' title='bbox 2523 970 2874 1024; x_wconf 87' lang='lat' dir='ltr'><strong>solitudinem</strong></span> <span class='ocrx_word' id='word_1_249' title='bbox 2922 977 2974 1025; x_wconf 87' lang='lat' dir='ltr'><strong>et</strong></span> <span class='ocrx_word' id='word_1_250' title='bbox 3021 970 3263 1041; x_wconf 86' lang='lat' dir='ltr'><strong>quietem</strong></span> <span class='ocrx_word' id='word_1_251' title='bbox 3310 969 3459 1024; x_wconf 87' lang='lat' dir='ltr'><strong>illam</strong></span> 
     </span>
    </p>
   </div>
   <div class='ocr_carea' id='block_1_37' title="bbox 1882 1060 3457 1130">
    <p class='ocr_par' dir='ltr' id='par_1_37' title="bbox 1882 1060 3457 1130">
     <span class='ocr_line' id='line_1_37' title="bbox 1882 1060 3457 1130; baseline 0.001 -16"><span class='ocrx_word' id='word_1_252' title='bbox 1882 1060 2234 1130; x_wconf 86' lang='lat' dir='ltr'><strong>contempsit,</strong></span> <span class='ocrx_word' id='word_1_253' title='bbox 2272 1071 2326 1115; x_wconf 87' lang='lat' dir='ltr'><strong>et</strong></span> <span class='ocrx_word' id='word_1_254' title='bbox 2354 1062 2423 1116; x_wconf 90' lang='lat' dir='ltr'><strong>ab</strong></span> <span class='ocrx_word' id='word_1_255' title='bbox 2448 1076 2633 1116; x_wconf 91' lang='lat' dir='ltr'><strong>eremo</strong></span> <span class='ocrx_word' id='word_1_256' title='bbox 2658 1061 2714 1116; x_wconf 93' lang='lat' dir='ltr'><strong>in</strong></span> <span class='ocrx_word' id='word_1_257' title='bbox 2747 1060 2980 1115; x_wconf 87' lang='lat' dir='ltr'><strong>mediam</strong></span> <span class='ocrx_word' id='word_1_258' title='bbox 3012 1062 3201 1116; x_wconf 84' lang='lat' dir='ltr'><strong>urbem</strong></span> <span class='ocrx_word' id='word_1_259' title='bbox 3226 1062 3457 1118; x_wconf 86' lang='lat' dir='ltr'><strong>descen-</strong></span> 
     </span>
    </p>
   </div>
   <div class='ocr_carea' id='block_1_38' title="bbox 1881 1151 3458 1224">
    <p class='ocr_par' dir='ltr' id='par_1_38' title="bbox 1881 1151 3458 1224">
     <span class='ocr_line' id='line_1_38' title="bbox 1881 1151 3458 1224; baseline 0.001 -17"><span class='ocrx_word' id='word_1_260' title='bbox 1881 1152 2001 1207; x_wconf 92' lang='lat' dir='ltr'><strong>dit:</strong></span> <span class='ocrx_word' id='word_1_261' title='bbox 2037 1151 2287 1221; x_wconf 89' lang='lat' dir='ltr'><strong>quiuimo</strong></span> <span class='ocrx_word' id='word_1_262' title='bbox 2330 1153 2463 1206; x_wconf 90' lang='lat' dir='ltr'><strong>adiit</strong></span> <span class='ocrx_word' id='word_1_263' title='bbox 2504 1153 2571 1207; x_wconf 88' lang='lat' dir='ltr'><strong>ad</strong></span> <span class='ocrx_word' id='word_1_264' title='bbox 2612 1153 2847 1207; x_wconf 84' lang='lat' dir='ltr'><strong>tribunal</strong></span> <span class='ocrx_word' id='word_1_265' title='bbox 2899 1152 3137 1224; x_wconf 80' lang='lat' dir='ltr'><strong>tyranni,</strong></span> <span class='ocrx_word' id='word_1_266' title='bbox 3184 1153 3323 1207; x_wconf 87' lang='lat' dir='ltr'><strong>nihil</strong></span> <span class='ocrx_word' id='word_1_267' title='bbox 3360 1168 3458 1208; x_wconf 84' lang='lat' dir='ltr'><strong>eo-</strong></span> 
     </span>
    </p>
   </div>
   <div class='ocr_carea' id='block_1_39' title="bbox 1884 1240 3461 1308">
    <p class='ocr_par' dir='ltr' id='par_1_39' title="bbox 1884 1240 3461 1308">
     <span class='ocr_line' id='line_1_39' title="bbox 1884 1240 3461 1308; baseline 0.001 -17"><span class='ocrx_word' id='word_1_268' title='bbox 1884 1254 2003 1292; x_wconf 88' lang='lat' dir='ltr'><strong>rum</strong></span> <span class='ocrx_word' id='word_1_269' title='bbox 2040 1248 2313 1303; x_wconf 86' lang='lat' dir='ltr'><strong>metuens,</strong></span> <span class='ocrx_word' id='word_1_270' title='bbox 2352 1253 2471 1307; x_wconf 73' lang='lat' dir='ltr'><strong>quze</strong></span> <span class='ocrx_word' id='word_1_271' title='bbox 2503 1240 2779 1308; x_wconf 81' lang='lat' dir='ltr'><strong>corporeis</strong></span> <span class='ocrx_word' id='word_1_272' title='bbox 2802 1240 2974 1295; x_wconf 89' lang='lat' dir='ltr'><strong>oculis</strong></span> <span class='ocrx_word' id='word_1_273' title='bbox 3004 1248 3329 1305; x_wconf 89' lang='lat' dir='ltr'><strong>cernuntur,</strong></span> <span class='ocrx_word' id='word_1_274' title='bbox 3360 1251 3461 1294; x_wconf 76' lang='lat' dir='ltr'><strong>ne-</strong></span> 
     </span>
    </p>
   </div>
   <div class='ocr_carea' id='block_1_40' title="bbox 1887 1329 3463 1401">
    <p class='ocr_par' dir='ltr' id='par_1_40' title="bbox 1887 1329 3463 1401">
     <span class='ocr_line' id='line_1_40' title="bbox 1887 1329 3463 1401; baseline 0.003 -19"><span class='ocrx_word' id='word_1_275' title='bbox 1887 1344 1993 1399; x_wconf 74' lang='lat' dir='ltr'><strong>que</strong></span> <span class='ocrx_word' id='word_1_276' title='bbox 2031 1329 2118 1384; x_wconf 90' lang='lat' dir='ltr'><strong>his</strong></span> <span class='ocrx_word' id='word_1_277' title='bbox 2168 1331 2351 1395; x_wconf 87' lang='lat' dir='ltr'><strong>rebus,</strong></span> <span class='ocrx_word' id='word_1_278' title='bbox 2390 1344 2509 1399; x_wconf 67' lang='lat' dir='ltr'><strong>quae</strong></span> <span class='ocrx_word' id='word_1_279' title='bbox 2553 1338 2818 1384; x_wconf 91' lang='lat' dir='ltr'><strong>terrorem</strong></span> <span class='ocrx_word' id='word_1_280' title='bbox 2873 1332 3149 1400; x_wconf 86' lang='lat' dir='ltr'><strong>injiciunt,</strong></span> <span class='ocrx_word' id='word_1_281' title='bbox 3186 1339 3463 1401; x_wconf 85' lang='lat' dir='ltr'><strong>perterre-</strong></span> 
     </span>
    </p>
   </div>
   <div class='ocr_carea' id='block_1_41' title="bbox 1883 1418 3460 1485">
    <p class='ocr_par' dir='ltr' id='par_1_41' title="bbox 1883 1418 3460 1485">
     <span class='ocr_line' id='line_1_41' title="bbox 1883 1418 3460 1485; baseline -0.001 -9"><span class='ocrx_word' id='word_1_282' title='bbox 1883 1420 2077 1476; x_wconf 75' lang='lat' dir='ltr'><strong>factus.</strong></span> <span class='ocrx_word' id='word_1_283' title='bbox 2115 1420 2293 1485; x_wconf 88' lang='lat' dir='ltr'><strong>Quare</strong></span> <span class='ocrx_word' id='word_1_284' title='bbox 2332 1420 2709 1475; x_wconf 79' lang='lat' dir='ltr'><strong>admirabilem</strong></span> <span class='ocrx_word' id='word_1_285' title='bbox 2746 1420 2914 1473; x_wconf 89' lang='lat' dir='ltr'><strong>animi</strong></span> <span class='ocrx_word' id='word_1_286' title='bbox 2945 1418 3322 1475; x_wconf 78' lang='lat' dir='ltr'><strong>fortitudinem</strong></span> <span class='ocrx_word' id='word_1_287' title='bbox 3372 1420 3460 1475; x_wconf 88' lang='lat' dir='ltr'><strong>in-</strong></span> 
     </span>
    </p>
   </div>
   <div class='ocr_carea' id='block_1_42' title="bbox 1882 1516 3462 1587">
    <p class='ocr_par' dir='ltr' id='par_1_42' title="bbox 1882 1516 3462 1587">
     <span class='ocr_line' id='line_1_42' title="bbox 1882 1516 3462 1587; baseline 0.001 -16"><span class='ocrx_word' id='word_1_288' title='bbox 1882 1517 2103 1571; x_wconf 80' lang='lat' dir='ltr'><strong>dicavit.</strong></span> <span class='ocrx_word' id='word_1_289' title='bbox 2138 1516 2404 1587; x_wconf 83' lang='lat' dir='ltr'><strong>Deinceps</strong></span> <span class='ocrx_word' id='word_1_290' title='bbox 2456 1518 2725 1573; x_wconf 89' lang='lat' dir='ltr'><strong>idolorum</strong></span> <span class='ocrx_word' id='word_1_291' title='bbox 2778 1532 2927 1571; x_wconf 89' lang='lat' dir='ltr'><strong>aram</strong></span> <span class='ocrx_word' id='word_1_292' title='bbox 2976 1517 3199 1583; x_wconf 77' lang='lat' dir='ltr'><strong>evertit,</strong></span> <span class='ocrx_word' id='word_1_293' title='bbox 3232 1532 3462 1587; x_wconf 73' lang='lat' dir='ltr'><strong>eamque</strong></span> 
     </span>
    </p>
   </div>
   <div class='ocr_carea' id='block_1_43' title="bbox 1894 1608 3462 1680">
    <p class='ocr_par' dir='ltr' id='par_1_43' title="bbox 1894 1608 3462 1680">
     <span class='ocr_line' id='line_1_43' title="bbox 1894 1608 3462 1680; baseline -0.001 -18"><span class='ocrx_word' id='word_1_294' title='bbox 1894 1608 2012 1662; x_wconf 86' lang='lat' dir='ltr'><strong>solo</strong></span> <span class='ocrx_word' id='word_1_295' title='bbox 2072 1608 2398 1676; x_wconf 71' lang='lat' dir='ltr'><strong>aquuavit,</strong></span> <span class='ocrx_word' id='word_1_296' title='bbox 2459 1609 2654 1677; x_wconf 87' lang='lat' dir='ltr'><strong>partim</strong></span> <span class='ocrx_word' id='word_1_297' title='bbox 2705 1622 2969 1680; x_wconf 84' lang='lat' dir='ltr'><strong>generosa</strong></span> <span class='ocrx_word' id='word_1_298' title='bbox 3022 1616 3078 1663; x_wconf 90' lang='lat' dir='ltr'><strong>et</strong></span> <span class='ocrx_word' id='word_1_299' title='bbox 3111 1608 3239 1663; x_wconf 88' lang='lat' dir='ltr'><strong>l&#39;orti</strong></span> <span class='ocrx_word' id='word_1_300' title='bbox 3274 1623 3462 1670; x_wconf 87' lang='lat' dir='ltr'><strong>manu,</strong></span> 
     </span>
    </p>
   </div>
   <div class='ocr_carea' id='block_1_44' title="bbox 1886 1698 3459 1768">
    <p class='ocr_par' dir='ltr' id='par_1_44' title="bbox 1886 1698 3459 1768">
     <span class='ocr_line' id='line_1_44' title="bbox 1886 1698 3459 1768; baseline 0.001 -17"><span class='ocrx_word' id='word_1_301' title='bbox 1886 1698 2087 1768; x_wconf 88' lang='lat' dir='ltr'><strong>partim</strong></span> <span class='ocrx_word' id='word_1_302' title='bbox 2119 1700 2361 1767; x_wconf 73' lang='lat' dir='ltr'><strong>porentia</strong></span> <span class='ocrx_word' id='word_1_303' title='bbox 2401 1699 2655 1768; x_wconf 85' lang='lat' dir='ltr'><strong>quadam,</strong></span> <span class='ocrx_word' id='word_1_304' title='bbox 2690 1714 2798 1753; x_wconf 91' lang='lat' dir='ltr'><strong>non</strong></span> <span class='ocrx_word' id='word_1_305' title='bbox 2844 1699 3103 1764; x_wconf 88' lang='lat' dir='ltr'><strong>humana,</strong></span> <span class='ocrx_word' id='word_1_306' title='bbox 3141 1698 3237 1754; x_wconf 90' lang='lat' dir='ltr'><strong>sed</strong></span> <span class='ocrx_word' id='word_1_307' title='bbox 3273 1699 3459 1754; x_wconf 84' lang='lat' dir='ltr'><strong>divina</strong></span> 
     </span>
    </p>
   </div>
   <div class='ocr_carea' id='block_1_45' title="bbox 1886 1789 3462 1860">
    <p class='ocr_par' dir='ltr' id='par_1_45' title="bbox 1886 1789 3462 1860">
     <span class='ocr_line' id='line_1_45' title="bbox 1886 1789 3462 1860; baseline 0.001 -17"><span class='ocrx_word' id='word_1_308' title='bbox 1886 1805 2038 1844; x_wconf 90' lang='lat' dir='ltr'><strong>usus.</strong></span> <span class='ocrx_word' id='word_1_309' title='bbox 2075 1790 2155 1843; x_wconf 84' lang='lat' dir='ltr'><strong>Ad</strong></span> <span class='ocrx_word' id='word_1_310' title='bbox 2195 1790 2309 1843; x_wconf 72' lang='lat' dir='ltr'><strong>haec</strong></span> <span class='ocrx_word' id='word_1_311' title='bbox 2338 1798 2392 1844; x_wconf 91' lang='lat' dir='ltr'><strong>et</strong></span> <span class='ocrx_word' id='word_1_312' title='bbox 2439 1790 2701 1845; x_wconf 88' lang='lat' dir='ltr'><strong>adversus</strong></span> <span class='ocrx_word' id='word_1_313' title='bbox 2728 1790 2970 1859; x_wconf 88' lang='lat' dir='ltr'><strong>judicem</strong></span> <span class='ocrx_word' id='word_1_314' title='bbox 3016 1789 3279 1860; x_wconf 89' lang='lat' dir='ltr'><strong>impetum</strong></span> <span class='ocrx_word' id='word_1_315' title='bbox 3313 1791 3462 1853; x_wconf 80' lang='lat' dir='ltr'><strong>fecit,</strong></span> 
     </span>
    </p>
   </div>
   <div class='ocr_carea' id='block_1_46' title="bbox 1882 1882 3466 1955">
    <p class='ocr_par' dir='ltr' id='par_1_46' title="bbox 1882 1882 3466 1955">
     <span class='ocr_line' id='line_1_46' title="bbox 1882 1882 3466 1955; baseline 0.001 -18"><span class='ocrx_word' id='word_1_316' title='bbox 1882 1885 2040 1955; x_wconf 90' lang='lat' dir='ltr'><strong>justo</strong></span> <span class='ocrx_word' id='word_1_317' title='bbox 2073 1883 2311 1951; x_wconf 91' lang='lat' dir='ltr'><strong>quodam</strong></span> <span class='ocrx_word' id='word_1_318' title='bbox 2346 1882 2533 1937; x_wconf 82' lang='lat' dir='ltr'><strong>furore</strong></span> <span class='ocrx_word' id='word_1_319' title='bbox 2574 1883 2724 1936; x_wconf 92' lang='lat' dir='ltr'><strong>illum</strong></span> <span class='ocrx_word' id='word_1_320' title='bbox 2755 1883 3048 1948; x_wconf 89' lang='lat' dir='ltr'><strong>ulciscens,</strong></span> <span class='ocrx_word' id='word_1_321' title='bbox 3078 1884 3172 1952; x_wconf 90' lang='lat' dir='ltr'><strong>qui</strong></span> <span class='ocrx_word' id='word_1_322' title='bbox 3212 1882 3381 1937; x_wconf 85' lang='lat' dir='ltr'><strong>Deum</strong></span> <span class='ocrx_word' id='word_1_323' title='bbox 3411 1894 3466 1938; x_wconf 90' lang='lat' dir='ltr'><strong>et</strong></span> 
     </span>
    </p>
   </div>
   <div class='ocr_carea' id='block_1_47' title="bbox 1886 1970 3465 2041">
    <p class='ocr_par' dir='ltr' id='par_1_47' title="bbox 1886 1970 3465 2041">
     <span class='ocr_line' id='line_1_47' title="bbox 1886 1970 3465 2041; baseline 0 -16"><span class='ocrx_word' id='word_1_324' title='bbox 1886 1974 2006 2041; x_wconf 86' lang='lat' dir='ltr'><strong>ejus</strong></span> <span class='ocrx_word' id='word_1_325' title='bbox 2037 1985 2220 2024; x_wconf 90' lang='lat' dir='ltr'><strong>sacras</strong></span> <span class='ocrx_word' id='word_1_326' title='bbox 2244 1970 2390 2041; x_wconf 83' lang='lat' dir='ltr'><strong>leges</strong></span> <span class='ocrx_word' id='word_1_327' title='bbox 2421 1970 2677 2027; x_wconf 87' lang='lat' dir='ltr'><strong>violabat.</strong></span> <span class='ocrx_word' id='word_1_328' title='bbox 2719 1973 2789 2025; x_wconf 80' lang='lat' dir='ltr'><strong>At</strong></span> <span class='ocrx_word' id='word_1_329' title='bbox 2816 1973 2920 2027; x_wconf 89' lang='lat' dir='ltr'><strong>nisi</strong></span> <span class='ocrx_word' id='word_1_330' title='bbox 2954 1973 3023 2027; x_wconf 82' lang='lat' dir='ltr'><strong>ab</strong></span> <span class='ocrx_word' id='word_1_331' title='bbox 3056 1972 3230 2041; x_wconf 82' lang='lat' dir='ltr'><strong>ipsius</strong></span> <span class='ocrx_word' id='word_1_332' title='bbox 3256 1972 3465 2027; x_wconf 89' lang='lat' dir='ltr'><strong>satelli-</strong></span> 
     </span>
    </p>
   </div>
   <div class='ocr_carea' id='block_1_48' title="bbox 1889 2063 3465 2137">
    <p class='ocr_par' dir='ltr' id='par_1_48' title="bbox 1889 2063 3465 2137">
     <span class='ocr_line' id='line_1_48' title="bbox 1889 2063 3465 2137; baseline 0.003 -23"><span class='ocrx_word' id='word_1_333' title='bbox 1889 2063 2035 2115; x_wconf 88' lang='lat' dir='ltr'><strong>tibus</strong></span> <span class='ocrx_word' id='word_1_334' title='bbox 2072 2065 2327 2131; x_wconf 81' lang='lat' dir='ltr'><strong>martyris</strong></span> <span class='ocrx_word' id='word_1_335' title='bbox 2363 2064 2601 2133; x_wconf 86' lang='lat' dir='ltr'><strong>impetus</strong></span> <span class='ocrx_word' id='word_1_336' title='bbox 2654 2064 2909 2120; x_wconf 84' lang='lat' dir='ltr'><strong>detentus</strong></span> <span class='ocrx_word' id='word_1_337' title='bbox 2944 2064 3163 2132; x_wconf 76' lang='lat' dir='ltr'><strong>luisset,</strong></span> <span class='ocrx_word' id='word_1_338' title='bbox 3204 2073 3465 2137; x_wconf 82' lang='lat' dir='ltr'><strong>tyrannus</strong></span> 
     </span>
    </p>
   </div>
   <div class='ocr_carea' id='block_1_49' title="bbox 1888 2149 2790 2223">
    <p class='ocr_par' dir='ltr' id='par_1_49' title="bbox 1888 2149 2790 2223">
     <span class='ocr_line' id='line_1_49' title="bbox 1888 2149 2790 2223; baseline 0.008 -21"><span class='ocrx_word' id='word_1_339' title='bbox 1888 2149 1980 2203; x_wconf 86' lang='lat' dir='ltr'><strong>ille</strong></span> <span class='ocrx_word' id='word_1_340' title='bbox 2015 2152 2309 2204; x_wconf 82' lang='lat' dir='ltr'><strong>miserabili</strong></span> <span class='ocrx_word' id='word_1_341' title='bbox 2341 2166 2472 2206; x_wconf 90' lang='lat' dir='ltr'><strong>casu</strong></span> <span class='ocrx_word' id='word_1_342' title='bbox 2505 2153 2790 2223; x_wconf 88' lang='lat' dir='ltr'><strong>jacuisset.</strong></span> 
     </span>
    </p>
   </div>
   <div class='ocr_carea' id='block_1_50' title="bbox 1966 2274 3465 2357">
    <p class='ocr_par' dir='ltr' id='par_1_50' title="bbox 1966 2274 3465 2357">
     <span class='ocr_line' id='line_1_50' title="bbox 1966 2274 3465 2357; baseline 0.009 -28"><span class='ocrx_word' id='word_1_343' title='bbox 1966 2274 2054 2331; x_wconf 84' lang='lat' dir='ltr'><strong>IV.</strong></span> <span class='ocrx_word' id='word_1_344' title='bbox 2100 2275 2233 2342; x_wconf 66' lang='lat' dir='ltr'><strong>Quae</strong></span> <span class='ocrx_word' id='word_1_345' title='bbox 2289 2278 2471 2333; x_wconf 91' lang='lat' dir='ltr'><strong>omnia</strong></span> <span class='ocrx_word' id='word_1_346' title='bbox 2531 2282 2851 2353; x_wconf 78' lang='lat' dir='ltr'><strong>cumjudex</strong></span> <span class='ocrx_word' id='word_1_347' title='bbox 2904 2299 3015 2339; x_wconf 90' lang='lat' dir='ltr'><strong>non</strong></span> <span class='ocrx_word' id='word_1_348' title='bbox 3076 2285 3262 2353; x_wconf 74' lang='lat' dir='ltr'><strong>ferret,</strong></span> <span class='ocrx_word' id='word_1_349' title='bbox 3319 2290 3465 2357; x_wconf 90' lang='lat' dir='ltr'><strong>quod</strong></span> 
     </span>
    </p>
   </div>
   <div class='ocr_carea' id='block_1_51' title="bbox 1887 2366 3466 2449">
    <p class='ocr_par' dir='ltr' id='par_1_51' title="bbox 1887 2366 3466 2449">
     <span class='ocr_line' id='line_1_51' title="bbox 1887 2366 3466 2449; baseline 0.008 -30"><span class='ocrx_word' id='word_1_350' title='bbox 1887 2366 2055 2420; x_wconf 91' lang='lat' dir='ltr'><strong>homo</strong></span> <span class='ocrx_word' id='word_1_351' title='bbox 2104 2376 2210 2421; x_wconf 87' lang='lat' dir='ltr'><strong>tam</strong></span> <span class='ocrx_word' id='word_1_352' title='bbox 2246 2368 2369 2422; x_wconf 80' lang='lat' dir='ltr'><strong>vilis</strong></span> <span class='ocrx_word' id='word_1_353' title='bbox 2402 2379 2456 2423; x_wconf 92' lang='lat' dir='ltr'><strong>et</strong></span> <span class='ocrx_word' id='word_1_354' title='bbox 2494 2370 2764 2439; x_wconf 88' lang='lat' dir='ltr'><strong>abjectus,</strong></span> <span class='ocrx_word' id='word_1_355' title='bbox 2798 2387 2955 2427; x_wconf 91' lang='lat' dir='ltr'><strong>coma</strong></span> <span class='ocrx_word' id='word_1_356' title='bbox 2993 2375 3305 2444; x_wconf 90' lang='lat' dir='ltr'><strong>squalidus,</strong></span> <span class='ocrx_word' id='word_1_357' title='bbox 3343 2388 3466 2449; x_wconf 81' lang='lat' dir='ltr'><strong>toga</strong></span> 
     </span>
    </p>
   </div>
   <div class='ocr_carea' id='block_1_52' title="bbox 1886 2459 3463 2532">
    <p class='ocr_par' dir='ltr' id='par_1_52' title="bbox 1886 2459 3463 2532">
     <span class='ocr_line' id='line_1_52' title="bbox 1886 2459 3463 2532; baseline 0.008 -22"><span class='ocrx_word' id='word_1_358' title='bbox 1886 2459 2076 2522; x_wconf 80' lang='lat' dir='ltr'><strong>miser,</strong></span> <span class='ocrx_word' id='word_1_359' title='bbox 2112 2467 2264 2513; x_wconf 91' lang='lat' dir='ltr'><strong>tanto</strong></span> <span class='ocrx_word' id='word_1_360' title='bbox 2296 2460 2501 2530; x_wconf 90' lang='lat' dir='ltr'><strong>impetu</strong></span> <span class='ocrx_word' id='word_1_361' title='bbox 2530 2462 2584 2515; x_wconf 90' lang='lat' dir='ltr'><strong>iu</strong></span> <span class='ocrx_word' id='word_1_362' title='bbox 2620 2477 2745 2515; x_wconf 93' lang='lat' dir='ltr'><strong>eum</strong></span> <span class='ocrx_word' id='word_1_363' title='bbox 2781 2463 2991 2519; x_wconf 90' lang='lat' dir='ltr'><strong>irruere</strong></span> <span class='ocrx_word' id='word_1_364' title='bbox 3024 2482 3191 2521; x_wconf 91' lang='lat' dir='ltr'><strong>ausus</strong></span> <span class='ocrx_word' id='word_1_365' title='bbox 3218 2478 3385 2532; x_wconf 89' lang='lat' dir='ltr'><strong>esset,</strong></span> <span class='ocrx_word' id='word_1_366' title='bbox 3411 2470 3463 2522; x_wconf 76' lang='lat' dir='ltr'><strong>in</strong></span> 
     </span>
    </p>
   </div>
   <div class='ocr_carea' id='block_1_53' title="bbox 1889 2551 3468 2630">
    <p class='ocr_par' dir='ltr' id='par_1_53' title="bbox 1889 2551 3468 2630">
     <span class='ocr_line' id='line_1_53' title="bbox 1889 2551 3468 2630; baseline 0.009 -29"><span class='ocrx_word' id='word_1_367' title='bbox 1889 2562 2165 2603; x_wconf 87' lang='lat' dir='ltr'><strong>carcerem</strong></span> <span class='ocrx_word' id='word_1_368' title='bbox 2191 2559 2247 2604; x_wconf 85' lang='lat' dir='ltr'><strong>et</strong></span> <span class='ocrx_word' id='word_1_369' title='bbox 2282 2551 2494 2606; x_wconf 85' lang='lat' dir='ltr'><strong>vincula</strong></span> <span class='ocrx_word' id='word_1_370' title='bbox 2523 2553 2701 2605; x_wconf 85' lang='lat' dir='ltr'><strong>virum</strong></span> <span class='ocrx_word' id='word_1_371' title='bbox 2734 2554 2884 2609; x_wconf 91' lang='lat' dir='ltr'><strong>illum</strong></span> <span class='ocrx_word' id='word_1_372' title='bbox 2918 2560 3325 2613; x_wconf 88' lang='lat' dir='ltr'><strong>sanctissimum</strong></span> <span class='ocrx_word' id='word_1_373' title='bbox 3348 2560 3468 2630; x_wconf 83' lang='lat' dir='ltr'><strong>jus—</strong></span> 
     </span>
    </p>
   </div>
   <div class='ocr_carea' id='block_1_54' title="bbox 1886 2641 3466 2716">
    <p class='ocr_par' dir='ltr' id='par_1_54' title="bbox 1886 2641 3466 2716">
     <span class='ocr_line' id='line_1_54' title="bbox 1886 2641 3466 2716; baseline 0.008 -23"><span class='ocrx_word' id='word_1_374' title='bbox 1886 2641 1957 2693; x_wconf 92' lang='lat' dir='ltr'><strong>sit</strong></span> <span class='ocrx_word' id='word_1_375' title='bbox 1990 2641 2214 2710; x_wconf 86' lang='lat' dir='ltr'><strong>conjici,</strong></span> <span class='ocrx_word' id='word_1_376' title='bbox 2253 2654 2537 2712; x_wconf 84' lang='lat' dir='ltr'><strong>propterea</strong></span> <span class='ocrx_word' id='word_1_377' title='bbox 2573 2646 2719 2716; x_wconf 91' lang='lat' dir='ltr'><strong>quod</strong></span> <span class='ocrx_word' id='word_1_378' title='bbox 2772 2647 3057 2702; x_wconf 84' lang='lat' dir='ltr'><strong>audaciam</strong></span> <span class='ocrx_word' id='word_1_379' title='bbox 3093 2657 3147 2704; x_wconf 91' lang='lat' dir='ltr'><strong>et</strong></span> <span class='ocrx_word' id='word_1_380' title='bbox 3185 2653 3466 2706; x_wconf 81' lang='lat' dir='ltr'><strong>temerita-</strong></span> 
     </span>
    </p>
   </div>
   <div class='ocr_carea' id='block_1_55' title="bbox 1887 2736 3467 2811">
    <p class='ocr_par' dir='ltr' id='par_1_55' title="bbox 1887 2736 3467 2811">
     <span class='ocr_line' id='line_1_55' title="bbox 1887 2736 3467 2811; baseline 0.009 -29"><span class='ocrx_word' id='word_1_381' title='bbox 1887 2737 1996 2783; x_wconf 91' lang='lat' dir='ltr'><strong>tem</strong></span> <span class='ocrx_word' id='word_1_382' title='bbox 2038 2747 2292 2800; x_wconf 85' lang='lat' dir='ltr'><strong>magnam</strong></span> <span class='ocrx_word' id='word_1_383' title='bbox 2323 2748 2433 2801; x_wconf 64' lang='lat' dir='ltr'><strong>prae</strong></span> <span class='ocrx_word' id='word_1_384' title='bbox 2464 2749 2523 2788; x_wconf 91' lang='lat' dir='ltr'><strong>se</strong></span> <span class='ocrx_word' id='word_1_385' title='bbox 2546 2736 2745 2790; x_wconf 86' lang='lat' dir='ltr'><strong>tulerat</strong></span> <span class='ocrx_word' id='word_1_386' title='bbox 2776 2753 2791 2790; x_wconf 88' lang='lat'><strong>:</strong></span> <span class='ocrx_word' id='word_1_387' title='bbox 2826 2740 3180 2806; x_wconf 85' lang='lat' dir='ltr'><strong>quamobrem</strong></span> <span class='ocrx_word' id='word_1_388' title='bbox 3209 2753 3263 2795; x_wconf 90' lang='lat' dir='ltr'><strong>ct</strong></span> <span class='ocrx_word' id='word_1_389' title='bbox 3288 2742 3467 2811; x_wconf 83' lang='lat' dir='ltr'><strong>justas</strong></span> 
     </span>
    </p>
   </div>
   <div class='ocr_carea' id='block_1_56' title="bbox 1890 2820 3465 2901">
    <p class='ocr_par' dir='ltr' id='par_1_56' title="bbox 1890 2820 3465 2901">
     <span class='ocr_line' id='line_1_56' title="bbox 1890 2820 3465 2901; baseline 0.008 -29"><span class='ocrx_word' id='word_1_390' title='bbox 1890 2834 2085 2888; x_wconf 73' lang='lat' dir='ltr'><strong>pmnas</strong></span> <span class='ocrx_word' id='word_1_391' title='bbox 2111 2820 2158 2874; x_wconf 90' lang='lat' dir='ltr'><strong>ei</strong></span> <span class='ocrx_word' id='word_1_392' title='bbox 2193 2822 2579 2891; x_wconf 81' lang='lat' dir='ltr'><strong>persolveudas</strong></span> <span class='ocrx_word' id='word_1_393' title='bbox 2614 2840 2735 2880; x_wconf 89' lang='lat' dir='ltr'><strong>esse</strong></span> <span class='ocrx_word' id='word_1_394' title='bbox 2775 2825 3038 2883; x_wconf 84' lang='lat' dir='ltr'><strong>decrevit.</strong></span> <span class='ocrx_word' id='word_1_395' title='bbox 3066 2829 3213 2883; x_wconf 78' lang='lat' dir='ltr'><strong>Multi</strong></span> <span class='ocrx_word' id='word_1_396' title='bbox 3246 2832 3465 2901; x_wconf 88' lang='lat' dir='ltr'><strong>quidem</strong></span> 
     </span>
    </p>
   </div>
   <div class='ocr_carea' id='block_1_57' title="bbox 1888 2911 3467 2985">
    <p class='ocr_par' dir='ltr' id='par_1_57' title="bbox 1888 2911 3467 2985">
     <span class='ocr_line' id='line_1_57' title="bbox 1888 2911 3467 2985; baseline 0.005 -21"><span class='ocrx_word' id='word_1_397' title='bbox 1888 2911 2000 2975; x_wconf 85' lang='lat' dir='ltr'><strong>alii,</strong></span> <span class='ocrx_word' id='word_1_398' title='bbox 2054 2922 2110 2967; x_wconf 91' lang='lat' dir='ltr'><strong>et</strong></span> <span class='ocrx_word' id='word_1_399' title='bbox 2158 2914 2259 2983; x_wconf 90' lang='lat' dir='ltr'><strong>ipsi</strong></span> <span class='ocrx_word' id='word_1_400' title='bbox 2314 2915 2535 2985; x_wconf 89' lang='lat' dir='ltr'><strong>pietatis</strong></span> <span class='ocrx_word' id='word_1_401' title='bbox 2585 2931 2747 2972; x_wconf 87' lang='lat' dir='ltr'><strong>causa</strong></span> <span class='ocrx_word' id='word_1_402' title='bbox 2799 2919 3066 2984; x_wconf 85' lang='lat' dir='ltr'><strong>conclusi,</strong></span> <span class='ocrx_word' id='word_1_403' title='bbox 3116 2935 3338 2977; x_wconf 84' lang='lat' dir='ltr'><strong>carcere</strong></span> <span class='ocrx_word' id='word_1_404' title='bbox 3376 2923 3467 2976; x_wconf 81' lang='lat' dir='ltr'><strong>illo</strong></span> 
     </span>
    </p>
   </div>
   <div class='ocr_carea' id='block_1_58' title="bbox 1887 3004 3468 3084">
    <p class='ocr_par' dir='ltr' id='par_1_58' title="bbox 1887 3004 3468 3084">
     <span class='ocr_line' id='line_1_58' title="bbox 1887 3004 3468 3084; baseline 0.007 -27"><span class='ocrx_word' id='word_1_405' title='bbox 1887 3004 2293 3061; x_wconf 83' lang='lat' dir='ltr'><strong>detinebantur.</strong></span> <span class='ocrx_word' id='word_1_406' title='bbox 2328 3007 2433 3063; x_wconf 89' lang='lat' dir='ltr'><strong>Sed</strong></span> <span class='ocrx_word' id='word_1_407' title='bbox 2473 3009 2577 3063; x_wconf 84' lang='lat' dir='ltr'><strong>illis</strong></span> <span class='ocrx_word' id='word_1_408' title='bbox 2604 3012 2858 3065; x_wconf 87' lang='lat' dir='ltr'><strong>omnibus</strong></span> <span class='ocrx_word' id='word_1_409' title='bbox 2882 3014 3111 3067; x_wconf 87' lang='lat' dir='ltr'><strong>multum</strong></span> <span class='ocrx_word' id='word_1_410' title='bbox 3142 3015 3468 3084; x_wconf 85' lang='lat' dir='ltr'><strong>adjumenti,</strong></span> 
     </span>
    </p>
   </div>
   <div class='ocr_carea' id='block_1_59' title="bbox 1889 3100 3463 3175">
    <p class='ocr_par' dir='ltr' id='par_1_59' title="bbox 1889 3100 3463 3175">
     <span class='ocr_line' id='line_1_59' title="bbox 1889 3100 3463 3175; baseline 0.01 -25"><span class='ocrx_word' id='word_1_411' title='bbox 1889 3112 2192 3168; x_wconf 73' lang='lat' dir='ltr'><strong>magnaque</strong></span> <span class='ocrx_word' id='word_1_412' title='bbox 2224 3100 2291 3154; x_wconf 91' lang='lat' dir='ltr'><strong>ad</strong></span> <span class='ocrx_word' id='word_1_413' title='bbox 2319 3103 2638 3171; x_wconf 84' lang='lat' dir='ltr'><strong>martyrium</strong></span> <span class='ocrx_word' id='word_1_414' title='bbox 2691 3104 2923 3159; x_wconf 88' lang='lat' dir='ltr'><strong>libenter</strong></span> <span class='ocrx_word' id='word_1_415' title='bbox 2953 3106 3335 3175; x_wconf 79' lang='lat' dir='ltr'><strong>perferendum</strong></span> <span class='ocrx_word' id='word_1_416' title='bbox 3367 3112 3463 3166; x_wconf 53' lang='lat' dir='ltr'><strong>ad-</strong></span> 
     </span>
    </p>
   </div>
   <div class='ocr_carea' id='block_1_60' title="bbox 207 3188 1787 3267">
    <p class='ocr_par' dir='ltr' id='par_1_60' title="bbox 207 3195 1787 3267">
     <span class='ocr_line' id='line_1_60' title="bbox 207 3195 1787 3267; baseline -0.001 -16"><span class='ocrx_word' id='word_1_417' title='bbox 207 3198 451 3267; x_wconf 76' lang='grc' dir='ltr'><strong>κατέστη</strong></span> <span class='ocrx_word' id='word_1_418' title='bbox 495 3198 792 3265; x_wconf 82' lang='grc' dir='ltr'><strong>Ἑπίμαχος</strong></span> <span class='ocrx_word' id='word_1_419' title='bbox 820 3210 835 3227; x_wconf 82' lang='grc'><strong><em>⁸</em></strong></span> <span class='ocrx_word' id='word_1_420' title='bbox 868 3195 1088 3265; x_wconf 82' lang='grc' dir='ltr'><strong>ἀμελῶν</strong></span> <span class='ocrx_word' id='word_1_421' title='bbox 1142 3196 1239 3264; x_wconf 82' lang='grc' dir='ltr'><strong>μὲν</strong></span> <span class='ocrx_word' id='word_1_422' title='bbox 1288 3196 1392 3249; x_wconf 75' lang='grc' dir='ltr'><strong>τῶν</strong></span> <span class='ocrx_word' id='word_1_423' title='bbox 1445 3195 1566 3249; x_wconf 76' lang='grc' dir='ltr'><strong>καθ’</strong></span> <span class='ocrx_word' id='word_1_424' title='bbox 1599 3196 1787 3249; x_wconf 81' lang='grc' dir='ltr'><strong>ἑαυτὸν</strong></span> 
     </span>
    </p>
   </div>
   <div class='ocr_carea' id='block_1_61' title="bbox 1893 3188 3459 3267">
    <p class='ocr_par' dir='ltr' id='par_1_61' title="bbox 1893 3188 3459 3267">
     <span class='ocr_line' id='line_1_61' title="bbox 1893 3188 3459 3267; baseline 0.01 -26"><span class='ocrx_word' id='word_1_425' title='bbox 1893 3188 2133 3245; x_wconf 85' lang='lat' dir='ltr'><strong>hortatio</strong></span> <span class='ocrx_word' id='word_1_426' title='bbox 2188 3200 2304 3245; x_wconf 85' lang='lat' dir='ltr'><strong>erat</strong></span> <span class='ocrx_word' id='word_1_427' title='bbox 2368 3191 2649 3260; x_wconf 86' lang='lat' dir='ltr'><strong>Epimachi</strong></span> <span class='ocrx_word' id='word_1_428' title='bbox 2717 3195 2891 3249; x_wconf 87' lang='lat' dir='ltr'><strong>oratio</strong></span> <span class='ocrx_word' id='word_1_429' title='bbox 2956 3207 3119 3267; x_wconf 89' lang='lat' dir='ltr'><strong>atque</strong></span> <span class='ocrx_word' id='word_1_430' title='bbox 3186 3200 3459 3267; x_wconf 86' lang='lat' dir='ltr'><strong>alacritas,</strong></span> 
     </span>
    </p>
   </div>
   <div class='ocr_carea' id='block_1_62' title="bbox 203 3286 1783 3358">
    <p class='ocr_par' dir='ltr' id='par_1_62' title="bbox 203 3286 1783 3358">
     <span class='ocr_line' id='line_1_62' title="bbox 203 3286 1783 3358; baseline 0 -15"><span class='ocrx_word' id='word_1_431' title='bbox 203 3291 421 3355; x_wconf 74' lang='grc' dir='ltr'><strong>δεινῶν,</strong></span> <span class='ocrx_word' id='word_1_432' title='bbox 457 3290 551 3342; x_wconf 77' lang='grc' dir='ltr'><strong>καὶ</strong></span> <span class='ocrx_word' id='word_1_433' title='bbox 584 3291 680 3358; x_wconf 80' lang='grc' dir='ltr'><strong>τῆς</strong></span> <span class='ocrx_word' id='word_1_434' title='bbox 715 3288 940 3341; x_wconf 77' lang='grc' dir='ltr'><strong>ἐκείνων</strong></span> <span class='ocrx_word' id='word_1_435' title='bbox 990 3286 1290 3356; x_wconf 77' lang='grc' dir='ltr'><strong>θεραπείας</strong></span> <span class='ocrx_word' id='word_1_436' title='bbox 1332 3288 1783 3357; x_wconf 76' lang='grc' dir='ltr'><strong>ἐπιμελούμενος.</strong></span> 
     </span>
    </p>
   </div>
   <div class='ocr_carea' id='block_1_63' title="bbox 213 3377 1787 3449">
    <p class='ocr_par' dir='ltr' id='par_1_63' title="bbox 213 3377 1787 3449">
     <span class='ocr_line' id='line_1_63' title="bbox 213 3377 1787 3449; baseline -0.003 -15"><span class='ocrx_word' id='word_1_437' title='bbox 213 3384 451 3434; x_wconf 82' lang='grc' dir='ltr'><strong>Ἔπειτα</strong></span> <span class='ocrx_word' id='word_1_438' title='bbox 472 3381 527 3433; x_wconf 79' lang='grc' dir='ltr'><strong>δὲ</strong></span> <span class='ocrx_word' id='word_1_439' title='bbox 561 3382 655 3433; x_wconf 74' lang='grc' dir='ltr'><strong>καὶ</strong></span> <span class='ocrx_word' id='word_1_440' title='bbox 680 3381 1061 3449; x_wconf 84' lang='grc' dir='ltr'><strong>παραινέσεως</strong></span> <span class='ocrx_word' id='word_1_441' title='bbox 1099 3380 1230 3448; x_wconf 71' lang='grc' dir='ltr'><strong>πρὸς</strong></span> <span class='ocrx_word' id='word_1_442' title='bbox 1260 3377 1482 3442; x_wconf 75' lang='grc' dir='ltr'><strong>αὐτοὺς,</strong></span> <span class='ocrx_word' id='word_1_443' title='bbox 1514 3378 1610 3430; x_wconf 60' lang='grc' dir='ltr'><strong>καὶ⁵</strong></span> <span class='ocrx_word' id='word_1_444' title='bbox 1638 3378 1787 3430; x_wconf 87' lang='grc' dir='ltr'><strong>διδα-</strong></span> 
     </span>
    </p>
   </div>
   <div class='ocr_carea' id='block_1_64' title="bbox 212 3468 1789 3538">
    <p class='ocr_par' dir='ltr' id='par_1_64' title="bbox 212 3468 1789 3538">
     <span class='ocr_line' id='line_1_64' title="bbox 212 3468 1789 3538; baseline -0.003 -12"><span class='ocrx_word' id='word_1_445' title='bbox 212 3474 443 3536; x_wconf 80' lang='grc' dir='ltr'><strong>σκαλίας</strong></span> <span class='ocrx_word' id='word_1_446' title='bbox 473 3473 798 3538; x_wconf 71' lang='grc' dir='ltr'><strong>ἁπτόμενος,</strong></span> <span class='ocrx_word' id='word_1_447' title='bbox 825 3470 919 3522; x_wconf 68' lang='grc' dir='ltr'><strong>καὶ</strong></span> <span class='ocrx_word' id='word_1_448' title='bbox 947 3468 1266 3538; x_wconf 71' lang='grc' dir='ltr'><strong>συγκροτῶν</strong></span> <span class='ocrx_word' id='word_1_449' title='bbox 1286 3470 1506 3532; x_wconf 77' lang='grc' dir='ltr'><strong>αὐτοὺς,</strong></span> <span class='ocrx_word' id='word_1_450' title='bbox 1538 3470 1789 3538; x_wconf 78' lang='grc' dir='ltr'><strong>τειχίζων</strong></span> 
     </span>
    </p>
   </div>
   <div class='ocr_carea' id='block_1_65' title="bbox 212 3557 1790 3633">
    <p class='ocr_par' dir='ltr' id='par_1_65' title="bbox 212 3557 1790 3633">
     <span class='ocr_line' id='line_1_65' title="bbox 212 3557 1790 3633; baseline -0.004 -17"><span class='ocrx_word' id='word_1_451' title='bbox 212 3563 578 3633; x_wconf 71' lang='grc' dir='ltr'><strong>πανταχόθεν,</strong></span> <span class='ocrx_word' id='word_1_452' title='bbox 641 3565 832 3630; x_wconf 83' lang='grc' dir='ltr'><strong>νήφειν</strong></span> <span class='ocrx_word' id='word_1_453' title='bbox 889 3560 1079 3621; x_wconf 78' lang='grc' dir='ltr'><strong>ποιῶν,</strong></span> <span class='ocrx_word' id='word_1_454' title='bbox 1114 3557 1419 3619; x_wconf 78' lang='grc' dir='ltr'><strong>ἀναλώτους</strong></span> <span class='ocrx_word' id='word_1_455' title='bbox 1475 3560 1615 3626; x_wconf 80' lang='grc' dir='ltr'><strong>ὅλως</strong></span> <span class='ocrx_word' id='word_1_456' title='bbox 1668 3562 1790 3621; x_wconf 83' lang='grc' dir='ltr'><strong>ταῖς</strong></span> 
     </span>
    </p>
   </div>
   <div class='ocr_carea' id='block_1_66' title="bbox 210 3638 1291 3725">
    <p class='ocr_par' dir='ltr' id='par_1_66' title="bbox 210 3638 1291 3725">
     <span class='ocr_line' id='line_1_66' title="bbox 210 3638 1291 3725; baseline -0.006 -16"><span class='ocrx_word' id='word_1_457' title='bbox 210 3658 311 3709; x_wconf 85' lang='grc' dir='ltr'><strong>τοῦ</strong></span> <span class='ocrx_word' id='word_1_458' title='bbox 344 3654 540 3725; x_wconf 79' lang='grc' dir='ltr'><strong>ἐχθροῦ</strong></span> <span class='ocrx_word' id='word_1_459' title='bbox 595 3655 864 3724; x_wconf 63' lang='grc' dir='ltr'><strong>μηχαναῖς</strong></span> <span class='ocrx_word' id='word_1_460' title='bbox 905 3638 1291 3723; x_wconf 70' lang='grc' dir='ltr'><strong>ἐργαζόμενος.</strong></span> 
     </span>
    </p>
   </div>
   <div class='ocr_carea' id='block_1_67' title="bbox 286 3941 1787 4017">
    <p class='ocr_par' dir='ltr' id='par_1_67' title="bbox 286 3941 1787 4017">
     <span class='ocr_line' id='line_1_67' title="bbox 286 3941 1787 4017; baseline -0.004 -16"><span class='ocrx_word' id='word_1_461' title='bbox 392 3945 892 4017; x_wconf 76' lang='grc' dir='ltr'><strong>Παραστησάμενος</strong></span> <span class='ocrx_word' id='word_1_462' title='bbox 918 3944 1208 4013; x_wconf 70' lang='grc' dir='ltr'><strong>τοιγαροῦν</strong></span> <span class='ocrx_word' id='word_1_463' title='bbox 1242 3943 1438 4003; x_wconf 70' lang='grc' dir='ltr'><strong>αὐτοὺς</strong></span> <span class='ocrx_word' id='word_1_464' title='bbox 1474 3941 1501 3991; x_wconf 86' lang='lat'><strong>6</strong></span> <span class='ocrx_word' id='word_1_465' title='bbox 1528 3941 1787 4007; x_wconf 69' lang='grc' dir='ltr'><strong>δικάζων,</strong></span> 
     </span>
    </p>
   </div>
   <div class='ocr_carea' id='block_1_68' title="bbox 214 4033 1793 4117">
    <p class='ocr_par' dir='ltr' id='par_1_68' title="bbox 214 4033 1793 4117">
     <span class='ocr_line' id='line_1_68' title="bbox 214 4033 1793 4117; baseline -0.008 -20"><span class='ocrx_word' id='word_1_466' title='bbox 214 4044 313 4097; x_wconf 72' lang='grc' dir='ltr'><strong>καὶ</strong></span> <span class='ocrx_word' id='word_1_467' title='bbox 347 4041 569 4093; x_wconf 78' lang='grc' dir='ltr'><strong>πλεὶονα</strong></span> <span class='ocrx_word' id='word_1_468' title='bbox 619 4038 771 4111; x_wconf 85' lang='grc' dir='ltr'><strong>παρὰ</strong></span> <span class='ocrx_word' id='word_1_469' title='bbox 818 4037 955 4089; x_wconf 77' lang='grc' dir='ltr'><strong>πολὺ</strong></span> <span class='ocrx_word' id='word_1_470' title='bbox 987 4037 1083 4105; x_wconf 74' lang='grc' dir='ltr'><strong>τῆς</strong></span> <span class='ocrx_word' id='word_1_471' title='bbox 1137 4035 1409 4117; x_wconf 75' lang='grc' dir='ltr'><strong>προτέρας</strong></span> <span class='ocrx_word' id='word_1_472' title='bbox 1448 4034 1542 4085; x_wconf 73' lang='grc' dir='ltr'><strong>καὶ</strong></span> <span class='ocrx_word' id='word_1_473' title='bbox 1595 4033 1793 4103; x_wconf 83' lang='grc' dir='ltr'><strong>θερμο-</strong></span> 
     </span>
    </p>
   </div>
   <div class='ocr_carea' id='block_1_69' title="bbox 214 4126 1789 4203">
    <p class='ocr_par' dir='ltr' id='par_1_69' title="bbox 214 4126 1789 4203">
     <span class='ocr_line' id='line_1_69' title="bbox 214 4126 1789 4203; baseline -0.006 -16"><span class='ocrx_word' id='word_1_474' title='bbox 214 4135 383 4203; x_wconf 84' lang='grc' dir='ltr'><strong>τέραν</strong></span> <span class='ocrx_word' id='word_1_475' title='bbox 420 4134 518 4202; x_wconf 77' lang='grc' dir='ltr'><strong>τὴν</strong></span> <span class='ocrx_word' id='word_1_476' title='bbox 552 4132 806 4184; x_wconf 80' lang='grc' dir='ltr'><strong>ἔνστασιν</strong></span> <span class='ocrx_word' id='word_1_477' title='bbox 841 4129 963 4181; x_wconf 81' lang='grc' dir='ltr'><strong>ἰδὼν</strong></span> <span class='ocrx_word' id='word_1_478' title='bbox 993 4129 1498 4197; x_wconf 76' lang='grc' dir='ltr'><strong>ἑπδεικνυμένους,</strong></span> <span class='ocrx_word' id='word_1_479' title='bbox 1539 4126 1789 4195; x_wconf 84' lang='grc' dir='ltr'><strong>πυθόμε-</strong></span> 
     </span>
    </p>
   </div>
   <div class='ocr_carea' id='block_1_70' title="bbox 214 4220 1791 4295">
    <p class='ocr_par' dir='ltr' id='par_1_70' title="bbox 214 4220 1791 4295">
     <span class='ocr_line' id='line_1_70' title="bbox 214 4220 1791 4295; baseline -0.004 -17"><span class='ocrx_word' id='word_1_480' title='bbox 214 4242 305 4288; x_wconf 83' lang='grc' dir='ltr'><strong>νος</strong></span> <span class='ocrx_word' id='word_1_481' title='bbox 335 4226 394 4278; x_wconf 77' lang='grc' dir='ltr'><strong>δὲ</strong></span> <span class='ocrx_word' id='word_1_482' title='bbox 439 4227 533 4278; x_wconf 77' lang='grc' dir='ltr'><strong>καὶ</strong></span> <span class='ocrx_word' id='word_1_483' title='bbox 580 4225 677 4295; x_wconf 79' lang='grc' dir='ltr'><strong>τὴν</strong></span> <span class='ocrx_word' id='word_1_484' title='bbox 704 4222 884 4277; x_wconf 80' lang='grc' dir='ltr'>αἰτίαν</span> <span class='ocrx_word' id='word_1_485' title='bbox 919 4220 1012 4275; x_wconf 83' lang='grc' dir='ltr'><strong>τοῦ</strong></span> <span class='ocrx_word' id='word_1_486' title='bbox 1071 4223 1419 4291; x_wconf 80' lang='grc' dir='ltr'><strong>πράγματος,</strong></span> <span class='ocrx_word' id='word_1_487' title='bbox 1471 4221 1565 4273; x_wconf 72' lang='grc' dir='ltr'><strong>καὶ</strong></span> <span class='ocrx_word' id='word_1_488' title='bbox 1600 4220 1791 4288; x_wconf 86' lang='grc' dir='ltr'><strong>μαθὼν</strong></span> 
     </span>
    </p>
   </div>
   <div class='ocr_carea' id='block_1_71' title="bbox 214 4312 1789 4386">
    <p class='ocr_par' dir='ltr' id='par_1_71' title="bbox 214 4312 1789 4386">
     <span class='ocr_line' id='line_1_71' title="bbox 214 4312 1789 4386; baseline -0.004 -13"><span class='ocrx_word' id='word_1_489' title='bbox 214 4319 292 4380; x_wconf 77' lang='grc' dir='ltr'><strong>ὡς</strong></span> <span class='ocrx_word' id='word_1_490' title='bbox 346 4318 649 4386; x_wconf 73' lang='grc' dir='ltr'><strong>Ἐπιμάχου</strong></span> <span class='ocrx_word' id='word_1_491' title='bbox 702 4315 875 4369; x_wconf 82' lang='grc' dir='ltr'><strong>ταῦτα</strong></span> <span class='ocrx_word' id='word_1_492' title='bbox 928 4314 1229 4383; x_wconf 82' lang='grc' dir='ltr'><strong>συμϐουλαί</strong></span> <span class='ocrx_word' id='word_1_493' title='bbox 1272 4331 1329 4366; x_wconf 87' lang='grc' dir='ltr'><strong>τε</strong></span> <span class='ocrx_word' id='word_1_494' title='bbox 1365 4314 1460 4368; x_wconf 64' lang='grc' dir='ltr'><strong>καὶ¹</strong></span> <span class='ocrx_word' id='word_1_495' title='bbox 1496 4312 1789 4382; x_wconf 81' lang='grc' dir='ltr'><strong>ὑποθῆκαι.</strong></span> 
     </span>
    </p>
   </div>
   <div class='ocr_carea' id='block_1_72' title="bbox 215 4406 1791 4477">
    <p class='ocr_par' dir='ltr' id='par_1_72' title="bbox 215 4406 1791 4477">
     <span class='ocr_line' id='line_1_72' title="bbox 215 4406 1791 4477; baseline -0.003 -14"><span class='ocrx_word' id='word_1_496' title='bbox 215 4409 438 4463; x_wconf 76' lang='grc' dir='ltr'><strong>Τούτων</strong></span> <span class='ocrx_word' id='word_1_497' title='bbox 472 4409 570 4477; x_wconf 81' lang='grc' dir='ltr'><strong>μὲν</strong></span> <span class='ocrx_word' id='word_1_498' title='bbox 605 4406 741 4475; x_wconf 73' lang='grc' dir='ltr'><strong>μετὰ</strong></span> <span class='ocrx_word' id='word_1_499' title='bbox 775 4406 975 4469; x_wconf 78' lang='grc' dir='ltr'><strong>πολλὰς</strong></span> <span class='ocrx_word' id='word_1_500' title='bbox 1010 4406 1113 4477; x_wconf 69' lang='grc' dir='ltr'><strong>ἤδη</strong></span> <span class='ocrx_word' id='word_1_501' title='bbox 1147 4407 1239 4459; x_wconf 68' lang='grc' dir='ltr'><strong>καὶ</strong></span> <span class='ocrx_word' id='word_1_502' title='bbox 1273 4407 1582 4477; x_wconf 69' lang='grc' dir='ltr'><strong>ἀφορήτους</strong></span> <span class='ocrx_word' id='word_1_503' title='bbox 1615 4423 1791 4473; x_wconf 83' lang='grc' dir='ltr'><strong>τιμω-</strong></span> 
     </span>
    </p>
   </div>
   <div class='ocr_carea' id='block_1_73' title="bbox 1891 3282 3464 3363">
    <p class='ocr_par' dir='ltr' id='par_1_73' title="bbox 1891 3282 3464 3363">
     <span class='ocr_line' id='line_1_73' title="bbox 1891 3282 3464 3363; baseline 0.005 -28"><span class='ocrx_word' id='word_1_504' title='bbox 1891 3282 2094 3352; x_wconf 89' lang='lat' dir='ltr'><strong>quippe</strong></span> <span class='ocrx_word' id='word_1_505' title='bbox 2130 3284 2273 3351; x_wconf 91' lang='lat' dir='ltr'><strong>quod</strong></span> <span class='ocrx_word' id='word_1_506' title='bbox 2315 3300 2505 3338; x_wconf 84' lang='lat' dir='ltr'><strong>omnes</strong></span> <span class='ocrx_word' id='word_1_507' title='bbox 2535 3287 2833 3350; x_wconf 89' lang='lat' dir='ltr'><strong>cruciatus,</strong></span> <span class='ocrx_word' id='word_1_508' title='bbox 2870 3304 3007 3358; x_wconf 91' lang='lat' dir='ltr'><strong>quos</strong></span> <span class='ocrx_word' id='word_1_509' title='bbox 3037 3291 3132 3344; x_wconf 90' lang='lat' dir='ltr'><strong>sibi</strong></span> <span class='ocrx_word' id='word_1_510' title='bbox 3162 3303 3379 3363; x_wconf 83' lang='lat' dir='ltr'><strong>paratos</strong></span> <span class='ocrx_word' id='word_1_511' title='bbox 3402 3312 3464 3350; x_wconf 73' lang='lat' dir='ltr'><strong>ac</strong></span> 
     </span>
    </p>
   </div>
   <div class='ocr_carea' id='block_1_74' title="bbox 1889 3377 3464 3449">
    <p class='ocr_par' dir='ltr' id='par_1_74' title="bbox 1889 3377 3464 3449">
     <span class='ocr_line' id='line_1_74' title="bbox 1889 3377 3464 3449; baseline 0.008 -21"><span class='ocrx_word' id='word_1_512' title='bbox 1889 3377 2205 3445; x_wconf 83' lang='lat' dir='ltr'><strong>propositos</strong></span> <span class='ocrx_word' id='word_1_513' title='bbox 2256 3377 2493 3443; x_wconf 75' lang='lat' dir='ltr'><strong>videbat,</strong></span> <span class='ocrx_word' id='word_1_514' title='bbox 2541 3379 2852 3449; x_wconf 80' lang='lat' dir='ltr'><strong>negligens,</strong></span> <span class='ocrx_word' id='word_1_515' title='bbox 2900 3382 2965 3434; x_wconf 88' lang='lat' dir='ltr'><strong>de</strong></span> <span class='ocrx_word' id='word_1_516' title='bbox 3020 3383 3237 3439; x_wconf 83' lang='lat' dir='ltr'><strong>illorum</strong></span> <span class='ocrx_word' id='word_1_517' title='bbox 3292 3389 3464 3442; x_wconf 87' lang='lat' dir='ltr'><strong>salute</strong></span> 
     </span>
    </p>
   </div>
   <div class='ocr_carea' id='block_1_75' title="bbox 1891 3468 3467 3535">
    <p class='ocr_par' dir='ltr' id='par_1_75' title="bbox 1891 3468 3467 3535">
     <span class='ocr_line' id='line_1_75' title="bbox 1891 3468 3467 3535; baseline 0.008 -13"><span class='ocrx_word' id='word_1_518' title='bbox 1891 3476 2102 3522; x_wconf 87' lang='lat' dir='ltr'><strong>tantum</strong></span> <span class='ocrx_word' id='word_1_519' title='bbox 2146 3477 2265 3523; x_wconf 88' lang='lat' dir='ltr'><strong>erat</strong></span> <span class='ocrx_word' id='word_1_520' title='bbox 2304 3468 2591 3524; x_wconf 86' lang='lat' dir='ltr'><strong>sollicitus.</strong></span> <span class='ocrx_word' id='word_1_521' title='bbox 2629 3472 2707 3524; x_wconf 79' lang='lat' dir='ltr'><strong>Ad</strong></span> <span class='ocrx_word' id='word_1_522' title='bbox 2747 3474 2861 3527; x_wconf 73' lang='lat' dir='ltr'><strong>hmc</strong></span> <span class='ocrx_word' id='word_1_523' title='bbox 2914 3475 3385 3534; x_wconf 84' lang='lat' dir='ltr'><strong>admonitionibus</strong></span> <span class='ocrx_word' id='word_1_524' title='bbox 3414 3491 3467 3535; x_wconf 88' lang='lat' dir='ltr'><strong>et</strong></span> 
     </span>
    </p>
   </div>
   <div class='ocr_carea' id='block_1_76' title="bbox 1889 3561 3461 3636">
    <p class='ocr_par' dir='ltr' id='par_1_76' title="bbox 1889 3561 3461 3636">
     <span class='ocr_line' id='line_1_76' title="bbox 1889 3561 3461 3636; baseline 0.008 -22"><span class='ocrx_word' id='word_1_525' title='bbox 1889 3562 2137 3614; x_wconf 85' lang='lat' dir='ltr'><strong>doctrina</strong></span> <span class='ocrx_word' id='word_1_526' title='bbox 2168 3561 2337 3613; x_wconf 89' lang='lat' dir='ltr'><strong>multa</strong></span> <span class='ocrx_word' id='word_1_527' title='bbox 2373 3577 2470 3615; x_wconf 90' lang='lat' dir='ltr'><strong>eos</strong></span> <span class='ocrx_word' id='word_1_528' title='bbox 2520 3563 2828 3619; x_wconf 88' lang='lat' dir='ltr'><strong>instruebat</strong></span> <span class='ocrx_word' id='word_1_529' title='bbox 2870 3577 3034 3636; x_wconf 88' lang='lat' dir='ltr'><strong>atque</strong></span> <span class='ocrx_word' id='word_1_530' title='bbox 3080 3569 3461 3627; x_wconf 82' lang='lat' dir='ltr'><strong>conﬁrmabat.</strong></span> 
     </span>
    </p>
   </div>
   <div class='ocr_carea' id='block_1_77' title="bbox 1891 3650 3466 3736">
    <p class='ocr_par' dir='ltr' id='par_1_77' title="bbox 1891 3650 3466 3736">
     <span class='ocr_line' id='line_1_77' title="bbox 1891 3650 3466 3736; baseline 0.007 -32"><span class='ocrx_word' id='word_1_531' title='bbox 1891 3650 2127 3719; x_wconf 85' lang='lat' dir='ltr'><strong>undique</strong></span> <span class='ocrx_word' id='word_1_532' title='bbox 2159 3650 2305 3719; x_wconf 91' lang='lat' dir='ltr'><strong>ipsos</strong></span> <span class='ocrx_word' id='word_1_533' title='bbox 2338 3650 2612 3714; x_wconf 90' lang='lat' dir='ltr'><strong>muniens,</strong></span> <span class='ocrx_word' id='word_1_534' title='bbox 2645 3655 2837 3721; x_wconf 87' lang='lat' dir='ltr'><strong>eisque</strong></span> <span class='ocrx_word' id='word_1_535' title='bbox 2871 3662 3209 3724; x_wconf 88' lang='lat' dir='ltr'><strong>persuadens</strong></span> <span class='ocrx_word' id='word_1_536' title='bbox 3240 3672 3301 3717; x_wconf 94' lang='lat' dir='ltr'><strong>ut</strong></span> <span class='ocrx_word' id='word_1_537' title='bbox 3334 3666 3466 3736; x_wconf 73' lang='lat' dir='ltr'><strong>vigi-</strong></span> 
     </span>
    </p>
   </div>
   <div class='ocr_carea' id='block_1_78' title="bbox 1890 3743 3463 3818">
    <p class='ocr_par' dir='ltr' id='par_1_78' title="bbox 1890 3743 3463 3818">
     <span class='ocr_line' id='line_1_78' title="bbox 1890 3743 3463 3818; baseline 0.01 -19"><span class='ocrx_word' id='word_1_538' title='bbox 1890 3746 2065 3800; x_wconf 91' lang='lat' dir='ltr'><strong>lantes</strong></span> <span class='ocrx_word' id='word_1_539' title='bbox 2098 3760 2163 3800; x_wconf 89' lang='lat' dir='ltr'><strong>ac</strong></span> <span class='ocrx_word' id='word_1_540' title='bbox 2200 3743 2335 3799; x_wconf 85' lang='lat' dir='ltr'><strong>tales</strong></span> <span class='ocrx_word' id='word_1_541' title='bbox 2383 3760 2503 3799; x_wconf 82' lang='lat' dir='ltr'><strong>esse</strong></span> <span class='ocrx_word' id='word_1_542' title='bbox 2542 3746 2849 3813; x_wconf 88' lang='lat' dir='ltr'><strong>studerent,</strong></span> <span class='ocrx_word' id='word_1_543' title='bbox 2884 3751 2977 3818; x_wconf 85' lang='lat' dir='ltr'><strong>qui</strong></span> <span class='ocrx_word' id='word_1_544' title='bbox 3005 3754 3229 3809; x_wconf 90' lang='lat' dir='ltr'><strong>omnino</strong></span> <span class='ocrx_word' id='word_1_545' title='bbox 3270 3759 3337 3812; x_wconf 88' lang='lat' dir='ltr'><strong>ab</strong></span> <span class='ocrx_word' id='word_1_546' title='bbox 3370 3758 3463 3814; x_wconf 91' lang='lat' dir='ltr'><strong>ho-</strong></span> 
     </span>
    </p>
   </div>
   <div class='ocr_carea' id='block_1_79' title="bbox 1891 3836 3281 3914">
    <p class='ocr_par' dir='ltr' id='par_1_79' title="bbox 1891 3836 3281 3914">
     <span class='ocr_line' id='line_1_79' title="bbox 1891 3836 3281 3914; baseline 0.01 -25"><span class='ocrx_word' id='word_1_547' title='bbox 1891 3837 1991 3890; x_wconf 84' lang='lat' dir='ltr'><strong>stis</strong></span> <span class='ocrx_word' id='word_1_548' title='bbox 2028 3836 2229 3890; x_wconf 86' lang='lat' dir='ltr'><strong>diaboli</strong></span> <span class='ocrx_word' id='word_1_549' title='bbox 2261 3836 2529 3891; x_wconf 87' lang='lat' dir='ltr'><strong>machinis</strong></span> <span class='ocrx_word' id='word_1_550' title='bbox 2556 3841 2855 3911; x_wconf 80' lang='lat' dir='ltr'><strong>expugnari</strong></span> <span class='ocrx_word' id='word_1_551' title='bbox 2886 3858 2997 3897; x_wconf 89' lang='lat' dir='ltr'><strong>non</strong></span> <span class='ocrx_word' id='word_1_552' title='bbox 3030 3858 3281 3914; x_wconf 88' lang='lat' dir='ltr'><strong>possent.</strong></span> 
     </span>
    </p>
   </div>
   <div class='ocr_carea' id='block_1_80' title="bbox 1963 3974 3465 4056">
    <p class='ocr_par' dir='ltr' id='par_1_80' title="bbox 1963 3974 3465 4056">
     <span class='ocr_line' id='line_1_80' title="bbox 1963 3974 3465 4056; baseline 0.013 -29"><span class='ocrx_word' id='word_1_553' title='bbox 1963 3974 2028 4028; x_wconf 71' lang='grc' dir='ltr'><strong>ν.</strong></span> <span class='ocrx_word' id='word_1_554' title='bbox 2072 3974 2205 4030; x_wconf 86' lang='lat' dir='ltr'><strong>Cum</strong></span> <span class='ocrx_word' id='word_1_555' title='bbox 2238 3990 2367 4030; x_wconf 88' lang='lat' dir='ltr'><strong>vero</strong></span> <span class='ocrx_word' id='word_1_556' title='bbox 2412 3976 2578 4045; x_wconf 82' lang='lat' dir='ltr'><strong>judex</strong></span> <span class='ocrx_word' id='word_1_557' title='bbox 2622 3979 2744 4035; x_wconf 90' lang='lat' dir='ltr'><strong>illos</strong></span> <span class='ocrx_word' id='word_1_558' title='bbox 2793 3982 2858 4038; x_wconf 88' lang='lat' dir='ltr'><strong>ad</strong></span> <span class='ocrx_word' id='word_1_559' title='bbox 2909 3998 2967 4039; x_wconf 87' lang='lat' dir='ltr'><strong>se</strong></span> <span class='ocrx_word' id='word_1_560' title='bbox 3015 3984 3139 4041; x_wconf 91' lang='lat' dir='ltr'><strong>duci</strong></span> <span class='ocrx_word' id='word_1_561' title='bbox 3184 3986 3465 4056; x_wconf 84' lang='lat' dir='ltr'><strong>jussisset.</strong></span> 
     </span>
    </p>
   </div>
   <div class='ocr_carea' id='block_1_81' title="bbox 1891 4067 3464 4144">
    <p class='ocr_par' dir='ltr' id='par_1_81' title="bbox 1891 4067 3464 4144">
     <span class='ocr_line' id='line_1_81' title="bbox 1891 4067 3464 4144; baseline 0.01 -26"><span class='ocrx_word' id='word_1_562' title='bbox 1891 4080 2094 4135; x_wconf 89' lang='lat' dir='ltr'><strong>eosque</strong></span> <span class='ocrx_word' id='word_1_563' title='bbox 2152 4067 2324 4121; x_wconf 90' lang='lat' dir='ltr'><strong>multo</strong></span> <span class='ocrx_word' id='word_1_564' title='bbox 2373 4072 2736 4137; x_wconf 87' lang='lat' dir='ltr'><strong>constantius,</strong></span> <span class='ocrx_word' id='word_1_565' title='bbox 2790 4090 2952 4144; x_wconf 88' lang='lat' dir='ltr'><strong>quam</strong></span> <span class='ocrx_word' id='word_1_566' title='bbox 3008 4088 3207 4143; x_wconf 88' lang='lat' dir='ltr'><strong>antea,</strong></span> <span class='ocrx_word' id='word_1_567' title='bbox 3261 4083 3464 4139; x_wconf 77' lang='lat' dir='ltr'><strong>Christi</strong></span> 
     </span>
    </p>
   </div>
   <div class='ocr_carea' id='block_1_82' title="bbox 1891 4156 3464 4240">
    <p class='ocr_par' dir='ltr' id='par_1_82' title="bbox 1891 4156 3464 4240">
     <span class='ocr_line' id='line_1_82' title="bbox 1891 4156 3464 4240; baseline 0.015 -29"><span class='ocrx_word' id='word_1_568' title='bbox 1891 4156 2293 4212; x_wconf 82' lang='lat' dir='ltr'><strong>confessionem</strong></span> <span class='ocrx_word' id='word_1_569' title='bbox 2336 4161 2576 4229; x_wconf 79' lang='lat' dir='ltr'><strong>proﬁteri</strong></span> <span class='ocrx_word' id='word_1_570' title='bbox 2604 4166 2851 4233; x_wconf 79' lang='lat' dir='ltr'><strong>vidisset,</strong></span> <span class='ocrx_word' id='word_1_571' title='bbox 2880 4169 3107 4240; x_wconf 88' lang='lat' dir='ltr'><strong>ejusque</strong></span> <span class='ocrx_word' id='word_1_572' title='bbox 3136 4173 3211 4228; x_wconf 90' lang='lat' dir='ltr'><strong>rei</strong></span> <span class='ocrx_word' id='word_1_573' title='bbox 3245 4189 3464 4233; x_wconf 85' lang='lat' dir='ltr'><strong>causam</strong></span> 
     </span>
    </p>
   </div>
   <div class='ocr_carea' id='block_1_83' title="bbox 1892 4241 3466 4335">
    <p class='ocr_par' dir='ltr' id='par_1_83' title="bbox 1892 4241 3466 4335">
     <span class='ocr_line' id='line_1_83' title="bbox 1892 4241 3466 4335; baseline 0.016 -41"><span class='ocrx_word' id='word_1_574' title='bbox 1892 4241 2174 4312; x_wconf 83' lang='lat' dir='ltr'><strong>Epimachi</strong></span> <span class='ocrx_word' id='word_1_575' title='bbox 2230 4247 2458 4301; x_wconf 89' lang='lat' dir='ltr'><strong>consilia</strong></span> <span class='ocrx_word' id='word_1_576' title='bbox 2497 4259 2552 4303; x_wconf 86' lang='lat' dir='ltr'><strong>et</strong></span> <span class='ocrx_word' id='word_1_577' title='bbox 2603 4251 3019 4311; x_wconf 84' lang='lat' dir='ltr'><strong>adhortationes</strong></span> <span class='ocrx_word' id='word_1_578' title='bbox 3057 4258 3227 4316; x_wconf 78' lang='lat' dir='ltr'><strong>fuisse</strong></span> <span class='ocrx_word' id='word_1_579' title='bbox 3264 4278 3466 4335; x_wconf 86' lang='lat' dir='ltr'><strong>cogno-</strong></span> 
     </span>
    </p>
   </div>
   <div class='ocr_carea' id='block_1_84' title="bbox 1893 4336 3466 4412">
    <p class='ocr_par' dir='ltr' id='par_1_84' title="bbox 1893 4336 3466 4412">
     <span class='ocr_line' id='line_1_84' title="bbox 1893 4336 3466 4412; baseline 0.013 -23"><span class='ocrx_word' id='word_1_580' title='bbox 1893 4336 2081 4401; x_wconf 87' lang='lat' dir='ltr'><strong>visset,</strong></span> <span class='ocrx_word' id='word_1_581' title='bbox 2112 4336 2327 4390; x_wconf 87' lang='lat' dir='ltr'><strong>illorum</strong></span> <span class='ocrx_word' id='word_1_582' title='bbox 2357 4340 2626 4405; x_wconf 90' lang='lat' dir='ltr'><strong>omnium,</strong></span> <span class='ocrx_word' id='word_1_583' title='bbox 2653 4346 2991 4412; x_wconf 89' lang='lat' dir='ltr'><strong>postmultos</strong></span> <span class='ocrx_word' id='word_1_584' title='bbox 3012 4357 3069 4403; x_wconf 90' lang='lat' dir='ltr'><strong>et</strong></span> <span class='ocrx_word' id='word_1_585' title='bbox 3092 4349 3466 4409; x_wconf 86' lang='lat' dir='ltr'><strong>intolerabiles</strong></span> 
     </span>
    </p>
   </div>
   <div class='ocr_carea' id='block_1_85' title="bbox 1893 4426 3465 4509">
    <p class='ocr_par' dir='ltr' id='par_1_85' title="bbox 1893 4426 3465 4509">
     <span class='ocr_line' id='line_1_85' title="bbox 1893 4426 3465 4509; baseline 0.014 -31"><span class='ocrx_word' id='word_1_586' title='bbox 1893 4426 2193 4488; x_wconf 90' lang='lat' dir='ltr'><strong>cruciatus,</strong></span> <span class='ocrx_word' id='word_1_587' title='bbox 2243 4426 2456 4497; x_wconf 81' lang='lat' dir='ltr'><strong>linguas</strong></span> <span class='ocrx_word' id='word_1_588' title='bbox 2501 4434 2747 4487; x_wconf 80' lang='lat' dir='ltr'><strong>exscindi</strong></span> <span class='ocrx_word' id='word_1_589' title='bbox 2781 4436 2970 4504; x_wconf 88' lang='lat' dir='ltr'><strong>jussit,</strong></span> <span class='ocrx_word' id='word_1_590' title='bbox 3012 4439 3119 4509; x_wconf 87' lang='lat' dir='ltr'><strong>(his</strong></span> <span class='ocrx_word' id='word_1_591' title='bbox 3162 4442 3306 4497; x_wconf 86' lang='lat' dir='ltr'><strong>enim</strong></span> <span class='ocrx_word' id='word_1_592' title='bbox 3342 4455 3465 4500; x_wconf 82' lang='lat' dir='ltr'><strong>ute-</strong></span> 
     </span>
    </p>
   </div>
   <div class='ocr_carea' id='block_1_86' title="bbox 218 4492 1787 4607">
    <p class='ocr_par' dir='ltr' id='par_1_86' title="bbox 218 4492 1787 4607">
     <span class='ocr_line' id='line_1_86' title="bbox 218 4492 1787 4573; baseline -0.001 -22"><span class='ocrx_word' id='word_1_593' title='bbox 218 4504 344 4573; x_wconf 80' lang='grc' dir='ltr'><strong>ρίας</strong></span> <span class='ocrx_word' id='word_1_594' title='bbox 387 4501 639 4569; x_wconf 78' lang='grc' dir='ltr'><strong>ἐκτέμνει</strong></span> <span class='ocrx_word' id='word_1_595' title='bbox 695 4498 791 4561; x_wconf 71' lang='grc' dir='ltr'><strong>τὰς</strong></span> <span class='ocrx_word' id='word_1_596' title='bbox 827 4498 1113 4566; x_wconf 82' lang='grc' dir='ltr'><strong>γλώσσας·</strong></span> <span class='ocrx_word' id='word_1_597' title='bbox 1165 4492 1325 4551; x_wconf 74' lang='grc' dir='ltr'><strong>αὗται</strong></span> <span class='ocrx_word' id='word_1_598' title='bbox 1373 4499 1482 4567; x_wconf 75' lang='grc' dir='ltr'><strong>γὰρ</strong></span> <span class='ocrx_word' id='word_1_599' title='bbox 1533 4494 1673 4567; x_wconf 83' lang='grc' dir='ltr'><strong>ἦσαν</strong></span> <span class='ocrx_word' id='word_1_600' title='bbox 1734 4498 1787 4551; x_wconf 88' lang='grc' dir='ltr'>αἱ</span> 
     </span>
     <span class='ocr_line' id='line_1_87' title="bbox 276 4590 1760 4607; baseline -0.005 0"><span class='ocrx_word' id='word_1_601' title='bbox 276 4595 287 4607; x_wconf 92' lang='grc'><strong><em>,</em></strong></span> <span class='ocrx_word' id='word_1_602' title='bbox 489 4593 500 4607; x_wconf 90' lang='grc'><strong>.</strong></span> <span class='ocrx_word' id='word_1_603' title='bbox 559 4591 581 4603; x_wconf 93' lang='grc'><strong>..</strong></span> <span class='ocrx_word' id='word_1_604' title='bbox 962 4591 975 4602; x_wconf 84' lang='lat'><strong>.</strong></span> <span class='ocrx_word' id='word_1_605' title='bbox 1006 4591 1017 4607; x_wconf 84' lang='lat'><strong>,</strong></span> <span class='ocrx_word' id='word_1_606' title='bbox 1352 4594 1362 4607; x_wconf 84' lang='lat'><strong><em>.</em></strong></span> <span class='ocrx_word' id='word_1_607' title='bbox 1477 4590 1487 4607; x_wconf 87' lang='lat'><em>.</em></span> <span class='ocrx_word' id='word_1_608' title='bbox 1582 4592 1593 4607; x_wconf 81' lang='lat'><em>.</em></span> <span class='ocrx_word' id='word_1_609' title='bbox 1740 4593 1760 4607; x_wconf 78' lang='grc'><strong>,</strong></span> 
     </span>
    </p>
   </div>
   <div class='ocr_carea' id='block_1_87' title="bbox 1893 4492 3459 4607">
    <p class='ocr_par' dir='ltr' id='par_1_87' title="bbox 1897 4492 3459 4607">
     <span class='ocr_line' id='line_1_88' title="bbox 1897 4492 3459 4607; baseline 0.013 -34"><span class='ocrx_word' id='word_1_610' title='bbox 1897 4519 2094 4573; x_wconf 84' lang='lat' dir='ltr'><strong>bantur</strong></span> <span class='ocrx_word' id='word_1_611' title='bbox 2130 4530 2390 4589; x_wconf 77' lang='lat' dir='ltr'><strong>martyres</strong></span> <span class='ocrx_word' id='word_1_612' title='bbox 2436 4523 2501 4576; x_wconf 91' lang='lat' dir='ltr'><strong>ad</strong></span> <span class='ocrx_word' id='word_1_613' title='bbox 2541 4527 2824 4581; x_wconf 75' lang='lat' dir='ltr'><strong>veritatem</strong></span> <span class='ocrx_word' id='word_1_614' title='bbox 2873 4492 3292 4599; x_wconf 73' lang='lat' dir='ltr'><strong>defendendam,</strong></span> <span class='ocrx_word' id='word_1_615' title='bbox 3338 4553 3459 4607; x_wconf 62' lang='lat' dir='ltr'><strong>qua».</strong></span> 
     </span>
    </p>
   </div>
   <div class='ocr_carea' id='block_1_88' title="bbox 220 4590 1789 4664">
    <p class='ocr_par' dir='ltr' id='par_1_88' title="bbox 220 4590 1789 4664">
     <span class='ocr_line' id='line_1_89' title="bbox 220 4590 1789 4664; baseline -0.002 -19"><span class='ocrx_word' id='word_1_616' title='bbox 220 4595 398 4664; x_wconf 80' lang='grc' dir='ltr'><strong>μέσην</strong></span> <span class='ocrx_word' id='word_1_617' title='bbox 444 4591 591 4660; x_wconf 74' lang='grc' dir='ltr'><strong>αὐτῷ</strong></span> <span class='ocrx_word' id='word_1_618' title='bbox 634 4591 869 4660; x_wconf 74' lang='grc' dir='ltr'><strong>μάλιστα</strong></span> <span class='ocrx_word' id='word_1_619' title='bbox 920 4591 1259 4661; x_wconf 76' lang='grc' dir='ltr'><strong>πλήττουσαι</strong></span> <span class='ocrx_word' id='word_1_620' title='bbox 1312 4594 1410 4660; x_wconf 80' lang='grc' dir='ltr'><strong>τὴν</strong></span> <span class='ocrx_word' id='word_1_621' title='bbox 1461 4590 1643 4659; x_wconf 68' lang='grc' dir='ltr'><strong>ψυχὴν</strong></span> <span class='ocrx_word' id='word_1_622' title='bbox 1678 4593 1789 4652; x_wconf 89' lang='grc' dir='ltr'><strong>τοῖς</strong></span> 
     </span>
    </p>
   </div>
   <div class='ocr_carea' id='block_1_89' title="bbox 223 4681 1792 4754">
    <p class='ocr_par' dir='ltr' id='par_1_89' title="bbox 223 4681 1792 4754">
     <span class='ocr_line' id='line_1_90' title="bbox 223 4681 1792 4754; baseline -0.003 -17"><span class='ocrx_word' id='word_1_623' title='bbox 223 4686 468 4753; x_wconf 78' lang='grc' dir='ltr'><strong>ἐλέγχοις</strong></span> <span class='ocrx_word' id='word_1_624' title='bbox 502 4685 597 4753; x_wconf 76' lang='grc' dir='ltr'><strong>τῆς</strong></span> <span class='ocrx_word' id='word_1_625' title='bbox 632 4682 908 4754; x_wconf 81' lang='grc' dir='ltr'><strong>ἀληθείας.</strong></span> <span class='ocrx_word' id='word_1_626' title='bbox 935 4681 1066 4736; x_wconf 83' lang='grc' dir='ltr'>Εἶτα</span> <span class='ocrx_word' id='word_1_627' title='bbox 1097 4682 1191 4735; x_wconf 74' lang='grc' dir='ltr'><strong>καὶ</strong></span> <span class='ocrx_word' id='word_1_628' title='bbox 1226 4683 1366 4751; x_wconf 74' lang='grc' dir='ltr'><strong>ξίςρει</strong></span> <span class='ocrx_word' id='word_1_629' title='bbox 1396 4685 1492 4745; x_wconf 72' lang='grc' dir='ltr'><strong>τὰς</strong></span> <span class='ocrx_word' id='word_1_630' title='bbox 1532 4699 1792 4752; x_wconf 76' lang='grc' dir='ltr'><strong>μαρτυρισ</strong></span> 
     </span>
    </p>
   </div>
   <div class='ocr_carea' id='block_1_90' title="bbox 220 4773 1792 4845">
    <p class='ocr_par' dir='ltr' id='par_1_90' title="bbox 220 4773 1792 4845">
     <span class='ocr_line' id='line_1_91' title="bbox 220 4773 1792 4845; baseline -0.004 -15"><span class='ocrx_word' id='word_1_631' title='bbox 220 4778 323 4839; x_wconf 82' lang='grc' dir='ltr'><strong>κάς</strong></span> <span class='ocrx_word' id='word_1_632' title='bbox 345 4776 524 4829; x_wconf 80' lang='grc' dir='ltr'><strong>αὐτῶν</strong></span> <span class='ocrx_word' id='word_1_633' title='bbox 545 4774 783 4844; x_wconf 66' lang='grc' dir='ltr'><strong>κεφαλὰς</strong></span> <span class='ocrx_word' id='word_1_634' title='bbox 806 4777 1140 4845; x_wconf 81' lang='grc' dir='ltr'><strong>ἀφαιρεῖται.</strong></span> <span class='ocrx_word' id='word_1_635' title='bbox 1172 4775 1341 4845; x_wconf 6' lang='grc' dir='ltr'><strong>,Μετά</strong></span> <span class='ocrx_word' id='word_1_636' title='bbox 1364 4774 1418 4827; x_wconf 84' lang='grc' dir='ltr'><strong>δὲ</strong></span> <span class='ocrx_word' id='word_1_637' title='bbox 1436 4774 1653 4837; x_wconf 77' lang='grc' dir='ltr'><strong>τούτους</strong></span> <span class='ocrx_word' id='word_1_638' title='bbox 1672 4773 1792 4840; x_wconf 77' lang='grc' dir='ltr'><strong>ἄγει</strong></span> 
     </span>
    </p>
   </div>
   <div class='ocr_carea' id='block_1_91' title="bbox 217 4865 1794 4939">
    <p class='ocr_par' dir='ltr' id='par_1_91' title="bbox 217 4865 1794 4939">
     <span class='ocr_line' id='line_1_92' title="bbox 217 4865 1794 4939; baseline -0.004 -17"><span class='ocrx_word' id='word_1_639' title='bbox 217 4868 502 4939; x_wconf 76' lang='grc' dir='ltr'><strong>δεσμώτην</strong></span> <span class='ocrx_word' id='word_1_640' title='bbox 532 4870 621 4921; x_wconf 73' lang='grc' dir='ltr'><strong>τὸν</strong></span> <span class='ocrx_word' id='word_1_641' title='bbox 668 4871 909 4937; x_wconf 78' lang='grc' dir='ltr'><strong>γενναῖον</strong></span> <span class='ocrx_word' id='word_1_642' title='bbox 968 4867 1285 4937; x_wconf 87' lang='grc' dir='ltr'><strong>Ἐπίμαχον,</strong></span> <span class='ocrx_word' id='word_1_643' title='bbox 1318 4868 1412 4920; x_wconf 76' lang='grc' dir='ltr'><strong>καὶ</strong></span> <span class='ocrx_word' id='word_1_644' title='bbox 1444 4868 1558 4919; x_wconf 84' lang='grc' dir='ltr'><strong>Ἵνα</strong></span> <span class='ocrx_word' id='word_1_645' title='bbox 1589 4865 1659 4932; x_wconf 82' lang='grc' dir='ltr'><strong>τί,</strong></span> <span class='ocrx_word' id='word_1_646' title='bbox 1692 4882 1794 4933; x_wconf 78' lang='grc' dir='ltr'><strong>φη-</strong></span> 
     </span>
    </p>
   </div>
   <div class='ocr_carea' id='block_1_92' title="bbox 221 4955 1794 5028">
    <p class='ocr_par' dir='ltr' id='par_1_92' title="bbox 221 4955 1794 5028">
     <span class='ocr_line' id='line_1_93' title="bbox 221 4955 1794 5028; baseline -0.003 -16"><span class='ocrx_word' id='word_1_647' title='bbox 221 4965 331 5025; x_wconf 75' lang='grc' dir='ltr'><strong>σιν,</strong></span> <span class='ocrx_word' id='word_1_648' title='bbox 354 4963 381 5012; x_wconf 93' lang='lat'><strong>6</strong></span> <span class='ocrx_word' id='word_1_649' title='bbox 402 4960 596 5028; x_wconf 66' lang='grc' dir='ltr'><strong>σεμνὸς</strong></span> <span class='ocrx_word' id='word_1_650' title='bbox 629 4961 691 5012; x_wconf 77' lang='grc' dir='ltr'><strong>σὺ</strong></span> <span class='ocrx_word' id='word_1_651' title='bbox 718 4962 807 5012; x_wconf 70' lang='grc' dir='ltr'><strong>καὶ</strong></span> <span class='ocrx_word' id='word_1_652' title='bbox 831 4959 891 5011; x_wconf 76' lang='grc' dir='ltr'><strong>τὸ</strong></span> <span class='ocrx_word' id='word_1_653' title='bbox 914 4955 1050 5021; x_wconf 80' lang='grc' dir='ltr'><strong>εἶδος</strong></span> <span class='ocrx_word' id='word_1_654' title='bbox 1081 4958 1409 5025; x_wconf 72' lang='grc' dir='ltr'><strong>ἀξιοθέατος,</strong></span> <span class='ocrx_word' id='word_1_655' title='bbox 1439 4960 1515 5021; x_wconf 79' lang='grc' dir='ltr'><strong>εἰς</strong></span> <span class='ocrx_word' id='word_1_656' title='bbox 1544 4958 1794 5009; x_wconf 80' lang='grc' dir='ltr'><strong>τοσοῦτον</strong></span> 
     </span>
    </p>
   </div>
   <div class='ocr_carea' id='block_1_93' title="bbox 218 5049 1795 5122">
    <p class='ocr_par' dir='ltr' id='par_1_93' title="bbox 218 5049 1795 5122">
     <span class='ocr_line' id='line_1_94' title="bbox 218 5049 1795 5122; baseline 0.019 -12"><span class='ocrx_word' id='word_1_657' title='bbox 218 5054 488 5118; x_wconf 55' lang='lat' dir='ltr'><strong>sidus-sa;</strong></span> <span class='ocrx_word' id='word_1_658' title='bbox 522 5051 859 5117; x_wconf 71' lang='grc' dir='ltr'><strong>δυσσεεείας,</strong></span> <span class='ocrx_word' id='word_1_659' title='bbox 904 5050 978 5114; x_wconf 72' lang='grc' dir='ltr'><strong>ὡς</strong></span> <span class='ocrx_word' id='word_1_660' title='bbox 1014 5053 1089 5122; x_wconf 74' lang='grc' dir='ltr'><strong>μὴ</strong></span> <span class='ocrx_word' id='word_1_661' title='bbox 1133 5052 1293 5121; x_wconf 58' lang='grc' dir='ltr'><strong>μόνον</strong></span> <span class='ocrx_word' id='word_1_662' title='bbox 1321 5052 1502 5122; x_wconf 69' lang='grc' dir='ltr'><strong>ἡμῶνν</strong></span> <span class='ocrx_word' id='word_1_663' title='bbox 1535 5050 1669 5103; x_wconf 64' lang='grc' dir='ltr'><strong>ἀλλά</strong></span> <span class='ocrx_word' id='word_1_664' title='bbox 1704 5049 1795 5101; x_wconf 42' lang='lat' dir='ltr'>nl</span> 
     </span>
    </p>
   </div>
   <div class='ocr_carea' id='block_1_94' title="bbox 224 5142 1796 5215">
    <p class='ocr_par' dir='ltr' id='par_1_94' title="bbox 224 5142 1796 5215">
     <span class='ocr_line' id='line_1_95' title="bbox 224 5142 1796 5215; baseline -0.002 -17"><span class='ocrx_word' id='word_1_665' title='bbox 224 5145 365 5198; x_wconf 82' lang='grc' dir='ltr'><strong>θεῶν</strong></span> <span class='ocrx_word' id='word_1_666' title='bbox 403 5142 582 5196; x_wconf 68' lang='grc' dir='ltr'><strong>αὐτῶν</strong></span> <span class='ocrx_word' id='word_1_667' title='bbox 609 5146 699 5196; x_wconf 76' lang='grc' dir='ltr'><strong>καὶ</strong></span> <span class='ocrx_word' id='word_1_668' title='bbox 735 5144 1006 5213; x_wconf 85' lang='grc' dir='ltr'><strong>βασιλέων</strong></span> <span class='ocrx_word' id='word_1_669' title='bbox 1059 5145 1483 5215; x_wconf 76' lang='grc' dir='ltr'><strong>αὐτοκρατόρων</strong></span> <span class='ocrx_word' id='word_1_670' title='bbox 1517 5161 1796 5211; x_wconf 71' lang='grc' dir='ltr'><strong>καταφρο-</strong></span> 
     </span>
    </p>
   </div>
   <div class='ocr_carea' id='block_1_95' title="bbox 223 5234 1795 5305">
    <p class='ocr_par' dir='ltr' id='par_1_95' title="bbox 223 5234 1795 5305">
     <span class='ocr_line' id='line_1_96' title="bbox 223 5234 1795 5305; baseline -0.004 -15"><span class='ocrx_word' id='word_1_671' title='bbox 223 5240 370 5302; x_wconf 79' lang='grc' dir='ltr'><strong>νεῖν;</strong></span> <span class='ocrx_word' id='word_1_672' title='bbox 418 5234 760 5305; x_wconf 80' lang='grc' dir='ltr'><strong>Ἀνθρὼπους</strong></span> <span class='ocrx_word' id='word_1_673' title='bbox 788 5236 889 5304; x_wconf 82' lang='grc' dir='ltr'><strong>μὲν</strong></span> <span class='ocrx_word' id='word_1_674' title='bbox 913 5236 1021 5305; x_wconf 73' lang='grc' dir='ltr'><strong>γὰρ</strong></span> <span class='ocrx_word' id='word_1_675' title='bbox 1053 5235 1235 5300; x_wconf 72' lang='grc' dir='ltr'><strong>ὄντας,</strong></span> <span class='ocrx_word' id='word_1_676' title='bbox 1266 5236 1478 5304; x_wconf 77' lang='grc' dir='ltr'><strong>ἀνάγκη</strong></span> <span class='ocrx_word' id='word_1_677' title='bbox 1530 5234 1795 5296; x_wconf 70' lang='grc' dir='ltr'><strong>πολλάκις</strong></span> 
     </span>
    </p>
   </div>
   <div class='ocr_carea' id='block_1_96' title="bbox 224 5327 1797 5399">
    <p class='ocr_par' dir='ltr' id='par_1_96' title="bbox 224 5327 1797 5399">
     <span class='ocr_line' id='line_1_97' title="bbox 224 5327 1797 5399; baseline -0.004 -14"><span class='ocrx_word' id='word_1_678' title='bbox 224 5328 560 5398; x_wconf 68' lang='grc' dir='ltr'><strong>σφάλλεσθαι</strong></span> <span class='ocrx_word' id='word_1_679' title='bbox 609 5327 703 5379; x_wconf 73' lang='grc' dir='ltr'><strong>τοῦ</strong></span> <span class='ocrx_word' id='word_1_680' title='bbox 753 5330 1146 5399; x_wconf 79' lang='grc' dir='ltr'><strong>προσήκοντος,</strong></span> <span class='ocrx_word' id='word_1_681' title='bbox 1200 5328 1339 5398; x_wconf 75' lang='grc' dir='ltr'><strong>πλὴν</strong></span> <span class='ocrx_word' id='word_1_682' title='bbox 1371 5328 1487 5381; x_wconf 81' lang='grc' dir='ltr'><strong>ἀλλ’</strong></span> <span class='ocrx_word' id='word_1_683' title='bbox 1546 5328 1645 5379; x_wconf 74' lang='grc' dir='ltr'><strong>οὐκ</strong></span> <span class='ocrx_word' id='word_1_684' title='bbox 1676 5328 1797 5378; x_wconf 80' lang='grc' dir='ltr'><strong>ἐπι-</strong></span> 
     </span>
    </p>
   </div>
   <div class='ocr_carea' id='block_1_97' title="bbox 227 5420 1799 5493">
    <p class='ocr_par' dir='ltr' id='par_1_97' title="bbox 227 5420 1799 5493">
     <span class='ocr_line' id='line_1_98' title="bbox 227 5420 1799 5493; baseline -0.002 -18"><span class='ocrx_word' id='word_1_685' title='bbox 227 5427 411 5493; x_wconf 73' lang='grc' dir='ltr'><strong>μένειν</strong></span> <span class='ocrx_word' id='word_1_686' title='bbox 455 5423 534 5475; x_wconf 69' lang='grc' dir='ltr'><strong>δεῖ</strong></span> <span class='ocrx_word' id='word_1_687' title='bbox 580 5422 689 5485; x_wconf 77' lang='grc' dir='ltr'><strong>τοῖς</strong></span> <span class='ocrx_word' id='word_1_688' title='bbox 732 5423 936 5488; x_wconf 79' lang='grc' dir='ltr'><strong>αὐτοῖς,</strong></span> <span class='ocrx_word' id='word_1_689' title='bbox 969 5422 1102 5475; x_wconf 74' lang='grc' dir='ltr'><strong>ἀλλὰ</strong></span> <span class='ocrx_word' id='word_1_690' title='bbox 1152 5420 1589 5491; x_wconf 74' lang='grc' dir='ltr'><strong>μεταὸἀλ).εσοαι</strong></span> <span class='ocrx_word' id='word_1_691' title='bbox 1635 5422 1799 5473; x_wconf 74' lang='grc' dir='ltr'><strong>πάλιν</strong></span> 
     </span>
    </p>
   </div>
   <div class='ocr_carea' id='block_1_98' title="bbox 220 5514 1791 5586">
    <p class='ocr_par' dir='ltr' id='par_1_98' title="bbox 220 5514 1791 5586">
     <span class='ocr_line' id='line_1_99' title="bbox 220 5514 1791 5586; baseline 0 -19"><span class='ocrx_word' id='word_1_692' title='bbox 220 5514 571 5585; x_wconf 73' lang='grc' dir='ltr'><strong>διορθοῦσθαι</strong></span> <span class='ocrx_word' id='word_1_693' title='bbox 610 5515 677 5568; x_wconf 75' lang='grc' dir='ltr'><strong>τὰ</strong></span> <span class='ocrx_word' id='word_1_694' title='bbox 719 5515 846 5585; x_wconf 69' lang='grc' dir='ltr'><strong>παρ’</strong></span> <span class='ocrx_word' id='word_1_695' title='bbox 879 5516 1034 5586; x_wconf 75' lang='grc' dir='ltr'><strong>ἡμῶν</strong></span> <span class='ocrx_word' id='word_1_696' title='bbox 1066 5516 1140 5585; x_wconf 81' lang='grc' dir='ltr'><strong>μὴ</strong></span> <span class='ocrx_word' id='word_1_697' title='bbox 1172 5515 1401 5578; x_wconf 67' lang='grc' dir='ltr'><strong>δεόντως</strong></span> <span class='ocrx_word' id='word_1_698' title='bbox 1428 5515 1791 5585; x_wconf 76' lang='grc' dir='ltr'><strong>γεγενημένα.</strong></span> 
     </span>
    </p>
   </div>
   <div class='ocr_carea' id='block_1_99' title="bbox 222 5606 1797 5677">
    <p class='ocr_par' dir='ltr' id='par_1_99' title="bbox 222 5606 1797 5677">
     <span class='ocr_line' id='line_1_100' title="bbox 222 5606 1797 5677; baseline 0.001 -17"><span class='ocrx_word' id='word_1_699' title='bbox 222 5606 441 5660; x_wconf 64' lang='grc' dir='ltr'><strong>Οὐκοῦν</strong></span> <span class='ocrx_word' id='word_1_700' title='bbox 494 5606 819 5677; x_wconf 74' lang='grc' dir='ltr'><strong>ἀνθρωπίνῳ</strong></span> <span class='ocrx_word' id='word_1_701' title='bbox 852 5609 942 5660; x_wconf 71' lang='grc' dir='ltr'><strong>καὶ</strong></span> <span class='ocrx_word' id='word_1_702' title='bbox 971 5608 1131 5671; x_wconf 71' lang='grc' dir='ltr'><strong>αὐτὸς</strong></span> <span class='ocrx_word' id='word_1_703' title='bbox 1165 5610 1323 5663; x_wconf 81' lang='grc' dir='ltr'><strong>πάθει</strong></span> <span class='ocrx_word' id='word_1_704' title='bbox 1386 5607 1640 5671; x_wconf 78' lang='grc' dir='ltr'><strong>ἑαλωκὼς</strong></span> <span class='ocrx_word' id='word_1_705' title='bbox 1670 5608 1797 5661; x_wconf 72' lang='grc' dir='ltr'><strong>ἀνά·</strong></span> 
     </span>
    </p>
   </div>
   <div class='ocr_carea' id='block_1_100' title="bbox 221 5697 1798 5772">
    <p class='ocr_par' dir='ltr' id='par_1_100' title="bbox 221 5697 1798 5772">
     <span class='ocr_line' id='line_1_101' title="bbox 221 5697 1798 5772; baseline 0.001 -21"><span class='ocrx_word' id='word_1_706' title='bbox 221 5699 394 5767; x_wconf 69' lang='grc' dir='ltr'><strong>νηψόν</strong></span> <span class='ocrx_word' id='word_1_707' title='bbox 418 5716 549 5751; x_wconf 66' lang='grc' dir='ltr'><strong>πιτε</strong></span> <span class='ocrx_word' id='word_1_708' title='bbox 581 5700 671 5752; x_wconf 73' lang='grc' dir='ltr'><strong>καὶ</strong></span> <span class='ocrx_word' id='word_1_709' title='bbox 693 5700 1020 5770; x_wconf 76' lang='grc' dir='ltr'><strong>ἡμετέρους,</strong></span> <span class='ocrx_word' id='word_1_710' title='bbox 1050 5697 1193 5766; x_wconf 73' lang='grc' dir='ltr'><strong>εἶξον</strong></span> <span class='ocrx_word' id='word_1_711' title='bbox 1218 5703 1625 5772; x_wconf 76' lang='grc' dir='ltr'><strong>προστάγμασι,</strong></span> <span class='ocrx_word' id='word_1_712' title='bbox 1657 5702 1798 5755; x_wconf 72' lang='grc' dir='ltr'><strong>θύων</strong></span> 
     </span>
    </p>
   </div>
   <div class='ocr_carea' id='block_1_101' title="bbox 222 5788 1794 5862">
    <p class='ocr_par' dir='ltr' id='par_1_101' title="bbox 222 5788 1794 5862">
     <span class='ocr_line' id='line_1_102' title="bbox 222 5788 1794 5862; baseline 0.003 -19"><span class='ocrx_word' id='word_1_713' title='bbox 222 5790 511 5862; x_wconf 36' lang='grc' dir='ltr'><strong>οὒνεήμῖν</strong></span> <span class='ocrx_word' id='word_1_714' title='bbox 551 5794 661 5852; x_wconf 82' lang='grc' dir='ltr'><strong>τοῖς</strong></span> <span class='ocrx_word' id='word_1_715' title='bbox 720 5792 863 5855; x_wconf 75' lang='grc' dir='ltr'><strong>θεοῖς</strong></span> <span class='ocrx_word' id='word_1_716' title='bbox 911 5802 1003 5844; x_wconf 71' lang='grc' dir='ltr'><strong>καὶ</strong></span> <span class='ocrx_word' id='word_1_717' title='bbox 1052 5796 1239 5860; x_wconf 67' lang='grc' dir='ltr'><strong>αὐτοῖς</strong></span> <span class='ocrx_word' id='word_1_718' title='bbox 1290 5788 1514 5860; x_wconf 67' lang='grc' dir='ltr'><strong>εὐνοῶν,</strong></span> <span class='ocrx_word' id='word_1_719' title='bbox 1570 5794 1664 5848; x_wconf 70' lang='grc' dir='ltr'><strong>καὶ</strong></span> <span class='ocrx_word' id='word_1_720' title='bbox 1722 5796 1794 5856; x_wconf 79' lang='grc' dir='ltr'><strong>ὡς</strong></span> 
     </span>
    </p>
   </div>
   <div class='ocr_carea' id='block_1_102' title="bbox 393 5882 1046 5947">
    <p class='ocr_par' dir='ltr' id='par_1_102' title="bbox 393 5882 1046 5947">
     <span class='ocr_line' id='line_1_103' title="bbox 393 5882 1046 5947; baseline 0.005 -5"><span class='ocrx_word' id='word_1_721' title='bbox 393 5882 659 5944; x_wconf 72' lang='grc' dir='ltr'><strong>ΡΑτιιοι.</strong></span> <span class='ocrx_word' id='word_1_722' title='bbox 701 5886 815 5945; x_wconf 72' lang='lat' dir='ltr'><strong>Gn.</strong></span> <span class='ocrx_word' id='word_1_723' title='bbox 866 5886 1046 5947; x_wconf 69' lang='lat' dir='ltr'><strong>CXV.</strong></span> 
     </span>
    </p>
   </div>
   <div class='ocr_carea' id='block_1_103' title="bbox 1901 4612 3467 4693">
    <p class='ocr_par' dir='ltr' id='par_1_103' title="bbox 1901 4612 3467 4693">
     <span class='ocr_line' id='line_1_104' title="bbox 1901 4612 3467 4693; baseline 0.013 -28"><span class='ocrx_word' id='word_1_724' title='bbox 1901 4626 1987 4665; x_wconf 88' lang='lat' dir='ltr'><strong>res</strong></span> <span class='ocrx_word' id='word_1_725' title='bbox 2042 4612 2246 4681; x_wconf 90' lang='lat' dir='ltr'><strong>judieis</strong></span> <span class='ocrx_word' id='word_1_726' title='bbox 2301 4615 2542 4669; x_wconf 88' lang='lat' dir='ltr'><strong>animum</strong></span> <span class='ocrx_word' id='word_1_727' title='bbox 2607 4620 2841 4674; x_wconf 81' lang='lat' dir='ltr'><strong>maxime</strong></span> <span class='ocrx_word' id='word_1_728' title='bbox 2904 4624 3203 4693; x_wconf 86' lang='lat' dir='ltr'><strong>cruciabat)</strong></span> <span class='ocrx_word' id='word_1_729' title='bbox 3269 4628 3467 4687; x_wconf 89' lang='lat' dir='ltr'><strong>deinde</strong></span> 
     </span>
    </p>
   </div>
   <div class='ocr_carea' id='block_1_104' title="bbox 1897 4705 3467 4779">
    <p class='ocr_par' dir='ltr' id='par_1_104' title="bbox 1897 4705 3467 4779">
     <span class='ocr_line' id='line_1_105' title="bbox 1897 4705 3467 4779; baseline 0.012 -23"><span class='ocrx_word' id='word_1_730' title='bbox 1897 4705 2211 4757; x_wconf 90' lang='lat' dir='ltr'><strong>eorumdem</strong></span> <span class='ocrx_word' id='word_1_731' title='bbox 2236 4706 2413 4774; x_wconf 87' lang='lat' dir='ltr'><strong>capita</strong></span> <span class='ocrx_word' id='word_1_732' title='bbox 2437 4707 2611 4777; x_wconf 87' lang='lat' dir='ltr'><strong>gladio</strong></span> <span class='ocrx_word' id='word_1_733' title='bbox 2633 4713 2921 4779; x_wconf 88' lang='lat' dir='ltr'><strong>amputari.</strong></span> <span class='ocrx_word' id='word_1_734' title='bbox 2952 4714 3077 4770; x_wconf 87' lang='lat' dir='ltr'><strong>Post</strong></span> <span class='ocrx_word' id='word_1_735' title='bbox 3095 4717 3206 4772; x_wconf 73' lang='lat' dir='ltr'><strong>lucc</strong></span> <span class='ocrx_word' id='word_1_736' title='bbox 3226 4719 3467 4777; x_wconf 86' lang='lat' dir='ltr'><strong>vinctum</strong></span> 
     </span>
    </p>
   </div>
   <div class='ocr_carea' id='block_1_105' title="bbox 1897 4791 3465 4877">
    <p class='ocr_par' dir='ltr' id='par_1_105' title="bbox 1897 4791 3465 4877">
     <span class='ocr_line' id='line_1_106' title="bbox 1897 4791 3465 4877; baseline 0.012 -32"><span class='ocrx_word' id='word_1_737' title='bbox 1897 4791 1963 4845; x_wconf 89' lang='lat' dir='ltr'><strong>ad</strong></span> <span class='ocrx_word' id='word_1_738' title='bbox 2014 4804 2073 4844; x_wconf 89' lang='lat' dir='ltr'><strong>se</strong></span> <span class='ocrx_word' id='word_1_739' title='bbox 2124 4791 2248 4845; x_wconf 94' lang='lat' dir='ltr'><strong>duci</strong></span> <span class='ocrx_word' id='word_1_740' title='bbox 2296 4793 2459 4862; x_wconf 85' lang='lat' dir='ltr'><strong>jussit</strong></span> <span class='ocrx_word' id='word_1_741' title='bbox 2506 4811 2832 4865; x_wconf 82' lang='lat' dir='ltr'><strong>generosum</strong></span> <span class='ocrx_word' id='word_1_742' title='bbox 2883 4798 3259 4873; x_wconf 83' lang='lat' dir='ltr'><strong>Epimachum,</strong></span> <span class='ocrx_word' id='word_1_743' title='bbox 3306 4826 3465 4877; x_wconf 87' lang='lat' dir='ltr'><strong>quem</strong></span> 
     </span>
    </p>
   </div>
   <div class='ocr_carea' id='block_1_106' title="bbox 1900 4883 3463 4961">
    <p class='ocr_par' dir='ltr' id='par_1_106' title="bbox 1900 4883 3463 4961">
     <span class='ocr_line' id='line_1_107' title="bbox 1900 4883 3463 4961; baseline 0.012 -26"><span class='ocrx_word' id='word_1_744' title='bbox 1900 4883 2120 4937; x_wconf 85' lang='lat' dir='ltr'><strong>intuens</strong></span> <span class='ocrx_word' id='word_1_745' title='bbox 2148 4901 2159 4936; x_wconf 74' lang='grc' dir='ltr'><strong>ε</strong></span> <span class='ocrx_word' id='word_1_746' title='bbox 2190 4883 2390 4951; x_wconf 84' lang='lat' dir='ltr'><strong>Quare,</strong></span> <span class='ocrx_word' id='word_1_747' title='bbox 2425 4886 2624 4955; x_wconf 88' lang='lat' dir='ltr'><strong>inquit,</strong></span> <span class='ocrx_word' id='word_1_748' title='bbox 2664 4898 2720 4943; x_wconf 93' lang='lat' dir='ltr'><strong>tu</strong></span> <span class='ocrx_word' id='word_1_749' title='bbox 2746 4890 2827 4943; x_wconf 89' lang='lat' dir='ltr'><strong>vir</strong></span> <span class='ocrx_word' id='word_1_750' title='bbox 2854 4891 2931 4945; x_wconf 88' lang='lat' dir='ltr'><strong>ita</strong></span> <span class='ocrx_word' id='word_1_751' title='bbox 2973 4894 3172 4961; x_wconf 86' lang='lat' dir='ltr'><strong>gravis,</strong></span> <span class='ocrx_word' id='word_1_752' title='bbox 3205 4908 3259 4951; x_wconf 92' lang='lat' dir='ltr'><strong>et</strong></span> <span class='ocrx_word' id='word_1_753' title='bbox 3293 4898 3463 4953; x_wconf 80' lang='lat' dir='ltr'><strong>forma</strong></span> 
     </span>
    </p>
   </div>
   <div class='ocr_carea' id='block_1_107' title="bbox 1898 4974 3469 5056">
    <p class='ocr_par' dir='ltr' id='par_1_107' title="bbox 1898 4974 3469 5056">
     <span class='ocr_line' id='line_1_108' title="bbox 1898 4974 3469 5056; baseline 0.01 -28"><span class='ocrx_word' id='word_1_754' title='bbox 1898 4974 2203 5043; x_wconf 86' lang='lat' dir='ltr'><strong>spectabili,</strong></span> <span class='ocrx_word' id='word_1_755' title='bbox 2261 4976 2326 5029; x_wconf 88' lang='lat' dir='ltr'><strong>ad</strong></span> <span class='ocrx_word' id='word_1_756' title='bbox 2377 4991 2493 5031; x_wconf 91' lang='lat' dir='ltr'><strong>eam</strong></span> <span class='ocrx_word' id='word_1_757' title='bbox 2549 4979 2885 5049; x_wconf 89' lang='lat' dir='ltr'><strong>impietatem</strong></span> <span class='ocrx_word' id='word_1_758' title='bbox 2934 4986 3223 5056; x_wconf 84' lang='lat' dir='ltr'><strong>prolapsus</strong></span> <span class='ocrx_word' id='word_1_759' title='bbox 3279 5004 3359 5053; x_wconf 86' lang='lat' dir='ltr'><strong>es,</strong></span> <span class='ocrx_word' id='word_1_760' title='bbox 3413 5003 3469 5044; x_wconf 89' lang='lat' dir='ltr'><strong>ut</strong></span> 
     </span>
    </p>
   </div>
   <div class='ocr_carea' id='block_1_108' title="bbox 1901 5068 3465 5148">
    <p class='ocr_par' dir='ltr' id='par_1_108' title="bbox 1901 5068 3465 5148">
     <span class='ocr_line' id='line_1_109' title="bbox 1901 5068 3465 5148; baseline 0.008 -27"><span class='ocrx_word' id='word_1_761' title='bbox 1901 5083 2009 5122; x_wconf 93' lang='lat' dir='ltr'><strong>non</strong></span> <span class='ocrx_word' id='word_1_762' title='bbox 2058 5068 2231 5121; x_wconf 86' lang='lat' dir='ltr'><strong>solum</strong></span> <span class='ocrx_word' id='word_1_763' title='bbox 2268 5082 2389 5135; x_wconf 88' lang='lat' dir='ltr'><strong>nos,</strong></span> <span class='ocrx_word' id='word_1_764' title='bbox 2440 5070 2536 5123; x_wconf 88' lang='lat' dir='ltr'><strong>sed</strong></span> <span class='ocrx_word' id='word_1_765' title='bbox 2568 5071 2701 5127; x_wconf 88' lang='lat' dir='ltr'><strong>deos</strong></span> <span class='ocrx_word' id='word_1_766' title='bbox 2730 5074 2891 5127; x_wconf 88' lang='lat' dir='ltr'><strong>etiam</strong></span> <span class='ocrx_word' id='word_1_767' title='bbox 2941 5074 3089 5144; x_wconf 88' lang='lat' dir='ltr'><strong>ipsos</strong></span> <span class='ocrx_word' id='word_1_768' title='bbox 3130 5087 3184 5130; x_wconf 91' lang='lat' dir='ltr'><strong>et</strong></span> <span class='ocrx_word' id='word_1_769' title='bbox 3233 5078 3465 5148; x_wconf 82' lang='lat' dir='ltr'><strong>impera-</strong></span> 
     </span>
    </p>
   </div>
   <div class='ocr_carea' id='block_1_109' title="bbox 1902 5161 3467 5236">
    <p class='ocr_par' dir='ltr' id='par_1_109' title="bbox 1902 5161 3467 5236">
     <span class='ocr_line' id='line_1_110' title="bbox 1902 5161 3467 5236; baseline 0.01 -25"><span class='ocrx_word' id='word_1_770' title='bbox 1902 5170 2045 5213; x_wconf 91' lang='lat' dir='ltr'><strong>tores</strong></span> <span class='ocrx_word' id='word_1_771' title='bbox 2076 5163 2497 5216; x_wconf 82' lang='lat' dir='ltr'><strong>contemneres?</strong></span> <span class='ocrx_word' id='word_1_772' title='bbox 2529 5161 2791 5219; x_wconf 89' lang='lat' dir='ltr'><strong>llomines</strong></span> <span class='ocrx_word' id='word_1_773' title='bbox 2822 5166 3045 5234; x_wconf 86' lang='lat' dir='ltr'><strong>quidem</strong></span> <span class='ocrx_word' id='word_1_774' title='bbox 3085 5182 3227 5236; x_wconf 69' lang='lat' dir='ltr'><strong>saape</strong></span> <span class='ocrx_word' id='word_1_775' title='bbox 3259 5172 3326 5224; x_wconf 86' lang='lat' dir='ltr'><strong>ab</strong></span> <span class='ocrx_word' id='word_1_776' title='bbox 3351 5171 3467 5225; x_wconf 83' lang='lat' dir='ltr'><strong>olli-</strong></span> 
     </span>
    </p>
   </div>
   <div class='ocr_carea' id='block_1_110' title="bbox 1901 5251 3465 5320">
    <p class='ocr_par' dir='ltr' id='par_1_110' title="bbox 1901 5251 3465 5320">
     <span class='ocr_line' id='line_1_111' title="bbox 1901 5251 3465 5320; baseline 0.007 -15"><span class='ocrx_word' id='word_1_777' title='bbox 1901 5251 1985 5306; x_wconf 92' lang='lat' dir='ltr'><strong>cio</strong></span> <span class='ocrx_word' id='word_1_778' title='bbox 2019 5252 2275 5306; x_wconf 86' lang='lat' dir='ltr'><strong>aberrare</strong></span> <span class='ocrx_word' id='word_1_779' title='bbox 2305 5267 2532 5310; x_wconf 89' lang='lat' dir='ltr'><strong>necesse</strong></span> <span class='ocrx_word' id='word_1_780' title='bbox 2575 5265 2678 5320; x_wconf 90' lang='lat' dir='ltr'><strong>est,</strong></span> <span class='ocrx_word' id='word_1_781' title='bbox 2709 5266 2765 5311; x_wconf 91' lang='lat' dir='ltr'><strong>at</strong></span> <span class='ocrx_word' id='word_1_782' title='bbox 2804 5273 2913 5310; x_wconf 90' lang='lat' dir='ltr'><strong>non</strong></span> <span class='ocrx_word' id='word_1_783' title='bbox 2970 5259 3127 5313; x_wconf 91' lang='lat' dir='ltr'><strong>decet</strong></span> <span class='ocrx_word' id='word_1_784' title='bbox 3178 5268 3357 5315; x_wconf 84' lang='lat' dir='ltr'><strong>tamen</strong></span> <span class='ocrx_word' id='word_1_785' title='bbox 3413 5266 3465 5316; x_wconf 79' lang='lat' dir='ltr'><strong>in</strong></span> 
     </span>
    </p>
   </div>
   <div class='ocr_carea' id='block_1_111' title="bbox 1902 5345 3468 5419">
    <p class='ocr_par' dir='ltr' id='par_1_111' title="bbox 1902 5345 3468 5419">
     <span class='ocr_line' id='line_1_112' title="bbox 1902 5345 3468 5419; baseline 0.006 -21"><span class='ocrx_word' id='word_1_786' title='bbox 1902 5345 2096 5398; x_wconf 86' lang='lat' dir='ltr'><strong>erratis</strong></span> <span class='ocrx_word' id='word_1_787' title='bbox 2126 5360 2465 5413; x_wconf 87' lang='lat' dir='ltr'><strong>permanere,</strong></span> <span class='ocrx_word' id='word_1_788' title='bbox 2500 5348 2597 5403; x_wconf 88' lang='lat' dir='ltr'><strong>sed</strong></span> <span class='ocrx_word' id='word_1_789' title='bbox 2624 5348 2909 5404; x_wconf 87' lang='lat' dir='ltr'><strong>consilium</strong></span> <span class='ocrx_word' id='word_1_790' title='bbox 2942 5360 3177 5419; x_wconf 90' lang='lat' dir='ltr'><strong>mutare,</strong></span> <span class='ocrx_word' id='word_1_791' title='bbox 3211 5361 3264 5406; x_wconf 90' lang='lat' dir='ltr'><strong>et</strong></span> <span class='ocrx_word' id='word_1_792' title='bbox 3294 5356 3468 5408; x_wconf 82' lang='lat' dir='ltr'><strong>corri—</strong></span> 
     </span>
    </p>
   </div>
   <div class='ocr_carea' id='block_1_112' title="bbox 1901 5438 3469 5509">
    <p class='ocr_par' dir='ltr' id='par_1_112' title="bbox 1901 5438 3469 5509">
     <span class='ocr_line' id='line_1_113' title="bbox 1901 5438 3469 5509; baseline 0.008 -22"><span class='ocrx_word' id='word_1_793' title='bbox 1901 5449 2048 5504; x_wconf 86' lang='lat' dir='ltr'><strong>gere,</strong></span> <span class='ocrx_word' id='word_1_794' title='bbox 2078 5450 2199 5505; x_wconf 83' lang='lat' dir='ltr'><strong>quae</strong></span> <span class='ocrx_word' id='word_1_795' title='bbox 2231 5451 2340 5490; x_wconf 90' lang='lat' dir='ltr'><strong>non</strong></span> <span class='ocrx_word' id='word_1_796' title='bbox 2392 5447 2538 5492; x_wconf 88' lang='lat' dir='ltr'><strong>recte</strong></span> <span class='ocrx_word' id='word_1_797' title='bbox 2569 5454 2597 5491; x_wconf 88' lang='lat' dir='ltr'><strong>a</strong></span> <span class='ocrx_word' id='word_1_798' title='bbox 2629 5440 2787 5494; x_wconf 84' lang='lat' dir='ltr'><strong>nobis</strong></span> <span class='ocrx_word' id='word_1_799' title='bbox 2819 5438 2964 5495; x_wconf 81' lang='lat' dir='ltr'><strong>facta</strong></span> <span class='ocrx_word' id='word_1_800' title='bbox 3011 5441 3237 5499; x_wconf 81' lang='lat' dir='ltr'><strong>fuerint.</strong></span> <span class='ocrx_word' id='word_1_801' title='bbox 3270 5443 3469 5509; x_wconf 86' lang='lat' dir='ltr'><strong>Quam-</strong></span> 
     </span>
    </p>
   </div>
   <div class='ocr_carea' id='block_1_113' title="bbox 1901 5525 3467 5603">
    <p class='ocr_par' dir='ltr' id='par_1_113' title="bbox 1901 5525 3467 5603">
     <span class='ocr_line' id='line_1_114' title="bbox 1901 5525 3467 5603; baseline 0.008 -26"><span class='ocrx_word' id='word_1_802' title='bbox 1901 5525 2089 5579; x_wconf 90' lang='lat' dir='ltr'><strong>obrem</strong></span> <span class='ocrx_word' id='word_1_803' title='bbox 2126 5537 2179 5582; x_wconf 92' lang='lat' dir='ltr'><strong>et</strong></span> <span class='ocrx_word' id='word_1_804' title='bbox 2212 5536 2289 5594; x_wconf 94' lang='lat' dir='ltr'><strong>tu,</strong></span> <span class='ocrx_word' id='word_1_805' title='bbox 2324 5540 2445 5581; x_wconf 90' lang='lat' dir='ltr'><strong>cum</strong></span> <span class='ocrx_word' id='word_1_806' title='bbox 2489 5529 2727 5583; x_wconf 85' lang='lat' dir='ltr'><strong>humano</strong></span> <span class='ocrx_word' id='word_1_807' title='bbox 2778 5546 2929 5586; x_wconf 88' lang='lat' dir='ltr'><strong>more</strong></span> <span class='ocrx_word' id='word_1_808' title='bbox 2972 5536 3305 5603; x_wconf 80' lang='lat' dir='ltr'><strong>peccaveris,</strong></span> <span class='ocrx_word' id='word_1_809' title='bbox 3350 5544 3467 5589; x_wconf 85' lang='lat' dir='ltr'><strong>tan-</strong></span> 
     </span>
    </p>
   </div>
   <div class='ocr_carea' id='block_1_114' title="bbox 1902 5616 3470 5693">
    <p class='ocr_par' dir='ltr' id='par_1_114' title="bbox 1902 5616 3470 5693">
     <span class='ocr_line' id='line_1_115' title="bbox 1902 5616 3470 5693; baseline 0.009 -24"><span class='ocrx_word' id='word_1_810' title='bbox 1902 5616 2023 5670; x_wconf 91' lang='lat' dir='ltr'><strong>dem</strong></span> <span class='ocrx_word' id='word_1_811' title='bbox 2054 5617 2367 5688; x_wconf 87' lang='lat' dir='ltr'><strong>resipiscas,</strong></span> <span class='ocrx_word' id='word_1_812' title='bbox 2396 5630 2450 5673; x_wconf 89' lang='lat' dir='ltr'><strong>et</strong></span> <span class='ocrx_word' id='word_1_813' title='bbox 2478 5620 2681 5677; x_wconf 90' lang='lat' dir='ltr'><strong>nostris</strong></span> <span class='ocrx_word' id='word_1_814' title='bbox 2698 5622 2868 5693; x_wconf 87' lang='lat' dir='ltr'><strong>jussis</strong></span> <span class='ocrx_word' id='word_1_815' title='bbox 2899 5624 3149 5690; x_wconf 89' lang='lat' dir='ltr'><strong>obedias,</strong></span> <span class='ocrx_word' id='word_1_816' title='bbox 3185 5628 3470 5683; x_wconf 89' lang='lat' dir='ltr'><strong>nobiscum</strong></span> 
     </span>
    </p>
   </div>
   <div class='ocr_carea' id='block_1_115' title="bbox 1904 5711 3465 5782">
    <p class='ocr_par' dir='ltr' id='par_1_115' title="bbox 1904 5711 3465 5782">
     <span class='ocr_line' id='line_1_116' title="bbox 1904 5711 3465 5782; baseline 0.006 -18"><span class='ocrx_word' id='word_1_817' title='bbox 1904 5726 2005 5765; x_wconf 90' lang='lat' dir='ltr'><strong>uua</strong></span> <span class='ocrx_word' id='word_1_818' title='bbox 2030 5711 2133 5766; x_wconf 89' lang='lat' dir='ltr'><strong>diis</strong></span> <span class='ocrx_word' id='word_1_819' title='bbox 2154 5712 2491 5782; x_wconf 80' lang='lat' dir='ltr'><strong>sacriﬁcans,</strong></span> <span class='ocrx_word' id='word_1_820' title='bbox 2516 5725 2572 5770; x_wconf 91' lang='lat' dir='ltr'><strong>et</strong></span> <span class='ocrx_word' id='word_1_821' title='bbox 2597 5715 2651 5769; x_wconf 92' lang='lat' dir='ltr'><strong>in</strong></span> <span class='ocrx_word' id='word_1_822' title='bbox 2676 5716 2795 5773; x_wconf 90' lang='lat' dir='ltr'><strong>illos</strong></span> <span class='ocrx_word' id='word_1_823' title='bbox 2822 5716 3259 5773; x_wconf 76' lang='lat' dir='ltr'><strong>benevolentiam</strong></span> <span class='ocrx_word' id='word_1_824' title='bbox 3284 5730 3465 5776; x_wconf 55' lang='lat' dir='ltr'><strong>osteu-</strong></span> 
     </span>
    </p>
   </div>
   <div class='ocr_carea' id='block_1_116' title="bbox 1904 5799 3469 5875">
    <p class='ocr_par' dir='ltr' id='par_1_116' title="bbox 1904 5799 3469 5875">
     <span class='ocr_line' id='line_1_117' title="bbox 1904 5799 3469 5875; baseline 0.008 -22"><span class='ocrx_word' id='word_1_825' title='bbox 1904 5799 2059 5868; x_wconf 83' lang='lat' dir='ltr'><strong>dens,</strong></span> <span class='ocrx_word' id='word_1_826' title='bbox 2116 5815 2207 5868; x_wconf 88' lang='lat' dir='ltr'><strong>ne,</strong></span> <span class='ocrx_word' id='word_1_827' title='bbox 2259 5802 2302 5857; x_wconf 85' lang='lat' dir='ltr'><strong>si</strong></span> <span class='ocrx_word' id='word_1_828' title='bbox 2353 5801 2485 5860; x_wconf 89' lang='lat' dir='ltr'><strong>deos</strong></span> <span class='ocrx_word' id='word_1_829' title='bbox 2531 5804 2677 5875; x_wconf 81' lang='lat' dir='ltr'><strong>ipsos</strong></span> <span class='ocrx_word' id='word_1_830' title='bbox 2710 5806 2949 5863; x_wconf 86' lang='lat' dir='ltr'><strong>omnium</strong></span> <span class='ocrx_word' id='word_1_831' title='bbox 2999 5805 3251 5863; x_wconf 89' lang='lat' dir='ltr'><strong>dominos</strong></span> <span class='ocrx_word' id='word_1_832' title='bbox 3294 5810 3469 5865; x_wconf 84' lang='lat' dir='ltr'><strong>colere</strong></span> 
     </span>
    </p>
   </div>
   <div class='ocr_carea' id='block_1_117' title="bbox 3087 5900 3157 5959">
    <p class='ocr_par' dir='ltr' id='par_1_117' title="bbox 3087 5900 3157 5959">
     <span class='ocr_line' id='line_1_118' title="bbox 3087 5900 3157 5959; baseline 0 0"><span class='ocrx_word' id='word_1_833' title='bbox 3087 5900 3157 5959; x_wconf 73' lang='grc' dir='ltr'><strong>ΔΞ</strong></span> 
     </span>
    </p>
   </div>
  </div>
