3990 6442
547 382 681 448 1323

1846 393 2130 455 MENSJS
2170 394 2534 459 OCTOBER.

3676 396 3803 460 1324

548 495 807 563 nolueris,
837 504 891 551 tu
913 512 1131 570 quoque
1160 500 1551 559 sceleratorum
1576 504 1856 561 hominum
1892 518 2102 564 morten

2227 508 2494 571 δεσπότας
2529 506 2852 578 θεραπεύων
2904 506 3183 572 ἁπάντων,
3233 506 3320 559 ἵνα
3373 505 3450 575 μὴ
3492 506 3585 557 καὶ
3616 509 3675 562 σὺ
3712 512 3802 563 τδν

546 592 792 659 patiaris.

614 675 702 731 Vl.
746 678 825 733 Ad
871 680 984 735 iure
1032 684 1452 739 ardentissimus
1490 686 1580 741 ille
1625 689 1871 743 veritatis
1918 706 2119 759 propu-

540 779 733 837 gnator
776 770 1130 839 Epimachus,
1163 786 1409 843 apertam
1453 779 1598 833 illius
1633 782 1994 836 temeritatem
2029 798 2117 835 re-

540 862 832 931 darguens,
860 866 1004 933 quod
1030 866 1494 924 admonitionibus
1516 881 1570 925 et
1598 874 1843 927 doctrina
1875 890 1968 928 sua
1993 891 2117 929 eum

542 950 606 1003 ad
641 953 969 1019 impietatem
1004 955 1285 1024 impellere
1322 972 1549 1015 conatus
1587 972 1753 1025 esset,
1795 965 1862 1017 ab
1894 966 2117 1019 exordio

540 1043 807 1097 orationis
855 1060 967 1099 sua:
1019 1046 1169 1112 fecit,
1208 1061 1265 1103 ut
1319 1060 1579 1119 tyrannus
1613 1054 1728 1123 ipse
1780 1059 1962 1111 statim
1995 1060 2116 1128 ejus

535 1134 777 1187 animum
816 1140 1171 1206 perspiceret.
1200 1150 1252 1193 et
1283 1142 1349 1194 ab
1382 1144 1529 1195 omni
1564 1162 1659 1213 spe
1690 1147 1981 1203 decideret.
2011 1149 2112 1213 Me,

540 1224 735 1292 inquit,
768 1244 801 1280 ο
831 1230 1019 1297 jmlex,
1066 1247 1343 1301 nunquam
1384 1236 1452 1289 ab
1482 1252 1541 1289 ea
1576 1238 1795 1307 pietate,
1838 1242 1993 1308 cujus
2015 1258 2114 1312 ego

536 1318 789 1374 alumnus
837 1328 891 1373 et
935 1322 1147 1378 amicus
1196 1342 1336 1389 sum,
1393 1339 1446 1381 tu
1494 1339 1739 1383 avertere
1777 1334 1999 1400 poteris.
2035 1336 2112 1391 Ne

535 1408 699 1477 igitur
744 1412 810 1465 ad
861 1416 1165 1483 negantiam
1195 1418 1403 1472 Christi
1466 1421 1867 1477 confessionem
1912 1428 2113 1483 dehinc

534 1516 816 1567 provoces,
855 1521 1030 1574 neque
1060 1508 1203 1561 aliud
1240 1511 1517 1580 quippiam
1572 1529 1659 1567 me
1692 1515 1979 1583 facturum,
2020 1530 2113 1575 aut

534 1593 805 1649 dicturum
842 1614 1048 1665 speres,
1081 1602 1226 1669 quod
1264 1604 1430 1658 animi
1460 1617 1555 1660 aut
1585 1611 1786 1664 mentis
1825 1613 2110 1669 imbecilli-

534 1693 696 1739 tatem
730 1688 1013 1757 siguiﬁcet.
1040 1692 1316 1751 Christum
1349 1701 1492 1754 enim
1524 1703 1808 1769 conﬁteor,
1832 1705 2107 1762 Chriswm

531 1777 783 1843 prmdico,
832 1796 928 1848 per
962 1798 1124 1852 quem
1176 1798 1357 1841 creata
1401 1801 1531 1845 sunt
1574 1796 1777 1859 omnia,
1822 1811 1917 1865 per
1947 1812 2105 1865 quem

533 1865 695 1921 homo
722 1867 1009 1937 formatus,
1042 1886 1093 1929 et
1130 1876 1214 1932 lex
1249 1880 1373 1935 data
1406 1894 1489 1937 est
1517 1902 1528 1937 :
1561 1886 1653 1952 qni
1686 1898 1924 1941 mentem
1954 1890 2111 1944 nobis

531 1957 682 2013 dedit
713 1964 955 2018 onmium
988 1967 1178 2023 ducem
1214 1986 1276 2025 ae
1310 1975 1641 2042 magistram,
1666 1979 1757 2047 qui
1793 1996 1891 2048 pro
1922 1995 2108 2037 noStra

528 2051 774 2105 omnium
827 2057 1021 2120 salute,
1056 2075 1174 2128 qua:
1217 2065 1329 2131 jam
1370 2067 1632 2134 perierat,
1671 2070 1906 2126 humana
1942 2090 2109 2130 carne

530 2156 588 2195 se
640 2144 838 2212 induit,
886 2159 940 2203 et
991 2155 1287 2211 cruciﬁxus
1334 2173 1397 2212 ac
1452 2162 1698 2230 sepultus
1751 2165 1872 2231 fuit,
1924 2184 2111 2221 resur-

531 2234 690 2300 rexit,
742 2248 796 2292 et
846 2239 898 2293 in
954 2244 1124 2299 etrlos
1167 2261 1481 2319 assumptus
1532 2264 1635 2317 est,
1695 2265 1859 2326 atque
1910 2260 2106 2314 iterum

530 2332 798 2380 venturus
846 2346 968 2382 eum
1004 2334 1167 2401 gloria
1201 2341 1461 2395 creditur.
1515 2342 1729 2397 Utinam
1765 2359 1817 2400 et
1850 2357 1905 2401 tu
1949 2350 2107 2403 istam

530 2413 797 2472 idolorum
836 2426 1134 2480 czecitatem
1186 2430 1253 2483 ah
1286 2434 1457 2488 oculis
1488 2436 1681 2491 animm
1731 2440 2022 2508 abjiceres,
2054 2450 2109 2495 et

529 2520 751 2563 suavem
786 2528 847 2567 ae
895 2517 1186 2573 salutarent
1219 2521 1412 2579 Christi
1458 2528 1631 2583 lucem
1676 2532 1973 2599 aspiceres.
2006 2534 2111 2588 No-

529 2600 620 2654 lim
656 2604 799 2658 eniru
845 2619 997 2677 putet
1042 2613 1260 2682 aliquis,
1298 2628 1501 2674 temere
1539 2637 1602 2675 ac
1636 2623 1835 2677 frustra
1863 2642 1964 2678 nos
1992 2640 2110 2679 cor-

530 2708 659 2761 pora
692 2708 875 2753 nostra
918 2707 1252 2761 cruciatibus
1298 2710 1531 2765 libenter
1582 2716 1813 2769 tradere.
1863 2717 1978 2769 Non
2037 2719 2109 2771 ita

528 2802 718 2844 smnus
769 2794 1063 2862 nobisipsis
1120 2799 1327 2856 inimici
1381 2814 1433 2857 et
1485 2806 1854 2864 insidiatores.
1911 2809 2108 2864 Verum

526 2880 782 2943 quoniam
815 2884 980 2937 altera
1014 2894 1259 2955 quzedam
1293 2894 1401 2946 vita
1434 2909 1517 2948 est
1545 2899 1715 2950 tnulto
1764 2901 2109 2969 praestantior

529 2972 649 3033 hac,
678 2990 798 3042 quae
827 2976 1083 3035 videtur:
1114 2982 1252 3036 alter
1275 2987 1495 3052 quidam
1529 2993 1789 3053 mundus,
1827 3003 1881 3045 et
1913 2994 2108 3061 sempi-

528 3071 679 3118 terna
740 3083 923 3121 rerum
977 3074 1244 3129 bonarum
1294 3078 1607 3143 delectatio,
1663 3082 1811 3135 nullo
1862 3090 2106 3152 tempore

522 3157 956 3231 circumsCripta,
1008 3169 1102 3221 sed
1167 3186 1465 3238 perennem
1523 3174 1921 3242 jucunditatem
1973 3176 2104 3230 atl'e-
2136 3206 2178 3262 ρ

525 3267 685 3305 rens:
713 3265 998 3323 propterea
1027 3264 1290 3316 tnundmn
1320 3265 1465 3318 hunc
1494 3268 1871 3335 Spectabilem,
1904 3277 1958 3323 et
1985 3286 2107 3323 ear-

524 3357 644 3395 nem
682 3343 821 3400 hanc
853 3348 1097 3417 fragilem
1133 3363 1293 3421 atque
1320 3358 1579 3411 caducam
1605 3361 1957 3428 despicimus.
1996 3362 2103 3416 Ta-

525 3435 590 3487 lis
627 3447 709 3489 est
762 3451 945 3493 nostra
986 3444 1281 3498 confessio.
1335 3446 1387 3499 In
1446 3451 1547 3502 hac
1603 3452 1740 3504 ﬁrmi
1779 3463 1831 3505 et
1882 3456 2107 3508 stabiles

523 3544 623 3579 con
665 3530 895 3585 istimus.
946 3534 1047 3588 Pro
1086 3536 1187 3591 hac
1239 3548 1293 3591 et
1348 3557 1447 3608 ego
1507 3547 1759 3609 quemvis
1803 3547 2104 3595 crueiatum

522 3623 795 3677 sustinere
825 3637 1049 3694 paratus
1082 3644 1224 3682 sum.
1257 3630 1334 3682 Tu
1373 3647 1501 3683 vero
1529 3632 1569 3684 si
1598 3639 1831 3685 celerem
1875 3646 2105 3689 mortem

522 3714 793 3778 attuleris,
842 3728 1155 3784 pergratum
1186 3722 1319 3773 mihi
1363 3722 1551 3784 facies,
1585 3734 1639 3777 et
1674 3725 1906 3793 teipsum
1940 3726 2108 3780 dede-

524 3822 651 3859 core
700 3808 977 3863 liberabis.
1012 3811 1130 3874 Quo
1161 3813 1306 3865 enim
1344 3813 1685 3869 diutut'niore
1727 3818 1970 3871 cruciatu
2020 3834 2105 3873 me

524 3896 747 3967 alliiges,
791 3914 856 3951 eo
898 3902 1202 3969 promptior
1249 3905 1315 3956 ad
1364 3906 1512 3971 jussa
1568 3917 1656 3959 tua
1704 3911 2105 3963 contemnenda

526 3990 793 4043 inveniar.
836 3990 969 4044 Nam
1006 3993 1051 4046 si
1094 3994 1233 4047 nihil
1266 3995 1413 4048 aliud
1448 4008 1614 4063 esset,
1647 4011 1795 4053 certe
1827 4010 1879 4053 et
1912 4011 2109 4072 marty-

525 4098 613 4136 res
642 4084 761 4137 illos
792 4098 1063 4147 revereor,
1087 4086 1178 4152 qui
1212 4096 1337 4141 ante
1361 4104 1459 4142 nos
1490 4100 1770 4144 certamen
1796 4094 2104 4159 subierunt,

528 4186 580 4229 et
615 4178 853 4245 reliquos
886 4179 1041 4243 istos,
1074 4180 1165 4247 qui
1214 4181 1501 4235 nobiscum
1538 4198 1641 4236 una
1671 4199 1946 4238 carcerem
1982 4202 2106 4238 rur-

526 4285 619 4323 sus
652 4271 894 4324 habitant
925 4288 937 4324 :
972 4272 1039 4325 ob
1072 4274 1230 4342 idque
1256 4287 1310 4330 et
1340 4277 1455 4343 ipse
1485 4278 1613 4331 illud
1640 4280 1854 4343 studeo,
1892 4297 1959 4333 ne
1986 4282 2106 4335 sine

527 4372 727 4410 corona
782 4358 1057 4413 discedam
1109 4375 1123 4413 :
1182 4363 1275 4417 sed
1333 4374 1393 4417 ut
1442 4378 1724 4435 postquam
1778 4370 1829 4421 in
1885 4372 2102 4425 illorum

527 4445 694 4500 choro
720 4457 1076 4502 enumeratus
1106 4448 1281 4515 fuero,
1306 4451 1425 4509 istis
1454 4457 1750 4525 Optabilem
1784 4460 2105 4516 certaminis

528 4534 628 4587 mei
662 4550 882 4588 cursum
916 4538 1219 4591 ostendam.

599 4623 731 4676 Vlll.
779 4623 903 4677 Haec
936 4628 1189 4696 martyris
1217 4629 1377 4682 verba
1414 4630 1815 4686 dubitationem
1851 4650 2103 4701 magnam

529 4718 759 4778 tyranno
787 4714 1128 4770 attulerunt:
1163 4718 1254 4785 qui
1287 4734 1406 4771 cum
1440 4719 1740 4787 Epimacho
1774 4725 2104 4789 persuadere

528 4817 635 4853 non
672 4814 871 4867 posset,
905 4818 1028 4856 eum
1053 4804 1107 4856 in
1139 4806 1282 4876 ligno
1315 4808 1575 4875 suspendi
1603 4810 1785 4875 jussit,
1820 4825 1882 4863 ac
1912 4812 2104 4867 ferreis

537 4896 801 4963 unguibus
839 4896 1084 4951 lacerari.
1117 4900 1207 4953 llle
1240 4915 1304 4952 eo
1339 4899 1507 4969 magis
1532 4899 1801 4967 ejusmodi
1835 4911 2106 4957 tormento

537 4988 839 5053 lmtabalur,
872 5006 979 5059 quo
1008 5008 1065 5046 se
1096 4993 1164 5047 ob
1204 5009 1323 5046 eam
1359 5009 1470 5045 rem
1502 4994 1798 5047 beatiorem
1829 4996 2107 5051 existima-

537 5088 661 5136 bat:
703 5083 903 5152 quippe
922 5086 1063 5150 quod
1095 5085 1330 5137 imitator
1358 5094 1503 5137 esset
1533 5100 1745 5149 eorum,
1770 5104 1889 5154 quae
1922 5087 2105 5142 Domi-

531 5192 630 5231 nus
654 5175 813 5230 Jesus
843 5192 1034 5246 passus
1068 5180 1261 5233 fuerat.
1296 5181 1481 5248 Itaque
1512 5181 1726 5234 aiebat:
1758 5182 1809 5235 Si
1840 5181 2105 5239 Dominus

529 5281 715 5323 noster
749 5270 906 5325 Jesus
936 5271 1183 5326 Christus
1212 5283 1436 5342 pr0pter
1466 5288 1562 5327 nos
1591 5276 1885 5329 cruciﬁxus
1920 5287 2021 5338 est,
2053 5287 2107 5329 et

531 5362 669 5417 fellis
706 5374 881 5439 atque
911 5364 1052 5417 aceti
1106 5365 1383 5432 potionem
1437 5366 1684 5435 accepit:
1720 5366 1763 5419 si
1812 5367 1930 5436 ejus
1964 5369 2105 5422 latus

531 5459 715 5512 lancea
745 5472 1062 5526 pereussutn
1106 5457 1229 5520 fuit,
1281 5460 1324 5511 si
1377 5459 1567 5527 palma:
1612 5459 1778 5513 clavis
1821 5462 2106 5529 perforatae

531 5556 675 5610 sunt,
705 5564 873 5619 quare
904 5565 1011 5603 non
1044 5550 1218 5604 debeo
1247 5561 1299 5605 et
1339 5565 1440 5619 ego
1489 5551 1634 5607 illius
1664 5569 1875 5618 servus,
1910 5571 2105 5624 magna

528 5659 651 5698 eum
696 5646 975 5712 voluptate
1028 5644 1081 5696 in
1135 5644 1216 5696 liis
1262 5643 1393 5713 ipsis
1430 5660 1551 5697 cum
1604 5646 1822 5699 Christo
1877 5648 2106 5700 Domino

532 5750 653 5789 meo
689 5735 1135 5789 communicare?
1164 5736 1325 5789 Certe
1356 5746 1561 5805 martyr
1593 5736 1679 5790 ille
1713 5738 1876 5792 etiam
1916 5740 2103 5791 lancea

533 5830 741 5900 percuti
791 5830 1085 5899 cupiebat:
1140 5830 1384 5899 quinimo
1418 5830 1484 5883 fel
1535 5830 1708 5902 ipsum
1776 5833 2104 5901 appetebat:

2225 599 2333 651 τῶν
2360 601 2687 669 κακούργων
2718 601 2948 655 θάνατον
2978 602 3246 669 ὑποστῇς.

2295 689 2385 757 (τ’.
2412 693 2554 762 Πρὸς
2587 695 2759 747 ταῦτα
2799 697 2825 747 ὀ
2870 693 3069 762 θερμὸς
3105 692 3274 754 ὅντως
3310 695 3522 757 ἐκεῖνος
3552 695 3646 760 τῆς
3676 696 3800 762 title,-

2224 784 2374 847 θείας
2403 785 2726 855 ὑπέρμαχος
2758 786 3020 838 ἀπόνοιαν
3054 783 3221 837 αὐτοῦ
3267 787 3417 854 σαφῆ
3471 789 3795 851 καταγνοὺς,

2222 878 2303 929 ὅτι
2339 878 2430 930 καὶ
2467 878 2823 947 παραινέσεσι
2857 878 3022 945 δῆθεν
3068 877 3234 929 αὑτὸν
3277 878 3373 928 καὶ
3419 879 3789 940 διδασκαλίαις

2221 969 2603 1036 ἐπαγαγέσθαι
2635 970 2772 1038 πρὸς
2807 971 2907 1039 τὴν
2937 970 3198 1022 ἀσέϐειαν
3233 971 3521 1038 ἐπειρᾶτο,
3556 973 3799 1038 ἀπόγνω-

2223 1078 2307 1111 σιν
2354 1058 2504 1128 αὑτῷ
2551 1061 2614 1112 ἐκ
2649 1062 2953 1131 προοιμιῶν
2988 1062 3148 1124 εὐθὺς
3194 1061 3392 1115 ἑαυτοῦ
3440 1064 3663 1129 ἐμποιεῖ
3710 1065 3796 1113 καὶ

2218 1153 2327 1203 τῶν
2369 1152 2603 1205 ἐλπίδων
2634 1155 2862 1206 ὲκεινων
2883 1154 3159 1222 ἐκκρούει.
3212 1153 3343 1221 Ἐμὲ
3371 1154 3503 1219 γὰρ,
3538 1154 3721 1219 φησιν,
3754 1148 3794 1203 ὦ

2222 1244 2472 1307 δικαστὰ,
2519 1245 2618 1297 οὐκ
2670 1246 2735 1299 ἄν
2792 1262 2920 1296 ποτε
2973 1245 3071 1313 τῆς
3138 1246 3447 1312 συντρόφου
3500 1246 3595 1295 καὶ
3646 1245 3795 1311 eos;

2217 1336 2505 1398 εὐσεϐείας
2552 1336 2907 1405 ἀποστήσεις,
2954 1336 3015 1387 οὐ
3044 1336 3180 1403 πρὸς
3234 1337 3470 1403 ἄρνησιν
3500 1336 3792 1405 ἑκκαλέσῃ,

2217 1435 2312 1501 τῆς
2342 1434 2433 1487 τοῦ
2473 1435 2707 1502 Χριστοῦ
2736 1436 3030 1503 ὁμολογίας
3064 1435 3163 1488 οὐκ
3200 1434 3327 1487 ἄλλο
3361 1451 3413 1486 τι
3446 1435 3557 1485 τῶν
3590 1434 3795 1498 ἀγενῶν

2214 1526 2413 1595 δρᾶσαι
2446 1529 2897 1594 παρασκευάσῃς
2944 1530 2974 1598 ἦ
3010 1527 3370 1593 φθέγξασθαι.
3420 1526 3662 1593 Χριστδν
3694 1528 3793 1594 γὰρ

2214 1616 2482 1686 ὁμολογῶ,
2535 1619 2771 1685 Χριστὸν
2812 1618 3204 1687 ἀνακηρύττω,
3267 1618 3335 1669 δι’
3394 1609 3456 1668 οὗ
3506 1616 3577 1668 τὰ
3629 1618 3793 1669 πάντα

2217 1710 2497 1779 παρῆκται
2527 1712 2617 1761 καὶ
2645 1712 2933 1781 ἄνθρωπος
2964 1712 3295 1772 πέπλασται,
3325 1710 3421 1761 καὶ
3456 1712 3621 1776 νόμος
3653 1710 3793 1777 αὺτῷ

2217 1806 2495 1856 τελεῖται·
2558 1804 2654 1856 καὶ
2702 1804 2825 1866 νοῦς
2879 1804 3086 1855 δέδοται
3142 1803 3361 1855 πάντων
3406 1801 3638 1870 ἡγεμὼν
3710 1802 3794 1850 καί

2217 1897 2560 1963 διδάσκαλος,
2594 1898 2651 1961 ὃς
2694 1898 2786 1950 ἐπὶ
2813 1897 3062 1966 σωτηρία
3087 1896 3195 1947 τῶν
3230 1895 3595 1948 ἀπολωλότων
3622 1893 3790 1963 ἡμῶν,

2217 1992 2313 2043 καὶ
2348 1992 2715 2060 σετάρκωται,
2749 1992 2842 2043 καὶ
2876 1989 3243 2059 ἐσταύρωται,
3278 1988 3371 2040 καὶ
3398 1987 3673 2039 τέθαπται
3708 1986 3794 2037 καὶ

2216 2084 2537 2151 ἐγήγερται,
2571 2083 2663 2135 καὶ
2695 2082 2831 2151 πρὸς
2869 2082 3134 2150 οὐρανοὺς
3164 2081 3522 2148 ἀνείληπται·
3574 2080 3669 2129 καὶ
3701 2077 3794 2129 πά-

2212 2177 2295 2228 λιν
2337 2175 2655 2227 ἐλεύσεσθαι
2707 2174 2848 2243 μετὰ
2902 2173 3059 2240 δόξης
3098 2172 3487 2222 πεπίστευται,
3558 2171 3648 2229 Ὠς
3692 2168 3793 2217 εἴθε

2212 2269 2306 2320 καὶ
2340 2269 2400 2319 οὐ
2432 2270 2531 2335 τὴν
2569 2268 2859 2335 εἱδωλικὴν
2902 2266 3083 2335 λήμην
3114 2264 3223 2315 τῶν
3274 2264 3369 2331 τῆς
3404 2264 3587 2329 ψυχῆς
3619 2259 3794 2327 ὀμμά-

2210 2377 2319 2412 των
2358 2358 2670 2422 ἀποϐαλὼν,
2714 2359 2852 2427 πρὸς
2882 2358 2943 2410 τὸ
2979 2358 3152 2424 γλυκὺ
3196 2358 3309 2423 φιτ-ς
3349 2355 3566 2405 ἐκείνου
3603 2353 3793 2404 διέϐλε-

2212 2448 2340 2516 sla;
2379 2450 2527 2517 Μηδὲ
2559 2449 2666 2516 γὰρ
2696 2448 2895 2501 οἰέσθω
2931 2465 3012 2507 τις
3050 2445 3175 2512 εικῆ
3217 2446 3309 2497 κσὶ
3339 2445 3521 2511 μάτην
3554 2446 3703 2510 ἡμᾶς
3738 2442 3792 2491 τδ

2215 2542 2373 2608 σῶμα
2406 2544 2521 2603 ταῖς
2565 2541 2822 2608 βασάνοις
2854 2539 3212 2608 παραδιδόναι
3237 2554 3249 2565 ·
3296 2537 3393 2604 οὐχ
3436 2535 3610 2593 οὕτως
3638 2536 3791 2600 ἐσμὲν

2212 2630 2366 2683 αὐτοὶ
2390 2632 2600 2683 ἑαυτῶν
2653 2630 2841 2698 ἐχθροὶ
2888 2630 2983 2681 καὶ
3042 2628 3345 2680 ἐπίϐουλοι.
3408 2625 3556 2675 Ἀλλ’
3612 2623 3792 2692 ἐπειδὴ

2213 2722 2325 2792 ζωὴ
2361 2742 2445 2784 τις
2484 2724 2631 2775 ἐστὶν
2665 2724 2829 2789 ἑτέρα
2869 2720 3023 2790 παρα
3054 2720 3185 2771 πολὺ
3223 2719 3496 2787 κρείττων
3528 2716 3629 2782 τῆς
3665 2716 3794 2783 δρω-

2216 2814 2406 2882 μένης,
2449 2814 2539 2865 καὶ
2573 2813 2776 2878 κῧσμος
2827 2811 3033 2877 ἕτερος,
3096 2812 3189 2862 καὶ
3223 2808 3445 2873 ἀγαθῶν
3498 2808 3794 2867 ἀπόλαυσις

2211 2906 2422 2963 αἰωνία,
2466 2906 2525 2955 οὐ
2558 2905 2735 2971 χρόνῳ
2776 2902 3128 2972 μητρο-δμένη
3154 2940 3169 2964 ,
3232 2899 3367 2951 ἀλλὰ
3407 2899 3677 2966 μένουσαν
3712 2899 3794 2948 ἀεὶ

2210 2994 2305 3062 τὴν
2335 2996 2679 3061 εὐφροπύνην
2733 2994 3113 3060 παρεχομένη,
3158 2991 3352 3042 τούτου
3389 3007 3448 3055 γε
3493 2990 3656 3042 ἕνεκα
3708 2990 3795 3039 καὶ

2209 3086 2416 3151 κόσμου
2450 3086 2542 3136 τοῦ
2590 3084 2893 3151 ὁρωμένου,
2950 3085 3045 3134 καὶ
3083 3082 3283 3148 σαρκὸς
3342 3079 3790 3149 καταφρονοῦμεν

2211 3176 2284 3235 ὼς
2320 3177 2608 3245 λυομένης.
2638 3177 2784 3243 Λύτη
2819 3176 2965 3227 ἐστὶν
2998 3176 3026 3243 ἡ
3056 3175 3301 3243 ἡμετέρα
3339 3174 3623 3242 ὁμολογία,
3658 3176 3787 3235 πρὸς

2213 3267 2415 3335 ταύτην
2452 3268 2824 3336 ἐστηρὶγμεθα
2892 3268 2985 3318 καὶ
3020 3266 3361 3334 ἡδράσμεθα.
3412 3266 3587 3333 ’Υπὲρ
3623 3263 3789 3324 αὐτῆς

2211 3358 2305 3410 καὶ
2344 3360 2451 3411 πᾶν
2504 3358 2683 3411 ὁτιοῦν
2738 3360 2853 3427 εἰμι
2888 3357 2996 3409 τῶν
3043 3356 3234 3409 δεινῶν
3284 3357 3517 3423 πάσχειν
3558 3355 3789 3419 ἕτοιμος.

2224 3451 2365 3501 Ἀλλ’
2394 3451 2442 3500 εἰ
2479 3450 2576 3516 μὲν
2621 3451 2843 3515 ταχεῖάν
2896 3465 2987 3514 μοι
3034 3448 3131 3514 τὴν
3177 3447 3438 3514 τελευτὴν
3471 3446 3792 3510 ἐπαγαγοις,

2213 3540 2344 3603 ἡμῖν
2386 3554 2445 3587 τε
2488 3539 2554 3588 τα
2592 3536 2828 3603 μάλιστα
2866 3538 3068 3604 χαριεῖ,
3120 3535 3214 3586 καὶ
3262 3536 3495 3586 σεαυτὸν
3556 3534 3794 3586 ἀπαλλά-

2214 3625 2324 3689 ξεις
2356 3627 2638 3696 αἰσχύνης.
2683 3627 2743 3678 Εἰ
2798 3627 2867 3679 δὲ’
2903 3628 2998 3679 καὶ
3051 3626 3340 3679 κολάσεσιν
3394 3625 3573 3694 αὐτὴν
3617 3642 3793 3692 παρα-

2209 3719 2408 3780 τείνεις
2454 3720 2548 3771 καὶ
2608 3717 2927 3787 τιμωρίαις,
2978 3718 3236 3770 τοσοῦτον
3285 3717 3448 3768 πλέον
3520 3717 3641 3782 ὄψει
3699 3718 3793 3767 καὶ

2214 3812 2358 3879 ἡμᾶς
2434 3809 2529 3861 τοῦ
2603 3811 2699 3861 σοῦ
2772 3810 3258 3879 καταφρονοῦντας
3340 3813 3791 3877 προστάγματος.

2212 3902 2484 3969 Αἰδοῦμαι
2517 3902 2626 3971 γὰρ
2652 3903 2699 3953 εἰ
2732 3903 2806 3971 μή
2833 3919 2886 3953 τι
2911 3902 3121 3971 ἕτερον,
3165 3902 3303 3954 ἀλλὰ
3334 3903 3463 3964 τοὺς
3496 3902 3604 3972 πρὸ
3637 3903 3791 3969 ἡμῶν

2212 3993 2289 4061 τῷ
2323 3993 2611 4063 μαρτυρίῳ
2660 3992 3068 4057 τελειωθέντας,
3108 3995 3202 4045 καὶ
3237 3994 3335 4045 σὺν
3370 3994 3503 4061 ἡμῖν
3543 3994 3702 4044 πάλιν
3737 3994 3795 4043 τὸ

2211 4084 2588 4153 δεσμωτήριον
2636 4083 3066 4147 κατοικοῦντας·
3101 4087 3195 4137 καὶ
3240 4084 3330 4137 διὰ
3372 4085 3534 4136 τοῦτο
3580 4084 3794 4135 σπεύδω

2213 4177 2289 4246 μὴ
2335 4176 2593 4229 ἀπελθεῖν
2646 4177 3063 4243 ἀστεφάνωτος,
3111 4178 3246 4231 ἀλλὰ
3294 4177 3404 4229 τῶν
3462 4178 3684 4229 ἐκείνων
3736 4194 3791 4226 τε

2212 4266 2359 4337 χορῷ
2393 4267 2871 4337 συναριθμηθῆναι
2932 4266 3027 4319 καὶ
3062 4267 3279 4330 τούτοις
3317 4267 3415 4337 τὴν
3453 4266 3791 4334 ποθουμένην

2211 4359 2308 4430 τῆς
2342 4358 2621 4429 ἀθλήσεως
2656 4359 2931 4423 ὑποδεῖξαι
2967 4360 3215 4429 πορεεαν.

2294 4631 2375 4681 H'.
2430 4630 2615 4683 Ταῦτα
2654 4632 2733 4693 εἰς
2788 4630 3102 4700 ἀμηχανίαν
3158 4629 3251 4681 τὸν
3298 4629 3570 4697 τύραννον
3638 4645 3791 4696 περι·

2218 4722 2420 4792 ιστησι,
2460 4726 2553 4776 καὶ
2583 4724 2643 4775 τὸ
2692 4722 2899 4775 πείθειν
2945 4722 3046 4774 οὐκ
3106 4722 3267 4791 ἔχων,
3332 4723 3425 4774 ἐπὶ
3496 4722 3653 4786 ξύλου
3700 4720 3789 4771 τὸν

2211 4816 2381 4886 ἄνδρα
2431 4815 2772 4885 μετεωρίζει,
2812 4815 2938 4867 ’καὶ
2986 4814 3249 4877 διαξαίνει
3310 4814 3555 4883 σιδηροῖς
3624 4815 3783 4867 αὐτὸν

2211 4912 2415 4976 ὄνυξιν.
2460 4911 2517 4960 Ὀ
2566 4909 2622 4960 δὲ
2665 4907 2921 4959 τοσοῦτον
2974 4907 3162 4977 ἔχαιρε
3202 4906 3404 4976 μᾶλλον
3435 4910 3501 4976 τῇ
3554 4908 3788 4976 τιμωρῖα

2209 5000 2284 5063 ὡς
2309 5001 2403 5052 καὶ
2436 4998 2775 5067 μακαριστὸν
2813 4996 3012 5049 ἑαυτὴν
3036 4996 3246 5049 τιθέναι
3279 4996 3380 5067 τῆς
3409 4998 3779 5067 ἀναρτήσεως,

2210 5093 2293 5144 ὅτι
2333 5089 2670 5142 ὃεσποτικῶν
2717 5088 3058 5157 παθημάτων
3112 5087 3361 5157 μιμητὴς
3404 5090 3742 5140 ἀνεδείκνυτο
3769 5104 3780 5115 ·

2212 5183 2275 5236 Εἰ
2308 5183 2412 5251 γὰρ
2445 5184 2470 5234 ὁ
2509 5180 2711 5249 Κύριος
2755 5181 2913 5249 ἡμῶν
2956 5178 3165 5247 Ἰησοῦς
3216 5179 3475 5247 Χριστὸς,
3517 5181 3690 5246 ἔλεγε,
3722 5179 3786 5230 δι’

2212 5278 2359 5345 ἡμᾶς
2413 5276 2507 5328 καὶ
2552 5272 2773 5342 σταυρῴ
2821 5271 3167 5343 προσήλωτο,
3201 5273 3297 5324 καὶ
3344 5273 3507 5343 χολὴν
3546 5274 3638 5326 καὶ
3670 5271 3785 5334 δξος

2212 5365 2676 5435 προσήκατο,κα“ι
2722 5364 2895 5435 λόγχῃ
2956 5364 3054 5432 τὴν
3108 5363 3352 5433 πλευρὰν
3406 5366 3649 5424 νένυκτο,
3700 5365 3786 5414 καὶ

2212 5460 2364 5529 ἥλοις
2404 5458 2725 5526 διατέτρητο
2759 5456 2858 5516 τὰς
2892 5454 3151 5524 παλάμας
3172 5470 3186 5485 ⁸
3217 5455 3333 5516 πῶς
3358 5456 3417 5507 οὐ
3457 5458 3558 5527 χρή
3609 5472 3673 5524 με
3704 5454 3785 5504 τὸν

2213 5551 2395 5604 δοῦλον
2422 5549 2528 5601 τῶν
2558 5548 2739 5599 αὐτῶν
2764 5547 2841 5616 τῷ
2870 5548 3113 5616 Δεσπὸτῃ
3156 5546 3284 5615 μεθ’
3321 5549 3520 5617 ἡδονῆς
3540 5546 3785 5612 κοινωνῆ-

2215 5661 2338 5705 σαι;
2378 5642 2594 5710 ’Λμέλει
2628 5641 2719 5693 καὶ
2752 5640 2849 5709 τὴν
2881 5640 3084 5708 λόγχην
3132 5639 3342 5709 ἐζήτει,
3384 5641 3481 5693 καὶ
3512 5642 3609 5709 τῆς
3636 5637 3783 5707 Iuli;

2214 5736 2497 5798 ἐπεθύμει,
2548 5734 2666 5797 καὶ,
2705 5731 3253 5799 ’11κέτωσαν,ἔλεγε,
3280 5731 3349 5783 τά
3390 5733 3779 5801 κολαφὶσματα,

2213 5833 2275 5881 τὰ
2310 5828 2711 5903 ἐμπτύσματα·
2761 5829 2787 5882 ὁ
2828 5825 3117 5889 ἁκάνθινος
3156 5823 3490 5879 ὲπιτιθέσθω
3550 5841 3635 5895 μοι
3673 5820 3781 5876 στέ-
