  <div class='ocr_page' id='page_1' title='image "/cluster/home/n/w/nwhite01/storage/ocr_20150623/115/ien.35556001659887/672.png"; bbox 0 0 3990 6482; ppageno 0'>
   <div class='ocr_carea' id='block_1_1' title="bbox 188 395 325 462">
    <p class='ocr_par' dir='ltr' id='par_1_1' title="bbox 188 395 325 462">
     <span class='ocr_line' id='line_1_1' title="bbox 188 395 325 462; baseline 0.022 -3"><span class='ocrx_word' id='word_1_1' title='bbox 188 395 206 459; x_wconf 81' lang='grc'><strong>1</strong></span> <span class='ocrx_word' id='word_1_2' title='bbox 219 400 325 462; x_wconf 76' lang='lat'><strong>325</strong></span> 
     </span>
    </p>
   </div>
   <div class='ocr_carea' id='block_1_2' title="bbox 182 600 1767 673">
    <p class='ocr_par' dir='ltr' id='par_1_2' title="bbox 182 600 1767 673">
     <span class='ocr_line' id='line_1_2' title="bbox 182 600 1767 673; baseline 0 -20"><span class='ocrx_word' id='word_1_3' title='bbox 182 602 337 669; x_wconf 79' lang='grc' dir='ltr'>φησὶ,</span> <span class='ocrx_word' id='word_1_4' title='bbox 367 602 498 665; x_wconf 83' lang='grc' dir='ltr'>ποῦ,</span> <span class='ocrx_word' id='word_1_5' title='bbox 535 602 641 656; x_wconf 83' lang='grc' dir='ltr'>ποῦ</span> <span class='ocrx_word' id='word_1_6' title='bbox 664 603 732 655; x_wconf 80' lang='grc' dir='ltr'><strong>τὰ</strong></span> <span class='ocrx_word' id='word_1_7' title='bbox 767 600 1134 671; x_wconf 58' lang='lat' dir='ltr'><strong>panicium;</strong></span> <span class='ocrx_word' id='word_1_8' title='bbox 1166 602 1356 671; x_wconf 77' lang='grc' dir='ltr'>Μικρὰ</span> <span class='ocrx_word' id='word_1_9' title='bbox 1401 603 1509 673; x_wconf 78' lang='grc' dir='ltr'>γὰρ</span> <span class='ocrx_word' id='word_1_10' title='bbox 1542 601 1669 671; x_wconf 72' lang='grc' dir='ltr'>ἐμοὶ</span> <span class='ocrx_word' id='word_1_11' title='bbox 1698 600 1767 653; x_wconf 69' lang='grc' dir='ltr'><strong>τὰ</strong></span> 
     </span>
    </p>
   </div>
   <div class='ocr_carea' id='block_1_3' title="bbox 180 691 1766 762">
    <p class='ocr_par' dir='ltr' id='par_1_3' title="bbox 180 691 1766 762">
     <span class='ocr_line' id='line_1_3' title="bbox 180 691 1766 762; baseline 0.002 -20"><span class='ocrx_word' id='word_1_12' title='bbox 180 691 435 759; x_wconf 86' lang='grc' dir='ltr'>παρόντα</span> <span class='ocrx_word' id='word_1_13' title='bbox 464 696 602 762; x_wconf 82' lang='grc' dir='ltr'>πρὸς</span> <span class='ocrx_word' id='word_1_14' title='bbox 631 695 817 746; x_wconf 67' lang='grc' dir='ltr'>ἐκεῖνα</span> <span class='ocrx_word' id='word_1_15' title='bbox 851 693 1103 762; x_wconf 81' lang='grc' dir='ltr'><strong>βλέποντι</strong></span> <span class='ocrx_word' id='word_1_16' title='bbox 1133 694 1229 745; x_wconf 66' lang='grc' dir='ltr'><strong>καὶ</strong></span> <span class='ocrx_word' id='word_1_17' title='bbox 1266 692 1441 755; x_wconf 77' lang='grc' dir='ltr'>οὕτως</span> <span class='ocrx_word' id='word_1_18' title='bbox 1467 694 1766 762; x_wconf 75' lang='grc' dir='ltr'><strong>ἐφιεμένῳ.</strong></span> 
     </span>
    </p>
   </div>
   <div class='ocr_carea' id='block_1_4' title="bbox 1327 392 2325 457">
    <p class='ocr_par' dir='ltr' id='par_1_4' title="bbox 1327 392 2325 457">
     <span class='ocr_line' id='line_1_4' title="bbox 1327 392 2325 457; baseline -0.006 0"><span class='ocrx_word' id='word_1_19' title='bbox 1327 395 1795 457; x_wconf 77' lang='lat' dir='ltr'><strong>MARTYRIUM</strong></span> <span class='ocrx_word' id='word_1_20' title='bbox 1827 396 1883 455; x_wconf 86' lang='lat' dir='ltr'><strong>S.</strong></span> <span class='ocrx_word' id='word_1_21' title='bbox 1933 392 2325 452; x_wconf 77' lang='lat' dir='ltr'><strong>EPIMACHI.</strong></span> 
     </span>
    </p>
   </div>
   <div class='ocr_carea' id='block_1_5' title="bbox 181 503 1783 589">
    <p class='ocr_par' dir='ltr' id='par_1_5' title="bbox 181 508 1760 581">
     <span class='ocr_line' id='line_1_5' title="bbox 181 508 1760 581; baseline -0.001 -18"><span class='ocrx_word' id='word_1_22' title='bbox 181 525 391 579; x_wconf 71' lang='grc' dir='ltr'>φανοςσ</span> <span class='ocrx_word' id='word_1_23' title='bbox 442 511 840 581; x_wconf 67' lang='grc' dir='ltr'>δγχειριζέσθω</span> <span class='ocrx_word' id='word_1_24' title='bbox 870 509 1138 580; x_wconf 83' lang='grc' dir='ltr'>κάλαμος.</span> <span class='ocrx_word' id='word_1_25' title='bbox 1189 510 1254 563; x_wconf 91' lang='grc' dir='ltr'><strong>Οί</strong></span> <span class='ocrx_word' id='word_1_26' title='bbox 1316 510 1630 579; x_wconf 71' lang='grc' dir='ltr'><strong>ιμπαιγμο1⁵</strong></span> <span class='ocrx_word' id='word_1_27' title='bbox 1682 508 1760 569; x_wconf 78' lang='grc' dir='ltr'><strong>δὲ,</strong></span> 
     </span>
    </p>
   </div>
   <div class='ocr_carea' id='block_1_6' title="bbox 1892 503 3084 589">
    <p class='ocr_par' dir='ltr' id='par_1_6' title="bbox 1892 503 3084 575">
     <span class='ocr_line' id='line_1_6' title="bbox 1892 503 3084 575; baseline 0 -19"><span class='ocrx_word' id='word_1_28' title='bbox 1892 516 1944 571; x_wconf 70' lang='lat' dir='ltr'><strong>:t,</strong></span> <span class='ocrx_word' id='word_1_29' title='bbox 1998 505 2235 560; x_wconf 83' lang='lat' dir='ltr'><strong>Veniant</strong></span> <span class='ocrx_word' id='word_1_30' title='bbox 2299 508 2353 559; x_wconf 93' lang='lat' dir='ltr'><strong>in</strong></span> <span class='ocrx_word' id='word_1_31' title='bbox 2411 521 2496 559; x_wconf 87' lang='lat' dir='ltr'><strong>me</strong></span> <span class='ocrx_word' id='word_1_32' title='bbox 2560 506 2751 575; x_wconf 63' lang='lat' dir='ltr'><strong>alapa,</strong></span> <span class='ocrx_word' id='word_1_33' title='bbox 2805 503 3027 558; x_wconf 85' lang='lat' dir='ltr'><strong>dicebat</strong></span> <span class='ocrx_word' id='word_1_34' title='bbox 3071 522 3084 556; x_wconf 89' lang='lat'><strong>:</strong></span> 
     </span>
    </p>
   </div>
   <div class='ocr_carea' id='block_1_7' title="bbox 3323 388 3457 449">
    <p class='ocr_par' dir='ltr' id='par_1_7' title="bbox 3323 388 3457 449">
     <span class='ocr_line' id='line_1_7' title="bbox 3323 388 3457 449; baseline 0.015 -2"><span class='ocrx_word' id='word_1_35' title='bbox 3323 388 3341 447; x_wconf 82' lang='grc'><strong>1</strong></span> <span class='ocrx_word' id='word_1_36' title='bbox 3354 388 3457 449; x_wconf 79' lang='grc'><strong>326</strong></span> 
     </span>
    </p>
   </div>
   <div class='ocr_carea' id='block_1_8' title="bbox 3139 502 3458 571">
    <p class='ocr_par' dir='ltr' id='par_1_8' title="bbox 3139 502 3458 571">
     <span class='ocr_line' id='line_1_8' title="bbox 3139 502 3458 571; baseline -0.003 -16"><span class='ocrx_word' id='word_1_37' title='bbox 3139 502 3458 571; x_wconf 86' lang='lat' dir='ltr'><strong>injiciantur</strong></span> 
     </span>
    </p>
   </div>
   <div class='ocr_carea' id='block_1_9' title="bbox 1873 597 3456 669">
    <p class='ocr_par' dir='ltr' id='par_1_9' title="bbox 1873 597 3456 669">
     <span class='ocr_line' id='line_1_9' title="bbox 1873 597 3456 669; baseline -0.004 -14"><span class='ocrx_word' id='word_1_38' title='bbox 1873 609 2073 669; x_wconf 78' lang='lat' dir='ltr'><strong>Sputa:</strong></span> <span class='ocrx_word' id='word_1_39' title='bbox 2131 599 2497 655; x_wconf 92' lang='lat' dir='ltr'><strong>circumdetur</strong></span> <span class='ocrx_word' id='word_1_40' title='bbox 2552 609 2717 669; x_wconf 89' lang='lat' dir='ltr'><strong>caput</strong></span> <span class='ocrx_word' id='word_1_41' title='bbox 2766 614 2949 653; x_wconf 89' lang='lat' dir='ltr'><strong>meum</strong></span> <span class='ocrx_word' id='word_1_42' title='bbox 2997 613 3197 653; x_wconf 80' lang='lat' dir='ltr'><strong>corona</strong></span> <span class='ocrx_word' id='word_1_43' title='bbox 3229 597 3456 663; x_wconf 83' lang='lat' dir='ltr'><strong>spinea;</strong></span> 
     </span>
    </p>
   </div>
   <div class='ocr_carea' id='block_1_10' title="bbox 1875 689 3457 750">
    <p class='ocr_par' dir='ltr' id='par_1_10' title="bbox 1875 689 3457 750">
     <span class='ocr_line' id='line_1_10' title="bbox 1875 689 3457 750; baseline -0.003 -5"><span class='ocrx_word' id='word_1_44' title='bbox 1875 692 2037 746; x_wconf 90' lang='lat' dir='ltr'><strong>detur</strong></span> <span class='ocrx_word' id='word_1_45' title='bbox 2070 692 2124 745; x_wconf 91' lang='lat' dir='ltr'><strong>in</strong></span> <span class='ocrx_word' id='word_1_46' title='bbox 2158 708 2351 745; x_wconf 87' lang='lat' dir='ltr'><strong>manus</strong></span> <span class='ocrx_word' id='word_1_47' title='bbox 2372 702 2427 745; x_wconf 88' lang='lat' dir='ltr'><strong>et</strong></span> <span class='ocrx_word' id='word_1_48' title='bbox 2459 692 2689 745; x_wconf 89' lang='lat' dir='ltr'><strong>arundo.</strong></span> <span class='ocrx_word' id='word_1_49' title='bbox 2723 690 2955 750; x_wconf 83' lang='lat' dir='ltr'><strong>Ubinam</strong></span> <span class='ocrx_word' id='word_1_50' title='bbox 3012 699 3137 742; x_wconf 87' lang='lat' dir='ltr'><strong>sunt</strong></span> <span class='ocrx_word' id='word_1_51' title='bbox 3192 689 3457 741; x_wconf 79' lang='lat' dir='ltr'><strong>dedecora</strong></span> 
     </span>
    </p>
   </div>
   <div class='ocr_carea' id='block_1_11' title="bbox 181 781 3459 854">
    <p class='ocr_par' dir='ltr' id='par_1_11' title="bbox 181 781 3459 854">
     <span class='ocr_line' id='line_1_11' title="bbox 181 781 3459 854; baseline -0.001 -19"><span class='ocrx_word' id='word_1_52' title='bbox 181 791 237 836; x_wconf 87' lang='lat' dir='ltr'><strong>et</strong></span> <span class='ocrx_word' id='word_1_53' title='bbox 282 782 615 839; x_wconf 78' lang='lat' dir='ltr'><strong>irrisiones?</strong></span> <span class='ocrx_word' id='word_1_54' title='bbox 648 784 738 837; x_wconf 92' lang='lat' dir='ltr'><strong>ubi</strong></span> <span class='ocrx_word' id='word_1_55' title='bbox 785 785 987 853; x_wconf 73' lang='lat' dir='ltr'><strong>alapae?</strong></span> <span class='ocrx_word' id='word_1_56' title='bbox 1028 782 1227 839; x_wconf 86' lang='lat' dir='ltr'><strong>Omnia</strong></span> <span class='ocrx_word' id='word_1_57' title='bbox 1274 786 1421 839; x_wconf 88' lang='lat' dir='ltr'><strong>enim</strong></span> <span class='ocrx_word' id='word_1_58' title='bbox 1472 782 1761 854; x_wconf 59' lang='lat' dir='ltr'><strong>praesentia</strong></span> <span class='ocrx_word' id='word_1_59' title='bbox 1823 781 1935 837; x_wconf 68' lang='lat' dir='ltr'><strong>haec</strong></span> <span class='ocrx_word' id='word_1_60' title='bbox 1976 785 2108 839; x_wconf 91' lang='lat' dir='ltr'><strong>mihi</strong></span> <span class='ocrx_word' id='word_1_61' title='bbox 2162 786 2226 839; x_wconf 88' lang='lat' dir='ltr'><strong>ad</strong></span> <span class='ocrx_word' id='word_1_62' title='bbox 2268 784 2453 839; x_wconf 81' lang='lat' dir='ltr'><strong>futura</strong></span> <span class='ocrx_word' id='word_1_63' title='bbox 2488 784 2574 838; x_wconf 88' lang='lat' dir='ltr'><strong>illa</strong></span> <span class='ocrx_word' id='word_1_64' title='bbox 2608 784 2749 838; x_wconf 84' lang='lat' dir='ltr'><strong>bona</strong></span> <span class='ocrx_word' id='word_1_65' title='bbox 2797 784 3090 853; x_wconf 84' lang='lat' dir='ltr'><strong>spectanti.</strong></span> <span class='ocrx_word' id='word_1_66' title='bbox 3148 796 3320 849; x_wconf 82' lang='lat' dir='ltr'><strong>eaque</strong></span> <span class='ocrx_word' id='word_1_67' title='bbox 3360 797 3459 847; x_wconf 78' lang='lat' dir='ltr'><strong>ap-</strong></span> 
     </span>
    </p>
   </div>
   <div class='ocr_carea' id='block_1_12' title="bbox 183 866 2050 943">
    <p class='ocr_par' dir='ltr' id='par_1_12' title="bbox 183 866 2050 943">
     <span class='ocr_line' id='line_1_12' title="bbox 183 866 2050 943; baseline -0.001 -15"><span class='ocrx_word' id='word_1_68' title='bbox 183 875 413 942; x_wconf 83' lang='lat' dir='ltr'><strong>petenti,</strong></span> <span class='ocrx_word' id='word_1_69' title='bbox 450 873 711 927; x_wconf 84' lang='lat' dir='ltr'><strong>videntur</strong></span> <span class='ocrx_word' id='word_1_70' title='bbox 743 889 903 942; x_wconf 83' lang='lat' dir='ltr'><strong>parva</strong></span> <span class='ocrx_word' id='word_1_71' title='bbox 935 872 1180 941; x_wconf 64' lang='lat' dir='ltr'><strong>quasdam</strong></span> <span class='ocrx_word' id='word_1_72' title='bbox 1203 888 1346 937; x_wconf 91' lang='lat' dir='ltr'><strong>esse,</strong></span> <span class='ocrx_word' id='word_1_73' title='bbox 1374 889 1437 927; x_wconf 91' lang='lat' dir='ltr'><strong>ac</strong></span> <span class='ocrx_word' id='word_1_74' title='bbox 1464 889 1561 943; x_wconf 89' lang='lat' dir='ltr'><strong>pro</strong></span> <span class='ocrx_word' id='word_1_75' title='bbox 1586 868 1758 926; x_wconf 84' lang='lat' dir='ltr'><strong>nihilo</strong></span> <span class='ocrx_word' id='word_1_76' title='bbox 1784 866 2050 925; x_wconf 81' lang='lat' dir='ltr'><strong>facienda.</strong></span> 
     </span>
    </p>
   </div>
   <div class='ocr_carea' id='block_1_13' title="bbox 252 963 1766 1035">
    <p class='ocr_par' dir='ltr' id='par_1_13' title="bbox 252 963 1766 1035">
     <span class='ocr_line' id='line_1_13' title="bbox 252 963 1766 1035; baseline -0.001 -17"><span class='ocrx_word' id='word_1_77' title='bbox 252 963 329 1018; x_wconf 75' lang='grc' dir='ltr'><strong>ϐ’.</strong></span> <span class='ocrx_word' id='word_1_78' title='bbox 365 964 469 1016; x_wconf 86' lang='grc' dir='ltr'>Διά</span> <span class='ocrx_word' id='word_1_79' title='bbox 497 965 654 1018; x_wconf 79' lang='grc' dir='ltr'>τοῦτο</span> <span class='ocrx_word' id='word_1_80' title='bbox 677 964 770 1017; x_wconf 79' lang='grc' dir='ltr'>καὶ</span> <span class='ocrx_word' id='word_1_81' title='bbox 800 964 1032 1033; x_wconf 73' lang='grc' dir='ltr'>βάσανος</span> <span class='ocrx_word' id='word_1_82' title='bbox 1058 965 1221 1035; x_wconf 78' lang='grc' dir='ltr'>ἑτέρα.</span> <span class='ocrx_word' id='word_1_83' title='bbox 1245 965 1322 1034; x_wconf 84' lang='grc' dir='ltr'>τῷ</span> <span class='ocrx_word' id='word_1_84' title='bbox 1355 966 1559 1035; x_wconf 78' lang='grc' dir='ltr'><strong>ἀθλητῇ</strong></span> <span class='ocrx_word' id='word_1_85' title='bbox 1595 980 1766 1033; x_wconf 83' lang='grc' dir='ltr'>προσ·-</span> 
     </span>
    </p>
   </div>
   <div class='ocr_carea' id='block_1_14' title="bbox 183 1055 1774 1126">
    <p class='ocr_par' dir='ltr' id='par_1_14' title="bbox 183 1055 1774 1126">
     <span class='ocr_line' id='line_1_14' title="bbox 183 1055 1774 1126; baseline -0.002 -18"><span class='ocrx_word' id='word_1_86' title='bbox 183 1057 329 1126; x_wconf 83' lang='grc' dir='ltr'>θήκη</span> <span class='ocrx_word' id='word_1_87' title='bbox 372 1055 481 1123; x_wconf 81' lang='grc' dir='ltr'>τῆς</span> <span class='ocrx_word' id='word_1_88' title='bbox 528 1055 908 1125; x_wconf 80' lang='grc' dir='ltr'>προλαὸούσης</span> <span class='ocrx_word' id='word_1_89' title='bbox 954 1056 1218 1124; x_wconf 79' lang='grc' dir='ltr'><strong>ἐπήγετο,</strong></span> <span class='ocrx_word' id='word_1_90' title='bbox 1255 1056 1349 1109; x_wconf 75' lang='grc' dir='ltr'>καὶ</span> <span class='ocrx_word' id='word_1_91' title='bbox 1386 1056 1555 1117; x_wconf 80' lang='grc' dir='ltr'>λίθοις</span> <span class='ocrx_word' id='word_1_92' title='bbox 1599 1055 1774 1119; x_wconf 73' lang='grc' dir='ltr'>ὀξέσιν</span> 
     </span>
    </p>
   </div>
   <div class='ocr_carea' id='block_1_15' title="bbox 183 1147 1771 1216">
    <p class='ocr_par' dir='ltr' id='par_1_15' title="bbox 183 1147 1771 1216">
     <span class='ocr_line' id='line_1_15' title="bbox 183 1147 1771 1216; baseline -0.001 -17"><span class='ocrx_word' id='word_1_93' title='bbox 183 1150 212 1200; x_wconf 80' lang='grc' dir='ltr'><strong>ὁ</strong></span> <span class='ocrx_word' id='word_1_94' title='bbox 243 1150 499 1214; x_wconf 78' lang='grc' dir='ltr'><strong>γενναῖος</strong></span> <span class='ocrx_word' id='word_1_95' title='bbox 546 1147 868 1216; x_wconf 70' lang='grc' dir='ltr'>ἐπλήττετο,</span> <span class='ocrx_word' id='word_1_96' title='bbox 912 1148 1244 1215; x_wconf 80' lang='grc' dir='ltr'><strong>πρόσταγμα</strong></span> <span class='ocrx_word' id='word_1_97' title='bbox 1275 1147 1331 1198; x_wconf 83' lang='grc' dir='ltr'><strong>δὲ</strong></span> <span class='ocrx_word' id='word_1_98' title='bbox 1366 1148 1458 1199; x_wconf 80' lang='grc' dir='ltr'>τοῦ</span> <span class='ocrx_word' id='word_1_99' title='bbox 1503 1147 1771 1216; x_wconf 79' lang='grc' dir='ltr'>τυράννου</span> 
     </span>
    </p>
   </div>
   <div class='ocr_carea' id='block_1_16' title="bbox 184 1237 1773 1309">
    <p class='ocr_par' dir='ltr' id='par_1_16' title="bbox 184 1237 1773 1309">
     <span class='ocr_line' id='line_1_16' title="bbox 184 1237 1773 1309; baseline -0.001 -18"><span class='ocrx_word' id='word_1_100' title='bbox 184 1239 371 1305; x_wconf 78' lang='grc' dir='ltr'>τοῦτο,</span> <span class='ocrx_word' id='word_1_101' title='bbox 414 1240 514 1293; x_wconf 70' lang='grc' dir='ltr'>καὶ</span> <span class='ocrx_word' id='word_1_102' title='bbox 547 1239 646 1308; x_wconf 86' lang='grc' dir='ltr'>τῆς</span> <span class='ocrx_word' id='word_1_103' title='bbox 674 1237 919 1307; x_wconf 79' lang='grc' dir='ltr'><strong>ἀπηνοῦς</strong></span> <span class='ocrx_word' id='word_1_104' title='bbox 976 1239 1157 1309; x_wconf 76' lang='grc' dir='ltr'>ψυχῆς</span> <span class='ocrx_word' id='word_1_105' title='bbox 1185 1241 1403 1308; x_wconf 75' lang='grc' dir='ltr'>ἐκείνης</span> <span class='ocrx_word' id='word_1_106' title='bbox 1453 1241 1547 1290; x_wconf 72' lang='grc' dir='ltr'>καὶ</span> <span class='ocrx_word' id='word_1_107' title='bbox 1597 1240 1773 1291; x_wconf 83' lang='grc' dir='ltr'>ἀπαν-</span> 
     </span>
    </p>
   </div>
   <div class='ocr_carea' id='block_1_17' title="bbox 186 1331 1774 1404">
    <p class='ocr_par' dir='ltr' id='par_1_17' title="bbox 186 1331 1774 1404">
     <span class='ocr_line' id='line_1_17' title="bbox 186 1331 1774 1404; baseline 0 -22"><span class='ocrx_word' id='word_1_108' title='bbox 186 1331 436 1399; x_wconf 87' lang='grc' dir='ltr'>θρώπου.</span> <span class='ocrx_word' id='word_1_109' title='bbox 477 1332 615 1395; x_wconf 79' lang='grc' dir='ltr'>Ἵνα,</span> <span class='ocrx_word' id='word_1_110' title='bbox 651 1333 803 1398; x_wconf 75' lang='grc' dir='ltr'>φησὶ,</span> <span class='ocrx_word' id='word_1_111' title='bbox 843 1332 1024 1384; x_wconf 86' lang='grc' dir='ltr'>πυκνά</span> <span class='ocrx_word' id='word_1_112' title='bbox 1051 1333 1512 1404; x_wconf 84' lang='grc' dir='ltr'>διαθραττομένου</span> <span class='ocrx_word' id='word_1_113' title='bbox 1543 1333 1634 1384; x_wconf 79' lang='grc' dir='ltr'>τοῦ</span> <span class='ocrx_word' id='word_1_114' title='bbox 1672 1332 1774 1383; x_wconf 67' lang='lat' dir='ltr'><strong>sth-</strong></span> 
     </span>
    </p>
   </div>
   <div class='ocr_carea' id='block_1_18' title="bbox 190 1421 1775 1493">
    <p class='ocr_par' dir='ltr' id='par_1_18' title="bbox 190 1421 1775 1493">
     <span class='ocr_line' id='line_1_18' title="bbox 190 1421 1775 1493; baseline 0.001 -20"><span class='ocrx_word' id='word_1_115' title='bbox 190 1438 384 1490; x_wconf 84' lang='grc' dir='ltr'>ματος,</span> <span class='ocrx_word' id='word_1_116' title='bbox 431 1423 627 1474; x_wconf 75' lang='grc' dir='ltr'>θᾶττον</span> <span class='ocrx_word' id='word_1_117' title='bbox 674 1424 967 1493; x_wconf 64' lang='grc' dir='ltr'>ἀπορρήξῃ</span> <span class='ocrx_word' id='word_1_118' title='bbox 1002 1423 1098 1476; x_wconf 72' lang='grc' dir='ltr'><strong>καὶ</strong></span> <span class='ocrx_word' id='word_1_119' title='bbox 1129 1424 1227 1491; x_wconf 80' lang='grc' dir='ltr'>τὴν</span> <span class='ocrx_word' id='word_1_120' title='bbox 1256 1424 1458 1492; x_wconf 75' lang='grc' dir='ltr'>ψυχήν.</span> <span class='ocrx_word' id='word_1_121' title='bbox 1497 1421 1775 1491; x_wconf 70' lang='grc' dir='ltr'>Ἰοζλελήθει</span> 
     </span>
    </p>
   </div>
   <div class='ocr_carea' id='block_1_19' title="bbox 186 1514 1774 1585">
    <p class='ocr_par' dir='ltr' id='par_1_19' title="bbox 186 1514 1774 1585">
     <span class='ocr_line' id='line_1_19' title="bbox 186 1514 1774 1585; baseline -0.001 -19"><span class='ocrx_word' id='word_1_122' title='bbox 186 1516 242 1566; x_wconf 81' lang='grc' dir='ltr'><strong>δὲ</strong></span> <span class='ocrx_word' id='word_1_123' title='bbox 272 1516 382 1584; x_wconf 83' lang='grc' dir='ltr'>ἄρα</span> <span class='ocrx_word' id='word_1_124' title='bbox 411 1514 799 1585; x_wconf 83' lang='grc' dir='ltr'>λαμπρότερον</span> <span class='ocrx_word' id='word_1_125' title='bbox 820 1515 982 1567; x_wconf 75' lang='grc' dir='ltr'>αὑτὸν</span> <span class='ocrx_word' id='word_1_126' title='bbox 1005 1515 1396 1585; x_wconf 74' lang='grc' dir='ltr'>ἐργαζόμενος,</span> <span class='ocrx_word' id='word_1_127' title='bbox 1424 1516 1517 1567; x_wconf 75' lang='grc' dir='ltr'>καὶ</span> <span class='ocrx_word' id='word_1_128' title='bbox 1551 1516 1774 1566; x_wconf 80' lang='grc' dir='ltr'>πλείονα</span> 
     </span>
    </p>
   </div>
   <div class='ocr_carea' id='block_1_20' title="bbox 187 1606 1773 1678">
    <p class='ocr_par' dir='ltr' id='par_1_20' title="bbox 187 1606 1773 1678">
     <span class='ocr_line' id='line_1_20' title="bbox 187 1606 1773 1678; baseline 0.002 -20"><span class='ocrx_word' id='word_1_129' title='bbox 187 1606 265 1673; x_wconf 79' lang='grc' dir='ltr'>τῷ</span> <span class='ocrx_word' id='word_1_130' title='bbox 298 1606 541 1677; x_wconf 82' lang='grc' dir='ltr'>μάρτυρι</span> <span class='ocrx_word' id='word_1_131' title='bbox 569 1606 842 1675; x_wconf 79' lang='grc' dir='ltr'>προξενῶν</span> <span class='ocrx_word' id='word_1_132' title='bbox 869 1606 966 1676; x_wconf 80' lang='grc' dir='ltr'>τὴν</span> <span class='ocrx_word' id='word_1_133' title='bbox 993 1608 1128 1675; x_wconf 79' lang='grc' dir='ltr'>πρὸς</span> <span class='ocrx_word' id='word_1_134' title='bbox 1151 1606 1243 1659; x_wconf 81' lang='grc' dir='ltr'><strong>τὸν</strong></span> <span class='ocrx_word' id='word_1_135' title='bbox 1272 1606 1409 1660; x_wconf 78' lang='grc' dir='ltr'>Θεὸν</span> <span class='ocrx_word' id='word_1_136' title='bbox 1438 1607 1773 1678; x_wconf 63' lang='grc' dir='ltr'>παρρησίαν.</span> 
     </span>
    </p>
   </div>
   <div class='ocr_carea' id='block_1_21' title="bbox 205 1697 1765 1767">
    <p class='ocr_par' dir='ltr' id='par_1_21' title="bbox 205 1697 1765 1767">
     <span class='ocr_line' id='line_1_21' title="bbox 205 1697 1765 1767; baseline 0 -16"><span class='ocrx_word' id='word_1_137' title='bbox 205 1698 374 1751; x_wconf 78' lang='grc' dir='ltr'><strong>Ἀλλὰ</strong></span> <span class='ocrx_word' id='word_1_138' title='bbox 424 1698 753 1767; x_wconf 76' lang='grc' dir='ltr'><strong>προσεκτέον</strong></span> <span class='ocrx_word' id='word_1_139' title='bbox 785 1697 863 1766; x_wconf 83' lang='grc' dir='ltr'>τῷ</span> <span class='ocrx_word' id='word_1_140' title='bbox 894 1698 1193 1767; x_wconf 85' lang='grc' dir='ltr'>διηγήματι</span> <span class='ocrx_word' id='word_1_141' title='bbox 1218 1711 1231 1724; x_wconf 89' lang='grc'><strong>·</strong></span> <span class='ocrx_word' id='word_1_142' title='bbox 1267 1698 1360 1750; x_wconf 78' lang='grc' dir='ltr'>καὶ</span> <span class='ocrx_word' id='word_1_143' title='bbox 1392 1699 1498 1766; x_wconf 83' lang='grc' dir='ltr'>γὰρ</span> <span class='ocrx_word' id='word_1_144' title='bbox 1546 1698 1765 1767; x_wconf 68' lang='grc' dir='ltr'>ἔκδηλος</span> 
     </span>
    </p>
   </div>
   <div class='ocr_carea' id='block_1_22' title="bbox 1951 962 3443 1033">
    <p class='ocr_par' dir='ltr' id='par_1_22' title="bbox 1951 962 3443 1033">
     <span class='ocr_line' id='line_1_22' title="bbox 1951 962 3443 1033; baseline -0.004 -15"><span class='ocrx_word' id='word_1_145' title='bbox 1951 964 2043 1018; x_wconf 82' lang='grc' dir='ltr'><strong>ΙΧ.</strong></span> <span class='ocrx_word' id='word_1_146' title='bbox 2088 965 2211 1021; x_wconf 64' lang='lat' dir='ltr'><strong>llaec</strong></span> <span class='ocrx_word' id='word_1_147' title='bbox 2237 981 2359 1018; x_wconf 86' lang='lat' dir='ltr'><strong>cum</strong></span> <span class='ocrx_word' id='word_1_148' title='bbox 2389 965 2596 1017; x_wconf 85' lang='lat' dir='ltr'><strong>diceret</strong></span> <span class='ocrx_word' id='word_1_149' title='bbox 2619 973 2839 1033; x_wconf 82' lang='lat' dir='ltr'><strong>martyr,</strong></span> <span class='ocrx_word' id='word_1_150' title='bbox 2864 962 3146 1031; x_wconf 82' lang='lat' dir='ltr'><strong>prioribus</strong></span> <span class='ocrx_word' id='word_1_151' title='bbox 3170 962 3443 1014; x_wconf 85' lang='lat' dir='ltr'><strong>tormenti.</strong></span> 
     </span>
    </p>
   </div>
   <div class='ocr_carea' id='block_1_23' title="bbox 1874 1051 3443 1124">
    <p class='ocr_par' dir='ltr' id='par_1_23' title="bbox 1874 1051 3443 1124">
     <span class='ocr_line' id='line_1_23' title="bbox 1874 1051 3443 1124; baseline -0.005 -14"><span class='ocrx_word' id='word_1_152' title='bbox 1874 1072 2012 1110; x_wconf 87' lang='lat' dir='ltr'><strong>nova</strong></span> <span class='ocrx_word' id='word_1_153' title='bbox 2062 1057 2306 1124; x_wconf 67' lang='lat' dir='ltr'><strong>quaedam</strong></span> <span class='ocrx_word' id='word_1_154' title='bbox 2359 1056 2777 1119; x_wconf 86' lang='lat' dir='ltr'><strong>adiiciebantur,</strong></span> <span class='ocrx_word' id='word_1_155' title='bbox 2845 1064 2901 1107; x_wconf 90' lang='lat' dir='ltr'><strong>et</strong></span> <span class='ocrx_word' id='word_1_156' title='bbox 2947 1055 3123 1107; x_wconf 88' lang='lat' dir='ltr'><strong>acutis</strong></span> <span class='ocrx_word' id='word_1_157' title='bbox 3171 1051 3443 1117; x_wconf 84' lang='lat' dir='ltr'><strong>lapidibus</strong></span> 
     </span>
    </p>
   </div>
   <div class='ocr_carea' id='block_1_24' title="bbox 1874 1144 3452 1217">
    <p class='ocr_par' dir='ltr' id='par_1_24' title="bbox 1874 1144 3452 1217">
     <span class='ocr_line' id='line_1_24' title="bbox 1874 1144 3452 1217; baseline -0.003 -17"><span class='ocrx_word' id='word_1_158' title='bbox 1874 1162 2171 1217; x_wconf 85' lang='lat' dir='ltr'><strong>generosus</strong></span> <span class='ocrx_word' id='word_1_159' title='bbox 2206 1148 2296 1201; x_wconf 91' lang='lat' dir='ltr'><strong>ille</strong></span> <span class='ocrx_word' id='word_1_160' title='bbox 2333 1146 2557 1209; x_wconf 87' lang='lat' dir='ltr'><strong>athleta,</strong></span> <span class='ocrx_word' id='word_1_161' title='bbox 2593 1146 2829 1215; x_wconf 80' lang='lat' dir='ltr'><strong>tyranni.</strong></span> <span class='ocrx_word' id='word_1_162' title='bbox 2870 1146 2974 1199; x_wconf 87' lang='lat' dir='ltr'><strong>hoc</strong></span> <span class='ocrx_word' id='word_1_163' title='bbox 3006 1154 3090 1199; x_wconf 89' lang='lat' dir='ltr'><strong>est</strong></span> <span class='ocrx_word' id='word_1_164' title='bbox 3124 1144 3363 1197; x_wconf 88' lang='lat' dir='ltr'><strong>crudelis</strong></span> <span class='ocrx_word' id='word_1_165' title='bbox 3396 1154 3452 1196; x_wconf 89' lang='lat' dir='ltr'><strong>et</strong></span> 
     </span>
    </p>
   </div>
   <div class='ocr_carea' id='block_1_25' title="bbox 1874 1235 3455 1308">
    <p class='ocr_par' dir='ltr' id='par_1_25' title="bbox 1874 1235 3455 1308">
     <span class='ocr_line' id='line_1_25' title="bbox 1874 1235 3455 1308; baseline -0.004 -14"><span class='ocrx_word' id='word_1_166' title='bbox 1874 1242 2186 1295; x_wconf 76' lang='lat' dir='ltr'><strong>inhumana:</strong></span> <span class='ocrx_word' id='word_1_167' title='bbox 2223 1255 2445 1308; x_wconf 84' lang='lat' dir='ltr'><strong>prorsus</strong></span> <span class='ocrx_word' id='word_1_168' title='bbox 2474 1239 2669 1292; x_wconf 66' lang='lat' dir='ltr'><strong>anima:</strong></span> <span class='ocrx_word' id='word_1_169' title='bbox 2703 1239 2885 1304; x_wconf 77' lang='lat' dir='ltr'><strong>jussu.</strong></span> <span class='ocrx_word' id='word_1_170' title='bbox 2914 1238 3236 1292; x_wconf 82' lang='lat' dir='ltr'><strong>feriebatur.</strong></span> <span class='ocrx_word' id='word_1_171' title='bbox 3274 1235 3455 1292; x_wconf 89' lang='lat' dir='ltr'><strong>Insta-</strong></span> 
     </span>
    </p>
   </div>
   <div class='ocr_carea' id='block_1_26' title="bbox 1873 1327 3460 1401">
    <p class='ocr_par' dir='ltr' id='par_1_26' title="bbox 1873 1327 3460 1401">
     <span class='ocr_line' id='line_1_26' title="bbox 1873 1327 3460 1401; baseline -0.004 -17"><span class='ocrx_word' id='word_1_172' title='bbox 1873 1332 1967 1384; x_wconf 87' lang='lat' dir='ltr'><strong>bat</strong></span> <span class='ocrx_word' id='word_1_173' title='bbox 2006 1334 2150 1385; x_wconf 92' lang='lat' dir='ltr'><strong>enim</strong></span> <span class='ocrx_word' id='word_1_174' title='bbox 2184 1347 2247 1385; x_wconf 89' lang='lat' dir='ltr'><strong>ac</strong></span> <span class='ocrx_word' id='word_1_175' title='bbox 2280 1331 2542 1401; x_wconf 82' lang='lat' dir='ltr'><strong>urgebat:</strong></span> <span class='ocrx_word' id='word_1_176' title='bbox 2585 1328 2682 1388; x_wconf 85' lang='lat' dir='ltr'><strong>lta.</strong></span> <span class='ocrx_word' id='word_1_177' title='bbox 2718 1328 2993 1395; x_wconf 87' lang='lat' dir='ltr'><strong>inquiens.</strong></span> <span class='ocrx_word' id='word_1_178' title='bbox 3029 1327 3306 1380; x_wconf 84' lang='lat' dir='ltr'><strong>hominem</strong></span> <span class='ocrx_word' id='word_1_179' title='bbox 3338 1341 3460 1394; x_wconf 86' lang='lat' dir='ltr'><strong>per-</strong></span> 
     </span>
    </p>
   </div>
   <div class='ocr_carea' id='block_1_27' title="bbox 1877 1418 3455 1491">
    <p class='ocr_par' dir='ltr' id='par_1_27' title="bbox 1877 1418 3455 1491">
     <span class='ocr_line' id='line_1_27' title="bbox 1877 1418 3455 1491; baseline -0.006 -15"><span class='ocrx_word' id='word_1_180' title='bbox 1877 1424 2070 1484; x_wconf 85' lang='lat' dir='ltr'><strong>cutite,</strong></span> <span class='ocrx_word' id='word_1_181' title='bbox 2105 1433 2163 1477; x_wconf 91' lang='lat' dir='ltr'><strong>ut</strong></span> <span class='ocrx_word' id='word_1_182' title='bbox 2214 1425 2334 1491; x_wconf 81' lang='lat' dir='ltr'><strong>ejus</strong></span> <span class='ocrx_word' id='word_1_183' title='bbox 2373 1436 2604 1489; x_wconf 87' lang='lat' dir='ltr'><strong>corpore</strong></span> <span class='ocrx_word' id='word_1_184' title='bbox 2654 1420 2866 1473; x_wconf 86' lang='lat' dir='ltr'><strong>crebris</strong></span> <span class='ocrx_word' id='word_1_185' title='bbox 2917 1419 3114 1472; x_wconf 86' lang='lat' dir='ltr'><strong>ictibus</strong></span> <span class='ocrx_word' id='word_1_186' title='bbox 3159 1418 3455 1487; x_wconf 79' lang='lat' dir='ltr'><strong>perfracto,</strong></span> 
     </span>
    </p>
   </div>
   <div class='ocr_carea' id='block_1_28' title="bbox 1878 1509 3465 1584">
    <p class='ocr_par' dir='ltr' id='par_1_28' title="bbox 1878 1509 3465 1584">
     <span class='ocr_line' id='line_1_28' title="bbox 1878 1509 3465 1584; baseline -0.006 -14"><span class='ocrx_word' id='word_1_187' title='bbox 1878 1517 2164 1570; x_wconf 85' lang='lat' dir='ltr'><strong>celerrime</strong></span> <span class='ocrx_word' id='word_1_188' title='bbox 2194 1516 2428 1567; x_wconf 89' lang='lat' dir='ltr'><strong>animam</strong></span> <span class='ocrx_word' id='word_1_189' title='bbox 2471 1514 2643 1581; x_wconf 84' lang='lat' dir='ltr'><strong>ipsam</strong></span> <span class='ocrx_word' id='word_1_190' title='bbox 2680 1514 2993 1584; x_wconf 80' lang='lat' dir='ltr'><strong>abrumpat.</strong></span> <span class='ocrx_word' id='word_1_191' title='bbox 3029 1509 3135 1563; x_wconf 87' lang='lat' dir='ltr'><strong>Sed</strong></span> <span class='ocrx_word' id='word_1_192' title='bbox 3173 1526 3280 1563; x_wconf 88' lang='lat' dir='ltr'><strong>non</strong></span> <span class='ocrx_word' id='word_1_193' title='bbox 3310 1510 3465 1562; x_wconf 83' lang='lat' dir='ltr'><strong>vide-</strong></span> 
     </span>
    </p>
   </div>
   <div class='ocr_carea' id='block_1_29' title="bbox 1878 1601 3465 1677">
    <p class='ocr_par' dir='ltr' id='par_1_29' title="bbox 1878 1601 3465 1677">
     <span class='ocr_line' id='line_1_29' title="bbox 1878 1601 3465 1677; baseline -0.004 -17"><span class='ocrx_word' id='word_1_194' title='bbox 1878 1609 1973 1662; x_wconf 89' lang='lat' dir='ltr'><strong>bat</strong></span> <span class='ocrx_word' id='word_1_195' title='bbox 2020 1616 2282 1677; x_wconf 84' lang='lat' dir='ltr'><strong>tyrannns</strong></span> <span class='ocrx_word' id='word_1_196' title='bbox 2336 1606 2444 1668; x_wconf 90' lang='lat' dir='ltr'><strong>ille,</strong></span> <span class='ocrx_word' id='word_1_197' title='bbox 2499 1612 2791 1673; x_wconf 82' lang='lat' dir='ltr'><strong>martyrem</strong></span> <span class='ocrx_word' id='word_1_198' title='bbox 2861 1619 2923 1655; x_wconf 88' lang='lat' dir='ltr'><strong>ea</strong></span> <span class='ocrx_word' id='word_1_199' title='bbox 2987 1618 3044 1654; x_wconf 91' lang='lat' dir='ltr'><strong>re</strong></span> <span class='ocrx_word' id='word_1_200' title='bbox 3112 1601 3465 1654; x_wconf 88' lang='lat' dir='ltr'><strong>illustriorem</strong></span> 
     </span>
    </p>
   </div>
   <div class='ocr_carea' id='block_1_30' title="bbox 1885 1691 3464 1766">
    <p class='ocr_par' dir='ltr' id='par_1_30' title="bbox 1885 1691 3464 1766">
     <span class='ocr_line' id='line_1_30' title="bbox 1885 1691 3464 1766; baseline -0.006 -15"><span class='ocrx_word' id='word_1_201' title='bbox 1885 1700 2047 1760; x_wconf 80' lang='lat' dir='ltr'><strong>efﬁci,</strong></span> <span class='ocrx_word' id='word_1_202' title='bbox 2088 1698 2461 1766; x_wconf 73' lang='lat' dir='ltr'><strong>maioremque</strong></span> <span class='ocrx_word' id='word_1_203' title='bbox 2501 1697 2639 1764; x_wconf 85' lang='lat' dir='ltr'><strong>apud</strong></span> <span class='ocrx_word' id='word_1_204' title='bbox 2684 1694 2854 1746; x_wconf 88' lang='lat' dir='ltr'><strong>Deum</strong></span> <span class='ocrx_word' id='word_1_205' title='bbox 2894 1692 3148 1745; x_wconf 82' lang='lat' dir='ltr'><strong>ﬁduciam</strong></span> <span class='ocrx_word' id='word_1_206' title='bbox 3185 1691 3287 1760; x_wconf 87' lang='lat' dir='ltr'><strong>ipsi</strong></span> <span class='ocrx_word' id='word_1_207' title='bbox 3325 1706 3464 1742; x_wconf 81' lang='lat' dir='ltr'><strong>con-</strong></span> 
     </span>
    </p>
   </div>
   <div class='ocr_carea' id='block_1_31' title="bbox 189 1785 1783 1877">
    <p class='ocr_par' dir='ltr' id='par_1_31' title="bbox 189 1788 1777 1861">
     <span class='ocr_line' id='line_1_31' title="bbox 189 1788 1777 1861; baseline 0.002 -20"><span class='ocrx_word' id='word_1_208' title='bbox 189 1790 356 1859; x_wconf 78' lang='grc' dir='ltr'>τέρας</span> <span class='ocrx_word' id='word_1_209' title='bbox 386 1790 488 1859; x_wconf 66' lang='grc' dir='ltr'><strong>ήδη</strong></span> <span class='ocrx_word' id='word_1_210' title='bbox 516 1792 615 1857; x_wconf 86' lang='grc' dir='ltr'>τῆς</span> <span class='ocrx_word' id='word_1_211' title='bbox 641 1791 863 1858; x_wconf 77' lang='grc' dir='ltr'>χάριτος</span> <span class='ocrx_word' id='word_1_212' title='bbox 893 1788 1211 1851; x_wconf 79' lang='grc' dir='ltr'>ἀπολαύειν,</span> <span class='ocrx_word' id='word_1_213' title='bbox 1233 1790 1327 1841; x_wconf 80' lang='grc' dir='ltr'>καὶ</span> <span class='ocrx_word' id='word_1_214' title='bbox 1349 1790 1458 1843; x_wconf 85' lang='grc' dir='ltr'><strong>τῶν</strong></span> <span class='ocrx_word' id='word_1_215' title='bbox 1484 1791 1777 1861; x_wconf 76' lang='grc' dir='ltr'>θαυμάτων</span> 
     </span>
    </p>
   </div>
   <div class='ocr_carea' id='block_1_32' title="bbox 1892 1785 3467 1877">
    <p class='ocr_par' dir='ltr' id='par_1_32' title="bbox 1892 1785 3467 1854">
     <span class='ocr_line' id='line_1_32' title="bbox 1892 1785 3467 1854; baseline -0.006 -10"><span class='ocrx_word' id='word_1_216' title='bbox 1892 1791 2079 1850; x_wconf 83' lang='lat' dir='ltr'><strong>ciliari.</strong></span> <span class='ocrx_word' id='word_1_217' title='bbox 2107 1790 2376 1843; x_wconf 61' lang='lat' dir='ltr'><strong>Caeterum</strong></span> <span class='ocrx_word' id='word_1_218' title='bbox 2412 1799 2627 1847; x_wconf 75' lang='lat' dir='ltr'><strong>carum,</strong></span> <span class='ocrx_word' id='word_1_219' title='bbox 2662 1801 2781 1854; x_wconf 70' lang='lat' dir='ltr'><strong>quze</strong></span> <span class='ocrx_word' id='word_1_220' title='bbox 2815 1785 3045 1837; x_wconf 84' lang='lat' dir='ltr'><strong>dicenda</strong></span> <span class='ocrx_word' id='word_1_221' title='bbox 3082 1792 3232 1843; x_wconf 83' lang='lat' dir='ltr'><strong>sunt,</strong></span> <span class='ocrx_word' id='word_1_222' title='bbox 3266 1799 3467 1835; x_wconf 82' lang='lat' dir='ltr'><strong>narra-</strong></span> 
     </span>
    </p>
   </div>
   <div class='ocr_carea' id='block_1_33' title="bbox 201 1880 800 1952">
    <p class='ocr_par' dir='ltr' id='par_1_33' title="bbox 201 1880 800 1952">
     <span class='ocr_line' id='line_1_33' title="bbox 201 1880 800 1952; baseline -0.002 -19"><span class='ocrx_word' id='word_1_223' title='bbox 201 1880 515 1952; x_wconf 85' lang='grc' dir='ltr'>Ἐπίμαχος</span> <span class='ocrx_word' id='word_1_224' title='bbox 546 1882 800 1951; x_wconf 77' lang='grc' dir='ltr'>ἄρχεται.</span> 
     </span>
    </p>
   </div>
   <div class='ocr_carea' id='block_1_34' title="bbox 267 2144 1782 2217">
    <p class='ocr_par' dir='ltr' id='par_1_34' title="bbox 267 2144 1782 2217">
     <span class='ocr_line' id='line_1_34' title="bbox 267 2144 1782 2217; baseline 0.003 -19"><span class='ocrx_word' id='word_1_225' title='bbox 267 2145 324 2198; x_wconf 82' lang='lat' dir='ltr'><strong>l&#39;.</strong></span> <span class='ocrx_word' id='word_1_226' title='bbox 398 2144 458 2197; x_wconf 86' lang='grc'><strong>’0</strong></span> <span class='ocrx_word' id='word_1_227' title='bbox 515 2147 613 2215; x_wconf 80' lang='grc' dir='ltr'>μὲν</span> <span class='ocrx_word' id='word_1_228' title='bbox 663 2146 906 2211; x_wconf 79' lang='grc' dir='ltr'>ὲξαίνετο</span> <span class='ocrx_word' id='word_1_229' title='bbox 970 2146 1243 2217; x_wconf 80' lang='grc' dir='ltr'>μετέωρος</span> <span class='ocrx_word' id='word_1_230' title='bbox 1293 2149 1386 2201; x_wconf 70' lang='grc' dir='ltr'>ἐπὶ</span> <span class='ocrx_word' id='word_1_231' title='bbox 1449 2147 1630 2214; x_wconf 68' lang='grc' dir='ltr'>ξύλου,</span> <span class='ocrx_word' id='word_1_232' title='bbox 1686 2151 1782 2204; x_wconf 75' lang='grc' dir='ltr'>καὶ</span> 
     </span>
    </p>
   </div>
   <div class='ocr_carea' id='block_1_35' title="bbox 193 2234 1780 2311">
    <p class='ocr_par' dir='ltr' id='par_1_35' title="bbox 193 2234 1780 2311">
     <span class='ocr_line' id='line_1_35' title="bbox 193 2234 1780 2311; baseline 0.004 -24"><span class='ocrx_word' id='word_1_233' title='bbox 193 2234 362 2298; x_wconf 75' lang='grc' dir='ltr'>λίθοις</span> <span class='ocrx_word' id='word_1_234' title='bbox 392 2236 461 2288; x_wconf 90' lang='grc' dir='ltr'><strong>τά</strong></span> <span class='ocrx_word' id='word_1_235' title='bbox 509 2238 643 2289; x_wconf 84' lang='grc' dir='ltr'><strong>ὀστᾶ</strong></span> <span class='ocrx_word' id='word_1_236' title='bbox 673 2238 1051 2293; x_wconf 77' lang='grc' dir='ltr'>διακέκλαστο.</span> <span class='ocrx_word' id='word_1_237' title='bbox 1090 2240 1239 2310; x_wconf 84' lang='grc' dir='ltr'>Κόρη</span> <span class='ocrx_word' id='word_1_238' title='bbox 1281 2240 1337 2292; x_wconf 84' lang='grc' dir='ltr'><strong>δέ</strong></span> <span class='ocrx_word' id='word_1_239' title='bbox 1368 2257 1450 2303; x_wconf 89' lang='grc' dir='ltr'><strong>τις</strong></span> <span class='ocrx_word' id='word_1_240' title='bbox 1482 2242 1601 2294; x_wconf 76' lang='grc' dir='ltr'>ἐκεῖ</span> <span class='ocrx_word' id='word_1_241' title='bbox 1638 2259 1780 2311; x_wconf 79' lang='grc' dir='ltr'>παρ-</span> 
     </span>
    </p>
   </div>
   <div class='ocr_carea' id='block_1_36' title="bbox 194 2326 1782 2401">
    <p class='ocr_par' dir='ltr' id='par_1_36' title="bbox 194 2326 1782 2401">
     <span class='ocr_line' id='line_1_36' title="bbox 194 2326 1782 2401; baseline 0.006 -24"><span class='ocrx_word' id='word_1_242' title='bbox 194 2328 440 2397; x_wconf 80' lang='grc' dir='ltr'>ειστήκει</span> <span class='ocrx_word' id='word_1_243' title='bbox 509 2328 675 2398; x_wconf 80' lang='grc' dir='ltr'><strong>μέρος</strong></span> <span class='ocrx_word' id='word_1_244' title='bbox 742 2326 876 2384; x_wconf 79' lang='grc' dir='ltr'>οὖσα</span> <span class='ocrx_word' id='word_1_245' title='bbox 923 2332 1017 2384; x_wconf 76' lang='grc' dir='ltr'>καὶ</span> <span class='ocrx_word' id='word_1_246' title='bbox 1064 2331 1201 2401; x_wconf 74' lang='grc' dir='ltr'>αὕτη</span> <span class='ocrx_word' id='word_1_247' title='bbox 1244 2331 1337 2385; x_wconf 77' lang='grc' dir='ltr'><strong>τοῦ</strong></span> <span class='ocrx_word' id='word_1_248' title='bbox 1388 2332 1644 2400; x_wconf 79' lang='grc' dir='ltr'><strong>θεάτρου,</strong></span> <span class='ocrx_word' id='word_1_249' title='bbox 1690 2334 1782 2385; x_wconf 77' lang='grc' dir='ltr'><strong>τὸν</strong></span> 
     </span>
    </p>
   </div>
   <div class='ocr_carea' id='block_1_37' title="bbox 196 2418 1783 2492">
    <p class='ocr_par' dir='ltr' id='par_1_37' title="bbox 196 2418 1783 2492">
     <span class='ocr_line' id='line_1_37' title="bbox 196 2418 1783 2492; baseline 0.004 -23"><span class='ocrx_word' id='word_1_250' title='bbox 196 2418 388 2488; x_wconf 74' lang='grc' dir='ltr'>ἕτερον</span> <span class='ocrx_word' id='word_1_251' title='bbox 443 2421 821 2492; x_wconf 83' lang='grc' dir='ltr'>πεπηρωμένη</span> <span class='ocrx_word' id='word_1_252' title='bbox 882 2422 991 2475; x_wconf 88' lang='grc' dir='ltr'><strong>τῶν</strong></span> <span class='ocrx_word' id='word_1_253' title='bbox 1047 2422 1363 2491; x_wconf 82' lang='grc' dir='ltr'><strong>ὀφθαλμῶν.</strong></span> <span class='ocrx_word' id='word_1_254' title='bbox 1419 2422 1638 2492; x_wconf 81' lang='grc' dir='ltr'>Ταύτης</span> <span class='ocrx_word' id='word_1_255' title='bbox 1689 2419 1783 2476; x_wconf 75' lang='grc' dir='ltr'>οὖν</span> 
     </span>
    </p>
   </div>
   <div class='ocr_carea' id='block_1_38' title="bbox 201 2510 1784 2585">
    <p class='ocr_par' dir='ltr' id='par_1_38' title="bbox 201 2510 1784 2585">
     <span class='ocr_line' id='line_1_38' title="bbox 201 2510 1784 2585; baseline 0.005 -25"><span class='ocrx_word' id='word_1_256' title='bbox 201 2510 420 2572; x_wconf 83' lang='grc' dir='ltr'>ἀτενῶς</span> <span class='ocrx_word' id='word_1_257' title='bbox 484 2511 619 2579; x_wconf 72' lang='grc' dir='ltr'>πρὸς</span> <span class='ocrx_word' id='word_1_258' title='bbox 675 2514 881 2565; x_wconf 72' lang='grc' dir='ltr'>ἐκεῖνον</span> <span class='ocrx_word' id='word_1_259' title='bbox 933 2512 1171 2583; x_wconf 82' lang='grc' dir='ltr'>ὁρώσης,</span> <span class='ocrx_word' id='word_1_260' title='bbox 1224 2514 1318 2565; x_wconf 78' lang='grc' dir='ltr'>καὶ</span> <span class='ocrx_word' id='word_1_261' title='bbox 1372 2514 1471 2577; x_wconf 74' lang='grc' dir='ltr'><strong>τὰς</strong></span> <span class='ocrx_word' id='word_1_262' title='bbox 1536 2515 1784 2585; x_wconf 78' lang='grc' dir='ltr'>χαλεπὰς</span> 
     </span>
    </p>
   </div>
   <div class='ocr_carea' id='block_1_39' title="bbox 201 2602 1782 2676">
    <p class='ocr_par' dir='ltr' id='par_1_39' title="bbox 201 2602 1782 2676">
     <span class='ocr_line' id='line_1_39' title="bbox 201 2602 1782 2676; baseline 0.004 -25"><span class='ocrx_word' id='word_1_263' title='bbox 201 2602 422 2663; x_wconf 74' lang='grc' dir='ltr'>ὲκείνας</span> <span class='ocrx_word' id='word_1_264' title='bbox 462 2602 717 2664; x_wconf 76' lang='grc' dir='ltr'>κολάσεις</span> <span class='ocrx_word' id='word_1_265' title='bbox 744 2604 978 2675; x_wconf 78' lang='grc' dir='ltr'>ὀδυρμὺν</span> <span class='ocrx_word' id='word_1_266' title='bbox 1014 2606 1369 2675; x_wconf 77' lang='grc' dir='ltr'>ποιουμένης.</span> <span class='ocrx_word' id='word_1_267' title='bbox 1406 2608 1571 2676; x_wconf 79' lang='grc' dir='ltr'>μέρος</span> <span class='ocrx_word' id='word_1_268' title='bbox 1596 2626 1647 2659; x_wconf 90' lang='grc' dir='ltr'><strong>τι</strong></span> <span class='ocrx_word' id='word_1_269' title='bbox 1673 2608 1782 2659; x_wconf 84' lang='grc' dir='ltr'><strong>τῶν</strong></span> 
     </span>
    </p>
   </div>
   <div class='ocr_carea' id='block_1_40' title="bbox 202 2692 1783 2765">
    <p class='ocr_par' dir='ltr' id='par_1_40' title="bbox 202 2692 1783 2765">
     <span class='ocr_line' id='line_1_40' title="bbox 202 2692 1783 2765; baseline 0.004 -22"><span class='ocrx_word' id='word_1_270' title='bbox 202 2692 297 2744; x_wconf 81' lang='grc' dir='ltr'>τοῦ</span> <span class='ocrx_word' id='word_1_271' title='bbox 368 2695 651 2762; x_wconf 81' lang='grc' dir='ltr'>μάρτυρος</span> <span class='ocrx_word' id='word_1_272' title='bbox 700 2696 920 2765; x_wconf 80' lang='grc' dir='ltr'>σαρκῶν</span> <span class='ocrx_word' id='word_1_273' title='bbox 974 2695 1188 2749; x_wconf 78' lang='grc' dir='ltr'>ἐκεῖθεν</span> <span class='ocrx_word' id='word_1_274' title='bbox 1253 2699 1611 2751; x_wconf 76' lang='grc' dir='ltr'>ἀποσπασθὲν</span> <span class='ocrx_word' id='word_1_275' title='bbox 1690 2700 1783 2751; x_wconf 75' lang='grc' dir='ltr'>καὶ</span> 
     </span>
    </p>
   </div>
   <div class='ocr_carea' id='block_1_41' title="bbox 202 2784 1784 2859">
    <p class='ocr_par' dir='ltr' id='par_1_41' title="bbox 202 2784 1784 2859">
     <span class='ocr_line' id='line_1_41' title="bbox 202 2784 1784 2859; baseline 0.005 -25"><span class='ocrx_word' id='word_1_276' title='bbox 202 2784 444 2854; x_wconf 68' lang='grc' dir='ltr'>διαέριὸν</span> <span class='ocrx_word' id='word_1_277' title='bbox 476 2803 590 2848; x_wconf 88' lang='grc' dir='ltr'><strong>πως</strong></span> <span class='ocrx_word' id='word_1_278' title='bbox 620 2787 944 2856; x_wconf 83' lang='grc' dir='ltr'>φερόμενον,</span> <span class='ocrx_word' id='word_1_279' title='bbox 980 2789 1279 2853; x_wconf 78' lang='grc' dir='ltr'>ἀποστάζει</span> <span class='ocrx_word' id='word_1_280' title='bbox 1309 2790 1407 2841; x_wconf 82' lang='grc' dir='ltr'>τοῦ</span> <span class='ocrx_word' id='word_1_281' title='bbox 1438 2792 1669 2859; x_wconf 77' lang='grc' dir='ltr'>αἵματος</span> <span class='ocrx_word' id='word_1_282' title='bbox 1706 2794 1784 2852; x_wconf 78' lang='grc' dir='ltr'><strong>εἰς</strong></span> 
     </span>
    </p>
   </div>
   <div class='ocr_carea' id='block_1_42' title="bbox 204 2878 1786 2951">
    <p class='ocr_par' dir='ltr' id='par_1_42' title="bbox 204 2878 1786 2951">
     <span class='ocr_line' id='line_1_42' title="bbox 204 2878 1786 2951; baseline 0.006 -24"><span class='ocrx_word' id='word_1_283' title='bbox 204 2878 297 2927; x_wconf 73' lang='grc' dir='ltr'><strong>τὸν</strong></span> <span class='ocrx_word' id='word_1_284' title='bbox 339 2878 651 2947; x_wconf 77' lang='grc' dir='ltr'>ὀφθαλμόνο</span> <span class='ocrx_word' id='word_1_285' title='bbox 680 2881 775 2932; x_wconf 69' lang='grc' dir='ltr'>καὶ</span> <span class='ocrx_word' id='word_1_286' title='bbox 825 2883 853 2933; x_wconf 87' lang='grc' dir='ltr'>ὁ</span> <span class='ocrx_word' id='word_1_287' title='bbox 902 2880 1212 2951; x_wconf 79' lang='grc' dir='ltr'>σταλαγμὸς</span> <span class='ocrx_word' id='word_1_288' title='bbox 1235 2883 1436 2935; x_wconf 81' lang='grc' dir='ltr'>αὐτίκα</span> <span class='ocrx_word' id='word_1_289' title='bbox 1480 2886 1676 2950; x_wconf 78' lang='grc' dir='ltr'>παγεὶς</span> <span class='ocrx_word' id='word_1_290' title='bbox 1719 2886 1786 2951; x_wconf 82' lang='grc' dir='ltr'><strong>(ὦ</strong></span> 
     </span>
    </p>
   </div>
   <div class='ocr_carea' id='block_1_43' title="bbox 206 2967 1783 3045">
    <p class='ocr_par' dir='ltr' id='par_1_43' title="bbox 206 2967 1783 3045">
     <span class='ocr_line' id='line_1_43' title="bbox 206 2967 1783 3045; baseline 0.006 -28"><span class='ocrx_word' id='word_1_291' title='bbox 206 2967 496 3036; x_wconf 76' lang='grc' dir='ltr'>θαύματος</span> <span class='ocrx_word' id='word_1_292' title='bbox 558 2970 881 3025; x_wconf 85' lang='grc' dir='ltr'>ἀνεικάστου</span> <span class='ocrx_word' id='word_1_293' title='bbox 920 2974 933 3025; x_wconf 86' lang='grc'><strong>1</strong></span> <span class='ocrx_word' id='word_1_294' title='bbox 973 2972 1018 3025; x_wconf 83' lang='grc' dir='ltr'><strong>ὣ</strong></span> <span class='ocrx_word' id='word_1_295' title='bbox 1088 2974 1270 3027; x_wconf 85' lang='grc' dir='ltr'>πάντα</span> <span class='ocrx_word' id='word_1_296' title='bbox 1328 2973 1488 3039; x_wconf 82' lang='grc' dir='ltr'>λόγον</span> <span class='ocrx_word' id='word_1_297' title='bbox 1545 2975 1783 3045; x_wconf 78' lang='grc' dir='ltr'>νικώσης</span> 
     </span>
    </p>
   </div>
   <div class='ocr_carea' id='block_1_44' title="bbox 203 3060 1781 3135">
    <p class='ocr_par' dir='ltr' id='par_1_44' title="bbox 203 3060 1781 3135">
     <span class='ocr_line' id='line_1_44' title="bbox 203 3060 1781 3135; baseline 0.004 -26"><span class='ocrx_word' id='word_1_298' title='bbox 203 3060 665 3127; x_wconf 79' lang='grc' dir='ltr'>φιλανθρωπίας),</span> <span class='ocrx_word' id='word_1_299' title='bbox 720 3062 835 3128; x_wconf 88' lang='grc' dir='ltr'><strong>φῶς</strong></span> <span class='ocrx_word' id='word_1_300' title='bbox 886 3062 1096 3130; x_wconf 82' lang='grc' dir='ltr'>γίνεται</span> <span class='ocrx_word' id='word_1_301' title='bbox 1134 3063 1328 3135; x_wconf 76' lang='grc' dir='ltr'><strong>ταὺτῃ.</strong></span> <span class='ocrx_word' id='word_1_302' title='bbox 1370 3066 1466 3117; x_wconf 70' lang='grc' dir='ltr'>καὶ</span> <span class='ocrx_word' id='word_1_303' title='bbox 1508 3065 1635 3133; x_wconf 80' lang='grc' dir='ltr'><strong>ὑγιῆ</strong></span> <span class='ocrx_word' id='word_1_304' title='bbox 1692 3066 1781 3118; x_wconf 64' lang='grc' dir='ltr'>τὶν</span> 
     </span>
    </p>
   </div>
   <div class='ocr_carea' id='block_1_45' title="bbox 1885 1875 3470 1952">
    <p class='ocr_par' dir='ltr' id='par_1_45' title="bbox 1885 1875 3470 1952">
     <span class='ocr_line' id='line_1_45' title="bbox 1885 1875 3470 1952; baseline -0.008 -13"><span class='ocrx_word' id='word_1_305' title='bbox 1885 1887 2088 1939; x_wconf 89' lang='lat' dir='ltr'><strong>tionem</strong></span> <span class='ocrx_word' id='word_1_306' title='bbox 2146 1899 2460 1952; x_wconf 87' lang='lat' dir='ltr'><strong>sequamur.</strong></span> <span class='ocrx_word' id='word_1_307' title='bbox 2530 1879 2798 1946; x_wconf 88' lang='lat' dir='ltr'><strong>Deinceps</strong></span> <span class='ocrx_word' id='word_1_308' title='bbox 2849 1876 2995 1930; x_wconf 89' lang='lat' dir='ltr'><strong>enim</strong></span> <span class='ocrx_word' id='word_1_309' title='bbox 3069 1876 3291 1944; x_wconf 86' lang='lat' dir='ltr'><strong>planum</strong></span> <span class='ocrx_word' id='word_1_310' title='bbox 3354 1875 3470 1937; x_wconf 75' lang='lat' dir='ltr'><strong>(iet.</strong></span> 
     </span>
    </p>
   </div>
   <div class='ocr_carea' id='block_1_46' title="bbox 1881 1965 3473 2047">
    <p class='ocr_par' dir='ltr' id='par_1_46' title="bbox 1881 1965 3473 2047">
     <span class='ocr_line' id='line_1_46' title="bbox 1881 1965 3473 2047; baseline -0.008 -17"><span class='ocrx_word' id='word_1_311' title='bbox 1881 1976 2346 2047; x_wconf 88' lang='lat' dir='ltr'><strong>quemadmodum</strong></span> <span class='ocrx_word' id='word_1_312' title='bbox 2386 1970 2725 2042; x_wconf 86' lang='lat' dir='ltr'><strong>Epimachus</strong></span> <span class='ocrx_word' id='word_1_313' title='bbox 2754 1966 3190 2021; x_wconf 84' lang='lat' dir='ltr'><strong>manifestiorem</strong></span> <span class='ocrx_word' id='word_1_314' title='bbox 3222 1965 3314 2020; x_wconf 87' lang='lat' dir='ltr'><strong>Dei</strong></span> <span class='ocrx_word' id='word_1_315' title='bbox 3343 1981 3473 2035; x_wconf 85' lang='lat' dir='ltr'><strong>gra-</strong></span> 
     </span>
    </p>
   </div>
   <div class='ocr_carea' id='block_1_47' title="bbox 1885 2067 2789 2121">
    <p class='ocr_par' dir='ltr' id='par_1_47' title="bbox 1885 2067 2789 2121">
     <span class='ocr_line' id='line_1_47' title="bbox 1885 2067 2789 2121; baseline -0.008 0"><span class='ocrx_word' id='word_1_316' title='bbox 1885 2069 2017 2121; x_wconf 89' lang='lat' dir='ltr'><strong>tiam</strong></span> <span class='ocrx_word' id='word_1_317' title='bbox 2050 2080 2105 2121; x_wconf 88' lang='lat' dir='ltr'><strong>et</strong></span> <span class='ocrx_word' id='word_1_318' title='bbox 2136 2067 2398 2120; x_wconf 91' lang='lat' dir='ltr'><strong>miracula</strong></span> <span class='ocrx_word' id='word_1_319' title='bbox 2430 2073 2650 2118; x_wconf 89' lang='lat' dir='ltr'><strong>secutus</strong></span> <span class='ocrx_word' id='word_1_320' title='bbox 2682 2070 2789 2116; x_wconf 86' lang='lat' dir='ltr'><strong>est.</strong></span> 
     </span>
    </p>
   </div>
   <div class='ocr_carea' id='block_1_48' title="bbox 1957 2148 3472 2221">
    <p class='ocr_par' dir='ltr' id='par_1_48' title="bbox 1957 2148 3472 2221">
     <span class='ocr_line' id='line_1_48' title="bbox 1957 2148 3472 2221; baseline -0.007 -10"><span class='ocrx_word' id='word_1_321' title='bbox 1957 2158 2022 2211; x_wconf 80' lang='grc' dir='ltr'><strong>Χ.</strong></span> <span class='ocrx_word' id='word_1_322' title='bbox 2070 2157 2431 2210; x_wconf 89' lang='lat' dir='ltr'><strong>Lacerabatur</strong></span> <span class='ocrx_word' id='word_1_323' title='bbox 2461 2156 2548 2207; x_wconf 93' lang='lat' dir='ltr'><strong>ille</strong></span> <span class='ocrx_word' id='word_1_324' title='bbox 2570 2153 2791 2221; x_wconf 85' lang='lat' dir='ltr'><strong>quidem</strong></span> <span class='ocrx_word' id='word_1_325' title='bbox 2827 2152 2881 2204; x_wconf 92' lang='lat' dir='ltr'><strong>in</strong></span> <span class='ocrx_word' id='word_1_326' title='bbox 2909 2152 3079 2219; x_wconf 86' lang='lat' dir='ltr'><strong>ligno,</strong></span> <span class='ocrx_word' id='word_1_327' title='bbox 3113 2162 3163 2202; x_wconf 88' lang='lat' dir='ltr'><strong>et</strong></span> <span class='ocrx_word' id='word_1_328' title='bbox 3199 2148 3472 2216; x_wconf 86' lang='lat' dir='ltr'><strong>lapidibus</strong></span> 
     </span>
    </p>
   </div>
   <div class='ocr_carea' id='block_1_49' title="bbox 1886 2241 3470 2313">
    <p class='ocr_par' dir='ltr' id='par_1_49' title="bbox 1886 2241 3470 2313">
     <span class='ocr_line' id='line_1_49' title="bbox 1886 2241 3470 2313; baseline -0.007 -9"><span class='ocrx_word' id='word_1_329' title='bbox 1886 2251 2208 2309; x_wconf 82' lang='lat' dir='ltr'><strong>feriebatnr,</strong></span> <span class='ocrx_word' id='word_1_330' title='bbox 2245 2259 2303 2300; x_wconf 89' lang='lat' dir='ltr'><strong>ut</strong></span> <span class='ocrx_word' id='word_1_331' title='bbox 2356 2246 2475 2313; x_wconf 85' lang='lat' dir='ltr'><strong>ejus</strong></span> <span class='ocrx_word' id='word_1_332' title='bbox 2502 2259 2624 2297; x_wconf 86' lang='lat' dir='ltr'><strong>ossa</strong></span> <span class='ocrx_word' id='word_1_333' title='bbox 2675 2244 2839 2296; x_wconf 87' lang='lat' dir='ltr'><strong>ctiam</strong></span> <span class='ocrx_word' id='word_1_334' title='bbox 2898 2242 3012 2311; x_wconf 90' lang='lat' dir='ltr'><strong>ipsa</strong></span> <span class='ocrx_word' id='word_1_335' title='bbox 3064 2241 3470 2309; x_wconf 78' lang='lat' dir='ltr'><strong>frangerentur.</strong></span> 
     </span>
    </p>
   </div>
   <div class='ocr_carea' id='block_1_50' title="bbox 1888 2334 3476 2407">
    <p class='ocr_par' dir='ltr' id='par_1_50' title="bbox 1888 2334 3476 2407">
     <span class='ocr_line' id='line_1_50' title="bbox 1888 2334 3476 2407; baseline -0.004 -15"><span class='ocrx_word' id='word_1_336' title='bbox 1888 2340 2070 2393; x_wconf 81' lang='lat' dir='ltr'><strong>Puella</strong></span> <span class='ocrx_word' id='word_1_337' title='bbox 2098 2354 2226 2393; x_wconf 82' lang='lat' dir='ltr'><strong>vero</strong></span> <span class='ocrx_word' id='word_1_338' title='bbox 2248 2338 2492 2407; x_wconf 77' lang='lat' dir='ltr'><strong>quaedam</strong></span> <span class='ocrx_word' id='word_1_339' title='bbox 2524 2336 2631 2389; x_wconf 92' lang='lat' dir='ltr'><strong>illic</strong></span> <span class='ocrx_word' id='word_1_340' title='bbox 2650 2334 2883 2397; x_wconf 80' lang='lat' dir='ltr'><strong>astabat,</strong></span> <span class='ocrx_word' id='word_1_341' title='bbox 2918 2345 2972 2387; x_wconf 89' lang='lat' dir='ltr'><strong>et</strong></span> <span class='ocrx_word' id='word_1_342' title='bbox 3002 2334 3115 2403; x_wconf 86' lang='lat' dir='ltr'><strong>ipsa</strong></span> <span class='ocrx_word' id='word_1_343' title='bbox 3140 2350 3245 2386; x_wconf 90' lang='lat' dir='ltr'><strong>una</strong></span> <span class='ocrx_word' id='word_1_344' title='bbox 3276 2350 3342 2386; x_wconf 73' lang='lat' dir='ltr'><strong>ex</strong></span> <span class='ocrx_word' id='word_1_345' title='bbox 3380 2348 3476 2387; x_wconf 85' lang='lat' dir='ltr'><strong>eo-</strong></span> 
     </span>
    </p>
   </div>
   <div class='ocr_carea' id='block_1_51' title="bbox 1886 2427 3472 2499">
    <p class='ocr_par' dir='ltr' id='par_1_51' title="bbox 1886 2427 3472 2499">
     <span class='ocr_line' id='line_1_51' title="bbox 1886 2427 3472 2499; baseline -0.006 -13"><span class='ocrx_word' id='word_1_346' title='bbox 1886 2450 2005 2486; x_wconf 92' lang='lat' dir='ltr'><strong>rum</strong></span> <span class='ocrx_word' id='word_1_347' title='bbox 2038 2446 2291 2492; x_wconf 90' lang='lat' dir='ltr'><strong>numero,</strong></span> <span class='ocrx_word' id='word_1_348' title='bbox 2342 2430 2433 2499; x_wconf 92' lang='lat' dir='ltr'><strong>qui</strong></span> <span class='ocrx_word' id='word_1_349' title='bbox 2484 2428 2800 2497; x_wconf 86' lang='lat' dir='ltr'><strong>spectaculo</strong></span> <span class='ocrx_word' id='word_1_350' title='bbox 2830 2428 3083 2479; x_wconf 85' lang='lat' dir='ltr'><strong>aderant.</strong></span> <span class='ocrx_word' id='word_1_351' title='bbox 3122 2427 3252 2479; x_wconf 84' lang='lat' dir='ltr'><strong>Erat</strong></span> <span class='ocrx_word' id='word_1_352' title='bbox 3287 2435 3472 2478; x_wconf 89' lang='lat' dir='ltr'><strong>autem</strong></span> 
     </span>
    </p>
   </div>
   <div class='ocr_carea' id='block_1_52' title="bbox 1888 2515 3475 2585">
    <p class='ocr_par' dir='ltr' id='par_1_52' title="bbox 1888 2515 3475 2585">
     <span class='ocr_line' id='line_1_52' title="bbox 1888 2515 3475 2585; baseline -0.008 -7"><span class='ocrx_word' id='word_1_353' title='bbox 1888 2524 2045 2579; x_wconf 89' lang='lat' dir='ltr'><strong>oculo</strong></span> <span class='ocrx_word' id='word_1_354' title='bbox 2073 2524 2245 2577; x_wconf 88' lang='lat' dir='ltr'><strong>altero</strong></span> <span class='ocrx_word' id='word_1_355' title='bbox 2284 2532 2577 2575; x_wconf 67' lang='lat' dir='ltr'><strong>excaecata.</strong></span> <span class='ocrx_word' id='word_1_356' title='bbox 2635 2520 2730 2571; x_wconf 90' lang='lat' dir='ltr'><strong>llla</strong></span> <span class='ocrx_word' id='word_1_357' title='bbox 2762 2534 2887 2572; x_wconf 90' lang='lat' dir='ltr'><strong>cum</strong></span> <span class='ocrx_word' id='word_1_358' title='bbox 2940 2517 3005 2569; x_wconf 87' lang='lat' dir='ltr'><strong>ad</strong></span> <span class='ocrx_word' id='word_1_359' title='bbox 3048 2526 3339 2585; x_wconf 84' lang='lat' dir='ltr'><strong>martyrem</strong></span> <span class='ocrx_word' id='word_1_360' title='bbox 3392 2515 3475 2566; x_wconf 88' lang='lat' dir='ltr'><strong>in-</strong></span> 
     </span>
    </p>
   </div>
   <div class='ocr_carea' id='block_1_53' title="bbox 1890 2608 3479 2680">
    <p class='ocr_par' dir='ltr' id='par_1_53' title="bbox 1890 2608 3479 2680">
     <span class='ocr_line' id='line_1_53' title="bbox 1890 2608 3479 2680; baseline -0.006 -12"><span class='ocrx_word' id='word_1_361' title='bbox 1890 2626 2038 2668; x_wconf 83' lang='lat' dir='ltr'><strong>tenta</strong></span> <span class='ocrx_word' id='word_1_362' title='bbox 2074 2622 2241 2675; x_wconf 85' lang='lat' dir='ltr'><strong>esset.</strong></span> <span class='ocrx_word' id='word_1_363' title='bbox 2284 2624 2337 2666; x_wconf 91' lang='lat' dir='ltr'><strong>et</strong></span> <span class='ocrx_word' id='word_1_364' title='bbox 2369 2613 2722 2680; x_wconf 78' lang='lat' dir='ltr'><strong>gravissimos</strong></span> <span class='ocrx_word' id='word_1_365' title='bbox 2749 2612 2869 2679; x_wconf 75' lang='lat' dir='ltr'><strong>eius</strong></span> <span class='ocrx_word' id='word_1_366' title='bbox 2907 2610 3186 2662; x_wconf 82' lang='lat' dir='ltr'><strong>cruciatus</strong></span> <span class='ocrx_word' id='word_1_367' title='bbox 3219 2608 3479 2659; x_wconf 86' lang='lat' dir='ltr'><strong>lamenta-</strong></span> 
     </span>
    </p>
   </div>
   <div class='ocr_carea' id='block_1_54' title="bbox 1889 2701 3475 2775">
    <p class='ocr_par' dir='ltr' id='par_1_54' title="bbox 1889 2701 3475 2775">
     <span class='ocr_line' id='line_1_54' title="bbox 1889 2701 3475 2775; baseline -0.008 -14"><span class='ocrx_word' id='word_1_368' title='bbox 1889 2718 2056 2767; x_wconf 77' lang='lat' dir='ltr'><strong>retur,</strong></span> <span class='ocrx_word' id='word_1_369' title='bbox 2085 2722 2208 2775; x_wconf 90' lang='lat' dir='ltr'><strong>pars</strong></span> <span class='ocrx_word' id='word_1_370' title='bbox 2234 2705 2480 2773; x_wconf 63' lang='lat' dir='ltr'><strong>quaedam</strong></span> <span class='ocrx_word' id='word_1_371' title='bbox 2516 2719 2545 2757; x_wconf 94' lang='lat' dir='ltr'><strong>e</strong></span> <span class='ocrx_word' id='word_1_372' title='bbox 2586 2705 2841 2772; x_wconf 82' lang='lat' dir='ltr'><strong>martyris</strong></span> <span class='ocrx_word' id='word_1_373' title='bbox 2878 2701 3139 2753; x_wconf 81' lang='lat' dir='ltr'><strong>carnibus</strong></span> <span class='ocrx_word' id='word_1_374' title='bbox 3168 2706 3475 2761; x_wconf 87' lang='lat' dir='ltr'><strong>abstracta,</strong></span> 
     </span>
    </p>
   </div>
   <div class='ocr_carea' id='block_1_55' title="bbox 1887 2791 3470 2867">
    <p class='ocr_par' dir='ltr' id='par_1_55' title="bbox 1887 2791 3470 2867">
     <span class='ocr_line' id='line_1_55' title="bbox 1887 2791 3470 2867; baseline -0.006 -14"><span class='ocrx_word' id='word_1_375' title='bbox 1887 2809 1939 2853; x_wconf 88' lang='lat' dir='ltr'><strong>et</strong></span> <span class='ocrx_word' id='word_1_376' title='bbox 1970 2816 2065 2867; x_wconf 92' lang='lat' dir='ltr'><strong>per</strong></span> <span class='ocrx_word' id='word_1_377' title='bbox 2099 2814 2281 2851; x_wconf 84' lang='lat' dir='ltr'><strong>aerem</strong></span> <span class='ocrx_word' id='word_1_378' title='bbox 2312 2798 2541 2865; x_wconf 86' lang='lat' dir='ltr'><strong>perlata,</strong></span> <span class='ocrx_word' id='word_1_379' title='bbox 2579 2795 2632 2847; x_wconf 90' lang='lat' dir='ltr'><strong>in</strong></span> <span class='ocrx_word' id='word_1_380' title='bbox 2671 2794 2816 2852; x_wconf 89' lang='lat' dir='ltr'><strong>illius</strong></span> <span class='ocrx_word' id='word_1_381' title='bbox 2860 2792 3057 2862; x_wconf 55' lang='lat' dir='ltr'><strong>puella!</strong></span> <span class='ocrx_word' id='word_1_382' title='bbox 3089 2791 3307 2845; x_wconf 87' lang='lat' dir='ltr'><strong>oculum</strong></span> <span class='ocrx_word' id='word_1_383' title='bbox 3341 2805 3470 2843; x_wconf 88' lang='lat' dir='ltr'><strong>san-</strong></span> 
     </span>
    </p>
   </div>
   <div class='ocr_carea' id='block_1_56' title="bbox 1888 2880 3480 2957">
    <p class='ocr_par' dir='ltr' id='par_1_56' title="bbox 1888 2880 3480 2957">
     <span class='ocr_line' id='line_1_56' title="bbox 1888 2880 3480 2957; baseline -0.007 -16"><span class='ocrx_word' id='word_1_384' title='bbox 1888 2890 2065 2956; x_wconf 82' lang='lat' dir='ltr'><strong>guinis</strong></span> <span class='ocrx_word' id='word_1_385' title='bbox 2096 2897 2299 2957; x_wconf 77' lang='lat' dir='ltr'><strong>guttam</strong></span> <span class='ocrx_word' id='word_1_386' title='bbox 2330 2884 2635 2946; x_wconf 83' lang='lat' dir='ltr'><strong>instillavit,</strong></span> <span class='ocrx_word' id='word_1_387' title='bbox 2671 2899 2791 2951; x_wconf 72' lang='lat' dir='ltr'><strong>quze</strong></span> <span class='ocrx_word' id='word_1_388' title='bbox 2829 2883 3049 2951; x_wconf 88' lang='lat' dir='ltr'><strong>quidem</strong></span> <span class='ocrx_word' id='word_1_389' title='bbox 3075 2882 3128 2948; x_wconf 87' lang='grc' dir='ltr'>(ο</span> <span class='ocrx_word' id='word_1_390' title='bbox 3159 2880 3480 2932; x_wconf 84' lang='lat' dir='ltr'><strong>miraculum</strong></span> 
     </span>
    </p>
   </div>
   <div class='ocr_carea' id='block_1_57' title="bbox 1887 2972 3484 3049">
    <p class='ocr_par' dir='ltr' id='par_1_57' title="bbox 1887 2972 3484 3049">
     <span class='ocr_line' id='line_1_57' title="bbox 1887 2972 3484 3049; baseline -0.006 -17"><span class='ocrx_word' id='word_1_391' title='bbox 1887 2979 2183 3049; x_wconf 74' lang='lat' dir='ltr'><strong>singulare,</strong></span> <span class='ocrx_word' id='word_1_392' title='bbox 2219 2993 2251 3030; x_wconf 91' lang='grc' dir='ltr'><strong>ο</strong></span> <span class='ocrx_word' id='word_1_393' title='bbox 2282 2975 2373 3030; x_wconf 80' lang='lat' dir='ltr'><strong>Dei</strong></span> <span class='ocrx_word' id='word_1_394' title='bbox 2404 2976 2803 3046; x_wconf 76' lang='lat' dir='ltr'><strong>benignitatem</strong></span> <span class='ocrx_word' id='word_1_395' title='bbox 2839 2972 2995 3027; x_wconf 91' lang='lat' dir='ltr'><strong>omni</strong></span> <span class='ocrx_word' id='word_1_396' title='bbox 3021 2973 3277 3025; x_wconf 88' lang='lat' dir='ltr'><strong>oratione</strong></span> <span class='ocrx_word' id='word_1_397' title='bbox 3311 2972 3484 3039; x_wconf 83' lang='lat' dir='ltr'><strong>majo-</strong></span> 
     </span>
    </p>
   </div>
   <div class='ocr_carea' id='block_1_58' title="bbox 1886 3064 3477 3137">
    <p class='ocr_par' dir='ltr' id='par_1_58' title="bbox 1886 3064 3477 3137">
     <span class='ocr_line' id='line_1_58' title="bbox 1886 3064 3477 3137; baseline -0.004 -15"><span class='ocrx_word' id='word_1_398' title='bbox 1886 3070 2025 3137; x_wconf 92' lang='lat' dir='ltr'><strong>rem)</strong></span> <span class='ocrx_word' id='word_1_399' title='bbox 2064 3069 2116 3122; x_wconf 93' lang='lat' dir='ltr'><strong>in</strong></span> <span class='ocrx_word' id='word_1_400' title='bbox 2148 3069 2331 3121; x_wconf 89' lang='lat' dir='ltr'><strong>lumen</strong></span> <span class='ocrx_word' id='word_1_401' title='bbox 2363 3068 2548 3120; x_wconf 86' lang='lat' dir='ltr'><strong>statim</strong></span> <span class='ocrx_word' id='word_1_402' title='bbox 2587 3081 2848 3121; x_wconf 81' lang='lat' dir='ltr'><strong>conversa</strong></span> <span class='ocrx_word' id='word_1_403' title='bbox 2882 3074 2989 3128; x_wconf 82' lang='lat' dir='ltr'><strong>est,</strong></span> <span class='ocrx_word' id='word_1_404' title='bbox 3037 3073 3091 3117; x_wconf 91' lang='lat' dir='ltr'><strong>et</strong></span> <span class='ocrx_word' id='word_1_405' title='bbox 3119 3064 3315 3132; x_wconf 67' lang='lat' dir='ltr'><strong>puellae</strong></span> <span class='ocrx_word' id='word_1_406' title='bbox 3343 3079 3477 3116; x_wconf 90' lang='lat' dir='ltr'><strong>ocn-</strong></span> 
     </span>
    </p>
   </div>
   <div class='ocr_carea' id='block_1_59' title="bbox 201 3150 1783 3225">
    <p class='ocr_par' dir='ltr' id='par_1_59' title="bbox 201 3151 1782 3225">
     <span class='ocr_line' id='line_1_59' title="bbox 201 3151 1782 3225; baseline 0.004 -24"><span class='ocrx_word' id='word_1_407' title='bbox 201 3151 487 3218; x_wconf 74' lang='grc' dir='ltr'>ὀφθαλμὸν</span> <span class='ocrx_word' id='word_1_408' title='bbox 518 3153 868 3208; x_wconf 82' lang='grc' dir='ltr'>ἀποδίδωσιν.</span> <span class='ocrx_word' id='word_1_409' title='bbox 916 3154 1077 3206; x_wconf 84' lang='grc' dir='ltr'>Ἀλλά</span> <span class='ocrx_word' id='word_1_410' title='bbox 1103 3155 1264 3207; x_wconf 83' lang='grc' dir='ltr'>τοῦτο</span> <span class='ocrx_word' id='word_1_411' title='bbox 1292 3155 1389 3225; x_wconf 82' lang='grc' dir='ltr'>μὲν</span> <span class='ocrx_word' id='word_1_412' title='bbox 1417 3155 1480 3224; x_wconf 81' lang='grc' dir='ltr'><strong>δὴ</strong></span> <span class='ocrx_word' id='word_1_413' title='bbox 1505 3155 1782 3224; x_wconf 77' lang='grc' dir='ltr'>πάρεργον</span> 
     </span>
    </p>
   </div>
   <div class='ocr_carea' id='block_1_60' title="bbox 1892 3150 3479 3225">
    <p class='ocr_par' dir='ltr' id='par_1_60' title="bbox 1892 3152 3479 3221">
     <span class='ocr_line' id='line_1_60' title="bbox 1892 3152 3479 3221; baseline -0.005 -12"><span class='ocrx_word' id='word_1_414' title='bbox 1892 3157 1997 3209; x_wconf 91' lang='lat' dir='ltr'><strong>lum</strong></span> <span class='ocrx_word' id='word_1_415' title='bbox 2033 3172 2226 3210; x_wconf 90' lang='lat' dir='ltr'><strong>sanum</strong></span> <span class='ocrx_word' id='word_1_416' title='bbox 2264 3156 2463 3209; x_wconf 74' lang='lat' dir='ltr'><strong>cﬂecit.</strong></span> <span class='ocrx_word' id='word_1_417' title='bbox 2496 3154 2608 3207; x_wconf 88' lang='lat' dir='ltr'><strong>lloc</strong></span> <span class='ocrx_word' id='word_1_418' title='bbox 2642 3153 2923 3221; x_wconf 80' lang='lat' dir='ltr'><strong>Epimaclti</strong></span> <span class='ocrx_word' id='word_1_419' title='bbox 2950 3153 3208 3220; x_wconf 83' lang='lat' dir='ltr'><strong>martyris</strong></span> <span class='ocrx_word' id='word_1_420' title='bbox 3240 3152 3479 3203; x_wconf 86' lang='lat' dir='ltr'><strong>miracu-</strong></span> 
     </span>
    </p>
   </div>
   <div class='ocr_carea' id='block_1_61' title="bbox 214 3241 1787 3315">
    <p class='ocr_par' dir='ltr' id='par_1_61' title="bbox 214 3241 1787 3315">
     <span class='ocr_line' id='line_1_61' title="bbox 214 3241 1787 3315; baseline 0.004 -22"><span class='ocrx_word' id='word_1_421' title='bbox 214 3241 507 3314; x_wconf 82' lang='grc' dir='ltr'>Ἐπιμάχῳ</span> <span class='ocrx_word' id='word_1_422' title='bbox 570 3242 664 3297; x_wconf 82' lang='grc' dir='ltr'>τοῦ</span> <span class='ocrx_word' id='word_1_423' title='bbox 724 3246 1054 3315; x_wconf 79' lang='grc' dir='ltr'>μαρτυρίου,</span> <span class='ocrx_word' id='word_1_424' title='bbox 1100 3248 1192 3299; x_wconf 74' lang='grc' dir='ltr'><strong>καὶ</strong></span> <span class='ocrx_word' id='word_1_425' title='bbox 1233 3247 1405 3307; x_wconf 71' lang='grc' dir='ltr'>οὕτως</span> <span class='ocrx_word' id='word_1_426' title='bbox 1468 3248 1634 3299; x_wconf 79' lang='grc' dir='ltr'>αὑτοῦ</span> <span class='ocrx_word' id='word_1_427' title='bbox 1693 3249 1787 3299; x_wconf 76' lang='grc' dir='ltr'>καὶ</span> 
     </span>
    </p>
   </div>
   <div class='ocr_carea' id='block_1_62' title="bbox 206 3333 1788 3406">
    <p class='ocr_par' dir='ltr' id='par_1_62' title="bbox 206 3333 1788 3406">
     <span class='ocr_line' id='line_1_62' title="bbox 206 3333 1788 3406; baseline 0.001 -23"><span class='ocrx_word' id='word_1_428' title='bbox 206 3334 360 3401; x_wconf 65' lang='grc' dir='ltr'>ῥανὶς</span> <span class='ocrx_word' id='word_1_429' title='bbox 384 3333 617 3401; x_wconf 82' lang='grc' dir='ltr'>αἵματος</span> <span class='ocrx_word' id='word_1_430' title='bbox 655 3335 791 3404; x_wconf 83' lang='grc' dir='ltr'>μόνη</span> <span class='ocrx_word' id='word_1_431' title='bbox 834 3336 1106 3405; x_wconf 82' lang='grc' dir='ltr'>τοσαύτην</span> <span class='ocrx_word' id='word_1_432' title='bbox 1137 3335 1362 3389; x_wconf 82' lang='grc' dir='ltr'>δύναται</span> <span class='ocrx_word' id='word_1_433' title='bbox 1397 3336 1661 3406; x_wconf 75' lang='grc' dir='ltr'>παρέχειν</span> <span class='ocrx_word' id='word_1_434' title='bbox 1690 3337 1788 3405; x_wconf 82' lang='grc' dir='ltr'>τὴν</span> 
     </span>
    </p>
   </div>
   <div class='ocr_carea' id='block_1_63' title="bbox 204 3423 526 3489">
    <p class='ocr_par' dir='ltr' id='par_1_63' title="bbox 204 3423 526 3489">
     <span class='ocr_line' id='line_1_63' title="bbox 204 3423 526 3489; baseline 0.009 -17"><span class='ocrx_word' id='word_1_435' title='bbox 204 3423 526 3489; x_wconf 84' lang='grc' dir='ltr'>θεραπείαν.</span> 
     </span>
    </p>
   </div>
   <div class='ocr_carea' id='block_1_64' title="bbox 281 3514 1790 3585">
    <p class='ocr_par' dir='ltr' id='par_1_64' title="bbox 281 3514 1790 3585">
     <span class='ocr_line' id='line_1_64' title="bbox 281 3514 1790 3585; baseline 0.003 -21"><span class='ocrx_word' id='word_1_436' title='bbox 281 3514 391 3570; x_wconf 79' lang='lat' dir='ltr'><strong>IA&#39;.</strong></span> <span class='ocrx_word' id='word_1_437' title='bbox 440 3515 590 3566; x_wconf 76' lang='grc' dir='ltr'>Ἐπεὶ</span> <span class='ocrx_word' id='word_1_438' title='bbox 617 3516 672 3567; x_wconf 79' lang='grc' dir='ltr'><strong>δὲ</strong></span> <span class='ocrx_word' id='word_1_439' title='bbox 702 3514 927 3583; x_wconf 79' lang='grc' dir='ltr'>ἀκλινὴς</span> <span class='ocrx_word' id='word_1_440' title='bbox 957 3514 1164 3577; x_wconf 75' lang='grc' dir='ltr'>ἐκεῖνος</span> <span class='ocrx_word' id='word_1_441' title='bbox 1187 3515 1367 3585; x_wconf 85' lang='grc' dir='ltr'>ὠρᾶτο</span> <span class='ocrx_word' id='word_1_442' title='bbox 1386 3518 1479 3568; x_wconf 70' lang='grc' dir='ltr'>καὶ</span> <span class='ocrx_word' id='word_1_443' title='bbox 1512 3520 1609 3585; x_wconf 80' lang='grc' dir='ltr'>τὴν</span> <span class='ocrx_word' id='word_1_444' title='bbox 1637 3518 1790 3568; x_wconf 79' lang='grc' dir='ltr'>εὐσέ-</span> 
     </span>
    </p>
   </div>
   <div class='ocr_carea' id='block_1_65' title="bbox 207 3602 1790 3673">
    <p class='ocr_par' dir='ltr' id='par_1_65' title="bbox 207 3602 1790 3673">
     <span class='ocr_line' id='line_1_65' title="bbox 207 3602 1790 3673; baseline 0.003 -21"><span class='ocrx_word' id='word_1_445' title='bbox 207 3602 368 3655; x_wconf 76' lang='grc' dir='ltr'>ϐειαν</span> <span class='ocrx_word' id='word_1_446' title='bbox 418 3603 754 3671; x_wconf 80' lang='grc' dir='ltr'>ἀμετάθετος</span> <span class='ocrx_word' id='word_1_447' title='bbox 798 3607 831 3673; x_wconf 85' lang='grc' dir='ltr'>ὴ</span> <span class='ocrx_word' id='word_1_448' title='bbox 868 3604 1153 3657; x_wconf 84' lang='grc' dir='ltr'>τελευταία</span> <span class='ocrx_word' id='word_1_449' title='bbox 1212 3604 1333 3657; x_wconf 83' lang='grc' dir='ltr'>κατ’</span> <span class='ocrx_word' id='word_1_450' title='bbox 1381 3604 1546 3657; x_wconf 78' lang='grc' dir='ltr'>αὐτοῦ</span> <span class='ocrx_word' id='word_1_451' title='bbox 1590 3605 1790 3657; x_wconf 83' lang='grc' dir='ltr'>δίδοται</span> 
     </span>
    </p>
   </div>
   <div class='ocr_carea' id='block_1_66' title="bbox 208 3695 1795 3767">
    <p class='ocr_par' dir='ltr' id='par_1_66' title="bbox 208 3695 1795 3767">
     <span class='ocr_line' id='line_1_66' title="bbox 208 3695 1795 3767; baseline -0.008 -16"><span class='ocrx_word' id='word_1_452' title='bbox 208 3695 411 3763; x_wconf 69' lang='grc' dir='ltr'>ψῆφος,</span> <span class='ocrx_word' id='word_1_453' title='bbox 436 3698 530 3747; x_wconf 75' lang='grc' dir='ltr'>καὶ</span> <span class='ocrx_word' id='word_1_454' title='bbox 561 3696 706 3763; x_wconf 80' lang='grc' dir='ltr'>ξίφει</span> <span class='ocrx_word' id='word_1_455' title='bbox 733 3698 832 3767; x_wconf 78' lang='grc' dir='ltr'>τὴν</span> <span class='ocrx_word' id='word_1_456' title='bbox 865 3698 1017 3766; x_wconf 82' lang='grc' dir='ltr'>ἱεράν</span> <span class='ocrx_word' id='word_1_457' title='bbox 1046 3697 1264 3767; x_wconf 70' lang='grc' dir='ltr'>ὶκείνην</span> <span class='ocrx_word' id='word_1_458' title='bbox 1302 3697 1331 3748; x_wconf 83' lang='grc' dir='ltr'><strong>ὁ</strong></span> <span class='ocrx_word' id='word_1_459' title='bbox 1374 3698 1583 3766; x_wconf 79' lang='grc' dir='ltr'>μάρτυς</span> <span class='ocrx_word' id='word_1_460' title='bbox 1622 3716 1795 3765; x_wconf 75' lang='grc' dir='ltr'>κεφα-</span> 
     </span>
    </p>
   </div>
   <div class='ocr_carea' id='block_1_67' title="bbox 208 3786 1793 3859">
    <p class='ocr_par' dir='ltr' id='par_1_67' title="bbox 208 3786 1793 3859">
     <span class='ocr_line' id='line_1_67' title="bbox 208 3786 1793 3859; baseline 0.003 -24"><span class='ocrx_word' id='word_1_461' title='bbox 208 3786 308 3855; x_wconf 80' lang='grc' dir='ltr'>λὴν</span> <span class='ocrx_word' id='word_1_462' title='bbox 334 3789 693 3859; x_wconf 85' lang='grc' dir='ltr'>ἀφαιρεῖται·</span> <span class='ocrx_word' id='word_1_463' title='bbox 730 3787 789 3840; x_wconf 79' lang='grc' dir='ltr'><strong>τὸ</strong></span> <span class='ocrx_word' id='word_1_464' title='bbox 836 3788 1021 3855; x_wconf 78' lang='grc' dir='ltr'>μέντοι</span> <span class='ocrx_word' id='word_1_465' title='bbox 1056 3788 1216 3857; x_wconf 87' lang='grc' dir='ltr'>σῶμα.</span> <span class='ocrx_word' id='word_1_466' title='bbox 1260 3789 1454 3841; x_wconf 86' lang='grc' dir='ltr'>τούτου</span> <span class='ocrx_word' id='word_1_467' title='bbox 1504 3789 1564 3841; x_wconf 73' lang='grc' dir='ltr'>τὸ</span> <span class='ocrx_word' id='word_1_468' title='bbox 1612 3789 1793 3855; x_wconf 84' lang='grc' dir='ltr'>τίμιον</span> 
     </span>
    </p>
   </div>
   <div class='ocr_carea' id='block_1_68' title="bbox 211 3876 1791 3946">
    <p class='ocr_par' dir='ltr' id='par_1_68' title="bbox 211 3876 1791 3946">
     <span class='ocr_line' id='line_1_68' title="bbox 211 3876 1791 3946; baseline 0.001 -20"><span class='ocrx_word' id='word_1_469' title='bbox 211 3876 425 3929; x_wconf 85' lang='grc' dir='ltr'>πιστῶν</span> <span class='ocrx_word' id='word_1_470' title='bbox 458 3878 647 3946; x_wconf 68' lang='grc' dir='ltr'>χερσὶν</span> <span class='ocrx_word' id='word_1_471' title='bbox 675 3876 837 3938; x_wconf 82' lang='grc' dir='ltr'>ὁσίως</span> <span class='ocrx_word' id='word_1_472' title='bbox 871 3876 1222 3944; x_wconf 82' lang='grc' dir='ltr'>περισταλὲν,</span> <span class='ocrx_word' id='word_1_473' title='bbox 1258 3878 1381 3929; x_wconf 70' lang='grc' dir='ltr'>ἐκεῖ</span> <span class='ocrx_word' id='word_1_474' title='bbox 1412 3876 1791 3939; x_wconf 79' lang='grc' dir='ltr'>κατατίθεται,</span> 
     </span>
    </p>
   </div>
   <div class='ocr_carea' id='block_1_69' title="bbox 211 3967 1792 4038">
    <p class='ocr_par' dir='ltr' id='par_1_69' title="bbox 211 3967 1792 4038">
     <span class='ocr_line' id='line_1_69' title="bbox 211 3967 1792 4038; baseline 0 -19"><span class='ocrx_word' id='word_1_475' title='bbox 211 3969 347 4021; x_wconf 80' lang='grc' dir='ltr'>ὅπου</span> <span class='ocrx_word' id='word_1_476' title='bbox 376 3971 469 4021; x_wconf 76' lang='grc' dir='ltr'>καὶ</span> <span class='ocrx_word' id='word_1_477' title='bbox 490 3968 591 4036; x_wconf 82' lang='grc' dir='ltr'>τὴν</span> <span class='ocrx_word' id='word_1_478' title='bbox 624 3967 971 4038; x_wconf 82' lang='grc' dir='ltr'>μαρτυρικὴν</span> <span class='ocrx_word' id='word_1_479' title='bbox 1000 3968 1211 4038; x_wconf 79' lang='grc' dir='ltr'>ὑπέστη</span> <span class='ocrx_word' id='word_1_480' title='bbox 1243 3968 1548 4022; x_wconf 82' lang='grc' dir='ltr'>τελείωσιν.</span> <span class='ocrx_word' id='word_1_481' title='bbox 1583 3969 1792 4020; x_wconf 77' lang='grc' dir='ltr'>Τούτου</span> 
     </span>
    </p>
   </div>
   <div class='ocr_carea' id='block_1_70' title="bbox 211 4057 1796 4127">
    <p class='ocr_par' dir='ltr' id='par_1_70' title="bbox 211 4057 1796 4127">
     <span class='ocr_line' id='line_1_70' title="bbox 211 4057 1796 4127; baseline 0.001 -18"><span class='ocrx_word' id='word_1_482' title='bbox 211 4059 313 4126; x_wconf 77' lang='grc' dir='ltr'>τὴν</span> <span class='ocrx_word' id='word_1_483' title='bbox 362 4059 667 4127; x_wconf 85' lang='grc' dir='ltr'>μαρτυρίαν</span> <span class='ocrx_word' id='word_1_484' title='bbox 710 4057 989 4126; x_wconf 73' lang='grc' dir='ltr'>ἐθαύμασε</span> <span class='ocrx_word' id='word_1_485' title='bbox 1043 4058 1140 4127; x_wconf 79' lang='grc' dir='ltr'>μὲν</span> <span class='ocrx_word' id='word_1_486' title='bbox 1193 4059 1342 4110; x_wconf 80' lang='grc' dir='ltr'>καὶό</span> <span class='ocrx_word' id='word_1_487' title='bbox 1372 4060 1481 4110; x_wconf 81' lang='grc' dir='ltr'><strong>τῶν</strong></span> <span class='ocrx_word' id='word_1_488' title='bbox 1544 4059 1796 4123; x_wconf 81' lang='grc' dir='ltr'>Ἀλεξαν-</span> 
     </span>
    </p>
   </div>
   <div class='ocr_carea' id='block_1_71' title="bbox 213 4151 1795 4221">
    <p class='ocr_par' dir='ltr' id='par_1_71' title="bbox 213 4151 1795 4221">
     <span class='ocr_line' id='line_1_71' title="bbox 213 4151 1795 4221; baseline 0.003 -19"><span class='ocrx_word' id='word_1_489' title='bbox 213 4151 388 4219; x_wconf 80' lang='grc' dir='ltr'>δρέων</span> <span class='ocrx_word' id='word_1_490' title='bbox 410 4151 599 4221; x_wconf 81' lang='grc' dir='ltr'>δῆμος,</span> <span class='ocrx_word' id='word_1_491' title='bbox 635 4151 729 4204; x_wconf 72' lang='grc' dir='ltr'>καὶ</span> <span class='ocrx_word' id='word_1_492' title='bbox 760 4153 874 4205; x_wconf 84' lang='grc' dir='ltr'>ὅσοι</span> <span class='ocrx_word' id='word_1_493' title='bbox 923 4152 1023 4219; x_wconf 81' lang='grc' dir='ltr'>τῆς</span> <span class='ocrx_word' id='word_1_494' title='bbox 1056 4154 1358 4221; x_wconf 78' lang='grc' dir='ltr'>προσοίκου</span> <span class='ocrx_word' id='word_1_495' title='bbox 1404 4153 1681 4220; x_wconf 74' lang='grc' dir='ltr'>Αἰγύπτου</span> <span class='ocrx_word' id='word_1_496' title='bbox 1727 4153 1795 4207; x_wconf 80' lang='grc' dir='ltr'><strong>τὰ</strong></span> 
     </span>
    </p>
   </div>
   <div class='ocr_carea' id='block_1_72' title="bbox 218 4242 1798 4314">
    <p class='ocr_par' dir='ltr' id='par_1_72' title="bbox 218 4242 1798 4314">
     <span class='ocr_line' id='line_1_72' title="bbox 218 4242 1798 4314; baseline 0.005 -24"><span class='ocrx_word' id='word_1_497' title='bbox 218 4242 451 4294; x_wconf 85' lang='grc' dir='ltr'>πιότατα</span> <span class='ocrx_word' id='word_1_498' title='bbox 498 4242 778 4311; x_wconf 79' lang='grc' dir='ltr'>νέμονται,</span> <span class='ocrx_word' id='word_1_499' title='bbox 827 4247 1209 4314; x_wconf 81' lang='grc' dir='ltr'>κατεκόσμησε</span> <span class='ocrx_word' id='word_1_500' title='bbox 1246 4244 1300 4296; x_wconf 66' lang='grc' dir='ltr'>δὲ</span> <span class='ocrx_word' id='word_1_501' title='bbox 1340 4245 1433 4296; x_wconf 79' lang='grc' dir='ltr'>καὶ</span> <span class='ocrx_word' id='word_1_502' title='bbox 1461 4245 1798 4307; x_wconf 74' lang='grc' dir='ltr'>αὐτος-ἀνω-</span> 
     </span>
    </p>
   </div>
   <div class='ocr_carea' id='block_1_73' title="bbox 217 4330 1797 4405">
    <p class='ocr_par' dir='ltr' id='par_1_73' title="bbox 217 4330 1797 4405">
     <span class='ocr_line' id='line_1_73' title="bbox 217 4330 1797 4405; baseline 0.003 -22"><span class='ocrx_word' id='word_1_503' title='bbox 217 4330 309 4383; x_wconf 85' lang='grc' dir='ltr'><strong>θεν</strong></span> <span class='ocrx_word' id='word_1_504' title='bbox 338 4332 498 4383; x_wconf 80' lang='grc' dir='ltr'>αὐτὸν</span> <span class='ocrx_word' id='word_1_505' title='bbox 530 4332 816 4401; x_wconf 77' lang='grc' dir='ltr'>στεφάνοις</span> <span class='ocrx_word' id='word_1_506' title='bbox 840 4335 1116 4404; x_wconf 85' lang='grc' dir='ltr'>λαμπροῖς</span> <span class='ocrx_word' id='word_1_507' title='bbox 1162 4338 1189 4387; x_wconf 84' lang='grc' dir='ltr'>ὁ</span> <span class='ocrx_word' id='word_1_508' title='bbox 1212 4335 1608 4405; x_wconf 80' lang='grc' dir='ltr'>Ἀγωνοθέτης,</span> <span class='ocrx_word' id='word_1_509' title='bbox 1641 4336 1707 4388; x_wconf 77' lang='grc' dir='ltr'>δι’</span> <span class='ocrx_word' id='word_1_510' title='bbox 1740 4340 1797 4388; x_wconf 75' lang='grc' dir='ltr'>δν</span> 
     </span>
    </p>
   </div>
   <div class='ocr_carea' id='block_1_74' title="bbox 213 4422 1796 4499">
    <p class='ocr_par' dir='ltr' id='par_1_74' title="bbox 213 4422 1796 4499">
     <span class='ocr_line' id='line_1_74' title="bbox 213 4422 1796 4499; baseline 0.001 -22"><span class='ocrx_word' id='word_1_511' title='bbox 213 4440 274 4477; x_wconf 82' lang='grc' dir='ltr'><strong>τε</strong></span> <span class='ocrx_word' id='word_1_512' title='bbox 322 4426 516 4480; x_wconf 79' lang='grc' dir='ltr'>παθεῖν</span> <span class='ocrx_word' id='word_1_513' title='bbox 550 4426 751 4489; x_wconf 81' lang='grc' dir='ltr'>εἵλετο,</span> <span class='ocrx_word' id='word_1_514' title='bbox 787 4429 881 4481; x_wconf 71' lang='grc' dir='ltr'>καὶ</span> <span class='ocrx_word' id='word_1_515' title='bbox 916 4422 976 4481; x_wconf 73' lang='grc' dir='ltr'><strong>οὗ</strong></span> <span class='ocrx_word' id='word_1_516' title='bbox 1042 4430 1285 4499; x_wconf 78' lang='grc' dir='ltr'>μιμητὴς</span> <span class='ocrx_word' id='word_1_517' title='bbox 1338 4430 1495 4498; x_wconf 76' lang='grc' dir='ltr'>ὲδὶψα</span> <span class='ocrx_word' id='word_1_518' title='bbox 1543 4430 1796 4497; x_wconf 78' lang='grc' dir='ltr'>γενέσθαι</span> 
     </span>
    </p>
   </div>
   <div class='ocr_carea' id='block_1_75' title="bbox 214 4515 1797 4590">
    <p class='ocr_par' dir='ltr' id='par_1_75' title="bbox 214 4515 1797 4590">
     <span class='ocr_line' id='line_1_75' title="bbox 214 4515 1797 4590; baseline 0.001 -19"><span class='ocrx_word' id='word_1_519' title='bbox 214 4517 325 4572; x_wconf 82' lang='grc' dir='ltr'><strong>τῶν</strong></span> <span class='ocrx_word' id='word_1_520' title='bbox 351 4521 733 4590; x_wconf 80' lang='grc' dir='ltr'>παθημάτων·</span> <span class='ocrx_word' id='word_1_521' title='bbox 788 4515 833 4588; x_wconf 80' lang='grc' dir='ltr'><strong>ᾧ</strong></span> <span class='ocrx_word' id='word_1_522' title='bbox 883 4521 1081 4589; x_wconf 77' lang='grc' dir='ltr'>πρέπει</span> <span class='ocrx_word' id='word_1_523' title='bbox 1133 4524 1286 4574; x_wconf 77' lang='grc' dir='ltr'>πᾶσα</span> <span class='ocrx_word' id='word_1_524' title='bbox 1316 4522 1467 4586; x_wconf 70' lang='grc' dir='ltr'>δόξα,</span> <span class='ocrx_word' id='word_1_525' title='bbox 1524 4524 1658 4590; x_wconf 83' lang='grc' dir='ltr'>τιμὴ</span> <span class='ocrx_word' id='word_1_526' title='bbox 1704 4524 1797 4573; x_wconf 77' lang='grc' dir='ltr'>καὶ</span> 
     </span>
    </p>
   </div>
   <div class='ocr_carea' id='block_1_76' title="bbox 216 4614 1797 4683">
    <p class='ocr_par' dir='ltr' id='par_1_76' title="bbox 216 4614 1797 4683">
     <span class='ocr_line' id='line_1_76' title="bbox 216 4614 1797 4683; baseline 0.002 -21"><span class='ocrx_word' id='word_1_527' title='bbox 216 4614 608 4683; x_wconf 81' lang='grc' dir='ltr'>προσκύνησις,</span> <span class='ocrx_word' id='word_1_528' title='bbox 650 4615 746 4668; x_wconf 84' lang='grc' dir='ltr'>νῦν</span> <span class='ocrx_word' id='word_1_529' title='bbox 776 4616 869 4667; x_wconf 78' lang='grc' dir='ltr'>καὶ</span> <span class='ocrx_word' id='word_1_530' title='bbox 908 4615 996 4667; x_wconf 81' lang='grc' dir='ltr'>ἀεὶ</span> <span class='ocrx_word' id='word_1_531' title='bbox 1032 4616 1128 4666; x_wconf 76' lang='grc' dir='ltr'>καὶ</span> <span class='ocrx_word' id='word_1_532' title='bbox 1159 4615 1239 4676; x_wconf 84' lang='grc' dir='ltr'><strong>είς</strong></span> <span class='ocrx_word' id='word_1_533' title='bbox 1280 4614 1407 4676; x_wconf 73' lang='grc' dir='ltr'>τοὺς</span> <span class='ocrx_word' id='word_1_534' title='bbox 1449 4614 1652 4677; x_wconf 83' lang='grc' dir='ltr'>αίῶνας</span> <span class='ocrx_word' id='word_1_535' title='bbox 1688 4615 1797 4667; x_wconf 86' lang='grc' dir='ltr'><strong>τῶν</strong></span> 
     </span>
    </p>
   </div>
   <div class='ocr_carea' id='block_1_77' title="bbox 215 4705 678 4779">
    <p class='ocr_par' dir='ltr' id='par_1_77' title="bbox 215 4705 678 4779">
     <span class='ocr_line' id='line_1_77' title="bbox 215 4705 678 4779; baseline 0.013 -23"><span class='ocrx_word' id='word_1_536' title='bbox 215 4705 451 4760; x_wconf 82' lang='grc' dir='ltr'>αἰώνων.</span> <span class='ocrx_word' id='word_1_537' title='bbox 485 4708 678 4779; x_wconf 81' lang='grc' dir='ltr'>Ἀμήν.</span> 
     </span>
    </p>
   </div>
   <div class='ocr_carea' id='block_1_78' title="bbox 1893 3243 3472 3315">
    <p class='ocr_par' dir='ltr' id='par_1_78' title="bbox 1893 3243 3472 3315">
     <span class='ocr_line' id='line_1_78' title="bbox 1893 3243 3472 3315; baseline -0.005 -13"><span class='ocrx_word' id='word_1_538' title='bbox 1893 3249 2006 3302; x_wconf 89' lang='lat' dir='ltr'><strong>lum</strong></span> <span class='ocrx_word' id='word_1_539' title='bbox 2050 3246 2203 3315; x_wconf 88' lang='lat' dir='ltr'><strong>quasi</strong></span> <span class='ocrx_word' id='word_1_540' title='bbox 2238 3255 2692 3315; x_wconf 89' lang='lat' dir='ltr'><strong>pertranseuntes</strong></span> <span class='ocrx_word' id='word_1_541' title='bbox 2748 3244 3009 3302; x_wconf 75' lang='lat' dir='ltr'><strong>diximus.</strong></span> <span class='ocrx_word' id='word_1_542' title='bbox 3057 3251 3113 3295; x_wconf 89' lang='lat' dir='ltr'><strong>ut</strong></span> <span class='ocrx_word' id='word_1_543' title='bbox 3151 3243 3472 3294; x_wconf 87' lang='lat' dir='ltr'><strong>ostendere-</strong></span> 
     </span>
    </p>
   </div>
   <div class='ocr_carea' id='block_1_79' title="bbox 1897 3334 3483 3404">
    <p class='ocr_par' dir='ltr' id='par_1_79' title="bbox 1897 3334 3483 3404">
     <span class='ocr_line' id='line_1_79' title="bbox 1897 3334 3483 3404; baseline -0.003 -13"><span class='ocrx_word' id='word_1_544' title='bbox 1897 3354 2018 3391; x_wconf 87' lang='lat' dir='ltr'><strong>mus</strong></span> <span class='ocrx_word' id='word_1_545' title='bbox 2062 3348 2223 3389; x_wconf 87' lang='lat' dir='ltr'><strong>unam</strong></span> <span class='ocrx_word' id='word_1_546' title='bbox 2256 3338 2377 3404; x_wconf 83' lang='lat' dir='ltr'><strong>ejus</strong></span> <span class='ocrx_word' id='word_1_547' title='bbox 2428 3336 2529 3388; x_wconf 68' lang='lat' dir='ltr'><strong>Viri</strong></span> <span class='ocrx_word' id='word_1_548' title='bbox 2561 3335 2844 3403; x_wconf 84' lang='lat' dir='ltr'><strong>sanguinis</strong></span> <span class='ocrx_word' id='word_1_549' title='bbox 2884 3341 3091 3403; x_wconf 88' lang='lat' dir='ltr'><strong>guttam</strong></span> <span class='ocrx_word' id='word_1_550' title='bbox 3133 3334 3321 3386; x_wconf 88' lang='lat' dir='ltr'><strong>subito</strong></span> <span class='ocrx_word' id='word_1_551' title='bbox 3360 3343 3483 3387; x_wconf 81' lang='lat' dir='ltr'><strong>tan-</strong></span> 
     </span>
    </p>
   </div>
   <div class='ocr_carea' id='block_1_80' title="bbox 1895 3426 2903 3495">
    <p class='ocr_par' dir='ltr' id='par_1_80' title="bbox 1895 3426 2903 3495">
     <span class='ocr_line' id='line_1_80' title="bbox 1895 3426 2903 3495; baseline -0.006 -12"><span class='ocrx_word' id='word_1_552' title='bbox 1895 3439 2005 3483; x_wconf 90' lang='lat' dir='ltr'><strong>tam</strong></span> <span class='ocrx_word' id='word_1_553' title='bbox 2033 3429 2372 3483; x_wconf 89' lang='lat' dir='ltr'><strong>curationem</strong></span> <span class='ocrx_word' id='word_1_554' title='bbox 2398 3428 2595 3481; x_wconf 76' lang='lat' dir='ltr'><strong>afferre</strong></span> <span class='ocrx_word' id='word_1_555' title='bbox 2633 3426 2903 3495; x_wconf 86' lang='lat' dir='ltr'><strong>potuisse.</strong></span> 
     </span>
    </p>
   </div>
   <div class='ocr_carea' id='block_1_81' title="bbox 1964 3516 3484 3586">
    <p class='ocr_par' dir='ltr' id='par_1_81' title="bbox 1964 3516 3484 3586">
     <span class='ocr_line' id='line_1_81' title="bbox 1964 3516 3484 3586; baseline 0 -17"><span class='ocrx_word' id='word_1_556' title='bbox 1964 3519 2062 3569; x_wconf 74' lang='lat' dir='ltr'><strong>XI.</strong></span> <span class='ocrx_word' id='word_1_557' title='bbox 2103 3518 2239 3572; x_wconf 87' lang='lat' dir='ltr'><strong>Cum</strong></span> <span class='ocrx_word' id='word_1_558' title='bbox 2297 3535 2427 3570; x_wconf 73' lang='lat' dir='ltr'><strong>vero</strong></span> <span class='ocrx_word' id='word_1_559' title='bbox 2460 3528 2665 3586; x_wconf 77' lang='lat' dir='ltr'><strong>martyr</strong></span> <span class='ocrx_word' id='word_1_560' title='bbox 2720 3519 2772 3569; x_wconf 91' lang='lat' dir='ltr'><strong>in</strong></span> <span class='ocrx_word' id='word_1_561' title='bbox 2824 3518 3099 3571; x_wconf 65' lang='lat' dir='ltr'><strong>diversam</strong></span> <span class='ocrx_word' id='word_1_562' title='bbox 3150 3516 3484 3569; x_wconf 83' lang='lat' dir='ltr'><strong>sententiam</strong></span> 
     </span>
    </p>
   </div>
   <div class='ocr_carea' id='block_1_82' title="bbox 1894 3607 3487 3676">
    <p class='ocr_par' dir='ltr' id='par_1_82' title="bbox 1894 3607 3487 3676">
     <span class='ocr_line' id='line_1_82' title="bbox 1894 3607 3487 3676; baseline 0 -17"><span class='ocrx_word' id='word_1_563' title='bbox 1894 3607 2038 3661; x_wconf 85' lang='lat' dir='ltr'><strong>ﬂecti</strong></span> <span class='ocrx_word' id='word_1_564' title='bbox 2066 3624 2175 3660; x_wconf 90' lang='lat' dir='ltr'><strong>non</strong></span> <span class='ocrx_word' id='word_1_565' title='bbox 2212 3617 2415 3675; x_wconf 85' lang='lat' dir='ltr'><strong>posset,</strong></span> <span class='ocrx_word' id='word_1_566' title='bbox 2452 3620 2506 3659; x_wconf 89' lang='lat' dir='ltr'><strong>et</strong></span> <span class='ocrx_word' id='word_1_567' title='bbox 2537 3610 2629 3659; x_wconf 89' lang='lat' dir='ltr'><strong>Dei</strong></span> <span class='ocrx_word' id='word_1_568' title='bbox 2660 3610 2981 3676; x_wconf 79' lang='lat' dir='ltr'><strong>religionem</strong></span> <span class='ocrx_word' id='word_1_569' title='bbox 3019 3623 3358 3676; x_wconf 58' lang='lat' dir='ltr'><strong>nequaquam</strong></span> <span class='ocrx_word' id='word_1_570' title='bbox 3388 3624 3487 3659; x_wconf 86' lang='lat' dir='ltr'><strong>ne-</strong></span> 
     </span>
    </p>
   </div>
   <div class='ocr_carea' id='block_1_83' title="bbox 1895 3697 3487 3771">
    <p class='ocr_par' dir='ltr' id='par_1_83' title="bbox 1895 3697 3487 3771">
     <span class='ocr_line' id='line_1_83' title="bbox 1895 3697 3487 3771; baseline -0.001 -19"><span class='ocrx_word' id='word_1_571' title='bbox 1895 3716 2026 3771; x_wconf 78' lang='lat' dir='ltr'><strong>gare</strong></span> <span class='ocrx_word' id='word_1_572' title='bbox 2054 3699 2238 3760; x_wconf 80' lang='lat' dir='ltr'><strong>vellet,</strong></span> <span class='ocrx_word' id='word_1_573' title='bbox 2274 3699 2465 3750; x_wconf 87' lang='lat' dir='ltr'><strong>ultima</strong></span> <span class='ocrx_word' id='word_1_574' title='bbox 2499 3697 2553 3750; x_wconf 89' lang='lat' dir='ltr'><strong>in</strong></span> <span class='ocrx_word' id='word_1_575' title='bbox 2592 3712 2716 3750; x_wconf 89' lang='lat' dir='ltr'><strong>eum</strong></span> <span class='ocrx_word' id='word_1_576' title='bbox 2742 3699 3016 3750; x_wconf 87' lang='lat' dir='ltr'><strong>sententia</strong></span> <span class='ocrx_word' id='word_1_577' title='bbox 3052 3698 3157 3750; x_wconf 88' lang='lat' dir='ltr'><strong>lata</strong></span> <span class='ocrx_word' id='word_1_578' title='bbox 3187 3709 3288 3758; x_wconf 86' lang='lat' dir='ltr'><strong>est.</strong></span> <span class='ocrx_word' id='word_1_579' title='bbox 3320 3710 3373 3751; x_wconf 87' lang='lat' dir='ltr'><strong>et</strong></span> <span class='ocrx_word' id='word_1_580' title='bbox 3398 3716 3487 3753; x_wconf 64' lang='grc' dir='ltr'>σου</span> 
     </span>
    </p>
   </div>
   <div class='ocr_carea' id='block_1_84' title="bbox 1896 3788 3485 3857">
    <p class='ocr_par' dir='ltr' id='par_1_84' title="bbox 1896 3788 3485 3857">
     <span class='ocr_line' id='line_1_84' title="bbox 1896 3788 3485 3857; baseline -0.001 -13"><span class='ocrx_word' id='word_1_581' title='bbox 1896 3807 2049 3845; x_wconf 90' lang='lat' dir='ltr'><strong>crum</strong></span> <span class='ocrx_word' id='word_1_582' title='bbox 2091 3790 2220 3841; x_wconf 80' lang='lat' dir='ltr'><strong>illud</strong></span> <span class='ocrx_word' id='word_1_583' title='bbox 2257 3791 2513 3857; x_wconf 82' lang='lat' dir='ltr'><strong>martyris</strong></span> <span class='ocrx_word' id='word_1_584' title='bbox 2554 3797 2721 3854; x_wconf 84' lang='lat' dir='ltr'><strong>caput</strong></span> <span class='ocrx_word' id='word_1_585' title='bbox 2755 3788 2933 3839; x_wconf 83' lang='lat' dir='ltr'><strong>securi</strong></span> <span class='ocrx_word' id='word_1_586' title='bbox 2982 3804 3305 3855; x_wconf 81' lang='lat' dir='ltr'><strong>percussum</strong></span> <span class='ocrx_word' id='word_1_587' title='bbox 3345 3789 3485 3842; x_wconf 77' lang='lat' dir='ltr'><strong>fuit:</strong></span> 
     </span>
    </p>
   </div>
   <div class='ocr_carea' id='block_1_85' title="bbox 1896 3877 3492 3951">
    <p class='ocr_par' dir='ltr' id='par_1_85' title="bbox 1896 3877 3492 3951">
     <span class='ocr_line' id='line_1_85' title="bbox 1896 3877 3492 3951; baseline -0.003 -15"><span class='ocrx_word' id='word_1_588' title='bbox 1896 3892 1951 3936; x_wconf 90' lang='lat' dir='ltr'><strong>et</strong></span> <span class='ocrx_word' id='word_1_589' title='bbox 1981 3883 2099 3951; x_wconf 87' lang='lat' dir='ltr'><strong>ejus</strong></span> <span class='ocrx_word' id='word_1_590' title='bbox 2132 3880 2350 3949; x_wconf 83' lang='lat' dir='ltr'><strong>quidem</strong></span> <span class='ocrx_word' id='word_1_591' title='bbox 2400 3877 2771 3931; x_wconf 83' lang='lat' dir='ltr'><strong>venerandum</strong></span> <span class='ocrx_word' id='word_1_592' title='bbox 2818 3891 3038 3946; x_wconf 85' lang='lat' dir='ltr'><strong>corpus.</strong></span> <span class='ocrx_word' id='word_1_593' title='bbox 3091 3878 3333 3931; x_wconf 81' lang='lat' dir='ltr'><strong>ﬁdelium</strong></span> <span class='ocrx_word' id='word_1_594' title='bbox 3392 3878 3492 3931; x_wconf 84' lang='lat' dir='ltr'><strong>lio-</strong></span> 
     </span>
    </p>
   </div>
   <div class='ocr_carea' id='block_1_86' title="bbox 1899 3969 3485 4039">
    <p class='ocr_par' dir='ltr' id='par_1_86' title="bbox 1899 3969 3485 4039">
     <span class='ocr_line' id='line_1_86' title="bbox 1899 3969 3485 4039; baseline -0.004 -11"><span class='ocrx_word' id='word_1_595' title='bbox 1899 3974 2108 4027; x_wconf 89' lang='lat' dir='ltr'><strong>minnm</strong></span> <span class='ocrx_word' id='word_1_596' title='bbox 2148 3971 2399 4023; x_wconf 89' lang='lat' dir='ltr'><strong>manibus</strong></span> <span class='ocrx_word' id='word_1_597' title='bbox 2425 3969 2677 4039; x_wconf 88' lang='lat' dir='ltr'><strong>religiose</strong></span> <span class='ocrx_word' id='word_1_598' title='bbox 2724 3980 3002 4031; x_wconf 87' lang='lat' dir='ltr'><strong>curatum,</strong></span> <span class='ocrx_word' id='word_1_599' title='bbox 3059 3969 3165 4021; x_wconf 82' lang='lat' dir='ltr'><strong>illic</strong></span> <span class='ocrx_word' id='word_1_600' title='bbox 3205 3970 3485 4023; x_wconf 87' lang='lat' dir='ltr'><strong>conditum</strong></span> 
     </span>
    </p>
   </div>
   <div class='ocr_carea' id='block_1_87' title="bbox 1899 4060 3488 4130">
    <p class='ocr_par' dir='ltr' id='par_1_87' title="bbox 1899 4060 3488 4130">
     <span class='ocr_line' id='line_1_87' title="bbox 1899 4060 3488 4130; baseline -0.004 -11"><span class='ocrx_word' id='word_1_601' title='bbox 1899 4074 2003 4124; x_wconf 87' lang='lat' dir='ltr'><strong>est,</strong></span> <span class='ocrx_word' id='word_1_602' title='bbox 2054 4063 2143 4116; x_wconf 88' lang='lat' dir='ltr'><strong>ubi</strong></span> <span class='ocrx_word' id='word_1_603' title='bbox 2201 4070 2254 4114; x_wconf 90' lang='lat' dir='ltr'><strong>et</strong></span> <span class='ocrx_word' id='word_1_604' title='bbox 2312 4061 2556 4130; x_wconf 88' lang='lat' dir='ltr'><strong>martyrii</strong></span> <span class='ocrx_word' id='word_1_605' title='bbox 2613 4060 2879 4114; x_wconf 81' lang='lat' dir='ltr'><strong>sustinuit</strong></span> <span class='ocrx_word' id='word_1_606' title='bbox 2926 4063 3488 4114; x_wconf 86' lang='lat' dir='ltr'><strong>consummationem.</strong></span> 
     </span>
    </p>
   </div>
   <div class='ocr_carea' id='block_1_88' title="bbox 1902 4152 3489 4225">
    <p class='ocr_par' dir='ltr' id='par_1_88' title="bbox 1902 4152 3489 4225">
     <span class='ocr_line' id='line_1_88' title="bbox 1902 4152 3489 4225; baseline -0.003 -16"><span class='ocrx_word' id='word_1_607' title='bbox 1902 4156 2031 4225; x_wconf 75' lang='lat' dir='ltr'><strong>Ejus</strong></span> <span class='ocrx_word' id='word_1_608' title='bbox 2067 4155 2166 4209; x_wconf 73' lang='lat' dir='ltr'><strong>viri</strong></span> <span class='ocrx_word' id='word_1_609' title='bbox 2198 4163 2478 4209; x_wconf 89' lang='lat' dir='ltr'><strong>certamen</strong></span> <span class='ocrx_word' id='word_1_610' title='bbox 2526 4168 2635 4206; x_wconf 92' lang='lat' dir='ltr'><strong>non</strong></span> <span class='ocrx_word' id='word_1_611' title='bbox 2686 4152 3091 4206; x_wconf 76' lang='lat' dir='ltr'><strong>Alexandrinus</strong></span> <span class='ocrx_word' id='word_1_612' title='bbox 3133 4161 3343 4205; x_wconf 80' lang='lat' dir='ltr'><strong>tantum</strong></span> <span class='ocrx_word' id='word_1_613' title='bbox 3390 4169 3489 4219; x_wconf 85' lang='lat' dir='ltr'><strong>po-</strong></span> 
     </span>
    </p>
   </div>
   <div class='ocr_carea' id='block_1_89' title="bbox 1900 4242 3483 4319">
    <p class='ocr_par' dir='ltr' id='par_1_89' title="bbox 1900 4242 3483 4319">
     <span class='ocr_line' id='line_1_89' title="bbox 1900 4242 3483 4319; baseline -0.004 -17"><span class='ocrx_word' id='word_1_614' title='bbox 1900 4260 2079 4319; x_wconf 84' lang='lat' dir='ltr'><strong>pulus,</strong></span> <span class='ocrx_word' id='word_1_615' title='bbox 2110 4246 2311 4315; x_wconf 86' lang='lat' dir='ltr'><strong>quique</strong></span> <span class='ocrx_word' id='word_1_616' title='bbox 2344 4245 2601 4298; x_wconf 82' lang='lat' dir='ltr'><strong>ﬁnitimas</strong></span> <span class='ocrx_word' id='word_1_617' title='bbox 2635 4258 2698 4298; x_wconf 89' lang='lat' dir='ltr'><strong>ac</strong></span> <span class='ocrx_word' id='word_1_618' title='bbox 2732 4243 3102 4297; x_wconf 83' lang='lat' dir='ltr'><strong>feracissimas</strong></span> <span class='ocrx_word' id='word_1_619' title='bbox 3137 4242 3351 4312; x_wconf 60' lang='lat' dir='ltr'><strong>Egypti</strong></span> <span class='ocrx_word' id='word_1_620' title='bbox 3384 4259 3483 4296; x_wconf 86' lang='lat' dir='ltr'><strong>re-</strong></span> 
     </span>
    </p>
   </div>
   <div class='ocr_carea' id='block_1_90' title="bbox 1900 4332 3491 4408">
    <p class='ocr_par' dir='ltr' id='par_1_90' title="bbox 1900 4332 3491 4408">
     <span class='ocr_line' id='line_1_90' title="bbox 1900 4332 3491 4408; baseline -0.002 -19"><span class='ocrx_word' id='word_1_621' title='bbox 1900 4342 2090 4408; x_wconf 89' lang='lat' dir='ltr'><strong>giones</strong></span> <span class='ocrx_word' id='word_1_622' title='bbox 2122 4338 2329 4399; x_wconf 86' lang='lat' dir='ltr'><strong>colunt,</strong></span> <span class='ocrx_word' id='word_1_623' title='bbox 2361 4336 2517 4389; x_wconf 72' lang='lat' dir='ltr'><strong>valde</strong></span> <span class='ocrx_word' id='word_1_624' title='bbox 2549 4335 2802 4388; x_wconf 87' lang='lat' dir='ltr'><strong>admirati</strong></span> <span class='ocrx_word' id='word_1_625' title='bbox 2838 4350 2899 4387; x_wconf 90' lang='lat' dir='ltr'><strong>ac</strong></span> <span class='ocrx_word' id='word_1_626' title='bbox 2933 4334 3154 4388; x_wconf 83' lang='lat' dir='ltr'><strong>reveriti</strong></span> <span class='ocrx_word' id='word_1_627' title='bbox 3190 4342 3320 4387; x_wconf 87' lang='lat' dir='ltr'><strong>sunt</strong></span> <span class='ocrx_word' id='word_1_628' title='bbox 3350 4350 3363 4387; x_wconf 91' lang='lat'>:</span> <span class='ocrx_word' id='word_1_629' title='bbox 3397 4332 3491 4387; x_wconf 85' lang='lat' dir='ltr'><strong>sed</strong></span> 
     </span>
    </p>
   </div>
   <div class='ocr_carea' id='block_1_91' title="bbox 1903 4423 3491 4482">
    <p class='ocr_par' dir='ltr' id='par_1_91' title="bbox 1903 4423 3491 4482">
     <span class='ocr_line' id='line_1_91' title="bbox 1903 4423 3491 4482; baseline -0.004 0"><span class='ocrx_word' id='word_1_630' title='bbox 1903 4430 2035 4482; x_wconf 89' lang='lat' dir='ltr'><strong>illud</strong></span> <span class='ocrx_word' id='word_1_631' title='bbox 2095 4428 2332 4481; x_wconf 90' lang='lat' dir='ltr'><strong>mundus</strong></span> <span class='ocrx_word' id='word_1_632' title='bbox 2380 4441 2528 4479; x_wconf 89' lang='lat' dir='ltr'><strong>nunc</strong></span> <span class='ocrx_word' id='word_1_633' title='bbox 2574 4424 2815 4479; x_wconf 81' lang='lat' dir='ltr'><strong>celebrat</strong></span> <span class='ocrx_word' id='word_1_634' title='bbox 2866 4428 3175 4480; x_wconf 84' lang='lat' dir='ltr'><strong>universus.</strong></span> <span class='ocrx_word' id='word_1_635' title='bbox 3227 4423 3491 4477; x_wconf 84' lang='lat' dir='ltr'><strong>Eumdem</strong></span> 
     </span>
    </p>
   </div>
   <div class='ocr_carea' id='block_1_92' title="bbox 1905 4514 3493 4590">
    <p class='ocr_par' dir='ltr' id='par_1_92' title="bbox 1905 4514 3493 4590">
     <span class='ocr_line' id='line_1_92' title="bbox 1905 4514 3493 4590; baseline -0.005 -17"><span class='ocrx_word' id='word_1_636' title='bbox 1905 4536 2121 4590; x_wconf 87' lang='lat' dir='ltr'><strong>quoque</strong></span> <span class='ocrx_word' id='word_1_637' title='bbox 2151 4519 2511 4573; x_wconf 87' lang='lat' dir='ltr'><strong>certaminum</strong></span> <span class='ocrx_word' id='word_1_638' title='bbox 2544 4527 2739 4571; x_wconf 88' lang='lat' dir='ltr'><strong>auctor</strong></span> <span class='ocrx_word' id='word_1_639' title='bbox 2781 4528 2834 4570; x_wconf 88' lang='lat' dir='ltr'><strong>et</strong></span> <span class='ocrx_word' id='word_1_640' title='bbox 2877 4518 3043 4585; x_wconf 76' lang='lat' dir='ltr'><strong>judex</strong></span> <span class='ocrx_word' id='word_1_641' title='bbox 3081 4514 3226 4567; x_wconf 81' lang='lat' dir='ltr'><strong>Deus</strong></span> <span class='ocrx_word' id='word_1_642' title='bbox 3276 4531 3306 4569; x_wconf 93' lang='lat' dir='ltr'><strong>e</strong></span> <span class='ocrx_word' id='word_1_643' title='bbox 3351 4516 3493 4567; x_wconf 68' lang='lat' dir='ltr'><strong>carlo</strong></span> 
     </span>
    </p>
   </div>
   <div class='ocr_carea' id='block_1_93' title="bbox 1908 4607 3493 4678">
    <p class='ocr_par' dir='ltr' id='par_1_93' title="bbox 1908 4607 3493 4678">
     <span class='ocr_line' id='line_1_93' title="bbox 1908 4607 3493 4678; baseline -0.006 -11"><span class='ocrx_word' id='word_1_644' title='bbox 1908 4612 2101 4667; x_wconf 87' lang='lat' dir='ltr'><strong>illustri</strong></span> <span class='ocrx_word' id='word_1_645' title='bbox 2136 4626 2338 4664; x_wconf 88' lang='lat' dir='ltr'><strong>corona</strong></span> <span class='ocrx_word' id='word_1_646' title='bbox 2386 4608 2631 4670; x_wconf 86' lang='lat' dir='ltr'><strong>donavit,</strong></span> <span class='ocrx_word' id='word_1_647' title='bbox 2683 4619 2911 4678; x_wconf 88' lang='lat' dir='ltr'><strong>propter</strong></span> <span class='ocrx_word' id='word_1_648' title='bbox 2960 4624 3123 4676; x_wconf 90' lang='lat' dir='ltr'><strong>quem</strong></span> <span class='ocrx_word' id='word_1_649' title='bbox 3160 4607 3493 4675; x_wconf 78' lang='lat' dir='ltr'><strong>Epimaehus</strong></span> 
     </span>
    </p>
   </div>
   <div class='ocr_carea' id='block_1_94' title="bbox 1904 4698 3495 4769">
    <p class='ocr_par' dir='ltr' id='par_1_94' title="bbox 1904 4698 3495 4769">
     <span class='ocr_line' id='line_1_94' title="bbox 1904 4698 3495 4769; baseline -0.008 -9"><span class='ocrx_word' id='word_1_650' title='bbox 1904 4705 2179 4760; x_wconf 83' lang='lat' dir='ltr'><strong>cruciatus</strong></span> <span class='ocrx_word' id='word_1_651' title='bbox 2220 4717 2411 4756; x_wconf 91' lang='lat' dir='ltr'><strong>omnes</strong></span> <span class='ocrx_word' id='word_1_652' title='bbox 2453 4716 2744 4769; x_wconf 89' lang='lat' dir='ltr'><strong>perpessus</strong></span> <span class='ocrx_word' id='word_1_653' title='bbox 2794 4709 2897 4758; x_wconf 87' lang='lat' dir='ltr'><strong>est,</strong></span> <span class='ocrx_word' id='word_1_654' title='bbox 2952 4700 3184 4767; x_wconf 84' lang='lat' dir='ltr'><strong>ejusque</strong></span> <span class='ocrx_word' id='word_1_655' title='bbox 3242 4698 3495 4751; x_wconf 72' lang='lat' dir='ltr'><strong>inritator</strong></span> 
     </span>
    </p>
   </div>
   <div class='ocr_carea' id='block_1_95' title="bbox 218 4789 3492 4869">
    <p class='ocr_par' dir='ltr' id='par_1_95' title="bbox 218 4789 3492 4869">
     <span class='ocr_line' id='line_1_95' title="bbox 218 4789 3492 4869; baseline -0.002 -22"><span class='ocrx_word' id='word_1_656' title='bbox 218 4809 339 4849; x_wconf 90' lang='lat' dir='ltr'><strong>esse</strong></span> <span class='ocrx_word' id='word_1_657' title='bbox 377 4796 428 4848; x_wconf 88' lang='lat' dir='ltr'><strong>in</strong></span> <span class='ocrx_word' id='word_1_658' title='bbox 460 4799 745 4853; x_wconf 89' lang='lat' dir='ltr'><strong>tormentis</strong></span> <span class='ocrx_word' id='word_1_659' title='bbox 777 4797 1118 4869; x_wconf 81' lang='lat' dir='ltr'><strong>perferendis</strong></span> <span class='ocrx_word' id='word_1_660' title='bbox 1163 4802 1396 4852; x_wconf 78' lang='lat' dir='ltr'><strong>maxime</strong></span> <span class='ocrx_word' id='word_1_661' title='bbox 1426 4799 1738 4869; x_wconf 84' lang='lat' dir='ltr'><strong>concupivit</strong></span> <span class='ocrx_word' id='word_1_662' title='bbox 1779 4815 1841 4854; x_wconf 91' lang='lat' dir='ltr'><strong>ac</strong></span> <span class='ocrx_word' id='word_1_663' title='bbox 1880 4799 2111 4853; x_wconf 87' lang='lat' dir='ltr'><strong>studuit.</strong></span> <span class='ocrx_word' id='word_1_664' title='bbox 2146 4797 2252 4866; x_wconf 81' lang='lat' dir='ltr'><strong>Ipsi</strong></span> <span class='ocrx_word' id='word_1_665' title='bbox 2288 4796 2533 4849; x_wconf 84' lang='lat' dir='ltr'><strong>Creatori</strong></span> <span class='ocrx_word' id='word_1_666' title='bbox 2582 4806 2635 4848; x_wconf 86' lang='lat' dir='ltr'><strong>et</strong></span> <span class='ocrx_word' id='word_1_667' title='bbox 2674 4794 2963 4857; x_wconf 82' lang='lat' dir='ltr'><strong>Salvatori,</strong></span> <span class='ocrx_word' id='word_1_668' title='bbox 3003 4792 3232 4845; x_wconf 87' lang='lat' dir='ltr'><strong>Domino</strong></span> <span class='ocrx_word' id='word_1_669' title='bbox 3267 4804 3329 4841; x_wconf 89' lang='lat' dir='ltr'><strong>ac</strong></span> <span class='ocrx_word' id='word_1_670' title='bbox 3382 4789 3492 4841; x_wconf 86' lang='lat' dir='ltr'><strong>Deo</strong></span> 
     </span>
    </p>
   </div>
   <div class='ocr_carea' id='block_1_96' title="bbox 223 4886 3493 4964">
    <p class='ocr_par' dir='ltr' id='par_1_96' title="bbox 223 4886 3493 4964">
     <span class='ocr_line' id='line_1_96' title="bbox 223 4886 3493 4964; baseline -0.002 -21"><span class='ocrx_word' id='word_1_671' title='bbox 223 4902 413 4945; x_wconf 92' lang='lat' dir='ltr'><strong>nostro</strong></span> <span class='ocrx_word' id='word_1_672' title='bbox 455 4894 524 4946; x_wconf 91' lang='lat' dir='ltr'><strong>sit</strong></span> <span class='ocrx_word' id='word_1_673' title='bbox 582 4893 775 4963; x_wconf 88' lang='lat' dir='ltr'><strong>gloria,</strong></span> <span class='ocrx_word' id='word_1_674' title='bbox 837 4892 1013 4946; x_wconf 86' lang='lat' dir='ltr'><strong>honor</strong></span> <span class='ocrx_word' id='word_1_675' title='bbox 1070 4901 1126 4946; x_wconf 89' lang='lat' dir='ltr'><strong>et</strong></span> <span class='ocrx_word' id='word_1_676' title='bbox 1186 4892 1431 4947; x_wconf 90' lang='lat' dir='ltr'><strong>adoratio</strong></span> <span class='ocrx_word' id='word_1_677' title='bbox 1484 4909 1607 4948; x_wconf 90' lang='lat' dir='ltr'><strong>cum</strong></span> <span class='ocrx_word' id='word_1_678' title='bbox 1664 4894 1822 4948; x_wconf 85' lang='lat' dir='ltr'><strong>Patre</strong></span> <span class='ocrx_word' id='word_1_679' title='bbox 1873 4893 2127 4964; x_wconf 81' lang='lat' dir='ltr'><strong>principii</strong></span> <span class='ocrx_word' id='word_1_680' title='bbox 2210 4891 2441 4960; x_wconf 83' lang='lat' dir='ltr'><strong>ﬁnisque</strong></span> <span class='ocrx_word' id='word_1_681' title='bbox 2503 4900 2748 4959; x_wconf 70' lang='lat' dir='ltr'><strong>experte,</strong></span> <span class='ocrx_word' id='word_1_682' title='bbox 2817 4899 2873 4942; x_wconf 85' lang='lat' dir='ltr'><strong>et</strong></span> <span class='ocrx_word' id='word_1_683' title='bbox 2934 4886 3281 4941; x_wconf 82' lang='lat' dir='ltr'><strong>sanctissimo</strong></span> <span class='ocrx_word' id='word_1_684' title='bbox 3329 4894 3493 4953; x_wconf 82' lang='lat' dir='ltr'><strong>atque</strong></span> 
     </span>
    </p>
   </div>
   <div class='ocr_carea' id='block_1_97' title="bbox 224 4979 3496 5059">
    <p class='ocr_par' dir='ltr' id='par_1_97' title="bbox 224 4979 3496 5059">
     <span class='ocr_line' id='line_1_97' title="bbox 224 4979 3496 5059; baseline -0.002 -21"><span class='ocrx_word' id='word_1_685' title='bbox 224 4987 534 5041; x_wconf 71' lang='lat' dir='ltr'><strong>vivilicante</strong></span> <span class='ocrx_word' id='word_1_686' title='bbox 566 4986 792 5056; x_wconf 89' lang='lat' dir='ltr'><strong>Spiritu,</strong></span> <span class='ocrx_word' id='word_1_687' title='bbox 827 5004 947 5057; x_wconf 72' lang='lat' dir='ltr'><strong>qua:</strong></span> <span class='ocrx_word' id='word_1_688' title='bbox 972 4998 1054 5042; x_wconf 85' lang='lat' dir='ltr'><strong>est</strong></span> <span class='ocrx_word' id='word_1_689' title='bbox 1091 5003 1197 5041; x_wconf 91' lang='lat' dir='ltr'><strong>una</strong></span> <span class='ocrx_word' id='word_1_690' title='bbox 1252 4988 1509 5043; x_wconf 84' lang='lat' dir='ltr'><strong>divinitas</strong></span> <span class='ocrx_word' id='word_1_691' title='bbox 1556 4992 1605 5043; x_wconf 92' lang='lat' dir='ltr'><strong>in</strong></span> <span class='ocrx_word' id='word_1_692' title='bbox 1636 4991 1828 5059; x_wconf 77' lang='lat' dir='ltr'><strong>:equali</strong></span> <span class='ocrx_word' id='word_1_693' title='bbox 1866 5001 1921 5045; x_wconf 91' lang='lat' dir='ltr'><strong>et</strong></span> <span class='ocrx_word' id='word_1_694' title='bbox 1956 4989 2232 5043; x_wconf 87' lang='lat' dir='ltr'><strong>individua</strong></span> <span class='ocrx_word' id='word_1_695' title='bbox 2264 4988 2554 5053; x_wconf 83' lang='lat' dir='ltr'><strong>&#39;l&#39;rinitate,</strong></span> <span class='ocrx_word' id='word_1_696' title='bbox 2583 4988 2743 5040; x_wconf 75' lang='lat' dir='ltr'><strong>vitam</strong></span> <span class='ocrx_word' id='word_1_697' title='bbox 2791 4984 3045 5055; x_wconf 65' lang='lat' dir='ltr'><strong>praebens</strong></span> <span class='ocrx_word' id='word_1_698' title='bbox 3075 4981 3221 5039; x_wconf 86' lang='lat' dir='ltr'><strong>omni</strong></span> <span class='ocrx_word' id='word_1_699' title='bbox 3246 4979 3496 5051; x_wconf 84' lang='lat' dir='ltr'><strong>spiritui,</strong></span> 
     </span>
    </p>
   </div>
   <div class='ocr_carea' id='block_1_98' title="bbox 224 5077 2147 5147">
    <p class='ocr_par' dir='ltr' id='par_1_98' title="bbox 224 5077 2147 5147">
     <span class='ocr_line' id='line_1_98' title="bbox 224 5077 2147 5147; baseline 0.002 -20"><span class='ocrx_word' id='word_1_700' title='bbox 224 5085 278 5128; x_wconf 88' lang='lat' dir='ltr'><strong>et</strong></span> <span class='ocrx_word' id='word_1_701' title='bbox 314 5090 545 5145; x_wconf 80' lang='lat' dir='ltr'><strong>regnans</strong></span> <span class='ocrx_word' id='word_1_702' title='bbox 578 5092 727 5132; x_wconf 88' lang='lat' dir='ltr'><strong>nunc</strong></span> <span class='ocrx_word' id='word_1_703' title='bbox 763 5085 819 5132; x_wconf 89' lang='lat' dir='ltr'><strong>et</strong></span> <span class='ocrx_word' id='word_1_704' title='bbox 848 5092 1087 5147; x_wconf 86' lang='lat' dir='ltr'><strong>semper,</strong></span> <span class='ocrx_word' id='word_1_705' title='bbox 1120 5087 1175 5131; x_wconf 91' lang='lat' dir='ltr'><strong>et</strong></span> <span class='ocrx_word' id='word_1_706' title='bbox 1217 5077 1273 5131; x_wconf 92' lang='lat' dir='ltr'><strong>in</strong></span> <span class='ocrx_word' id='word_1_707' title='bbox 1320 5079 1515 5133; x_wconf 68' lang='lat' dir='ltr'><strong>smcula</strong></span> <span class='ocrx_word' id='word_1_708' title='bbox 1565 5080 1914 5135; x_wconf 70' lang='lat' dir='ltr'><strong>saaculorum.</strong></span> <span class='ocrx_word' id='word_1_709' title='bbox 1951 5080 2147 5133; x_wconf 80' lang='lat' dir='ltr'><strong>Amen.</strong></span> 
     </span>
    </p>
   </div>
  </div>
