4212 6440
749 432 808 497 η
2030 405 2317 466 MENSIS
2357 405 2724 467 MARTIUS.
3945 401 4011 461 12

813 550 880 605 ll.
914 543 1049 601 Cum
1085 539 1249 616 igitur
1281 529 1538 591 memoria
1580 525 1714 599 justi
1765 523 1838 581 sit
1880 521 2162 578 recolenda
2194 536 2315 575 eum
2349 537 2365 584 Α

2479 522 2569 616 lB'.
2605 522 2760 575 Ἐπεὶ
2797 520 2976 574 τοίνυν
3015 522 3042 592 ἡ
3082 523 3273 591 μνήμη
3305 520 3396 574 τοῦ
3429 521 3640 574 δικαίου
3672 535 3791 589 μετ⁴
3826 520 4006 581 ιγιω-

747 639 996 698 laudibus
1027 636 1071 697 ³,
1111 610 1178 684 ne
1216 641 1350 684 mea:
1377 634 1563 694 quaeso
1603 614 1877 686 imputetis
1908 610 2316 683 praecipitantia:

744 732 991 789 laudibus
1017 723 1292 783 eﬂ'erentis
1331 732 1480 782 eum,
1516 713 1673 783 cujus
1705 707 1934 763 necdum
1969 703 2135 758 vitam
2161 717 2319 756 enar-

745 825 882 882 ravi.
917 823 983 876 Et
1017 832 1145 873 vero
1193 823 1492 881 congruum
1547 805 1725 860 fuerat
1767 814 1887 856 eam
1933 795 2267 868 pramittere
2302 809 2315 847 :

747 920 840 974 sed
888 913 1143 985 quoniam
1191 903 1524 976 sapientibus
1569 894 1884 962 sanctisque
1918 890 2049 944 viris
2085 886 2161 959 (l)
2189 900 2320 940 non-

751 980 920 1066 nullis
967 1000 1332 1060 adnitentibus
1384 995 1639 1050 distincte
1691 985 1993 1057 expositam
2060 980 2321 1034 habemus

750 1103 912 1171 hujus
948 1097 1087 1154 beati
1120 1096 1188 1149 ab
1221 1091 1349 1160 ipsis
1381 1098 1554 1155 usque
1584 1078 1857 1136 natalibus
1883 1072 2320 1132 conversionem,

751 1168 1275 1268 propensionemque
1323 1180 1390 1235 ad
1446 1175 1542 1231 Dei
1599 1172 1803 1229 cultum
1839 1187 1852 1222 :
1887 1168 2059 1237 ipsam
2107 1174 2322 1233 quoque

751 1255 868 1356 ejus
901 1287 952 1339 in
983 1255 1282 1337 tuonastica
1326 1273 1434 1326 vita
1468 1264 1910 1324 exercitationem
1953 1255 2326 1314 conversatio-

753 1347 984 1448 nemque
1033 1370 1407 1444 purissimam,
1457 1373 1664 1416 necnon
1710 1349 2068 1411 deiicientiam
2127 1347 2326 1414 imper-

755 1437 1069 1528 fectionnm,
1121 1473 1174 1519 et
1209 1469 1368 1515 rectae
1421 1454 1542 1510 ﬁdei
1599 1445 2019 1504 ostentationem
2075 1437 2323 1508 atquein

755 1561 1017 1618 molestiis
1053 1551 1389 1627 perferendis
1417 1542 1806 1602 constantiam,
1834 1536 2029 1606 quibus
2060 1531 2165 1586 vita
2205 1530 2325 1598 ejus

756 1656 928 1724 magis
980 1621 1143 1719 quam
1192 1657 1346 1706 auro,
1385 1632 1712 1707 margaritis,
1763 1628 2031 1698 lapidibus
2075 1621 2328 1693 pretiosis

755 1713 1013 1806 ornatur,
1050 1736 1300 1808 equidem
1346 1739 1405 1785 ut
1452 1729 1520 1783 iis
1553 1727 1804 1780 adderem
1842 1717 2066 1787 aliquid,
2108 1713 2329 1768 minime

756 1837 948 1893 adduci
991 1803 1141 1902 potui
1175 1847 1189 1883 :
1220 1826 1316 1884 sed
1350 1837 1470 1894 quae
1513 1819 1758 1886 dispersa
1807 1812 2044 1872 fuerant,
2107 1820 2172 1859 ex
2225 1803 2330 1856 illis

2429 611 2590 680 μίων,
2623 614 2696 680 μή
2754 629 2856 680 μου
2905 611 3197 682 μέμψησθε
3245 611 3345 681 τῆς
3399 611 3753 682 προπετείας,
3783 609 3854 673 ὡς
3901 627 4007 677 προ

2425 702 2520 756 τοῦ
2559 702 2675 772 βίου
2708 703 3133 772 ἐγκωμιάζοντι.
3159 704 3292 756 Τότε
3317 703 3427 772 γὰρ
3447 702 3703 771 ἁρμόδιον
3737 700 4004 768 πέφυκεν

2426 792 2543 845 ἀλλ’
2584 793 2771 862 ἐπειδή
2807 811 2915 846 τισι
2950 797 3133 863 σοφοῖς
3163 797 3255 847 καὶ
3284 793 3579 862 μακαρίοις
3622 793 3857 862 ἀνδράσι
3899 808 3994 843 ποο

2429 884 2651 955 νήσασι,
2688 887 2784 938 καὶ
2813 885 2909 955 τὴν
2955 886 3048 938 τοῦ
3077 887 3368 957 Μακαρίου
3395 886 3454 950 ἐξ
3487 885 3658 952 αὑτῆς
3696 885 4011 953 γεννήσεως

2429 977 2777 1047 ἀναστροςρήν
2806 993 2889 1028 ’τε
2927 977 3021 1031 καὶ
3063 978 3366 1048 διαγωγὴν,
3398 978 3493 1030 καὶ
3543 977 3643 1048 τὴν
3685 975 3824 1046 πρὸς
3865 975 4011 1027 θεῖον

2430 1067 2593 1138 ζῆλον
2628 1069 2863 1141 κίνησιν,
2896 1069 2958 1121 οὑ
2991 1070 3099 1141 μὴν
3132 1071 3270 1125 ἀλλὰ
3301 1071 3398 1123 καὶ
3443 1071 3540 1138 τὴν
3579 1071 3638 1122 ὲν
3669 1069 3748 1138 τῷ
3781 1070 4010 1137 μονὴρει

2433 1160 2534 1230 βίῳ
2563 1161 2820 1231 ἄσκησιν,
2871 1163 2966 1214 καὶ
3009 1163 3110 1232 τὴν
3142 1163 3393 1235 καθαρὰν
3432 1161 3731 1227 πολιτείαν,
3769 1160 3862 1213 καὶ
3910 1159 4012 1228 τὴν

2431 1253 2608 1322 ἄκραν
2639 1254 2990 1318 ταπείνωσιν,
3028 1256 3121 1307 καὶ
3139 1255 3355 1324 τὴνιτῆς
3376 1253 3685 1324 όρθοδοξίας
3719 1253 4011 1322 τράνωσιν,

2433 1345 2531 1400 καὶ
2564 1346 2664 1414 τὴν
2693 1345 2826 1416 πρὸς
2863 1345 2932 1399 τὰ
2973 1347 3121 1400 δεινὰ
3154 1347 3473 1417 καρτερίαν,
3506 1346 3778 1418 άριδήλως
3821 1345 4017 1412 διηγη-

2438 1437 2715 1506 σαμένοις,
2748 1438 2842 1491 ἐπὶ
2892 1438 3081 1510 χρυσῷ
3127 1439 3221 1491 καὶ
3267 1440 3638 1510 μαργαρίταις
3675 1437 3771 1490 καὶ
3811 1437 4018 1506 τιμίοις

2434 1528 2635 1592 λίθοις·
2689 1534 3006 1602 προσθεῖναι
3069 1533 3281 1595 τούτοις
3332 1533 3431 1600 οὑχ
3491 1531 3823 1600 ἡγησάμην,
3879 1528 4020 1580 ἀλλὰ

2438 1623 2712 1693 σποράδην
2779 1627 2844 1677 ὲκ
2903 1625 3012 1677 τῶν
3067 1625 3249 1677 αὐτῶν
3305 1623 3660 1694 διηγημάτων
3730 1619 4016 1690 συλλέξας,

2435 1715 2622 1784 ὥσπερ
2649 1733 2730 1778 τις
2763 1715 3060 1783 λιθολόγος,
3091 1714 3170 1779 είς
3199 1717 3329 1785 μίαν
3377 1713 3723 1782 κατασκευὴν
3765 1711 4019 1781 ἀθροῖσαι

2438 1807 2852 1876 προεθυμήθην.
2889 1807 2950 1859 '0
2979 1809 3088 1876 γὰρ
3123 1808 3405 1869 ἀδυνάτοις
3436 1803 3758 1875 ἐπιχειρῶν,
3797 1803 4024 1856 τούναν-

760 1931 890 1998 ipsis
939 1921 1342 1979 narrationibus
1400 1915 1454 1967 in
1500 1923 1683 1971 unam,
1720 1916 1776 1957 ut
1826 1899 2073 1971 lapidarii
2132 1895 2328 1956 solent,

2454 1901 2558 1998 τίον
2577 1901 2895 1970 ἀσχημονὴν
2928 1900 3180 1953 ἀνθέλκει
3211 1902 3302 1954 τὸν
3332 1901 3556 1969 τρόπον.
3602 1898 3858 1966 Συντόμῳ
3888 1893 4024 1963 γοῦν

756 1985 1069 2088 compagem
1124 2005 1425 2078 colligenda
1487 2000 1666 2072 putavi
1723 2014 1738 2052 :
1793 1995 1971 2050 sciens
2036 1988 2180 2058 quod
2237 1985 2330 2054 qui

759 2082 1107 2182 impossibilia
1139 2101 1384 2159 facienda
1418 2094 1663 2164 suscipit,
1692 2102 1905 2145 omnem
1938 2083 2130 2153 agendi
2171 2082 2332 2135 ratio-

2443 1992 2508 2058 τῇ
2532 1988 2780 2058 διηγήσει
2835 1991 3201 2060 χρησάμενος,
3235 1988 3486 2058 ἀμυδράν
3535 2001 3657 2039 τινα
3697 1984 3806 2038 τῶν
3851 1981 4022 2035 αὑτοῦ

2442 2080 2882 2150 κατορθωμάτων
2923 2081 3190 2152 ὑπόληψιν
3222 2081 3575 2151 καταυλήσω.

760 2222 882 2261 nem
923 2202 1178 2257 indecore
1219 2199 1513 2264 pervertat.
1566 2183 1958 2254 Compendiosa
2006 2178 2165 2244 igitur
2203 2171 2512 2227 narratione
2579 2189 2708 2228 usus
2768 2174 2953 2228 rudem
2985 2178 3246 2228 duntaxat
3308 2177 3597 2243 quamdam
3675 2182 3819 2226 recte
3859 2169 4029 2222 facto-

761 2312 883 2355 rum
910 2296 1028 2366 ejus
1058 2286 1486 2358 complexionem
1516 2275 1856 2334 coneinnavi.

2239 2395 2466 2456 CAPUT
2524 2395 2564 2452 ἰ.

1821 2524 2064 2586 Natales,
2101 2520 2428 2588 conjngt'um,
2461 2518 2564 2570 vita
2600 2517 2654 2571 in
2687 2514 2902 2569 seculo.

838 2665 927 2720 ill.
964 2661 1160 2716 Beatus
1217 2654 1339 2716 iste,
1387 2646 1573 2702 Patres
1622 2640 1950 2707 Fratresque
2011 2631 2337 2696 charissiini,

770 2756 839 2811 ab
868 2751 1187 2807 Christiana:
1230 2738 1506 2810 religionis
1542 2731 1817 2803 signaculo
1858 2742 2053 2780 nomen
2091 2724 2340 2789 adeptus,

771 2844 1030 2902 nobilium
1085 2847 1139 2891 et
1194 2830 1546 2902 dignitatibus
1595 2824 2013 2890 con5picuornm
2060 2827 2343 2884 parentum

772 2940 912 2992 Illius
945 2933 1063 2994 fuit,
1106 2927 1304 2999 quique
1333 2917 1677 2978 Constantini
1719 2913 2047 2982 Copronytni
2102 2909 2346 2975 tempore

771 3029 936 3080 vitam
972 3038 1035 3077 ex
1076 3030 1236 3073 recta:
1281 3012 1402 3068 fidei
1438 3009 1658 3079 regulis,
1697 3005 1908 3060 occulte
1954 3011 2155 3063 tamen,
2190 2999 2346 3052 insti-

774 3117 1020 3170 luebant.
1070 3111 1133 3164 Et
1158 3122 1285 3160 vero
1318 3118 1381 3158 ex
1434 3101 1525 3157 tali
1571 3112 1678 3154 suae
1735 3094 2036 3150 nativitatis
2082 3091 2348 3160 principio

777 3204 1008 3262 debebat
1046 3201 1309 3269 refulgere
1357 3196 1471 3249 haec
1517 3189 1698 3254 stella,
1735 3202 1853 3258 qua:
1898 3201 1927 3238 a
1959 3185 2068 3238 Deo
2098 3183 2152 3237 in
2184 3196 2352 3236 carne

777 3296 1107 3357 manifestati
1165 3287 1408 3361 mysterii
1465 3297 1762 3354 congruum
1827 3279 2080 3334 habitura
2154 3289 2350 3330 nomen

2514 2629 2587 2685 I".
2634 2630 2690 2683 Ὀ
2738 2629 3008 2700 μακάριος
3051 2624 3228 2692 οὗτος,
3283 2628 3526 2698 ’Λδεὶφοὶ
3569 2628 3661 2682 καὶ
3699 2627 3964 2698 Πατὲρες,
4003 2633 4032 2681 ὸ

2445 2725 2545 2792 τῆς
2577 2726 2977 2794 Χριστιανικῆς
3008 2726 3631 2796 σφραγῖδοςὲπώνυμος,
3668 2726 3907 2792 ευγενῶν
3937 2741 4031 2792 γο-

2446 2819 2581 2870 νέων
2641 2817 2734 2868 καὶ
2787 2816 2894 2868 τῶν
2958 2818 3016 2868 ἐν
3068 2817 3342 2885 ἀξιώμασι
3407 2816 3788 2886 περιϐλέπτων
3840 2818 4032 2882 γέγονε

2447 2911 2658 2974 τέκνον,
2692 2911 2749 2962 ὲν
2779 2910 3018 2979 ἡμέραις
3050 2909 3468 2962 Κωνσταντίνου
3499 2909 3593 2960 τοῦ
3627 2910 4032 2978 Κοπρωνύμου,

2449 3006 2516 3074 τῇ
2583 3004 2911 3073 ὑποκρυφίῳ
2971 3001 3097 3073 δόξῃ
3165 3001 3462 3072 ὀρθοδόξως
3529 3001 4032 3067 πολιτευσαμένων.

2454 3095 2604 3148 Ἔδει
2666 3096 2798 3164 γὰρ,
2833 3092 2938 3146 ἔδει
2980 3097 3038 3159 ἐξ
3067 3095 3247 3149 αὐτῶν
3274 3096 3363 3147 τὸν
3394 3095 3493 3165 τῆς
3530 3093 3862 3162 Θεοφανείας
3891 3092 4034 3146 ἑπώ-

2452 3204 2620 3255 νυμον
2650 3187 2986 3255 γεννητικῶς
3022 3186 3349 3254 ἀποστίλιζναι
3380 3186 3645 3257 φωστῆρα
3669 3203 3680 3215 ·
3712 3186 3772 3237 οὑ
3813 3185 3922 3252 γὰρ
3969 3186 4036 3238 ἂν

2455 3281 2587 3351 ἡμῖν
2622 3280 2649 3332 ὁ
2701 3278 2947 3347 καθαρὸς
2978 3273 3136 3342 οὗτος
3187 3278 3537 3350 μαργαρίτης
3587 3277 3956 3348 προὺτέθειτο,
3987 3281 4036 3330 εί

777 3408 937 3452 erat:
973 3405 1144 3462 neque
1187 3387 1330 3444 enim
1377 3383 1663 3455 purissima
1700 3380 1814 3434 haec
1849 3377 2138 3446 margarita
2194 3372 2352 3428 hodie

2457 3377 2512 3426 ὲν
2548 3373 2782 3442 ἡμέραις
2838 3376 3064 3434 σκότους
3091 3371 3367 3440 διαφανῶς
3407 3373 3456 3424 oi
3482 3371 3674 3424 τούτου
3714 3372 4040 3440 γεννήτορες

777 3493 1174 3559 proponeretur
1193 3479 1366 3539 nobis,
1386 3477 1428 3528 si
1453 3475 1507 3527 iu
1526 3474 1618 3526 illa
1648 3483 2021 3539 perversarum
2045 3465 2357 3532 Opinionum

781 3555 1011 3649 caligine
1051 3574 1321 3645 genitores
1371 3568 1485 3636 ejus
1525 3561 1796 3634 propalam
1836 3559 2092 3629 pietatem
2137 3555 2364 3608 fuissent

781 3647 1188 3722 aversati.Cum
1216 3669 1389 3714 autent
1423 3658 1488 3710 iis
1519 3654 1825 3721 nnigenitus
1848 3660 2010 3713 esset,
2033 3664 2060 3702 a
2089 3663 2255 3718 puero
2280 3647 2364 3700 di-

782 3761 937 3813 vinas
953 3757 1174 3812 edootns
1205 3753 1432 3806 Litteras
1457 3757 1619 3813 atque
1653 3746 1718 3798 ad
1747 3743 1910 3794 totius
1942 3741 2236 3810 Scriptura:
2257 3740 2358 3792 ini-

785 3854 950 3903 tiatns
1003 3846 1387 3913 COgnitionetn,
1421 3853 1485 3890 ne
1541 3832 1765 3903 profana
1825 3831 2040 3896 quidem
2101 3831 2363 3896 sapientia

787 3937 1134 3993 tleliciebaftn-
1159 3950 1172 3985 :
1197 3933 1287 3986 sed
1312 3927 1569 3999 quidquid
1601 3927 1736 3978 inea
1770 3933 1914 3978 esset
1942 3920 2364 3991 pulcherrimum

788 4032 1068 4100 colligens,
1102 4028 1151 4079 id
1190 4025 1327 4078 intra
1377 4022 1573 4074 mentis
1608 4034 1718 4075 sua:
1755 4019 2064 4071 thesaurum
2108 4011 2314 4065 abdidit
2349 4027 2363 4064 :

788 4124 930 4191 quod
965 4135 1090 4174 vero
1123 4117 1422 4172 fabulosum
1452 4121 1590 4174 erat,
1611 4111 1764 4177 longe
1793 4107 1921 4162 illttd
1954 4104 2363 4170 valerejuheus,

791 4221 947 4282 prout
999 4207 1375 4266 conveniebat,
1423 4202 1690 4270 despexit.
1719 4199 1796 4254 Eo
1844 4197 2129 4250 admodum
2171 4195 2371 4262 juvene

791 4306 966 4364 adhuc
988 4313 1042 4358 et
1071 4296 1294 4353 necdum
1319 4293 1616 4363 pubertatis
1637 4305 1807 4344 annos
1833 4289 2094 4356 ingresso,
2119 4297 2370 4356 parentes

795 4398 910 4465 ejus
932 4397 1058 4450 hinc
1085 4393 1149 4444 ad
1173 4390 1450 4444 Dominum
1477 4387 1900 4454 emigrarttnt,et
1924 4382 2068 4434 solus
2094 4383 2205 4448 ipse
2232 4381 2371 4432 inter

796 4491 1045 4557 copiosas
1078 4481 1336 4537 remansit
1363 4477 1617 4540 divitias;
1645 4489 1876 4543 superna
1915 4474 2143 4525 forsitan
2197 4470 2248 4522 id
2297 4471 2370 4522 ita

797 4585 1115 4649 disponente
1150 4572 1522 4635 Providentia,
1573 4582 1637 4622 ne
1692 4582 1877 4620 eorum
1933 4580 2083 4618 amor
2130 4563 2271 4618 obex
2322 4563 2370 4618 ei

799 4673 951 4726 lien-el
978 4679 1120 4725 recta
1155 4669 1219 4720 ad
1251 4665 1415 4718 Deum
1448 4663 1531 4716 via
1567 4671 1906 4729 perrecturo.

2461 3467 2559 3536 τὴν
2592 3467 2874 3518 εὐσέϐειαν
2897 3466 3266 3534 ἀπέστρεψαν.
3293 3469 3601 3537 Μονογενὴς
3626 3467 3918 3538 τοιγαροῦν
3945 3469 4045 3518 αὑ-

2463 3561 2573 3620 τοῖς
2623 3558 2885 3628 ὑπάρχων
2929 3560 2956 3610 ό
3011 3559 3304 3628 μακάριος,
3350 3560 3729 3611 ὲκπαιόεύεται
3783 3560 4044 3629 νηπιόθεν

2462 3652 2531 3702 τὰ
2585 3650 2704 3717 ἱερὰ
2755 3649 3086 3721 Γράμματα,
3149 3651 3378 3720 Γραφήν
3414 3667 3469 3703 τε
3527 3652 3703 3704 πᾶσαν
3735 3652 3815 3714 είς
3871 3652 4046 3719 ἄκρον

2468 3743 2714 3812 μυηθεὶς,
2752 3743 2872 3794 οὐδὲ
2925 3743 3026 3811 τῆς
3079 3742 3184 3806 ἔξω
3239 3746 3429 3812 cresia;
3476 3746 3767 3813 ἡμοὶρησε.
3825 3744 4045 3814 Ταύτης

2465 3837 2595 3900 γοῦν
2624 3834 2683 3884 τὸ
2707 3835 2996 3886 κάλλιστον
3027 3833 3416 3902 ἐπιλεξάμενος
3447 3837 3501 3885 ἐν
3630 3833 4048 3904 τεθησαύρικεν,

2467 3927 2588 3980 ὅσον
2617 3926 2672 3979 δὲ
2718 3928 2780 3978 τὸ
2810 3925 3056 3994 μυθῶδες
3087 3927 3307 3995 μακρὰν
3348 3930 3561 3994 χαίρειν
3596 3926 3764 3978 εἰπὼν
3811 3927 4050 3995 παρελο-

2472 4019 2658 4086 γίσατο
2697 4018 3041 4087 πρεπόντως.
3091 4018 3231 4069 Νέου
3279 4018 3333 4069 δὲ
3379 4017 3571 4087 κομιδῇ
3613 4016 3707 4069 τοῦ
3757 4019 4051 4086 Μακαρίου

2470 4112 2832 4179 ὑπάρχοντος,
2877 4113 2972 4162 καὶ
3002 4109 3156 4163 οὑπω
3202 4112 3298 4178 τῆς
3353 4109 3551 4180 ήϐικῆς
3599 4111 3813 4180 ἡλικίας
3870 4111 4052 4162 ἐπιλε-

2470 4201 2777 4272 λημμένου,
2814 4203 2864 4255 οἱ
2885 4203 3050 4257 αὑτοῦ
3082 4207 3258 4270 γονεῖς
3290 4205 3425 4273 πρὶς
3459 4203 3663 4274 Κύριον
3690 4204 4051 4272 ἐξεδήμησαν,

2471 4294 2564 4345 καὶ
2601 4293 2755 4360 μένει
2786 4293 2991 4353 ,λοιπὸν
3035 4294 3196 4361 μόνος
3232 4295 3288 4345 ἐν
3341 4293 3737 4362 ὑπερϐάλλοντι
3786 4291 4000 4362 πλούτῳ
4026 4296 4056 4344 ὁ

2474 4384 2665 4449 ἅγιοςο
2717 4384 2862 4458 τάχα
2906 4386 3003 4451 τῆς
3055 4385 3318 4451 Προνοίας
3373 4356 3547 4445 οὕτως
3593 4356 4065 4451 οίκονομησάσηςξ

2477 4475 2562 4527 ἵνα
2595 4475 2670 4546 μὴ
2711 4478 2740 4530 ό
2782 4477 2891 4528 τῶν
2923 4476 3130 4539 γονέων
3174 4477 3360 4540 πόθος,
3409 4478 3743 4547 πρόσκομμα
3791 4477 3888 4545 τῆς
3916 4475 4057 4546 πρὸς

2475 4565 2609 4620 Θεὸν
2645 4567 2811 4620 αὑτοῦ
2845 4567 3033 4639 τρίϐου
3078 4569 3426 4639 γεννήσηται.

871 4764 961 4819 ιν.
1005 4762 1296 4828 Postquam
1340 4769 1470 4809 vero
1521 4751 1819 4819 sacrilegus
1864 4749 2253 4803 Constantinus
2288 4749 2365 4817 (2)

2548 4756 2622 4803 A'.
2662 4751 3075 4804 Κωνσταντίνου
3119 4750 3177 4802 δὲ
3223 4751 3316 4803 τοῦ
3357 4749 3649 4814 δυσσεϐοῦς
3683 4753 3926 4822 αἰσχρῶς
3967 4769 4061 4803 τε-

802 4871 1011 4928 turpem
1065 4853 1294 4923 turpiter
1351 4847 1551 4903 eiﬂavit
1597 4845 1856 4906 animum,
1920 4841 2203 4909 imperium
2264 4841 2370 4894 Leo

805 4949 1068 5017 suscepit,
1117 4956 1361 4998 materno
1398 4937 1716 5006 cognomine
1747 4936 2018 4990 Chazares
2071 4933 2150 5000 (5)
2183 4928 2368 5000 np'pei-

809 5049 984 5099 latus;
1018 5053 1126 5108 quo
1175 5041 1436 5104 regnante
1484 5029 1745 5099 patricius
1785 5027 1998 5093 quidam
2039 5025 2135 5092 ipsi
2173 5040 2373 5093 cogno-

929 5178 1092 5233 Prov.
1131 5191 1187 5236 ι,
1219 5175 1248 5227 'i

879 5336 955 5406 (l)
985 5335 1128 5406 Inter
1156 5328 1678 5406 alio_s_S__Metltodiu_s
1707 5326 2030 5406 patriarcha.

879 5397 956 5477 (2')
1002 5424 1020 5456 ι
1062 5401 1362 5477 Αιιου-’Πό
1408 5409 1607 5477 contra
1642 5397 1902 5477 Bulgaros
1951 5411 2230 5463 egressus,
2264 5412 2386 5452 cor-

810 5469 996 5545 reptus
1021 5485 1104 5527 est
1130 5475 1448 5545 anthr-acum
1476 5469 1684 5545 morbo,
1714 5471 1766 5520 in
1794 5483 1955 5545 crura
1994 5469 2094 5520 sibi
2127 5469 2384 5521 diviuilus

813 5538 1054 5601 immisso
1081 5554 1134 5597 et
1169 5540 1301 5595 febri
1323 5541 1550 5593 subinde
1581 5538 2072 5601 vehementissima,
2102 5547 2156 5590 ct
2193 5540 2386 5592 ardore

815 5619 1033 5671 medicis
1081 5616 1150 5667 oh
1203 5608 1434 5664 incendii
1474 5609 1578 5660 vim
1622 5612 1804 5676 ignoto
1857 5609 2107 5670 alilictns,
2142 5611 2387 5663 subdito-

815 5705 928 5738 rum
979 5684 1219 5737 humeris
1261 5682 1521 5749 gl'abbato
1566 5679 1777 5732 delatus
1809 5678 2226 5745 Arcadiopolim,
2260 5682 2384 5731 inde

813 5756 1165 5827 Selymbriam
1223 5754 1496 5827 prudentis
1548 5750 1611 5801 Μ
1664 5749 2016 5816 Septembris,
2057 5764 2189 5799 nave
2246 5762 2383 5801 con-

812 5819 1001 5882 scensa
1030 5825 1096 5881 ad
1131 5819 1405 5878 castellum
1437 5823 1786 5890 Struugylum
1817 5822 2092 5884 devectus,
2119 5819 2383 5873 infelicem

2479 4843 2866 4910 λευτήσαντος,
2919 4843 3224 4914 διαδέχεται
3253 4844 3353 4912 τὴν
3396 4843 3676 4913 βασιλείαν
3723 4847 3893 4907 Λέων,
3927 4846 3954 4896 ό
3994 4847 4064 4896 ἐκ

2489 4933 2762 5004 μητρικῆς
2813 4935 3128 5004 ἐπωνυμίας
3177 4935 3437 5006 Χαζὰρης
3482 4933 3818 5004 ἐπικληθείς.
3881 4934 3969 4987 Ἐν
4004 4935 4066 4987 δὲ

2487 5028 2598 5088 τοῖς
2625 5028 2836 5096 χρόνοις
2876 5028 2972 5095 τῆς
3020 5025 3184 5078 αὑτοῦ
3225 5024 3501 5094 βασιλείας
3543 5021 3611 5096 ἦν
3648 5042 3730 5088 τις
3774 5024 4065 5095 πατρίκιος

2481 5327 2798 5410 i_u_navigio
2861 5341 3085 5410 mortem
3135 5329 3292 5389 obiit,
3348 5327 3654 5381 vociferans
3702 5339 3766 5377 ae
3807 5326 3995 5378 dicens
4053 5343 4066 5379 :

2487 5397 2660 5451 Etiam
2691 5415 2875 5452 vivens
2907 5400 3014 5467 igni
3066 5414 3340 5467 nunquam
3375 5397 3768 5465 exstinguendo
3819 5397 4073 5454 addictus

2485 5485 2623 5524 sunt.
2671 5487 2691 5522 ι
2725 5470 2846 5523 Haec
2880 5471 3257 5536 Theophanes.

2560 5540 2635 5609 (5)
2688 5540 2802 5592 Non
2843 5533 3080 5608 proprio,
3111 5541 3203 5590 sed
3237 5537 3415 5607 gentis
3467 5534 3707 5609 nomine
3732 5533 3929 5588 Leonis
3958 5552 4075 5588 tita-

2488 5605 2626 5685 [rem
2659 5605 2959 5685 Cauni-ani
3011 5605 3261 5685 voc-ataui
3304 5609 3559 5685 existimo
3590 5623 3605 5660 :
3637 5605 3734 5658 fuit
3793 5606 3960 5667 enim,
4017 5616 4076 5657 ut

2488 5679 2846 5745 Theophanes
2901 5682 2998 5741 ait,
3058 5697 3075 5728 ι
3137 5679 3379 5746 Cltagani
3459 5678 3736 5729 Citazariae
3809 5675 4071 5744 principis

2490 5747 2617 5814 ftlia,
2655 5769 2670 5799 ι
2705 5750 3159 5804 Christiano-dein
3196 5751 3411 5802 nomine
3450 5751 3590 5802 dicta
3618 5747 3788 5801 lrene.
