4212 6440
174 422 244 487 l3
484 484 485 487 η
1352 437 1532 501 νιτΑ
1575 436 1635 495 S.
1678 436 1743 496 Τ]

1838 436 2195 499 OPlIANlS.
3359 439 3426 506 i4

168 542 469 610 ὁμωνυμος
509 543 682 613 αὐτῷ,
731 546 872 599 πάνυ
910 545 1188 618 βάρόαρος
1224 550 1319 602 καὶ
1361 549 1633 621 θηριώδης
1663 552 1743 604 τὸι

1861 551 2020 606 minis
2051 550 2171 617 fuit,
2201 548 2463 607 barbarus
2491 551 2715 608 omnino
2748 559 2907 623 atque
2947 552 3127 610 eﬂeris
3162 553 3423 617 moribus.

167 630 394 698 τρόπον,
428 632 645 685 καὶτοῦ
679 635 779 704 τῆς
818 636 1083 706 αίρέσεως
1110 640 1352 709 σμήνους
1396 639 1665 711 σύμφρων
1696 658 1743 695 τε

1860 643 2208 713 luereticique
2234 643 2465 711 agminis
2512 643 2830 700 inﬁdelitate
2865 646 3064 713 socius,
3097 648 3427 702 auctoritate

166 723 261 773 καὶ
310 723 695 797 ἀντιλήπτωρο
739 727 797 788 ὃς
846 728 933 781 διὰ
982 730 1082 800 τὴν
1120 731 1381 803 τοιαύτην
1430 727 1743 788 δυσσέϐειαν

1859 731 2155 787 defensor:
2196 748 2316 803 qua:
2349 749 2470 788 eum
2516 735 2767 805 impietas
2810 736 2881 789 ila
2932 736 3243 807 imperatori
3293 752 3428 793 con-

166 813 550 884 ὁμοτράπεζος
598 816 675 887 τῷ
726 818 939 889 βασιλεῖ
992 820 1340 895 καθεκάστην
1399 825 1609 897 ὑπῆρχε
1660 827 1743 879 καἸ

1858 823 2081 888 ciliavit,
2116 834 2170 878 ut
2206 833 2260 877 et
2304 825 2585 879 convivam
2637 826 3012 895 quotidianum
3045 828 3109 882 ad
3158 843 3426 896 mensam,

166 902 319 968 φίλος
357 906 683 975 περιδέξιος.
712 910 823 962 Καὶ
861 912 925 984 δὴ
960 912 1149 983 μαθὼν
1175 915 1244 969 τά
1282 916 1410 986 περὶ
1437 918 1534 987 τῆς
1568 916 1743 980 οὐσίας

1857 925 1912 968 et
1952 915 2183 969 amicum
2236 916 2289 969 in
2330 916 2578 972 omnibus
2625 915 3129 989 coniunctissimum
3182 921 3424 976 haberet.

163 994 258 1047 τοῦ
294 1000 588 1067 μακαρίου,
638 1001 887 1057 κελεύσει
958 1005 1207 1076 βασιλικῇ
1258 1008 1502 1079 συνεργῷ
1544 1011 1743 1081 χρησά-

1863 1004 1983 1067 llic,
2010 1007 2099 1061 ubi
2142 1017 2340 1077 quanta
2375 1017 2521 1063 esset
2550 1009 2691 1063 beati
2722 1009 2935 1076 juvenis
2981 1011 3254 1079 opulentia
3287 1014 3427 1066 didi-

165 1101 353 1151 μενος,
390 1088 641 1157 ζευγνύει
688 1092 765 1163 τῷ
804 1094 1072 1166 Θεοφάνει
1106 1098 1206 1169 τὴν
1250 1099 1413 1152 αὑτοῦ
1443 1099 1743 1172 θυγατέραε

1858 1098 1953 1161 cit,
2013 1099 2172 1151 filiam
2229 1114 2384 1154 suam
2435 1099 2750 1169 Theophani
2796 1103 2994 1169 juuxit,
3067 1103 3431 1171 imperatorias

162 1177 303 1248 ὅπερ
337 1177 428 1248 βίᾳ
468 1182 559 1233 καὶ
594 1184 751 1252 μόλις
791 1187 929 1257 τάχα
956 1204 1019 1256 γε
1062 1188 1150 1242 διά
1184 1189 1273 1242 τὸν
1296 1190 1391 1243 τοῦ
1426 1191 1743 1260 κρατοῦντος

1850 1188 2113 1255 jussiouis
2143 1200 2350 1245 terrore
2386 1206 2514 1246 usus
2555 1193 2621 1246 ad
2656 1208 2747 1249 eas
2781 1197 2994 1262 nuptias
3022 1196 3390 1264 conciliandas
3412 1237 3426 1257 ,

166 1267 334 1335 φόϐον
373 1270 616 1336 εἴξαντος
642 1276 737 1329 τοῦ
792 1276 1121 1348 Θεοφάνους,
1157 1279 1423 1350 ἐξήρτυτο
1467 1283 1533 1337 τά
1566 1282 1755 1352 ἐπιτή-

162 1355 285 1411 δεια
318 1359 394 1429 τῷ
426 1364 652 1436 γαμικῷ
690 1366 939 1439 θαλάμῳ.
969 1369 1091 1424 Τῶν
1123 1370 1214 1424 οὖν
1241 1372 1435 1426 αίσίων
1468 1372 1752 1426 τελεσθέν-

162 1465 294 1514 των,
350 1452 593 1527 ἑσπέρας
651 1459 1105 1533 καταλαὸούσης,
1167 1463 1360 1534 μόνους
1413 1466 1468 1516 tv
1526 1465 1754 1542 οἰκίσκῳ

160 1541 506 1612 τερπνῷ-τόν
539 1564 595 1600 τε
634 1550 834 1621 εὐσεϐῆ
861 1554 1076 1608 νεανίαν
1098 1557 1192 1608 καὶ
1224 1555 1321 1627 τὴν
1352 1556 1549 1609 εὐκλεᾶ
1585 1541 1753 1629 κόρην

162 1636 499 1704 εἰσάγουσιν,
534 1643 611 1707 ὡς
648 1645 715 1697 ἂν
743 1647 928 1709 αὐτοῖς
956 1647 1279 1716 ἐπιτηδείως
1313 1648 1427 1717 ἔχοι
1460 1649 1593 1717 πρὸς
1629 1650 1750 1718 ἡδο⁹

162 1724 265 1793 νῆς
298 1730 521 1797 τρόπον.
575 1734 740 1802 Σιγῆς
769 1736 824 1789 δὲ
873 1738 1194 1809 γενομένης,
1237 1740 1329 1793 καὶ
1362 1740 1579 1793 πάντων
1616 1740 1753 1806 ἀφυ-

167 1820 528 1888 πνωσάντων,
562 1827 759 1891 νυκτός
802 1844 863 1882 τε
918 1827 1141 1898 βαθείας
1174 1829 1542 1900 διαχυθείσης,
1586 1846 1750 1900 στρα·

161 1910 289 1975 φελς
312 1913 340 1965 ὁ
385 1916 679 1987 μακάριος,
720 1920 853 1989 φησὶ
882 1919 960 1990 τῷ
992 1923 1232 1991 κορασίῳ
1264 1922 1388 1975 τάδε
1410 1937 1425 1952 ·

1857 1278 2053 1345 quibus
2086 1293 2183 1349 pro
2222 1281 2501 1350 utriusque
2531 1281 2795 1352 dignitate
2824 1283 3118 1339 instructus
3144 1296 3226 1340 est
3254 1287 3429 1339 thala-

1858 1384 1978 1425 mus
2009 1370 2253 1440 genialis,
2287 1369 2616 1440 TbeOpbane
2659 1387 2799 1441 aegre
2826 1374 3046 1443 quidem
3089 1386 3253 1445 atque
3290 1378 3426 1429 retu.

1856 1462 2088 1525 ctauter,
2121 1477 2184 1518 ex
2244 1474 2389 1517 metu
2435 1474 2612 1520 tamen
2658 1466 2999 1533 potentioris,
3037 1482 3099 1521 ea
3138 1478 3196 1520 ut
3242 1468 3433 1521 tierent

1857 1554 2222 1623 permittente.
2261 1553 2401 1624 Ergo
2432 1556 2745 1625 nuptiarum
2774 1557 3072 1612 ’solemniis
3120 1559 3223 1612 rite
3253 1561 3434 1626 auspi-

1855 1654 2085 1712 catoque
2136 1644 2443 1710 celebratis,
2479 1662 2598 1699 cum
2643 1661 2840 1715 vesper
2891 1648 3250 1714 incubuisset,
3283 1652 3430 1718 pien-

1857 1734 2122 1788 tissimum
2156 1735 2408 1805 juvenem
2467 1746 2631 1807 atque
2689 1738 3113 1794 illustrissimum
3165 1743 3428 1809 virginem

1857 1829 2000 1883 solos
2052 1830 2311 1887 inducunt
2368 1833 2419 1885 iu
2483 1833 2759 1895 conclave.
2803 1836 2868 1891 ad
2924 1837 3145 1892 delicias
3189 1839 3433 1907 volupta—

1782 1909 1829 1968 Β
1863 1932 2072 1992 temque
2111 1937 2173 1978 eo
2204 1940 2311 1994 quo
2349 1924 2597 1993 decebat,
2627 1936 2886 1997 apparatu
2940 1928 3283 1983 instructum.
3328 1929 3429 1987 Ubi

160 1999 291 2053 dum
321 2017 509 2059 omnes
536 2022 696 2076 sopor
725 2008 865 2065 altus
888 2020 941 2065 et
973 2027 1074 2066 nox
1107 2012 1372 2083 profunda
1412 2015 1517 2067 late
1547 2014 1737 2069 dill'usa
1781 2023 1950 2082 tenet,
1987 2031 2084 2085 per
2153 2017 2243 2071 illa
2301 2019 2543 2073 consiliis
2592 2022 2705 2075 suis
2749 2034 3051 2093 Opportuna
3096 2022 3308 2077 silentia
3362 2027 3428 2076 ad

159 2090 393 2158 puellam
445 2110 738 2154 conversus
775 2100 1111 2167 adolescens,
1165 2117 1288 2159 eam
1346 2117 1429 2161 est
1482 2106 1533 2161 iu
1594 2108 1736 2161 hunc
1778 2108 1992 2162 modum
2030 2109 2351 2164 allocutus:

233 2184 312 2239 E'.
356 2186 414 2239 Ὀ
473 2188 572 2257 μὲν
623 2191 815 2265 παρὼν
870 2194 1004 2265 βίος,
1062 2191 1107 2251 ὧ
1164 2199 1343 2267 γύναι,
1396 2199 1623 2272 βραχὺς,
1672 2204 1747 2267 ὡς

164 2277 335 2332 πᾶσιν
365 2277 611 2350 εὔδηλον,
654 2283 749 2337 καὶ
780 2286 975 2357 ἀδηλίᾳ
1004 2288 1098 2342 τοῦ
1136 2291 1425 2360 μέλλοντος
1456 2293 1619 2347 πλέον
1654 2312 1745 2347 κε-

162 2370 534 2439 κρατημένος,
568 2374 665 2428 καὶ
696 2376 878 2446 κρίσις
908 2377 1207 2443 ἀδέκαστος
1242 2382 1369 2445 τοὺς
1405 2384 1462 2435 tv
1504 2383 1639 2463 τῷρε
1670 2383 1748 2454 τῷ

162 2454 269 2527 βίῳ
305 2457 615 2525 διαδέξεται
658 2465 1045 2537 εὐθηνοῦντας.
1102 2469 1406 2542 Τοιγαροῦν
1439 2473 1534 2526 καὶ
1578 2454 1616 2527 Ῡὸ
1648 2475 1748 2542 γά-

162 2565 268 2617 μος
298 2551 397 2603 οὐκ
428 2551 738 2626 ἀπόϐλητος
765 2558 918 2630 παρά
944 2560 1062 2632 Θεῷ
1083 2576 1097 2591 ⁶
1129 2562 1243 2615 ἀλλ’
1267 2565 1324 2618 at
1348 2557 1627 2635 φροντίδες
1653 2566 1745 2620 τοῦ

164 2639 308 2709 βίου,
343 2643 654 2700 ἀλλοιοῦσαι
688 2650 779 2703 τὸν
810 2651 994 2706 ἔνθεον
1023 2654 1305 2725 λογισμὸν,
1337 2657 1437 2711 οὐκ
1485 2660 1615 2712 ἑῶσι
1645 2677 1747 2713 κα-

163 2731 352 2802 θαρῶς
389 2736 793 2810 ἀντοφθαλμεῖν
842 2744 977 2813 πρὸς
1017 2744 1084 2797 τὰ
1134 2746 1412 2815 μέλλοντα.
1458 2749 1644 2818 Ἴσμεν
1688 2750 1746 2804 δὲ

160 2825 258 2875 καὶ
303 2826 396 2878 τὸν
447 2829 502 2881 ἐν
534 2831 890 2900 Ευαγγελίοις
932 2836 1202 2907 Λάζαρον,
1258 2838 1345 2891 διὰ
1385 2841 1746 2910 στενοχωρίας

159 2913 267 2983 τῆς
307 2918 518 2973 ἐνθένδε
560 2922 654 2975 τοῦ
707 2925 963 2998 Ἀϐραὰμ
1008 2929 1134 2991 τοὺς
1170 2930 1404 2993 κόλπους
1465 2930 1748 3002 κληρωσά»

161 3021 351 3072 μενον,
407 3014 503 3063 καὶ
535 3013 626 3065 τὸν
677 3017 733 3067 tv
773 3019 966 3089 γεέννῃ
1020 3020 1416 3092 φλογιζόμενον
1467 3026 1743 3092 πλούσιον,

162 3097 305 3167 μηδὲ
331 3100 433 3170 τῆς
466 3104 602 3174 πρὸς
627 3106 788 3161 αὐτὸν
816 3110 910 3162 τοῦ
937 3111 1187 3182 Λαζάρου
1219 3115 1456 3182 ἀφίξεως
1489 3118 1746 3187 ἀξιούμε-

161 3204 286 3252 νον,
341 3194 436 3245 καὶ
492 3198 752 3265 σταγόνος
812 3200 1004 3268 ὕδατος
1056 3206 1458 3276 ἐστερημένον,
1514 3210 1609 3261 καὶ
1663 3212 1740 3275 τὸ,

166 3299 187 3332 ε
258 3286 545 3352 Λπέλασες
583 3291 652 3345 τά
691 3293 871 3361 ἀγαθά
910 3313 1004 3349 σου
1033 3298 1089 3350 ἐν
1115 3300 1177 3369 τῇ
1210 3298 1323 3369 ζωῇ
1361 3318 1478 3367 σου,
1519 3322 1537 3354 ι
1581 3304 1747 3371 ἐγκα-

161 3371 449 3442 λούμενον.
485 3380 592 3434 Καὶ
635 3383 662 3434 ὁ
690 3385 1058 3458 Μακαρισμὸς
1104 3389 1397 3461 ὑπόσχεσιν
1438 3393 1655 3460 ἀγαθῶν
1683 3396 1744 3448 ού

1929 2201 1994 2260 ν.
2059 2204 2306 2260 Praesens
2366 2205 2586 2275 quidem
2642 2208 2773 2273 vita.
2826 2210 3022 2281 conjux
3079 2211 3426 2281 charissima,

1851 2295 2031 2351 brevis
2066 2306 2166 2360 est,
2200 2304 2254 2350 ut
2306 2307 2491 2351 notum
2524 2298 2797 2365 omnibus,
2844 2310 2899 2356 et
2952 2317 3146 2371 magna
3195 2303 3431 2373 plerum-

1851 2400 1957 2454 que
2011 2384 2177 2439 futuri
2221 2386 2605 2444 iucertitudine
2640 2398 2884 2457 tenetur;
2931 2391 3196 2461 judicium
3246 2406 3426 2450 autem

1852 2490 2097 2531 severum
2130 2484 2313 2532 manet
2346 2491 2442 2532 eos
2471 2478 2561 2547 qui
2603 2479 2656 2533 in
2690 2479 2794 2535 hac
2826 2482 2935 2536 vita
2978 2482 3136 2537 bonis
3175 2493 3231 2539 et
3277 2489 3428 2540 volu-

1849 2568 2091 2635 ptatibus
2120 2564 2366 2624 afﬂuunt.
2419 2570 2567 2635 Ideo,
2608 2574 2857 2640 quamvis
2901 2576 3132 2647 conjugii
3164 2594 3291 2633 usus
3323 2581 3427 2634 mi-

1836 2656 1997 2711 ‘uimc
2036 2657 2311 2728 rejiciatur
2343 2675 2371 2714 a
2410 2659 2539 2723 Deo,
2590 2662 2718 2732 ipsa:
2753 2674 2957 2731 tamen,
2988 2683 3109 2737 quas
3160 2684 3285 2725 eum
3331 2688 3428 2727 co-

1852 2748 2112 2803 mitantur
2138 2751 2316 2805 saeculi
2348 2765 2515 2817 curae,
2547 2754 2761 2823 plenam
2807 2757 2993 2813 divino
3039 2762 3231 2829 spiritu
3275 2779 3426 2818 meu—

1852 2844 1957 2892 tem
1990 2851 2254 2895 evacuant
2281 2844 2651 2911 alienamque,
2685 2860 2781 2901 nec
2809 2849 2995 2903 sinunt
3048 2854 3197 2921 puris
3251 2856 3426 2911 oculis

1851 2930 2045 2987 intueri
2080 2932 2278 2987 futura.
2306 2934 2567 2992 Novimus
2592 2937 2861 2995 Lazarum
2899 2943 2950 2996 in
2988 2942 3295 3016 Evangeliis
3330 2965 3426 3017 per

1849 3039 1965 3090 eas,
1994 3041 2129 3097 quas
2158 3026 2243 3081 hic
2275 3028 2524 3084 toleravit
2572 3031 2841 3098 miserias,
2884 3034 2935 3088 in
2967 3035 3201 3092 Abrahae
3245 3040 3425 3094 sinum

1851 3116 2015 3171 fuisse
2066 3118 2333 3186 delatum;
2382 3130 2432 3175 et
2483 3122 2535 3175 in
2582 3124 2825 3192 gebeuna
2886 3127 3166 3182 ardentem
3200 3129 3420 3185 divitem

1851 3222 1916 3261 ne
1948 3208 2047 3263 hoc
2080 3208 2297 3279 quidem
2330 3213 2581 3269 obtinere
2609 3216 2871 3284 potuisse,
2906 3229 2963 3272 ut
3002 3220 3068 3274 ad
3100 3235 3157 3275 se
3184 3222 3420 3278 dimitte-

1833 3293 2000 3351 retur
2035 3298 2272 3359 Lazarus
2307 3320 2319 3355 :
2355 3306 2464 3369 cui,
2500 3320 2622 3358 cum
2670 3308 2834 3361 etiam
2879 3323 3034 3377 aqua:
3072 3320 3221 3381 gutta
3261 3327 3427 3381 nega-

1856 3401 2022 3455 retur,
2051 3393 2179 3447 illud
2215 3392 2485 3452 funestum
2514 3398 2749 3455 insonuit
2780 3418 2792 3453 :
2825 3420 2843 3453 ι
2881 3402 3153 3474 Recepisti
3196 3406 3335 3462 bona
3371 3410 3427 3464 in

158 3470 277 3529 τοῖς
307 3471 365 3522 tv
388 3472 601 3543 πλούτῳ
628 3476 869 3545 κομῶσιν
897 3479 1257 3550 ὑπισχνεῖται,
1286 3483 1419 3537 ἀλλά
1446 3488 1556 3547 τοῖς
1586 3486 1743 3539 κλαύ-

1852 3482 1957 3532 vita
1988 3491 2073 3533 tua
2116 3485 2181 3535 ν.
2216 3503 2235 3536 ι
2271 3484 2457 3554 Neque
2495 3500 2621 3541 vero
2652 3504 2717 3543 ex
2764 3492 3093 3562 evangelicis
3138 3497 3428 3553 beatitudio

161 3577 293 3613 σασι
322 3561 418 3614 νῦν
442 3564 523 3616 ὅτι
552 3567 666 3618 ἐκεῖ
691 3569 1037 3635 γελάσουσιν,
1065 3573 1175 3633 τοῖς
1211 3577 1446 3641 πτωχοῖς
1474 3575 1551 3645 τῷ
1586 3577 1746 3629 πνεύ-

160 3671 325 3721 ματι,
355 3656 466 3717 τοῖς
513 3656 894 3729 δεδιωγμένοις
926 3659 1013 3715 διὰ
1054 3661 1428 3733 δικαιοσύνην,
1459 3668 1570 3727 τοῖς
1606 3669 1745 3719 όνει-

157 3746 470 3815 δεξομένοις
496 3749 581 3803 διά
613 3752 880 3821 Χριστόν
912 3755 1008 3808 καὶ
1040 3757 1187 3823 ἀπαξ
1216 3757 1423 3821 ἁπλῶς,
1455 3758 1617 3829 στενὴ
1650 3762 1743 3814 καὶ

161 3838 502 3911 τεθλιμμένη
533 3844 565 3911 ή
597 3844 770 3916 ὁδὸςή
808 3849 1102 3916 ἀπάγουσα
1151 3850 1229 3912 εἰς
1261 3849 1361 3920 τῆν
1395 3848 1562 3921 ζωὴν,
1603 3850 1743 3904 πλα-

160 3933 283 3983 τεῖα
305 3931 363 3984 δὲ
392 3933 484 3985 καὶ
514 3935 823 4005 εὐρύχωρος
851 3940 883 4007 ή
908 3940 1197 4008 ἀπάγουσα
1221 3943 1299 4003 είς
1320 3941 1417 4009 τὴν
1441 3941 1737 3996 ἀπώλειαν.

160 4024 282 4076 Οὐκ
318 4023 464 4078 ἐστιν
507 4026 599 4080 οὖν
642 4027 772 4081 ἀνευ
827 4028 1061 4097 θλίψεως
1112 4018 1430 4096 ὑπεξελθεῖν
1478 4036 1656 4103 ἡμᾶς·
1692 4036 1741 4087 εί

160 4115 266 4184 μὲν
296 4117 403 4187 γὰρ
432 4118 489 4170 tv
518 4118 654 4190 τῷδε
694 4118 771 4189 τῷ
808 4118 907 4189 βίῳ
938 4122 1289 4191 χαρμονικῶς
1326 4122 1592 4190 διέξομεν,
1628 4124 1742 4176 θλί-

158 4208 256 4275 ψις
289 4210 347 4260 ἐν
378 4210 454 4280 τῷ
494 4211 741 4282 μέλλοντι
787 4213 1090 4281 διαδέξεται
1134 4216 1303 4286 ήμᾶς.
1346 4214 1487 4267 Ἀλλ’
1529 4218 1577 4269 εἰ
1617 4216 1741 4285 βού·

156 4299 267 4364 ).ε.,
300 4301 481 4368 γύναι,
519 4306 715 4377 μικρὸν
754 4307 821 4376 τῇ
858 4305 1018 4375 φύσει
1049 4308 1484 4377 κοινωνήσαντες
1516 4307 1602 4360 διὰ
1642 4308 1740 4378 τὴν

156 4391 255 4443 τοῦ
294 4391 388 4445 σοῦ
443 4396 647 4465 πατρὸς
684 4396 998 4462 αὐθάδειαν,
1045 4398 1351 4469 ἀπάρωμεν
1383 4399 1611 4462 ἑαυτοὺς
1638 4400 1738 4469 τῆς

158 4481 533 4555 βορϐορώδους
567 4487 773 4556 ταύτης
822 4491 916 4540 καὶ
966 4490 1244 4561 συρφετῆς
1292 4492 1589 4559 διαγωγῆς,
1643 4492 1738 4543 καὶ

154 4576 253 4630 τὸν
312 4578 525 4649 μονήρη
581 4577 693 4649 βίον
743 4580 1254 4649 κατασπασώμεθα,
1308 4581 1456 4643 ὅπως
1515 4580 1735 4632 αἰωνίου

154 4670 589 4741 εὖμοιρήσωμεν
619 4670 996 4736 ἀπολαύσεως.

1849 3572 2006 3625 nibus
2042 3570 2143 3623 ulla
2182 3574 2425 3627 continet
2474 3575 2739 3632 bonorum
2790 3583 3205 3649 promissionem
3242 3588 3427 3644 diviti-

1850 3663 1947 3715 bus
1979 3664 2212 3729 factam;
2246 3666 2339 3719 scd
2366 3663 2617 3722 ﬂentibus
2647 3683 2810 3738 nunc,
2836 3673 2959 3741 quia
2988 3673 3112 3730 istic
3137 3678 3424 3749 ridebunt,

1848 3760 1942 3804 aut
1994 3756 2320 3822 pauperibus
2374 3758 2586 3826 Spiritu,
2641 3770 2735 3815 aut
2786 3767 3217 3833 persecutionem
3264 3776 3429 3828 susti-

1848 3843 2107 3897 nentibus
2137 3846 2668 3915 propterjustitiam,
2702 3852 2785 3906 vel
2833 3858 3155 3912 contumelia
3206 3875 3429 3932 propter

1846 3933 2120 3989 Christum
2155 3934 2383 3991 aﬂectis.
2420 3938 2594 4007 Atque
2626 3950 2682 3994 ut
2719 3958 2825 3997 uno
2849 3948 3019 4001 semel
3052 3951 3216 4006 verbo
3247 3954 3429 4010 absol-

1846 4044 1965 4083 vam
1997 4047 2011 4085 :
2053 4049 2071 4082 ι
2109 4032 2348 4102 Augusta
2394 4044 2637 4103 porta~et
2668 4049 2815 4094 arcta
2847 4050 2932 4096 est
2966 4042 3074 4109 via,
3104 4060 3223 4114 qua:
3275 4050 3427 4105 ducit

1846 4121 1911 4173 ad
1940 4122 2104 4176 vitam
2132 4140 2145 4177 :
2181 4123 2285 4178 lata
2335 4138 2461 4180 vero
2490 4138 2542 4181 et
2574 4129 2834 4196 spatiOsa,
2868 4148 2989 4201 quae
3023 4136 3169 4190 ducit
3208 4139 3275 4194 ad
3298 4155 3425 4209 per-

1846 4213 2104 4267 ditionem
2130 4216 2169 4278 ³,
2208 4231 2225 4264 ι
2261 4216 2396 4270 adeo
2430 4228 2486 4271 ut
2535 4220 2871 4289 impossibile
2910 4228 3131 4283 omnino
3161 4230 3232 4282 sit
3266 4232 3424 4288 nobis

1848 4304 2246 4361 tribulationem
2289 4310 2538 4365 evadere.
2582 4308 2639 4365 Si
2681 4327 2915 4384 namque
2969 4317 3020 4385 ip
3061 4318 3165 4375 hac
3200 4322 3307 4377 vita
3333 4323 3426 4391 ju-

1849 4398 2021 4452 cunde
2051 4399 2361 4465 vixerimus,
2398 4401 2453 4455 iu
2498 4401 2676 4457 futura
2713 4420 2809 4460 nos
2853 4409 3128 4464 tribulatio
3161 4414 3419 4483 excipiet.

1847 4488 2211 4561 Quapropter,
2248 4493 2290 4547 si
2342 4494 2537 4562 placet,
2586 4496 2932 4563 charissima,
2982 4504 3304 4571 corporibus
3354 4510 3424 4562 ad

1849 4581 2116 4634 modicum
2149 4592 2359 4648 tempus
2396 4585 2665 4653 conjuncti
2693 4599 2911 4657 propter
2937 4594 3107 4660 patris
3152 4596 3227 4648 tui
3278 4597 3426 4651 inso-

1844 4672 2045 4726 lentem
2077 4672 2358 4741 ferociam,
2389 4677 2755 4735 subducemus
2803 4697 2904 4738 nos
2950 4684 3097 4753 ipsos
3128 4689 3424 4746 salebrosa

156 4763 288 4813 huic
362 4772 525 4832 atque
579 4762 875 4832 inquinat-ae
926 4764 1294 4831 conversioni,
1339 4768 1612 4835 vitamque
1662 4767 2020 4821 monasticam
2092 4767 2505 4839 amplectemur,
2574 4783 2631 4826 ut
2675 4785 2878 4830 aeterna
2931 4770 3424 4850 requie‘perfrua-

152 4868 303 4905 mur.

230 4950 326 5015 εἶ’.
364 4950 427 5001 Τί
457 4946 550 5005 οὖν
582 4951 642 5005 τὸ
669 4951 892 5017 εὐσεϐὲς
914 4952 1171 5022 γύναιον;
1203 4953 1303 5006 οὐκ
1330 4952 1583 5008 ἀνένευσε
1608 4956 1742 5026 πρὸς

1920 4956 2008 5013 Vl.
2044 4958 2182 5024 Quid
2214 4961 2278 5014 ad
2331 4960 2443 5014 haec
2491 4960 2576 5030 pia
2612 4962 2845 5017 mulier?
2879 4981 3005 5021 num
3051 4971 3265 5025 renuit?
3293 4989 3419 5028 num

149 5040 367 5105 ταῦτας
401 5042 501 5094 οὐκ
533 5038 651 5096 εἷπε
674 5045 741 5097 τὰ
773 5045 849 5115 μὴ
876 5044 1185 5116 καθήκοντα
1205 5061 1218 5077 ο
1246 5044 1311 5098 Τί
1340 5047 1399 5099 τὸ
1426 5046 1620 5109 κάλλος
1640 5048 1739 5117 τῆς

150 5133 299 5201 ἐμῆς
340 5133 599 5204 νεότητος
630 5134 1004 5206 ήμαύρωσαςς
1034 5137 1086 5189 τί
1137 5154 1241 5207 μου
1275 5136 1375 5207 τὴν
1408 5139 1577 5209 τύχην
1606 5138 1740 5191 ἀπέ-

151 5225 380 5288 κλεισας
406 5242 421 5291 ;
454 5226 509 5279 τί
538 5228 636 5298 τὴν
665 5230 805 5299 ἐμὴν
828 5230 1003 5301 χαρὰν
1032 5230 1107 5293 είς
1134 5228 1330 5299 θρῆνον
1354 5230 1695 5300 μετήλλαξας
1721 5249 1737 5298 ς

152 5318 218 5369 Εἰ
248 5318 421 5381 οὕτως
452 5321 688 5390 ήρετίσω
721 5321 789 5375 τὰ
827 5322 967 5375 κατά
1007 5322 1222 5387 σαυτὸν,
1263 5324 1364 5376 οὐκ
1397 5319 1447 5375 εἰ
1489 5324 1649 5392 μόνος
1678 5326 1736 5375 tv

149 5412 409 5479 εὐγενέσι
468 5414 759 5483 νεώτερος·
798 5412 903 5466 ἔδει
963 5413 1093 5480 γοῦν
1148 5431 1227 5480 σε,
1280 5415 1386 5486 πρὸ
1428 5416 1522 5467 τοῦ
1554 5414 1732 5485 γάμου

150 5503 556 5574 ἀπαγορεῦσαι,
621 5507 715 5557 καὶ
772 5507 847 5577 μὴ
899 5506 1141 5577 μαρᾶναί
1202 5524 1305 5577 μου
1356 5507 1415 5560 τὸ
1465 5506 1735 5562 ὲιανθσῦν

154 5596 375 5658 καλλος.
413 5596 581 5649 Οὐδὲν
615 5596 860 5651 τοιοῦτον
880 5613 893 5628 ’
922 5596 1060 5651 ἀλλά
1084 5598 1169 5664 τί;
1210 5599 1420 5669 Ὠσπερ
1446 5616 1528 5661 τις
1556 5599 1734 5671 ἀγαθὴ

153 5693 229 5759 γῆ
272 5689 365 5742 τὸν
414 5687 615 5759 σπόρον
664 5688 939 5762 δεξαμένη
986 5689 1254 5760 πολύχουν
1308 5690 1594 5759 βλαστάνει
1644 5693 1734 5746 τὸν

175 5813 204 5852 ³³
259 5828 273 5844 ⁸
304 5822 441 5881 Luc.
474 5841 590 5893 ιιι,
616 5825 710 5881 25.
790 5825 809 5857 ⁸
851 5824 1039 5881 Matth.
1076 5840 1173 5891 vu,
1205 5824 1290 5879 ﬂ.

1844 5050 2044 5120 aliquid
2099 5061 2292 5119 praeter
2342 5054 2590 5107 decorem
2643 5053 2820 5111 locuta
2857 5059 3012 5113 :Cur
3064 5064 3300 5130 speciem
3328 5066 3420 5135 ju-

1846 5143 2087 5196 ventutis
2138 5157 2267 5195 meae
2314 5145 2598 5206 obscuras,
2625 5145 2793 5211 dixit;
2832 5161 3025 5217 meque
3053 5162 3266 5218 sperata
3299 5152 3422 5209 [ριί-

1843 5246 2007 5289 citate
2031 5233 2349 5297 excludeus,
2384 5236 2637 5304 gaudium
2689 5254 2864 5294 meum
2910 5240 2967 5296 iu
3012 5241 3247 5300 lamenta
3287 5263 3421 5303 con-

1840 5326 2049 5382 vertis?
2081 5325 2136 5379 Si
2168 5336 2222 5379 tu
2251 5328 2370 5393 hac,
2405 5343 2522 5397 qua:
2553 5331 2692 5386 dicta
2734 5339 2836 5395 est,
2880 5334 3090 5388 ratione
3130 5338 3288 5393 saluti
3339 5340 3417 5394 tui

1843 5419 2123 5474 consulere
2176 5420 2531 5488 decreveras,
2584 5438 2691 5477 non
2751 5432 2807 5477 tu
2860 5426 3005 5482 solus
3036 5429 3177 5484 inter
3206 5433 3419 5488 nobiles

1844 5511 2246 5567 adolescens'es
2266 5528 2279 5565 :
2302 5514 2587 5581 oportebat
2617 5528 2768 5585 ergo,
2792 5526 3077 5588 antequam
3108 5518 3416 5592 ronjugiutu

1845 5605 2092 5669 iniretur,
2130 5604 2441 5659 renuntiare
2490 5607 2793 5675 sponsioni,
2844 5623 2941 5665 nec
2992 5624 3168 5665 meam
3228 5627 3418 5668 recens

1845 5691 2266 5749 eﬂlorescentem
2347 5694 2826 5762 pulchritudinem,
2907 5700 3052 5757 velut
3120 5703 3416 5760 marcidum
