4212 6440
792 413 855 479 18
2050 415 2333 476 ΗΕΝὸὶὸ
2380 417 2737 480 MARTIUS.
3975 412 4038 475 16

792 535 1035 588 reddere.
1090 526 1228 583 Nihil
1277 530 1468 583 horum
1527 528 1613 584 illa
1672 548 1685 583 :
1744 530 1859 595 sed,
1914 530 2362 597 quemadmodum
2396 541 2437 594 Α

2396 541 2437 594 Α
2471 532 2705 600 καρπὸν,
2732 530 2872 582 οὕτω
2903 529 2994 582 καὶ
3021 527 3080 581 τὸ
3113 530 3305 599 σεμνὸν
3337 530 3554 596 γύναιον
3603 532 3665 596 τῇ
3712 528 3848 599 καλῇ
3894 546 4037 597 παρ--

787 625 926 674 bona
984 632 1125 674 terra
1191 622 1495 689 suscipiens
1566 636 1774 687 semen,
1840 621 2063 675 multum
2134 620 2364 675 fructum

2472 624 2680 677 αινέσει
2752 621 2846 675 τοῦ
2900 622 3149 691 μάκαρος
3188 621 3549 691 στομωθείσα,
3601 622 3850 689 ἀσμένως
3880 622 4040 673 κατέ-

788 704 1031 771 profert,
1091 708 1159 760 ita
1220 707 1545 762 venerabilis
1626 707 1850 775 femina,
1907 710 2122 777 egregia
2180 711 2365 776 sponsi

2470 731 2625 766 νευσε
2682 714 2773 768 καί
2830 731 3023 783 φησιν·
3079 717 3195 767 Οὐκ
3250 713 3497 782 ἀμύητός
3550 714 3685 780 sint,
3731 712 4038 774 γλυκύτατα

788 797 1169 850 adhortatione
1240 798 1516 863 r'oborata,
1587 799 1841 853 alacriter
1916 800 2126 865 annuit,
2207 808 2368 869 atque

2469 808 2619 874 ἄνερ,
2654 807 2758 857 τῶν
2783 805 2943 857 Θείων
2970 806 3455 876 παραγγελμάτων
3481 820 3494 835 ο
3522 807 3612 857 καὶ
3643 805 3751 870 γὰρ
3775 807 3833 854 ἐν
3859 804 4038 867 Εὐαγ-

786 889 1126 951 respondens
1168 900 1182 936 :
1231 882 1383 939 Haud
1432 887 1679 954 equidem
1743 887 2088 953 divinarum,
2153 888 2363 955 inquit,

2469 898 2667 962 γελίοις
2688 899 2713 947 ὸ
2744 898 2931 966 Σωτὴρ
2959 899 3117 966 ἡμῶν
3151 898 3415 967 άριδήλως
3447 896 3572 966 βοᾷ·
3605 916 3619 944 ι
3651 896 3715 945 Εἴ
3742 913 3821 954 τις
3850 894 3909 945 οὺ
3942 910 4040 943 κα-

787 975 975 1043 ignara
1042 990 1162 1029 sum
1229 977 1667 1044 promissionum,
1736 978 2059 1032 suavissime
2129 994 2362 1047 sponse;

2467 988 2710 1056 ταλείψει
2763 992 2995 1057 πατέρα,
3055 990 3149 1040 καί⁸
3194 990 3427 1057 μητέρα,
3490 989 3583 1038 καὶ
3628 990 3886 1049 γυ·.αῖκα,
3947 984 4042 1035 καὶ

789 1067 985 1119 etenim
1033 1066 1316 1121 manifeste
1365 1068 1416 1121 in
1476 1067 1784 1136 Evangeliis
1852 1068 2046 1122 clamat
2111 1068 2363 1122 Salvator

2467 1079 2654 1141 τέκνα,
2687 1080 2779 1129 καὶ
2832 1078 3117 1145 ἀδελφοὺς,
3164 1081 3255 1131 καὶ
3288 1079 3540 1144 ἀδελφὰς,
3582 1078 3674 1128 καὶ
3713 1077 3911 1135 οἰκίας.
3946 1074 4043 1124 καί

790 1167 972 1212 noster
1009 1175 1023 1211 :
1061 1178 1080 1209 ι
1115 1158 1217 1224 Qui
1267 1174 1369 1213 non
1415 1159 1670 1228 relinquit
1709 1170 1914 1229 patrem
1971 1171 2025 1215 et
2056 1172 2278 1219 matrem
2312 1172 2364 1227 et

2473 1172 2699 1240 ἀγροὺς,
2727 1172 2818 1223 καὶ
2838 1173 2943 1240 ἄρῃ
2981 1170 3073 1223 τὸν
3098 1170 3329 1237 σταυρὸν
3347 1172 3531 1227 αὐτοῦ,
3569 1171 3660 1221 καὶ
3683 1165 4042 1231 ἀκολουθήσει

790 1266 1013 1303 uxorem
1059 1260 1112 1303 et
1163 1252 1299 1305 illius
1330 1261 1383 1305 et
1418 1251 1612 1306 fratres
1654 1264 1706 1307 et
1738 1268 1954 1307 sorores
1997 1263 2051 1308 et
2086 1255 2275 1309 domos
2309 1266 2362 1309 et

2477 1281 2588 1331 μοι,
2612 1264 2712 1314 οὐκ
2732 1262 2841 1314 ἔστι
2872 1279 2972 1329 μου
2992 1262 3161 1324 ἄξιος.
3181 1280 3197 1312 ι
3222 1261 3450 1325 Οὐκοῦν,
3472 1262 3519 1312 εί
3537 1259 3735 1328 βούλει,
3764 1258 4042 1326 καθαροὺς

792 1354 972 1409 agros,
1007 1350 1059 1393 et
1098 1341 1237 1394 tollit
1280 1357 1496 1396 crucem
1548 1357 1700 1397 suam
1730 1352 1783 1397 et
1826 1344 2073 1412 sequitur
2118 1360 2223 1406 me,
2258 1360 2363 1399 non

2467 1357 2559 1407 καὶ
2605 1354 2867 1416 ἀσπίλους
2919 1354 3147 1415 ἑαυτοὺς
3192 1356 3629 1421 παραστήσωμεν
3677 1352 3754 1421 τῷ
3801 1348 4042 1419 οὐρανίῳ

787 1442 871 1487 est
897 1449 981 1487 me
1016 1435 1207 1503 dignus
1240 1435 1280 1485 δ.
1336 1433 1452 1488 Jam
1502 1438 1664 1504 igitur
1694 1453 1878 1505 puros,
1909 1438 1953 1493 si
1986 1438 2177 1507 placet,
2208 1449 2366 1507 atque

2468 1447 2684 1515 νυμφίῳ
2717 1446 2959 1515 Χριστῷ,
2993 1447 3291 1516 ἀμώμητον
3326 1448 3416 1498 καὶ
3453 1446 3783 1513 ἁκηλίδωτον
3812 1445 3901 1496 τὸν
3935 1443 4045 1505 ἔξω

790 1521 1219 1592 incoinquinatos
1253 1542 1348 1579 nos
1380 1527 1631 1581 sismmus
1678 1529 1881 1583 caelesti
1937 1529 2168 1598 Sponso,
2199 1532 2361 1585 etiam

2469 1537 2623 1604 ἡμῶν
2658 1538 2947 1606 ἄνθρωπον
2994 1538 3448 1607 διατηρήσαντες.
3500 1536 3563 1587 Τί
3594 1540 3699 1604 γάρ
3749 1534 3956 1604 ὄφελος.
3994 1534 4045 1585 ει

790 1626 1070 1669 externum
1106 1616 1374 1671 hominem
1411 1628 1651 1674 nostrum
1692 1620 2098 1674 immaculatum
2144 1637 2364 1676 conser—

2467 1629 2603 1697 πρὸς
2650 1629 2867 1698 μικρὸν,
2916 1629 2988 1681 ὼς
3023 1628 3180 1697 ἔφης,
3229 1628 3606 1698 συνέ).οωμεν;
3652 1629 3748 1689 Τίς
3793 1628 3848 1679 δὲ
3889 1626 3985 1676 καὶ
4015 1627 4042 1673 ὁ

791 1714 1000 1760 vautes.
1050 1705 1187 1772 Quid
1222 1710 1373 1762 nobis
1426 1711 1709 1777 proveniet
1737 1712 2110 1775 emolumenti,
2149 1714 2192 1767 si
2226 1729 2362 1781 opus

2466 1720 2739 1787 ἐγγυητὴς
2791 1720 2956 1771 ὅτιού
3003 1720 3350 1787 τεκνώσομεν
3384 1722 3441 1770 ἐν
3485 1720 3563 1790 τῷ
3612 1718 3790 1788 μικρῷ
3841 1718 4041 1785 τούτῳ,

789 1803 873 1849 est
904 1806 960 1849 ut
991 1812 1109 1860 nos,
1147 1799 1396 1865 quamvis
1419 1801 1484 1853 ad
1518 1800 1684 1854 breve
1732 1812 1938 1869 tempus
1984 1816 2193 1866 mutuo,
2220 1806 2360 1858 sicut

2468 1812 2561 1861 καὶ
2595 1810 2679 1860 ἵνα
2708 1809 2782 1878 μὴ
2816 1811 3039 1880 γένηται
3080 1813 3210 1878 ἡμῖν
3251 1812 3327 1872 εἰς
3360 1812 3693 1879 πρόσκομμα
3736 1811 3794 1861 τὸ
3819 1808 4045 1876 τεχθένς

790 1886 992 1954 inquis,
1050 1887 1291 1942 fruamur
1354 1890 1641 1959 amplexu?
1697 1892 1829 1956 Quis
1910 1894 2050 1946 enim
2124 1895 2360 1948 futurum
2398 1884 2436 1938 Β

2398 1884 2436 1938 Β
2466 1902 2573 1953 Καὶ
2610 1903 2655 1951 εί
2707 1902 2805 1969 μὲν
2852 1901 3018 1970 ἄρσεν
3063 1904 3171 1969 εἴη,
3217 1903 3414 1971 μερικῄ
3452 1918 3534 1962 τις
3587 1901 3829 1966 ἑκκοπή·
3878 1903 3925 1950 εἰ
3984 1900 4045 1951 δὲ

790 1979 1095 2045 spondcbit,
1138 1984 1279 2047 quod
1342 1982 1392 2031 in
1443 1981 1530 2035 illo
1577 1985 1773 2051 exiguo
1830 1993 2069 2050 tempore
2118 1986 2357 2039 sobolem

2461 1989 2621 2055 θῆλυ,
2657 1992 2879 2045 διπλοῦν
2920 1994 2980 2044 τὸ
3028 1994 3194 2044 κακόν
3219 2009 3232 2022 ο
3268 1993 3425 2063 χρεία
3471 1996 3579 2061 γὰρ
3629 1992 3919 2060 ἀναμεῖναι
3947 1993 4048 2043 καὶ

790 2068 985 2121 facturi
1042 2084 1145 2122 non
1199 2071 1384 2133 simus,
1421 2086 1539 2139 quae
1588 2082 1709 2126 nata
1764 2074 1918 2129 nobis
1976 2076 2361 2143 impedimento

2462 2081 2690 2149 χρόνους
2715 2083 2894 2149 γάμου
2921 2086 3012 2135 καὶ
3032 2082 3227 2150 λοιπῆς
3259 2082 3535 2151 προνοίας.
3567 2083 3673 2134 Καὶ
3690 2083 3748 2133 τὸ
3767 2082 3866 2149 τῆς
3894 2080 4050 2149 ζωῆς

792 2158 897 2212 sit?
927 2171 981 2212 et
1010 2160 1223 2228 quidem
1249 2162 1289 2214 si
1324 2164 1558 2217 mascula
1594 2164 1919 2233 fuerit.pars
1947 2167 2018 2219 illi
2045 2166 2364 2219 facultatum

2464 2172 2639 2232 τέλος,
2669 2171 2742 2233 ώς
2776 2174 2931 2240 ἔφης,
2975 2176 3059 2223 ἐπ’
3091 2174 3290 2242 ἀδήλῳ,
3326 2174 3416 2225 καὶ
3453 2174 3506 2224 αἱ
3546 2173 3637 2225 τοῦ
3673 2172 3787 2239 βίου
3818 2171 4048 2240 stay-15$;

791 2262 845 2303 et
874 2249 1100 2305 affectus
1142 2254 1431 2307 resecanda
1464 2256 1566 2307 erit
1602 2273 1614 2305 :
1648 2257 1690 2307 si
1738 2267 1915 2309 autem
1967 2256 2264 2319 muliebris,
2301 2274 2366 2311 en

2464 2260 2849 2329 ἀναρίθμητοι.
2888 2263 3270 2325 Λανθανόντως
3300 2262 3391 2315 οὖν
3416 2265 3471 2315 ὲν
3504 2263 3694 2330 ἁγνείᾳ
3725 2261 4047 2330 βιωσάντων

793 2342 1065 2407 geminum
1118 2342 1353 2408 malum;
1412 2346 1682 2413 Oportebit
1743 2360 1973 2416 namque
2008 2359 2061 2401 et
2115 2349 2363 2403 idoneam

2467 2349 2644 2416 ἡμῶν,
2684 2349 2741 2403 εὖ
2774 2346 2891 2403 οἶδα
2928 2353 3017 2403 καὶ
3051 2351 3150 2420 τὴν
3185 2351 3341 2421 ἡμῶν
3377 2352 3563 2420 ἔφεσιν
3603 2354 3694 2405 τὸν
3734 2353 3866 2405 Θεὸν
3896 2355 4050 2404 οἱκο-

795 2433 1137 2487 matrimonio
1168 2446 1480 2502 exspectare
1511 2447 1746 2501 aetatem,
1789 2446 1843 2491 et
1870 2438 2131 2507 reliquam
2169 2440 2217 2493 ei
2250 2439 2360 2493 sol-
2472 2441 2725 2509 νομῆσαι.

796 2525 1126 2578 licitudinem
1162 2527 1490 2595 impendere.
1520 2531 1679 2597 Atqui
1714 2530 1832 2582 vita
1863 2530 2004 2594 linis,
2039 2541 2093 2583 ut
2138 2534 2362 2600 ipsemet
2406 2533 2564 2601 paulo
2606 2546 2730 2586 ante
2767 2533 3004 2594 dicebas,
3067 2534 3302 2589 incertus
3341 2544 3445 2599 est,
3481 2546 3531 2591 et
3564 2536 3682 2589 vitm
3730 2535 3889 2605 hujus
3966 2534 4053 2587 in.

796 2616 1155 2670 numerabiles
1178 2619 1540 2687 laquei.Quod
1567 2621 1609 2673 si
1638 2622 1938 2673 castitatem
1962 2623 2098 2675 clam
2133 2622 2369 2678 colentes
2410 2623 2723 2685 vixerimus,
2783 2634 2928 2677 certa
2961 2639 3102 2687 sum,
3165 2628 3487 2682 desiderium
3521 2640 3759 2684 nostrum
3790 2630 3856 2682 ad
3890 2637 4046 2698 opta-

796 2715 909 2760 tum
950 2708 1106 2761 finem
1145 2710 1541 2776 perducendum
1569 2725 1595 2761 a
1626 2711 1751 2762 Deo.

876 2801 974 2854 Vll.
1009 2799 1295 2878 Obstupuit
1329 2804 1392 2852 ad
1426 2810 1530 2853 tam
1567 2815 1882 2869 generosam
1913 2800 2099 2870 puella
2131 2811 2363 2856 tuentem

2546 2803 2617 2856 Z'.
2673 2802 2999 2870 Ἐκπλαγεὶς
3032 2801 3088 2857 δὲ
3142 2805 3167 2856 ὁ
3206 2806 3477 2874 μακάριος
3515 2806 3604 2857 ἐπὶ
3640 2808 3704 2874 τῇ
3740 2805 3841 2871 τῆς
3878 2804 4052 2876 κόρης

798 2891 1142 2949 beatissimus
1164 2892 1400 2959 juvenis,
1429 2893 1769 2961 gratioseqne
1802 2896 2132 2962 respondens
2166 2911 2179 2946 :
2214 2894 2364 2960 Quod

2473 2892 2775 2965 δεξιωτάτῃ
2807 2896 3022 2965 γνώμῃ.
3068 2897 3366 2963 χαριέντως
3398 2895 3528 2964 πρὸς
3560 2896 3730 2965 αὐτὴν
3762 2893 3909 2949 εἶπε’
3937 2898 4053 2949 Κύ-

796 2983 933 3036 utile
979 2980 1159 3044 fuerit,
1204 2982 1398 3050 inquit,
1427 2982 1791 3037 manifestabit
1838 2986 1989 3038 nobis
2027 2984 2187 3038 Deus.
2228 2984 2367 3053 Ergo

2479 2998 2591 3051 ριος
2622 2980 2752 3052 ἡμῖν
2783 2982 3012 3051 δηλώσει
3044 2981 3104 3035 τὸ
3140 2984 3436 3053 συμφέρον.
3474 2983 3549 3035 Δι’
3580 2984 3706 3052 ὅλης
3734 2984 3789 3037 δὲ
3827 2983 3928 3053 τῆς
3958 3002 4052 3037 νυ-

801 3082 964 3127 totam
999 3088 1157 3142 egere
1187 3075 1236 3125 in
1268 3074 1521 3141 precibus
1565 3087 1799 3139 noctem,
1831 3074 1997 3127 Deum
2030 3077 2365 3141 invocantes,
2397 3124 2438 3146 η

2397 3124 2438 3146 η
2476 3073 2601 3137 κτὸς
2628 3075 3082 3145 προσευξάμενοι,
3115 3077 3207 3128 καὶ
3232 3076 3323 3128 τὸν
3346 3075 3476 3127 Θεὸν
3504 3077 3592 3127 ἐπὶ
3610 3075 3685 3143 τῷ
3711 3079 4050 3146 συμφέροντι

800 3177 857 3217 ut
884 3158 983 3220 sibi
1011 3179 1127 3217 eam
1166 3164 1217 3216 iu
1257 3178 1367 3216 rem
1405 3164 1685 3218 consulere
1728 3173 1888 3234 atque
1934 3166 2245 3235 prospicere
2290 3167 2370 3219 di-
2395 3124 2440 3183 ο

2395 3124 2440 3183 C
2473 3124 2776 3238 WPOVOTjrt'hV
2808 3124 2930 3219 acati.r
2948 3168 3225 3235 κηδεμόνα
3269 3124 3745 3235 ἐπικαλεσάμενοι,
3957 3169 4054 3221 αὑ·-

800 3264 1077 3325 guaretur.
1110 3252 1263 3311 Circa
1314 3267 1565 3309 auroram
1614 3271 1744 3311 vero
1785 3257 2029 3326 contigit,
2077 3267 2137 3312 ut
2175 3259 2371 3313 obdor-

2472 3260 2576 3325 γάς
2608 3259 2706 3327 τῆς
2738 3259 2947 3327 ἡμέρας
2989 3257 3183 3327 συνέϐη
3216 3259 3541 3325 ἀφυπνώσαι
3568 3258 3929 3326 ἀμφοτέρους,
3955 3258 4052 3309 καὶ

802 3347 1091 3400 miscerent
1121 3346 1279 3399 ambo
1302 3353 1355 3399 et
1384 3362 1546 3399 unum
1576 3347 1823 3414 idemque
1852 3365 1917 3402 eo
1947 3358 2190 3417 tempore
2221 3366 2369 3405 som-

2474 3350 2532 3402 ἓν
2564 3353 2655 3401 καὶ
2704 3350 2764 3401 τὸ
2807 3349 2937 3400 αὐτὸ
2986 3348 3118 3417 ὄναρ
3177 3349 3489 3417 θεωρῆσαι·
3543 3347 3710 3415 ὁρῶσι
3772 3348 3880 3415 γάρ
3926 3363 4051 3400 τινα

806 3438 952 3488 nimn
1001 3436 1265 3487 viderent.
1305 3433 1566 3486 Viderunt
1618 3446 1796 3489 autem
1844 3435 2128 3503 quemdam
2169 3436 2369 3491 eximio

2472 3441 2687 3511 ὡραίως
2746 3441 3213 3510 ὲξαστράπτοντα,
3277 3440 3410 3509 πρὸς
3464 3440 3662 3501 αὐτοὺς
3719 3439 3920 3508 πραείᾳ
3981 3442 4048 3505 τῆ

800 3524 1091 3595 fulgentem
1129 3524 1340 3588 decore,
1372 3523 1459 3592 qui
1509 3523 1713 3589 placida
1763 3525 1827 3576 ad
1852 3538 1952 3578 eos
1984 3539 2111 3580 voce
2163 3534 2318 3579 utens
2354 3540 2369 3577 :

2475 3535 2623 3600 φωνῇ
2656 3530 2917 3597 λέγοντα·
2954 3532 3155 3598 Κύριος
3187 3532 3214 3583 ὀ
3246 3531 3374 3592 Θεὸς
3406 3532 3499 3602 τὴν
3530 3532 3683 3598 ὑμῶν
3728 3530 4049 3597 προαίρεσιν

801 3618 1088 3680 Dominus,
1148 3614 1339 3684 inquit,
1394 3614 1725 3683 prOpositum
1778 3615 1941 3669 animi
1986 3618 2147 3668 vestri
2200 3619 2370 3669 susci-

2474 3621 2896 3691 ἀποδεξάμενος,
2960 3622 3246 3674 ἀπέστειλέ
3302 3639 3369 3690 με
3428 3625 3727 3690 σφραγῖσαι
3776 3621 3919 3689 ὑμᾶς
3954 3618 4047 3670 τοῦ

766 3768 767 3771 η
804 3708 978 3774 piens,
1005 3706 1148 3760 misit
1175 3720 1278 3769 me,
1316 3716 1373 3759 ut
1405 3709 1674 3772 signarent
1705 3721 1799 3759 vos
1825 3706 1891 3757 ad
1917 3706 2033 3767 hoc,
2060 3714 2115 3757 ut
2140 3706 2369 3765 intactos

2474 3713 2762 3781 ἀκεραίους
2797 3714 2890 3766 καὶ
2949 3714 3286 3781 ἁμωμήτους
3317 3713 3464 3781 αὑτῴ
3520 3712 3887 3780 παραστῆναι.
3940 3711 4048 3761 Καὶ

802 3813 901 3853 vos
921 3800 1264 3865 integrosque
1286 3797 1385 3848 sibi
1408 3795 1693 3850 olferretis.
1712 3794 1773 3848 Et
1796 3796 2052 3850 continuo
2082 3812 2179 3866 per
2203 3807 2369 3850 totum

2476 3805 2925 3868 κατασφραγίσας
2965 3804 3159 3863 αὐτοὺς
3186 3802 3252 3852 δι’
3280 3804 3403 3854 ὅλου
3439 3803 3529 3853 τοῦ
3574 3802 3843 3869 σώματος,
3874 3802 4048 3868 ἄφανο

803 3907 999 3960 corpus
1024 3906 1116 3945 eos
1140 3891 1460 3959 consignans
1480 3903 1543 3943 ex
1568 3889 1739 3944 oculis
1767 3890 1981 3943 evanuit
2009 3889 2366 3944 intuentium:

2474 3910 2564 3955 τος
2618 3893 2853 3957 ἐγένετο.
2905 3892 3351 3956 Ἀφυπνισάντων
3403 3890 3455 3942 δὲ
3498 3892 3697 3952 αὐτῶν,
3734 3898 3822 3942 καὶ
3856 3893 3923 3943 τὰ
3951 3893 4050 3957 τῆς

806 3989 894 4055 qui
930 3984 1049 4037 cum
1082 3983 1442 4051 evigilassent,
1469 3990 1523 4034 et
1547 3994 1665 4048 Quae
1694 3981 1939 4034 viderant
1986 3980 2086 4033 sibi
2140 3980 2368 4032 invicem

2474 3982 2740 4042 ὀπτασίας
2791 3983 3226 4050 ἀπαραλλάκτως
3280 3982 3527 4051 ἀλλήλοις
3584 3983 4044 4051 διηγησαμένων,

806 4079 1007 4143 absque
1040 4077 1143 4126 ulla
1168 4074 1485 4125 diversitate
1517 4080 1862 4133 narrassent;
1890 4071 2012 4122 data
2041 4071 2148 4123 Deo
2178 4070 2367 4137 gloria,

2478 4070 2685 4121 καὶτὸν
2717 4068 2847 4121 Θεὸν
2886 4069 3225 4135 δοξασὰντων
3267 4072 3358 4123 τὸν
3402 4073 3793 4141 εὑρισκόμενον
3848 4073 4047 4141 ῥαδίως

804 4170 893 4235 qui
927 4181 1030 4219 ram
1071 4165 1227 4218 facile
1258 4163 1526 4216 invenitur
1569 4161 1934 4230 quaerentibus
1968 4175 2044 4223 se,
2080 4159 2143 4212 de
2176 4168 2372 4212 caetero

2475 4163 2586 4224 τοῖς
2615 4160 2867 4228 ζητοῦσιν
2908 4164 3088 4225 αὑτὸν,
3130 4166 3186 4213 τὸ
3217 4164 3401 4214 λοιπὸν
3438 4163 3643 4230 διῆγον,
3680 4165 3917 4231 σχήματι
3950 4162 4050 4231 μὲν

805 4262 983 4325 specie
1018 4259 1229 4325 quidem
1260 4266 1316 4309 ut
1341 4255 1612 4323 conjugcs,
1643 4268 1830 4323 reapse
1861 4262 1919 4306 ut
1953 4253 2191 4320 germani
2231 4252 2371 4305 inter

2473 4252 2545 4315 ὡ,
2582 4253 2826 4319 cuiu-(et,
2878 4254 3161 4320 πράγματι
3202 4252 3254 4301 δὲ
3285 4251 3359 4312 ὠς
3403 4252 3634 4315 ἀδελφοί.
3680 4253 3741 4302 Ὢ
3783 4253 3876 4304 τοῦ
3919 4251 4050 4303 θαύ-

806 4363 926 4401 sese
970 4350 1171 4400 vixere.
1230 4347 1272 4399 0
1314 4362 1424 4399 rem
1477 4344 1699 4397 miram!
1761 4343 1914 4396 Novit
1980 4342 2235 4395 Dominus
2279 4344 2369 4409 qui

2480 4345 2677 4410 ματοςί
2708 4342 2886 4407 Ἔγνω
2912 4342 3107 4409 Κύριος
3137 4342 3257 4403 τοὺς
3286 4341 3449 4392 αὑτοῦ
3478 4357 3489 4369 ·
3518 4345 3563 4391 εί
3600 4342 3757 4406 μόνον
3791 4343 4054 4413 ἐξεζήτη-

806 4448 930 4493 sunt
985 4439 1097 4506 ejus
1131 4438 1175 4504 ',
1238 4444 1293 4491 et
1350 4436 1603 4505 quoniam
1658 4434 1829 4489 solum
1885 4434 2050 4488 Deum
2098 4433 2369 4501 exquisie-
2404 4449 2447 4505 ι)

2404 4449 2447 4505 D
2482 4451 2578 4485 σαν
2616 4435 2706 4485 τὸν
2757 4434 2908 4497 Θεὸν,
2946 4433 3109 4495 εὐθὺς
3159 4435 3448 4503 ἐπίκουρος
3496 4433 3678 4494 αὐτοῖς
3712 4436 3805 4486 καὶ
3857 4435 4054 4504 βοηθὸς

806 4540 951 4596 runt,
982 4531 1234 4583 continuo
1284 4528 1574 4581 auxiliator
1629 4537 1790 4593 atque
1824 4524 2035 4593 adjutor
2085 4538 2180 4590 pro
2232 4524 2374 4577 desi-

2480 4525 2611 4595 πρὸς
2660 4525 2758 4593 τὴν
2802 4525 2987 4592 ἔφεσιν
3024 4524 3242 4594 εὑρέθη.
3282 4526 3344 4576 'l‘i
3395 4524 3551 4575 τοῦτο
3607 4525 3698 4575 τοῦ
3742 4527 3879 4578 κατά
3923 4528 4052 4583 τοὺς

805 4624 955 4676 derio
991 4622 1121 4686 ipsis
1156 4622 1403 4671 inventus
1436 4627 1539 4671 est.
1591 4617 1725 4683 Quid
1776 4615 1876 4669 hoc
1928 4613 2150 4669 inferius
2183 4616 2375 4668 couti—

2480 4620 2626 4684 τρείς
2667 4618 2856 4678 παῖδας
2911 4616 3185 4685 Θαύματος
3231 4616 3583 4685 ἀτιμότερον;
3633 4616 3776 4668 Ἑκεῖ
3813 4619 3907 4685 μὲν
3945 4619 4053 4683 γὰρ

806 4715 1011 4773 racnlo,
1042 4688 1180 4780 quod
1218 4709 1359 4762 circa
1418 4718 1527 4760 tres
1570 4722 1763 4775 pueros
1821 4707 1872 4757 itt
1918 4707 2134 4759 fornace
2163 4716 2370 4773 gestum

2481 4706 2708 4770 ἅγγελος
2753 4708 2848 4767 τὴν
2912 4705 3327 4772 συμφλέγουσαν
3366 4704 3539 4773 αὔραν
3596 4705 3687 4757 τοῦ
3743 4706 3912 4775 πυρὸς
3970 4707 4052 4763 εἰς

808 4801 1206 4859 admiramur“?
1250 4800 1374 4853 Istic
1409 4799 1628 4867 angelus
1660 4808 1901 4851 urentem
1931 4796 2198 4849 flammam
2234 4797 2375 4866 ignis

2483 4796 2697 4864 πνεῦμα
2727 4797 2915 4864 δρόσου
2940 4796 3245 4864 διασυρίξον
3272 4796 3608 4867 μεταϐαλὼν.
3640 4799 3894 4860 ἀϐλαϐεῖς
3926 4796 4050 4853 τοὺς

810 4899 859 4947 in
898 4905 1111 4948 ventum
1153 4893 1289 4945 roris
1337 4885 1550 4943 flantem
1597 4898 1954 4949 commutatis,
2002 4887 2197 4943 illaesos
2256 4904 2365 4942 ser-

2486 4890 2676 4950 παῖδας
2733 4888 2959 4940 διέσωσε
2997 4906 3009 4917 ·
3081 4888 3360 4942 κάνταῦθα
3419 4890 3576 4961 πάλιν
3642 4892 3873 4957 ἅγγελος
3945 4890 4046 4957 τὴν

808 4986 955 5038 vavit
986 4984 1103 5037 illos
1136 4999 1150 5034 :
1190 4982 1275 5035 hic
1310 4982 1556 5035 similiter
1587 4979 1807 5048 angelus
1836 4979 2105 5033 concitum
2137 4982 2375 5047 igneum—

2481 4979 2780 5048 ὀξύρροπον
2829 4982 2920 5031 καὶ
2955 4980 3199 5050 φλογώδη
3249 4983 3346 5049 τῆς
3377 4982 3568 5050 ἡδονῆς
3603 4984 3787 5048 ἀκμὴν
3835 4983 3912 5044 εἰς
3950 5000 4052 5033 σου⁸

808 5092 911 5145 que
982 5074 1267 5142 voluptatis
1343 5071 1589 5126 ardorem
1668 5072 1719 5122 in
1780 5086 1954 5124 rorem
2033 5071 2375 5125 continentiae

2483 5070 2754 5139 φροσύνης
2785 5069 2972 5139 δρόσον
3007 5088 3070 5138 με
3085 5070 3481 5142 ταρρυομίιτας,
3510 5066 3709 5130 ἀσινεῖς
3744 5074 3868 5133 τοὺς
3899 5073 4053 5134 νέους

811 5166 1219 5229 transformans,
1268 5178 1492 5232 sponsos
1548 5163 1835 5216 custodivit
1891 5162 2161 5226 innoxios,
2214 5173 2375 5228 atque

2482 5159 2788 5231 διετήρησε,
2848 5163 2941 5213 καὶ
3003 5164 3133 5231 πυρί
3191 5165 3383 5231 χόρτον
3432 5162 3684 5225 ἀϐλαϐῶς
3738 5164 4054 5227 συνδυάζειν

810 5262 985 5329 ignem
1010 5272 1129 5310 eum
1166 5256 1287 5309 feno
1318 5253 1498 5307 docuit
1523 5254 1657 5307 citra
1686 5254 1939 5305 damnum
1972 5253 2319 5321 conjungere.

1197 5271 1287 5309 eno
1318 5253 1498 5307 docuit
1523 5254 1657 5307 citra
1686 5254 1939 5305 damnum
1972 5253 2319 5321 conjungere.
2483 5252 2860 5322 ἐπετήδευσεν.

880 5349 1015 5404 VIII.
1074 5347 1228 5399 Nunc
1287 5346 1542 5415 quoniam
1603 5346 2063 5397 cauvcrsationem
2124 5344 2293 5397 sancti
2346 5360 2375 5397 a

2555 5345 2633 5396 H'.
2680 5346 2830 5396 Ἐπεὶ
2859 5344 3034 5395 τοίνυν
3068 5345 3163 5415 τὴν
3198 5348 3259 5397 ὲκ
3288 5350 3591 5416 γεννήσεως
3641 5346 3731 5398 τοῦ
3778 5346 4051 5416 μακαρίου

808 5438 1092 5493 nativitate
1130 5439 1194 5489 ad
1246 5437 1645 5489 matrimonium
1688 5449 1857 5501 usque
1892 5435 2101 5487 abunde
2139 5434 2377 5488 declara-

2488 5435 2647 5503 μέχρι
2680 5436 2937 5503 συζυγίας
2983 5438 3325 5507 ἀναστροφὴν
3358 5441 3725 5508 ἀποχρώντως
3782 5439 4054 5507 ἐδηλώσα-

809 5528 1008 5589 vimus,
1057 5526 1218 5595 agite,
1266 5525 1479 5579 Christo
1529 5524 1733 5587 dilecti,
1776 5534 1821 5577 et
1870 5537 1933 5577 ex
1989 5526 2376 5579 certaminibus

2486 5544 2603 5596 μεν,
2640 5528 2769 5597 φέρε
2820 5530 2881 5597 δὴ
2916 5528 3098 5583 λοιπὸν
3152 5536 3243 5585 καὶ
3286 5533 3389 5583 τῶν
3443 5532 3607 5585 αὐτοῦ
3655 5533 4052 5599 ἀγωνισμάτων

809 5618 927 5687 ejus
954 5621 1223 5688 specimen
1273 5619 1486 5671 demum
1533 5616 1749 5685 aliquod
1807 5618 2013 5671 auditul
2081 5629 2258 5679 vestro
2312 5620 2376 5674 ad

2487 5622 2718 5690 μερικὴν
2744 5639 2863 5672 τινα
2906 5626 3310 5692 κατηχήσωμεν
3343 5625 3577 5693 ἔμφασιν
3610 5626 3726 5685 ταῖς
3760 5623 4052 5693 ὑμετέραις

878 5778 1050 5836 “Luc.
1082 5796 1189 5846 xw,
1231 5780 1319 5837 9.6.
1403 5780 1421 5808 ⁵
1457 5780 1613 5835 Num.
1653 5796 1758 5846 xw,
1802 5784 1851 5835 5.
1937 5783 1954 5807 ¹¹
1989 5782 2120 5835 Dan.
2175 5798 2253 5846 m,
2294 5779 2378 5834 50.
