4212 6440
161 428 226 496 Π
1353 429 1534 488 VITA
1575 427 1634 486 S.
1680 426 2198 488 THEOPHANIS.
3363 421 3425 484 18

158 542 380 603 ἀκοαῖς,
436 539 798 608 φιλόχριστοι.
851 535 1066 588 Τούτιυν
1100 537 1239 588 οὕτω
1284 537 1403 608 θεία
1445 539 1626 589 νεύσει
1666 539 1745 588 οι-

1854 553 2194 593 commnnem
2241 541 2625 595 admoveamus
2664 538 3097 593 instructionem.
3133 535 3230 590 llis
3260 533 3426 604 igitur

161 629 603 700 κονομηθέντων,
665 630 807 682 κατά
859 628 1056 699 μικρὸν
1113 631 1222 690 τοῖς
1285 628 1600 696 πενομένοις
1655 629 1744 680 τὸν

161 720 403 774 πλοῦτον
445 721 833 788 σκορπίζοντες
866 721 924 770 ἐν
955 717 1422 789 ὑποκεκρυμμὲνῃ
1454 718 1739 786 ὑπολήψει.

165 813 372 882 μᾶλλον
404 813 459 865 δὲ
499 813 564 865 δι’
586 811 780 865 ἀὐτῶν
828 814 1042 874 ἑαυτοῖς
1090 812 1531 882 θησαυρίζοντες,
1564 810 1746 862 λαθεῖν

163 907 245 968 εἰς
275 905 431 968 τέλος
461 907 551 957 τὸν
579 908 672 976 τῆς
709 906 876 975 κόρης
904 905 1005 957 οὐκ
1036 906 1266 975 ἴσχυσαν
1309 904 1543 975 πατέρα,
1573 902 1747 956 δεινόν

164 1015 223 1050 τε
275 998 426 1062 ὄντα,
482 999 577 1051 καὶ
629 999 830 1068 ἀπηνῆ,
888 999 980 1051 καὶ
1033 997 1421 1068 ἀπάνθρωπον,
1484 997 1576 1050 καὶ
1625 997 1746 1048 λίαν

162 1089 531 1158 ἀνελεήμονα.
589 1090 754 1152 Γνοὺς
807 1088 915 1158 γὰρ
955 1087 1054 1158 τὴν
1108 1088 1404 1159 καλλίστην
1453 1089 1562 1141 τῶν
1611 1088 1748 1141 νέων

164 1181 442 1247 ἐμπορίαν
487 1183 513 1232 ὁ
551 1181 918 1248 ταλαίπωρος,
966 1183 1059 1232 καὶ
1099 1181 1404 1250 ἀποτυχίαν
1454 1181 1656 1250 μᾶλλον
1686 1180 1747 1234 τὸ

162 1272 413 1337 γνωσθὲν
447 1273 479 1343 ἢ
513 1272 796 1324 εὐσέϐειαν
845 1273 1214 1342 ἡγησάμενος,
1244 1272 1502 1325 είσελθὼν
1545 1276 1605 1326 ὲν
1635 1276 1749 1336 τοῖς

167 1361 468 1428 βασιλείοις
514 1360 970 1427 προσανατίθεται
1002 1361 1080 1432 τῷ
1128 1361 1340 1431 βασιλεῖ
1381 1364 1607 1416 τοιαῦτα
1645 1364 1749 1434 φή-

166 1468 267 1513 σας
291 1468 305 1482 ο
346 1451 622 1519 Δυστυχῶ,
654 1451 906 1520 βασιλεῦ,
940 1452 1032 1504 ἐπὶ
1062 1451 1138 1519 τῷ
1170 1453 1484 1521 ἀπράγμονι
1513 1453 1748 1523 γαμϐρῷ

168 1557 274 1610 μου
301 1560 315 1574 ο
349 1544 653 1612 σκορπίσας
687 1545 794 1613 γάρ
823 1545 1174 1613 κακιγκάκως
1206 1546 1296 1598 τδν
1328 1547 1462 1600 ἴδιον
1495 1546 1743 1612 πλοῦτον,

165 1634 286 1686 οὐδὲ
316 1635 424 1687 τῶν
452 1636 550 1703 τῆς
594 1635 734 1703 ἐμῆς
767 1636 1036 1706 θυγατρὸς
1068 1637 1319 1704 ἐφείσατο
1363 1639 1706 1709 πραγμάτων
1730 1656 1744 1670 ο

163 1726 264 1792 ’ἤδη
297 1726 407 1796 γὰρ
436 1729 526 1779 καὶ
560 1728 739 1782 αὐτῶν
775 1729 835 1782 τὸ
865 1732 1119 1783 πλεῖστον
1169 1732 1331 1801 μέρος
1361 1733 1616 1802 ὴφάνισε,
1655 1735 1750 1787 καὶ

160 1819 286 1871 οὐδὲ
318 1821 510 1872 τέκνου
540 1819 574 1889 ἡ
604 1821 810 1890 ἐλεεινή
848 1841 950 1890 μου
987 1823 1229 1893 Θυγάτηρ
1258 1825 1504 1890 ἀξιοῦται
1542 1828 1708 1897 γονῆς
1733 1844 1746 1858 ο
1779 1869 1826 1928 Β

171 1905 215 1928 77
276 1927 284 1928 ,
358 1911 398 1928 91
449 1911 470 1928 θ
509 1911 519 1928 ς
592 1914 606 1928 ι
779 1915 787 1928 ι
891 1915 900 1926 ο
1108 1916 1124 1928 ς
1183 1917 1193 1928 ι
1484 1918 1495 1928 ι
1543 1917 1554 1928 ι
1663 1918 1674 1928 ι

163 1905 321 1978 οἶμαι
352 1911 406 1962 δὲ
445 1911 532 1963 διὰ
559 1914 616 1964 τὸ
659 1915 799 1966 κατὰ
831 1915 1010 1967 πάντα
1037 1916 1381 1986 ταλαίπωρον
1413 1918 1505 1970 καί⁵
1531 1917 1751 1987 ἀπράγ-

169 2017 312 2068 μονα
344 1997 514 2065 εἶναι,
556 2003 614 2054 ὃν
647 2006 830 2066 κακῶς
865 2006 1182 2075 ἐγνώρισεν.
1253 2009 1392 2060 Ἀλλ’
1425 2012 1472 2061 εί
1514 2009 1748 2074 κελεύει,

166 2093 326 2159 φησὶ,
364 2092 425 2142 τὸ
453 2095 651 2159 κράτος
689 2111 804 2158 σου,
840 2097 1035 2165 μικρὸν
1079 2097 1371 2150 ἀνανεῦσαι
1415 2100 1478 2152 ἐκ
1510 2101 1606 2168 τῆς
1636 2116 1748 2152 τοι·

164 2188 343 2258 αὐτης
370 2190 645 2258 ῥᾳθυμίας
681 2191 740 2242 τὸ
785 2191 916 2259 ἐμὸν
948 2193 1147 2259 γῆρας,
1184 2192 1372 2246 τοῦτον
1405 2194 1749 2264 ὲκδημοσίοις

167 2279 606 2348 ἀπασγολεῐσθαι
643 2281 934 2350 πράγμασι
961 2284 1150 2352 πόρρω
1171 2300 1274 2337 που
1307 2285 1581 2351 κελεύσοις
1622 2304 1751 2341 στα-

166 2370 357 2439 λῆναι,
386 2373 555 2441 μήπω
595 2375 672 2432 εἰς
701 2370 848 2433 τέλος
880 2376 989 2433 τοῖς
1023 2373 1144 2424 λίαν
1176 2375 1560 2445 ἐστερημένοις
1588 2394 1751 2432 κατα-

169 2463 420 2535 ριθμήσῃ
454 2483 553 2533 μου
590 2465 650 2517 τὸ
681 2464 993 2532 θυγάτριον.
1028 2464 1199 2517 Πόθεν
1222 2465 1330 2535 γάρ
1357 2466 1626 2537 διδαχθεὶς
1651 2469 1750 2538 τὴν

167 2554 619 2626 ἀπονενοημένην
674 2555 880 2623 ταύτην
942 2556 1216 2624 ἐμπορίαν
1261 2556 1361 2610 οὐκ
1409 2558 1748 2629 ἐπίσταμαι·

166 2647 363 2717 ὥσπερ
410 2665 492 2712 τις
541 2649 764 2719 ἀνδριὰς
817 2649 1049 2718 χαλκοῦς
1093 2650 1352 2720 ἀκίνητος
1412 2654 1563 2721 μένει
1617 2655 1752 2725 πρδς

168 2741 363 2811 ἔφεσιν
392 2742 500 2795 τῶν
555 2742 828 2812 τερπνῶν,
864 2744 958 2797 καὶ
1007 2745 1064 2797 τὸ
1113 2744 1177 2812 δὴ
1229 2744 1629 2815 χαλεπώτερον,
1664 2745 1753 2801 οἷα

169 2833 470 2901 συμϐαίνει
509 2835 769 2898 πολλάκις
806 2839 920 2898 τοῖς
953 2837 1276 2905 ἐξεστηκόσι
1310 2837 1400 2890 τὸν
1431 2839 1575 2903 νοῦν,
1615 2841 1754 2908 πρὸς

165 2927 194 2978 ὅ
227 2942 280 2978 τι
315 2927 383 2979 ἂν
414 2927 609 2998 αίτηθῇ
656 2929 714 2981 τὸ
760 2929 1006 2999 ὑπάρχον
1043 2928 1193 2999 αύτῷ
1242 2930 1416 3000 ῥᾷστα
1454 2933 1752 3001 παρασχὼν

167 3020 560 3087 ἀποστερεῖται
609 3020 884 3088 ὁσημέραι
949 3021 1048 3087 τῆς
1090 3021 1296 3086 οίκείας
1325 3023 1605 3092 εύπορίας,
1647 3024 1751 3094 μά-

167 3110 330 3162 λιστα
365 3113 476 3174 τοῖς
502 3111 714 3180 ψευδῶς
763 3113 950 3164 πενίαν
988 3115 1493 3182 προσποιουμένοις,
1533 3115 1666 3186 Ἤδη
1697 3117 1753 3170 δὲ

1849 628 2030 682 divino
2069 639 2197 682 nutu
2233 629 2299 682 ad
2333 644 2455 682 eum
2505 631 2718 684 modum
2768 627 3098 688 constitutis,
3139 642 3260 680 cum
3310 642 3425 679 ma-

1849 737 1980 790 gnos
2032 722 2178 776 brevi
2229 723 2512 776 thesauros
2554 721 2880 791 pauperibus
2925 720 3156 774 latenter
3204 720 3428 774 dividis-

1848 823 1999 875 sent.
2032 824 2125 868 aut
2176 814 2355 881 potius
2387 813 2516 882 ipsis
2562 814 2661 868 sibi
2701 827 2798 880 per
2837 825 3022 865 eorum
3067 825 3259 862 manus
3288 825 3426 863 eon-

1849 905 2142 970 didissent,
2177 905 2339 960 latere
2372 904 2570 958 diutius
2603 903 2791 974 puellas
2815 913 3021 970 patrem
3053 915 3154 955 non
3179 908 3424 970 potuere,

1849 1009 2098 1048 severum
2136 997 2341 1064 utique,
2394 995 2686 1057 immitem,
2723 994 3107 1053 inhumanum,
3141 1000 3303 1057 atque
3360 989 3428 1045 ab

1849 1087 1994 1142 omni
2032 1087 2523 1142 commiserationis
2559 1085 2794 1140 alienum
2826 1084 3044 1138 affectu.
3086 1083 3427 1153 C0gnoscens

1848 1195 1976 1251 ergo
2000 1182 2183 1236 infelix
2214 1196 2354 1245 eam,
2385 1195 2545 1250 quam
2595 1177 2720 1233 novi
2771 1178 2920 1247 nupti
2967 1176 3228 1245 optimam
3275 1174 3430 1227 insti-

1854 1283 2086 1339 tuerant,
2116 1274 2395 1328 mercandi
2449 1273 2614 1336 viam,
2650 1283 2700 1327 et
2759 1271 2902 1341 quod
2950 1276 3277 1338 cognoverat
3325 1280 3430 1319 non

1853 1366 2038 1434 pietati
2074 1368 2370 1437 imputans,
2406 1365 2499 1420 sed
2534 1365 2838 1420 infelicitati
2887 1363 3157 1423 maximae,
3195 1361 3247 1414 in
3283 1360 3432 1426 pala-

1851 1460 1985 1513 tium
2022 1460 2086 1515 ad
2121 1461 2506 1528 imperatorem
2541 1469 2881 1526 progressus;
2919 1455 2990 1508 ita
3027 1454 3168 1505 fatur
3203 1471 3217 1505 :
3250 1448 3294 1503 0
3348 1464 3433 1503 me

1851 1551 2252 1613 calamitosum,
2310 1551 2622 1620 imperator,
2677 1557 2894 1617 propter
2955 1546 3138 1614 generi
3197 1542 3302 1597 mei
3354 1543 3436 1593 in-

1849 1643 2074 1696 ertiam!
2139 1656 2271 1710 opes
2325 1641 2467 1695 enim
2509 1654 2638 1694 suas
2670 1639 2928 1707 pessimis
2968 1638 3275 1704 dilapidans
3320 1645 3433 1689 mo-

1853 1733 1971 1800 dis,
2000 1748 2068 1789 ne
2096 1733 2218 1788 filia:
2267 1735 2484 1802 quidem
2530 1747 2662 1789 meae
2709 1733 3010 1790 substantia
3072 1727 3347 1786 abstinuit.
3381 1731 3434 1779 et

1853 1826 1968 1892 ejus
1997 1825 2286 1880 maximam
2315 1825 2424 1894 iam
2464 1834 2668 1895 partem
2701 1822 3012 1892 disperdidit
3065 1839 3077 1873 :
3136 1819 3230 1873 sed
3258 1831 3434 1888 neque

1856 1919 2148 1976 liberorum
2181 1935 2246 1974 ex
2281 1935 2346 1977 eo
2377 1919 2756 1990 procreatione
2796 1915 2984 1971 infelix
3032 1914 3138 1966 filia
3174 1925 3292 1966 mea
3347 1911 3434 1964 di-

1855 2025 1955 2079 gna
2003 2013 2308 2076 invenitur;
2341 2013 2566 2082 ideoque
2615 2026 2710 2080 per
2766 2008 2949 2063 omnia
3008 2009 3266 2061 miserum
3311 2019 3432 2057 eum

1855 2112 2017 2170 atque
2049 2103 2300 2172 ignavum
2335 2116 2557 2165 censeo,
2589 2117 2747 2170 quem
2778 2101 2960 2154 omine
3005 2099 3160 2164 plane
3197 2096 3433 2149 infausto

1855 2194 2126 2264 cognovit.
2160 2193 2266 2248 Sed
2298 2192 2343 2247 si
2373 2193 2632 2263 maiestas
2676 2201 2766 2246 tua
2819 2198 3046 2253 annuat,
3079 2196 3137 2240 ut
3183 2196 3436 2240 senectas

1857 2303 1976 2344 mea
2031 2287 2099 2342 ab
2155 2286 2420 2355 ejusmodi
2459 2285 2730 2355 paululum
2779 2284 3009 2352 respiret
3063 2291 3116 2334 et
3168 2277 3436 2332 relevetur

1858 2381 2076 2443 inertia,
2113 2379 2298 2450 procul
2327 2393 2449 2435 eum
2494 2376 2710 2446 iubebis
2736 2375 3037 2435 amandari,
3064 2371 3296 2441 publicis
3341 2368 3436 2421 ali-

1856 2475 1977 2530 cubi
2014 2473 2244 2543 negotiis
2290 2479 2627 2536 vacaturum,
2665 2484 2731 2524 ne
2783 2467 2999 2522 demum
3052 2466 3264 2534 penitus
3314 2478 3437 2530 spn-

1855 2565 2000 2619 liatis
2076 2565 2239 2619 filiola
2317 2579 2434 2618 mea
2497 2569 2906 2617 annumeretur.
2979 2558 3234 2627 Equidem
3296 2555 3436 2608 unde

1855 2659 2075 2714 edoctus
2115 2658 2184 2711 sit
2210 2657 2450 2712 insanam
2485 2653 2631 2708 illam
2662 2652 2876 2707 vivendi
2910 2664 3180 2713 normam,
3231 2646 3432 2700 intelli-

1855 2765 1983 2824 gere
2053 2762 2285 2819 nequeo,
2315 2746 2405 2817 qui
2453 2746 2628 2800 instar
2676 2757 2839 2797 arma:
2894 2746 3088 2796 statua
3142 2734 3433 2791 immobilis

1857 2853 2139 2914 permanet
2162 2842 2228 2896 ad
2265 2839 2530 2896 desideria
2565 2837 2938 2906 voluptatum;
2975 2833 3225 2902 quodque
3267 2829 3433 2884 etiam

1857 2935 2140 2990 molestius
2197 2934 2413 2997 accidit,
2466 2932 2610 2986 velut
2669 2929 2923 2983 usuvenit
2976 2941 3141 2994 sape.
3171 2921 3434 2994 quidquid

1857 3027 1924 3081 ab
1954 3026 2112 3082 obvio
2138 3025 2328 3096 quovis
2356 3023 2521 3078 fuerit
2559 3021 2858 3093 postulatus
2885 3019 3141 3074 facillime
3164 3018 3434 3086 pra-beas,

1859 3132 1918 3176 ut
1969 3131 2147 3176 mente
2193 3119 2334 3189 capti
2372 3117 2554 3173 facere
2607 3129 2749 3186 saepe
2797 3113 2996 3178 solent,
3032 3109 3148 3164 suis
3193 3107 3435 3178 quotidie

168 3201 267 3253 καὶ
301 3202 410 3254 τῶν
442 3203 701 3272 κεράμων
726 3203 890 3257 αὑτοῦ
917 3204 1016 3257 οὐκ
1050 3203 1353 3269 ἀνθέξεται,
1379 3207 1427 3258 εί
1459 3206 1532 3276 μὴ
1557 3206 1752 3260 θᾶττον

1855 3215 2101 3286 privatur
2127 3213 2342 3282 Opibus,
2376 3213 2427 3266 in
2461 3225 2556 3265 eos
2600 3209 2834 3263 maxime
2876 3203 3134 3267 liberalis,
3163 3201 3255 3272 qui
3306 3215 3436 3270 pau-

168 3294 337 3363 πενίᾳ
387 3297 780 3364 περιστιχθεὶς,
826 3298 1009 3359 ίκανδς
1050 3299 1274 3368 γένηται
1320 3298 1456 3370 πρὸς
1488 3298 1587 3371 τὴν
1634 3298 1744 3353 τῶν

165 3385 386 3441 οἰκείων
414 3390 760 3459 πραγμάτων
789 3390 1169 3459 ἐπικράτειαν.

143 3719 146 3724 ,
242 3669 322 3721 8‘.
358 3669 466 3719 Καὶ
501 3668 564 3732 δὴ
596 3666 789 3718 θᾶττον
824 3665 1116 3734 κληθέντος
1164 3668 1259 3722 τοῦ
1307 3671 1580 3740 μακαρίου
1616 3673 1752 3744 πρὸς

166 3756 268 3812 τοῦ
301 3756 588 3827 βασιλέως,
639 3757 919 3813 στέλλεται
963 3761 1094 3829 παρ’
1140 3761 1308 3814 αὐτοῦ
1358 3763 1450 3815 ἐπὶ
1497 3765 1565 3816 τά
1613 3766 1752 3836 μέρη

170 3853 417 3916 Κυζίκου
442 3852 578 3921 πρὸς
603 3853 877 3923 δημοσίων
903 3856 1064 3906 τινῶν
1094 3858 1438 3924 πραγμάτων
1463 3858 1750 3928 διοίκησινο

166 3943 236 4013 ἦν
263 3945 372 4016 γὰρ
425 3946 522 3997 καὶ
550 3944 833 4012 βασιλικοῦ
874 3945 1206 4015 ἀξιώματος,
1251 3950 1311 4000 ού
1360 3947 1466 4003 τῶν
1497 3952 1552 4003 ἐν
1584 3953 1750 4018 τέλει,

167 4041 286 4093 ἀλλ’
317 4041 597 4111 ὑπηρέτης
629 4042 735 4094 τῶν
763 4042 1060 4112 βασιλικῶν
1089 4047 1524 4116 κεκοσμημένων
1548 4048 1750 4114 ἵππων,

169 4135 263 4199 οὒς
289 4134 355 4204 δὴ
402 4136 725 4206 στράτωρας
757 4136 944 4190 καλεῖν
991 4140 1021 4206 ἡ
1055 4140 1210 4203 τάξις
1255 4141 1510 4196 εἴθισται.
1546 4143 1751 4197 Τούτου

170 4229 229 4282 δὲ
279 4228 372 4281 τοῦ
427 4233 848 4302 προστάγματος
897 4233 973 4304 τῷ
1036 4236 1294 4306 μακαρίῳ
1342 4238 1608 4304 δοθέντος,
1662 4243 1754 4292 καὶ

170 4323 347 4390 χαρᾶς
389 4322 540 4392 αύτῷ
572 4325 631 4376 ού
655 4322 755 4394 τῆς
787 4325 1057 4395 τυχούσης
1083 4327 1490 4400 περιχυθείσης.
1521 4330 1596 4392 ὡς
1638 4332 1752 4384 ἐτέ-

171 4429 276 4483 ρας
317 4412 571 4484 ἀφορμῆς
603 4416 750 4484 αὐτῷ
774 4418 873 4485 τῆς
900 4422 963 4470 ὲκ
991 4419 1082 4472 τοῦ
1118 4421 1324 4489 κόσμου
1354 4423 1754 4494 ἀναχωρήσεως

169 4505 361 4616 θεόθεν
393 4507 866 4579 οίκονομηθείσης,
917 4512 983 4562 τά
1019 4513 1151 4579 πρὸς
1191 4515 1290 4584 τὴν
1321 4516 1437 4568 ὁδὸν
1471 4521 1753 4588 συντόμως
1785 4559 1832 4616 D

167 4599 507 4668 ηὐτρέπιστο
529 4602 808 4673 ἐπιτήδεια
836 4618 849 4631 ·
875 4602 967 4656 καὶ
991 4604 1261 4674 πρόφασιν
1283 4608 1555 4676 μαλακίας
1583 4630 1750 4682 προσ-

164 4694 563 4764 ποιησάμενος,
638 4698 765 4759 τοὺς
823 4697 920 4765 μὲν
975 4696 1122 4768 αὐτῷ
1170 4698 1616 4771 ὑπηρετήσοντας
1664 4707 1750 4763 διὰ

167 4783 264 4836 τοῦ
295 4783 501 4854 δρόμου
540 4783 866 4853 πεπομφὼς,
901 4786 1061 4850 αὐτὸς
1111 4788 1168 4840 ὲν
1211 4791 1536 4864 ταχυδρόμῳ
1581 4795 1750 4866 πλοίῳ

167 4877 391 4942 ἐπιϐάς,
427 4874 837 4946 καταλαμϐάνει
865 4878 925 4930 τὸ
951 4879 1046 4933 τοῦ
1087 4882 1323 4949 μεγάλου
1361 4886 1606 4956 ποταμοῦ
1631 4889 1749 4942 στό-

243 5012 346 5083 (3')
377 5013 574 5068 Eorum
645 5010 882 5093 scilicet,
923 5029 1073 5093 Δ(ιυοδ
1140 5017 1373 5093 συρτοὺς
1408 5019 1747 5093 ⁸βασιλικοὺς

170 5091 430 5162 haec,“
469 5097 640 5162 αλιι-οδ
665 5089 842 5162 regios
873 5089 935 5137 ad
962 5101 1179 5162 manuni
1215 5089 1485 5162 ducendos
1518 5110 1534 5141 ι
1570 5095 1750 5162 appel-

163 5159 246 5212 lat
275 5154 512 5228 Codinus
542 5153 865 5222 Cumpalata
891 5171 940 5208 ιε.
963 5155 1016 5220 5,
1041 5173 1093 5228 ιι,
1121 5157 1205 5222 Η,
1227 5157 1278 5210 in
1317 5175 1546 5228 quorum
1583 5153 1746 5217 unum

164 5243 295 5297 cuin
347 5225 726 5291 imperatorem
777 5232 1042 5302 stratores‘
1079 5225 1372 5302 levasseni,
1421 5235 1750 5302 sequebatur

169 5296 489 5373 τάφοι-ωτι.
518 5307 780 5373 equorum
808 5296 1146 5373 liiagnificus
1168 5301 1483 5373 _comitatns
1502 5296 1548 5355 ’τ
1575 5305 1752 5373 _Cujus

168 5365 496 5437 instituendi
521 5363 781 5437 originem
803 5362 1042 5437 Codinus
1069 5367 1132 5420 ad
1167 5367 1545 5437 imperatorem
1573 5362 1750 5428 Theo-

167 5433 378 5505 philum
417 5435 601 5505 refert,
635 5435 724 5503 qui
757 5450 878 5487 cum
909 5436 1196 5502 a|iquando
1223 5433 1440 5505 equum,
1482 5445 1565 5494 cui
1613 5445 1747 5497 insi-

167 5503 356 5585 debat.
389 5504 642 5558 cessisset
692 5505 924 5585 titulieri,
973 5521 1101 5585 eum
1154 5518 1210 5562 ut
1246 5503 1292 5561 vi
1330 5520 1535 5578 raptum
1577 5514 1752 5568 vindi-

167 5580 345 5635 canti,
399 5587 572 5646 eoque
611 5581 835 5646 coactus
859 5586 1002 5630 esset
1027 5580 1198 5646 primo
1232 5581 1449 5634 obvium
1485 5595 1748 5638 conscen-

168 5645 324 5707 dere,
354 5645 698 5725 constituerit
727 5655 786 5698 ut
827 5645 882 5698 in
911 5645 1150 5725 __omnem
1191 5659 1443 5725 eventum
1495 5652 1748 5725 deinceps

167 5723 534 5783 sequerentur
564 5717 686 5783 equi
724 5717 1028 5770 sessoribus
1065 5720 1240 5772 vacui.

241 5785 322 5853 (4)
356 5802 374 5836 t
418 5781 726 5866 Stratiorum
753 5799 944 5842 munus
979 5799 1093 5866 erat
1132 5806 1326 5866 equum
1373 5792 1521 5849 freno
1565 5801 1746 5851 tenere

169 5863 224 5911 et
275 5855 661 5911 conscendenti
716 5855 1028 5927 imperatori
1086 5855 1243 5928 opem
1294 5862 1526 5920 ferrem
1576 5867 1645 5923 ita
1695 5872 1745 5922 in

1857 3307 2060 3378 periem
2095 3304 2372 3359 simulant.
2407 3303 2655 3358 Profecto
2693 3315 2760 3354 ne
2795 3299 3100 3367 flglinorum
3129 3293 3347 3364 quidem
3388 3293 3436 3346 ei

1855 3402 2010 3470 copia
2045 3406 2316 3469 suppetet,
2356 3395 2454 3451 nisi
2488 3393 2814 3466 quantocius
2846 3391 2914 3445 ab
2958 3405 3018 3443 ea
3047 3405 3152 3460 qua
3199 3387 3437 3456 cingitur

1855 3495 2036 3565 inopia
2095 3493 2270 3548 factus
2318 3489 2656 3555 prudentior,
2694 3487 2922 3541 idoneus
2974 3485 3066 3538 [lat
3112 3481 3274 3538 rebus
3325 3481 3438 3536 suis

1858 3588 2170 3647 retinendis.

1929 3681 2018 3738 IX.
2067 3680 2208 3751 Ergo
2263 3679 2561 3734 accersitus
2621 3673 2878 3729 continuo
2940 3673 3004 3727 ad
3055 3671 3436 3738 imperatorem

1857 3779 2070 3838 beatus.
2105 3775 2386 3843 ablegatur
2410 3771 2478 3824 ab
2512 3783 2577 3823 eo
2608 3767 2661 3822 in
2695 3774 2878 3834 partes
2909 3761 3230 3833 Cyliccnas,
3261 3758 3441 3826 publi-

1857 3883 2042 3925 corum
2095 3863 2452 3937 quorumdam
2506 3863 2843 3931 negotiorum
2890 3856 3104 3927 gratia:
3142 3864 3259 3908 erat
3291 3852 3435 3906 enim

1860 3961 2019 4027 regia:
2069 3959 2349 4028 dignitatis
2407 3957 2458 4008 in
2513 3955 2655 4015 aula,
2709 3969 2812 4006 non
2865 3959 3046 4008 tamen
3100 3957 3308 4010 eorum,
3345 3946 3436 4015 qui

1857 4052 2156 4123 principem
2179 4049 2356 4104 locum
2391 4047 2530 4116 apud
2563 4059 2687 4098 eum
2714 4039 3160 4104 obtinebant,sed
3194 4037 3440 4091 minister

1857 4158 2118 4213 equorum
2146 4141 2418 4212 regiorum
2455 4131 2964 4208 elegantiorum(3‘)
2990 4133 3130 4186 inter
3151 4144 3268 4195 eos,
3304 4142 3441 4197 quos

1857 4246 2122 4293 stratores
2167 4233 2243 4301 (ι)
2295 4230 2575 4284 consuevit
2618 4228 2751 4281 ordo
2805 4225 2884 4295 (5)
2945 4223 3250 4276 nominare.
3286 4220 3438 4285 Quod

1857 4344 1981 4382 cum
2037 4325 2126 4381 ille
2185 4323 2496 4380 mandatum
2551 4319 2870 4390 accepisset,
2911 4314 3208 4384 latitiaque
3259 4327 3324 4366 ex
3374 4326 3439 4363 eo

1857 4433 2001 4483 esset
2036 4435 2140 4474 non
2176 4418 2381 4488 vulgari
2433 4417 2704 4484 perfusus,
2752 4421 3007 4480 tanquam
3051 4410 3136 4464 cui
3189 4423 3325 4462 nova
3358 4406 3440 4459 di-

1863 4516 2062 4569 \‘ittitus
2087 4511 2378 4566 offerretur
2408 4506 2629 4563 occasio
2659 4505 2840 4559 mundi
2872 4504 3086 4572 penitus
3105 4499 3396 4555 deserendi.
3425 4518 3438 4550 :

1861 4605 2124 4676 quidquid
2161 4602 2226 4656 ad
2260 4601 2360 4655 iter
2384 4584 2754 4655 necessarium
2788 4602 3088 4662 eratquam
3115 4588 3439 4643 brevissime

1860 4697 2161 4767 apparavit,
2197 4692 2560 4762 simulatoque
2601 4687 2931 4744 intlrmitatis
2965 4693 3225 4756 praetextu
3265 4682 3442 4737 famu-

1859 4790 1939 4844 los
1989 4802 2179 4842 omnes
2227 4799 2356 4841 suos
2412 4799 2504 4854 per
2555 4796 2777 4838 cursum
2827 4779 3114 4852 prmmisit,
3146 4781 3262 4846 ipse
3312 4790 3440 4828 vero

1859 4883 2093 4940 celocem
2137 4879 2530 4944 conscendens,
2579 4877 2646 4930 ad
2697 4873 2874 4941 Magni
2921 4872 2996 4940 (6)
3044 4868 3283 4926 tlunnnis
3315 4879 3441 4937 per-

1853 5021 2160 5076 Cedrenum
2190 5017 2354 5078 Goar,
2399 5013 2696 5070 nominatis
2739 5026 2876 5083 quos
2922 5013 3166 5080 sequitur
3198 5013 3437 5064 auctori-

1852 5091 2272 5156 bus.exp|icans
2314 5087 2443 5155 quid
2492 5085 2731 5140 muneris
2783 5083 3007 5156 haberet
3052 5090 3434 5156 protestrator,

1856 5151 2012 5229 quem
2054 5151 2347 5213 stratorem_
2379 5165 2434 5212 et
2481 5156 2722 5229 comitem
2759 5164 2849 5229 _et_
2875 5151 3224 5229 dentesticum
3257 5154 3438 5229 vocari

1857 5223 2265 5298 nonnunquam.
2294 5237 2348 5282 et
2396 5227 2651 5282 senatorii
2677 5223 2886 5298 ordinis
2933 5223 3436 5298 haberi,retdecre-

1859 5313 2044 5382 scente
2066 5295 2321 5382 imperio.
2352 5298 2521 5352 aciem
2558 5310 2699 5382 saepe
2724 5295 2947 5377 duxisse
2973 5295 3232 5382 ostendit.

1931 5373 2007 5443 (5)
2063 5364 2368 5443 ()iiiciorum
2415 5381 2482 5443 ac
2511 5367 2938 5443 ministeriorum
2996 5364 3280 5422 curialium
3338 5383 3435 5423 no.

1849 5437 2179 5497 menelatura
2215 5455 2276 5492 ac
2306 5437 2637 5493 distributio.

1919 5515 1996 5584 (δ)
2030 5511 2376 5584 ΡΙιινὶυεΑίιίο
2429 5506 3000 5584 οιγηιιιειιφκψῖὲέῖε
3036 5525 3061 5558 ²
3111 5507 3429 5584 “suae?”

1846 5575 2137 5638 Ptolemaeo
2167 5588 2221 5634 ct
2245 5575 2536 5636 Plutarcho
2560 5581 2756 5647 (inquit
2787 5579 2838 5631 in
2877 5575 3145 5630 Thesauro
3173 5579 3430 5640 Ortelius)

1849 5654 2179 5724 Rhyndacus
2211 5651 2544 5724 nominatur,
2605 5648 2746 5724 _oiim
2796 5647 2971 5720 Lycus
3018 5649 3215 5724 dictus.
3251 5649 3428 5724 Plinio

1850 5718 2007 5787 tesie,
2070 5734 2120 5775 at
2154 5722 2442 5777 recentiori
2476 5718 2711 5788 nomine-
2746 5727 2804 5772 ut
2838 5718 2919 5772 est
2970 5721 3109 5788 apud
3159 5721 3426 5788 Apollonii

1847 5795 2060 5854 Scholia
2071 5805 2209 5859 stcn,
2242 5792 2534 5860 Μέγιστος,
2563 5787 2831 5844 Maximus
2845 5829 2856 5848 .
