4212 6440
776 413 835 473 i9
2034 414 2316 474 MENSIS
2350 412 2714 472 MARTIUS.
3965 416 4039 478 20

767 526 915 580 venit
948 524 1147 578 ostium
1188 543 1199 577 :
1234 539 1295 579 ac
1346 525 1581 595 denique
1615 527 1663 579 ei
1697 542 1815 595 quae
1842 529 1961 583 istic
2014 537 2098 584 est
2146 527 2347 599 regioni

2458 543 2580 596 μιον
2605 542 2618 556 ο
2652 526 2743 579 καὶ
2767 525 2995 596 πλησίον
3018 526 3202 580 tamen;
3226 525 3326 597 τῆς
3348 525 3559 580 ἐκεῖθεν
3582 541 3873 599 γενομενος
3907 530 4038 599 γῆς,

768 615 1237 685 appropinquans,
1296 618 1589 686 tranquillo
1652 634 1814 675 cursu
1874 623 1977 677 iter
2034 621 2353 678 conﬁciebat

768 723 952 769 suum,
988 706 1203 777 quando
1250 709 1489 763 lustrans
1540 720 1808 781 praerupta
1864 713 1999 780 eius,
2033 714 2125 783 qui
2172 714 2223 767 in
2261 712 2350 767 Si;

770 801 918 867 grina
951 808 1053 864 est,
1088 802 1285 855 montis
1310 800 1514 865 littora,
1543 802 1720 857 divina
1749 806 1978 875 quadam
2005 805 2347 875 providentia

769 888 1018 956 profundi
1073 892 1355 960 cujusdam
1412 893 1690 963 pracipitii
1744 895 1921 950 lucum
1975 898 2202 963 invenit,
2245 895 2342 951 sil-

772 991 1003 1037 vestrem
1033 983 1190 1052 plane
1233 998 1293 1037 ac
1319 999 1715 1051 cavernosuut;
1764 986 1831 1041 ad
1879 1002 2037 1056 quem
2077 1004 2107 1041 e
2138 987 2353 1058 navigio

774 1073 1134 1140 descendens,
1167 1085 1329 1145 atque
1383 1079 1741 1131 exscensione
1797 1077 1959 1145 facta,
1992 1079 2138 1134 solus
2193 1080 2352 1137 taedio

773 1158 989 1219 itineris
1015 1166 1322 1237 compulsus
1350 1168 1501 1232 abiit,
1534 1170 1751 1224 caeteris
1785 1170 1837 1224 in
1889 1172 2011 1225 navi
2055 1173 2348 1241 imperans,

771 1273 892 1311 sese
922 1268 977 1312 ut
1009 1259 1202 1313 ibidem
1235 1260 1399 1329 quieti
1432 1267 1832 1329 exspectarent.

846 1348 910 1403 Χ.
944 1347 1355 1420 Reeoguosccns
1391 1366 1515 1406 vero
1545 1353 1831 1422 diligenter
1861 1354 2057 1420 locum,
2092 1367 2253 1427 atque
2285 1362 2350 1413 ad

775 1441 1196 1497 exercitationes
1224 1442 1447 1509 spiritus
1480 1444 1827 1512 peridoneum
1877 1445 2169 1517 utilemque
2201 1450 2350 1505 inve-

773 1534 917 1591 nisse
978 1533 1215 1602 gavisus,
1266 1535 1317 1587 in
1380 1545 1586 1603 partem
1637 1551 1757 1591 sese
1811 1548 2063 1595 oraturus
2124 1545 2349 1612 recepit,

776 1623 941 1676 Deum
993 1624 1307 1691 deprecans.
1347 1636 1421 1689 ut,
1455 1627 1593 1697 quod
1636 1629 1925 1698 expediens
1978 1643 2122 1686 esset
2162 1633 2212 1686 id
2248 1636 2351 1689 sibi

774 1712 1058 1771 revelaret.
1097 1714 1359 1770 Diuturna
1406 1729 1585 1774 autem
1623 1721 1912 1774 multarunt
1962 1724 2214 1779 horarum
2261 1741 2353 1792 ge—

771 1804 1077 1861 nuﬂexione
1107 1807 1364 1864 deﬁciens
1392 1824 1513 1865 cum
1548 1812 1823 1878 paululum
1860 1814 2174 1879 resedisset,
2206 1817 2349 1869 velut

774 1896 829 1950 in
882 1900 1079 1953 exstasi
1140 1899 1312 1954 factus
1368 1912 1469 1962 εει,
1500 1904 1775 1971 oculisque
1825 1905 2170 1974 vigilantibus
2216 1908 2351 1961 vidit

773 2002 921 2053 eum,
954 1989 1044 2056 qui
1077 1989 1226 2055 prius
1267 1990 1318 2043 in
1359 1991 1596 2047 thalamo
1644 1993 1742 2048 sibi
1774 2006 2124 2063 apparuerat,
2173 1998 2350 2067 splen-

774 2076 1115 2133 didissimum
1157 2080 1358 2148 virum;
1395 2084 1485 2152 qui
1534 2098 1723 2140 manus
1770 2094 2004 2141 extenta:
2062 2089 2229 2157 digito
2271 2091 2352 2145 lo-

774 2187 894 2226 cum
935 2174 1223 2245 designans
1256 2193 1269 2229 :
1307 2177 1452 2233 Tuus
1475 2179 1714 2250 quidem,
1741 2181 1937 2250 inquit,
1993 2198 2167 2243 socer.
2206 2183 2349 2250 ejus-

774 2264 1003 2332 demque
1037 2280 1160 2321 cum
1217 2284 1281 2323 eo
1318 2271 1514 2325 mentis
1555 2271 1850 2339 imperator
1899 2273 2038 2325 intra
2094 2275 2347 2341 exiguum

775 2362 986 2425 tempus
1018 2370 1083 2412 ex
1128 2358 1229 2415 hac
1276 2360 1382 2414 vita
1426 2359 1753 2416 discedent:
1789 2370 1915 2415 tunc
1960 2369 2139 2417 autem
2198 2363 2352 2419 bonis

776 2444 904 2508 tuis.
954 2448 1167 2505 nemine
1196 2464 1254 2505 se
1278 2461 1600 2521 opponente.
1644 2451 1695 2505 in
1732 2467 1994 2523 pauperes
2033 2451 2202 2507 libere
2232 2455 2347 2509 dis-

779 2536 1015 2604 tributis,
1073 2542 1178 2596 huc
1234 2542 1528 2598 adveniens
1580 2554 1853 2614 acceptam
1911 2547 2015 2601 Deo
2058 2547 2220 2602 vitam
2271 2547 2354 2602 in-

777 2629 993 2687 stitues.
1026 2631 1138 2688 Hac
1172 2632 1337 2705 igitur
1369 2636 1704 2707 apparitione
1750 2639 1972 2694 edoctus
2017 2639 2208 2698 beatus
2234 2656 2353 2709 quae

777 2722 844 2778 ad
867 2738 1017 2778 suam
1044 2726 1417 2785 conducebant
1443 2730 1751 2793 utilitatem,
1786 2740 1944 2800 atque
1969 2733 2032 2783 ad
2057 2730 2352 2798 Cyzicenas

775 2824 956 2884 partes
986 2816 1145 2886 paulo
1196 2827 1317 2888 post
1370 2820 1647 2888 appulsus,
1692 2820 1936 2890 injuncto
1987 2819 2087 2875 sibi
2138 2822 2353 2893 negotio

777 2908 938 2977 quam
973 2909 1235 2965 citissime
1282 2909 1551 2977 confecto,
1587 2922 1790 2968 rectum
1825 2912 2348 2987 Constantinopolim

777 3012 997 3055 cursum
1032 3000 1202 3057 tenuit
1234 3021 1246 3058 :
1280 3012 1335 3058 et
1366 3004 1716 3075 quaesitorum
1744 3019 1774 3059 a
1814 3021 1873 3061 se
1906 3020 2197 3076 congruam
2237 3006 2354 3061 red-

778 3090 913 3147 dens
958 3093 1272 3163 imperatori
1319 3095 1608 3161 rationem,
1642 3097 1818 3151 altiori
1868 3098 2029 3153 etiam
2067 3101 2233 3168 gradu
2273 3108 2357 3153 est

2455 617 2859 689 γαληνοδρομίᾳ
2891 618 2990 687 τὴν
3032 616 3261 688 πορείαν
3292 619 3551 684 ἐποιεῖτο,
3599 620 4037 689 καταμανθάνων

2452 710 2519 762 τὰ
2570 711 2896 779 κρημνώδεα
2937 709 3032 763 τοῦ
3081 711 3179 779 τῆς
3222 711 3518 781 Σιγριανῆς
3552 710 3712 781 ὄρους
3762 712 4034 783 παράλια.

2453 804 2611 857 Κατά
2645 800 2737 855 οὖν
2785 801 2935 855 Θείαν
2977 802 3099 855 τινὰ
3133 803 3397 872 πρόνοιαν
3448 803 3859 873 καταλαμϐάνει
3913 808 4039 859 τινὰ

2456 893 2843 963 βαθύκρημνον
2874 894 3102 964 λόχμην,
3134 894 3352 964 ἀλσώδη
3386 912 3443 948 τε
3492 897 3587 949 καὶ
3620 897 3869 967 ἀντρὼδη
3893 914 3906 928 ο
3941 900 4041 951 καὶ

2454 982 2667 1045 ἀποόὰς
2698 985 2753 1034 ἐν
2781 981 2930 1050 αὺτῷ
2962 982 3068 1035 ἀπὸ
3096 981 3189 1034 τοῦ
3222 982 3430 1047 πλοίου,
3460 984 3620 1052 μόνος
3651 987 3716 1052 τῇ
3744 985 4039 1055 δυσχερείᾳ.

2458 1072 2813 1142 βεϐιασμένος
2861 1071 3081 1141 ἀνῆλθε,
3132 1072 3246 1133 τοῖς
3284 1070 3465 1134 ἄλλοις
3507 1073 3805 1143 ἐπιτρέψας
3860 1077 3917 1127 ἐν
3958 1075 4041 1144 τῷ

2457 1164 2627 1234 πλοίῳ
2660 1166 2837 1235 ἡσυχῆ
2867 1164 3074 1235 μένειν.

2528 1347 2584 1401 ι’.
2618 1347 2907 1416 Διαμαθὼν
2955 1347 3011 1400 δέ
3040 1350 3129 1402 τὸν
3178 1350 3342 1402 τόπον
3392 1351 3656 1421 ἀκριϐῶς,
3702 1354 3797 1405 καὶ
3848 1353 4036 1418 ἡσθεὶς

2456 1439 2763 1508 ἐπιτήδειον
2796 1432 2938 1492 εἷναι
2980 1440 3113 1509 πρὸς
3151 1438 3390 1509 ψυχικὴν
3420 1441 3711 1510 ὠφέλειαν,
3738 1442 4041 1512 εὐξάμενος

2454 1532 2507 1583 δὲ
2543 1532 2661 1583 κατ’
2696 1531 2853 1597 ἰδίαν,
2892 1534 2984 1585 καὶ
3024 1533 3115 1584 τὸν
3149 1532 3281 1585 Θεὸν
3321 1533 3382 1586 τδ
3430 1534 3714 1605 συμφέρον
3747 1537 4037 1600 ίκετεύσας

2456 1624 2824 1693 ἀποκαλύψαι,
2851 1623 3148 1694 κεκμηκὼς
3174 1624 3227 1677 δέ
3262 1626 3325 1677 ἐκ
3356 1628 3451 1694 τῆς
3476 1626 3568 1677 ἐπὶ
3598 1626 3857 1686 πλείστας
3886 1626 4039 1696 ὧρας

2458 1717 2764 1787 γενομένης
2796 1718 2886 1769 ὑπ’
2916 1716 3082 1769 αὑτοῦ
3114 1718 3484 1784 γονυκλισίας,
3528 1717 3620 1769 καὶ
3652 1724 3843 1787 μικρὸν
3876 1721 4042 1778 καθε-

2458 1811 2630 1868 σθεὶς.
2668 1810 2741 1871 ὼς
2782 1812 2838 1859 ὲν
2902 1810 3155 1862 ἐκστάσει
3194 1811 3405 1877 γέγονε,
3460 1810 3553 1862 καὶ
3592 1812 3692 1881 ὁρᾷ
3729 1813 4041 1889 γρηγοροῦ-

2459 1920 2542 1953 σιν
2577 1901 2872 1969 ὀφθαλμοῖς
2903 1902 2995 1953 τὸν
3039 1900 3388 1969 προφανέντα
3421 1902 3570 1972 αὐτῷ
3610 1906 3667 1955 ἐν
3694 1905 3758 1971 τῇ
3803 1905 4039 1957 παστάδι

2456 1994 2719 2063 φωτοειδῆ
2747 1992 2939 2061 ἄνδρα,
2968 1993 3067 2062 τὴν
3097 1994 3253 2063 χεῖρα
3294 1993 3667 2060 ἐκτεταμένην
3694 1990 3912 2062 ἔχοντα,
3942 1998 4039 2048 καὶ

2455 2085 2531 2155 τῷ
2566 2084 2815 2153 δακτύλῳ
2844 2083 2933 2137 τὸν
2954 2084 3120 2136 τόπον
3158 2079 3555 2136 ὑποδεικνύντα
3585 2084 3677 2134 καὶ
3703 2084 3838 2153 πρὸς
3872 2085 4040 2138 αὑτὸν

2455 2176 2681 2243 λέγοντα
2708 2193 2719 2204 ·
2762 2176 2821 2228 Ὀ
2857 2174 2954 2245 μέν
2983 2174 3072 2232 σὸς
3098 2172 3388 2244 κηδεστὴς,
3416 2174 3552 2227 ἀλλά
3580 2175 3676 2228 καὶ
3709 2178 3734 2228 ὀ
3766 2175 4042 2244 σύμφρων

2457 2267 2624 2321 αὑτοῦ
2665 2267 2939 2337 βασιλεὺς,
2974 2268 3031 2319 ἐν
3059 2267 3267 2332 ὀλίγαις
3300 2266 3535 2335 ἡμέραις
3561 2265 3671 2317 τῶν
3702 2266 3826 2334 τῇδε
3850 2266 4040 2319 τελευο

2457 2359 2723 2427 τήσαντες
2757 2354 3173 2426 ἀναχωροῦσιν·
3226 2354 3320 2407 καὶ
3365 2354 3553 2408 λοιπὸν
3598 2356 3881 2427 παρρησίᾳ
3926 2359 4045 2419 τοῖς

2460 2448 2778 2518 πενομένοις
2826 2446 2936 2500 τῶν
2976 2447 3330 2517 ὑπαρχόντων
3363 2463 3444 2499 σοι
3478 2447 3577 2516 τὴν
3624 2445 3887 2515 διανομὴν
3920 2464 4047 2500 ποι-

2457 2539 2752 2611 ησάμενος,
2785 2536 3020 2590 ἐνταῦθα
3072 2535 3551 2606 παραγεινάμενος
3590 2533 3707 2603 Θεῷ
3736 2534 4044 2603 εὐαρεστή-

2459 2649 2591 2694 σεις.
2644 2628 2749 2683 Τοῦ
2777 2628 2870 2681 οὖν
2909 2626 3184 2698 μακαρίου
3219 2625 3308 2678 διὰ
3333 2628 3426 2694 τῆς
3462 2624 3759 2694 ἐμφανείας
3794 2624 3861 2677 τὰ
3892 2622 4044 2692 αὐτῷ

2461 2723 2802 2776 συντείνοντα
2850 2720 2988 2791 πρὸς
3015 2718 3286 2787 ὠφέλειαν
3322 2717 3617 2779 συνιέντος,
3656 2716 3749 2769 καὶ
3792 2714 3861 2767 τά
3892 2716 4035 2785 μέρη

2461 2814 2703 2879 Κυζίκου
2744 2811 3167 2878 καταλαϐόντος,
3202 2811 3276 2874 ὡς
3303 2811 3536 2881 τάχιστα
3572 2809 3629 2861 δέ
3660 2809 3719 2860 τὸ
3752 2807 3903 2876 αύτῷ
3942 2824 4039 2858 κε-

2458 2908 2682 2963 λευσθὲν
2735 2902 3179 2977 περατώσαντος,
3229 2902 3414 2956 εὐθεῖά
3445 2918 3529 2964 τις
3581 2901 3927 2969 συνήργησεν
3981 2900 4040 2951 ἐν

2459 2998 3033 3057 Κωνσταντινουπόλει
3075 2993 3457 3065 παλινδρομία.
3487 2993 3597 3047 Καὶ
3623 2992 3687 3062 δὴ
3715 2990 4039 3059 πρεπόντως

2459 3088 2947 3159 ἀπολογησάμενος
2979 3085 3056 3157 τῷ
3100 3084 3310 3155 βασιλεῖ
3336 3082 3466 3155 περὶ
3495 3082 3605 3136 τῶν
3642 3080 3788 3152 αύτῴ
3817 3082 4040 3149 ἐρωτω-

777 3184 844 3237 ab
879 3198 944 3239 eo
972 3184 1293 3252 honoratus,
1325 3197 1484 3257 atque
1510 3188 1647 3242 inter
1682 3188 1989 3259 spatltarios
2014 3188 2088 3259 (7)
2110 3190 2353 3254 allectus,

2465 3182 2663 3251 μένων,
2707 3178 3022 3249 ὑψηλοτέρῳ
3055 3176 3111 3230 δὲ
3166 3174 3360 3245 βαθμῷ
3403 3176 3522 3245 ἦτοι
3562 3174 3669 3228 τῶν
3717 3169 4042 3241 σπαθαρὲων

780 3273 977 3329 ibidem
1013 3276 1212 3332 deinde
1242 3277 1394 3342 vixit,
1439 3293 1560 3333 cum
1585 3294 1783 3349 sponsa
1814 3279 2131 3347 praestolans
2148 3280 2359 3334 exitum

780 3364 1024 3436 uisionis,
1052 3383 1214 3440 quem
1241 3379 1295 3424 et
1321 3370 1666 3433 subsecutum
1703 3373 1854 3429 vidit.

2460 3273 2537 3343 τῷ
2569 3273 2857 3341 καταλόγῳ
2886 3271 2990 3324 ὑπὸ
3018 3267 3113 3320 τοῦ
3150 3267 3413 3336 βασιλέως
3462 3266 3737 3336 τιμηθεὶς,
3765 3264 3915 3331 διῆγε
3946 3262 4042 3315 τὸν

2454 3366 2643 3420 λοιπὸν
2670 3362 2905 3434 (χρόνον)
2942 3360 3269 3433 προσμένων
3302 3359 3371 3412 τά
3397 3358 3497 3428 τῆς
3526 3357 3795 3419 ὀπτασίας
3829 3357 3905 3417 είς
3938 3356 4038 3407 πέ-

2459 3477 2557 3532 ρας
2587 3456 2934 3524 ἐληλακέναι,
2979 3453 3007 3507 ὃ
3032 3455 3127 3509 καλ⁸
3154 3454 3363 3523 γέγονε.

2277 3620 2499 3677 CAPUT
2536 3619 2599 3673 ll.

1535 3761 1863 3828 Theophanis
1890 3761 2239 3813 monachalus
2270 3769 2315 3810 et
2346 3772 2438 3827 pro
2477 3757 2768 3825 imaginum
2812 3755 2957 3806 cultu
2998 3754 3285 3807 certamina

856 3903 946 3959 Xl.
972 3902 1157 3970 Neque
1203 3898 1347 3954 enim
1401 3897 1625 3952 multum
1665 3894 1872 3949 ellluxit
1921 3896 2199 3965 temporis,
2229 3898 2358 3965 quin

784 3996 942 4049 linem
987 4000 1211 4061 uterque
1258 3986 1471 4044 vivendi
1506 3987 1730 4052 faciens,
1769 3987 1982 4057 plenam
2031 3986 2160 4056 ipsis
2194 3986 2359 4039 relin-

780 4095 971 4160 queret
1004 4085 1331 4145 libertatem,
1370 4082 1482 4137 suis
1534 4096 1632 4150 pro
1666 4082 1893 4136 arbitrio
1942 4074 2102 4135 rebus
2135 4080 2354 4145 utendi;

780 4195 917 4253 quas
949 4177 1206 4233 continuo
1260 4173 1402 4227 inter
1456 4186 1717 4240 pauperes
1770 4171 2088 4234 diviserunt,
2138 4168 2355 4222 famulis

779 4273 942 4327 etiam
982 4266 1296 4323 domesticis
1342 4264 1592 4320 libertate
1627 4262 1843 4318 donatis
1874 4282 1884 4316 ί
1914 4262 2018 4333 ipsi
2050 4272 2174 4317 vero
2223 4277 2353 4331 pau-

783 4380 911 4420 noso
944 4361 1119 4417 induti
1160 4360 1349 4415 habitu
1391 4358 1496 4413 sibi
1543 4358 1773 4411 invicem
1821 4355 2161 4420 valedixere;
2197 4359 2356 4410 beato

782 4457 899 4514 viro
944 4456 1227 4513 mulierem
1269 4453 1413 4526 piam
1460 4451 1815 4509 coalirmante
1848 4449 2065 4505 monitis
2100 4448 2351 4503 salutari-

784 4557 903 4617 bus,
966 4559 1025 4604 ut
1071 4547 1251 4602 divina
1302 4548 1619 4601 observaret
1676 4543 1947 4606 mandata,
2007 4540 2350 4611 spiritualem

2534 3894 2636 3946 IA'.
2682 3894 2899 3947 λῐετόύ
2946 3891 3079 3946 πολὺ
3125 3892 3234 3960 γὰρ
3276 3889 3502 3958 ἡμερῶν
3547 3889 3847 3954 διάστημα,
3890 3887 4041 3941 τέλει

2463 3985 2554 4036 τοῦ
2589 3982 2704 4052 βίον
2740 3983 3107 4052 χρησαμένων
3140 3980 3489 4049 ἀμφοτέρων,
3529 3978 3628 4049 ἤδη
3653 3977 3837 4029 λοιπὸν
3866 3978 4040 4041 ἀδεῶς

2464 4079 2531 4131 τὰ
2572 4076 2889 4146 ὑπάρχοντα
2928 4074 3111 4136 αὐτοῖς
3154 4074 3265 4136 τοῖς
3296 4071 3620 4140 πενομένοις
3653 4069 4045 4140 διανενεμηκόο

2463 4186 2574 4233 τες,
2613 4165 2897 4238 ἐλευθερίᾳ
2927 4165 2983 4219 δέ
3017 4166 3139 4229 τοὺς
3176 4165 3393 4227 οἰκέτας
3426 4162 3909 4232 ἀποπεμψάμενοι,
3956 4164 4045 4214 ἐν·

2464 4260 2684 4315 δύονται
2732 4260 2919 4314 λοιπὸν
2969 4258 3187 4330 ρακώδη
3237 4259 3439 4327 ἄμφια,
3502 4258 3594 4310 καὶ
3649 4254 4045 4323 συνταξάμενοι

2463 4353 2747 4422 ἀλλήλοις,
2789 4348 3092 4411 νουθεσίαις
3124 4364 3179 4400 τε
3225 4348 3320 4399 τοῦ
3383 4347 3654 4417 μακαρίου
3704 4345 4061 4413 καταστηρίο,

2467 4425 2655 4507 ξαντος
2676 4443 2775 4513 τὴν
2805 4441 3002 4511 εὐσεϐῆ
3033 4441 3284 4508 γυναῖκα,
3309 4442 3497 4511 τηρεῖν
3525 4440 3621 4501 τὰς
3649 4438 3798 4503 θείας
3821 4438 4045 4502 ἐντολὰς

2466 4537 2559 4591 καὶ
2590 4538 2813 4607 ἀγάπην
2847 4536 3221 4605 πνευματικὴν
3244 4535 3301 4587 ἐν
3329 4537 3438 4597 τοῖς
3467 4531 3693 4603 πλησίον
3718 4532 4040 4603 κεκτῆσθαι,

784 4653 909 4709 erga
942 4637 1245 4709 proximum
1275 4641 1554 4689 exerceret
1592 4632 1937 4695 charitatem,
1976 4629 2205 4683 orationi
2240 4630 2352 4684 sin-

2466 4631 2777 4702 προσευχην
2825 4645 2883 4683 τε
2919 4626 3188 4699 εἰλικρινῆ
3238 4627 3333 4679 καὶ
3378 4625 3752 4697 ἀρέμόαστον,
3792 4628 3886 4678 καὶ
3927 4625 4045 4695 βίον

781 4747 923 4789 serae
983 4740 1147 4798 atque
1217 4723 1619 4796 imperturbata:
1679 4731 1893 4778 vacaret
1969 4735 2067 4791 pro
2128 4721 2355 4789 viribus,

783 4824 949 4877 vitam
984 4818 1538 4891 irreprehensibilem,
1569 4830 1943 4884 summamque
1999 4824 2208 4869 teneret
2254 4815 2355 4868 ltu—

786 4916 1091 4979 militatem,
1144 4912 1306 4983 eique
1356 4910 1411 4966 in
1470 4922 1682 4965 recessu
1735 4906 2005 4964 dicente:
2056 4925 2074 4957 ι
2132 4904 2361 4961 Salvans

783 5006 928 5060 salva
981 5003 1221 5058 animam
1283 5012 1449 5057 tuam.
1495 5017 1515 5052 ι
1564 5000 1643 5055 lta
1678 4999 1751 5053 illi
1809 4998 2059 5055 convictu
2119 5006 2246 5054 sunt
2295 4996 2364 5052 ab

788 5097 1015 5152 invicem
1074 5095 1309 5167 separati
1366 5112 1379 5148 :
1432 5094 1645 5161 qualem
1704 5100 1883 5149 autem
1928 5092 2092 5147 vitam
2145 5092 2363 5147 duxerit

787 5190 1123 5255 pientissima
1176 5189 1264 5242 illa
1319 5186 1514 5242 mulier
1573 5196 1771 5241 norunt
1821 5200 2031 5250 omnes,
2098 5196 2362 5256 quotquot

861 5331 938 5400 (7)
970 5332 1050 5385 Ita
1080 5331 1208 5385 dicti
1258 5346 1288 5385 a
1336 5329 1569 5397 spathis,
1602 5329 1655 5385 id
1687 5337 1771 5383 est
1817 5329 2094 5385 latioribus
2154 5332 2367 5397 gladiis,

789 5417 923 5471 quos
973 5400 1279 5472 gestabant,
1312 5401 1624 5471 imperatori
1678 5401 1743 5455 ad
1788 5403 2084 5472 custodiam
2127 5404 2369 5471 corporis

788 5470 1156 5542 circumpositi
1210 5470 1419 5526 nobiles
1463 5489 1477 5524 :
1512 5487 1739 5542 quorum
1781 5470 2030 5542 praefecti
2082 5481 2369 5542 protospa-

789 5541 949 5623 that-ii
999 5541 1342 5623 nominantur
1428 5552 1505 5623 eL
1533 5541 1710 5612 plures
1770 5541 1936 5623 fuisse
1982 5541 2183 5623 colligit
2226 5543 2369 5623 μου

789 5626 855 5666 cx
888 5611 1164 5666 Eustratio
1212 5610 1265 5665 in
1299 5608 1431 5664 lure
1464 5608 1766 5666 Gr'azcorum
1800 5620 2034 5682 quatuor
2078 5608 2367 5680 simulato-

790 5682 1030 5736 Ininante
1062 5702 1076 5736 :
1108 5696 1175 5764 es
1230 5695 1339 5764 quo
1402 5692 1577 5737 tamen
1635 5696 1740 5764 neu
1778 5692 1934 5764 λιιι-ιο
1968 5694 2131 5764 ‘recte
2178 5685 2365 5764 deduci

790 5765 981 5804 omnes
1028 5751 1336 5818 spatbarios
1387 5751 1810 5820 urotospalharii
1865 5751 2019 5807 titulo
2068 5752 2363 5807 ltonestiori

795 5822 1139 5875 consuevisse
1187 5820 1445 5890 appellari
1485 5838 1498 5874 :
1543 5822 1727 5891 quidni
1762 5822 1904 5877 enim
1956 5824 2218 5892 spathaiii
2253 5839 2366 5878 ma~

2466 4724 2935 4791 ἀκαταίσχυντον,
2989 4725 3083 4773 καὶ
3128 4721 3305 4789 ἄκραν
3366 4717 3715 4783 ταπείνωσιν,
3766 4719 4045 4772 ἀπέλυσεν

2468 4813 2639 4883 αὐτὴν
2668 4815 2726 4864 ἐν
2759 4812 3147 4884 είρήνῃνείπών
3168 4827 3183 4842 ο
3218 4828 3237 4862 ι
3265 4809 3520 4875 Σώζουσα
3545 4809 3684 4874 σῶζε
3716 4810 3813 4881 τὴν
3838 4810 4045 4877 ἑαυτῆς

2465 4906 2665 4978 ψυχήν.
2707 4924 2725 4958 ι
2758 4903 3195 4977 Ἀλλοτριοῦνται
3225 4904 3406 4957 τοίνυν
3452 4904 3549 4971 τῆς
3582 4902 3721 4969 πρὸς
3776 4902 4045 4973 ἀλλήλους

2468 4998 2837 5070 ἀναστροφῆς.
2882 4996 3101 5051 Ὀποῐον
3141 4995 3197 5048 δέ
3235 4996 3347 5065 βίον
3389 4993 3689 5065 ἐξήσκησεν
3736 4996 3768 5065 ἡ
3810 4992 4045 5065 εὐσεϐὴς

2469 5090 2610 5161 αὕτη
2639 5089 2800 5159 γυνὴ,
2837 5089 2988 5141 ῐσασι
3038 5088 3238 5150 πάντες
3275 5088 3322 5139 οί
3354 5086 3451 5157 τὴν
3491 5085 3734 5140 Βιθυνῶν
3766 5085 4046 5148 οἳκοῦντες

2468 5184 2676 5256 χώραν,
2700 5181 2846 5245 ὅπως
2869 5179 3130 5243 ἐκουσίως
3154 5179 3388 5252 ἐπράθη,
3416 5178 3510 5232 καὶ
3532 5178 3781 5249 δουλικὴν
3809 5180 4047 5251 μετῆλθε

2472 5328 2575 5398 jori
2608 5343 2833 5383 numero
2868 5326 3100 5392 fuerint;
3132 5325 3402 5398 quibusin
3436 5325 3707 5379 centurias
3738 5323 4048 5398 distributis

2468 5393 2549 5453 sui
2600 5402 2698 5452 sub
2742 5414 2853 5452 uno
2906 5400 3081 5459 capite
3129 5393 3478 5451 ccnhirinnes
3516 5406 3717 5457 essent,
3751 5393 4043 5462 etiam‘ipsi

2471 5468 2551 5522 vel
2606 5468 2867 5538 spatltarii
2919 5468 3000 5521 vel
3050 5466 3472 5538 protospatltarii
3507 5464 3811 5538 nominati?
3855 5462 4042 5538 quidni

2467 5534 2650 5610 plures
2682 5556 2784 5594 non
2822 5539 2898 5610 ad,
2921 5534 3301 5610 ministerium,
3328 5536 3518 5610 sed_ad
3568 5535 3886 5610 dignitatem
3935 5534 4044 5610 lue-

2471 5602 2574 5665 i'int
2603 5608 3021 5682 protospatliarii
3052 5607 3217 5682 dicti;
3268 5620 3391 5682 cu_m
3424 5606 3507 5682 Itis
3553 5602 3694 5682 saepe
3733 5602 4043 5682 provincias

2466 5672 2807 5736 commissas
2862 5677 3143 5749 legamus?
3181 5686 3250 5749 _ut
3320 5676 3572 5749 Sergi_u_m
3624 5672 3772 5749 illum
3842 5672 4045 5728 Sicilia:

2465 5752 2654 5809 ducem
2689 5754 2786 5807 sub
2817 5745 2991 5805 Leone
3026 5746 3262 5804 Isaurico
3291 5748 3430 5817 apud
3464 5745 3870 5813 Theophanem.
