4212 6440
213 423 291 486 25
1404 416 1582 476 Vl'l‘A
1619 417 1689 475 s.
1725 413 2246 473 THEOPHANIS.
3372 419 3442 477 εδ

211 536 342 601 τὴρ,
393 527 482 584 οἷα
523 531 724 600 πατὴρ,
790 528 886 581 σὺν
939 527 1016 596 τῷ
1063 525 1292 596 τριχί-ίῳ
1342 526 1530 594 ἀμφίῳ
1585 525 1678 577 καὶ
1717 526 1824 593 τῇι

1839 524 2074 580 tdorum
2114 525 2453 582 multitudine
2502 523 2612 592 (l8)
2652 525 2854 590 ;Pater
2901 538 3080 581 autem
3132 540 3369 594 sanctus,
3402 543 3460 584 ut

215 623 555 691 ποιμαντικῇ
591 619 882 690 βακτηρία.
936 617 1311 688 Καθεσθείσης
1353 618 1410 670 δὲ
1456 618 1556 686 τῆς
1597 616 1784 686 τιμίας

220 714 464 778 συνόδου,
499 713 742 778 καίτοιγε
805 712 863 763 ἐν
915 711 1124 764 εὐτελεῖ
1167 711 1518 780 προσχήματι
1551 709 1643 762 τοῦ
1681 726 1785 778 μα-

218 807 409 874 καρίου
453 805 850 872 θεωρουμένου,
881 802 1133 873 εὐσεϐείᾳ
1165 803 1221 856 δὲ
1255 802 1394 870 ὑπὲρ
1425 802 1630 862 πάντας
1661 801 1786 852 ἁποο

223 899 551 961 στίλϐοντος,
585 899 643 950 οὗ
673 897 1123 966 παρελογίσαντο,
1167 896 1281 950 ἀλλ’
1311 893 1617 964 ἐπέτρεψαν
1649 892 1785 960 πρὸς

217 989 320 1053 τὴν
358 986 453 1040 τοῦ
484 987 749 1055 δόγματος
770 986 1132 1056 δημηγορίαν·
1232 1003 1384 1037 εισαν
1409 986 1512 1051 γάρ
1543 981 1787 1051 ἀκριϐῶς

217 1082 312 1131 τὸν
337 1080 487 1142 ἄξιον
509 1080 602 1130 τοῦ
635 1080 947 1148 Πνεῦματος
975 1079 1215 1147 ἐργάτην
1254 1078 1311 1129 '0
1331 1077 1386 1128 δὲ
1415 1075 1481 1128 δι’
1496 1074 1689 1140 ὀλίγων
1721 1074 1789 1126 τά

218 1171 393 1222 πολλὰ
415 1170 768 1239 ῥητορεύσας,
793 1171 884 1222 καὶ
902 1170 988 1222 διὰ
1007 1169 1253 1238 φυσικῶν
1271 1170 1364 1220 καὶ
1378 1166 1665 1238 γραφικῶν
1693 1166 1789 1219 καὶ

216 1260 569 1328 δογματικῶν
626 1258 950 1324 ἀποδείξεων
982 1260 1108 1322 τοὺς
1161 1259 1428 1323 ἀλαζόνας
1467 1257 1563 1310 καί⁹
1584 1255 1792 1324 δυσφή-

222 1371 360 1419 μους
406 1352 808 1423 Εἰκονομάχους
859 1351 1081 1419 ἐλέγξας
1149 1369 1206 1404 τε
1260 1352 1354 1406 καὶ
1411 1348 1791 1419 ἐπιστομίσας,

219 1441 469 1495 ἀπέδωκε
505 1444 597 1494 τὸν
643 1443 849 1511 κόσμον
885 1446 950 1512 τῇ
995 1442 1311 1514 Ἐκκλησία.
1349 1442 1412 1494 Ὢ
1451 1440 1544 1494 τοῦ
1578 1439 1793 1507 Θαύμα·

219 1533 350 1593 τοςῐ
418 1533 469 1585 τί
532 1534 722 1587 τούτου
787 1534 1410 1605 μεγαλοπρεπέστερονς
1481 1535 1668 1601 Ὅμως
1734 1529 1795 1583 τὺ

222 1625 450 1692 Πνεῦμα
481 1626 538 1678 τὸ
560 1626 713 1690 ἆγιον
756 1625 883 1678 ἔνθα
951 1625 1196 1694 βούλεται
1229 1625 1370 1688 πνεῖ,
1407 1624 1500 1677 καὶ
1540 1623 1640 1675 ὃσα
1672 1621 1795 1691 βοὺο

223 1716 395 1769 λεται.
429 1716 647 1769 Τούτων
679 1716 822 1768 οὕτω
874 1715 1259 1779 τελεσθέντων,
1285 1716 1380 1768 καὶ
1407 1715 1514 1768 τῶν
1540 1713 1796 1783 Πατέρων

225 1801 432 1870 ἐντοῖς
467 1809 701 1860 ἑκάστου
735 1807 919 1870 τόποις
953 1806 1487 1876 παλινοστησάντων.
1513 1803 1793 1870 καταλαμ-

226 1901 379 1954 ϐάνει
412 1887 573 1952 πάλιν
620 1902 647 1952 ό
697 1900 965 1969 μακάριος
994 1899 1055 1951 τὸ
1087 1874 1426 1968 παρ’ήαὺτοῦ
1464 1913 1555 1948 ves
1592 1895 1792 1966 ργηθὲν
1822 1874 1867 1934 Β

225 1989 668 2056 οὐρανομίμητον
709 1989 1095 2056 μοναστὴριον.
1134 1989 1345 2054 Ὥσπερ
1370 1987 1477 2054 γάρ
1499 1988 1555 2037 ὲν
1586 1982 1800 2054 οὐρανῷ

223 2076 377 2144 ἣλιος
416 2079 511 2130 σὺν
559 2078 781 2146 ἄστροις
831 2075 1099 2146 δᾳδουχεῖ,
1143 2075 1241 2146 τὴν
1280 2076 1574 2144 σύμπασαν
1628 2090 1799 2126 κατα-

224 2169 467 2232 γλαῖζιυν
507 2168 582 2238 τῷ
639 2168 780 2237 φωτὶ
825 2167 924 2238 τῆς
968 2167 1326 2236 ὲλλάμψεωςο
1374 2166 1464 2218 τὸν
1520 2165 1684 2218 αὑτὸν
1734 2164 1800 2233 δὴ

225 2263 426 2326 τρόπον
458 2262 515 2326 ἐξ
549 2261 716 2331 αὐτῆς
745 2264 772 2313 ὁ
825 2262 1114 2329 μακάριος,
1151 2262 1245 2314 σὺν
1275 2261 1385 2322 τοῖς
1424 2260 1542 2311 κατ’
1574 2257 1801 2327 ἐκλογὴν

225 2352 323 2405 τοῦ
364 2351 686 2422 Πνεῦματος
738 2350 889 2419 αὐτῷ
938 2353 1231 2419 μονασταῖς
1270 2349 1364 2401 καὶ
1412 2350 1802 2418 συνασκηταῖς,

225 2443 324 2513 τὴν
353 2442 678 2512 οἰκουμένην
719 2440 1098 2509 καταυγάζων,
1133 2441 1254 2500 ταῖς
1287 2440 1681 2508 μαρμαρυγαῖς
1707 2439 1803 2504 τῆς

229 2535 521 2602 ίσαγγέλου
562 2533 834 2596 πολιτείας
856 2532 1196 2602 ὲφαίδρυνεν.

301 2627 401 2680 1Ε’.
435 2627 714 2694 Διέλαμπε
752 2627 998 2695 τοίνυνή
1049 2626 1151 2691 τῆς
1192 2624 1503 2696 όρθοδοξίας
1545 2625 1702 2686 ἀκτὶς
1747 2622 1804 2676 ὲν

227 2723 342 2782 τοῖς
378 2718 597 2788 πέρασι.
639 2717 863 2788 Χρόνων
892 2717 950 2770 δὲ
984 2715 1185 2769 ἱκανῶν
1217 2716 1650 2780 διιππασάντων,
1677 2715 1808 2767 ἀνα·

231 2813 432 2878 φύεται
465 2811 606 2864 κατὰ
640 2809 990 2881 συγχώρησιν
1015 2807 1148 2861 Θεοῦ
1178 2808 1204 2859 ό
1229 2806 1517 2877 ὁμώνυμος
1546 2807 1641 2860 τοῦ
1673 2823 1810 2877 προ-

229 2911 395 2976 τέρου
431 2907 605 2970 Λέων,
634 2907 782 2968 ὅστις
809 2903 1084 2975 παρευθὺς
1121 2903 1220 2972 τῆς
1267 2901 1681 2974 ἀναγορεύσεως
1713 2899 1806 2953 αὺ-

228 2998 329 3050 τοῦ
365 3000 463 3060 τὰς
505 2998 696 3066 τιμίας
728 2995 974 3050 καθελὼν
1008 2996 1244 3060 εἰκόνας,
1289 2996 1587 3066 ἠμαύρωσε
1616 2993 1676 3047 τὸ
1712 2993 1810 3063 τῆς

245 3089 572 3160 Ἐκκλησίας
604 3087 820 3150 κάλλος.
855 3086 1167 3156 ἐλυμήνατο
1199 3085 1274 3144 ὥς
1301 3104 1384 3149 τις
1409 3088 1591 3154 μονιὸς
1617 3085 1812 3156 ἄγριος

233 3182 335 3253 τὴν
363 3183 473 3235 τῶν
502 3180 798 3252 όρΘοδόξων
834 3182 1130 3251 ὁμήγυριν,
1163 3181 1255 3234 καὶ
1284 3175 1352 3249 ἦν
1392 3181 1591 3232 οἰκεῖον
1623 3179 1810 3241 αὐτοῖς

235 3275 299 3328 τὸ
331 3276 539 3342 λέγειν·
580 3293 598 3326 ι
646 3275 703 3327 'U
729 3273 881 3338 Θεὸς,
919 3273 1156 3343 ῆλθοσαν
1197 3271 1338 3342 ἔθνη
1363 3274 1440 3335 εἰς
1482 3271 1582 3342 τὴν
1617 3271 1813 3342 κληρο-

236 3366 433 3434 νομίαν
469 3383 586 3431 σου,
631 3385 650 3416 ι
687 3366 782 3418 καὶ
812 3366 879 3417 τὶ
905 3364 1034 3435 ἑξῆς
1057 3380 1074 3398 ο
1106 3364 1232 3428 τοὺς
1255 3365 1362 3435 γὰρ
1398 3363 1498 3436 τῆς
1530 3361 1810 3434 όρθοδόξου

239 3460 480 3521 πίστεως
515 3459 847 3528 ,προμάχους
899 3474 957 3509 τε
1009 3460 1102 3512 καὶ
1154 3459 1506 3528 ὑπερμάχους
1561 3458 1813 3528 Πατέρας

238 3557 466 3617 πολλαῖς
497 3553 704 3616 αἰκίαις
739 3554 832 3606 καὶ
855 3552 1066 3622 exesam
1099 3554 1516 3617 καθυποὸαλὼν,
1545 3551 1816 3620 κακιγκάο

237 3667 353 3712 κως
385 3647 699 3700 ἀπώλεσεψ
737 3649 794 3700 ἑν
826 3641 907 3707 οἷς
956 3646 1049 3699 καὶ
1089 3646 1365 3714 Θεόδωρον
1405 3646 1491 3698 τὸν
1521 3645 1815 3699 ὁσιώτατον

240 3741 547 3810 ἡγούμενον
577 3739 686 3793 τῶν
720 3739 997 3805 Στουδίου,
1022 3738 1317 3806 ἐλέγξαντα
1346 3736 1443 3808 τὴν
1474 3739 1671 3790 τούτου
1706 3754 1814 3806 μα-

242 3833 641 3900 ταιογνωμίαν,
679 3831 945 3904 χρονικῶς
998 3831 1356 3902 αἰκισάμενος
1404 3828 1592 3902 ἑξορίᾳ
1637 3830 1815 3900 παρέ-

241 3922 449 3990 πεμψε.
512 3921 674 3989 Δολίᾳ
721 3922 775 3972 δὲ
827 3920 1021 3992 γνώμῃ
1086 3922 1468 3992 χρησάμενος,
1522 3921 1816 3993 γράμμασι

242 4014 608 4075 Θωπευτικοίς
667 4011 804 4080 πρὸς
860 4013 951 4064 τὸν
1007 4012 1278 4082 μακάριον
1332 4014 1644 4083 Θεοφάνην,
1695 4012 1817 4086 ⁴ᾔτει

244 4122 306 4157 συ
318 4106 680 4174 μφωνήσοντα
703 4103 768 4171 τῇ
793 4100 985 4154 τούτου
1010 4104 1269 4172 κακονοίᾳ
1294 4104 1430 4172 πρὸς
1454 4106 1614 4158 αὐτὸν
1639 4106 1818 4176 ήκειν.

255 4197 316 4251 '0
342 4197 398 4251 ὁὶ
436 4197 707 4269 μακάριος
737 4195 1097 4266 ἀντιγράφοις
1126 4193 1400 4266 ἠμείψατο
1433 4197 1609 4248 τοῖσδε
1639 4214 1653 4228 ο

321 4388 436 4454 ις’.
480 4385 793 4452 Ἐπίγνωθι,
841 4385 1084 4453 βασιλεῦ,
1132 4385 1223 4438 τόν
1267 4401 1350 4438 σοι
1395 4383 1493 4454 τὴν
1543 4383 1822 4454 βασιλείαν

245 4477 638 4551 χαρισάμενον,
686 4475 755 4528 δι’
789 4469 851 4529 οὗ
907 4475 1144 4546 βασιλεῖς
1189 4474 1534 4543 βασιλεύουσι
1589 4477 1683 4531 καὶ
1724 4477 1818 4532 τύ-

1891 629 2013 669 vere
2047 615 2225 679 Pater,
2259 614 2475 668 eiliciuo
2521 616 2683 684 pallio
2718 631 2814 670 suo
2849 633 2909 672 ac
2945 619 3134 672 baculo
3179 623 3455 686 pastorali.

1890 707 2151 762 Czulertlttt
2183 723 2302 760 cum
2337 708 2637 761 veneranda
2685 708 2920 778 synodus
2953 711 3303 776 consedisset,
3349 728 3455 766 non

1894 803 2184 868 despexere
2231 797 2422 852 Patres
2471 799 2658 853 humili
2711 801 2958 868 quamvis
3010 802 3190 855 habitu
3236 818 3462 871 conspe-

1893 903 2036 946 ctum
2085 891 2322 954 Patrem,
2356 906 2475 944 cum
2509 907 2617 958 pra:
2665 893 2917 947 omnibus
2950 895 3146 962 pietate
3178 909 3460 949 coruscas-

1893 993 2009 1049 set;
2059 985 2150 1036 sed
2182 984 2248 1036 ad
2294 983 2605 1036 edicendum
2647 983 2856 1051 publice
2900 985 3222 1041 sententiam
3259 986 3456 1042 invita-

1897 1084 2040 1128 ruut.
2095 1072 2364 1128 Noverunt
2409 1074 2578 1141 enim,
2624 1085 2679 1130 et
2721 1078 2922 1144 optime
2960 1089 3247 1142 noveram,
3297 1095 3457 1146 quam

1895 1171 2086 1241 dignus
2125 1171 2358 1240 Spiritus
2405 1173 2578 1226 sancti
2641 1173 2919 1242 operarius
2970 1183 3132 1229 esset.
3191 1175 3282 1228 ille
3334 1191 3462 1231 vero

1896 1265 2080 1331 paucis
2152 1263 2315 1317 multa
2374 1263 2706 1332 complexus,
2753 1265 3053 1320 rationibus
3118 1281 3181 1320 ex
3244 1279 3461 1330 natura,

1899 1356 2178 1425 Scriptura
2211 1370 2273 1409 ac
2312 1355 2609 1424 disciplina‘
2633 1356 2812 1424 petitis
2845 1359 3118 1423 redarguit
3173 1368 3226 1412 et
3269 1359 3460 1413 obmu-

1901 1458 2109 1502 tescere
2153 1447 2281 1502 fecit
2321 1459 2632 1517 arrogantes
2662 1449 3130 1518 exsecrabilesque
3173 1450 3456 1504 lconoma-

1899 1542 2053 1600 cbos.
2117 1540 2472 1610 Ecclesizrqne
2541 1541 2826 1608 pristinum
2895 1543 3130 1596 restituit
3183 1545 3367 1599 decus.
3421 1546 3465 1598 Ο

1901 1630 2248 1686 miraculum!
2317 1631 2443 1698 quid
2489 1646 2553 1685 eo
2605 1631 2712 1686 dici
2765 1633 3198 1702 magnificentius
3258 1635 3467 1702 potest?

1903 1737 2093 1787 nempe
2114 1723 2280 1790 spirat
2300 1721 2412 1785 ubi,
2440 1732 2492 1776 et
2524 1733 2780 1791 quantum
2810 1725 2926 1776 vult
2961 1725 3193 1791 Spiritus
3226 1735 3464 1780 sanctus.

1901 1811 2105 1878 Quibus
2131 1811 2201 1866 ita
2227 1813 2410 1882 gestis,
2445 1811 2801 1882 Patribusque
2825 1813 2889 1868 ad
2924 1829 3017 1866 sua
3047 1815 3468 1878 revertentibus,

1903 1919 2091 1960 rursus
2115 1919 2169 1957 se
2218 1905 2406 1958 beatus
2448 1905 2654 1972 recepit
2693 1906 2743 1958 in
2791 1905 3172 1962 monasterium
3224 1923 3411 1960 recens
3441 1924 3469 1962 a

1901 2010 1958 2048 se
1992 1993 2295 2058 fundatum,
2337 1995 2544 2064 ipsique
2572 1995 2902 2049 simillimum
2943 1997 3105 2051 caelo.
3136 1996 3207 2052 Ut
3241 2002 3384 2054 enim
3421 2001 3471 2054 in

1901 2086 2038 2139 c'celo
2086 2087 2164 2139 sol
2207 2102 2328 2139 cum
2360 2089 2519 2139 astris
2566 2088 2730 2147 lucet.
2778 2089 2964 2142 Orbem
3015 2091 3325 2143 illuminans
3356 2093 3474 2144 uni-

1904 2192 2119 2230 versum
2151 2176 2526 2232 illustrationis
2561 2193 2675 2250 sua;
2720 2179 3001 2246 splendore
3035 2198 3047 2233 :
3083 2181 3270 2236 eodem
3317 2185 3474 2236 modo

1905 2271 1956 2323 in
1989 2283 2131 2324 terra
2174 2271 2382 2335 beatus,
2417 2287 2538 2324 cum
2565 2272 2677 2324 suis
2706 2272 2756 2324 in
2786 2272 2974 2336 spiritu
3011 2274 3236 2328 delectis
3283 2290 3474 2327 mona-

1903 2364 2041 2426 ClllS,
2075 2373 2128 2416 et
2163 2363 2210 2415 in
2245 2374 2434 2416 sancto
2467 2378 2637 2430 agone
2673 2363 2968 2427 sodalibus,
2992 2366 3087 2418 toti
3124 2367 3472 2432 resplendens

1905 2457 2045 2521 orbi,
2088 2471 2209 2511 eum
2261 2454 2516 2525 angelica:
2561 2469 2668 2508 sum
2705 2457 3131 2513 conversationis
3175 2457 3476 2529 fulgoribus

1907 2550 2230 2603 illustrabat.

1983 2641 2092 2695 KV.
2133 2638 2576 2696 Dill’ttudebantttr
2612 2639 2774 2708 igitur
2817 2655 3246 2710 quaquaversum
3285 2645 3476 2696 ortho-

1909 2738 2081 2792 doxize
2140 2735 2463 2801 radii:post
2539 2748 2801 2787 annorum
2878 2750 3008 2789 vcro
3079 2735 3474 2802 aliquantorum

1908 2829 2192 2882 decursum
2220 2826 2397 2878 divina
2430 2825 2787 2893 permissione
2816 2828 3050 2880 surrexit
3085 2828 3245 2896 priori
3284 2843 3482 2896 cogno-

1912 2921 2072 2974 minis
2119 2916 2248 2983 Leo,
2277 2917 2369 2987 qui
2418 2918 2602 2970 statim
2647 2927 2703 2970 ut
2734 2918 3040 2975 declaratus
3065 2933 3144 2975 est
3171 2923 3482 2989 imperator,

1913 3026 2100 3067 sacras
2127 3009 2388 3080 imagines
2419 3010 2658 3064 subverti
2706 3013 3046 3080 praecipiens,
3085 3015 3338 3068 Ecclesia:
3367 3013 3486 3080 pul-

1913 3103 2279 3158 chritudinem
2343 3102 2624 3168 exsﬁnxit,
2684 3117 2738 3160 et
2813 3115 3067 3173 tanquam
3156 3105 3300 3159 [erus
3358 3121 3488 3175 aper

1839 3227 1880 3285 ο
1919 3195 2106 3254 alnixit
2162 3203 2359 3249 cretum
2415 3193 2865 3262 brtbodoxorum,
2923 3199 3119 3267 quibus
3175 3214 3297 3253 vere
3359 3209 3487 3253 tunc

1916 3289 2094 3342 dicere
2149 3286 2342 3342 licebat
2376 3303 2391 3340 :
2433 3306 2450 3337 ι
2480 3289 2643 3349 Deus,
2692 3298 2957 3342 venerunt
3001 3300 3188 3357 gentes
3229 3289 3280 3342 in
3312 3291 3486 3347 luere-

1915 3377 2134 3432 ditatem
2168 3385 2315 3431 tuam
2341 3377 2384 3440 ⁸,
2431 3397 2450 3428 ι
2487 3387 2539 3430 ει
2569 3392 2630 3431 ea
2659 3391 2780 3446 qum
2805 3390 3127 3447 sequuntur.
3157 3376 3488 3434 Ortliodoxre

1915 3470 2056 3524 enim
2127 3467 2250 3523 fidei
2317 3468 2625 3524 deiensores
2696 3479 3239 3541 propugnatoresque
3302 3473 3488 3526 Patres

1918 3558 2052 3612 mala
2091 3569 2265 3612 morte
2303 3559 2537 3622 sustulit,
2570 3561 2750 3613 niultis
2778 3575 2872 3614 eos
2906 3562 3216 3616 verberibus
3263 3579 3487 3634 pressu-

1919 3658 2099 3719 risque
2132 3649 2443 3720 subjiciens,
2475 3651 2526 3702 in
2557 3651 2752 3717 quibus
2781 3661 2834 3704 et
2879 3649 3223 3706 Theodorum
3259 3659 3492 3710 sanctis-

1918 3743 2114 3798 simum
2167 3741 2341 3797 Studii
2375 3742 2874 3803 arcltimandritaru,
2920 3744 3063 3812 quod
3113 3747 3338 3800 stultum
3375 3747 3492 3814 ejus

1918 3837 2155 3891 edictum
2196 3836 2493 3897 damnaret,
2539 3843 2658 3902 post
2704 3832 3016 3888 diuturnam
3065 3837 3406 3890 vexationem
3438 3838 3490 3891 in

1918 3927 2167 3982 exsilium
2185 3924 2388 3992 expulit
2413 3941 2425 3976 :
2447 3922 2788 3975 iramlulcnto
2805 3939 2933 3976 vero
2951 3927 3131 3978 animo
3157 3929 3220 3977 ad
3239 3927 3295 3978 Β.
3317 3926 3492 3982 ΤΙιεο-

1920 4015 2148 4086 phanem
2209 4014 2432 4068 blandas
2492 4011 2780 4066 destinavit
2843 4011 3313 4080 litteras,quibus
3366 4029 3490 4069 eum

1925 4109 2164 4180 rogabat,
2201 4119 2258 4161 ut
2283 4107 2528 4176 pessimae
2564 4118 2674 4158 sua:
2710 4103 3055 4159 subscribens
3093 4106 3397 4169 sententias,
3426 4107 3492 4161 ad

1923 4217 1980 4255 se
2007 4201 2265 4252 accedere
2324 4214 2389 4252 ne
2439 4208 2776 4265 gravaretur.
2813 4195 2892 4247 Ad
2928 4211 3062 4264 quas
3120 4197 3207 4250 ille
3253 4200 3305 4251 iu
3355 4202 3496 4256 hanc

1924 4289 2152 4345 formam
2181 4288 2464 4359 rescripsit
2491 4306 2506 4342 :

1993 4383 2132 4440 XVI.
2165 4381 2413 4451 Noveris,
2447 4383 2760 4450 imperator,
2807 4398 2929 4438 eum
2957 4384 3044 4452 qui
3084 4384 3177 4437 tibi
3212 4384 3495 4454 imperium

1927 4479 2154 4548 largitus
2205 4486 2310 4541 est,
2359 4490 2454 4545 per
2498 4489 2657 4544 quem
2715 4489 2868 4542 reges
2906 4485 3155 4544 regnant,
3193 4486 3248 4530 et
3281 4478 3495 4545 tyranni

248 4589 437 4644 ραννοι
488 4567 753 4638 κρατοῦσι
800 4568 929 4638 γῆς,
978 4569 1054 4631 ὡς
1086 4567 1218 4629 Θεὸς
1255 4566 1330 4620 ὢν
1383 4570 1820 4641 ἀπερίγραπτος,

1858 4583 1899 4639 υ
1929 4570 2275 4624 dominantur
2317 4567 2369 4618 iu
2410 4568 2600 4628 terris;
2647 4567 2884 4630 noveris,
2927 4567 3170 4635 inquam,
3224 4571 3499 4635 quomodo

249 4667 630 4736 περίγραπτος
683 4664 750 4734 τῇ
796 4663 918 4717 καθ’
955 4663 1102 4734 ἡμᾶς
1151 4662 1450 4734 προσλήψει
1506 4667 1818 4733 γενόμενος,

245 4758 435 4826 ὅμοιος
466 4756 598 4825 ἡμῖν
629 4754 770 4807 κατὰ
803 4754 984 4808 πάντα
1012 4754 1154 4824 πλὴν
1186 4754 1463 4826 ἁμαρτίας
1487 4755 1823 4826 κεχρημάτιο

250 4863 381 4901 κεν·
409 4847 558 4909 ὅπως
588 4844 644 4900 δὲ
675 4846 903 4912 νεκροὺς
935 4846 1220 4916 ἀνέστησε,
1250 4846 1343 4898 καὶ
1372 4848 1605 4914 τυφλοὺς
1624 4845 1824 4918 ὠμμά-

247 4953 416 5003 τωσε,
443 4937 538 4990 καὶ
567 4934 803 5005 λεπροὺς
837 4935 1156 5006 ικαθάρισι,
1199 4935 1295 4988 καὶ
1313 4934 1384 4987 τά
1411 4932 1546 4987 ἄλλα
1587 4936 1826 5006 καθεξῆς

247 5028 361 5082 τῶν
419 5026 711 5097 Θαυμάτων
764 5026 973 5080 αὐτοῦ’
1014 5027 1161 5088 ὅπως
1208 5043 1267 5079 τε
1326 5025 1593 5096 Ἰουδαϊκῇ
1644 5044 1826 5096 παρα-

251 5117 498 5191 φροσύνῃ
532 5119 704 5182 πάθος
733 5118 1025 5187 ὑπέμεινεν
1052 5116 1215 5182 ἑκὼν,
1245 5117 1336 5170 καὶ
1366 5122 1666 5189 τριήμερος
1691 5120 1828 5172 ἀναδ

251 5213 410 5279 στάς,
442 5213 522 5276 εις
547 5211 812 5281 οὐρανοὺς
833 5210 1152 5283 ἀνελήλυθε,
1187 5213 1285 5281 τῆς
1320 5213 1456 5280 πρὸς
1482 5211 1574 5264 τὸν
1611 5210 1828 5281 Πατέρα

323 5351 344 5383 ⁸
371 5350 512 5406 Psal.
539 5352 809 5416 uxva

325 5511 437 5576 (l8)
483 5507 592 5563 llos
637 5520 755 5561 esse
794 5519 962 5574 equos
995 5502 1174 5576 cursui
1210 5501 1462 5557 velociori
1513 5499 1816 5576 destinatos

252 5594 308 5637 et
331 5572 610 5641 assuetos,
646 5572 898 5645 qualibus
923 5572 1121 5644 publici
1145 5587 1394 5645 cursores
1426 5581 1669 5645 utuntur,
1693 5573 1819 5625 hinc

251 5650 510 5710 veredarii
549 5640 834 5706 nominati,
853 5640 1161 5714 qui_tamen
1190 5657 1219 5714 ε
1249 5641 1489 5696 vehendis
1517 5640 1698 5696 rhedis
1727 5657 1821 5694 no-

255 5739 379 5776 men
415 5718 741 5786 acceperint.
779 5710 913 5786 teste
953 5710 1348 5786 Festo,_9ltit_er
1378 5713 1703 5786 insinuatum
1741 5721 1824 5763 est

256 5791 308 5843 in
379 5791 440 5844 16
501 5781 740 5844 Januarii
803 5785 868 5839 ad
929 5798 1076 5840 num.
1139 5782 1203 5838 l3
1267 5783 1520 5838 Actorum
1584 5781 1823 5849 priorum

1926 4657 2065 4712 Deus
2113 4653 2618 4723 incircumscriptus
2643 4669 2765 4710 cum
2798 4656 2887 4721 sit,
2924 4666 3098 4712 tamen
3127 4659 3496 4715 circumscribi

1925 4753 2175 4824 dignatus
2203 4751 2294 4816 sit,
2340 4762 2580 4806 nostram
2628 4753 2950 4805 assutneudo
3003 4764 3276 4820 naturam,
3308 4757 3502 4812 similis

1929 4847 2086 4900 nobis
2142 4844 2319 4899 factus
2377 4857 2470 4910 per
2515 4843 2722 4904 omnia,
2754 4840 2856 4894 nisi
2887 4844 3030 4911 quod
3081 4853 3362 4914 peccatum
3394 4863 3498 4903 non

1930 4937 2198 4990 habuerit.
2241 4933 2547 4989 Secundum
2580 4949 2741 5004 quam
2767 4943 3015 4988 naturam
3044 4937 3325 4991 suscitavit
3357 4953 3503 4992 mor-

1929 5036 2068 5095 tuos,
2100 5026 2420 5081 illuminavit
2451 5041 2644 5090 caecos,
2668 5024 2946 5078 inundavit
2979 5025 3243 5095 leprosos,
3275 5041 3501 5082 caetera-

1929 5134 2036 5189 que
2055 5135 2118 5173 ex
2149 5119 2337 5173 ordine
2361 5125 2611 5185 operatus
2639 5124 2721 5168 est
2752 5116 3006 5170 miracula
3039 5130 3135 5169 sua
3167 5134 3179 5169 :
3205 5118 3499 5172 secundum

1931 5225 2091 5281 quam
2139 5209 2385 5264 eamdem
2438 5217 2629 5275 sponte
2681 5217 2907 5262 mortem
2961 5207 3148 5273 subiit,
3194 5208 3502 5265 Judznorum

1927 5501 1983 5555 S.
2045 5501 2278 5559 Marcelli
2323 5504 2494 5574 Papm.
2545 5504 2690 5561 Festi
2749 5509 3068 5566 sententiam
3114 5511 3295 5565 multis
3349 5513 3504 5567 docte

1928 5574 2214 5644 confirmat
2239 5576 2289 5628 in
2324 5589 2420 5627 suo
2452 5575 2822 5644 Etytnologico
2849 5576 3088 5642 Vossius.
3124 5580 3287 5635 certis
3319 5593 3506 5635 anetu-

1933 5643 2079 5697 ribus
2107 5645 2342 5714 antiquis
2365 5643 2762 5709 demonstrans,
2794 5647 3029 5715 antiquis
3047 5652 3357 5706 cursoribus
3379 5667 3508 5706 cur-

1934 5728 2049 5768 sum
2088 5716 2357 5782 publicutn
2395 5715 2754 5771 velticularetn
2791 5715 2975 5772 fuisse.
