4212 6440
194 409 274 471 29
1408 422 1582 482 VlTA
1622 422 1683 480 s.
1728 420 2243 487 TBEOPHANIS.
2436 387 2440 390 ’
3389 438 3458 501 so

194 535 471 604 τοσαύτην
500 536 594 589 τοῦ
625 538 813 610 ἀνδρὸς
847 541 1119 606 ἔνστασιν,
1149 545 1473 609 ἀποστείλας
1511 547 1633 599 τινὰ
1674 546 1782 599 τῶν

1894 548 2162 614 perferens
2221 560 2507 620 tyrannus,
2562 552 2843 619 quemdam
2900 550 2953 603 in
2988 550 3272 617 dignitate
3330 568 3464 606 con-

198 627 261 676 ὲν
294 626 464 691 τέλει,
501 627 598 699 τὴν
646 630 948 702 μὲνομονὴν
981 634 1085 696 ἓως
1130 636 1358 705 ἐδάφους
1407 640 1783 692 πυοίκαυστον

200 719 473 787 πεποίηκε
499 759 513 783 ,
556 722 683 784 τοὺς
719 723 773 775 δὲ
820 729 1087 794 μοναχοὺς
1139 728 1495 797 αἰκισάμενος
1536 730 1783 799 διεσκόρο

199 827 355 873 πισε,
383 814 476 864 τὸν
519 814 575 866 δὲ
630 817 899 886 μακάριον
946 818 1168 889 δέσμιον
1216 820 1615 891 συλλαϐόμενος
1647 818 1783 893 ἦγεν

200 903 282 963 εἰς
302 904 361 955 τὸ
390 903 701 966 Βυζάντιον.
729 910 836 961 Καὶ
868 910 1226 975 κελεύσαντος
1248 912 1340 965 τοῦ
1368 915 1636 983 τυράννου
1650 914 1784 968 καθ·

206 992 494 1062 ειρχθῆναι
532 997 695 1048 αὐτὸν
736 999 793 1049 ὲν
826 1004 1072 1071 σκοτεινῇ
1100 1003 1339 1074 φυλακῇ,
1381 1007 1472 1058 ἐπὶ
1522 1006 1782 1069 πλείστας

201 1083 418 1151 ἡμέρας
486 1086 754 1154 διέτριϐεν
807 1091 866 1141 ιν
939 1092 1167 1166 ὑπονοίᾳ
1225 1097 1438 1167 τοιᾷδε,
1484 1097 1560 1159 ὡς
1601 1096 1667 1150 ἂν
1720 1098 1782 1151 τὸ

199 1173 423 1228 εὔτονον
453 1176 614 1229 αὑτοῦ
644 1180 943 1248 χαυνωθὲν,
980 1183 1255 1238 εὐάλωτον
1285 1186 1438 1240 ἔσται
1470 1186 1606 1255 πρὸς
1647 1204 1780 1256 συγ-

198 1270 520 1325 κατάθεσιν.
551 1273 627 1342 Τῇ
667 1271 759 1327 οὖν
783 1281 1085 1350 προτεραίᾳ
1117 1281 1339 1349 ἀγαγὼν
1362 1284 1389 1336 6
1415 1283 1668 1352 βασιλεὺς
1688 1283 1781 1337 τὸν

201 1364 494 1431 εἰρημένον
523 1364 801 1437 Θεόδωρον
832 1369 938 1422 τῶν
973 1372 1220 1425 Στουδίου
1256 1375 1403 1427 ὅσιον
1454 1376 1778 1444 ἡγούμενον,
1834 1364 1837 1365 ν

202 1454 300 1505 καὶ
352 1456 447 1507 ἐπὶ
495 1457 757 1521 πλείστας
793 1459 942 1525 ὧρας
997 1463 1213 1532 δείμασί
1251 1482 1310 1516 τε
1359 1466 1455 1516 καὶ
1506 1468 1781 1521 κολάσεων

200 1546 498 1600 ὑποθέσεσι
570 1553 945 1623 καταπτήξειν
1028 1556 1310 1626 οἰόμενος,
1364 1560 1681 1613 τούναντίον
1724 1561 1813 1613 δὲ’

200 1636 483 1706 ἐλεγχθεὶς
513 1642 665 1710 παρὰ
733 1642 825 1694 τοῦ
857 1646 1027 1709 ὁσίου,
1056 1645 1131 1707 ὡς
1163 1647 1298 1715 μηδὲ
1320 1647 1417 1715 τῆς
1450 1647 1616 1701 αὐτοῦ
1642 1666 1779 1716 καρο

197 1726 319 1791 δίας
351 1731 662 1801 ἐπισκοπῆς
712 1734 847 1787 Θεοῦ
881 1736 1227 1804 αίσθόμενος,
1266 1740 1577 1809 αἰσχυνθεὶς
1623 1743 1650 1794 6
1685 1741 1778 1793 τύ-

1885 638 2130 691 stitntnm
2156 640 2443 710 ablegavit,
2464 655 2559 709 per
2580 657 2738 710 quem
2770 641 3156 695 monasterium
3192 642 3258 695 ad
3290 641 3467 711 ipsum

1886 745 2053 797 usque
2101 734 2467 801 pavimentum
2523 733 2752 795 exussit,
2800 734 3096 787 monachos
3146 737 3466 789 verberibus

1886 821 2148 878 multatos
2192 824 2465 891 dispersit,
2512 822 2836 892 beatumque
2888 824 3065 878 virum
3106 825 3468 891 comprehen-

1882 927 2000 967 sum
2028 928 2090 967 ac
2127 914 2361 970 vinetum
2386 915 2699 984 Byzantium
2742 914 2989 978 adduxit,
3023 928 3184 985 atque
3217 916 3280 968 de
3315 931 3468 968 man-

1884 1007 2010 1060 dato
2042 1010 2252 1078 tyranni
2299 1008 2349 1061 in
2401 1008 2689 1061 obscurum
2743 1021 3098 1075 compingens
3154 1021 3455 1068 carcerem,

1886 1097 2071 1153 multis
2102 1098 2287 1153 amisit
2320 1100 2527 1154 diebus.
2558 1097 2676 1165 Qua
2719 1098 2771 1152 id
2813 1098 3051 1152 ﬁducia?
3078 1097 3284 1169 Nempe
3319 1100 3461 1167 quod

1884 1199 2127 1258 speraret
2160 1190 2457 1246 emollitam
2508 1191 2673 1246 animi
2721 1190 2894 1246 saneti
2949 1189 3323 1245 fortitudinem
3382 1190 3466 1244 fa-

1884 1284 2042 1339 cilem
2093 1285 2208 1339 fore
2259 1286 2322 1339 ad
2376 1299 2699 1341 consensum
2751 1283 3009 1355 impietati
3075 1286 3468 1353 praestandum.

1884 1378 2065 1435 Pridie
2118 1378 2280 1449 igitur
2333 1394 2492 1447 quam
2564 1378 2739 1446 ipsum
2791 1386 3091 1431 accerseret
3150 1377 3467 1445 imperator,

1885 1472 2077 1525 adduci
2134 1472 2295 1539 jussit
2352 1471 2465 1541 (24)
2524 1470 2841 1539 [ιι-κιόῑειιιιη
2896 1467 3238 1523 Theodorum
3286 1468 3465 1522 Studii

1885 1564 2267 1632 liegumennm,
2304 1578 2461 1631 quem
2505 1563 2593 1616 diu
2646 1564 2982 1630 multumque
3023 1562 3313 1631 propositis
3364 1569 3472 1615 ter-

1886 1656 2097 1710 roribus
2150 1655 2541 1721 tormentisque
2601 1662 2891 1717 tentatum,
2942 1654 3008 1706 iis
3069 1653 3470 1720 percellendnm

1884 1747 2223 1811 existimans,
2259 1761 2378 1798 cum
2422 1745 2537 1813 ipse
2568 1747 2634 1797 ab
2664 1746 2849 1796 eodem
2885 1759 2914 1797 e
2948 1754 3136 1797 contra
3184 1746 3350 1798 libere
3386 1745 3470 1796 iii-

201 1837 397 1889 pawo;
448 1824 547 1894 τὴν
582 1826 704 1879 κατ’
732 1826 903 1882 αὐτοῦ
951 1830 1047 1896 τῆς
1093 1830 1308 1902 ὲξορίας
1346 1832 1525 1903 ψῆφον
1569 1835 1783 1906 ἀπεφήο

1894 1847 2223 1906 creparetur,
2257 1837 2402 1890 velut
2432 1836 2523 1906 qui
2574 1835 2869 1888 intuentem
2924 1836 3083 1887 corda
3136 1835 3302 1890 Deum
3361 1852 3469 1890 non

201 1929 351 1968 νατο.

278 2090 372 2143 ΠΙ.
413 2092 489 2161 Τῇ
526 2093 580 2145 δὲ
612 2098 879 2165 ἐπαύριον
909 2101 1246 2169 προσέταξεν
1276 2106 1303 2155 6
1331 2104 1583 2172 βασιλεὺς
1613 2108 1784 2176 ἀχθῆ-

201 2196 289 2231 ναι
326 2181 476 2251 αὐτῷ
513 2184 607 2237 καὶ
655 2186 747 2238 τὸν
792 2189 1063 2261 μακάριον
1110 2191 1414 2262 Θεοφάνην.
1457 2195 1691 2264 κληθεὶς
1730 2198 1786 2251 δὲ

202 2273 355 2340 παρὰ
388 2275 497 2326 τῶν
530 2281 870 2345 συμμυστῶν
908 2284 1131 2337 τοιῶσδε
1166 2288 1477 2355 φησάντων,
1508 2290 1582 2350 ὡς
1612 2290 1684 2343 Οὐ
1710 2291 1789 2343 δεῖ

200 2365 263 2416 τὸ
303 2366 393 2418 σὺν
425 2368 624 2436 κράτος
651 2372 755 2424 ὑπὸ
784 2390 926 2437 τινος
963 2375 1068 2428 τῶν
1102 2378 1532 2447 ἀμνημονεὺτων
1577 2381 1789 2434 ἀντιλέ-

202 2458 403 2523 γεσθαι
435 2462 529 2513 καὶ
578 2462 923 2533 ἐλέγχεσθαι,
969 2469 1061 2521 καὶ
1098 2467 1335 2538 μάλιστα
1388 2469 1787 2539 αὑθαδεστέρου

206 2553 573 2622 τυγχάνοντος
628 2558 782 2626 παρὰ
829 2560 1037 2622 πάντας
1112 2562 1240 2624 τοὺς
1299 2561 1491 2632 πρώην
1548 2562 1644 2616 τοῦ
1694 2562 1789 2616 νῦν

208 2644 614 2714 ἀχθησομέιιον.
646 2652 841 2720 μήπως
870 2651 1099 2723 ὑϐρισθῇ
1139 2654 1198 2706 τὸ
1230 2654 1321 2708 τὸν
1347 2656 1619 2726 ἀήττητον
1656 2657 1791 2726 κρά-

206 2751 301 2797 τος
334 2738 453 2798 ταῖς
501 2740 919 2809 ἀντιρῤητικαῖς
969 2743 1133 2797 αὐτοῦ
1182 2745 1515 2813 αὐθαδείαις,
1553 2748 1645 2801 καὶ
1693 2749 1791 2802 αὑ-

210 2827 545 2897 στηρότησιθ
591 2831 737 2885 τοῦθ’
780 2833 967 2887 ἕνεκεν
1004 2836 1137 2906 πρὸς
1170 2838 1269 2908 τὴν
1307 2840 1483 2910 ὁρμὴν
1530 2840 1790 2909 ἐπισχὼν,

208 2917 535 2971 ἀποστέλλει
568 2921 662 2973 ’ἐνα
696 2922 803 2976 τῶν
840 2925 895 2977 ἐν
925 2926 1066 2979 τέλει
1116 2928 1252 2996 πρὸς
1285 2928 1376 2979 τὸν
1403 2930 1579 2993 ἆγιον,
1619 2945 1792 2998 προσ-

206 3010 379 3075 ταξας
417 3012 726 3082 βοιλνεύροις
771 3021 1099 3085 τριακοσίοις
1144 3021 1212 3072 τά
1260 3038 1318 3073 τε
1347 3022 1544 3092 στέρνα
1582 3022 1793 3075 καὶτὸν

213 3098 388 3150 νῶτον
425 3103 807 3167 καταξάναντα
846 3107 1004 3157 ἐᾶσαι
1061 3108 1224 3160 πάλιν
1254 3110 1311 3160 ὲν
1359 3113 1423 3180 τῇ
1467 3113 1684 3181 εἱρκτῇ.
1715 3113 1791 3181 Τῇ

209 3192 568 3263 δὲιὲπαύριον
618 3198 650 3265 ἡ
711 3198 848 3267 αὐτῇ
911 3200 1072 3253 πάλιν
1127 3203 1348 3265 κόλασις
1396 3204 1487 3271 τῷ.
1534 3205 1790 3273 μακαρίῳ

210 3289 495 3353 γεγονυῖα,
530 3291 589 3342 τὸ
616 3290 830 3344 εὔτονον
856 3294 1021 3347 αὑτοῦ
1055 3296 1155 3363 τῆς
1187 3300 1322 3366 πρὸς
1352 3297 1483 3350 Θεὸν
1505 3298 1608 3350 οὐκ
1634 3297 1794 3365 ὲχαύ·

212 3394 393 3431 νωσεν
443 3382 677 3445 ἐλπίδος.
736 3384 1010 3438 Ἀπειπὼν
1055 3387 1109 3438 δὲ
1148 3388 1244 3456 ἤδη
1302 3391 1434 3461 πρὸ-ς
1483 3389 1581 3458 τὴν
1611 3388 1797 3440 τοιαύ-

212 3489 317 3539 την
348 3475 524 3546 ὁρμὴν
556 3477 583 3529 6
608 3477 879 3546 πανώλης.
908 3478 1170 3548 ψήφισμα
1201 3480 1341 3533 κατὰ
1379 3480 1472 3533 τοῦ
1522 3481 1794 3553 μακαρίου

214 3566 518 3634 ἐκπέμπει,
549 3569 732 3638 ὲξορίᾳ
758 3569 917 3620 αὑτὸν
945 3573 1001 3623 ὲν
1030 3570 1365 3643 Σαμοθρᾴκῃ
1393 3577 1454 3642 τῇ
1481 3575 1627 3644 νήσῳ
1659 3577 1797 3626 ἀπο·

216 3660 452 3719 στεῖλαι,
477 3660 597 3725 ἥτις
633 3660 690 3710 ἐν
718 3664 827 3725 τοῖς
868 3665 1057 3732 μέρεσι
1086 3663 1179 3716 τοῦ
1211 3666 1306 3732 τῆς
1340 3667 1669 3733 Μαρωνείας
1701 3683 1799 3718 πε-

215 3750 420 3819 λάγους
456 3750 689 3820 ἵδρυται,
715 3752 863 3823 δεινὴ
898 3754 990 3806 καὶ
1016 3753 1309 3823 αὐχμώδης
1338 3758 1468 3808 πᾶσι
1498 3760 1610 3819 τοῖς
1637 3758 1801 3809 πελά-

218 3843 337 3906 ζειν
374 3842 718 3913 βουλομένοις
746 3845 1091 3916 δεικνυμένη.
1144 3846 1232 3900 Ἐν
1268 3849 1405 3920 αὐτῇ
1443 3849 1500 3903 δὲ
1527 3849 1669 3921 λιμῷ
1705 3851 1800 3904 καὶ

215 3934 365 4001 δίψει
396 3934 492 3986 καὶ
542 3935 817 4004 καθείρξει
857 3937 1101 4000 πιεσθεὶς
1151 3939 1179 3989 6
1230 3939 1520 4010 μακάριος,
1570 3943 1665 3996 καὶ
1711 3940 1802 3993 ὲπί

216 4041 378 4087 τινας
419 4025 643 4079 διαὸιῶν
694 4031 945 4095 χρόνους,
982 4028 1091 4081 τῶν
1140 4030 1268 4099 τῇδε
1323 4032 1803 4103 μετακεχωρηκὼς

220 4118 364 4189 πρὸς
394 4119 655 4188 ἀμείνονα
686 4121 780 4172 καὶ
817 4118 1098 4188 θειοτέραν
1139 4119 1395 4176 εῠκλειαν
1433 4124 1799 4194 μεταϐέϐηκε,

219 4212 282 4263 τδ
316 4212 543 4279 πήλινον
579 4210 740 4280 σῶμα
775 4211 872 4263 σὺν
922 4213 986 4280 τῇ
1025 4210 1169 4282 ψυχῇ
1212 4212 1493 4282 ἀλώσητον
1538 4216 1805 4283 διαφυλά-

220 4303 344 4368 ξας.
383 4295 458 4355 Οὗ
508 4305 628 4367 ταῖς
662 4303 965 4375 μακαρίαις
1016 4304 1203 4374 εὐχαῖς
1264 4305 1710 4378 στηριχθείημεν,
1758 4301 1803 4360 ὦ

220 4398 691 4467 φιλακροάμονες.
720 4396 943 4468 Χριστῷ
968 4397 1045 4467 τῷ
1082 4397 1451 4469 φιλανθρῴπῳ
1474 4400 1593 4470 Θεῷ
1622 4401 1802 4470 ἡμῶν,

221 4491 344 4557 ἅμα
383 4488 461 4559 τῷ
504 4492 832 4561 προανάρχῳ
864 4491 1059 4560 Πατρὶ,
1108 4492 1204 4543 καὶ
1244 4492 1322 4560 τῷ
1354 4490 1603 4562 ζωοποιῷ
1640 4495 1807 4546 ῐῐνεύ-

1888 1942 2257 2000 cognosceret,
2288 1930 2480 1984 exsilio
2504 1926 2764 1983 confusus
2795 1928 3023 1991 addixit,
3043 1926 3254 1996 prolata
3283 1928 3477 1983 adver-

1890 2039 1983 2077 sus
2016 2034 2260 2076 sanctum
2292 2023 2589 2076 sententia.

1958 2112 2139 2167 XVlll.
2168 2112 2391 2167 Postera
2422 2127 2550 2163 vero
2585 2114 2669 2165 die
2695 2113 2911 2165 beatum
2946 2126 3159 2179 quoque
3189 2110 3476 2177 Tlieorilia-

1890 2220 2011 2261 nem
2062 2220 2245 2260 coram
2293 2221 2353 2259 se
2396 2205 2514 2259 sisti
2562 2204 2845 2273 jusserat-:
2881 2201 3233 2271 compellatus
3290 2214 3471 2255 autem

1892 2298 2185 2366 imperator
2207 2311 2234 2347 a
2262 2295 2560 2367 symmistis
2588 2291 3020 2361 suggerentibus,
3047 2291 3189 2358 quod
3216 2291 3474 2344 indecens

1893 2389 2116 2442 omnino
2146 2397 2289 2441 esset
2342 2386 2679 2455 maiestatem
2734 2384 3145 2454 imperatoriam
3177 2384 3244 2435 ab
3285 2381 3473 2451 aliquo

1894 2478 2078 2531 vilium
2140 2479 2368 2532 istorum
2422 2477 2700 2532 hominum
2758 2474 3005 2543 redargui
3061 2488 3126 2528 ac
3192 2472 3475 2541 vilipendi,

1892 2571 2129 2621 maxime
2160 2569 2228 2623 ab
2262 2571 2361 2622 hoc
2398 2569 2503 2621 iam
2553 2568 2809 2627 accersiri
2837 2569 3009 2634 jusso,
3043 2566 3134 2636 qui
3170 2581 3278 2635 pra:
3305 2572 3472 2619 caete-

1896 2660 1968 2713 ris
1997 2658 2248 2713 omnibus
2282 2658 2333 2711 iu
2382 2659 2496 2726 ejus
2542 2669 2888 2725 conspectum
2938 2660 3203 2719 adductis,
3240 2658 3477 2709 insolens

1897 2753 1993 2815 sit,
2033 2764 2087 2807 et
2116 2764 2335 2823 propter
2365 2751 2699 2821 pervicacem
2746 2750 3074 2819 proterviam
3110 2763 3261 2802 suam
3294 2758 3476 2801 auste-

1896 2847 2223 2914 ritatemque
2294 2846 2491 2912 insigni
2550 2845 2730 2913 aliqua
2802 2842 3127 2897 contumelia
3186 2839 3477 2895 allectum:

1896 2945 2217 3008 potestatem
2252 2940 2463 3007 ipsius:
2508 2939 2763 3003 impetum
2810 2951 2966 2989 suum
3018 2934 3301 3000 repressit,
3352 2935 3478 2986 mit-

1901 3039 2017 3084 tens
2055 3029 2340 3098 quemdam
2375 3044 2403 3081 e
2447 3024 2773 3097 primoribus
2806 3040 2929 3079 cum
2979 3025 3230 3090 imperio,
3274 3031 3331 3077 ut
3364 3034 3479 3078 tre-

1899 3122 2070 3177 centis
2125 3131 2431 3175 tanrearum
2473 3120 2644 3190 plagis
2677 3127 2893 3187 pectore
2934 3132 2998 3169 ac
3046 3118 3206 3171 dorso
3260 3114 3479 3168 lacera-

1820 3213 1866 3273 C
1900 3223 2033 3276 tum,
2068 3214 2244 3267 denuo
2277 3213 2475 3266 recludi
2511 3212 2726 3279 inberet
2777 3211 2828 3263 in
2882 3224 3179 3263 carcerem.
3213 3206 3485 3262 Postridie

1900 3320 2025 3357 vero
2082 3320 2201 3356 eum
2257 3305 2393 3356 idem
2452 3307 2628 3356 denuo
2682 3312 3010 3354 tormentum
3071 3310 3213 3352 esset
3271 3299 3479 3351 illatum

1899 3405 2108 3460 sancto,
2144 3409 2241 3450 nec
2275 3394 2565 3462 quidquam
2601 3408 2722 3447 eum
2774 3392 3054 3446 remisisse
3096 3402 3379 3457 appareret
3414 3393 3479 3444 de

1903 3489 2055 3541 ﬁrma
2109 3486 2162 3539 in
2206 3486 2373 3541 Deum
2404 3484 2622 3546 ﬁducia,
2658 3484 2957 3552 desperans
3020 3480 3212 3535 infelix
3262 3488 3484 3546 propter

1904 3593 2105 3634 tantam
2160 3581 2333 3635 sancti
2384 3577 2482 3631 viri
2531 3576 2906 3638 alacritatem,
2961 3573 3227 3627 sententia
3288 3581 3478 3625 contra

1903 3677 2074 3743 ipsum
2110 3673 2242 3737 lata,
2275 3670 2419 3724 misit
2463 3683 2584 3724 eum
2623 3668 2864 3724 exsulem
2912 3666 2963 3718 in
3010 3664 3236 3717 insulani
3290 3662 3485 3717 Santo-

1905 3767 2170 3830 thracem,
2205 3778 2323 3834 quas
2356 3764 2410 3818 in
2450 3761 2588 3830 eius,
2624 3758 2768 3830 quod
2796 3762 2860 3811 ad
2896 3757 3193 3813 lllaroninm
3229 3754 3342 3823 (24)
3378 3765 3485 3819 est,

1904 3860 2069 3915 maris
2126 3860 2365 3930 partibus
2432 3857 2535 3911 sita
2598 3864 2702 3916 est,
2764 3853 3007 3923 squalida
3080 3853 3367 3905 admodum
3432 3857 3488 3905 et

1909 3952 2091 4019 gravis
2167 3949 2419 4003 omnibus
2498 3945 2759 4000 accedere
2837 3944 3141 3999 volentibus
3202 3959 3216 3995 :
3270 3941 3325 3994 in
3382 3954 3487 4008 qua

1904 4040 2067 4103 fame,
2103 4038 2214 4099 siti,
2245 4046 2299 4089 et
2340 4034 2605 4105 angustiis
2659 4048 2880 4101 pressus
2934 4033 3131 4091 beatus
3177 4046 3273 4100 per
3316 4045 3490 4083 annos

1904 4129 2128 4200 aliquot,
2164 4144 2228 4183 ex
2268 4128 2370 4181 hac
2418 4127 2524 4181 vita
2556 4125 2864 4194 demigraus
2897 4123 2963 4177 ad
2994 4123 3270 4179 meliorem
3305 4130 3487 4175 trans-

1908 4224 1987 4286 iit,
2045 4238 2269 4289 corpore
2303 4230 2356 4275 et
2381 4220 2559 4274 anima
2592 4218 2799 4285 absque
2841 4231 2979 4269 noxa
3021 4216 3272 4269 servatis.
3323 4213 3494 4279 Cujus

1907 4315 2109 4369 sanctis
2163 4313 2437 4383 precibus,
2484 4309 2763 4363 auditores
2812 4307 3014 4370 dilecti,
3050 4304 3492 4369 corroborentur,

1907 4408 2121 4462 Christo
2178 4403 2567 4473 benignissimo
2626 4401 2736 4457 Deo
2804 4408 3013 4461 nostro,
3072 4411 3285 4466 unaque
3345 4395 3493 4449 Patri

1912 4498 2158 4566 principii
2192 4495 2421 4563 experti,
2466 4504 2628 4561 atque
2678 4488 2891 4542 v‘iviiico
2926 4488 3145 4555 Spiritui
3178 4488 3403 4554 gloriam
3435 4496 3490 4539 et

226 4601 383 4652 ματι,
418 4582 575 4647 δόξαν
597 4585 690 4635 καὶ
722 4560 1079 4655 εὐχαριστίαν
1108 4585 1549 4654 ἀναπέμποντες,
1575 4560 1677 4639 νῦν
1711 4589 1794 4641 καλ

1914 4590 2209 4662 gratiarum
2260 4588 2528 4643 actionem
2576 4582 2895 4642 referentes,
2953 4593 3097 4632 nunc
3150 4587 3205 4631 et
3254 4592 3493 4645 semper,

221 4679 350 4739 ἀεὶ,
422 4676 516 4729 καὶ
568 4677 648 4738 είς
699 4676 826 4741 τοὺς
885 4676 1211 4747 σύμπαντας
1268 4677 1362 4730 καὶ
1414 4676 1804 4749 ἀτελευτήτους

221 4768 429 4831 αἰῶνας
454 4768 564 4820 τῶν
599 4767 832 4823 αἰώνων.
873 4770 1069 4840 Ἀμην.

222 4965 279 5031 ει
307 4953 513 5021 scripto
552 4962 803 5015 conatus,
849 4950 1087 5031 breviter
1136 4950 1502 5022 subjnngitur,
1540 4949 1805 5007 nliensum

227 5027 294 5079 iis
334 5036 622 5092 tyrannum
671 5038 735 5077 ac
775 5040 792 5073 ι
840 5027 1110 5092 nescium,
1141 5036 1249 5090 quo
1291 5038 1348 5075 se
1399 5030 1658 5092 verteret,
1686 5037 1806 5074 cum

227 5091 471 5148 hominis
522 5093 825 5147 libertatem
859 5107 922 5146 ac
956 5091 1208 5145 lidnciam
1240 5092 1386 5147 ferre
1436 5091 1666 5157 amplius
1699 5108 1805 5143 non

227 5173 430 5230 posset,
480 5163 797 5230 Byzantium
854 5162 1047 5229 expelli
1124 5165 1444 5231 carceriqne
1501 5161 1638 5213 tradi
1693 5162 1809 5229 jus-

227 5235 443 5287 sisseh
479 5234 655 5283 Vitam
690 5233 936 5287 dabimus
969 5235 1033 5285 ad
1064 5231 1117 5285 ll
1173 5230 1307 5286 Nov.
1343 5230 1484 5285 diem
1516 5248 1625 5300 quo
1660 5247 1808 5284 mur-

227 5313 352 5357 tnus
385 5314 470 5355 est
499 5316 640 5355 anno
666 5300 791 5356 826.

300 5373 417 5442 (‘24)
452 5372 524 5427 Ea
556 5382 640 5427 est
684 5372 931 5428 Thraciae
964 5370 1177 5435 civitas,
1207 5372 1368 5425 etiam
1414 5371 1514 5425 Imc
1562 5380 1804 5438 tempore

228 5454 385 5498 vetus
438 5456 632 5498 nomen
682 5444 942 5507 retinens,
973 5457 999 5495 a
1053 5456 1158 5509 qua
1202 5452 1488 5512 propterea
1544 5450 1801 5508 tanquam

1914 4690 2075 4750 atque
2106 4694 2203 4748 per
2239 4678 2417 4733 omnia
2450 4685 2505 4730 et
2540 4674 2887 4729 interminata
2911 4669 3108 4724 saecula
3140 4668 3486 4724 saculorum.

1913 4776 2103 4829 Arnen.

1907 4932 2191 4990 celebriori
2251 4932 2444 4986 merito
2495 4943 2645 4983 mare
2708 4928 2837 4981 illud
2898 4924 3206 4979 nominetur
3260 4940 3275 4977 :
3327 4920 3493 4974 distat

1910 5006 2112 5069 alioqui
2142 5020 2169 5053 a
2206 5001 2565 5056 Samothrace
2609 5000 2785 5069 insula
2828 4997 2899 5061 ‘20
2949 4994 3119 5069 ferme
3178 4992 3502 5069 milliaribus

1909 5062 2143 5142 amplius
2174 5087 2349 5143 quarti
2391 5072 2503 5143 ipsa
2546 5068 2727 5143 _insul_a
2785 5082 2812 5120 a
2871 5066 3121 5143 proxima
3168 5062 3493 5143 continenti,

1903 5131 2054 5213 juxia
2084 5131 2355 5213 Ptolemaei
2384 5131 2646 5213 calculos.
2680 5131 2934 5213 Sugt‘qni
2962 5134 3283 5213 existiment
3332 5131 3502 5213 Isma-

1913 5204 2028 5269 rnm
2086 5230 2206 5267 esse
2265 5210 2483 5264 Homeri
2544 5226 2557 5263 :
2613 5210 2706 5263 sed
2762 5204 2971 5259 Plinius
3027 5206 3301 5255 diversam
3349 5204 3495 5255 iacit.

1916 5285 2295 5407 HipIparcliiam
2343 5282 2677 5335 nominatam
2728 5276 3022 5347 aliquando
3069 5275 3230 5327 docet
3261 5271 3503 5327 Ortelius

1916 5357 1967 5407 in
2042 5358 2287 5407 hesuuro.

1916 5357 1967 5409 in
1998 5357 2287 5408 Thesauro.
