4212 6440
202 424 280 482 33
1480 409 1660 471 VlTA
1703 410 1760 468 S.
1808 405 2156 468 LONGINI.
3398 395 3470 462 3‘

203 535 530 596 καθίστατο,
573 531 983 600 συκοφαντῆσαι
1029 526 1263 599 Χριστὸν
1307 524 1379 587 ὼς
1404 523 1682 576 κλαπέντα
1715 521 1788 590 μὴ

1894 519 2124 573 tinuerit
2205 516 2525 573 calumniari
2604 517 2914 582 Christum,
2993 525 3249 587 tanquam
3327 514 3468 567 furto

201 632 608 700 ἀνασχόμενος·
648 625 943 695 ἐλευθερίῳ
976 623 1032 676 δὲ
1065 621 1267 689 μᾶλλον
1304 619 1396 671 καὶ
1443 616 1658 686 γλώττῃ
1691 615 1786 667 καὶ

202 723 403 794 γνώμῃ
460 723 623 774 αὑτὸν
664 717 1012 787 ἀνακηρύξας
1045 711 1298 782 ἀληθινὸν
1347 709 1438 763 καὶ
1472 711 1535 760 ὲκ
1579 706 1786 776 νεκρῶν

203 816 509 886 ἑγηγέρθαι
568 813 1049 885 βεϐαιωσάμενος·
1103 808 1226 860 ὅθεν
1253 805 1414 864 αὐτὸς
1444 821 1502 854 τε
1556 801 1788 861 Πιλάτος

204 911 303 962 καὶ
361 910 410 960 οί
470 908 569 975 τῆς
628 903 956 971 συναγωγῆς
1016 899 1286 954 Ἰουδαίων
1341 897 1664 964 ἐξάρχοντες
1696 892 1789 944 τὸν

207 1001 424 1067 φθόνον,
479 997 537 1050 δν
587 997 855 1065 πρότερον
919 992 1065 1063 εἶχον
1114 991 1253 1043 κατὰ
1304 986 1540 1060 Χριστοῦ
1591 987 1684 1039 καί
1723 987 1788 1053 ἦν

205 1090 399 1146 ὥδινον
430 1090 548 1142 κατ’
580 1087 746 1140 αὑτοῦ
782 1087 999 1155 μανίαν,
1039 1082 1244 1150 ταύτην
1267 1084 1346 1143 εἰς
1377 1080 1643 1146 Λογγῖνον
1692 1074 1790 1128 νῦν

210 1182 639 1252 μεταφέρουσιν,
678 1178 852 1240 οὕτως
893 1176 1101 1245 ἀγρίως
1150 1173 1301 1242 αὐτῷ
1345 1170 1785 1241 χαλεπαίνοντες,

206 1277 284 1337 ὡς
320 1274 440 1346 μηδ’
469 1274 532 1326 ἂν
555 1273 590 1342 ἡ
613 1290 661 1326 τι
687 1273 783 1325 καὶ
809 1269 972 1323 πάθοι
1002 1269 1262 1335 Λογγῖνος
1299 1264 1454 1328 ἀξίαν
1489 1260 1650 1315 αὐτὸν
1675 1260 1788 1310 είσ-

209 1366 525 1438 πράξασθαι
555 1363 830 1436 τιμωρίαν
855 1359 1192 1430 ποιούμενοι.
1213 1354 1496 1409 Ἐντεῦθεν
1521 1355 1598 1416 είς
1618 1351 1788 1415 ἀκοὰς

207 1459 338 1527 ἥκει
375 1455 625 1524 Λογγίνῳ
677 1455 737 1506 τὸ
773 1454 1032 1520 πρᾶγμα,
1082 1449 1176 1501 καὶ
1209 1445 1348 1515 δῆλα
1376 1445 1448 1497 τὰ
1479 1442 1579 1512 τῆς
1619 1443 1790 1512 ὀργῆς

209 1553 476 1617 ἐγίνοντο,
530 1550 626 1601 καὶ
657 1545 742 1598 διὰ
792 1545 953 1597 τοῦτο
1021 1537 1530 1611 παραρῤιπτεῖσθαι
1588 1533 1791 1605 μᾶλλον

208 1643 440 1713 Χριστῷ
469 1641 502 1708 ἦ
538 1643 652 1701 τοῖς
679 1638 787 1690 τῶν
821 1634 1092 1689 Ἰουδαίων
1113 1633 1282 1685 οίκεῖν
1309 1627 1631 1698 σκηνώμασι
1655 1642 1790 1693 προ-

212 1733 579 1802 θυμούμενος,
599 1734 664 1799 τῇ
682 1729 776 1780 τοῦ
799 1727 1111 1794 ἀξιώματος
1140 1721 1374 1792 χλαμύδι
1412 1723 1504 1772 καὶ
1531 1718 1676 1789 ζώνῃ
1700 1717 1792 1770 καὶ

207 1827 312 1895 τὴν
364 1822 654 1893 στρατείαν
687 1821 880 1885 αὐτὴν,
914 1815 1075 1879 εὐθὺς
1102 1815 1180 1878 ὡς
1227 1811 1339 1883 εἶχε
1370 1810 1788 1872 συναποδύεται,

207 1921 308 1972 καί
339 1916 432 1970 δύο
462 1918 612 1976 τινάς
635 1914 725 1966 τὸν
754 1913 941 1982 ὅμοιον
990 1907 1140 1978 αύτῷ
1166 1907 1327 1976 ζῆλον
1364 1905 1504 1974 ὑπὲρ
1553 1900 1793 1973 Χριστοῦ

211 2014 308 2064 καὶ
338 2011 436 2077 τῆς
462 2008 724 2078 ἀληθείας
777 2005 1003 2074 εχοντας
1071 1999 1406 2071 παραλαϐὼν
1433 1996 1794 2066 στρατιώτας,

210 2103 310 2162 τὰς
344 2100 488 2152 κατὰ
522 2098 723 2165 πλῆθος
751 2094 990 2147 ἐκκλίνει
1014 2091 1320 2160 διατριϐὰς,
1357 2094 1448 2141 καὶ
1471 2088 1606 2142 Θεοῦ
1631 2088 1792 2157 μόνου

211 2191 310 2242 καὶ
350 2188 546 2242 ἑαυτοῦ
580 2188 813 2254 γίνεται.

290 2302 359 2354 F'.
383 2301 458 2354 Οὐ
481 2301 613 2352 πολὺ
632 2299 766 2352 δὲτὸ
788 2301 845 2350 ἐν
868 2299 933 2365 μέ
945 2313 1042 2366 σῳ,
1061 2295 1154 2348 καὶ
1175 2294 1273 2364 τὴν
1288 2293 1643 2363 Ἰερουσαλὴμ
1661 2293 1797 2345 ἀπο-

211 2393 410 2455 λιπὼν,
445 2396 524 2455 είς
554 2395 655 2462 τὴν
684 2389 1074 2443 Καππαδοκῶν
1097 2388 1428 2453 ἀφικνεῖται,
1464 2386 1637 2452 κῆρυξ
1659 2383 1795 2454 όμοῦ

212 2490 310 2541 καὶ
338 2484 633 2546 ἀπόστολος
665 2483 774 2535 τῶν
799 2481 894 2534 τοῦ
930 2479 1167 2550 Χριστοῦ
1203 2477 1525 2547 παραδόξων
1551 2477 1642 2528 καὶ
1666 2476 1796 2527 θαυ-

215 2580 440 2649 μαστῶν
472 2579 648 2650 ἑργων
682 2579 897 2646 συνάμα
928 2578 1041 2637 τοῖς
1078 2575 1201 2627 605i.
1246 2571 1613 2642 στρατιώταις
1645 2569 1796 2638 γινό-

216 2693 400 2747 μενος.
445 2676 533 2737 Ὠς
563 2671 657 2726 οὖν
685 2673 892 2725 τούτων
921 2672 1074 2724 οὐδὲν
1129 2665 1254 2732 τοὺς
1315 2668 1603 2730 Ἰουδαίους
1643 2667 1798 2720 ἑλάν-

216 2771 399 2834 θανεν,
453 2767 546 2821 an
583 2768 681 2837 τῆς
737 2767 927 2836 φήμης
987 2766 1068 2826 εἰς
1109 2765 1318 2823 πάντας
1381 2762 1471 2814 τὸν
1531 2762 1798 2825 Λογγῖνον

215 2856 702 2926 παραπεμπούσης
762 2855 852 2906 καὶ
890 2847 980 2906 οἷά
1037 2868 1181 2910 τινος
1247 2851 1558 2918 ὑποπτέρου
1617 2850 1797 2900 πᾶσαν

217 2949 406 3018 σχεδὸν
440 2946 832 3016 διατρεχούσης
860 2945 958 3014 τὴν
991 2943 1442 3012 οἰκουμένην,είς
1471 2941 1633 2992 ταὺτὸ
1669 2955 1796 2990 συν-

215 3041 491 3104 ελθόντες,
522 3041 773 3091 πείθουσι
816 3039 1047 3090 Πιλάτον
1081 3039 1366 3091 κατειπεῖν
1401 3035 1666 3102 Λογγίνου
1705 3032 1799 3085 καὶ

167 3186 172 3191 _
216 3133 464 3201 σημᾶναι
521 3129 600 3199 τῷ
654 3129 917 3197 Καίσαρι,
952 3129 1032 3181 ὅτι
1063 3143 1120 3180 τε
1165 3128 1422 3197 ἀλλότρια
1463 3126 1676 3195 φρονῶν
1711 3124 1796 3193 εἴη

213 3224 318 3293 τῆς
358 3223 646 3292 Ῥωμαίων
681 3221 977 3292 βασιλείας,
1007 3219 1102 3273 καὶ
1139 3221 1221 3272 ὅτι
1248 3219 1355 3272 τῶν
1385 3218 1566 3271 ὅπλων
1594 3218 1799 3286 ἁμελή-
1825 3225 1870 3284 ο

218 3333 341 3380 σας,
373 3315 606 3383 Χριστόν
652 3330 774 3366 τινα
831 3310 1102 3382 κηρύσσει
1159 3309 1386 3380 βασιλέα
1431 3309 1543 3370 τοῖς
1593 3307 1794 3367 ἔθνεσι,

218 3405 517 3461 κάντεῦθεν
541 3406 750 3466 πάντας
777 3403 1211 3473 ὑποποιούμενος
1247 3401 1384 3471 πρὸς
1413 3401 1512 3471 τὴν
1554 3402 1632 3462 είς
1657 3400 1800 3452 ἐκεῖ·

215 3517 308 3554 νον
337 3501 519 3553 πίστιν
542 3500 834 3567 ἐφέλκεται
858 3513 872 3527 ·
898 3499 1220 3568 τεκμήριον,
1257 3497 1411 3566 φασὶ,
1444 3495 1552 3546 τῶν
1572 3492 1798 3561 λεγομέ-

219 3611 351 3655 νων,
376 3591 458 3644 δτι
510 3589 609 3643 καὶ
638 3589 740 3658 τὴν
779 3590 1168 3642 Καππαδοκῶν
1202 3591 1384 3641 πᾶσαν
1412 3588 1510 3657 τῆς
1543 3587 1798 3653 τοιαύτης

215 3680 569 3742 διδασκαλίας
604 3679 961 3747 πεπλήρωκε.
996 3678 1222 3740 Τούτοις
1247 3681 1356 3740 τοῖς
1377 3679 1671 3745 γράμμασι
1705 3676 1799 3728 καὶ

220 3776 482 3845 χρήματα
516 3772 986 3841 συνεκπέμπουσι,
1041 3772 1240 3841 κλέψαι
1294 3774 1390 3834 τὰς
1419 3770 1586 3832 ἀκοὰς
1615 3768 1800 3839 βουλό-

221 3883 376 3935 μενοι
439 3866 738 3935 Καίσαρός,
795 3865 935 3918 ὥστε
989 3867 1084 3919 καὶ
1124 3867 1215 3919 τὸν
1249 3865 1515 3935 Λογγίνου
1569 3865 1798 3918 θάνατον

220 3957 464 4019 εὐκόλως
489 3957 829 4024 ὠνήσασθαι.
860 3959 924 4009 Ὃ
955 3957 1019 4027 δὴ
1051 3961 1143 4010 καὶ
1197 3959 1339 4009 κατὰ
1366 3960 1424 4008 τὸ
1463 3954 1652 4008 δοκοῦν
1689 3956 1799 4014 τοῖς

233 4047 511 4110 Ἰουδαίοις
545 4045 818 4116 ἐχώρησε,
844 4049 936 4098 καὶ
965 4049 1070 4099 ἀπὸ
1104 4049 1323 4118 Ῥώμης
1353 4048 1514 4111 εὐθὺς
1552 4048 1648 4117 τῆς
1671 4049 1802 4100 Ἰου-

217 4142 376 4203 δαίας
408 4140 544 4210 πρὸς
594 4140 826 4192 Πιλάτον
863 4137 1170 4190 στέλλονται
1195 4143 1498 4208 γράμματα
1536 4141 1799 4208 Λογγίνου

221 4234 452 4287 θάνατον
487 4232 999 4303 καταψηφιζόμενα.
1034 4233 1349 4302 Δεξάμενος
1384 4230 1477 4284 οὖν
1510 4236 1536 4282 ό
1572 4234 1799 4294 Πιλᾶτος

221 4330 290 4378 τὰ
315 4326 646 4403 γράμματα,
666 4325 738 4388 ὼς
761 4320 930 4396 εἶχεν,
954 4327 1157 4388 εὐθέως
1178 4324 1662 4396 ἐγχειρίζειταῦτα
1691 4328 1801 4388 τοῖς

235 4417 510 4477 Ἰουδαίοις
530 4418 623 4468 καὶ
652 4417 786 4484 πρὸς
810 4419 902 4469 τὸν
926 4418 1018 4469 τοῦ
1050 4419 1322 4489 μακαρίου
1345 4419 1504 4486 φόνον
1524 4420 1802 4490 πρόθυμος

222 4510 544 4580 προθύμους
593 4510 870 4578 ἐκπέμπει
892 4525 905 4538 ·
943 4511 990 4560 oi
1032 4511 1086 4562 δὲ
1121 4513 1220 4580 τὴν
1247 4510 1452 4578 μεταξὺ
1482 4514 1663 4564 πᾶσαν
1697 4513 1802 4582 γῆν

222 4603 450 4671 ἀπτέρῳ
490 4600 643 4670 τάχει
696 4601 1086 4671 διαδραμόντες
1144 4603 1208 4670 τῇ
1265 4601 1646 4654 Καππαδοκῶν
1706 4604 1804 4670 ἑφ-

225 4696 477 4748 ίστανται
535 4695 630 4747 καὶ
664 4696 928 4763 Λογγῖνον
956 4696 1013 4747 ἐν
1047 4711 1154 4748 τινι
1179 4696 1288 4747 τῶν
1318 4692 1590 4764 πατρῴων
1614 4693 1803 4762 ἀγρῶν

219 4786 314 4840 τὸν
335 4787 673 4857 ἀπράγμονα
709 4785 823 4855 βίον
851 4788 1043 4840 ἀσκεῖν
1078 4787 1400 4857 πυθόμενοι,
1448 4785 1608 4849 εὐθὺς
1645 4803 1702 4839 εν
1727 4785 1805 4858 τῷ

219 4881 381 4949 ἀγρῷ
433 4881 696 4948 γίνονται,
755 4881 830 4949 μὴ
887 4880 1088 4943 εἰδότες
1144 4882 1351 4934 ἐκεῖνον
1392 4879 1554 4946 εἶναι,
1592 4885 1719 4951 περὶ
1745 4874 1805 4934 οὗ

219 4972 349 5034 τοὺς
391 4972 638 5041 μακροὺς
695 4971 1010 5043 ὑπέστησαν
1073 4972 1269 5037 πόνους
1304 4973 1399 5026 καὶ
1429 4972 1527 5042 τὴν
1580 4974 1806 5042 πορείαν

221 5065 464 5134 διήνυον,
524 5065 645 5118 ὅθεν
697 5063 790 5117 καὶ
830 5065 994 5120 αὑτὸν
1030 5068 1237 5118 ἐκεῖνον
1296 5064 1558 5137 ἠρώτων,
1591 5064 1675 5128 τίς
1701 5066 1808 5136 ἄρα

223 5157 491 5223 Λογγῖνος
524 5158 607 5226 είη
645 5159 740 5210 καὶ
766 5160 917 5218 ποῖος
946 5159 973 5209 ὁ
1000 5158 1261 5225 Λογγῖνον
1285 5157 1424 5226 ἔχων
1463 5157 1632 5227 ἀγρός
1651 5172 1664 5185 '
1693 5159 1805 5219 τοῖς

229 5247 332 5313 μὲν
358 5249 467 5319 γὰρ
503 5243 571 5318 ἦν
620 5252 650 5318 ἡ
686 5249 908 5320 σπουδὴ,
965 5250 1216 5321 Λογγίνῳ
1243 5250 1466 5319 ἀφανῶς
1493 5251 1802 5314 ἐπιθέσθαι,

224 5339 446 5404 δεδιόσι,
487 5341 562 5410 μὴ
623 5341 724 5410 τὴν
782 5344 1061 5412 σωτηρίαν
1097 5348 1240 5413 φυγῇ
1279 5344 1800 5414 πραγματεύσηται.

235 5427 500 5494 Ἥγνόουν
547 5433 604 5486 δὲ
639 5435 722 5485 ὅτι
757 5435 956 5502 μᾶλλον
990 5432 1193 5504 αὐτῷή
1235 5436 1437 5504 σπουδὴ
1468 5434 1738 5505 ληφθῆναι
1770 5435 1803 5504 ὴ

224 5522 461 5586 ἐκείνοις
518 5523 738 5577 λαϐεῖν’
800 5524 996 5596 ἐζήλου
1040 5527 1149 5596 γὰρ
1189 5528 1401 5579 ἐκείνου
1436 5528 1526 5580 τὸν
1558 5527 1804 5589 ἑκούσιον

227 5615 483 5679 θάνατον,
518 5618 577 5670 ὃν
639 5617 766 5671 ἰδὼν
794 5621 851 5670 ἐν
890 5621 1106 5690 σταυρῷ
1140 5620 1270 5673 θεὸν
1300 5620 1676 5690 ὡμολόγησεν,
1709 5622 1804 5674 καὶ

225 5709 414 5779 ὥσπερ
439 5710 672 5777 Χριστὸς
703 5712 769 5763 δι’
801 5714 970 5782 ἡμᾶς,
995 5713 1138 5766 οὕτω
1169 5713 1255 5766 διὰ
1285 5714 1520 5782 Χριστὸν
1543 5716 1803 5782 Λογγῖνος

219 5800 321 5862 τὴν
352 5806 571 5875 σφαγὴν
597 5804 771 5870 ἐδίψα.

1896 621 2203 678 snrreptutn
2240 627 2251 661 :
2289 611 2380 663 sed
2427 609 2603 678 lingua
2631 621 2685 664 et
2717 618 2892 665 mente
2925 609 3088 664 libera
3120 623 3243 663 eum
3285 619 3470 661 verum

1896 715 2014 756 esse
2067 699 2234 754 Deum
2284 702 2610 770 prmdicarit,
2643 711 2693 755 et
2725 717 2754 756 e
2785 704 3010 757 mortuis
3037 717 3156 755 esse
3181 702 3473 756 excitatum

1897 791 2263 845 aﬂirmaverit.
2306 792 2422 857 Quo
2467 794 2663 845 factum
2695 802 2797 858 est,
2847 800 2904 845 ut
2936 801 2988 846 et
3020 791 3132 860 ipse
3161 790 3386 857 Pilatus,
3421 798 3475 845 et

1896 884 2202 938 Judmornm
2230 898 2535 954 -synag0gae
2567 883 2864 952 principes,
2899 876 3158 938 invidiam
3195 897 3298 952 qua
3327 883 3475 952 prius

1898 977 2255 1031 movebantur
2301 977 2354 1030 in
2408 975 2788 1039 Christum,et
2834 991 2995 1044 quem
3037 977 3088 1030 in
3129 990 3249 1028 eum
3296 973 3475 1028 animo

1896 1066 2280 1135 concipiebant
2338 1066 2614 1132 furorem,
2674 1081 2798 1121 eum
2850 1081 2999 1120 nunc
3063 1067 3114 1118 in
3178 1066 3473 1132 Longinum

1900 1153 2278 1220 transferrem,
2305 1155 2352 1209 ei
2393 1155 2528 1209 adeo
2569 1155 2888 1219 irascentes,
2924 1162 2982 1208 ut
3026 1154 3281 1223 quidquid
3311 1162 3476 1221 pate-

1899 1255 2048 1300 retur
2094 1244 2395 1312 Longinus,
2429 1245 2813 1299 existimarent
2857 1257 2979 1299 eum
3017 1258 3123 1296 non
3152 1244 3286 1296 satis
3319 1243 3474 1294 datu-

1898 1350 2018 1389 rum
2062 1349 2183 1390 esse
2233 1349 2540 1405 pcenarum.
2588 1334 2727 1389 Hinc
2770 1350 2831 1388 ea
2885 1349 2972 1389 res
3012 1335 3157 1388 venit
3210 1334 3275 1388 ad
3317 1347 3478 1388 aures

1899 1425 2148 1497 Longini.
2173 1434 2226 1481 et
2253 1440 2442 1480 eorum
2479 1427 2558 1480 ira
2590 1424 2758 1480 fuitei
2791 1425 3114 1493 significata.
3141 1424 3481 1492 Quapropter

1901 1519 2072 1588 magis
2101 1517 2287 1572 volens
2318 1517 2475 1584 abjici
2511 1532 2636 1571 cum
2664 1515 2905 1577 Christo,
2943 1530 3100 1585 quam
3134 1515 3382 1568 habitare
3421 1514 3477 1566 in

1903 1615 2266 1668 tabernaculis
2294 1613 2624 1680 Judteorum,
2654 1628 2776 1667 cum
2807 1621 2956 1668 veste
2988 1622 3042 1666 et
3067 1611 3282 1680 cingulo
3305 1611 3482 1680 digni-

1905 1706 2054 1769 tatis,
2088 1705 2256 1773 ipsam
2287 1718 2499 1772 qnoque
2529 1703 2688 1757 simul
2721 1703 3122 1772 quamprimum
3153 1701 3302 1757 exuit
3336 1702 3476 1754 mili-

1902 1799 2052 1853 tiam.
2098 1797 2164 1851 Et
2208 1800 2447 1866 acceptis
2495 1797 2705 1851 duobus
2753 1796 3038 1855 militibus.
3088 1796 3178 1866 qui
3208 1792 3479 1850 habebant

1832 1882 1870 1937 Β
1900 1893 2150 1946 eumdem
2198 1889 2371 1946 zelum
2416 1904 2514 1959 pro
2567 1888 2788 1944 Christo
2839 1899 2894 1942 et
2939 1890 3191 1952 veritate,
3249 1889 3480 1942 declinat

1899 1997 2019 2037 cum
2070 1983 2266 2052 popqu
2311 1981 2772 2052 congressionem,
2829 1990 2880 2034 et
2937 1995 3056 2034 cum
3115 1981 3222 2034 Deo
3273 1979 3386 2034 solo
3424 1987 3479 2032 ct

1899 2087 2080 2127 secum
2113 2088 2269 2128 versa
2279 2082 2385 2127 tur.

1971 2271 2056 2327 lll.
2086 2271 2197 2326 Nec
2228 2271 2455 2326 multum
2491 2268 2792 2324 intercessit
2844 2269 3123 2337 temporis,
3173 2276 3227 2321 et
3274 2267 3479 2322 relictis

1903 2363 2314 2433 Hierosolymis,
2358 2362 2506 2416 venit
2555 2361 2607 2414 in
2654 2360 3074 2430 Cappadociam,
3119 2374 3293 2427 prch
3324 2361 3480 2412 simul

1900 2468 1952 2512 et
1983 2456 2257 2524 apostolus
2291 2454 2494 2509 Christi
2551 2452 2950 2510 admirabilium
2985 2466 3229 2519 operum,
3273 2463 3326 2503 et
3363 2466 3483 2519 qua

1900 2555 2026 2599 sunt
2067 2553 2262 2613 praeter
2303 2544 2611 2612 Opinionem
2654 2555 2779 2595 cum
2824 2540 2929 2594 illis
2967 2540 3174 2595 duobus
3219 2540 3480 2593 militibus

1900 2634 2146 2693 eﬂ'ectus.
2194 2634 2331 2687 Cum
2378 2643 2558 2686 autem
2609 2647 2798 2686 eorum
2847 2632 2978 2686 nihil
3014 2635 3203 2685 lateret
3245 2630 3478 2696 Judmns,

1903 2731 2085 2794 utpote
2106 2725 2246 2791 quod
2277 2725 2419 2778 fama
2445 2724 2510 2778 ad
2532 2738 2721 2776 omnes
2741 2723 3041 2793 Longinum
3067 2721 3478 2783 transmitteret,

1901 2823 1955 2867 et
2001 2816 2220 2884 perinde
2257 2830 2319 2868 ac
2371 2816 2510 2867 alata
2565 2813 2858 2883 perniciter
2901 2827 3115 2867 omnem
3148 2821 3486 2882 percurreret

1907 2905 2208 2972 regionem,
2243 2907 2278 2958 ii
2311 2905 2470 2959 simul
2510 2904 2896 2958 convenientes
2930 2903 3252 2972 persuadent
3284 2900 3480 2963 Pilato,

1904 3003 1960 3046 ut
2010 2994 2078 3049 de
2133 2992 2383 3065 Longino
2427 2995 2566 3049 male
2621 2997 2785 3057 dicat,
2831 3004 2886 3048 et
2940 2995 3210 3064 signiticet
3258 2992 3479 3056 Caesari,

1905 3086 2047 3157 quod
2092 3085 2266 3141 aliena
2310 3087 2539 3142 sentiret
2591 3086 2658 3140 ab
2712 3085 2940 3152 imperio
2991 3084 3382 3149 Romanorum,
3429 3095 3484 3137 ct

1905 3178 2050 3247 quod
2081 3177 2340 3244 neglectis
2369 3179 2556 3242 armis,
2598 3175 2875 3232 Christum
2904 3176 3159 3245 praedicet
3192 3176 3478 3244 quemdam

1905 3281 2085 3336 regem
2126 3268 2411 3337 gentibus,
2473 3279 2527 3321 et
2572 3268 2651 3322 sic
2692 3281 2881 3321 omnes
2939 3267 2990 3320 in
3037 3280 3189 3320 suam
3238 3267 3484 3336 redigens

1906 3365 2254 3425 potestatem,
2286 3360 2528 3412 attrahat
2563 3360 2626 3410 ad
2660 3357 2801 3410 illius
2834 3355 3013 3410 ﬁdem.
3051 3355 3249 3411 Eorum
3279 3366 3480 3419 autem,

1901 3447 2141 3513 aiebant,
2173 3462 2293 3518 qua:
2326 3449 2601 3512 dicuntur,
2625 3449 2840 3518 signum
2867 3457 2969 3514 est,
3002 3448 3145 3518 quod
3174 3449 3482 3502 universam

1901 3535 2296 3606 Cappadociam
2331 3553 2392 3592 ea
2429 3539 2671 3607 implevit
2699 3538 2966 3592 doctrina.
3001 3536 3136 3593 Cum
3171 3537 3253 3592 bis
3290 3537 3485 3590 litteris

1902 3627 2062 3682 simul
2108 3627 2271 3682 etiam
2321 3628 2575 3681 emittunt
2621 3628 2901 3696 pecunias,
2949 3627 3003 3681 in
3049 3643 3209 3683 aures
3253 3627 3485 3683 Casaris

1903 3721 2146 3776 volentes
2181 3720 2443 3790 irrepere,
2482 3727 2540 3773 ut
2570 3717 2801 3789 Longini
2846 3728 3075 3773 mortem
3125 3716 3286 3772 facile
3332 3734 3478 3772 eme-

1903 3821 2045 3864 rent.
2085 3810 2237 3876 Quod
2290 3814 2504 3879 quidem
2553 3812 2822 3880 processit
2861 3811 3046 3875 etiam,
3087 3820 3144 3865 ut
3175 3799 3478 3872 ridebatur,

1908 3899 2126 3955 Judmis.
2183 3899 2251 3954 Et
2304 3900 2471 3956 Retna
2522 3901 2700 3953 statim
2750 3901 2804 3953 in
2858 3900 3099 3955 Iudaeam
3151 3900 3483 3957 ad‘Pilatttnt

1913 3995 2201 4048 mittuntur
2231 3992 2443 4058 litterae,
2465 4007 2583 4061 qua:
2613 3990 2913 4061 Longinum
2939 4002 3113 4072 morte
3134 3995 3480 4048 damnabunt.

1904 4082 2107 4137 Pilatus
2153 4097 2282 4153 ergo
2321 4082 2556 4150 acceptis
2591 4081 2810 4147 litteris,
2844 4097 2937 4138 eas
2975 4084 3156 4136 statim
3191 4085 3354 4137 tradit
3387 4082 3484 4137 Ju-

1905 4175 2054 4241 d.eis,
2085 4182 2139 4229 et
2164 4175 2229 4228 ad
2261 4173 2401 4228 beati
2438 4173 2537 4226 viri
2572 4174 2770 4228 cardem
2802 4175 2998 4228 alacris
3030 4176 3238 4228 alacres
3267 4178 3484 4230 emittit.

1906 4264 1988 4319 Illi
2019 4275 2197 4318 autem
2237 4279 2358 4317 cum
2397 4273 2562 4318 totam
2620 4280 2740 4332 qua:
2779 4266 3169 4331 intercedebat,
3206 4269 3480 4336 regionem

1906 4355 2139 4408 maxima
2177 4354 2541 4425 pervasissent
2577 4355 2880 4421 celeritate,
2923 4358 3146 4412 veniunt
3187 4359 3238 4412 in
3271 4359 3483 4428 Cappa-

1907 4447 2102 4500 docum
2140 4446 2413 4516 regionem
2453 4466 2466 4500 :
2500 4458 2553 4502 et
2587 4463 2708 4503 cum
2745 4449 3044 4504 audiissent
3095 4450 3391 4520 Longinum
3431 4455 3480 4506 in

1829 4557 1882 4617 Ι)
1909 4537 2144 4605 quodam
2173 4553 2302 4608 agro
2336 4549 2563 4606 paterno
2593 4552 2752 4605 agere
2785 4539 2947 4592 vitam
2987 4540 3053 4593 ab
3094 4543 3240 4593 omni
3267 4546 3482 4611 negotio

1910 4637 2193 4691 remotam,
2230 4630 2410 4681 statim
2456 4632 2676 4684 veniunt
2716 4630 2770 4684 in
2823 4644 3033 4702 agrum,
3084 4641 3134 4687 et
3181 4649 3301 4689 cmn
3339 4636 3480 4690 Lon-

1905 4717 2029 4785 gino
2099 4732 2380 4774 sermones
2437 4718 2744 4786 conferunt,
2805 4724 3109 4778 nescientes
3164 4740 3286 4778 eum
3340 4740 3481 4793 esse,

1903 4819 2124 4878 propter
2158 4825 2315 4878 quem
2351 4822 2459 4864 tam
2497 4826 2720 4880 magnos
2762 4813 2973 4866 labores
3006 4815 3394 4881 suscepissent,
3427 4830 3481 4870 et

1907 4902 2010 4955 iter
2049 4901 2427 4958 cant‘ecissent.
2455 4901 2607 4957 Unde
2634 4904 2798 4958 etiam
2829 4905 2976 4959 illum
3002 4905 3173 4975 ipsum
3197 4910 3479 4977 rogabant,

1905 4993 2156 5061 quisnam
2206 5003 2349 5048 esset
2390 4994 2685 5066 Longinus,
2717 5005 2772 5052 et
2807 4998 2858 5052 in
2892 5014 3122 5067 quonam
3152 5000 3357 5066 praedio
3389 5001 3479 5053 ha-

1906 5083 2123 5139 bitaret.
2167 5084 2470 5156 Longinum
2515 5089 2660 5142 enim
2714 5088 3003 5142 studebant
3047 5089 3186 5142 clam
3238 5093 3477 5161 aggredi,

1907 5177 2160 5234 timentes
2187 5195 2255 5236 ne
2279 5180 2507 5237 salutem
2537 5183 2638 5237 sibi
2673 5181 2794 5251 fuga
2832 5194 3120 5251 quaereret.
3157 5182 3479 5253 lgnorahant

1906 5281 2084 5327 autem
2126 5287 2248 5327 eum
2290 5275 2719 5343 magis‘studere
2749 5285 2806 5328 ut
2841 5283 3146 5345 caperetur,
3181 5292 3342 5345 quam
3381 5278 3478 5340 illi,

1909 5373 1968 5420 ut
1999 5373 2276 5436 caperent.
2312 5365 2632 5422 imitabatur
2664 5366 2808 5420 enim
2850 5376 3078 5421 mortem
3114 5366 3252 5420 illius
3284 5367 3478 5421 volun-

1906 5455 2123 5518 tariam,
2176 5470 2334 5525 quem
2384 5472 2504 5511 cum
2557 5457 2779 5514 vidisset
2826 5459 2877 5512 in
2929 5457 3128 5525 cruce,’
3162 5458 3329 5514 Deum
3377 5457 3478 5514 fuit

1905 5547 2187 5604 confessus
2232 5568 2246 5605 :
2301 5559 2357 5604 et
2405 5553 2676 5620 quomodo
2719 5550 2967 5607 Christus
2993 5562 3210 5622 propter
3244 5569 3362 5619 nos,
3402 5553 3475 5608 ita

1905 5638 2180 5708 Longinus
2215 5651 2434 5712 propter
2460 5640 2734 5698 Christum
2767 5645 2967 5700 easdem
3002 5644 3242 5700 sitiebat.
