4212 6440
724 386 796 448 35
1993 390 2277 451 MENSIS
2320 390 2693 453 manus.
3120 380 3129 395 ’
3924 398 3997 465 36

798 491 884 549 IV.
921 494 1051 549 Cum
1095 509 1224 567 ergo
1250 495 1487 567 Spiritus
1516 508 1732 555 sanctus
1760 500 1847 555 illa
1880 501 2009 556 hora
2047 503 2096 556 ei
2131 503 2313 557 omnia

2489 506 2561 561 A'.
2589 506 2698 559 Τοῦ
2722 506 3041 577 Uva-Spero;
3069 504 3162 563 οὖν
3198 507 3272 579 τῷ
3301 510 3441 579 ἀγεῳ
3462 510 3641 565 πάντα
3676 516 3793 566 κατ’
3815 514 3995 567 ἐκεῖνο

727 588 1107 657 signiﬁcasset,
1161 595 1362 644 sensim
1418 593 1483 645 ad
1534 593 1679 660 ipsos
1730 608 2047 659 conversus,
2101 596 2216 649 miti
2259 606 2314 649 et

728 677 833 731 leui
877 693 1010 733 voce
1061 679 1238 733 dicit:
1282 698 1299 730 ι
1341 680 1660 750 Sequimini,
1707 693 1761 737 et
1812 685 1923 753 ipse
1970 701 2113 749 eum,
2149 702 2311 755 quem

727 772 991 837 qumiitis,
1026 772 1375 824 ustendam’.
1423 789 1440 822 ι
1496 773 1645 829 Tunc.
1692 790 1823 841 ergo
1870 776 2032 828 veluti
2080 779 2218 846 apud
2255 793 2313 830 se

728 860 918 915 lwtans
944 862 1033 914 ille
1063 863 1254 917 beatus
1285 873 1336 917 et
1374 864 1535 918 futuri
1584 867 1839 934 gaudium
1881 869 2223 937 praecipiens,
2260 881 2313 923 et

728 961 854 1004 ante
886 953 1205 1021 martyiium
1246 966 1475 1008 mortem
1526 958 1770 1023 martyrii
1818 958 2170 1027 amplectens,
2202 964 2313 1015 hanc

729 1056 914 1095 secum
959 1042 1211 1097 diccbat:
1253 1044 1426 1109 Quam
1463 1047 1691 1113 Speciosi
1735 1050 1897 1117 pedes
1940 1053 2313 1119 evangelizau-

726 1132 860 1186 tium
898 1134 1033 1185 bona
1057 1134 1108 1187 ’Ξ
1140 1133 1290 1188 Nunc
1323 1138 1513 1189 videbo
1540 1140 1705 1190 eteius
1729 1150 1961 1207 apertus.
1991 1140 2143 1193 Nunc
2175 1144 2316 1210 aspi-

727 1225 865 1276 ciam
912 1226 1137 1291 gloriam
1187 1225 1385 1281 Patris.
1442 1225 1612 1291 Nunc,
1657 1233 1795 1282 sicut
1837 1229 2055 1297 primus
2110 1243 2315 1303 martyr

728 1311 1055 1380 Stephanus,
1091 1319 1203 1380 ipse
1224 1332 1436 1385 quoque
1457 1318 1629 1370 dicam
1663 1336 1675 1371 :
1713 1338 1731 1370 ι
1766 1318 1988 1372 Domine
2010 1319 2132 1374 Jcsu
2153 1318 2313 1375 Chri-

728 1416 833 1467 ste,
891 1409 1073 1474 accipe
1120 1407 1370 1474 spiritum
1427 1425 1604 1462 meum
1638 1412 1684 1474 ⁸,
1727 1430 1745 1462 ι
1804 1426 1961 1480 quem
2015 1414 2314 1469 clarissima

726 1511 858 1549 voce
896 1499 1071 1553 audivi
1124 1510 1355 1552 mortem
1390 1502 1455 1552 ad
1498 1517 1555 1553 se
1583 1511 1892 1557 vocantem.
1928 1503 2079 1558 Nunc
2122 1521 2311 1575 snper-

726 1600 850 1638 nam
881 1584 1207 1654 Jerusalem,
1244 1591 1562 1656 angelorum
1598 1594 1814 1659 quidem
1854 1599 2106 1662 patriam,
2151 1601 2312 1652 totius

724 1688 903 1732 autem
950 1680 1103 1734 chori
1150 1692 1461 1736 sanctorum
1510 1686 1882 1755 nietrnpolim,
1918 1704 2037 1739 cum
2075 1690 2314 1742 victurize

724 1769 1027 1838 plausibus,
1072 1785 1125 1825 et
1172 1775 1420 1837 canticis,
1469 1782 1522 1827 et
1564 1776 1816 1841 gloriosis
1850 1781 2088 1844 tropaeis,
2126 1794 2317 1831 ascen-

725 1863 871 1913 tlam.
924 1861 1083 1916 Nunc
1119 1878 1261 1918 exuo
1294 1880 1323 1919 e
1358 1864 1470 1917 luto
1508 1866 1811 1919 confectam
1866 1871 2122 1943 tunicam,
2153 1881 2205 1922 et
2239 1870 2315 1923 la-
2348 1848 2389 1908 Β

727 1956 1036 2006 mentabdia
1088 1956 1305 2023 depono
1347 1958 1527 2011 carnis
1560 1959 1791 2011 vincula.
1828 1957 1981 2013 Nunc
2012 1961 2210 2014 Iiberor
2249 1963 2315 2016 ab

727 2042 951 2095 interitu
982 2056 1033 2095 et
1060 2046 1430 2114 corruptione,
1471 2058 1525 2101 et
1564 2049 1717 2102 laatus
1745 2050 1908 2104 induo
1940 2052 2315 2122 incorruptio-

726 2147 873 2186 nem.
937 2133 1199 2203 Egredior
1245 2152 1274 2189 e
1322 2140 1428 2191 vita
1476 2143 1689 2193 cadnt-a‘
1726 2152 1779 2194 et
1832 2150 2229 2205 momentanea,
2265 2155 2316 2198 et

727 2240 792 2279 ex
847 2235 1189 2292 tempestate,
1229 2233 1384 2296 cujus
1436 2242 1563 2282 sunt
1613 2237 1792 2301 magni
1830 2233 2021 2285 ﬂuctus
2049 2245 2100 2287 et
2133 2239 2315 2303 gravia

723 2315 1034 2383 naufragia,
1071 2327 1123 2371 et
1171 2321 1328 2371 venit)
1363 2324 1427 2371 ad
1472 2338 1654 2374 verum
1693 2335 1746 2377 et
1785 2325 1955 2376 solum
1990 2337 2225 2393 portuui,
2262 2327 2315 2380 in

726 2421 836 2476 quo
884 2410 987 2462 vita
1035 2420 1118 2466 est
1168 2412 1236 2466 ab
1290 2414 1435 2466 omni
1488 2417 1701 2468 tristitia
1739 2428 1942 2470 remota
1989 2430 2042 2471 et
2088 2432 2312 2477 anc-ma.

732 2500 969 2563 Latare,
1025 2502 1231 2566 anima,
1294 2520 1413 2570 qua:
1466 2507 1615 2558 vadis
1652 2510 1716 2559 ad
1780 2518 1925 2560 tuum
1985 2508 2313 2566 eﬂectorem.

723 2586 963 2643 Ostende
999 2591 1197 2656 laetam,
1232 2601 1472 2663 tempore
1503 2598 1552 2647 id
1588 2599 1917 2665 postulante.
1945 2598 2162 2651 faciem.
2191 2600 2314 2663 Eos,

728 2681 821 2746 qui
872 2682 967 2733 tibi
1015 2692 1093 2735 tot
1138 2687 1276 2737 bOna
1330 2688 1647 2751 conciliant,
1700 2704 1731 2739 ο
1785 2688 2043 2755 Longine.
2086 2692 2318 2758 benigne

727 2773 936 2837 excipe.
982 2770 1089 2824 Eos
1141 2775 1228 2840 qui
1288 2788 1388 2830 nos
1439 2780 1505 2829 ad
1554 2793 1765 2831 cmnam
1820 2788 2016 2834 vocant
2061 2781 2319 2851 regalem,

731 2861 881 2917 lauto
915 2873 970 2916 et
998 2864 1285 2934 magnifico
1315 2868 1645 2935 accipiamus
1680 2871 1947 2925 convivio.

2417 600 2511 669 τῆς
2543 600 2690 666 ὥρας
2714 601 3105 668 γνωρίσαντος.
3132 601 3317 670 ἠρέμα
3349 602 3483 670 προς
3511 603 3706 665 αὐτοὺς
3733 604 4000 674 ἐπιστρα-

2420 693 2567 760 φείς·
2624 692 2992 745 Ἀκολουθεῖτὲ
3022 712 3136 762 μοι,
3168 694 3316 761 λέγει
3347 695 3553 765 πραεία
3582 698 3758 763 φωνῇ,
3792 696 4003 749 καὶτὸν

2419 785 2755 857 ζητούμενον
2790 788 2951 850 αὐτὸς
2983 787 3273 853 ὑποδείξω.
3309 788 3443 839 Τότε
3475 784 3591 852 οῦν,
3625 788 3816 857 ῶσπερ
3850 790 4001 839 ἐνευ-

2418 883 2782 950 φραινόμενος
2834 881 2861 932 ὁ
2926 882 3196 950 μακάριος
3232 881 3415 951 ἐαυτῷ
3458 879 3675 933 καὶτοῦ
3712 880 4001 949 μέλλοντος

2420 972 2817 1041 προαπολαυων
2844 971 2942 1039 τῆς
2968 971 3159 1039 ήδονῆ;
3194 972 3289 1023 καὶ
3323 973 3429 1039 προ
3453 970 3545 1022 τοῦ
3579 970 3881 1039 μαρτυρίου
3910 970 4002 1021 τὸν

2414 1067 2509 1117 τοῦ
2546 1066 2846 1135 μαρτυρίου
2879 1066 3111 1118 θάνατον
3160 1063 3559 1133 ἀσπαζόμενος.
3602 1062 3828 1115 τοιαῦτα
3863 1062 4000 1130 πρὸς

2415 1160 2609 1212 ὲαυτδιν
2638 1160 2947 1225 διελέγετο’
3008 1158 3095 1219 Ὠς
3151 1159 3344 1225 ὡραῖοι
3396 1158 3445 1209 οἱ
3488 1158 3647 1217 πόδες
3688 1155 3796 1229 ea»,
3831 1154 4002 1221 εὐαγ-

2416 1251 2783 1317 γελιζομένων
2830 1252 2897 1303 τά
2952 1250 3131 1316 ἀγαθά
3167 1252 3178 1302 !
3214 1249 3329 1301 Νῦν
3357 1250 3481 1310 τοὺς
3525 1247 3785 1317 οὐρανοὺς
3830 1249 4005 1315 ἀνεῳο

2418 1345 2655 1411 γμένους
2691 1342 2924 1410 ὅψομαιε
2982 1342 3078 1394 νῦν
3116 1343 3389 1409 ἱστορήσω
3435 1340 3532 1409 τὴν
3559 1339 3716 1403 δόξαν
3748 1340 3841 1392 τοῦ
3891 1338 4005 1391 ηα-

2417 1436 2575 1505 τρόςο
2614 1433 2707 1486 νῦν
2738 1435 2821 1486 ἐπ’
2853 1436 2975 1503 ἴσης
3005 1433 3083 1501 τῷ
3118 1435 3319 1503 πρώτῳ
3372 1432 3482 1483 τῶν
3542 1431 3836 1501 μαρτύρων
3866 1431 3999 1483 Στε-

2418 1529 2605 1596 φάνῳ*
2649 1526 2822 1595 Κύριε
2868 1526 3045 1593 Ἰησοῦ
3078 1527 3307 1595 Χριστὲ,
3345 1526 3495 1591 δέξαι
3528 1525 3587 1579 τὸ
3625 1525 3843 1594 πνεῦμά
3873 1542 3999 1595 μου,

2416 1619 2512 1670 καὶ
2553 1618 2714 1678 αὐτὸς
2752 1617 2885 1685 ἐρῶ,
2943 1612 3003 1670 οὗ
3041 1618 3400 1688 λαμπροτάτῃ
3460 1621 3611 1685 φωνῇ
3646 1618 3739 1669 τὸν
3768 1617 4003 1669 θάνατον

2418 1710 2712 1772 καλοῦντος
2752 1711 2839 1778 ἐφ’
2872 1711 3067 1762 ἑαυτὸν
3099 1712 3345 1780 ἀκήκοα·
3380 1709 3474 1763 νῦν
3508 1712 3867 1781 Ἰερουσαλὴμ.
3900 1711 4000 1778 τῆς

2419 1801 2700 1864 ἀνωτάτω,
2760 1800 2862 1867 τῆς
2918 1801 3178 1869 πατρίδος
3233 1800 3332 1868 μὲν
3379 1802 3486 1853 τῶν
3521 1802 3791 1869 ἀγγέλων,
3823 1801 3918 1852 τοῦ
3947 1801 4005 1852 δὲ

2420 1890 2529 1943 τῶν
2559 1890 2731 1957 ἁγίων
2762 1889 2927 1960 χοροῦ
2956 1890 3157 1953 παντὸς
3183 1892 3593 1961 μητροπόλεως,
3622 1892 3759 1961 μετά
3790 1893 4003 1961 κρότων

2422 1986 2710 2040 ἐπινικίων
2734 1986 2827 2039 καὶ⁵
2859 1986 3175 2055 περιφανῶν
3210 1987 3318 2037 τῶν
3359 1987 3638 2057 τροπαίων
3662 1985 3855 2055 ἥδιστα
3878 1987 4003 2035 ἑπι-

2422 2081 2694 2150 ϐήσομαι’
2752 2078 2845 2130 νῦν
2885 2077 3195 2147 ἀποδύομαι
3232 2079 3323 2131 τὸν
3370 2079 3596 2147 πήλινον
3633 2078 3858 2147 χιτῶνα,
3908 2078 4003 2129 καὶ

2422 2174 2546 2233 τοὺς
2584 2170 3052 2229 πολυστενάκτους
3080 2168 3177 2235 τῆς
3215 2168 3417 2236 σαρκὸς
3465 2170 3698 2236 δεσμοὺς
3748 2168 4002 2219 ἀποτίθε-

2428 2280 2524 2331 μαι
2549 2278 2561 2290 ’
2590 2261 3008 2326 ἀπαλλάττομαι
3037 2258 3137 2322 τῆς
3179 2256 3408 2325 φθορᾶς,
3442 2257 3535 2309 καὶ
3558 2257 3656 2323 τὴν
3688 2246 4003 2325 ἀφβαρσίαν

2422 2354 2630 2425 χαίρων
2664 2353 2947 2422 ὲνδύομαι·
2984 2351 3163 2420 ἔξειμι
3208 2348 3301 2403 τοῦ
3354 2351 3695 2420 προσκαίρου
3752 2348 3871 2417 βίου
3907 2349 4003 2401 καὶ

2421 2448 2515 2501 τοῦ
2551 2446 2841 2516 χειμῶνος,
2877 2439 2936 2498 οὗ
2968 2443 3182 2513 μεγάλα
3211 2443 3277 2495 τὰ
3303 2443 3527 2512 κύματα
3563 2442 3655 2494 καὶ
3695 2439 3909 2509 χαλεπά
3936 2443 4003 2493 τὰ

2424 2541 2683 2603 ναυάγια,
2720 2538 2815 2587 καὶ
2850 2537 2984 2603 πρὸς
3012 2536 3103 2587 τὸν
3127 2536 3302 2604 ἀληθῆ
3351 2536 3446 2588 καὶ
3479 2534 3642 2604 μόνον
3665 2530 4004 2599 ἀφικνοῦμαι

2424 2630 2643 2697 λιμένα,
2700 2627 2757 2677 ὲν
2820 2620 2862 2693 ᾧ
2897 2627 3009 2695 ζωὴ
3044 2627 3247 2689 ἄλυπος
3294 2628 3388 2679 καὶ
3414 2626 3654 2688 αἰώνιος.
3691 2625 4003 2695 Εὐφραίνου

2426 2725 2564 2793 πρὸς
2620 2721 2710 2773 τὸν
2741 2721 2833 2772 σὴν
2891 2720 3265 2789 ἀπερχομένη.
3297 2721 3467 2788 ψυχὴ,
3522 2719 3760 2785 Ποιητήν
3784 2733 3796 2747 ο
3830 2718 4002 2779 δεῖξον

2424 2812 2671 2883 φαιόρδν,
2698 2811 2891 2881 καιροῦ
2927 2810 3241 2873 καλοῦντος,
3264 2811 3324 2860 τὸ
3357 2812 3650 2880 πρόσωπον
3677 2828 3685 2839 ·
3710 2809 3833 2869 τοὺς
3868 2824 4003 2877 προ-

2427 2907 2608 2967 ξένους
2644 2921 2724 2954 σοι
2756 2904 2861 2954 τῶν
2894 2905 3163 2957 τοσούτων
3186 2901 3427 2969 ἀγαθῶν,
3461 2902 3709 2968 Λογγῖνε,
3744 2898 4002 2969 φιλοφρό-

2425 3012 2529 3055 νως
2552 2994 2839 3059 ὑπόδεξαι·
2884 2996 3009 3061 τοὺς
3040 2998 3131 3047 ἐπὶ
3161 2995 3221 3046 τὸ
3259 2994 3475 3046 δεῖπνον
3506 2992 3655 3063 ἡμᾶς
3703 2990 4005 3053 καλοῦντας

2428 3087 2486 3137 τὸ
2530 3085 2810 3155 βασιλικὸν
2833 3086 3143 3147 πολυτελῶς
3167 3086 3536 3153 ἑστιάσωμαι.

805 3190 867 3242 ν.
904 3189 1028 3243 Haec
1083 3205 1207 3243 cum
1256 3194 1398 3261 apud
1453 3212 1511 3249 se
1560 3196 1771 3252 locutus
1822 3212 1963 3256 esset
2018 3202 2313 3273 Longinus,

2496 3180 2570 3232 E'.
2606 3178 2791 3230 Ταῦτα
2856 3178 2991 3246 πρὸς
3049 3176 3241 3227 ἑαυτὸν
3287 3176 3314 3225 ό
3354 3175 3617 3239 Λογγῖνος
3677 3171 4003 3240 διαλεχθεὶς,

724 3295 837 3344 eos,
881 3285 969 3349 qui
1002 3283 1065 3334 ad
1114 3285 1285 3349 ipsum
1323 3298 1605 3353 venerant,
1636 3290 1818 3345 statim
1852 3293 2071 3348 tiucitin
2096 3299 2313 3350 domum

725 3385 901 3440 suam,
935 3386 989 3429 et
1027 3394 1149 3431 cum
1187 3379 1426 3447 hospitio
1467 3384 1730 3449 praeclare
1767 3386 2095 3453 accepisset,
2131 3390 2319 3459 incipit

723 3465 923 3518 deinde
955 3479 1145 3535 rogare
1176 3475 1298 3535 post
1319 3480 1532 3521 caenam
1559 3473 1972 3536 eurveuissent,
1993 3484 2048 3528 et
2069 3491 2317 3543 qumnam

726 3566 868 3609 esset
906 3567 1052 3611 tanta
1112 3557 1339 3629 Longini
1384 3560 1681 3629 inquisitio.
1719 3564 1797 3617 Illi
1831 3577 2032 3629 autem,
2070 3584 2187 3619 cum
2222 3586 2313 3621 sa-

726 3662 1092 3715 cramentum,
1144 3663 1398 3720 tanquam
1446 3656 1662 3722 aliquod
1712 3661 1905 3726 pignus
1958 3661 2025 3711 ab
2058 3675 2121 3713 eo
2154 3676 2317 3714 acce-

724 3746 954 3813 pissent,
1012 3761 1115 3797 non
1167 3760 1287 3799 eSse
1339 3748 1758 3815 publicaturum,
1806 3764 1922 3818 qua!
1961 3751 2007 3803 ci
2040 3752 2315 3820 dicereut,

728 3848 902 3902 neque
930 3847 1195 3890 set-return
1232 3853 1348 3894 esse
1394 3851 1728 3909 aperturum,
1761 3844 1948 3895 dicunt
1978 3860 2099 3911 quae
2135 3844 2309 3899 Pilato

727 3929 929 3995 scripta
978 3926 1197 3982 fuerant
1245 3947 1274 3983 a
1320 3930 1558 3995 Caesare,
1618 3935 1851 4000 etquod
1910 3937 2207 4001 venissent,
2257 3950 2313 3991 ut

727 4019 954 4087 Longini
1001 4035 1122 4073 cum
1175 4022 1383 4075 duobus
1427 4022 1688 4076 militibus
1736 4025 1910 4092 capita
1947 4038 2310 4095 amputarent.

723 4111 859 4163 Cum
890 4120 1071 4165 autem
1103 4112 1375 4175 scivissct,
1420 4114 1639 4182 quinam
1688 4128 1865 4189 essent
1896 4132 2017 4171 cum
2054 4119 2170 4186 ipso
2201 4132 2314 4173 mo-

724 4203 904 4268 rituri,
954 4205 1028 4257 illi
1076 4206 1283 4259 scilicet
1331 4207 1421 4276 qui
1470 4206 1710 4262 Iudaica:
1763 4211 1995 4265 mercedi
2036 4212 2311 4266 Christum

724 4308 1157 4362 praeposuerat",
1195 4299 1521 4365 signiﬁcavit
1551 4302 1649 4363 eis,
1686 4301 1776 4367 qui
1807 4318 1912 4354 non
1946 4303 2036 4355 diu
2084 4316 2211 4358 ante
2247 4306 2314 4361 ab

722 4400 789 4438 eo
817 4385 1207 4450 discesserant,
1256 4398 1310 4439 nt
1358 4389 1654 4456 primorum
1704 4390 1969 4446 bonorum
1998 4404 2179 4448 essent
2210 4396 2310 4449 sibi

723 4480 883 4534 socii.
928 4480 1173 4550 Cumque
1209 4482 1377 4537 semel
1412 4492 1575 4552 atque
1611 4482 1808 4537 iterum
1854 4498 1969 4549 eos,
2017 4487 2106 4553 qui
2160 4488 2308 4542 missi

722 4571 941 4625 fuerant
994 4590 1021 4625 a
1069 4572 1284 4640 Pilato,
1356 4575 1592 4644 hospitio
1651 4576 1940 4647 magniﬁce
1992 4579 2308 4649 accepisset,

724 4662 987 4729 postridie
1040 4677 1135 4715 eos
1187 4663 1389 4717 ducens
1440 4662 1493 4717 in
1545 4679 1753 4734 agrum,
1803 4668 2152 4735 exspectabat
2193 4684 2309 4733 eos,

726 4767 861 4819 quos
903 4756 1283 4809 accersiverat.
1330 4755 1693 4811 Cum.autem
1740 4760 2039 4827 accepisset
2074 4775 2166 4815 eos
2197 4761 2309 4830 jam

727 4845 1188 4912 appropinquare,
1239 4850 1417 4900 statim
1470 4850 1855 4918 annuntiat_iis
1883 4852 1973 4921 qui
2012 4854 2163 4908 missi
2199 4854 2311 4909 luc-

734 4948 855 4987 rant
888 4952 915 4987 a
951 4935 1121 4990 Pilato
1158 4954 1170 4989 :
1215 4937 1324 5006 Ego
1359 4956 1497 5001 sum,
1528 4941 1617 5009 qui
1656 4956 1683 4993 a
1724 4943 1876 4997 vobis
1903 4959 2136 5013 quazror,
2172 4946 2312 5000 Lon-

728 5027 905 5096 ginus.
958 5026 1038 5080 Illi
1091 5040 1270 5081 autem
1317 5030 1549 5098 ptimum
1596 5032 1811 5099 quidem
1850 5051 1954 5087 non
1990 5037 2307 5092 credebant.

726 5119 1008 5182 Quomodo
1055 5120 1197 5173 enim
1240 5123 1643 5177 existimassem
1690 5139 1811 5177 eum
1866 5142 2011 5193 esse,
2061 5131 2152 5197 qui
2192 5142 2312 5186 erat

728 5224 1011 5280 passurus,
1039 5227 1159 5265 cum
1192 5226 1314 5265 eum
1358 5212 1607 5268 viderent
1645 5223 1750 5267 tam
1785 5214 1963 5272 laetum
1997 5221 2062 5274 ad
2097 5222 2311 5288 pericu-

718 5300 828 5358 lum
869 5302 893 5354 ?
940 5299 1234 5369 Postquam
1281 5312 1462 5358 autem
1512 5315 1659 5359 recte
1706 5305 1976 5362 sciverunt
2011 5309 2160 5364 illum
2197 5324 2317 5366 esse

728 5404 784 5445 et
815 5392 957 5443 nulla
988 5391 1070 5445 eis
1099 5390 1200 5445 fuit.
1234 5393 1421 5447 relicta
1467 5393 1752 5458 dubitatio,
1790 5412 1932 5466 aegre
1965 5398 2231 5466 ferebant,
2266 5413 2321 5457 et

728 5500 757 5535 a
787 5484 1117 5537 conscientia
1172 5485 1368 5539 multas
1417 5485 1600 5554 plagas
1646 5490 2009 5554 accipiebant,
2050 5494 2176 5561 quid
2214 5512 2320 5551 tton

732 5577 948 5646 quidem
994 5578 1258 5639 dicentes,
1308 5580 1435 5645 quid
1488 5594 1593 5633 non
1644 5593 1822 5636 autem
1870 5581 2153 5648 facientes,
2195 5603 2319 5642 cum

731 5680 879 5725 esset
925 5670 1099 5724 adhuc
1159 5686 1349 5726 recens
1398 5674 1701 5729 recordatio
1759 5683 1815 5729 ut
1865 5678 1955 5746 qui
2017 5693 2113 5746 pro
2166 5680 2321 5738 bonis

813 5788 831 5817 '
863 5785 967 5841 lsa.
1000 5802 1071 5852 LI,
1109 5786 1157 5841 1.
1238 5788 1258 5820 ³
1291 5786 1451 5842 Rom.
1486 5803 1539 5853 χ,
1572 5790 1657 5842 13.
1760 5790 1779 5822 ⁸
1805 5793 1925 5849 Act.
1955 5809 2054 5861 vu,
2089 5794 2178 5851 58.

1238 5788 1258 5820 ³
1291 5786 1451 5842 Rom.
1486 5803 1539 5853 ι,
1572 5790 1657 5842 13.

2425 3274 2549 3334 τοὺς
2595 3272 2679 3323 ἐπ’
2734 3269 2897 3322 αὑτὸν
2962 3267 3214 3327 ἐλθόντας
3254 3269 3333 3327 εἰς
3365 3265 3453 3317 τὸν
3496 3264 3626 3316 ἴδιον
3667 3264 3827 3325 εὐθὺς
3855 3259 4003 3315 οἷκον

2424 3365 2547 3431 ἄγει
2591 3364 2684 3413 καὶ
2738 3362 2955 3425 ξενίσας
3003 3359 3297 3428 λαμπρῶς,
3340 3355 3460 3412 εἶτα
3496 3359 3592 3411 καὶ
3621 3357 3832 3427 ἐρωτᾷν
3865 3360 4005 3425 μετὰ

2424 3459 2483 3507 τὸ
2508 3455 2721 3505 δεῖπνον
2755 3454 3003 3521 ἄρχεται,
3030 3452 3117 3520 ἐφ’
3211 3468 3268 3501 τε
3300 3452 3509 3519 ἥκοιεν,
3548 3450 3641 3502 καὶ
3683 3448 3763 3511 τίς
3809 3449 3842 3517 ἠ
3880 3464 4004 3500 τοσ-

2424 3549 2563 3615 αύτη
2592 3546 2853 3614 Λογγίνου
2897 3547 3145 3614 ζήτησις.
3190 3545 3251 3599 Οἱ
3307 3546 3385 3608 δὲ,
3426 3545 3498 3614 μὴ
3548 3544 3612 3597 ἂν
3642 3541 4002 3611 δημοσιεῦσαι

2421 3642 2545 3701 τοὺς
2571 3639 2763 3709 λόγους
2796 3640 2931 3710 μηδὲ
2964 3641 3053 3691 τὸν
3081 3636 3807 3709 κρυπτόμενονἐκκαλύψαι,
3839 3636 4002 3704 ὅρκον

2421 3736 2672 3803 καθάπερ
2716 3751 2765 3784 τι
2798 3734 3079 3799 ἐνέχυρον,
3112 3730 3205 3781 ἀπ’
3242 3732 3403 3781 αὑτοῦ
3438 3729 3715 3791 λαϐόντες,
3766 3729 3833 3781 τὰ
3859 3745 4001 3797 γρα-

2424 3828 2594 3895 φέντα
2623 3824 2841 3887 Πιλάτῳ
2880 3822 3026 3888 παρὰ
3059 3820 3339 3888 Καίσαρος
3363 3820 3605 3884 λέγουσι,
3631 3822 3723 3871 καί
3754 3821 3835 3872 ὅτι
3862 3822 4003 3883 Λογ-

2419 3920 2574 3987 γίνου
2629 3915 2846 3979 συνάμα
2900 3912 2997 3965 καὶ
3052 3911 3148 3963 δύο
3183 3909 3535 3979 στρατιωτῶν
3591 3910 3691 3971 τὰς
3755 3911 4002 3979 κεφαλὰς

2421 4012 2674 4078 ἐκτεμεῖν
2699 4006 3102 4077 ἀπηντήκασιν.
3148 4004 3233 4068 Ὠς
3262 4004 3318 4056 δὲ
3344 4006 3436 4056 καὶ
3463 3997 3610 4057 οὗτοι
3642 4004 3786 4065 τίνες
3817 3998 3928 4055 εἶεν
3950 4003 4003 4055 οι

2422 4107 2537 4175 ἅμα
2574 4105 2722 4174 αὐτῷ
2776 4102 3076 4169 ἀποθανεῖν
3134 4099 3419 4169 μέλλοντες
3469 4097 3868 4167 ὲμάνθανον,-οί
3898 4096 4001 4164 τῆς

2430 4197 2753 4265 Ἰουδαϊκῆς,
2810 4194 2975 4263 φημὶ,
3038 4191 3365 4260 μισθαρνίας
3424 4190 3867 4257 προτιμήσαντες
3908 4189 4002 4240 τὸν

2416 4290 2676 4359 Χριστὸν,
2708 4289 2943 4354 τάχιστα
2972 4284 3101 4352 παρ’
3134 4281 3296 4333 αὑτὸν
3326 4281 3485 4351 ἥκειν
3517 4282 3641 4343 τοὺς
3675 4280 3875 4352 ἄνδρας
3912 4299 4003 4351 μισ

2418 4383 2534 4454 κρῴ
2569 4383 2673 4455 πρὸ
2710 4381 2897 4434 τούτου
2932 4380 3254 4442 διαστάντας
3281 4376 3469 4447 ἐδήλου
3493 4398 3504 4407 ·
3537 4375 3682 4428 ὥστε
3711 4377 3819 4429 τῶν
3855 4376 4003 4446 πρώ-

2418 4495 2525 4531 των
2580 4476 2802 4545 ἀγαθῶν
2860 4473 3011 4543 αὐτῷ
3064 4475 3425 4543 κοινωνῆσαι·
3455 4468 3598 4522 οὕτω
3647 4486 3702 4522 τε
3747 4470 3878 4540 μίαν
3907 4472 4003 4522 καὶ

2420 4572 2683 4640 δευτέραν
2719 4569 2934 4638 ἡμέραν
2961 4558 3090 4628 τοὺς
3122 4565 3227 4617 ὑπὸ
3260 4563 3497 4618 Πιλάτου
3523 4562 3816 4622 σταλέντας
3849 4560 4004 4630 φιλο-

2421 4665 2598 4733 τίμως
2624 4664 2862 4729 ξενίσας,
2894 4657 3229 4728 παραλαϐὼν
3254 4658 3449 4718 αὐτοὺς
3475 4656 3554 4719 είς
3584 4654 3683 4727 τὴν
3716 4655 3907 4727 αῦριον
3943 4658 4001 4707 ὲν

2420 4757 2599 4826 ἀγρῷ,
2648 4755 2912 4822 ἀνέμενεν
2947 4748 3040 4813 οὒς
3074 4750 3493 4821 μετεστείλατο,
3553 4749 3774 4816 ἐγγίσαι
3804 4748 3862 4800 δὲ
3893 4748 3999 4819 ἤδη

2419 4848 2643 4911 τούτους
2677 4845 2883 4915 μαθὼν,
2905 4842 3064 4907 εὐθύς
3084 4862 3096 4876 ·
3146 4842 3286 4910 Ἐγὼ
3308 4842 3437 4912 ὑμῖν
3471 4843 3499 4894 ὁ
3529 4840 3861 4910 ζητούμενός
3884 4843 4001 4909 εξμι

2422 4942 2707 5008 Λογγῖνος,
2751 4934 3089 5002 ἀπαγγέλλει
3119 4937 3230 4995 τοῖς
3256 4931 3353 4985 τοῦ
3401 4932 3658 4985 Πιλάτου.
3694 4934 3757 4985 Ui
3780 4932 3836 4985 δὲ
3865 4933 4002 5001 πρό-

2421 5048 2579 5100 τερον
2634 5030 2732 5100 μὲν
2792 5028 3143 5098 διηπίστουν·
3214 5026 3332 5089 πῶς
3385 5029 3491 5095 γὰρ
3526 5024 3800 5091 ὑπέλαϐον
3839 5026 4001 5076 αὐτὸν

2421 5122 2560 5178 εἶναι
2584 5124 2674 5176 τὸν
2702 5123 2965 5193 μέλλοντα
2990 5123 3212 5184 παθεῖν,
3242 5120 3415 5183 οὕτως
3449 5120 3611 5172 αὑτὸν
3636 5120 3872 5191 ὁρῶντες
3903 5137 4000 5170 πε-

2426 5219 2626 5290 ριχαρῆ
2659 5218 2792 5291 πρὸς
2829 5218 2918 5269 τὸν
2944 5216 3231 5282 κίνδυνον;
3284 5215 3368 5276 Ὠς
3424 5214 3478 5266 δὲ
3530 5214 3693 5267 αὑτὸν
3754 5212 4004 5279 ἀκριϐῶς

2423 5309 2732 5380 ἐμάνθανον
2764 5305 2901 5361 εἶναι
2936 5310 3028 5359 καὶ
3057 5308 3211 5360 οὐδὲν
3240 5304 3540 5375 ἀμφίϐολον
3573 5306 3755 5367 αὐτοῖς
3787 5304 4004 5355 ὑπελεί-

2422 5405 2555 5473 φθη,
2591 5402 2803 5472 βαρέως
2838 5400 3034 5470 ἔφερον
3084 5402 3175 5453 καὶ
3218 5400 3420 5462 πολλὰς
3464 5399 3712 5466 ἐδέχοντο
3753 5397 3849 5459 τὰς
3894 5397 4002 5449 ἀπὸ

2423 5496 2518 5551 τοῦ
2550 5496 2849 5559 συνειδότος
2875 5497 3091 5567 πληγάς
3111 5515 3123 5527 ο
3160 5493 3211 5544 τί
3242 5494 3338 5563 μὲν
3373 5494 3431 5545 οὒ
3464 5485 3739 5559 λέγοντές,
3769 5490 3822 5542 τί
3854 5490 3909 5541 δὲ
3940 5486 4001 5538 οὐ

2423 5592 2779 5659 πράττοντες,
2810 5571 3022 5659 θερμῆς
3056 5583 3223 5655 οὔσης
3272 5586 3352 5637 ἔτι
3376 5582 3475 5651 τῆς
3502 5576 3883 5654 ’ἀναμνήσεως
3912 5579 4003 5631 δια

2421 5687 2518 5756 τὴν
2548 5684 2654 5738 ἀπὸ
2687 5681 2796 5735 τῶν
2830 5680 2978 5734 ἔνδον
2997 5677 3360 5749 κατάκρισιν·
3397 5675 3492 5729 am
3530 5674 3742 5728 πολλῶν
3777 5668 4001 5739 ἀγαθῶν
