4212 6440
230 413 303 475 37
1492 414 1670 471 VITA
1713 413 1771 469 s.
1820 412 2169 474 LONGlNI.
3436 427 3508 488 33

235 518 487 588 πονηρὰν
516 517 753 589 ἀμοιϐὴν
786 521 960 576 ποιεῖν
991 522 1309 590 μέλλοντες;
1357 521 1423 575 Ὦ
1457 519 1674 573 δείπνου
1700 519 1823 573 δυσ-

1933 531 2114 576 essent
2166 525 2331 577 malas
2376 524 2636 579 reddituri
2679 527 2916 595 gratias?
2945 526 2989 583 Ο
3021 527 3320 597 infelicem,
3359 533 3507 591 dice-

232 609 470 681 τυχοῦςι
501 612 774 693 λέγοντες,
809 608 854 664 ὣ
883 611 1126 682 χαλεπῆς
1156 611 1366 675 ξενίαςί
1394 616 1446 664 τί
1481 629 1586 676 σοι,
1624 606 1669 664 ὧ
1704 613 1825 681 φίλε

233 703 493 770 Λογγῖνε,
522 702 683 756 τοῦτο
711 702 927 767 ίδόξατο
968 704 1303 772 ἐγχείρημα,
1338 704 1425 757 ἵνα
1460 706 1585 766 τοὺς
1617 706 1707 757 ἐπὶ
1736 703 1826 757 σδν

236 795 402 861 φόνον
431 778 685 855 ἐλθόντας
712 795 738 845 ό
773 794 864 856 σὸς
895 799 1012 846 οἱκο
1068 795 1317 863 ὲδέχετος
1350 793 1395 845 ῶ
1424 795 1615 855 ἀθλίας
1657 811 1826 847 κατα-

236 886 457 955 γωγῆςί
499 886 545 938 ῶ
578 887 781 954 πικρᾶς
816 886 1115 947 ἑστιάσεως
1145 887 1157 939 l
1210 887 1440 949 Θάνατος
1493 890 1524 952 ἡ
1563 888 1711 950 ξενία
1746 903 1825 938 σοι

237 978 453 1043 γίνεται
495 976 588 1028 καὶ
621 977 848 1028 σεαυτὸν
880 977 1163 1039 ὲπιθύσεις
1210 981 1276 1047 τῇ
1302 976 1556 1047 τραπέζῃ
1580 1018 1594 1036 ,
1624 976 1826 1046 λῃστὰς

237 1069 564 1136 παραδόξως
598 1069 723 1130 τοὺς
757 1068 864 1120 ὑπὸ
895 1068 989 1119 σοῦ
1025 1068 1374 1132 ξενισθέντας
1425 1068 1624 1137 εὑρών.
1668 1069 1729 1117 'l'l
1762 1069 1826 1120 ἂν

238 1157 412 1206 ποιῶν
442 1155 616 1217 οὓτως
646 1156 865 1219 ἐλύπεις
909 1159 1035 1220 τοὺς
1070 1157 1330 1227 ἐπιθῆναί
1363 1174 1445 1208 σοι
1478 1160 1577 1226 τὴν
1611 1158 1825 1225 σφαγὴν

239 1245 577 1314 μέλλοντας;
636 1246 831 1299 Ἀπιθι
884 1250 1200 1317 τοιγαροῦν,
1269 1250 1463 1317 μισθὸν
1510 1250 1608 1316 τῆς
1647 1250 1826 1313 ξενίας

237 1333 423 1386 λαϐὼν
452 1337 545 1387 τοῦ
582 1338 818 1391 θανάτου
853 1339 951 1406 τὴν
988 1340 1185 1407 ἄφεσιν
1210 1354 1228 1373 ο
1254 1340 1315 1391 οὐ
1352 1341 1655 1409 στέργομεν
1705 1343 1828 1391 επι-

238 1425 415 1480 θείναί
445 1445 525 1480 σοι
560 1430 619 1481 τὸ
678 1430 851 1498 ξίφος,
882 1434 1038 1501 χεῖρα
1091 1432 1382 1500 μιαιφόνον
1417 1434 1735 1497 ἐπενεγκεῖν
1760 1436 1826 1502 τῇ

238 1522 308 1587 σῇ
336 1518 489 1589 δεξιᾷ
519 1520 837 1591 δεδοίκαμεν
860 1539 872 1552 ·
924 1523 1219 1592 αἰδούμεθα
1266 1526 1394 1584 τοὺς
1429 1525 1640 1583 κοινοὺς
1668 1523 1823 1585 ἆλαςσ

233 1611 586 1682 ὲρυθριῶμεν
635 1614 733 1684 τὴν
770 1614 1075 1684 τράπεζαν,
1127 1614 1220 1665 τὸν
1254 1614 1352 1682 τῆς
1392 1612 1573 1676 ξενίας
1627 1604 1825 1683 ἔφορον

236 1705 643 1773 αἱσχυνόμεθα’
681 1708 859 1776 ναρκᾷ
904 1707 1036 1775 πρὸς
1070 1705 1159 1769 τρν
1193 1706 1410 1775 φόνονή
1447 1705 1597 1775 χείρ’
1631 1707 1658 1757 ὁ
1704 1705 1826 1767 νοῦς

235 1794 392 1846 ὀκνεῖ
424 1796 515 1847 τοῦ
544 1797 838 1865 εὐεργέτου
868 1796 957 1848 τὸν
993 1795 1226 1848 θάνατον
1250 1814 1261 1825 ⁸
1302 1798 1448 1866 ῥᾴων
1477 1799 1503 1848 ό
1534 1797 1683 1865 παρᾶ
1732 1797 1828 1849 Πι-

236 1884 399 1956 λάτῳ,
419 1886 659 1949 κίνδυνος
693 1889 825 1958 ἡμῖν
857 1888 965 1940 τῶν
991 1890 1054 1940 ὲκ
1079 1888 1173 1940 τοῦ
1212 1889 1514 1951 συνειδότος
1559 1889 1785 1956 πληγῶν
1807 1906 1819 1917 ⁸

239 1977 422 2028 πάντα
480 1977 673 2029 παθεῖν
740 1981 909 2047 ἐσμεν
966 1978 1176 2047 ἕτοιμοι
1212 1979 1244 2047 ἦ
1277 1979 1529 2046 Λογγίνῳ
1565 1978 1821 2041 τοιαύτας

238 2068 551 2120 ἀντιδοῦναι
587 2070 686 2131 τὰς
720 2071 975 2139 χάριτας.

313 2157 406 2225 ς’.
438 2160 596 2212 Οὕτω
620 2160 803 2214 τοίνυν
838 2162 885 2213 oi
919 2158 1254 2231 στρατιῶται
1285 2158 1423 2231 πρὸς
1457 2159 1548 2212 τὸν
1568 2158 1661 2212 τοῦ
1692 2160 1823 2230 Χρι-

238 2252 369 2305 στοῦ
400 2255 653 2324 μάρτυρα
683 2253 780 2307 καὶ
809 2254 929 2306 λίαν
952 2253 1272 2323 περιπαθῶς
1301 2254 1508 2322 ελεγον.
1544 2253 1825 2325 Ἀλλόύχὶ

239 2344 338 2395 καὶ
363 2345 629 2411 Λογγῖνον
684 2342 949 2412 ἠδύναντο
1008 2344 1241 2407 πείθειν,
1288 2344 1423 2397 ἀλλά
1461 2345 1597 2414 πρὸς
1628 2346 1822 2408 αὐτοὺς

237 2434 507 2500 γενναίως
560 2436 587 2485 ό
635 2436 883 2502 γενναῖος
935 2434 1154 2502 ἀληθῶς
1208 2434 1601 2501 ἀποκρίνεται·
1642 2436 1707 2487 Τί
1733 2453 1823 2505 μοι

239 2524 487 2594 φθονεῖτε
533 2526 786 2595 μεγάλων
848 2526 1093 2593 ἀγαθῶν,
1167 2519 1242 2578 ὧν
1276 2525 1370 2578 καὶ
1406 2526 1629 2589 ἄκοντες
1689 2528 1824 2594 ἡμῖν

241 2613 554 2668 ἀντιδοῦναι
583 2616 844 2684 μέλλετε;
872 2614 924 2666 τί
955 2632 1055 2684 μου
1083 2615 1175 2666 τὸν
1228 2616 1460 2668 θάνατον
1496 2612 1638 2667 οὕτω
1664 2616 1825 2668 πολυ-

243 2707 432 2767 παθῶς
462 2705 858 2759 ἁνακλαὶεσθε;
895 2705 980 2757 ἵνα
1009 2705 1060 2757 τί
1092 2708 1397 2775 κατηφιᾶτε
1435 2706 1510 2775 τῷ
1537 2706 1731 2769 πάθεις
1762 2707 1823 2759 οὐ

245 2797 478 2858 θάνατος
517 2796 642 2863 ἐμοὶ
664 2796 724 2847 τὸ
756 2797 953 2865 παρὸν,
980 2797 1116 2850 ἀλλά
1140 2797 1284 2865 ζωῆς
1313 2799 1535 2866 ἀπαρχὴ
1562 2815 1572 2826 ·
1602 2800 1724 2867 ἐμοὶ
1749 2797 1825 2868 τῷ

238 2890 355 2943 δντι
386 2890 612 2951 θάνατοῖ
670 2889 871 2958 μᾶλλον
902 2889 1191 2959 ἠὲνταῦθα
1239 2890 1503 2957 διαγωγὴ,
1538 2891 1616 2942 ὅτι
1648 2891 1722 2959 μὴ
1748 2888 1824 2957 τῷ

241 2983 360 3053 ἐμῷ
383 2978 1028 3052 Δεσπότηπαρίσταμαι,
1072 2983 1164 3033 καὶ
1190 2984 1285 3049 τῆς
1329 2981 1537 3033 ἐκεῖθεν
1567 2982 1825 3034 ἀπολαύω

241 3075 650 3145 μακαριότητος
686 3088 699 3102 ·
733 3074 794 3124 τὸ
828 3073 982 3135 τέλος
1024 3073 1129 3123 τῶν
1175 3073 1362 3124 κακῶν
1410 3075 1530 3143 οὐχ).
1562 3075 1653 3126 καὶ
1675 3073 1825 3138 τέλος

238 3169 337 3237 τῆς
364 3166 509 3233 ζωῆς
543 3162 872 3233 προξενήσει
928 3179 1043 3233 μοι,
1090 3161 1224 3215 ἀλλὰ
1268 3164 1405 3231 πρὸς
1435 3164 1533 3231 τὴν
1563 3164 1821 3234 ἀληθινὴν

1932 3180 2059 3233 mihi
2095 3180 2406 3234 conciliabit
2446 3198 2459 3234 :

240 3261 555 3317 διαϐιϐάσει
609 3259 894 3327 ἀῖδιότητα
950 3255 1045 3309 καὶ
1093 3256 1387 3324 μετασχεῖν
1462 3257 1561 3325 τῆς
1612 3254 1823 3308 ἐκεῖθεν

238 3356 660 3427 παρασκευάσει
681 3350 1074 3420 λαμπρότητος
1096 3363 1109 3374 ·
1142 3345 1297 3415 ἔχετε
1321 3347 1420 3415 τὴν
1449 3347 1822 3415 παραμυθίαν,

236 3444 282 3501 ῶ
306 3449 477 3515 φίλοι,
511 3444 645 3516 παρ’
675 3445 888 3502 ἑαυτοῖς
926 3441 1115 3510 ἔχετε·
1150 3439 1320 3505 ἐγγὺς
1350 3438 1420 3490 τὰ
1456 3440 1553 3507 τῆς
1582 3455 1828 3509 παρηγο-

238 3542 362 3612 ρίας
400 3541 551 3608 ὑμῖν,
581 3538 638 3589 ὃν
670 3535 758 3586 διὰ
783 3533 844 3585 τὸ
872 3532 1025 3593 τέλος
1057 3530 1331 3601 θρηνεῖτε,
1368 3528 1562 3583 τοῦτον
1598 3532 1738 3601 μετά
1767 3531 1825 3583 τὸ

238 3635 392 3693 τέλος
429 3631 623 3699 ἥδιστα
661 3623 998 3696 μακαρίσετε
1023 3640 1035 3652 ·
1095 3622 1300 3693 ἀρκοῦν
1328 3623 1383 3675 δὲ
1416 3623 1574 3675 τοῦτο
1610 3623 1825 3686 πάντως

237 3724 378 3792 πρὸς
410 3720 675 3787 εὐθυμίαν
713 3717 1043 3787 μεταϐαλεῖν
1067 3716 1126 3767 τὸ
1152 3716 1243 3767 τὸν
1270 3715 1423 3782 φίλον
1451 3715 1653 3767 εἰδέναι
1693 3714 1823 3766 πολ-

236 3817 347 3868 λῶν
381 3812 599 3881 ἀγαθῶν
633 3810 899 3883 μέλλοντα
925 3809 1228 3872 κοινωνεῖν,
1260 3806 1450 3875 ῶσπερ
1487 3807 1825 3873 φθονούντων

240 3909 443 3978 μᾶλλον
480 3906 513 3970 ἦ
564 3906 659 3956 καὶ
711 3902 1017 3973 μιαούντων
1076 3899 1135 3951 τὸ
1200 3897 1457 3951 σπεύδειν
1498 3899 1825 3968 ἀποστερεῖν

236 4000 407 4054 αὐτὸν
459 3998 556 4065 τῆς
598 3996 1007 4065 λαμπρότητος.
1073 3991 1164 4061 Μὴ
1197 3988 1290 4045 οῦν
1329 3990 1588 4060 ὀδύρεσθε
1623 3991 1712 4042 τὸν
1733 3992 1824 4042 ὲκ-

236 4094 518 4151 λείποντα,
588 4088 701 4142 ἀλλ’
737 4086 1116 4155 εὐχαριστεῖτε
1164 4084 1241 4152 τῷ
1293 4083 1570 4154 δεχομένῳ
1627 4084 1727 4135 οὐκ
1758 4083 1823 4139 ἂν

236 4183 565 4255 ζημιώσητέ
595 4197 661 4250 με
686 4179 785 4248 τὴν
807 4177 966 4242 δόξαν
998 4175 1233 4243 ἐκείνην,
1271 4175 1337 4243 ἣν
1376 4172 1516 4226 εἶδον
1548 4173 1659 4241 ἐγὼ
1685 4190 1827 4227 στοι-

236 4280 363 4347 χεῖα
389 4274 723 4329 σαλεύουσαν
746 4285 759 4299 ·
815 4268 917 4322 οὐκ
947 4267 1012 4327 ἂν
1047 4264 1345 4337 ἀρνηθείην
1383 4264 1442 4317 ὃν
1504 4264 1654 4326 ἅπαξ
1687 4264 1822 4317 Θεοῦ

240 4368 373 4420 Υίὸν
419 4364 784 4435 ὡμολόγητα’
837 4360 1053 4413 δέδοικα
1087 4357 1162 4428 μὴ
1207 4356 1517 4427 κατήγορον
1548 4354 1694 4426 εὕρω
1724 4356 1823 4427 τὴν

239 4462 457 4531 κτῆσιν,
502 4458 729 4514 ἄπιστος
770 4452 900 4521 περὶ
938 4449 1133 4502 τοῦτον
1172 4448 1360 4517 φανείς
1387 4464 1400 4477 '
1438 4444 1499 4503 οὗ
1558 4449 1635 4518 τῷ
1662 4450 1821 4503 πάθει

1930 614 2079 680 bant,
2108 613 2352 674 (ξωιιδιιιι
2381 633 2412 668 0
2434 632 2595 685 grave
2635 618 2958 688 hospitium!
2982 620 3245 690 Curnam,
3277 639 3311 678 0
3345 626 3511 682 citare

1932 704 2194 775 Longine,
2229 709 2328 762 hoc
2362 708 2452 762 tibi
2485 719 2722 777 coap:um
2758 711 2903 764 venit
2933 712 2983 765 in
3020 724 3278 778 mentem,
3311 725 3368 769 ut
3392 732 3509 784 eos,

1930 798 2019 865 qui
2059 812 2314 854 venerant
2347 803 2412 855 ad
2453 804 2527 855 lui
2567 807 2794 867 eadem,
2841 806 3031 863 domus
3066 817 3154 860 tua
3197 809 3511 877 acciperet?

1929 888 2264 945 Omiseram
2324 897 2709 959 habitaculum,
2777 911 2809 949 ο
2859 902 3111 952 acerbum
3157 902 3502 956 convivium!

1928 982 2072 1037 Mors
2116 986 2207 1038 tibi
2262 989 2439 1039 evadit
2482 988 2794 1055 lioSpitium,
2826 1000 2880 1043 et
2918 995 3148 1057 teipsnm
3189 1009 3386 1048 mensa:
3414 1008 3509 1063 ap-

1930 1089 2116 1142 pones,
2165 1093 2259 1131 eos
2308 1090 2507 1145 praeter
2553 1083 2863 1147 opinionem
2918 1083 3201 1139 inveniens
3247 1086 3505 1149 latrones,

1929 1167 2016 1232 qui
2048 1170 2280 1236 hospitio
2320 1188 2346 1222 a
2396 1184 2444 1225 te
2480 1171 2699 1227 fuerunt
2741 1176 2969 1244 accepti.
3004 1176 3142 1241 Quid
3195 1179 3398 1233 faciens
3431 1180 3511 1233 sic

1932 1260 2170 1312 molestia
2201 1260 2425 1314 affeciin
2453 1279 2567 1326 eos,
2598 1266 2686 1331 qui
2714 1274 2763 1316 te
2790 1275 2914 1318 sunt
2938 1270 3207 1322 occisuri?
3232 1269 3329 1323 Abi
3356 1286 3506 1340 ergo,

1929 1360 2147 1418 accepta
2184 1356 2426 1407 mercede
2454 1357 2696 1423 hospitii,
2729 1372 2920 1423 nempe
2954 1358 3141 1410 mortis
3174 1360 3508 1414 remissione.

1931 1443 2045 1497 Non
2080 1450 2414 1501 sustinemus
2437 1465 2619 1503 ensem
2652 1453 2741 1503 tibi
2774 1452 2975 1506 inferre
3008 1471 3021 1504 :
3054 1453 3252 1507 eaedem
3282 1455 3507 1507 molien-

1931 1544 2035 1586 tem
2064 1552 2277 1589 manum
2311 1548 2400 1591 tuo
2441 1542 2601 1608 capiti
2640 1540 2828 1595 aﬂ’erre
2853 1542 3234 1610 formidamus,
3262 1558 3511 1597 commu-

1929 1640 2050 1677 nem
2098 1628 2261 1679 salem
2308 1644 2622 1683 reveremur
2657 1649 2670 1684 :
2706 1649 2801 1685 nos
2843 1633 3047 1699 pudore
3078 1634 3241 1688 allicit
3277 1653 3459 1689 mensa
3492 1653 3506 1689 :

1926 1722 1994 1770 ad
2026 1722 2223 1773 tandem
2279 1730 2452 1788 torpet
2500 1741 2733 1780 manus:
2782 1725 3038 1778 abhorret
3084 1726 3299 1779 animus
3335 1737 3509 1779 morte

1931 1812 2144 1866 allicere
2180 1815 2605 1867 benefactort-tn.
2640 1816 2877 1870 Facilius
2902 1824 2985 1870 est
3017 1816 3337 1883 periculum,
3365 1820 3507 1883 quod

1933 1904 2090 1957 nobis
2123 1914 2198 1957 est
2228 1920 2255 1956 a
2280 1904 2456 1959 Pilato
2488 1917 2754 1975 paratum,
2779 1924 2942 1975 quam
2979 1908 3199 1961 Vulnera
3230 1910 3511 1962 conscien-

1929 1995 2034 2045 tiae.
2060 1993 2243 2053 Parati
2283 2014 2466 2050 sutnns
2496 2001 2675 2052 omnia
2710 2001 2817 2068 pati
2845 2001 3040 2068 potius,
3073 2017 3231 2069 quam
3265 2002 3508 2071 Longino

1927 2085 2056 2136 tales
2092 2087 2295 2140 referre
2322 2091 2549 2155 gratias.

1998 2175 2083 2228 VI.
2110 2175 2200 2229 Sic
2227 2177 2445 2245 quidem
2486 2179 2686 2234 milites
2720 2181 2973 2234 dicebant
3023 2180 3224 2236 Christi
3277 2183 3504 2253 martyri

1926 2266 2082 2319 valde
2118 2268 2518 2324 miserabiliter.
2552 2269 2822 2325 Caeterum
2857 2286 2958 2324 non
2986 2282 3236 2340 poterant
3269 2274 3509 2341 Longino

1925 2362 2248 2427 persuadere
2300 2379 2314 2415 :
2377 2361 2471 2415 sed
2522 2363 2602 2415 eis
2651 2362 2864 2415 fortiter
2916 2368 3206 2433 respondet
3251 2368 3332 2419 vir
3382 2381 3509 2421 vero

1925 2464 2223 2517 generosus
2255 2466 2268 2504 :
2301 2450 2412 2505 Cur
2448 2466 2639 2520 magna
2676 2452 2805 2504 mihi
2836 2451 2975 2504 bona
3009 2454 3282 2517 invidetis,
3307 2457 3507 2522 quibus

1926 2554 2020 2593 vos
2054 2541 2201 2593 inviti
2247 2555 2331 2592 me
2362 2542 2492 2595 estis
2543 2543 2982 2597 remuneratnri?
3011 2542 3119 2597 Cur
3152 2560 3324 2598 meam
3360 2562 3506 2599 mor-

1928 2642 2033 2687 tem
2080 2630 2287 2685 delictis
2339 2642 2445 2684 tam
2491 2634 2918 2687 miserabiliter?
2972 2636 3083 2689 Cur
3138 2638 3323 2691 tristes
3375 2639 3507 2692 estis

1927 2728 2145 2790 propter
2192 2736 2366 2775 meam
2409 2723 2858 2792 perpessionem?
2902 2724 3018 2778 Non
3061 2738 3141 2780 cst
3202 2728 3307 2781 hoc
3369 2730 3505 2782 mibi

1929 2828 2096 2878 mors,
2132 2815 2225 2867 sed
2268 2814 2393 2869 vita:
2444 2816 2716 2883 primitiae.
2778 2815 2906 2871 Mihi
2963 2833 3145 2871 revera
3196 2819 3376 2888 potius
3423 2831 3507 2875 est

1928 2918 2094 2967 mors,
2122 2920 2241 2973 qua:
2268 2906 2356 2959 hic
2382 2904 2470 2960 est
2494 2906 2860 2971 conversatio,
2891 2913 3146 2977 quoniam
3174 2902 3506 2967 non'assisto

1927 3008 2050 3048 meo
2086 2994 2334 3057 Domino,
2383 3011 2481 3050 nec
2527 2997 2677 3049 fruor
2720 3014 2805 3061 ea,
2836 3015 2958 3067 qua:
2989 3011 3069 3053 est
3099 3003 3227 3068 illic,
3272 3005 3506 3057 beatitu-

1928 3086 2071 3141 dine.
2123 3087 2271 3142 Finis
2311 3086 2470 3141 linem
2520 3087 2804 3154 malorum,
2843 3105 2949 3144 non
2982 3092 3146 3145 etiam
3185 3092 3343 3147 linem
3381 3096 3507 3150 vita:

2511 3181 2603 3235 scd
2646 3180 2709 3234 ad
2750 3196 2931 3234 veram
2967 3185 3297 3239 transmittet
3327 3186 3505 3241 beati-

1932 3272 2191 3333 tudinem,
2227 3280 2280 3325 et
2308 3270 2520 3335 elﬁciel,
2565 3285 2622 3325 ut
2661 3274 2763 3326 sim
2808 3274 3076 3343 particeps
3113 3276 3259 3333 illius
3305 3279 3501 3335 aeterni

1928 3363 2251 3431 splendoris.
2286 3360 2529 3429 Habetis,
2572 3380 2605 3417 o
2635 3366 2816 3430 amici,
2872 3368 3081 3422 habetis
3127 3373 3265 3438 apud
3297 3388 3387 3425 vos
3416 3388 3507 3426 so-

1928 3453 2149 3521 latium,
2200 3470 2361 3524 prope
2412 3464 2495 3509 cst
2549 3456 2701 3509 vobis
2757 3458 3078 3513 consolatio.
3130 3459 3301 3526 Quem
3357 3465 3503 3517 enim

1929 3557 2145 3613 propter
2188 3545 2347 3598 linem
2396 3546 2609 3612 lugetis,
2663 3561 2785 3601 eum
2818 3563 2912 3601 vos
2946 3560 3066 3619 post
3092 3550 3249 3605 linem
3282 3552 3502 3606 beatum

1929 3636 2264 3702 reputabitis.
2302 3635 2510 3691 Sullicit
2545 3645 2726 3690 autem
2756 3640 2858 3694 hoc
2882 3644 2948 3693 ad
2980 3641 3309 3697 aﬂ'erendam
3337 3645 3503 3697 animi

1931 3722 2395 3797 tranquillitatem,
2430 3730 2570 3784 scire
2600 3730 2835 3785 amicum
2861 3732 2979 3788 fore
3016 3735 3305 3789 multorum
3337 3740 3506 3792 bono-

1929 3837 2043 3873 rum
2083 3821 2396 3889 participem
2431 3840 2443 3874 :
2480 3824 2755 3891 ηιιοηιοόο
2784 3834 2868 3879 est
2904 3825 3231 3893 invidorum,
3266 3830 3347 3883 vel
3378 3832 3505 3885 odio

1929 3913 2105 3980 potius
2146 3914 2459 3967 habentium
2506 3915 2811 3979 hominum,
2868 3919 3087 3972 studere
3122 3935 3242 3971 cum
3293 3922 3505 3989 privare

1926 4004 2235 4067 splendore.
2294 4001 2468 4056 Nolite
2527 4003 2727 4057 deﬂere
2800 4019 2923 4058 eum
2995 4011 3086 4075 qui
3140 4007 3371 4061 deﬁcit:
3409 4013 3504 4063 sed

1926 4094 2128 4164 gratias
2154 4093 2297 4164 agite
2327 4094 2375 4149 ei
2419 4095 2511 4165 qui
2571 4096 2802 4174 accipit.
2832 4094 2948 4150 Non
2986 4098 3116 4151 mihi
3143 4099 3286 4153 illius
3319 4101 3504 4169 gloriae

1927 4185 2308 4240 detrimentum
2362 4186 2630 4252 al'leratis,
2687 4203 2847 4256 quam
2902 4202 3001 4255 ego
3064 4190 3171 4243 vidi
3235 4192 3514 4245 elementa.

1926 4287 2254 4331 moventem.
2311 4277 2427 4331 Non
2479 4279 2787 4346 negaverint
2832 4291 2978 4341 eum,
3022 4293 3183 4347 quem
3216 4280 3307 4333 Dei
3338 4282 3504 4334 semel

1929 4368 2120 4423 Filium
2152 4382 2269 4423 sum
2316 4367 2624 4425 confessus.
2660 4366 2849 4425 Timeo
2890 4385 2961 4424 ne
2991 4381 3224 4425 creatam
3254 4385 3504 4426 naturam

1928 4460 2197 4514 inveniam
2230 4463 2645 4524 aceusatricem,
2679 4462 2724 4515 si
2754 4462 2807 4514 in
2842 4475 2964 4517 eum
2992 4476 3274 4530 appaream
3310 4464 3505 4517 inlide-

239 4525 347 4608 καί
394 4553 421 4605 ό
445 4547 672 4621 οὐρανὸς
735 4541 1140 4611 ἐπεστύγνασε,
1190 4541 1283 4591 καὶ
1314 4539 1411 4602 τὰς
1438 4541 1662 4601 ἀκτῖνας
1698 4557 1823 4592 συν-

1930 4552 2019 4618 lis,
2062 4560 2281 4623 propter
2317 4552 2475 4622 cujus
2511 4554 2818 4623 passionem
2846 4525 3285 4623 caelum-quoque
3324 4554 3501 4624 ipsum

241 4643 484 4700 έστειλεν
534 4643 706 4712 ηλιος,
752 4637 848 4691 καὶ
903 4635 967 4688 τὸ
1004 4634 1128 4702 ’τῆς
1172 4631 1379 4702 ἡμέρας
1419 4632 1823 4702 ὲκαινοτομεῖτο

243 4740 473 4809 φέγγος,
514 4735 608 4786 καὶ
636 4734 715 4793 είς
743 4730 914 4782 νύκτα
950 4724 1271 4797 περιπαθῶς
1307 4724 1539 4777 εἵλκετο,

316 4827 391 4884 Ζ’.
430 4828 550 4892 Ἔτι
590 4823 680 4877 τοῦ
732 4820 998 4888 Λογγίνου
1046 4816 1226 4869 ταῦτα
1247 4815 1536 4879 διεξιόντος
1570 4817 1663 4868 καὶ
1696 4817 1821 4881 τοὺς

242 4922 398 4991 παρά
422 4920 657 4973 Πιλάτου
685 4913 1037 4985 πεμφθέντας
1072 4913 1247 4963 ποιεῖν
1288 4912 1347 4962 τδ
1379 4909 1671 4963 κελευσθὲν
1700 4910 1820 4962 πεί-

240 5017 462 5077 θοντος,
526 5013 575 5063 oi
636 5003 1174 5075 συγκατακριθέντες
1246 5002 1395 5071 αὐτῷ
1444 5002 1535 5055 τὸν
1589 5003 1821 5057 θάνατον

240 5104 575 5177 στρατιῶται
619 5095 1236 5167 καταλαμϐάνουσιν.”0
1259 5095 1338 5159 δὲ,
1381 5094 1710 5164 γαννυμένῳ
1743 5094 1822 5165 τῷ

240 5196 523 5275 προσείη-τῳ
567 5193 664 5246 καὶ
712 5191 922 5259 φαιδρῴ
950 5190 1074 5249 τοὺς
1102 5187 1304 5256 ἄνδρας
1352 5186 1496 5249 ἰδὼν,
1554 5187 1735 5253 δεξιάν
1762 5207 1819 5242 τε

240 5293 429 5357 αὐτοῖς
479 5285 765 5357 ἐμϐάλλει,
795 5283 890 5335 καὶ
922 5280 1241 5352 περιϐάλλει
1276 5281 1365 5334 τὸν
1395 5281 1688 5351 τράχηλον,
1727 5282 1820 5335 καὶ

239 5384 561 5453 ὀφθαλμοὺς
584 5417 600 5442 ,
632 5377 802 5448 ἡδέως
836 5375 1001 5444 φιλεῖ,
1037 5374 1130 5427 καί
1184 5392 1196 5404 ·
1228 5373 1483 5443 Χαίρετε,
1512 5368 1556 5425 ὦ
1589 5390 1823 5443 συστρα-

238 5476 433 5530 τιῶται
470 5470 708 5538 Χριστοῦ
739 5473 832 5522 καὶ
861 5465 1190 5536 κληρονόμοι
1218 5466 1318 5535 τῆς
1339 5466 1641 5533 βασιλείας,
1664 5467 1818 5535 φησὶ,

237 5568 492 5639 χαίρετε·
532 5563 635 5634 ήδη
669 5562 778 5631 γὰρ
804 5563 836 5629 ἡ
862 5562 918 5612 ὲν
943 5559 1196 5630 οὐρανοῖς
1220 5557 1364 5625 πύλη
1397 5558 1693 5626 ἀνέῳκται,
1728 5558 1819 5610 xati.

236 5655 468 5725 ἄγγελοι
553 5655 651 5715 τὰς
718 5651 995 5721 ἡμετέρας
1053 5648 1309 5719 μέλλουσι
1369 5648 1820 5718 παραλαμϐάνειν

234 5748 420 5821 ψυχὰς
473 5748 569 5799 καὶ
626 5743 703 5811 τῷ
750 5745 1029 5814 μονογενεῖ
1078 5740 1378 5809 προσάξειν
1411 5740 1560 5809 Υἱῴ⁶
1592 5741 1701 5793 ἰδοὺ
1728 5745 1817 5792 καὶ

236 5841 335 5905 τὰς
375 5838 665 5909 λαμπάδας
692 5837 826 5906 ὁρῶ,
855 5838 945 5889 καὶ
965 5835 1032 5888 τὰ
1056 5834 1289 5904 βραϐεῖά
1311 5853 1398 5903 μοι
1436 5836 1814 5904 ὑποφαίνεται,

1932 4652 2015 4698 est
2040 4643 2288 4699 aﬂ'ectum
2323 4644 2563 4708 tristitia,
2597 4651 2652 4697 et
2674 4644 2754 4697 sol
2785 4643 3057 4699 contraxit
3091 4643 3288 4709 radios,
3318 4655 3373 4699 et
3413 4646 3503 4699 lux

1931 4736 2036 4791 diei
2067 4733 2447 4789 miserabiliter
2472 4732 2700 4788 deducta
2733 4731 2835 4787 fuit
2864 4735 2931 4788 ad
2963 4742 3198 4788 noctem.

2001 4825 2114 4882 Vll.
2151 4824 2277 4881 Hac
2302 4827 2478 4882 adhuc
2504 4827 2715 4881 dicente
2735 4824 3003 4895 Longino,
3036 4835 3091 4881 et
3110 4827 3210 4889 eis,
3238 4827 3327 4893 qui
3353 4828 3505 4881 missi

1930 4917 2148 4971 fuerunt
2190 4932 2219 4971 a
2264 4916 2432 4971 Pilato
2484 4918 2840 4985 persuadente
2879 4925 2936 4970 ut
2974 4914 3217 4971 facerent
3249 4918 3392 4985 quod
3421 4918 3503 4980 eis

1930 5009 2107 5062 fuerat
2124 5010 2467 5076 imperatum,
2493 5007 2720 5063 veniunt
2740 5009 2959 5073 milites,
2983 5011 3073 5077 qui
3100 5023 3221 5063 cum
3244 5024 3308 5063 eo
3329 5021 3505 5064 morte

1932 5099 2167 5155 damnati
2200 5099 2431 5153 inerant.
2460 5097 2551 5153 Ille
2582 5107 2786 5161 autem,
2808 5098 2926 5151 laeto
2954 5108 3010 5153 et
3037 5100 3198 5153 alacri
3228 5098 3373 5152 vultu
3409 5115 3505 5154 eos

1930 5194 2164 5254 intuens,
2196 5201 2247 5246 et
2274 5192 2553 5247 dexteram
2578 5190 2658 5244 eis
2691 5190 2889 5260 injicit,
2920 5199 2974 5245 et
3002 5190 3194 5245 collum
3220 5192 3502 5259 amplecti-

1931 5295 2035 5349 tur,
2084 5292 2137 5339 et
2186 5284 2371 5339 oculos
2429 5282 2671 5337 suaviter
2731 5280 3093 5345 dcosculatur,
3137 5291 3210 5346 et,
3262 5279 3496 5346 Salvete,

1928 5374 2122 5443 inquit,
2172 5390 2206 5429 o
2247 5373 2446 5428 Christi
2493 5373 2916 5438 commilitones,
2966 5383 3021 5427 et
3054 5373 3292 5427 heredes
3332 5378 3499 5442 regni,

1929 5468 2153 5524 salvete.
2175 5465 2294 5520 Jam
2320 5468 2462 5521 enim
2493 5475 2678 5535 aperta
2700 5475 2781 5520 est
2807 5474 2981 5533 ports,
3005 5480 3122 5533 qua:
3149 5475 3229 5519 eat
3249 5464 3303 5518 in
3326 5465 3502 5529 cmlis,

1928 5572 1980 5615 ct
2007 5558 2179 5626 angeli
2207 5568 2333 5612 sunt
2363 5566 2581 5613 nostras
2611 5557 2888 5626 accepturi
2923 5555 3155 5617 animas,
3185 5562 3239 5608 et
3269 5554 3502 5609 oblaturi

1931 5651 2063 5705 Filio
2109 5652 2408 5722 unigenito.
2446 5650 2605 5715 Ecce,
2634 5659 2688 5704 et
2732 5647 3006 5717 lampades
3046 5649 3221 5713 video,
3250 5656 3304 5702 et
3334 5661 3498 5716 appa-

1930 5756 2044 5797 rent
2095 5746 2223 5799 mihi
2271 5745 2475 5808 bravia,
2510 5759 2630 5798 cum
2680 5740 2877 5812 quibus
2926 5741 3149 5795 sistendi
3200 5754 3388 5795 sumus
3434 5738 3505 5793 ad

1925 5835 2131 5890 Judicis
2179 5836 2434 5890 tribunal.
2478 5836 2582 5890 Sed
2624 5835 2766 5890 enim
2809 5835 2851 5887 si
2886 5833 3013 5905 quid
3043 5832 3193 5890 vobis
3222 5841 3304 5889 est
3336 5833 3504 5903 impe-
