4212 6440
694 398 765 461 39
1960 387 2247 448 MENSIS
2286 384 2665 448 MARTIUS.

3915 388 3990 454 όθ

695 529 903 575 ratum,
942 511 1152 567 dicebat
1195 510 1274 563 eis
1306 507 1397 578 qui
1447 506 1595 560 missi
1658 508 1891 568 fuerant,
1937 504 1989 559 id
2048 504 2282 572 implete.

2395 503 2514 573 μεθ’
2542 496 2617 555 ὧν
2643 501 2720 572 τῷ
2745 501 2840 555 τοῦ
2865 502 3202 570 ἀγωνοθέτου
3233 503 3702 575 παραστησόμεθα
3735 506 3943 577 βήματι
3966 530 3979 543 ·

694 608 899 664 Deinde
948 605 1108 660 etiam
1158 616 1454 656 conversus
1484 598 1547 651 ad
1578 598 1766 652 domus
1795 607 2101 651 curatorem
2134 598 2285 665 jubet

695 712 897 757 vestem
956 697 1212 752 mundam
1262 695 1327 747 ad
1379 708 1436 747 se
1481 691 1697 755 deferri,
1755 701 1811 744 ut
1862 693 1949 758 qui
1989 692 2101 761 jam
2142 698 2285 744 esset

696 805 919 847 vocatus
954 791 1020 844 ad
1074 788 1291 855 nuptias
1325 795 1378 839 et
1412 785 1731 845 thalamum,
1768 793 1816 837 et
1859 798 1923 837 eo
1974 782 2279 837 festinaret.

699 884 868 940 Porro
897 892 1075 935 autem
1108 895 1229 932 cum
1263 878 1519 930 induisset
1553 887 1777 935 vestem.
1816 883 1869 926 et
1904 890 2063 926 manu
2095 885 2282 927 osten-

696 978 862 1031 disset
917 971 1208 1037 tumulum,
1255 970 1307 1022 in
1361 983 1466 1036 quo
1521 968 1731 1019 volebat
1787 967 1911 1035 poni
1965 980 2183 1032 corpus,
2228 964 2281 1017 iu

700 1082 874 1137 gentm
907 1080 1026 1117 cum
1063 1065 1126 1115 iis
1156 1061 1385 1124 duubus,
1418 1060 1508 1126 qui
1540 1067 1695 1111 erant
1724 1074 1844 1110 Cum
1882 1060 2017 1125 ipso,
2051 1056 2283 1109 inclina-

699 1168 784 1211 tus
814 1159 866 1227 (ο
896 1157 1107 1209 beatum
1138 1156 1294 1205 linem
1319 1154 1387 1217 1},
1414 1152 1620 1220 peregit
1658 1159 1933 1204 certamen
1966 1164 1979 1203 :
2012 1159 2063 1202 et
2095 1163 2284 1215 ampu-

702 1251 829 1303 tatis
881 1263 1065 1302 eorum
1124 1246 1412 1313 capitibus,
1464 1242 1537 1295 illi
1588 1244 1935 1296 ascribuntur
1989 1241 2041 1292 iii
2083 1242 2281 1293 choros

706 1353 1003 1412 martyrum
1039 1350 1093 1392 et
1122 1337 1511 1407 apostolorum,
1563 1336 1774 1389 illorum
1820 1335 2035 1401 quidem
2068 1331 2281 1385 fortitu-

702 1436 904 1499 dinem,
938 1435 1128 1486 lioruui
1167 1445 1292 1483 vero
1324 1429 1498 1482 zelum
1533 1443 1628 1497 pro
1654 1427 1874 1480 Christo
1904 1425 2282 1481 ostendentes.

782 1705 911 1760 Vlll.
950 1705 1089 1771 Quid
1138 1719 1262 1756 vero
1303 1711 1424 1771 post
1459 1701 1572 1755 limc
1604 1710 1681 1755 est
1723 1698 2115 1753 consecutum?
2143 1695 2283 1751 Mar-

710 1800 935 1868 tyricum
971 1798 1111 1848 illius
1137 1794 1360 1859 Longini
1390 1803 1549 1860 caput
1577 1809 1696 1845 cum
1727 1793 1908 1844 statim
1943 1791 2282 1858 accepissent

709 1892 767 1951 ii,
805 1888 893 1955 qui
942 1902 1058 1939 eum
1111 1887 1513 1944 interfecerant,
1549 1885 1611 1935 ad
1670 1884 1825 1935 fidem
1879 1884 2033 1950 plene
2080 1882 2284 1935 facien-

710 1983 831 2032 dam
888 1980 1030 2046 quod
1068 1977 1336 2043 Longinus
1377 1982 1522 2027 esset
1566 1983 1829 2035 mortuus,
1866 1973 1913 2025 id
1960 1980 2176 2057 portant
2223 1973 2287 2023 ad

714 2070 969 2131 Pilatum,
1006 2078 1061 2120 ut
1103 2068 1189 2135 qui
1225 2067 1429 2119 scirent
1462 2080 1516 2119 se
1552 2064 1695 2116 nullo
1722 2064 1827 2117 alio
1854 2064 2016 2142 dono,
2043 2077 2290 2131 quameo

712 2162 885 2229 magis
924 2160 993 2213 illi
1043 2159 1465 2229 gratificaturos.
1504 2155 1623 2223 lpse
1666 2164 1842 2207 autem
1874 2154 2057 2207 statim
2091 2168 2291 2205 convo-

711 2256 855 2307 cavit
886 2251 1117 2311 Judzeos,
1172 2265 1361 2316 magna
1396 2264 1579 2300 secum
1634 2249 1907 2313 voluptate
1958 2244 2288 2311 alliciendos,

714 2356 773 2397 nt
805 2347 892 2411 qui
932 2342 1159 2409 Longini
1189 2340 1342 2392 valde
1366 2349 1595 2393 mortem
1635 2338 1870 2401 sitirent,
1903 2348 1957 2390 et
1992 2352 2107 2389 eam
2131 2340 2292 2391 emis—

714 2440 836 2488 sent
884 2432 1147 2500 pecuniis.
1202 2428 1356 2494 Quod
1404 2429 1618 2496 quidem
1674 2443 1791 2480 cum
1847 2428 2041 2482 factum
2080 2426 2289 2494 fuisset,

718 2536 775 2576 ut
813 2524 894 2577 eis
946 2523 1207 2590 placebat,
1254 2520 1405 2587 jubet
1458 2532 1644 2572 rursus
1694 2518 1910 2585 indigna
1954 2519 2195 2574 Pilatus:
2236 2531 2291 2574 et

714 2622 839 2665 ante
884 2620 1092 2680 portam
1146 2609 1381 2662 civitatis
1426 2622 1520 2676 per
1567 2607 1913 2676 ignominiam
1971 2605 2073 2659 fuit
2114 2608 2293 2675 proje—

713 2717 860 2759 ctum
917 2701 1211 2771 pretiosum
1273 2700 1392 2767 ejus
1444 2707 1622 2767 caput.
1690 2697 1793 2750 Sed
1859 2698 1924 2759 is,
1977 2699 2061 2749 cui
2114 2697 2288 2751 visunt

718 2796 895 2848 fuerat
927 2794 1035 2861 pati
1069 2806 1164 2857 pro
1196 2790 1371 2850 nobis,
1411 2792 1547 2855 ejus.
1581 2789 1668 2854 qui
1704 2795 1923 2855 prOpter
1955 2787 2134 2856 ipsum
2176 2786 2291 2841 fue-

719 2895 806 2939 rat
834 2897 1044 2953 passus,
1079 2897 1143 2933 ne
1180 2896 1319 2933 nunc
1357 2877 1570 2948 quidem
1604 2889 1686 2931 est
1722 2878 1922 2932 oblitus
1951 2895 1964 2930 :
1999 2880 2092 2933 sed
2128 2879 2289 2933 veluti

719 2989 975 3045 perpetuo
1015 2983 1365 3043 apparentem
1400 2974 1687 3041 quamdam
1714 2970 1885 3025 facem
1916 2972 2000 3035 iis,
2033 2972 2126 3041 qui
2169 2973 2294 3026 ade-

721 3079 864 3131 rant,
915 3067 1241 3120 cernendum
1295 3067 1565 3132 praebebat
1608 3073 1733 3117 ante
1777 3064 2074 3128 civitatem,
2129 3072 2184 3116 et
2236 3063 2288 3116 in

723 3158 1061 3225 sterquilinio
1123 3156 1415 3224 jacentem,
1471 3156 1720 3222 tanquam
1784 3154 1835 3205 in
1907 3154 2065 3207 domo
2146 3156 2368 3248 regiac

723 3259 1127 3310 conservatam,
1158 3239 1275 3298 into
1318 3245 1651 3315 protegebat,
1690 3261 1792 3299 non
1831 3248 2003 3301 solum
2035 3261 2141 3299 non
2170 3260 2294 3314 per-

725 3344 964 3405 mittens,
1017 3354 1074 3392 ut
1130 3338 1333 3409 aliquid
1379 3346 1654 3407 pateretur
1707 3354 1735 3391 a
1788 3340 1933 3407 fimo,
1974 3340 2069 3393 sed
2128 3332 2290 3393 etiam

725 3438 960 3489 liberans
992 3433 1148 3495 alios,
1203 3446 1271 3485 ne
1325 3430 1526 3498 aliquid
1581 3440 1801 3499 propter
1857 3434 1907 3483 id
1958 3441 2292 3498 paterentur.

723 3527 975 3593 Quaedam
1012 3539 1157 3577 cnim
1193 3523 1382 3574 mulier
1432 3522 1614 3584 vidua,
1662 3535 1779 3589 qua:
1825 3532 1994 3574 morte
2044 3522 2293 3575 maritum

726 3622 1007 3683 amiserat,
1040 3632 1162 3670 cum
1192 3614 1301 3667 filio
1347 3622 1524 3667 autem
1566 3613 1726 3667 unico
1774 3609 2203 3679 conflictabatul',
2243 3623 2298 3668 et

726 3715 923 3783 praeter
956 3710 1268 3763 viduitatem
1317 3708 1652 3761 sustinuerat
1695 3708 1856 3760 etiam
1890 3708 2165 3761 oculorum
2203 3725 2295 3763 or-

727 3806 973 3865 bitatem,
1006 3801 1146 3853 ttialo
1186 3800 1286 3851 fide
1320 3807 1598 3865 snperato,
1635 3812 1755 3848 cum
1807 3797 1914 3851 filio
1964 3802 2105 3852 vadit
2143 3798 2299 3853 Jeru-

729 3895 922 3952 salem,
944 3899 1278 3949 sanctorum,
1310 3904 1425 3955 qua:
1456 3888 1523 3940 ibi
1551 3901 1727 3952 erant,
1756 3886 1994 3940 lucorum
2049 3898 2298 3942 contactu

728 3996 785 4040 et
815 3984 1155 4046 adoratione,
1189 3995 1324 4048 quos
1370 3982 1625 4033 amiserat
1679 3982 1926 4049 corporis
1962 3984 2143 4046 duces,
2177 3998 2299 4051 spe-

730 4094 860 4131 rans
892 4091 950 4129 se
977 4076 1444 4140 recuperaturum.
1473 4074 1606 4125 Cum
1651 4083 1827 4125 autem
1859 4090 1888 4125 a
1932 4072 2040 4126 filio
2076 4074 2300 4128 deducta

731 4174 932 4226 terram
970 4177 1195 4239 caperet
1230 4176 1289 4218 et
1338 4165 1632 4235 pulverem.
1682 4176 1736 4219 ct
1784 4165 2300 4235 impooeretoculis,

730 4267 983 4334 adjicitur
1016 4261 1258 4315 viduitati
1286 4271 1339 4315 ct
1372 4260 1646 4315 oculorum
1676 4261 1894 4314 orbitati
1941 4261 2137 4331 (qualia
2176 4275 2304 4317 sunt

733 4358 825 4411 Dei
859 4358 1075 4426 judicia)
1131 4356 1234 4407 alia
1270 4369 1480 4421 quoque
1514 4354 1691 4420 gravis
1739 4354 2037 4408 calamitas.
2088 4355 2303 4409 Morbus

732 4451 880 4505 enim
930 4449 1147 4517 quidam
1200 4446 1461 4500 invadens
1514 4459 1765 4514 puerum,
1808 4446 1899 4514 qui
1946 4460 2043 4514 pro
2089 4447 2304 4499 amissis

732 4546 906 4599 oculis
938 4545 1114 4597 fuerat
1154 4543 1201 4596 ei
1245 4541 1380 4595 alius
1417 4541 1629 4601 oculus,
1657 4550 1876 4609 repente
1902 4540 2059 4609 (prob
2085 4538 2233 4594 dolor
2264 4540 2301 4609 !)
2329 4516 2383 4575 D

734 4640 933 4706 abripit
962 4652 990 4689 a
1026 4640 1143 4690 sinu
1182 4635 1391 4687 matris.

806 4727 899 4780 IX.
929 4727 1119 4778 Statim
1154 4738 1280 4791 ergo
1314 4720 1558 4789 duplices
1591 4722 1656 4772 ad
1692 4735 1813 4772 eum
1852 4724 2115 4773 accedunt
2147 4730 2300 4774 tene-

734 4822 867 4883 ἱππ,
899 4829 953 4872 et
979 4819 1098 4869 vita:
1123 4816 1206 4867 lux
1240 4812 1395 4867 simul
1435 4812 1793 4881 exstinguitur
1824 4828 1943 4865 cum
1976 4812 2090 4865 luce
2122 4812 2305 4865 oculo-

734 4928 897 4966 rum:
935 4919 1153 4976 eratque
1184 4907 1406 4959 omnino
1446 4905 1628 4958 infelix
1680 4906 1766 4959 illa
1824 4906 2137 4970 immobilis,
2185 4915 2304 4959 tan-

737 5016 898 5072 quam
942 5000 1123 5067 aliquo
1180 4997 1426 5063 fulmine,
1480 4998 1725 5066 perculsa
1780 4998 2109 5053 calamitate.
2166 4999 2303 5053 Cum

739 5103 916 5150 autem
949 5092 1106 5161 paulo
1148 5101 1267 5162 post
1311 5107 1339 5144 a
1394 5091 1532 5145 man
1565 5090 1632 5143 ad
1676 5104 1733 5144 se
1771 5091 2045 5152 rediisset,
2080 5088 2309 5143 deﬂebat

740 5185 1146 5247 miserabiliter,
1198 5193 1251 5237 et
1298 5182 1631 5237 miserandas
1687 5196 1846 5235 voces
1903 5183 2185 5236 emittebat
2240 5182 2307 5237 ad

743 5277 1030 5335 Domitium
1058 5294 1071 5327 :
1101 5273 1145 5329 Ο
1175 5271 1422 5339 Domine,
1458 5273 1664 5334 dicens,
1712 5285 1810 5324 cur
1853 5274 1929 5326 sic
1974 5282 2195 5340 gravata
2226 5284 2307 5327 est

744 5384 938 5426 manus
988 5377 1076 5420 tua
1118 5380 1279 5435 super
1330 5382 1435 5430 me,
1470 5372 1523 5418 et
1559 5377 1719 5431 supra
1753 5363 1991 5416 dolorem
2029 5362 2305 5417 vulnerum

742 5475 990 5516 meorum
1059 5455 1400 5511 addidisti“!
1460 5454 1524 5508 Et
1581 5468 1728 5507 nunc
1786 5452 1969 5507 lumen
2029 5455 2306 5509 oculorum

745 5565 990 5605 meorum
1039 5556 1093 5601 et
1142 5547 1315 5615 ipsum
1376 5559 1478 5597 nou
1532 5553 1613 5598 est
1666 5542 1937 5597 mecmn‘.
1980 5542 2115 5598 Num
2170 5544 2313 5599 vires

748 5634 985 5699 lapidum
1036 5633 1175 5684 vires
1234 5631 1401 5686 meat?
1462 5628 1579 5697 Ipsa
1633 5645 1850 5698 quoque
1898 5631 2105 5695 dicam,
2167 5636 2313 5703 quod

754 5717 889 5771 Job'
922 5737 937 5771 :
970 5736 988 5767 ι
1018 5717 1246 5771 Pesuisti
1273 5732 1356 5769 me
1389 5718 1719 5784 parabolam,
1750 5719 1993 5785 Domine,
2028 5731 2077 5774 et
2113 5733 2314 5778 motum

832 5830 853 5862 ⁸
886 5827 1025 5881 Psal.
1054 5842 1240 5886 ιιι-ιιι.
1270 5828 1358 5879 ‘27.
1436 5829 1455 5858 '
1482 5827 1622 5881 Psal.
1646 5845 1850 5894 xxxvii,
1881 5832 1968 5884 11.

2392 596 2527 649 ἀλλὰ
2563 596 2671 664 γάρ
2718 596 2773 647 εἴ
2816 614 2866 648 τι
2898 597 2995 649 καὶ
3040 596 3477 665 προσετάχθητε,
3512 598 3649 666 πρὸς
3677 602 3804 662 τοὺς
3839 618 3985 670 πεμ-

2392 686 2868 754 φθένταςὲλεγεν,
2895 685 3261 755 ἐκπληροῦτε.
3293 681 3425 737 Εἶτα
3466 686 3561 737 καὶ
3592 688 3728 754 πρὸς
3756 688 3846 740 τὸν
3883 690 3984 758 τῆς

2388 776 2566 839 οἰκίας
2591 779 2951 849 ἐπιστραφεὶς
2975 776 3299 843 ἐπίτροπον,
3329 773 3523 842 στολὴν
3556 773 3707 842 αὐτῷ
3732 774 3984 844 καθαρὰν

2391 869 2720 938 κομισθῆναι
2752 866 2989 931 κελεύει,
3031 866 3106 928 ὡς
3132 866 3224 917 ἐπὶ
3258 868 3435 934 γάμον
3464 865 3565 935 ήδη
3600 868 3691 917 καὶ
3714 868 3983 933 νυμφῶνα

2389 960 2644 1029 κληθέντι
2680 961 2776 1012 καὶ
2826 960 2963 1030 πρὸς
3020 959 3187 1011 αὑτὸν
3216 959 3525 1011 σπεύδοντι.
3588 959 3699 1013 Καὶ
3724 959 3787 1028 δὴ
3821 976 3986 1027 κομι-

2391 1052 2611 1105 σθεῖσαν
2636 1044 2799 1116 ’ἐνδὺς
2831 1053 2927 1105 καὶ
2985 1055 3050 1121 τῇ
3082 1054 3227 1122 χειρὶ
3264 1053 3442 1115 δείξας
3493 1054 3583 1105 τὸν
3632 1052 3817 1120 λόφον,
3850 1053 3983 1107 ἔνθα

2386 1146 2611 1214 τεθῆναι
2646 1146 2705 1198 το
2733 1146 2893 1214 σῶμα
2924 1146 3211 1214 ἠϐούλετο,
3249 1146 3328 1207 εἰς
3363 1146 3493 1212 γόνυ
3537 1147 3674 1214 μετά
3730 1148 3839 1199 τῶν
3886 1149 3985 1200 σὶν

2388 1237 2537 1307 αὑτῷ
2598 1235 2922 1305 κλιθε“ις(ῶ
2983 1237 3260 1306 μακαρίου
3320 1236 3583 1305 τέλουςί)
3643 1238 3733 1293 τὸν
3792 1238 3984 1306 ἀγῶνα

2386 1328 2637 1395 διήνυσεσ
2693 1326 2786 1378 καὶ
2835 1328 2934 1387 τὰς
2989 1327 3231 1393 κεφαλάς
3292 1328 3732 1395 ἀποτμηθέντες,
3796 1331 3982 1398 χοροῖς

2390 1419 2694 1490 μαρτύρων
2752 1420 2846 1471 καὶ
2892 1419 3219 1472 ἀποστόλων
3269 1422 3675 1490 ἐγγράφονται,
3732 1422 3843 1473 τῶν
3876 1422 3978 1491 μὲν

2386 1512 2484 1581 τὴν
2534 1510 2812 1580 ἀνδρείαν,
2853 1511 2961 1562 τῶν
2992 1511 3047 1562 δὲ
3078 1512 3168 1563 τον
3209 1513 3349 1583 ὑπὲρ
3377 1515 3618 1581 Χριστοῦ
3655 1513 3820 1581 ζῆλον
3856 1517 3982 1566 ἐπι-

2391 1602 2730 1673 δειξάμενοι.

2459 1700 2539 1751 Il'.
2578 1698 2649 1751 re.
2678 1698 2733 1750 δέ
2763 1699 2903 1767 μετὰ
2934 1694 3131 1757 ταῦτα,
3165 1695 3218 1746 τί
3247 1712 3259 1760 ;
3293 1694 3406 1765 Τὴν
3455 1699 3798 1767 μαρτυρικὴν
3836 1700 3983 1751 εχει-

2391 1809 2486 1859 νην
2515 1790 2782 1857 Λογγίνου
2815 1790 3059 1856 κεφαλὴν
3093 1792 3171 1850 είς
3192 1788 3461 1841 »πίστωσιν
3485 1789 3689 1859 ἀκριϐῆ
3724 1790 3986 1852 λαϐόντες

2393 1884 2594 1935 αὐτίκα
2654 1884 2699 1933 οἱ
2748 1882 3031 1942 ἀνελόντες
3089 1883 3170 1933 ὅτι
3204 1884 3471 1948 Λογγῖνος
3520 1882 3774 1953 τέθνηκε.
3824 1884 3986 1951 κομί-

2396 1974 2548 2037 ζουσι
2574 1973 2651 2041 τῷ
2684 1972 2923 2041 Πιλάτῳ,
2952 1972 3158 2035 εἰδότες
3188 1973 3268 2024 ὅτι
3303 1972 3498 2041 μηδενὶ¹
3525 1973 3670 2043 ἄλλῳ
3697 1974 3983 2043 δωρήματι

2394 2060 2666 2126 τοσοῦτον,
2694 2060 2767 2123 ὡς
2806 2061 3025 2129 ἐκείνῳ,
3068 2061 3145 2130 τῷ
3209 2061 3359 2131 αὐτῷ
3416 2062 3763 2131 χαριοῦνταιο
3802 2063 3895 2116 καὶ
3925 2064 3983 2125 ὃς

2396 2154 2680 2205 συνεκάλει
2708 2152 3055 2221 παραχρῆμα
3076 2157 3168 2205 καὶ
3204 2154 3483 2215 Ἰουδαίοις
3500 2155 3569 2205 τά
3596 2155 3806 2224 μεγάλα
3828 2156 3982 2223 αὐτῴ

2396 2243 2923 2313 συνησθησομένοις,
2961 2245 3054 2296 ac:
3084 2244 3179 2295 καὶ
3209 2245 3395 2307 αὐτοῖς
3430 2244 3552 2297 λίαν
3595 2246 3686 2297 τὸν
3715 2248 3982 2314 Λογγίνου

2396 2335 2629 2388 θάνατον
2668 2334 2863 2401 διψῶσι
2905 2334 3001 2387 καὶ
3030 2335 3330 2404 χρημάτων
3358 2332 3520 2387 ὢνιον
3574 2334 3763 2388 τοῦτον
3826 2354 3956 2406 ποιη

2398 2426 2689 2495 σαμένοις·
2741 2419 2802 2477 οὗ
2860 2425 2923 2495 δὴ
2975 2427 3067 2477 καὶ
3103 2426 3177 2489 ὡς
3219 2426 3405 2489 αὐτοῖς
3467 2427 3621 2494 φίλον
3683 2428 3984 2498 γενομένου

2397 2524 2729 2593 προστάττει
2775 2524 2871 2575 καὶ
2928 2521 3084 2584 αὖθις
3111 2523 3368 2585 Πιλᾶτος,
3403 2522 3498 2574 καὶ
3536 2522 3642 2596 πρὸ
3675 2524 3772 2591 τῆς
3809 2522 3984 2591 πύλης

2394 2610 2606 2678 ἀτίμως
2636 2611 2667 2677 ἠ
2708 2610 2867 2678 τιμία
2893 2611 3107 2678 κεφαλὴ
3132 2614 3229 2678 τῆς
3260 2612 3472 2673 πόλεως
3513 2610 3743 2681 ἔρριπτο
3765 2629 3778 2642 ’
3813 2612 3928 2665 ἀλλ’
3956 2616 3984 2665 ό

2395 2702 2533 2771 ὑπὲρ
2564 2702 2719 2771 ἡμῶν
2739 2703 2938 2755 παθεῖν
2965 2703 3267 2771 εὐδοκήσας
3298 2705 3388 2757 τοῦ
3414 2705 3480 2756 δι’
3502 2706 3664 2758 αὑτὸν
3721 2707 3984 2768 παθοντος

2394 2794 2515 2847 οὐδὲ
2563 2794 2655 2846 νῦν
2708 2794 3026 2858 ἐπελάθετο,
3060 2796 3175 2847 ἀλλ’
3206 2791 3318 2848 οἷον
3337 2796 3581 2863 ἀειφανῆ
3618 2814 3736 2847 τινα
3775 2797 3981 2864 πυρσὸν

2394 2890 2507 2948 τοῖς
2565 2886 2824 2956 παριοῦσι
2877 2889 3138 2955 παρεῖχεν
3180 2889 3310 2956 ὀρᾷν
3375 2887 3481 2956 πρὸ
3520 2887 3619 2954 τῆς
3650 2887 3856 2949 πόλεως
3886 2888 3982 2940 καὶ

2394 2976 2459 3041 τῇ
2493 2971 2697 3043 κοπρίᾳ
2728 2970 3016 3040 κειμένην,
3056 2972 3130 3032 ὠς
3155 2972 3219 3023 ἐν
3256 2970 3522 3041 βασιλικῷ
3553 2975 3687 3041 οίκῳ
3710 2972 3981 3039 φυλαττο-

2399 3064 2568 3134 μένην
2631 3065 2855 3133 άφανῶς
2918 3064 3190 3129 ἔσκεπεν,
3243 3065 3303 3116 οὐ
3339 3066 3502 3135 μόνον
3555 3066 3707 3119 οὐδὲν
3738 3065 3847 3117 άπὸ
3881 3068 3981 3134 τῆς

2398 3158 2630 3228 κοπρίας
2654 3158 2822 3220 ἐάσας
2851 3157 3062 3221 παθεῖν,
3094 3158 3229 3209 ἀλλὰ
3253 3158 3459 3211 καὶτοῦ
3504 3160 3734 3227 πάσχειν
3760 3159 3983 3224 ἐτέρους

2396 3248 2485 3301 διὰ
2532 3247 2736 3316 ταύτης
2791 3246 3192 3316 ἐλευθερώσας.
3258 3249 3417 3317 Χήρα
3448 3249 3555 3316 γάρ
3590 3266 3671 3312 τις
3725 3249 3859 3318 γυνὴ
3888 3230 3983 3301 καί

2399 3340 2611 3408 θανάτῳ
2645 3341 2743 3409 μὲν
2772 3340 2861 3391 τὸν
2888 3339 3053 3409 ἄνδρα
3081 3340 3440 3409 ζημιωθεῖσα,
3476 3340 3576 3409 υίῷ
3596 3340 3653 3393 δέ
3682 3359 3784 3393 τινι
3822 3358 3979 3409 μονο-

2398 3433 2543 3498 γενεῖ
2572 3433 2665 3482 καὶ
2699 3431 2845 3501 μόνῳ
2892 3430 3194 3483 σαλεύουςα
3229 3433 3319 3483 καὶ
3359 3432 3493 3499 πρὸς
3525 3434 3588 3501 τῇ
3638 3434 3840 3502 χηρείᾳ
3888 3437 3985 3486 καὶ

2397 3529 2503 3580 τῶν
2542 3528 2835 3595 ὀφθαλμῶν
2869 3528 3117 3596 πήρωσιν
3174 3528 3473 3588 ὑποστάσα,
3501 3528 3680 3580 πίστει
3719 3528 3777 3580 τὸ
3809 3528 3982 3591 πάθος

2397 3624 2672 3689 νικήσασα
2730 3618 2865 3687 μετὰ
2922 3616 3017 3669 τοῦ
3069 3618 3258 3670 τέκνου
3319 3618 3455 3687 πρὸς
3485 3619 3583 3689 τὴν
3621 3619 3981 3689 Ἰερουσαλὴμ

2400 3714 2606 3775 ἄπεισι,
2662 3713 2725 3780 τῇ
2758 3709 2866 3763 τῶν
2894 3709 3063 3777 ἁγίων
3117 3712 3173 3762 ἐν
3206 3711 3343 3782 αὐτῇ
3371 3713 3552 3765 τόπων
3582 3715 3765 3783 ἐπαφῇ
3801 3730 3857 3765 τε
3884 3719 3979 3766 καὶ

2400 3806 2796 3875 προσκυνήσει,
2828 3802 2921 3865 οὒς
2946 3803 3288 3870 ἀποϐέϐληκε
3311 3804 3404 3855 τοῦ
3433 3805 3682 3873 σώματος
3712 3823 3981 3875 φωταγω-

2400 3897 2551 3959 γους,
2592 3892 2886 3944 ἀπολαϐεῖν
2903 3891 3192 3944 ἐλπίσασα.
3260 3892 3349 3954 Ὠς
3406 3890 3499 3945 οὖν
3528 3895 3632 3947 ὑπὸ
3660 3896 3757 3951 τοῦ
3794 3899 3982 3961 παιδὸς

2402 3984 2891 4056 χειραγωγουμένη
2928 3981 3020 4035 τοῦ
3049 3983 3169 4053 χοὸς
3196 3983 3467 4053 ἐλάμϐανε
3500 3986 3595 4037 καὶ
3622 3985 3719 4056 τῆς
3758 3987 3981 4049 κόνεως,

2403 4078 2633 4137 καὶτοῖς
2658 4074 2959 4145 ὀφθαλμοῖς
2993 4075 3254 4141 ἐπετίθει,
3302 4078 3653 4148 προστίθεται
3690 4083 3756 4148 τῇ
3786 4082 3983 4149 χηρείᾳ

2404 4169 2501 4221 καὶ
2551 4169 2616 4236 τῇ
2660 4166 2906 4238 πηρώσει
2950 4167 3058 4221 τῶν
3111 4168 3429 4238 ὀφθαλμῶν,
3490 4163 3579 4222 οἷα
3612 4170 3679 4222 τά
3717 4170 3813 4222 τοῦ
3844 4172 3983 4223 Θεοῦ

2405 4262 2670 4333 κρίματα,
2695 4265 2789 4314 καὶ
2817 4262 2952 4330 άλλη
2988 4261 3201 4330 χαλεπὴ
3228 4267 3481 4331 συμφορά
3506 4278 3518 4292 ·
3546 4265 3698 4322 νόσος
3741 4267 3849 4334 γάρ
3902 4284 3985 4329 τις

2406 4353 2793 4406 καταλαϐοῦσα
2832 4353 2924 4403 τὸν
2980 4353 3169 4416 παῖδα,
3223 4353 3315 4404 τὸν
3353 4355 3473 4405 ἀντὶ
3521 4354 3617 4423 τῆς
3649 4348 3850 4425 ζημίας
3876 4359 3988 4409 τῶν

2408 4443 2699 4513 ὀφθαλμῶν
2725 4442 3005 4512 ὀφθαλμὸν
3040 4444 3197 4496 ἄλλον
3240 4447 3376 4516 αὐτῇ
3413 4447 3724 4516 γενόμενον,
3762 4426 3984 4521 ἅθ’ρόον,

2408 4537 2574 4607 οἶμοι,
2617 4538 2721 4590 τῶν
2744 4537 3000 4606 ἀγκαλῶν
3026 4538 3124 4607 τῆς
3163 4539 3367 4607 μητρὸς
3393 4540 3629 4608 ἁρπάζει

2477 4714 2554 4766 Θ¹.
2590 4713 2761 4773 Εὐθὺς
2793 4713 2886 4766 οὖν
2931 4713 3151 4766 διπλοῦν
3193 4717 3329 4788 αὐτῇ
3380 4718 3439 4771 τὸ
3482 4720 3675 4785 σκότος
3701 4724 3983 4796 ἐπιφοιτᾷ,

2412 4804 2504 4855 καὶ
2538 4804 2597 4855 τὸ
2620 4804 2710 4856 τοῦ
2738 4803 2854 4874 βίου
2888 4805 3004 4874 φῶς
3036 4807 3111 4876 τῷ
3157 4808 3264 4859 τῶν
3314 4810 3581 4879 ὀμμάτων
3615 4817 3974 4869 συναποσϐἐν-

2412 4914 2584 4963 νυται,
2618 4898 2711 4949 καὶ
2736 4895 2802 4967 ἦν
2823 4899 2958 4961 ὅλως
2992 4901 3244 4971 ἀκίνητος
3272 4903 3303 4971 η
3334 4902 3511 4967 ἀθλία,
3536 4904 3724 4978 ῶσπερ
3756 4909 3987 4977 σχηπτῷ

2412 5006 2516 5041 τινι
2542 4988 2801 5057 βληθεῖσα
2850 4992 2915 5058 τῇ
2958 4994 3236 5063 συμφορᾷ.
3279 4994 3433 5047 Merit
3478 4994 3650 5065 βραχὺ
3680 4997 3734 5049 δέ
3766 5000 3986 5067 νήψασα

2419 5081 2614 5148 μικρὸν
2635 5080 2725 5130 τοῦ
2760 5080 2952 5145 κακοῦ,
2996 5080 3227 5135 ἐλεεινὸν
3276 5085 3606 5153 ἁποδύρεται
3638 5090 3729 5139 καὶ
3757 5090 3985 5159 οίκτρὰς

2412 5172 2562 5240 ἠφίει
2593 5170 2723 5243 πρὸς
2742 5172 2833 5224 τὸν
2854 5174 3130 5243 Δεσπότην
3155 5176 3338 5243 φωνάς
3362 5194 3373 5205 ’
3404 5173 3475 5229 Ὠ
3503 5178 3692 5247 Κύριε,
3724 5180 3983 5246 λέγουσα,

2418 5264 2556 5316 ῖνατί
2590 5262 2759 5324 οὓτως
2788 5263 3058 5334 ἐϐαρύνθη
3082 5265 3170 5319 ἐπ’
3200 5268 3297 5334 ἐμὲ
3332 5268 3363 5336 ἡ
3390 5268 3510 5337 χείρ
3544 5287 3658 5331 σου,
3692 5272 3784 5322 καὶ
3806 5273 3899 5323 ἐπὶ
3926 5274 3988 5323 τὸ

2418 5357 2579 5424 ἄλγος
2612 5354 2716 5407 τῶν
2752 5356 3080 5425 τραυμάτων
3132 5376 3230 5427 μου
3274 5361 3640 5429 προσέθηκας,
3673 5363 3765 5415 καὶ
3801 5362 3894 5417 νῦν
3926 5364 3989 5416 τὸ

2421 5451 2534 5517 φῶς
2560 5448 2663 5499 τῶν
2694 5447 2986 5518 ὀφθαλμῶν
3014 5468 3115 5518 μου
3142 5452 3233 5501 καὶ
3262 5452 3510 5505 αὑτὸ.οὺκ
3536 5453 3651 5506 ἔστι
3678 5455 3793 5523 μετ’
3824 5456 3985 5524 ἐμοῦς

2421 5542 2514 5612 Μὴ
2552 5542 2940 5610 ἰσχὺςλίθωνὴ
2982 5542 3132 5611 ἰσχύς
3170 5560 3307 5611 μους
3337 5544 3409 5597 Τὸ
3432 5546 3524 5597 τοῦ
3578 5547 3695 5597 Ἰὼϐ
3727 5550 3816 5600 καὶ
3849 5551 3991 5614 αὐτη

2423 5634 2563 5702 ἐρῶ·
2592 5634 2833 5703 Ἐθηκάς
2870 5651 2934 5703 με
2990 5634 3321 5706 παραϐολὴν,
3353 5636 3614 5705 Δέσποτα,
3654 5640 3748 5693 καὶ
3775 5641 3993 5708 κίνησιν

2425 5725 2666 5793 κεφαλῆς
2700 5728 2754 5776 ἐν
2782 5730 2932 5789 πᾶσι,
2967 5730 3056 5779 καὶ
3089 5727 3416 5801 ίσχύνθησαν
3445 5734 3527 5782 ἐπ’
3556 5733 3652 5801 ἐμὲ
3704 5735 3750 5782 oi
3787 5732 3992 5796 ὑπομέ-

2056 5836 2072 5863 ⁷
2104 5833 2225 5887 Job.
2261 5853 2333 5899 vr,
2371 5839 2460 5890 Ἦ.
