4212 6440
774 381 845 443 43
2056 378 2343 439 MENSIS
2378 378 2747 439 MARTIUS.
3944 386 4019 446 ﬂ

769 497 953 554 oculos
983 498 1186 562 carnis,
1217 512 1314 567 ego
1343 504 1520 550 autem
1553 497 1733 565 accepi
1760 496 1920 550 etiam
1947 494 2136 551 oculos
2179 496 2335 565 spiri-
2367 503 2409 558 Α

2367 503 2409 558 Α
2445 494 2581 564 πρὸς
2636 494 2833 564 ἑαυτὴν
2890 493 3195 564 ἑπεφώνει·
3260 495 3375 549 Νῦν
3414 496 3549 562 οἶδα,
3610 499 3863 566 λέγουσα,
3903 504 4018 564 τοῖς

768 602 875 646 tus.
916 590 997 645 Me
1028 588 1289 643 alliciebat
1314 588 1528 642 tristitia
1554 586 1772 655 jactura
1808 588 1924 653 lilii,
1948 588 2039 643 sed
2066 604 2193 643 ecce
2219 603 2340 643 eum

2442 584 2698 653 ἀγαπῶσι
2731 585 2824 636 τὸν
2850 585 2981 639 Θεὸν
3014 586 3193 639 πάντα
3218 589 3354 658 πρὸς
3378 588 3437 640 τὸ
3469 589 3670 657 ἀγαθὸν
3703 592 4019 662 συλλαμσὰ-

766 686 944 738 habeo
987 682 1277 745 ltteredem,
1316 681 1421 735 Der
1479 696 1600 735 cum
1655 680 1823 750 gloria
1892 682 2033 752 regia
2084 683 2341 737 assisten-

2441 691 2625 729 νεται·
2658 675 2970 745 ὀφθαλμοὺς
3011 677 3241 746 ἐζήτουν
3278 679 3502 749 σαρκὸς,
3533 678 3645 748 ἐγὼ
3685 680 3861 735 δὲκαὶ
3889 686 4017 747 τοὺς

767 783 897 836 ιειη,
933 782 985 827 et
1025 786 1170 825 nunc
1206 780 1366 824 noctu
1402 780 1456 824 et
1510 770 1742 825 interdiu
1771 769 1897 823 milii
1933 772 2089 825 matri
2145 772 2339 826 blande

2436 766 2530 818 τοῦ
2590 766 2904 837 πνεύματος
2954 767 3184 821 ιλιιὸον⁹
3245 769 3437 822 ἐλύπει
3492 788 3560 839 με
3598 771 3770 841 ζημία
3799 774 4014 838 τέκνου,

766 863 1012 930 arridet,
1125 862 1565 933 congloriiicatus
1654 864 1952 918 honoribus
2046 866 2336 933 propheta-

2436 859 2550 911 ἀλλ’
2588 860 2694 929 ἔχω
2722 861 2812 913 τὸν
2838 861 3196 931 κληρονόμον,
3248 854 3376 927 ἰδοὺ,
3415 864 3553 931 μετὰ
3601 863 3884 935 βασιλικῆς
3914 867 4015 934 τῆς

763 972 880 1010 rum
922 967 975 1011 et
1010 967 1329 1026 martyrum,
1390 964 1443 1010 et
1478 968 1596 1008 cum
1652 956 1732 1008 eis
1766 956 2063 1019 exsultans,
2112 963 2166 1009 et
2208 970 2331 1008 cum

2433 951 2592 1019 δόξης
2627 951 2704 1020 τῷ
2731 952 2849 1021 Θεῴ
2880 954 3285 1023 παριστάμενον
3316 955 3409 1004 καὶ
3439 954 3534 1006 νῦν
3557 956 3769 1025 ἥμερόν
3801 975 3915 1027 μοι,
3947 962 4012 1027 τῇ

760 1045 1000 1117 Longino
1034 1060 1248 1101 crucem
1282 1047 1476 1110 ferens,
1516 1053 1571 1099 et
1603 1046 1753 1113 regni
1796 1044 2055 1099 caelorum
2109 1045 2331 1113 praecla-

2439 1044 2629 1113 μητρὶ,
2684 1044 2962 1122 προσγελᾷ
2997 1043 3214 1112 νύκτωρ
3256 1046 3351 1099 καὶ
3379 1046 3497 1114 μεθ’
3530 1047 3765 1117 ἡμέραν,
3800 1067 4015 1120 προφη’

759 1154 878 1192 rum
911 1138 1092 1192 ferens
1136 1145 1392 1206 tropazum
1423 1138 1564 1191 inter
1599 1138 1823 1207 angelos
1859 1154 1872 1190 :
1909 1137 2044 1191 adeo
2095 1146 2154 1190 ut
2184 1137 2329 1190 Lnn-

2432 1133 2541 1183 τῶν
2590 1136 2781 1200 τιμαῖς
2838 1135 2931 1186 καὶ
2982 1134 3277 1204 μαρτύρων
3333 1137 3834 1207 συνδοξαζόμενοςο
3873 1143 4017 1211 μετὰ

759 1228 867 1296 gitti
906 1227 1077 1281 iactus
1108 1228 1429 1297 discipulus,
1462 1230 1575 1296 ipse
1607 1243 1822 1298 quoque
1866 1244 2075 1282 sacram
2115 1230 2329 1283 emittat

2432 1227 2696 1295 Λογγίνου
2726 1246 2784 1281 τε
2831 1232 3220 1302 σταυροφορῶν
3252 1232 3345 1284 καὶ
3399 1234 3460 1286 τὸ
3492 1234 3744 1305 λαμπρὸν
3774 1239 3873 1308 τῆς
3902 1240 4014 1291 τῶν

758 1332 966 1381 vocem,
1007 1318 1426 1387 hymnicamque
1458 1328 1511 1370 et
1553 1319 1861 1388 mysticam,
1902 1328 1955 1372 et
1986 1319 2205 1387 epinicii
2241 1320 2323 1373 in-

2429 1320 2677 1389 οὐρανῶν
2711 1319 2990 1389 βασιλείας
3045 1325 3445 1395 ἐπιφερόμενος
3495 1329 3755 1396 τρόπαιον
3807 1331 4014 1397 μεταξὺ

755 1418 871 1463 star
904 1410 1191 1464 habentem
1232 1427 1246 1461 :
1285 1409 1421 1463 Vere
1438 1407 1530 1463 Dei
1554 1408 1725 1463 Filius
1756 1419 1873 1463 erat
1902 1410 2025 1473 iste,
2059 1420 2112 1463 et
2142 1418 2243 1470 est,
2281 1419 2335 1463 et

2427 1410 2534 1462 τῶν
2586 1412 2856 1477 ἀγγέλων,
2916 1414 2991 1476 ὡς
3056 1416 3321 1483 Λογγίνου
3388 1418 3684 1487 φθέγγεται
3739 1422 4013 1491 μαθητὴς,

752 1501 881 1554 erit.
917 1499 1161 1571 Regnum
1192 1500 1331 1570 ejus,
1372 1516 1591 1570 regnum
1638 1504 1882 1556 omnium
1925 1500 2252 1564 seculorum,
2283 1510 2335 1553 ct

2430 1501 2625 1569 ἀφίησι
2659 1505 2751 1553 καὶ
2788 1504 2952 1564 αὐτὸς
2974 1505 3157 1574 φωνὴν
3189 1506 3340 1573 ἱερὰν
3369 1509 3686 1576 ὑμνολόγον,
3716 1513 4012 1583 μυστικὴν,

753 1592 873 1660 ejus
904 1592 1200 1645 dominatio
1226 1593 1565 1660 permanebit
1598 1593 1651 1647 in
1683 1593 2017 1647 aeternum".
2050 1591 2116 1647 Et
2161 1592 2330 1661 gloria

2429 1593 2732 1644 ἐπινίκιον·
2775 1593 2991 1662 ἀληθῶς
3049 1595 3185 1647 Θεοῦ
3256 1597 3382 1660 Υἱὸς
3431 1593 3498 1669 ἦν
3537 1594 3714 1663 οὗτος,
3746 1604 3835 1654 καὶ
3869 1602 4007 1665 ἔστι,

756 1690 810 1734 et
833 1684 1072 1750 potentia
1105 1684 1157 1737 in
1183 1683 1378 1739 saecula
1413 1686 1738 1740 saeculorum
1772 1685 1837 1737 ¹⁶.
1874 1685 2066 1739 Amen.

2433 1686 2525 1735 καὶ
2576 1684 2760 1736 ἔσται·
2801 1688 2830 1754 ἠ
2863 1686 3110 1755 βασιλεία
3162 1688 3329 1740 αὐτοῦ
3365 1689 3614 1758 βασιλεία
3646 1693 3883 1757 αἰώνιος,
3918 1696 4010 1745 καὶ

2434 1780 2466 1846 ἠ
2489 1776 2776 1829 δεσποτεία
2827 1778 2991 1830 αὑτοῦ
3020 1782 3099 1843 εις
3140 1781 3229 1833 τὸν
3281 1782 3453 1836 αἰῶνα
3485 1785 3792 1854 παραμένει
3819 1801 3831 1813 ·
3861 1784 4011 1853 αὑτῷ

826 1980 849 2014 ⁹
872 1979 1016 2032 Psal.
1046 1994 1225 2044 cxuv,
1260 1980 1347 2035 15.
1428 1981 1471 2011 ¹⁶
1505 1980 1641 2035 Dan.
1668 1996 1769 2045 vn,
1799 1979 1888 2033 27.

2436 1866 2468 1933 ἡ
2503 1864 2626 1928 δόξα
2663 1868 2753 1918 καὶ
2786 1868 2846 1919 τὸ
2876 1870 3073 1940 κράτος
3111 1872 3189 1933 εις
3219 1873 3344 1935 τοὺς
3380 1873 3602 1937 αἰῶνας.
3650 1875 3839 1945 ’Δμήν.

763 2136 3974 2163 “ww—ww

1606 2308 1966 2422 ΒΙΟΣ
2043 2309 2321 2421 ΚΑΙ
2414 2304 3166 2425 ΠΟΛΙΤΕΙΑ

1913 2523 2052 2575 ΤΟΥ
2090 2522 2296 2576 ΟΣΙΟΥ
2338 2522 2611 2576 ΠΑΤΡΟΣ
2651 2523 2850 2577 ΗΜΩΝ

1799 2690 2957 2865 ΑΒΡΑΜΙΟΥ

1678 3129 1963 3218 VlTA
2041 3132 2186 3216 ΕΤ
2261 3129 3101 3223 CONVERSATIO

2230 3325 2291 3381 S.
2348 3328 2411 3383 P.
2469 3323 2536 3380 Ν.

1289 3509 1653 3663 ABR
1683 3511 2087 3661 AMll
2180 3504 3474 3663 CONFESSORIS

1896 3784 1999 3843 ET
2048 3784 2321 3843 ΜΑΡιίᾸέ
2365 3782 2648 3843 NEPTIS
2698 3779 2883 3838 EJUS

1123 3926 1323 4001 Quam
1352 3928 1615 4005 Symeon
1646 3926 2107 4002 Metaphrastes
2142 3943 2221 3985 ea:
2251 3924 2314 3983 5.
2347 3924 2635 4001 Ephrem
2669 3922 2919 3982 videtur
2946 3923 3156 3998 fusius
3188 3920 3619 3996 descripsisse.

912 4079 1107 4140 (Latine
1127 4078 1255 4135 apud
1275 4079 1472 4130 Surium
1498 4079 1557 4129 ad
1580 4079 1713 4128 diem
1746 4079 1807 4128 16
1833 4076 2011 4137 Martii,
2039 4078 2205 4128 Graece
2232 4092 2293 4127 ex
2334 4077 2473 4127 codd.
2506 4078 2631 4141 Reg.
2656 4074 2764 4136 77L,
2795 4087 2909 4123 saec.
2934 4086 3031 4135 xtv,
3060 4072 3200 4136 1488,
3225 4086 3338 4124 σεο.
3372 4085 3457 4122 xtt.
3483 4072 3619 4125 Eon:
3649 4072 3825 4135 Pan.)

824 4405 864 4459 Ι.
899 4403 1152 4458 Virorum
1179 4402 1393 4455 virtutis
1449 4398 1817 4454 studiosorum
1852 4399 1981 4464 vita,
2026 4408 2080 4453 et
2131 4413 2318 4453 eorum
2359 4409 2399 4462 ῃ

2359 4409 2399 4462 Β
2499 4399 2577 4451 A'.
2625 4397 2859 4467 Ἀνδρῶν
2880 4398 3188 4467 φιλαρέτων
3223 4395 3338 4465 βίος
3365 4397 3460 4450 καὶ
3502 4399 3534 4466 ἡ
3564 4398 3665 4467 τῆς
3698 4397 3876 4451 αὐτῶν
3908 4416 4012 4452 πο-

754 4509 876 4564 quan
899 4494 964 4548 ab
996 4494 1075 4547 eis
1101 4501 1250 4562 gesta
1274 4490 1515 4555 fuerunt,
1538 4491 1803 4552 narratio,
1825 4490 2075 4543 omnibus
2113 4489 2330 4557 quidem

760 4587 847 4657 qui
872 4587 962 4657 pie
985 4586 1165 4639 vivere
1183 4584 1530 4648 studuerunt,
1554 4594 1811 4651 tanquam
1832 4581 1976 4635 utilis
2000 4590 2053 4636 et
2069 4580 2329 4649 jucunda,

758 4690 973 4729 summo
1003 4674 1181 4727 studio
1209 4684 1293 4726 est
1322 4674 1620 4740 expetenda
1658 4690 1671 4724 :
1708 4669 1942 4724 maxime
2001 4680 2181 4725 autem
2243 4670 2328 4735 iis,

759 4767 850 4837 qui
883 4765 1135 4820 virtutem
1170 4774 1448 4829 exercent,
1501 4772 1553 4817 et
1604 4764 1693 4831 qui
1755 4763 1967 4815 beatam
2027 4763 2174 4815 illam
2239 4764 2330 4816 Dei

761 4861 1136 4914 mandatorum
1178 4856 1425 4911 semitam
1481 4856 1685 4924 ingredi
1740 4849 2115 4909 decre'verunt.
2171 4852 2332 4907 Fiunt

759 4954 901 5007 enim
934 4948 1012 5004 eis
1044 4946 1207 5000 veluti
1252 4948 1468 5014 quidam
1500 4948 1659 4999 duces
1688 4946 1919 5006 itineris,
1951 4954 2009 4999 ut
2044 4946 2188 5015 quod
2223 4945 2329 5014 ipsi

760 5042 911 5110 prius
948 5038 1303 5101 confecerint,
1337 5042 1392 5089 et
1426 5034 1598 5104 reipsa
1653 5034 1988 5103 experientia
2046 5037 2332 5089 ostendere

760 5131 968 5203 possint
986 5130 1050 5183 iis
1062 5130 1151 5198 qui
1171 5138 1469 5195 sequuntur
1492 5145 1505 5180 :
1525 5127 1612 5180 ubi
1629 5128 1843 5195 quidem
1864 5137 2110 5195 oporteat
2130 5126 2329 5193 aliquid

760 5224 1036 5279 remittere
1064 5223 1131 5275 de
1164 5221 1437 5287 ingressus
1464 5220 1825 5284 vehementia,
1856 5219 1943 5271 ubi
1982 5230 2159 5273 autem
2216 5236 2327 5272 rur-

761 5329 857 5368 sus
891 5312 1116 5383 gradum
1148 5310 1455 5364 accelerare
1482 5319 1535 5362 et
1567 5309 1865 5363 intendere.
1904 5311 2102 5379 Sicque
2128 5320 2330 5364 certam

760 5403 975 5459 virtutis
1004 5402 1145 5458 viam
1177 5410 1231 5454 et
1260 5400 1472 5455 facilem
1506 5398 1610 5455 illis
1630 5399 1855 5464 faciunt,
1882 5403 1971 5470 qui
1998 5418 2116 5455 eam
2140 5417 2332 5469 aggre-

760 5497 1003 5551 diuntur.
1043 5494 1309 5559 Quoniam
1337 5502 1518 5547 autem
1577 5508 1642 5548 ex
1698 5494 1767 5548 iis
1812 5498 2044 5547 maxime
2101 5494 2330 5563 insignis

761 5586 1073 5651 Abramius,
1109 5599 1214 5640 non
1248 5586 1421 5639 solum
1444 5598 1569 5637 cum
1596 5594 1738 5639 esset
1797 5582 1978 5637 adhuc
2033 5597 2329 5653 superstes,

761 5679 858 5734 sed
887 5692 1029 5732 nunc
1057 5691 1269 5747 quoque
1297 5677 1542 5731 oratione
1590 5674 1754 5729 veluti
1783 5677 2014 5741 qnadam
2041 5690 2331 5744 expressus

767 5769 1028 5840 imagine,
1067 5769 1117 5823 id
1152 5767 1307 5838 plene
1342 5776 1608 5838 praestare,
1631 5775 1804 5836 potest
1838 5784 1849 5821 :
1881 5781 1968 5823 res
2026 5768 2141 5837 ejus
2190 5764 2333 5822 hunc

2438 4488 2640 4551 λιτειας
2669 4488 2923 4561 διήγησις
2975 4487 3069 4540 καὶ
3118 4489 3251 4540 πᾶσι
3314 4488 3411 4558 μὲν
3450 4492 3564 4552 τοῖς
3616 4490 3854 4553 εὐσεϐῶς
3912 4491 4023 4561 ζῇν

2437 4558 2839 4649 προῃρημένοιξ
2888 4577 3134 4632 ποοειναί
3168 4572 3227 4631 τε
3258 4579 3351 4631 καὶ
3381 4579 3866 4647 περισπούδαστοι,
3904 4558 4007 4648 μά.

2434 4670 2589 4734 λιστα
2637 4671 2695 4723 δὲ
2742 4676 2852 4732 τοῖς
2879 4671 3081 4738 ἀρετῆς
3116 4670 3603 4739 μεταποιουμένοις
3632 4670 3727 4722 καὶ
3758 4670 3868 4721 ὅσοι
3912 4670 4017 4738 τὴν

2438 4760 2715 4831 μακαρίαν
2746 4760 2960 4827 ἐκείνην
2983 4758 3169 4827 τρίϐον
3195 4759 3306 4810 τῶν
3325 4759 3416 4811 τοῦ
3450 4758 3587 4812 Θεοῦ
3609 4759 3840 4813 ἐντολῶν
3864 4760 4018 4813 (65'3-

2437 4868 2523 4902 σαι
2564 4850 2911 4920 προείλοντο·
2970 4849 3247 4915 γίγνονται
3304 4852 3413 4921 γὰρ
3450 4852 3634 4913 αὐτοῖς
3682 4854 4015 4913 οἱονιίτινες

2433 4939 2618 5010 ὁδηγοὶ
2650 4942 2747 5009 τῆς
2806 4957 3063 5009 tamen};
3134 4944 3382 5011 πορείας,
3420 4938 3507 4993 οἷα
3555 4942 4016 5011 προδιανύσαντες

2433 5034 2638 5105 ταύτην
2676 5036 2771 5086 καὶ
2805 5034 2943 5100 αὐτῇ
2986 5033 3151 5100 πεερᾳ
3197 5035 3289 5084 καὶ
3324 5034 3612 5103 πράγμασι
3642 5039 3752 5097 τοῖς
3808 5037 4015 5105 ἑπομέ-

2433 5143 2543 5186 νοις
2599 5125 2976 5177 ὑποδεικνύειν
3026 5126 3282 5195 ἓχοντες,
3336 5128 3468 5179 ὅπου
3533 5130 3630 5197 μὲν
3684 5130 4017 5196 γενομένους

2436 5218 2629 5288 μικρόν
2659 5232 2711 5268 τι
2737 5217 3099 5270 διαναπαῦσαι
3129 5219 3236 5289 χρὴ
3272 5219 3372 5286 τῆς
3404 5218 3745 5287 ὁδοιπορείας
3789 5219 3849 5272 τὸ
3892 5220 4017 5271 σύν-

2433 5326 2604 5372 τονον,
2670 5312 2804 5363 ὀποῦ
2862 5311 2917 5363 δὲ
2951 5311 3112 5363 πάλιν
3145 5310 3501 5373 ἐπισπεῦσαι,
3553 5314 3647 5364 καὶ
3679 5315 4017 5373 κατατεῖναι,

2434 5401 2531 5451 καὶ
2585 5400 2991 5469 συντονωτέραν
3046 5402 3400 5471 ποιήσασθαι,
3433 5403 3528 5454 καὶ
3576 5401 3751 5464 οὕτως
3798 5401 4015 5470 ἀπλανῆ

2434 5495 2531 5566 τὴν
2559 5494 2676 5547 ὁδὸν
2702 5498 2814 5557 τοῖς
2849 5492 3096 5564 μετιοῦσι
3132 5497 3226 5548 καὶ
3262 5493 3449 5563 ῥᾳδίαν
3482 5492 3831 5572 ἐργάζονται.
3859 5493 4017 5546 Ἐπεὶ

2432 5582 2525 5639 οὖν
2556 5588 2959 5656 ἐπισημότατος
2992 5585 3197 5639 τούτων
3263 5585 3588 5656 ’Λὸρὰμιος,
3638 5588 3699 5637 οὐ
3739 5586 3898 5653 μόνον
3937 5585 4021 5639 [tt

2435 5676 2663 5747 περιὼν,
2692 5678 2829 5731 ἀλλὰ
2856 5680 2946 5731 καὶ
2980 5678 3074 5732 νῦν
3104 5678 3296 5746 ὥσπερ
3328 5680 3384 5728 ἐν
3416 5677 3586 5728 εικόνι
3615 5675 3691 5745 τῷ
3724 5675 3863 5747 λόγῳ
3898 5676 4017 5730 au—

2445 5771 2801 5841 τυπούμενος,
2838 5770 3123 5842 διηγητέον
3162 5770 3235 5834 ὡς
3260 5763 3370 5823 οἶόν
3393 5785 3449 5820 τε
3488 5766 3553 5822 τὰ
3583 5768 3677 5822 τοῦ
3705 5769 3895 5839 ἀνδρὸς
3926 5770 4021 5820 καὶ
