4212 6440
186 463 258 529 ιδ
1454 455 1636 515 VITA
1680 450 1738 512 s.
1781 446 2132 511 ABRAMII.
3355 455 3422 517 ω

166 579 297 646 ἡμῖν
327 580 418 630 καὶ
442 576 559 629 κατ’
592 579 732 646 ἴχνος
773 573 920 643 αὑτῷ
955 573 1051 640 τῆς
1085 568 1288 639 ἀρετῆς
1324 567 1616 638 πορευτέον
1650 564 1741 617 καὶ

1846 563 2057 617 anobis
2086 561 2372 617 narranda:
2413 571 2654 630 suntpro
2715 562 2954 630 viribus,
2997 573 3057 620 ut
3110 577 3420 635 sequamur,

167 671 437 740 μιμητέον
467 671 545 732 είς
567 669 816 736 δύναμιν.

234 842 310 897 Β¹.
343 837 511 904 Οὗτος
529 846 704 897 τοίνυν
723 844 748 895 δ
769 843 1021 913 δεύτερος
1057 841 1307 910 Ἀϐραὰμ
1328 839 1418 891 καὶ
1444 837 1515 906 τῷ
1545 835 1744 906 πρώτῳ

163 935 531 1004 παραμιλλος,
597 936 655 998 ἐξ
710 935 970 1002 εὐγενοῦς
1023 935 1121 1001 μὲν
1181 931 1280 1000 τῆς
1327 929 1481 998 ῥίζης
1516 926 1744 994 εὐγενὴς

161 1027 466 1095 ἐϐλάστησε
495 1028 718 1090 κλάδος·
759 1028 994 1096 πατέρες
1035 1027 1141 1096 γὰρ
1177 1023 1325 1092 αὐτῷ
1370 1020 1612 1088 λαμπροὶ
1647 1018 1744 1086 μὲν

161 1119 221 1170 τὸ
251 1120 429 1186 γένος,
459 1120 704 1190 λαμπροὶ
736 1119 791 1172 δὲ
833 1120 924 1171 τὸν
948 1118 1061 1187 βίον
1092 1117 1186 1169 καὶ
1232 1113 1446 1181 πλούτῳ
1499 1113 1590 1162 καὶ
1617 1109 1744 1178 δόξῃ

159 1211 224 1275 τῇ
261 1208 404 1258 κατὰ
428 1211 633 1277 κόσμον
659 1211 920 1270 ἐπιεικῶς
951 1207 1360 1276 σεμνυνόμενοι.
1397 1201 1661 1270 Ὀρὼντες
1687 1199 1741 1251 δὲ

158 1300 250 1348 τὸν
299 1301 468 1354 παῖδα
529 1303 708 1354 πᾶσαν
757 1305 818 1354 ἐκ
874 1303 973 1368 τῆς
1019 1299 1242 1369 πρώτης
1279 1297 1491 1366 ἡλικίας
1541 1294 1740 1362 ἀρετὴν

161 1393 440 1458 μετιόντα,
474 1394 689 1462 σφοδρῷ
726 1395 864 1446 πάνυ
901 1393 1038 1460 πυρὶ
1069 1393 1162 1444 τού
1192 1390 1329 1460 πρὸς
1363 1389 1525 1440 αὑτὸν
1557 1384 1741 1438 κατεί-

160 1498 321 1549 χοντο
370 1483 534 1535 πόθου
563 1503 576 1516 ·
613 1484 835 1536 τοιαῦτα
892 1484 1000 1551 γὰρ
1054 1483 1120 1536 τὰ
1164 1482 1272 1533 τῶν
1333 1477 1741 1548 γεγεννηκότων

159 1574 448 1643 σπλάγχνα
480 1577 574 1629 καὶ
614 1578 857 1646 πέφυκεν
893 1577 1063 1636 οὕτως
1104 1575 1274 1644 ἀρετὴ
1340 1573 1566 1633 παίδων,
1622 1568 1740 1638 μεί-

158 1663 291 1725 ζονα
318 1666 410 1732 τῆς
443 1668 676 1734 φυσικῆς
719 1670 951 1734 στοργῆς
988 1683 1043 1716 τε
1085 1666 1178 1716 καὶ
1219 1662 1515 1722 διαθέσεως
1556 1661 1738 1718 αὐτοῖς

157 1758 260 1824 τὴν
289 1759 470 1826 πυρὰν
517 1759 882 1823 ύπανᾲπτειν,
935 1756 1014 1807 διὸ
1044 1755 1108 1823 δὴ
1141 1756 1233 1806 καὶ
1273 1753 1395 1805 λίαν
1423 1751 1739 1820 ἀκορέστως

159 1849 326 1899 αὑτοῦ
363 1852 454 1902 καὶ
476 1851 750 1918 περικαῶς
771 1851 1004 1920 ἔχοντες,
1032 1850 1263 1899 ἐπόθουν
1295 1844 1462 1898 καλοῦ
1495 1843 1736 1898 τοιούτου

162 1938 396 2006 βλαστοῦ
431 1945 524 1992 καὶ
575 1943 824 2010 καρποὺς
879 1941 1028 2001 ἰδεῖν,
1061 1940 1228 1999 ὅπως,
1262 1937 1356 1988 καὶ
1413 1936 1487 1998 ὠς
1527 1934 1743 1994 εἰκόνας

159 2029 256 2082 τοῦ
285 2030 399 2082 υἱοῦ
421 2031 490 2083 τὰ
518 2034 716 2099 ἔγγονα
745 2032 1061 2101 βλέποντες,
1091 2031 1149 2081 τὸ
1179 2028 1312 2081 πολὺ
1343 2027 1435 2078 τοῦ
1477 2025 1611 2094 πρὸς
1649 2024 1744 2074 αύ-

157 2123 250 2171 τον
272 2123 494 2191 φίλτρου
525 2124 918 2183 διαναπνέωσι,
949 2121 1044 2173 καὶ
1068 2120 1180 2186 ἅμα
1200 2119 1456 2186 τοιαύτην
1485 2117 1743 2183 βουλόμε-

156 2231 238 2265 νοι
263 2219 327 2284 τῇ
362 2215 582 2285 διαδοχῇ
615 2214 709 2266 τοῦ
756 2214 947 2280 γένους
983 2212 1260 2263 ὑποθεῖναι
1290 2209 1531 2279 κρηπῖδα
1565 2205 1742 2258 τοιοῦ-

154 2321 250 2357 τον
292 2305 563 2374 Θεμέλιον,
598 2305 791 2373 ἀμέλει
832 2307 923 2357 καὶ
948 2303 1251 2370 ἀγαγέσθαι
1289 2300 1508 2369 νύμφην
1545 2295 1743 2349 ἐσπού-

155 2394 320 2456 δαζον
372 2395 450 2464 τῷ
502 2399 601 2464 υἱῲ
633 2399 721 2450 καὶ
767 2396 957 2464 γάμουγ
1001 2395 1160 2464 δῆσαι
1206 2393 1426 2461 δεσμοῖς
1489 2391 1582 2442 καὶ
1634 2389 1742 2441 τῶν

157 2489 440 2555 κοσμικῶν
492 2490 819 2560 ἀξιωμάτων
867 2489 960 2541 ἐπὶ
1018 2491 1085 2538 τα
1143 2487 1312 2556 μείζω
1368 2485 1742 2553 προσαγαγεῖν

155 2579 320 2632 αὐτὸν
344 2581 437 2632 καὶ
467 2586 934 2652 περιφανέστερα.
989 2577 1272 2647 Ἀϐραμίῳ
1309 2576 1365 2627 δὲ
1420 2575 1528 2642 ἄρα
1568 2573 1742 2626 ταῦτα

159 2674 383 2740 φροντὶς
447 2673 708 2741 οὐδεμία,
754 2671 1013 2723 τάναντία.
1058 2669 1113 2719 δὲ
1173 2665 1431 2729 καθάπαξ
1485 2665 1583 2731 τῆς
1631 2662 1741 2715 τῶν

155 2768 361 2831 γονέων
443 2769 723 2836 προῄρητο
808 2765 1033 2835 γνώμης
1100 2765 1194 2818 καὶ
1277 2763 1375 2832 τὴν
1452 2761 1548 2830 μὲν
1615 2759 1740 2810 Ἐκ-

158 2858 410 2929 κλησίαν,
436 2856 524 2912 οἷὰ
554 2878 676 2912 τινα
697 2859 938 2930 νύμφην,
965 2860 1142 2928 ἑαυτῷ
1163 2855 1548 2924 ἐμνηστεύετο,
1572 2869 1743 2924 προπ-

157 2951 398 3020 εδρεύων
427 2953 564 3022 αὐτῇ
591 2953 733 3003 κατὰ
753 2953 876 3012 τοὺς
902 2952 1141 3022 θερμοὺς
1164 2948 1268 3000 τῶν
1293 2946 1541 3014 νυμφίων
1571 2945 1756 3015 νύκτα,

157 3047 253 3098 καὶ
287 3047 409 3114 μεθ’
438 3049 673 3116 ἡμέραν,
708 3049 802 3098 καὶ
825 3045 1005 3114 ψυχὴν
1041 3044 1156 3112 ἅμα
1204 3045 1299 3096 καὶ
1332 3043 1501 3111 ἀκοὴν
1532 3041 1643 3101 τοῖς
1683 3040 1738 3088 ἐν

156 3140 293 3205 αὑτῇ
324 3140 456 3206 πρὸς
489 3141 578 3189 τον
612 3139 744 3190 Θεὸν
776 3137 969 3206 ὕμνοις
995 3139 1088 3188 καὶ
1122 3140 1243 3198 ταῖς
1291 3136 1587 3205 μελῳδίαις
1620 3134 1736 3185 θελο

155 3230 387 3300 γόμενος
411 3247 424 3259 ·
458 3231 586 3298 μίαν
617 3230 671 3281 δὲ
704 3233 867 3298 τιμὴν
900 3230 1074 3298 ἁληοῆ
1108 3228 1205 3298 τὴν
1262 3230 1403 3281 κατὰ
1441 3227 1572 3278 Θεὸν
1621 3226 1739 3277 ἐνό-

158 3325 285 3391 μιζε
320 3324 606 3392 προκοπήν
623 3339 636 3353 ⁸
659 3324 831 3392 ἀρχὰς
854 3324 931 3383 δὲ,
963 3323 1054 3374 καὶ
1081 3320 1420 3382 δυναστείας,
1443 3319 1539 3370 καὶ
1563 3318 1737 3382 τιμῶν

157 3415 293 3484 ὕψη,
323 3417 414 3467 καὶ
449 3416 659 3484 μεγέθη
695 3416 1049 3481 ἀξιωμάτων,
1085 3413 1179 3466 καὶ
1215 3414 1266 3465 εἴ
1293 3430 1343 3464 τι
1379 3412 1505 3464 ἄλλο
1545 3428 1739 3480 κοσμι-

155 3509 251 3558 xliv
285 3511 378 3560 καί
409 3509 710 3577 περίγειον,
762 3509 1011 3574 παίγνιον
1043 3509 1231 3575 ἠγεῖτο
1268 3506 1450 3557 πάντα
1487 3507 1579 3557 καὶ
1608 3521 1739 3572 σκη-

157 3597 256 3666 νὴν
297 3598 388 3649 καὶ
455 3599 770 3666 ὑπόκρισιν,
821 3597 1098 3664 ὀνείρατος
1157 3597 1309 3648 οὐδὲν
1363 3597 1592 3649 ἄμεινον
1645 3596 1741 3646 καὶ

160 3692 327 3750 σκιᾶς
363 3691 708 3756 διακείμενα.

229 3783 307 3832 Γ.
372 3781 503 3830 Επεὶ
538 3780 595 3830 δὲ
625 3781 673 3829 0i
707 3779 959 3841 1sxév13;
988 3779 1261 3831 ἐνέκειντο
1297 3778 1389 3831 καὶ
1443 3780 1581 3847 μετὰ
1611 3780 1736 3830 πολη

155 3874 257 3941 λῆς
291 3873 447 3923 αυτὸν
476 3872 575 3940 τῆς
610 3872 970 3942 σφοδρότητος
994 3871 1252 3941 ὁμιλῆσαι
1275 3872 1472 3940 γάμοις
1494 3873 1741 3940 ἠνάγκα-

154 3970 277 4028 ζον,
311 3967 342 4034 ὴ
374 3966 430 4018 δὲ
485 3968 670 4034 μήτηρ
705 3964 1142 4034 ἀναϐαλλόμενον
1197 3965 1384 4034 ὁρῶσα
1415 3966 1506 4015 καί
1536 3965 1744 4033 δάκρυα.

156 4059 422 4118 πολλάκις
458 4060 607 4124 ἠφίει
641 4058 748 4106 τῶν
781 4058 1099 4125 ὀφθαλμῶν,
1129 4057 1194 4106 τὰ
1249 4059 1343 4125 τῆς
1393 4056 1499 4106 ἔσω
1547 4055 1740 4122 φλογὸς

151 4150 369 4222 ἀψευδῆ
403 4149 669 4218 σύμϐολα,
704 4155 795 4199 καὶ
828 4148 900 4207 ὡς
931 4149 1086 4200 οὐδὲν
1119 4149 1246 4200 ἄλλο
1287 4147 1463 4217 ψυχὴν
1503 4146 1619 4199 υἱοῦ
1647 4163 1744 4200 κα·-

152 4241 429 4295 τακλάσαι
458 4242 755 4308 δυνάμενα,
785 4240 883 4289 οὒκ
906 4239 1042 4307 ἔχων
1065 4240 1091 4287 ὁ
1125 4242 1287 4302 καλὸς
1329 4241 1623 4309 ΡΑϐρὰμιος
1647 4241 1744 4293 ὅτι

153 4338 254 4386 καὶ
283 4332 465 4394 πάθοι,
508 4333 708 4402 μητρός
741 4349 797 4382 τε
827 4331 999 4393 λιταῖς
1023 4331 1115 4382 καὶ
1147 4332 1352 4398 πατρὸς
1386 4335 1524 4382 εἴκει
1550 4332 1740 4383 κελεύω

155 4441 354 4494 σμασι,
383 4425 475 4475 καὶ
506 4425 596 4474 τὸν
623 4424 718 4475 τού
761 4425 938 4491 γάμου
970 4424 1132 4490 ζυγὸν
1172 4422 1566 4493 καταδέχεται,
1607 4425 1735 4494 μίαν

154 4517 274 4569 τῶν
313 4516 543 4567 ἐντολῶν
577 4518 672 4568 καὶ
707 4516 866 4566 τοῦτο
903 4515 1058 4577 εἰδὼς
1091 4517 1150 4567 τὺ
1191 4515 1282 4567 καὶ
1317 4518 1486 4588 πατρὶ
1519 4518 1612 4567 καὶ
1636 4535 1742 4585 μη-

1851 667 1905 708 et
1937 655 2113 725 quoad
2151 653 2267 726 ejus
2305 655 2420 709 ﬁeri
2457 656 2674 725 poterit,
2722 655 2998 712 imitemur
3053 657 3280 729 vestigia
3311 658 3423 729 ejus

1849 750 2080 803 virtutis.

1925 843 1991 895 il.
2027 841 2124 896 Hic
2147 858 2276 913 ergo
2313 845 2584 899 secundus
2638 843 2934 911 Abraham,
2963 853 3016 898 et
3068 859 3190 900 cum
3249 846 3423 914 primo

1847 936 2230 999 conferendas,
2265 952 2328 990 ex
2368 938 2532 990 nobili
2597 938 2810 1005 quidem
2861 938 3043 992 radice
3101 939 3426 1008 germinavit

1851 1042 2034 1079 ramus
2091 1027 2304 1081 nobilis.
2351 1027 2486 1081 Nam
2557 1026 2776 1082 fuerunt
2819 1028 3036 1097 quidem
3090 1029 3140 1083 ei
3171 1035 3424 1097 parentes

1845 1117 1978 1171 clari
2010 1133 2231 1187 genere,
2266 1119 2374 1171 vita
2402 1128 2582 1170 autem
2609 1119 2866 1183 illustres,
2897 1127 2952 1173 et
2999 1120 3089 1188 qui
3141 1121 3345 1174 divitiis
3372 1131 3426 1176 et

1846 1209 2013 1277 gloria
2041 1211 2306 1263 mundana
2342 1211 2442 1264 sibi
2473 1223 2810 1277 summopere
2834 1212 3137 1279 placebant.
3169 1215 3302 1268 Cum
3327 1231 3425 1270 au-

1833 1309 1950 1354 1em
2004 1302 2245 1355 viderent
2281 1317 2502 1369 puerum
2529 1304 2596 1361 ab
2629 1305 2842 1356 ineunte
2872 1315 3029 1358 mtate
3058 1320 3274 1361 omnem
3317 1310 3427 1361 vir.

1845 1401 2011 1448 tutem
2041 1401 2407 1457 exercentem,
2463 1395 2787 1447 tenebantur
2839 1396 3054 1464 quidem
3117 1399 3424 1453 vehementi

1845 1488 1970 1557 igne
1995 1489 2044 1539 in
2079 1502 2200 1541 eum
2228 1487 2427 1542 amoris
2459 1487 2804 1542 etdesiderii.
2834 1488 2971 1542 Sunt
3000 1490 3142 1543 enim
3176 1492 3301 1545 talia
3337 1507 3429 1545 eo-

1847 1578 2096 1646 rum,qui
2129 1589 2448 1646 genuerunt,
2482 1581 2722 1642 viscera,
2756 1589 2809 1632 et
2831 1592 3023 1633 natura
3066 1592 3148 1634 est
3195 1583 3274 1636 eis
3298 1583 3424 1636 insi-

1845 1681 2039 1729 tum,ut
2057 1673 2224 1723 virtus
2241 1672 2471 1723 filiorum
2496 1672 2751 1736 majorem
2773 1675 2822 1725 in
2841 1673 2920 1726 eis
2939 1675 3138 1728 excitet
3153 1673 3422 1729 ﬂammam

1843 1760 2107 1813 naturalis
2139 1760 2419 1814 cbaritatis
2457 1768 2510 1813 et
2546 1759 2864 1814 aiiectionis.
2893 1757 3260 1826 Quamobrem
3293 1780 3415 1816 cum

1845 1863 1988 1904 esset
2015 1868 2204 1906 eorum
2234 1853 2288 1907 in
2315 1869 2434 1907 eum
2472 1869 2622 1906 amor
2661 1858 2718 1907 et
2759 1855 3106 1920 insatiabilis,
3167 1865 3221 1910 et
3263 1856 3421 1924 longe

1849 1945 2287 2009 ardentissimus,
2335 1948 2717 2000 desiderabant
2751 1947 2934 2000 videre
2967 1947 3176 2000 fruetus
3210 1949 3420 2017 pulchri

1849 2035 2010 2103 hujus
2041 2038 2301 2103 genuinis
2335 2060 2345 2092 :
2385 2048 2441 2090 ut
2499 2049 2788 2091 cernentes
2847 2051 3101 2106 tanquam
3162 2041 3422 2109 imagines

1849 2126 1944 2179 lilii
1980 2139 2225 2194 nepotes,
2259 2131 2342 2182 sui
2377 2131 2428 2183 in
2458 2146 2580 2182 eum
2619 2131 2820 2184 amoris
2853 2133 3418 2186 sedarentvebemen-

1849 2219 2000 2278 tiam,
2035 2230 2088 2271 et
2115 2221 2272 2272 simul
2304 2222 2630 2274 sueceSsioni
2662 2223 2876 2290 generis
2905 2223 3269 2290 hocjacerent
3296 2225 3421 2278 fun-

1847 2309 2180 2364 dantentum.
2210 2311 2397 2381 itaque
2433 2312 2746 2378 studebant,
2799 2323 2943 2367 utet
3004 2315 3146 2370 ﬁlius
3200 2318 3423 2374 duceret

1847 2413 2094 2464 uxorem,
2129 2410 2187 2454 et
2236 2403 2550 2469 alligaretur
2599 2403 2823 2457 vinculis
2877 2407 3205 2460 matrimonii
3249 2418 3303 2461 et
3353 2410 3422 2463 ad

1845 2491 2145 2560 prmelpuas
2172 2501 2224 2545 et
2251 2494 2481 2547 maxime
2529 2494 2767 2549 illustres
2816 2499 2998 2551 tnundi
3033 2500 3422 2565 proveheretur

1845 2583 2158 2652 dignitates.
2187 2583 2444 2637 Abramio
2475 2595 2655 2638 autem
2699 2585 2830 2638 nihil
2867 2588 3058 2640 horum
3085 2601 3202 2641 erat
3227 2605 3373 2644 cura:
3402 2609 3415 2644 :

1847 2690 1969 2725 ttatn
2015 2689 2078 2727 ea
2145 2675 2439 2745 delegerat,
2497 2691 2617 2746 quae
2679 2688 2963 2748 parentum
3027 2681 3210 2733 animo
3265 2683 3421 2751 plane

1842 2765 2264 2818 adversabantur
2318 2787 2330 2821 :
2388 2778 2442 2822 et
2491 2767 2788 2822 Ecclesiam
2859 2772 3097 2838 quidem,
3158 2783 3418 2843 tanquam

1844 2871 2098 2924 sponsam
2135 2861 2445 2925 quamdam,
2493 2860 2596 2913 sibi
2632 2861 3018 2928 desponderat,
3052 2865 3123 2926 ei,
3153 2876 3211 2917 ut
3244 2867 3423 2919 solent

1842 2951 2027 3016 Sponsi
2057 2951 2330 3016 ardentes,
2373 2961 2533 3005 noctu
2566 2963 2617 3006 et
2655 2954 2889 3006 interdiu
2924 2957 3192 3019 assidens,
3223 2968 3272 3010 cl
3301 2961 3422 3012 ani-

1845 3055 1989 3091 mum
2020 3041 2178 3093 simul
2203 3051 2256 3094 et
2293 3057 2452 3093 aures
2479 3043 2791 3095 demulcens
2824 3044 2911 3107 iis,
2941 3046 3031 3112 qui
3069 3046 3120 3096 in
3144 3047 3259 3114 ipsa
3287 3048 3421 3099 fiunt

1842 3130 1908 3183 ad
1941 3129 2127 3195 Deum,
2159 3131 2374 3199 hymnis
2397 3138 2444 3184 et
2479 3131 2765 3196 melodiis;
2827 3149 2992 3184 unum
3048 3149 3174 3186 vero
3233 3153 3419 3190 verum

1845 3220 2126 3287 honorem,
2153 3224 2216 3275 ad
2241 3222 2406 3276 Deum
2432 3223 2776 3276 existimabat
2800 3221 3120 3291 profectum.
3144 3225 3423 3294 Magistra-

1847 3322 1933 3367 tus
1965 3323 2143 3367 autem
2187 3324 2241 3367 et
2270 3324 2568 3382 potestates
2623 3324 2678 3368 et
2733 3314 2997 3368 honorum
3053 3317 3418 3382 altitudinem,

1844 3413 1897 3455 et
1920 3403 2241 3471 dignitatum
2274 3405 2723 3473 magnitudinem,
2756 3408 2871 3457 etsi
2899 3409 3025 3472 quid
3074 3409 3218 3461 aliud
3264 3426 3421 3461 mun-

1842 3493 2040 3547 danum
2071 3504 2126 3549 et
2157 3497 2848 3559 terrenmn,.existimabat
2898 3501 3077 3552 omnia
3124 3499 3419 3555 ludibrium

1843 3589 2183 3642 etscenicam
2206 3589 2495 3652 actionem,
2517 3605 2636 3658 qua:
2661 3590 2826 3644 nihilo
2845 3592 3036 3646 melius
3060 3605 3184 3646 sunt
3203 3594 3420 3664 aﬂ'ecta,

1845 3694 2008 3746 quam
2037 3682 2303 3732 somnium
2329 3683 2390 3731 ‘et
2420 3686 2628 3734 umbra.

1920 3769 2006 3821 ill.
2035 3769 2167 3822 Cum
2201 3779 2377 3823 autem
2409 3783 2661 3839 parentes
2689 3772 2954 3828 instarent
2975 3785 3028 3829 et
3056 3777 3423 3832 vehementis-

1846 3863 1980 3916 sime
2008 3872 2281 3932 urgerent,
2317 3874 2374 3917 ut
2404 3880 2626 3922 uxorem
2663 3867 2902 3926 duceret,
2947 3870 3240 3936 quinetiam
3298 3884 3419 3923 ma-

1849 3964 1929 4008 ter
1966 3957 2153 4008 videus
2183 3969 2304 4006 eum
2337 3955 2695 4018 din'erentem,
2735 3974 2876 4026 saepe
2908 3959 3180 4030 lacrymas
3203 3960 3420 4016 emitte-

1849 4055 1930 4096 ret
1961 4060 2024 4095 ex
2057 4044 2248 4106 oculis,
2286 4059 2405 4112 qua:
2431 4056 2552 4098 sunt
2575 4057 2721 4100 certa
2750 4048 2897 4114 signa
2921 4049 3150 4102 ﬂammae
3175 4055 3420 4117 internae,

1848 4147 1907 4190 et
1937 4152 2076 4204 quat,
2110 4137 2154 4191 si
2183 4139 2312 4206 quid
2344 4139 2511 4204 aliud,
2541 4138 2637 4193 iilii
2689 4144 2844 4193 valde
2900 4149 3126 4209 possunt
3176 4144 3420 4196 animum

1850 4228 2147 4302 infringere
2188 4247 2203 4297 ;
2240 4232 2474 4285 nesciret
2499 4245 2627 4286 vero
2661 4233 2910 4302 egregius
2944 4233 3237 4288 Abramius
3293 4237 3422 4304 quid

1847 4321 2078 4387 faceret,
2108 4323 2252 4375 cedit
2291 4324 2482 4375 matris
2519 4324 2767 4388 precibus
2786 4332 2839 4375 et
2886 4325 3054 4390 jussis
3117 4325 3308 4391 patris,
3368 4339 3425 4379 et

1841 4413 2028 4484 jugum
2061 4416 2254 4488 accipit
2297 4416 2651 4477 matrimonii.
2688 4425 2746 4469 ut
2779 4416 2872 4483 qui
2930 4427 3094 4471 sciret
3142 4421 3244 4473 hoc
3301 4433 3423 4473 esse

1850 4524 2011 4562 unum
2042 4525 2103 4562 ex
2157 4507 2371 4564 Domini
2400 4512 2702 4580 praeceptis,
2736 4511 2873 4580 patri
2911 4521 2963 4566 et
2991 4513 3147 4564 matri
3207 4528 3419 4582 parere.

155 4609 254 4680 τρὶ
284 4607 564 4660 πείθεσθαι
589 4625 602 4638 ·
630 4609 752 4658 ἐπεὶ
778 4608 871 4657 καὶ
905 4610 1038 4675 πρὸς
1070 4608 1275 4657 ἐκεῖνον
1305 4608 1418 4676 ᾔδει
1455 4608 1552 4677 τὴν
1576 4610 1741 4678 τιμὴν

1850 4596 1982 4649 Nam
2005 4601 2072 4649 ad
2125 4599 2275 4651 illum
2331 4614 2546 4668 quoque
2605 4603 2836 4654 transire
2881 4603 3139 4654 honorem
3198 4604 3423 4668 pulchre

155 4700 482 4763 διαὸαἰνειν,
512 4698 642 4770 παρ’
672 4693 733 4752 οὗ
766 4701 859 4752 καὶ
884 4701 917 4770 ἡ
947 4698 1159 4768 ἐντολὴ,
1189 4699 1281 4750 καὶ
1310 4698 1383 4760 ὡς
1412 4698 1525 4750 ἔστι
1561 4703 1739 4762 κοινὸς

155 4795 438 4856 ἁπάντων,
471 4795 566 4845 καί
600 4793 816 4861 πρῶτος
867 4791 1069 4860 πατὴρ,
1119 4791 1212 4843 καὶ
1259 4789 1614 4858 δημιουργὸς,
1647 4793 1742 4842 καὶ

155 4885 254 4941 τοῦ
289 4881 433 4938 εἶναι
461 4887 556 4937 καὶ
583 4882 679 4936 τοῦ
711 4883 810 4952 ζῇν
843 4881 1186 4941 αἰτιώτατος.
1241 4880 1401 4932 Ἀλλά
1433 4897 1524 4950 μοι
1559 4881 1742 4932 διαναο

159 4977 347 5044 στήτω
396 4975 536 5044 ἀκοὴ
592 4977 742 5027 πᾶσα
785 4972 921 5041 πρὸς
971 4973 1070 5037 τὴν
1129 4973 1430 5041 ἀκρόασιν·
1481 4973 1581 5041 ἤδη
1632 4972 1740 5042 γὰρ

157 5069 406 5136 ἀνίσχειν
465 5067 558 5117 ἐπὶ
613 5066 714 5133 τὴν
754 5064 1055 5134 Ἀδραμίου
1091 5063 1267 5134 ψυχὴν
1299 5063 1354 5115 αἱ
1388 5063 1484 5130 τῆς
1517 5064 1743 5133 χάριτος

157 5162 382 5221 ἀκτῖνες
416 5157 752 5226 ὲπάρχονται
775 5173 788 5188 ’
819 5157 1056 5208 ἐτελεῖτο
1093 5155 1190 5224 μὲν
1244 5154 1410 5224 ἕκτην
1441 5154 1655 5224 ἡμέραν
1705 5153 1738 5221 ἠ

156 5253 388 5321 εὐωχία,
447 5255 539 5303 καὶ
595 5252 664 5303 τὰ
698 5250 944 5318 γαμήλια
995 5249 1296 5319 ἐκροτεῖτο,
1346 5248 1439 5298 καὶ
1488 5247 1740 5317 ὑμέναιος

158 5345 350 5418 ⁴ἥδοντο
370 5360 381 5373 ·
409 5343 552 5395 κατὰ
582 5341 638 5395 δὲ
665 5343 761 5410 τὴν
795 5340 1051 5409 ἑϐδόμην,
1079 5341 1136 5419 ὲν
1169 5334 1201 5410 ἦ
1236 5339 1330 5390 καὶ
1356 5337 1612 5389 λελύσθαι
1639 5338 1738 5407 ἤδη

159 5439 349 5500 αὐτοῖς
399 5434 594 5507 ἔμελλε
642 5435 710 5486 τὰ
750 5433 858 5485 τῶν
905 5432 1122 5501 γάμων,
1155 5430 1655 5501 Θαυματουργεῑταί
1687 5446 1741 5481 τι

159 5532 421 5602 πρᾶγμα,
460 5528 596 5598 μηδὲ
651 5528 949 5598 ὀφθαλμοῖς
1001 5528 1416 5594 πιστευόμενον.
1459 5522 1742 5591 "Extiqu

162 5624 264 5694 μὲν
296 5623 405 5693 γὰρ
433 5622 575 5692 μετὰ
605 5621 701 5688 τῆς
740 5622 958 5691 νύμφης
988 5619 1132 5689 μάλα
1180 5617 1431 5688 λαμπρὸς
1466 5619 1492 5668 ὁ
1538 5616 1740 5685 ’Δὸρὰ-

165 5730 311 5785 tunc.
371 5715 444 5773 ὡς
482 5714 716 5784 νυμσίος
769 5711 982 5780 ἀληθῶς
1021 5710 1112 5763 ἐπὶ
1155 5710 1249 5762 τοῦ
1301 5705 1505 5760 παστοῦ
1531 5705 1694 5759 αὑτοῦ
1725 5721 1736 5734 ’

161 5805 395 5877 θορύϐου
423 5806 479 5860 δὲ
510 5807 604 5859 καὶ
632 5805 826 5876 κρότου
852 5805 941 5859 τὸν
970 5800 1139 5868 οἷκον,
1174 5804 1248 5865 ὡς
1283 5805 1449 5868 εἰκὸς,
1479 5801 1738 5870 κατεχόν-

157 5917 293 5970 των,
321 5905 415 5954 καὶ
453 5901 576 5970 περὶ
601 5904 695 5970 τὴν
722 5900 1003 5971 τράπεζαν
1028 5898 1248 5952 πάντων
1281 5898 1518 5960 καὶτοὺς
1552 5897 1737 5949 δαιτυ-

1846 4687 2073 4753 sciebat,
2107 4703 2135 4742 a
2162 4706 2270 4760 quo
2298 4689 2598 4760 proiectum
2629 4698 2714 4746 est
2748 4704 3105 4762 prtecepunn,
3141 4703 3194 4746 et
3216 4695 3306 4762 qui
3338 4705 3424 4747 es:

1845 4782 2151 4836 communis
2209 4786 2451 4839 omnium
2484 4782 2762 4852 etprimus
2822 4795 2996 4853 pater,
3043 4791 3098 4838 et
3133 4785 3332 4852 opii'ex,
3367 4797 3425 4841 et

1845 4875 2109 4941 prtecipna
2136 4889 2346 4939 causa,
2379 4884 2434 4927 ut
2478 4876 2651 4928 simus
2683 4885 2738 4928 et
2806 4877 3070 4928 vivamus.
3133 4875 3236 4929 Sed
3291 4877 3419 4928 ntihi

1846 4965 2153 5032 arrigantur
2179 4979 2371 5020 omnes
2400 4980 2564 5021 aures
2609 4967 2672 5020 ad
2714 4966 3040 5021 audiendum
3076 4983 3090 5022 :
3129 4967 3238 5036 jam
3273 4967 3417 5021 enim

1845 5055 1898 5108 in
1932 5055 2111 5109 animo
2137 5058 2378 5112 Abramii
2413 5060 2672 5127 incipiunt
2701 5059 2829 5113 oriri
2889 5062 3018 5114 raiiii
3050 5064 3254 5130 gratiae.
3311 5062 3418 5116 Sex

1843 5150 2057 5218 quidem
2114 5151 2490 5220 prmterierant
2566 5155 2715 5216 dies.
2773 5168 2836 5208 ex
2906 5169 3013 5221 quo
3065 5155 3420 5222 peragebatur

1846 5244 2148 5294 convivium
2172 5252 2225 5295 et
2255 5242 2674 5298 celebrabantur
2737 5245 2960 5314 nuptiae,
3025 5254 3078 5301 et
3124 5249 3420 5300 cauebatur

1846 5332 2198 5400 hymen-ams;
2241 5337 2471 5403 septimo
2497 5345 2698 5398 autem,
2752 5335 2802 5389 in
2833 5351 2940 5403 quo
2991 5347 3113 5390 erat
3168 5337 3248 5391 eis
3307 5338 3417 5390 sol-

1845 5426 2077 5478 vendum
2112 5426 2540 5489 matrimonium,
2569 5425 2625 5478 iit
2658 5442 2744 5480 res
2774 5428 3020 5493 quaedam
3056 5427 3412 5491 admirabilis,

1843 5527 1895 5568 et
1920 5531 2040 5584 quae
2066 5515 2150 5569 vix
2185 5518 2327 5572 credi
2382 5521 2568 5585 possit.
2604 5516 2736 5572 Nam
2790 5517 3014 5574 sedebat
3077 5518 3294 5586 quidem
3349 5520 3418 5573 ad

1846 5624 2087 5664 mensam
2104 5625 2226 5664 cum
2247 5625 2440 5681 sponsa
2460 5609 2774 5678 splendidus
2793 5611 3080 5665 admodum
3099 5612 3416 5675 Abramius,

1843 5709 2097 5773 tanquam
2141 5718 2371 5774 sponsus
2397 5718 2585 5758 revera
2615 5703 2669 5756 in
2713 5703 2954 5759 thalamo
2991 5717 3113 5768 suo,
3176 5707 3414 5758 tumultu

1845 5811 2026 5854 autem
2058 5809 2116 5853 et
2147 5799 2333 5868 plausu
2366 5807 2475 5854 tota
2506 5798 2698 5852 domus
2743 5798 3135 5866 perstrepebat,
3185 5813 3416 5856 mensa.

1844 5911 1949 5969 que
1992 5904 2042 5947 et
2079 5891 2319 5948 convivis
2354 5901 2507 5948 erant
2538 5906 2725 5948 omnes
2768 5892 2958 5948 intenti
3003 5908 3017 5959 ς
3047 5889 3292 5948 occultus
3325 5908 3420 5946 au-
