  <div class='ocr_page' id='page_1' title='image "/cluster/home/n/w/nwhite01/storage/ocr_20150623/115/nnc1.0046980261/032.png"; bbox 0 0 4212 6440; ppageno 0'>
   <div class='ocr_carea' id='block_1_1' title="bbox 180 397 1769 463">
    <p class='ocr_par' dir='ltr' id='par_1_1' title="bbox 180 398 1742 463">
     <span class='ocr_line' id='line_1_1' title="bbox 180 398 1742 463; baseline 0 -2"><span class='ocrx_word' id='word_1_1' title='bbox 180 400 254 463; x_wconf 65' lang='grc'><strong>49</strong></span> <span class='ocrx_word' id='word_1_2' title='bbox 1465 398 1643 462; x_wconf 79' lang='lat' dir='ltr'><strong>VITA</strong></span> <span class='ocrx_word' id='word_1_3' title='bbox 1682 400 1742 461; x_wconf 82' lang='lat' dir='ltr'><strong>S.</strong></span> 
     </span>
    </p>
   </div>
   <div class='ocr_carea' id='block_1_2' title="bbox 1872 397 3446 463">
    <p class='ocr_par' dir='ltr' id='par_1_2' title="bbox 1872 397 3446 459">
     <span class='ocr_line' id='line_1_2' title="bbox 1872 397 3446 459; baseline 0.001 -6"><span class='ocrx_word' id='word_1_4' title='bbox 1872 397 2139 459; x_wconf 68' lang='lat' dir='ltr'><strong>iRAMII.</strong></span> <span class='ocrx_word' id='word_1_5' title='bbox 3373 398 3446 456; x_wconf 78' lang='grc'><strong>50</strong></span> 
     </span>
    </p>
   </div>
   <div class='ocr_carea' id='block_1_3' title="bbox 184 505 1769 582">
    <p class='ocr_par' dir='ltr' id='par_1_3' title="bbox 184 510 1761 582">
     <span class='ocr_line' id='line_1_3' title="bbox 184 510 1761 582; baseline -0.001 -18"><span class='ocrx_word' id='word_1_6' title='bbox 184 529 255 581; x_wconf 80' lang='grc' dir='ltr'><strong>με</strong></span> <span class='ocrx_word' id='word_1_7' title='bbox 284 510 379 563; x_wconf 67' lang='grc' dir='ltr'>καὶ</span> <span class='ocrx_word' id='word_1_8' title='bbox 410 511 485 581; x_wconf 80' lang='grc' dir='ltr'>μὴ</span> <span class='ocrx_word' id='word_1_9' title='bbox 518 512 577 562; x_wconf 79' lang='grc' dir='ltr'><strong>τὸ</strong></span> <span class='ocrx_word' id='word_1_10' title='bbox 608 511 825 582; x_wconf 74' lang='grc' dir='ltr'>φορτίον</span> <span class='ocrx_word' id='word_1_11' title='bbox 866 512 1030 566; x_wconf 69' lang='grc' dir='ltr'>αὐτοῦ</span> <span class='ocrx_word' id='word_1_12' title='bbox 1061 515 1120 566; x_wconf 75' lang='grc' dir='ltr'><strong>τὸ</strong></span> <span class='ocrx_word' id='word_1_13' title='bbox 1162 511 1396 580; x_wconf 65' lang='grc' dir='ltr'>ἐλαρρῖιν</span> <span class='ocrx_word' id='word_1_14' title='bbox 1433 510 1761 580; x_wconf 65' lang='grc' dir='ltr'>ἀπορρίψω,</span> 
     </span>
    </p>
   </div>
   <div class='ocr_carea' id='block_1_4' title="bbox 1872 505 3459 582">
    <p class='ocr_par' dir='ltr' id='par_1_4' title="bbox 1872 505 3459 578">
     <span class='ocr_line' id='line_1_4' title="bbox 1872 505 3459 578; baseline -0.004 -14"><span class='ocrx_word' id='word_1_15' title='bbox 1872 511 2049 565; x_wconf 87' lang='lat' dir='ltr'><strong>ciam:</strong></span> <span class='ocrx_word' id='word_1_16' title='bbox 2087 510 2180 564; x_wconf 89' lang='lat' dir='ltr'><strong>sed</strong></span> <span class='ocrx_word' id='word_1_17' title='bbox 2213 523 2428 578; x_wconf 81' lang='lat' dir='ltr'><strong>semper</strong></span> <span class='ocrx_word' id='word_1_18' title='bbox 2469 522 2666 578; x_wconf 88' lang='lat' dir='ltr'><strong>sequar</strong></span> <span class='ocrx_word' id='word_1_19' title='bbox 2691 507 2884 577; x_wconf 88' lang='lat' dir='ltr'><strong>legem,</strong></span> <span class='ocrx_word' id='word_1_20' title='bbox 2927 513 2981 560; x_wconf 92' lang='lat' dir='ltr'><strong>et</strong></span> <span class='ocrx_word' id='word_1_21' title='bbox 3013 505 3154 560; x_wconf 90' lang='lat' dir='ltr'><strong>illius</strong></span> <span class='ocrx_word' id='word_1_22' title='bbox 3182 517 3459 577; x_wconf 54' lang='lat' dir='ltr'><strong>pracept;</strong></span> 
     </span>
    </p>
   </div>
   <div class='ocr_carea' id='block_1_5' title="bbox 179 602 1765 671">
    <p class='ocr_par' dir='ltr' id='par_1_5' title="bbox 179 602 1765 671">
     <span class='ocr_line' id='line_1_5' title="bbox 179 602 1765 671; baseline -0.002 -15"><span class='ocrx_word' id='word_1_23' title='bbox 179 602 296 656; x_wconf 84' lang='grc' dir='ltr'>ἀλλ’</span> <span class='ocrx_word' id='word_1_24' title='bbox 333 603 420 656; x_wconf 53' lang='grc' dir='ltr'><strong>ἀεὶ⁵</strong></span> <span class='ocrx_word' id='word_1_25' title='bbox 451 602 524 670; x_wconf 79' lang='grc' dir='ltr'><strong>τῷ</strong></span> <span class='ocrx_word' id='word_1_26' title='bbox 549 603 700 671; x_wconf 83' lang='grc' dir='ltr'>νόμῳ</span> <span class='ocrx_word' id='word_1_27' title='bbox 731 603 825 655; x_wconf 76' lang='grc' dir='ltr'>καὶ</span> <span class='ocrx_word' id='word_1_28' title='bbox 851 607 972 666; x_wconf 88' lang='grc' dir='ltr'>ταῖς</span> <span class='ocrx_word' id='word_1_29' title='bbox 1007 606 1247 667; x_wconf 83' lang='grc' dir='ltr'>ἐντολαῖς</span> <span class='ocrx_word' id='word_1_30' title='bbox 1288 606 1497 657; x_wconf 78' lang='grc' dir='ltr'>ἐκείνου</span> <span class='ocrx_word' id='word_1_31' title='bbox 1532 604 1627 656; x_wconf 81' lang='grc' dir='ltr'>καὶ</span> <span class='ocrx_word' id='word_1_32' title='bbox 1653 605 1765 667; x_wconf 87' lang='grc' dir='ltr'>τοῖς</span> 
     </span>
    </p>
   </div>
   <div class='ocr_carea' id='block_1_6' title="bbox 179 691 1766 766">
    <p class='ocr_par' dir='ltr' id='par_1_6' title="bbox 179 691 1766 766">
     <span class='ocr_line' id='line_1_6' title="bbox 179 691 1766 766; baseline 0.001 -20"><span class='ocrx_word' id='word_1_33' title='bbox 179 694 758 764; x_wconf 78' lang='grc' dir='ltr'>Θελήμασινέπεσθιιι.</span> <span class='ocrx_word' id='word_1_34' title='bbox 792 691 924 750; x_wconf 77' lang='grc' dir='ltr'>Εἶτα</span> <span class='ocrx_word' id='word_1_35' title='bbox 953 697 1048 748; x_wconf 72' lang='grc' dir='ltr'><strong>καὶ</strong></span> <span class='ocrx_word' id='word_1_36' title='bbox 1071 696 1224 766; x_wconf 73' lang='grc' dir='ltr'>ἠξίου</span> <span class='ocrx_word' id='word_1_37' title='bbox 1253 696 1397 765; x_wconf 85' lang='grc' dir='ltr'>μάλα</span> <span class='ocrx_word' id='word_1_38' title='bbox 1423 697 1642 764; x_wconf 83' lang='grc' dir='ltr'>Οερμῶς</span> <span class='ocrx_word' id='word_1_39' title='bbox 1671 695 1766 748; x_wconf 75' lang='grc' dir='ltr'>τοῦ</span> 
     </span>
    </p>
   </div>
   <div class='ocr_carea' id='block_1_7' title="bbox 181 782 1766 853">
    <p class='ocr_par' dir='ltr' id='par_1_7' title="bbox 181 782 1766 853">
     <span class='ocr_line' id='line_1_7' title="bbox 181 782 1766 853; baseline 0 -19"><span class='ocrx_word' id='word_1_40' title='bbox 181 785 258 852; x_wconf 71' lang='grc' dir='ltr'><strong>μὶ)</strong></span> <span class='ocrx_word' id='word_1_41' title='bbox 323 783 561 850; x_wconf 78' lang='grc' dir='ltr'>συνεχῶς</span> <span class='ocrx_word' id='word_1_42' title='bbox 597 785 774 835; x_wconf 82' lang='grc' dir='ltr'>ἐκεῖσε</span> <span class='ocrx_word' id='word_1_43' title='bbox 813 785 1245 853; x_wconf 71' lang='grc' dir='ltr'><strong>ἀφικνουμένους</strong></span> <span class='ocrx_word' id='word_1_44' title='bbox 1273 783 1372 852; x_wconf 78' lang='grc' dir='ltr'><strong>τὴν</strong></span> <span class='ocrx_word' id='word_1_45' title='bbox 1424 782 1766 852; x_wconf 61' lang='grc' dir='ltr'>ποθουμένην</span> 
     </span>
    </p>
   </div>
   <div class='ocr_carea' id='block_1_8' title="bbox 177 873 1767 950">
    <p class='ocr_par' dir='ltr' id='par_1_8' title="bbox 177 873 1767 950">
     <span class='ocr_line' id='line_1_8' title="bbox 177 873 1767 950; baseline -0.001 -24"><span class='ocrx_word' id='word_1_46' title='bbox 177 875 415 945; x_wconf 75' lang='grc' dir='ltr'>ἡσυχίαν</span> <span class='ocrx_word' id='word_1_47' title='bbox 447 876 836 943; x_wconf 80' lang='grc' dir='ltr'><strong>ἐπιταράττειν</strong></span> <span class='ocrx_word' id='word_1_48' title='bbox 871 878 966 927; x_wconf 68' lang='grc' dir='ltr'><strong>καὶ</strong></span> <span class='ocrx_word' id='word_1_49' title='bbox 987 876 1178 945; x_wconf 86' lang='grc' dir='ltr'>ῶσπερ</span> <span class='ocrx_word' id='word_1_50' title='bbox 1209 875 1459 944; x_wconf 75' lang='grc' dir='ltr'>ἐμποδῶν</span> <span class='ocrx_word' id='word_1_51' title='bbox 1484 873 1631 941; x_wconf 82' lang='grc' dir='ltr'>αύτῷ</span> <span class='ocrx_word' id='word_1_52' title='bbox 1669 875 1767 950; x_wconf 76' lang='grc' dir='ltr'><strong>τῆς</strong></span> 
     </span>
    </p>
   </div>
   <div class='ocr_carea' id='block_1_9' title="bbox 175 965 1766 1037">
    <p class='ocr_par' dir='ltr' id='par_1_9' title="bbox 175 965 1766 1037">
     <span class='ocr_line' id='line_1_9' title="bbox 175 965 1766 1037; baseline -0.003 -18"><span class='ocrx_word' id='word_1_53' title='bbox 175 968 277 1019; x_wconf 73' lang='grc' dir='ltr'>ἐπὶ</span> <span class='ocrx_word' id='word_1_54' title='bbox 314 968 382 1019; x_wconf 89' lang='grc' dir='ltr'><strong>τά</strong></span> <span class='ocrx_word' id='word_1_55' title='bbox 423 967 658 1034; x_wconf 77' lang='grc' dir='ltr'>κρείττω</span> <span class='ocrx_word' id='word_1_56' title='bbox 683 968 935 1034; x_wconf 84' lang='grc' dir='ltr'>γίνεσθαι</span> <span class='ocrx_word' id='word_1_57' title='bbox 986 968 1296 1037; x_wconf 74' lang='grc' dir='ltr'>προκοπῆς.</span> <span class='ocrx_word' id='word_1_58' title='bbox 1353 965 1538 1020; x_wconf 83' lang='grc' dir='ltr'>Ταῦτα</span> <span class='ocrx_word' id='word_1_59' title='bbox 1570 967 1766 1019; x_wconf 80' lang='grc' dir='ltr'>ἐκεῖνοι</span> 
     </span>
    </p>
   </div>
   <div class='ocr_carea' id='block_1_10' title="bbox 182 1056 1765 1128">
    <p class='ocr_par' dir='ltr' id='par_1_10' title="bbox 182 1056 1765 1128">
     <span class='ocr_line' id='line_1_10' title="bbox 182 1056 1765 1128; baseline -0.001 -18"><span class='ocrx_word' id='word_1_60' title='bbox 182 1059 284 1128; x_wconf 76' lang='grc' dir='ltr'>μὲν</span> <span class='ocrx_word' id='word_1_61' title='bbox 315 1057 652 1119; x_wconf 85' lang='grc' dir='ltr'>ἀκούσαντες</span> <span class='ocrx_word' id='word_1_62' title='bbox 687 1059 782 1110; x_wconf 82' lang='grc' dir='ltr'>καὶ</span> <span class='ocrx_word' id='word_1_63' title='bbox 831 1059 1053 1122; x_wconf 75' lang='grc' dir='ltr'><strong>ἰδόντες,</strong></span> <span class='ocrx_word' id='word_1_64' title='bbox 1095 1059 1430 1128; x_wconf 77' lang='grc' dir='ltr'>ἀνέστρεφον</span> <span class='ocrx_word' id='word_1_65' title='bbox 1453 1075 1465 1087; x_wconf 87' lang='grc'>·</span> <span class='ocrx_word' id='word_1_66' title='bbox 1523 1060 1549 1110; x_wconf 89' lang='grc' dir='ltr'>ὁ</span> <span class='ocrx_word' id='word_1_67' title='bbox 1581 1057 1636 1110; x_wconf 80' lang='grc' dir='ltr'>δὲ</span> <span class='ocrx_word' id='word_1_68' title='bbox 1669 1056 1765 1126; x_wconf 82' lang='grc' dir='ltr'>τὴν</span> 
     </span>
    </p>
   </div>
   <div class='ocr_carea' id='block_1_11' title="bbox 175 1149 1766 1221">
    <p class='ocr_par' dir='ltr' id='par_1_11' title="bbox 175 1149 1766 1221">
     <span class='ocr_line' id='line_1_11' title="bbox 175 1149 1766 1221; baseline -0.001 -18"><span class='ocrx_word' id='word_1_69' title='bbox 175 1149 273 1203; x_wconf 80' lang='grc' dir='ltr'>τοῦ</span> <span class='ocrx_word' id='word_1_70' title='bbox 329 1151 576 1202; x_wconf 87' lang='grc' dir='ltr'>οίκίσκου</span> <span class='ocrx_word' id='word_1_71' title='bbox 635 1152 841 1204; x_wconf 72' lang='grc' dir='ltr'>εἴσοδον</span> <span class='ocrx_word' id='word_1_72' title='bbox 893 1153 1221 1220; x_wconf 75' lang='grc' dir='ltr'>ἀποφράξας</span> <span class='ocrx_word' id='word_1_73' title='bbox 1272 1153 1366 1204; x_wconf 90' lang='grc' dir='ltr'><strong>καί</strong></span> <span class='ocrx_word' id='word_1_74' title='bbox 1399 1169 1516 1204; x_wconf 91' lang='grc' dir='ltr'>τινα</span> <span class='ocrx_word' id='word_1_75' title='bbox 1571 1151 1766 1221; x_wconf 83' lang='grc' dir='ltr'>Θυρίδα</span> 
     </span>
    </p>
   </div>
   <div class='ocr_carea' id='block_1_12' title="bbox 179 1239 1768 1314">
    <p class='ocr_par' dir='ltr' id='par_1_12' title="bbox 179 1239 1768 1314">
     <span class='ocr_line' id='line_1_12' title="bbox 179 1239 1768 1314; baseline 0.002 -24"><span class='ocrx_word' id='word_1_76' title='bbox 179 1239 446 1310; x_wconf 86' lang='grc' dir='ltr'>βραχεῖαν</span> <span class='ocrx_word' id='word_1_77' title='bbox 493 1241 832 1304; x_wconf 81' lang='grc' dir='ltr'>καταλιπὼν,</span> <span class='ocrx_word' id='word_1_78' title='bbox 885 1243 953 1295; x_wconf 85' lang='grc' dir='ltr'>δι’</span> <span class='ocrx_word' id='word_1_79' title='bbox 1011 1239 1078 1313; x_wconf 85' lang='grc' dir='ltr'>ἦς</span> <span class='ocrx_word' id='word_1_80' title='bbox 1136 1243 1201 1295; x_wconf 85' lang='grc' dir='ltr'>ἂν</span> <span class='ocrx_word' id='word_1_81' title='bbox 1232 1244 1396 1312; x_wconf 83' lang='grc' dir='ltr'>ἄρτος</span> <span class='ocrx_word' id='word_1_82' title='bbox 1427 1244 1576 1314; x_wconf 71' lang='grc' dir='ltr'>αὐτῷ</span> <span class='ocrx_word' id='word_1_83' title='bbox 1607 1244 1768 1310; x_wconf 73' lang='grc' dir='ltr'>μόνον</span> 
     </span>
    </p>
   </div>
   <div class='ocr_carea' id='block_1_13' title="bbox 177 1331 1766 1404">
    <p class='ocr_par' dir='ltr' id='par_1_13' title="bbox 177 1331 1766 1404">
     <span class='ocr_line' id='line_1_13' title="bbox 177 1331 1766 1404; baseline 0.001 -22"><span class='ocrx_word' id='word_1_84' title='bbox 177 1331 276 1382; x_wconf 75' lang='grc' dir='ltr'>καὶ</span> <span class='ocrx_word' id='word_1_85' title='bbox 318 1331 460 1400; x_wconf 78' lang='grc' dir='ltr'>ὕδωρ</span> <span class='ocrx_word' id='word_1_86' title='bbox 498 1335 816 1402; x_wconf 70' lang='grc' dir='ltr'>παρέχοιτο,</span> <span class='ocrx_word' id='word_1_87' title='bbox 853 1335 985 1402; x_wconf 76' lang='grc' dir='ltr'>εὐχῇ</span> <span class='ocrx_word' id='word_1_88' title='bbox 1022 1334 1114 1386; x_wconf 79' lang='grc' dir='ltr'>τοῦ</span> <span class='ocrx_word' id='word_1_89' title='bbox 1158 1335 1348 1386; x_wconf 73' lang='grc' dir='ltr'>λοιποῦ</span> <span class='ocrx_word' id='word_1_90' title='bbox 1400 1335 1496 1386; x_wconf 72' lang='grc' dir='ltr'><strong>καὶ</strong></span> <span class='ocrx_word' id='word_1_91' title='bbox 1543 1337 1766 1404; x_wconf 76' lang='grc' dir='ltr'>νηστείᾳ</span> 
     </span>
    </p>
   </div>
   <div class='ocr_carea' id='block_1_14' title="bbox 179 1425 1764 1494">
    <p class='ocr_par' dir='ltr' id='par_1_14' title="bbox 179 1425 1764 1494">
     <span class='ocr_line' id='line_1_14' title="bbox 179 1425 1764 1494; baseline 0.001 -20"><span class='ocrx_word' id='word_1_92' title='bbox 179 1425 527 1492; x_wconf 84' lang='grc' dir='ltr'>προσέκειτο.</span> <span class='ocrx_word' id='word_1_93' title='bbox 607 1427 696 1477; x_wconf 83' lang='grc' dir='ltr'>Ἐν</span> <span class='ocrx_word' id='word_1_94' title='bbox 740 1429 952 1488; x_wconf 77' lang='grc' dir='ltr'>τούτοις</span> <span class='ocrx_word' id='word_1_95' title='bbox 1012 1427 1067 1479; x_wconf 84' lang='grc' dir='ltr'>δὲ</span> <span class='ocrx_word' id='word_1_96' title='bbox 1122 1427 1272 1488; x_wconf 78' lang='grc' dir='ltr'>ὄντος</span> <span class='ocrx_word' id='word_1_97' title='bbox 1315 1425 1636 1494; x_wconf 77' lang='grc' dir='ltr'>Ἀϐραμίου,</span> <span class='ocrx_word' id='word_1_98' title='bbox 1670 1426 1764 1476; x_wconf 74' lang='grc' dir='ltr'><strong>καὶ</strong></span> 
     </span>
    </p>
   </div>
   <div class='ocr_carea' id='block_1_15' title="bbox 177 1518 1762 1586">
    <p class='ocr_par' dir='ltr' id='par_1_15' title="bbox 177 1518 1762 1586">
     <span class='ocr_line' id='line_1_15' title="bbox 177 1518 1762 1586; baseline -0.001 -18"><span class='ocrx_word' id='word_1_99' title='bbox 177 1518 408 1584; x_wconf 79' lang='grc' dir='ltr'>ἀγωγὴν</span> <span class='ocrx_word' id='word_1_100' title='bbox 457 1518 714 1585; x_wconf 79' lang='grc' dir='ltr'>τοιαύτην</span> <span class='ocrx_word' id='word_1_101' title='bbox 747 1519 1036 1586; x_wconf 59' lang='grc' dir='ltr'>φιλοσοψον</span> <span class='ocrx_word' id='word_1_102' title='bbox 1070 1519 1369 1586; x_wconf 78' lang='grc' dir='ltr'>μετιόντος,</span> <span class='ocrx_word' id='word_1_103' title='bbox 1421 1519 1588 1576; x_wconf 80' lang='grc' dir='ltr'>πολὺς</span> <span class='ocrx_word' id='word_1_104' title='bbox 1620 1535 1762 1567; x_wconf 83' lang='grc' dir='ltr'>παν-</span> 
     </span>
    </p>
   </div>
   <div class='ocr_carea' id='block_1_16' title="bbox 177 1607 1762 1678">
    <p class='ocr_par' dir='ltr' id='par_1_16' title="bbox 177 1607 1762 1678">
     <span class='ocr_line' id='line_1_16' title="bbox 177 1607 1762 1678; baseline -0.001 -19"><span class='ocrx_word' id='word_1_105' title='bbox 177 1609 349 1677; x_wconf 81' lang='grc' dir='ltr'>ταχοῦ</span> <span class='ocrx_word' id='word_1_106' title='bbox 379 1610 537 1675; x_wconf 83' lang='grc' dir='ltr'>λόγος</span> <span class='ocrx_word' id='word_1_107' title='bbox 572 1611 764 1676; x_wconf 80' lang='grc' dir='ltr'>ἐφοίτα</span> <span class='ocrx_word' id='word_1_108' title='bbox 797 1613 923 1678; x_wconf 76' lang='grc' dir='ltr'>περὶ</span> <span class='ocrx_word' id='word_1_109' title='bbox 949 1610 1114 1663; x_wconf 74' lang='grc' dir='ltr'>αὑτοῦ</span> <span class='ocrx_word' id='word_1_110' title='bbox 1151 1611 1245 1662; x_wconf 78' lang='grc' dir='ltr'><strong>καὶ</strong></span> <span class='ocrx_word' id='word_1_111' title='bbox 1280 1609 1416 1661; x_wconf 87' lang='grc' dir='ltr'>πολύ</span> <span class='ocrx_word' id='word_1_112' title='bbox 1457 1627 1509 1661; x_wconf 92' lang='grc' dir='ltr'><strong>τι</strong></span> <span class='ocrx_word' id='word_1_113' title='bbox 1562 1607 1762 1677; x_wconf 74' lang='grc' dir='ltr'>πλῆθος</span> 
     </span>
    </p>
   </div>
   <div class='ocr_carea' id='block_1_17' title="bbox 176 1701 1766 1771">
    <p class='ocr_par' dir='ltr' id='par_1_17' title="bbox 176 1701 1766 1771">
     <span class='ocr_line' id='line_1_17' title="bbox 176 1701 1766 1771; baseline 0.001 -19"><span class='ocrx_word' id='word_1_114' title='bbox 176 1701 483 1768; x_wconf 80' lang='grc' dir='ltr'>ἀνθρώπων</span> <span class='ocrx_word' id='word_1_115' title='bbox 527 1704 620 1752; x_wconf 73' lang='grc' dir='ltr'><strong>ἐπὶ</strong></span> <span class='ocrx_word' id='word_1_116' title='bbox 684 1701 780 1771; x_wconf 79' lang='grc' dir='ltr'>τὴν</span> <span class='ocrx_word' id='word_1_117' title='bbox 840 1702 1051 1754; x_wconf 78' lang='grc' dir='ltr'>ἐκείνου</span> <span class='ocrx_word' id='word_1_118' title='bbox 1083 1702 1212 1754; x_wconf 79' lang='grc' dir='ltr'>Θέαν</span> <span class='ocrx_word' id='word_1_119' title='bbox 1268 1703 1538 1771; x_wconf 70' lang='grc' dir='ltr'>συνέρρει,</span> <span class='ocrx_word' id='word_1_120' title='bbox 1582 1705 1766 1769; x_wconf 78' lang='grc' dir='ltr'>τυχεῖν</span> 
     </span>
    </p>
   </div>
   <div class='ocr_carea' id='block_1_18' title="bbox 176 1793 1765 1862">
    <p class='ocr_par' dir='ltr' id='par_1_18' title="bbox 176 1793 1765 1862">
     <span class='ocr_line' id='line_1_18' title="bbox 176 1793 1765 1862; baseline 0.001 -18"><span class='ocrx_word' id='word_1_121' title='bbox 176 1809 324 1854; x_wconf 87' lang='grc' dir='ltr'>τινος</span> <span class='ocrx_word' id='word_1_122' title='bbox 350 1793 480 1862; x_wconf 78' lang='grc' dir='ltr'>παρ’</span> <span class='ocrx_word' id='word_1_123' title='bbox 509 1795 721 1845; x_wconf 81' lang='grc' dir='ltr'>ἐκείνου</span> <span class='ocrx_word' id='word_1_124' title='bbox 754 1795 850 1862; x_wconf 78' lang='grc' dir='ltr'>τῆς</span> <span class='ocrx_word' id='word_1_125' title='bbox 880 1795 1137 1862; x_wconf 70' lang='grc' dir='ltr'>εὐλογίας</span> <span class='ocrx_word' id='word_1_126' title='bbox 1193 1793 1507 1854; x_wconf 77' lang='grc' dir='ltr'>ποθοῦντες.</span> <span class='ocrx_word' id='word_1_127' title='bbox 1543 1795 1765 1862; x_wconf 71' lang='grc' dir='ltr'>Δεκάτῳ</span> 
     </span>
    </p>
   </div>
   <div class='ocr_carea' id='block_1_19' title="bbox 1876 599 3452 668">
    <p class='ocr_par' dir='ltr' id='par_1_19' title="bbox 1876 599 3452 668">
     <span class='ocr_line' id='line_1_19' title="bbox 1876 599 3452 668; baseline -0.004 -10"><span class='ocrx_word' id='word_1_128' title='bbox 1876 617 1928 658; x_wconf 92' lang='lat' dir='ltr'><strong>et</strong></span> <span class='ocrx_word' id='word_1_129' title='bbox 1958 605 2318 657; x_wconf 79' lang='lat' dir='ltr'><strong>voluntatem.</strong></span> <span class='ocrx_word' id='word_1_130' title='bbox 2348 601 2553 656; x_wconf 84' lang='lat' dir='ltr'><strong>Deinde</strong></span> <span class='ocrx_word' id='word_1_131' title='bbox 2622 600 2785 655; x_wconf 89' lang='lat' dir='ltr'><strong>etiam</strong></span> <span class='ocrx_word' id='word_1_132' title='bbox 2820 599 3169 652; x_wconf 78' lang='lat' dir='ltr'><strong>vehementer</strong></span> <span class='ocrx_word' id='word_1_133' title='bbox 3223 601 3452 668; x_wconf 76' lang='lat' dir='ltr'><strong>rogavit,</strong></span> 
     </span>
    </p>
   </div>
   <div class='ocr_carea' id='block_1_20' title="bbox 1876 691 3452 753">
    <p class='ocr_par' dir='ltr' id='par_1_20' title="bbox 1876 691 3452 753">
     <span class='ocr_line' id='line_1_20' title="bbox 1876 691 3452 753; baseline -0.005 -2"><span class='ocrx_word' id='word_1_134' title='bbox 1876 713 1942 751; x_wconf 90' lang='lat' dir='ltr'><strong>ne</strong></span> <span class='ocrx_word' id='word_1_135' title='bbox 1973 697 2098 749; x_wconf 89' lang='lat' dir='ltr'><strong>illuc</strong></span> <span class='ocrx_word' id='word_1_136' title='bbox 2126 696 2338 750; x_wconf 88' lang='lat' dir='ltr'><strong>assidue</strong></span> <span class='ocrx_word' id='word_1_137' title='bbox 2361 695 2662 753; x_wconf 88' lang='lat' dir='ltr'><strong>venientes,</strong></span> <span class='ocrx_word' id='word_1_138' title='bbox 2686 707 2842 746; x_wconf 90' lang='lat' dir='ltr'><strong>suum</strong></span> <span class='ocrx_word' id='word_1_139' title='bbox 2864 691 3228 746; x_wconf 81' lang='lat' dir='ltr'><strong>desideratum</strong></span> <span class='ocrx_word' id='word_1_140' title='bbox 3260 691 3452 744; x_wconf 91' lang='lat' dir='ltr'><strong>obtur-</strong></span> 
     </span>
    </p>
   </div>
   <div class='ocr_carea' id='block_1_21' title="bbox 1875 782 3451 856">
    <p class='ocr_par' dir='ltr' id='par_1_21' title="bbox 1875 782 3451 856">
     <span class='ocr_line' id='line_1_21' title="bbox 1875 782 3451 856; baseline -0.004 -15"><span class='ocrx_word' id='word_1_141' title='bbox 1875 788 2067 842; x_wconf 87' lang='lat' dir='ltr'><strong>barent</strong></span> <span class='ocrx_word' id='word_1_142' title='bbox 2099 789 2401 851; x_wconf 87' lang='lat' dir='ltr'><strong>silentium,</strong></span> <span class='ocrx_word' id='word_1_143' title='bbox 2433 797 2482 840; x_wconf 92' lang='lat' dir='ltr'><strong>et</strong></span> <span class='ocrx_word' id='word_1_144' title='bbox 2513 786 2838 856; x_wconf 88' lang='lat' dir='ltr'><strong>impedirent</strong></span> <span class='ocrx_word' id='word_1_145' title='bbox 2869 782 3168 853; x_wconf 83' lang='lat' dir='ltr'><strong>profectum</strong></span> <span class='ocrx_word' id='word_1_146' title='bbox 3229 782 3346 850; x_wconf 78' lang='lat' dir='ltr'><strong>ejus</strong></span> <span class='ocrx_word' id='word_1_147' title='bbox 3384 783 3451 834; x_wconf 87' lang='lat' dir='ltr'><strong>ad</strong></span> 
     </span>
    </p>
   </div>
   <div class='ocr_carea' id='block_1_22' title="bbox 1875 874 3446 948">
    <p class='ocr_par' dir='ltr' id='par_1_22' title="bbox 1875 874 3446 948">
     <span class='ocr_line' id='line_1_22' title="bbox 1875 874 3446 948; baseline -0.004 -17"><span class='ocrx_word' id='word_1_148' title='bbox 1875 879 2123 933; x_wconf 85' lang='lat' dir='ltr'><strong>meliora.</strong></span> <span class='ocrx_word' id='word_1_149' title='bbox 2147 879 2222 932; x_wconf 88' lang='lat' dir='ltr'><strong>Illi</strong></span> <span class='ocrx_word' id='word_1_150' title='bbox 2248 879 2464 948; x_wconf 84' lang='lat' dir='ltr'><strong>quidem</strong></span> <span class='ocrx_word' id='word_1_151' title='bbox 2482 893 2602 932; x_wconf 90' lang='lat' dir='ltr'><strong>cum</strong></span> <span class='ocrx_word' id='word_1_152' title='bbox 2624 877 2736 930; x_wconf 71' lang='lat' dir='ltr'><strong>haec</strong></span> <span class='ocrx_word' id='word_1_153' title='bbox 2758 876 3055 930; x_wconf 87' lang='lat' dir='ltr'><strong>audiisseut</strong></span> <span class='ocrx_word' id='word_1_154' title='bbox 3077 882 3131 927; x_wconf 91' lang='lat' dir='ltr'><strong>et</strong></span> <span class='ocrx_word' id='word_1_155' title='bbox 3162 874 3446 936; x_wconf 88' lang='lat' dir='ltr'><strong>vidissent,</strong></span> 
     </span>
    </p>
   </div>
   <div class='ocr_carea' id='block_1_23' title="bbox 1875 961 3452 1024">
    <p class='ocr_par' dir='ltr' id='par_1_23' title="bbox 1875 961 3452 1024">
     <span class='ocr_line' id='line_1_23' title="bbox 1875 961 3452 1024; baseline -0.004 -2"><span class='ocrx_word' id='word_1_156' title='bbox 1875 980 1998 1024; x_wconf 79' lang='lat' dir='ltr'><strong>sunt</strong></span> <span class='ocrx_word' id='word_1_157' title='bbox 2038 971 2261 1024; x_wconf 84' lang='lat' dir='ltr'><strong>reversi.</strong></span> <span class='ocrx_word' id='word_1_158' title='bbox 2289 969 2380 1022; x_wconf 92' lang='lat' dir='ltr'><strong>Ille</strong></span> <span class='ocrx_word' id='word_1_159' title='bbox 2413 983 2540 1022; x_wconf 86' lang='lat' dir='ltr'><strong>vero</strong></span> <span class='ocrx_word' id='word_1_160' title='bbox 2599 969 2880 1020; x_wconf 86' lang='lat' dir='ltr'><strong>obstructo</strong></span> <span class='ocrx_word' id='word_1_161' title='bbox 2914 965 3058 1018; x_wconf 90' lang='lat' dir='ltr'><strong>aditu</strong></span> <span class='ocrx_word' id='word_1_162' title='bbox 3095 961 3452 1023; x_wconf 61' lang='lat' dir='ltr'><strong>domunculae,</strong></span> 
     </span>
    </p>
   </div>
   <div class='ocr_carea' id='block_1_24' title="bbox 1874 1050 3452 1129">
    <p class='ocr_par' dir='ltr' id='par_1_24' title="bbox 1874 1050 3452 1129">
     <span class='ocr_line' id='line_1_24' title="bbox 1874 1050 3452 1129; baseline -0.007 -16"><span class='ocrx_word' id='word_1_163' title='bbox 1874 1071 1928 1114; x_wconf 89' lang='lat' dir='ltr'><strong>et</strong></span> <span class='ocrx_word' id='word_1_164' title='bbox 1966 1060 2148 1112; x_wconf 88' lang='lat' dir='ltr'><strong>relicta</strong></span> <span class='ocrx_word' id='word_1_165' title='bbox 2183 1075 2347 1129; x_wconf 87' lang='lat' dir='ltr'><strong>parva</strong></span> <span class='ocrx_word' id='word_1_166' title='bbox 2383 1059 2614 1126; x_wconf 86' lang='lat' dir='ltr'><strong>quadam</strong></span> <span class='ocrx_word' id='word_1_167' title='bbox 2650 1058 2909 1120; x_wconf 85' lang='lat' dir='ltr'><strong>fenestra,</strong></span> <span class='ocrx_word' id='word_1_168' title='bbox 2951 1070 3047 1123; x_wconf 90' lang='lat' dir='ltr'><strong>per</strong></span> <span class='ocrx_word' id='word_1_169' title='bbox 3082 1067 3240 1121; x_wconf 88' lang='lat' dir='ltr'><strong>quam</strong></span> <span class='ocrx_word' id='word_1_170' title='bbox 3298 1050 3452 1119; x_wconf 75' lang='lat' dir='ltr'><strong>panis</strong></span> 
     </span>
    </p>
   </div>
   <div class='ocr_carea' id='block_1_25' title="bbox 1874 1140 3454 1216">
    <p class='ocr_par' dir='ltr' id='par_1_25' title="bbox 1874 1140 3454 1216">
     <span class='ocr_line' id='line_1_25' title="bbox 1874 1140 3454 1216; baseline -0.008 -14"><span class='ocrx_word' id='word_1_171' title='bbox 1874 1150 2044 1202; x_wconf 86' lang='lat' dir='ltr'><strong>solum</strong></span> <span class='ocrx_word' id='word_1_172' title='bbox 2073 1156 2126 1203; x_wconf 87' lang='lat' dir='ltr'><strong>et</strong></span> <span class='ocrx_word' id='word_1_173' title='bbox 2154 1164 2290 1215; x_wconf 77' lang='lat' dir='ltr'><strong>aqua</strong></span> <span class='ocrx_word' id='word_1_174' title='bbox 2329 1148 2374 1200; x_wconf 91' lang='lat' dir='ltr'><strong>ei</strong></span> <span class='ocrx_word' id='word_1_175' title='bbox 2405 1145 2884 1216; x_wconf 66' lang='lat' dir='ltr'><strong>praeberetur,.soli</strong></span> <span class='ocrx_word' id='word_1_176' title='bbox 2914 1144 2978 1196; x_wconf 91' lang='lat' dir='ltr'><strong>de</strong></span> <span class='ocrx_word' id='word_1_177' title='bbox 3008 1152 3202 1199; x_wconf 70' lang='lat' dir='ltr'><strong>caetero</strong></span> <span class='ocrx_word' id='word_1_178' title='bbox 3222 1140 3454 1195; x_wconf 80' lang='lat' dir='ltr'><strong>orationi</strong></span> 
     </span>
    </p>
   </div>
   <div class='ocr_carea' id='block_1_26' title="bbox 1875 1233 3458 1308">
    <p class='ocr_par' dir='ltr' id='par_1_26' title="bbox 1875 1233 3458 1308">
     <span class='ocr_line' id='line_1_26' title="bbox 1875 1233 3458 1308; baseline -0.003 -16"><span class='ocrx_word' id='word_1_179' title='bbox 1875 1244 2105 1300; x_wconf 80' lang='lat' dir='ltr'><strong>vacabat</strong></span> <span class='ocrx_word' id='word_1_180' title='bbox 2135 1240 2430 1308; x_wconf 90' lang='lat' dir='ltr'><strong>etjejunio.</strong></span> <span class='ocrx_word' id='word_1_181' title='bbox 2482 1239 2614 1292; x_wconf 85' lang='lat' dir='ltr'><strong>Cum</strong></span> <span class='ocrx_word' id='word_1_182' title='bbox 2651 1240 2701 1291; x_wconf 91' lang='lat' dir='ltr'><strong>in</strong></span> <span class='ocrx_word' id='word_1_183' title='bbox 2737 1237 2820 1292; x_wconf 88' lang='lat' dir='ltr'><strong>his</strong></span> <span class='ocrx_word' id='word_1_184' title='bbox 2849 1249 3026 1291; x_wconf 90' lang='lat' dir='ltr'><strong>autem</strong></span> <span class='ocrx_word' id='word_1_185' title='bbox 3084 1246 3229 1288; x_wconf 89' lang='lat' dir='ltr'><strong>esset</strong></span> <span class='ocrx_word' id='word_1_186' title='bbox 3282 1233 3458 1288; x_wconf 77' lang='lat' dir='ltr'><strong>Abra-</strong></span> 
     </span>
    </p>
   </div>
   <div class='ocr_carea' id='block_1_27' title="bbox 1877 1326 3459 1401">
    <p class='ocr_par' dir='ltr' id='par_1_27' title="bbox 1877 1326 3459 1401">
     <span class='ocr_line' id='line_1_27' title="bbox 1877 1326 3459 1401; baseline -0.004 -17"><span class='ocrx_word' id='word_1_187' title='bbox 1877 1335 2036 1397; x_wconf 85' lang='lat' dir='ltr'><strong>mius,</strong></span> <span class='ocrx_word' id='word_1_188' title='bbox 2073 1345 2125 1385; x_wconf 89' lang='lat' dir='ltr'><strong>et</strong></span> <span class='ocrx_word' id='word_1_189' title='bbox 2161 1332 2297 1385; x_wconf 88' lang='lat' dir='ltr'><strong>hanc</strong></span> <span class='ocrx_word' id='word_1_190' title='bbox 2333 1331 2760 1401; x_wconf 76' lang='lat' dir='ltr'><strong>philosophicam</strong></span> <span class='ocrx_word' id='word_1_191' title='bbox 2795 1339 3076 1383; x_wconf 78' lang='lat' dir='ltr'><strong>exerceret</strong></span> <span class='ocrx_word' id='word_1_192' title='bbox 3116 1326 3329 1383; x_wconf 86' lang='lat' dir='ltr'><strong>vivendi</strong></span> <span class='ocrx_word' id='word_1_193' title='bbox 3373 1341 3459 1378; x_wconf 84' lang='lat' dir='ltr'><strong>ra-</strong></span> 
     </span>
    </p>
   </div>
   <div class='ocr_carea' id='block_1_28' title="bbox 1877 1420 3462 1492">
    <p class='ocr_par' dir='ltr' id='par_1_28' title="bbox 1877 1420 3462 1492">
     <span class='ocr_line' id='line_1_28' title="bbox 1877 1420 3462 1492; baseline -0.003 -18"><span class='ocrx_word' id='word_1_194' title='bbox 1877 1425 2099 1486; x_wconf 84' lang='lat' dir='ltr'><strong>tionem,</strong></span> <span class='ocrx_word' id='word_1_195' title='bbox 2130 1424 2194 1475; x_wconf 90' lang='lat' dir='ltr'><strong>de</strong></span> <span class='ocrx_word' id='word_1_196' title='bbox 2221 1438 2285 1476; x_wconf 91' lang='lat' dir='ltr'><strong>eo</strong></span> <span class='ocrx_word' id='word_1_197' title='bbox 2317 1425 2673 1492; x_wconf 74' lang='lat' dir='ltr'><strong>Spargebatur</strong></span> <span class='ocrx_word' id='word_1_198' title='bbox 2699 1420 2840 1474; x_wconf 88' lang='lat' dir='ltr'><strong>fama</strong></span> <span class='ocrx_word' id='word_1_199' title='bbox 2873 1421 2926 1473; x_wconf 92' lang='lat' dir='ltr'><strong>in</strong></span> <span class='ocrx_word' id='word_1_200' title='bbox 2953 1434 3144 1474; x_wconf 86' lang='lat' dir='ltr'><strong>omnes</strong></span> <span class='ocrx_word' id='word_1_201' title='bbox 3179 1429 3376 1486; x_wconf 75' lang='lat' dir='ltr'><strong>partes,</strong></span> <span class='ocrx_word' id='word_1_202' title='bbox 3405 1427 3462 1469; x_wconf 90' lang='lat' dir='ltr'><strong>et</strong></span> 
     </span>
    </p>
   </div>
   <div class='ocr_carea' id='block_1_29' title="bbox 1874 1511 3455 1583">
    <p class='ocr_par' dir='ltr' id='par_1_29' title="bbox 1874 1511 3455 1583">
     <span class='ocr_line' id='line_1_29' title="bbox 1874 1511 3455 1583; baseline -0.003 -17"><span class='ocrx_word' id='word_1_203' title='bbox 1874 1531 2061 1583; x_wconf 84' lang='lat' dir='ltr'><strong>magna</strong></span> <span class='ocrx_word' id='word_1_204' title='bbox 2089 1517 2367 1569; x_wconf 90' lang='lat' dir='ltr'><strong>hominum</strong></span> <span class='ocrx_word' id='word_1_205' title='bbox 2395 1516 2683 1567; x_wconf 74' lang='lat' dir='ltr'><strong>multitudo</strong></span> <span class='ocrx_word' id='word_1_206' title='bbox 2717 1513 3027 1567; x_wconf 87' lang='lat' dir='ltr'><strong>confluebat</strong></span> <span class='ocrx_word' id='word_1_207' title='bbox 3070 1514 3136 1564; x_wconf 89' lang='lat' dir='ltr'><strong>ad</strong></span> <span class='ocrx_word' id='word_1_208' title='bbox 3169 1511 3314 1564; x_wconf 90' lang='lat' dir='ltr'><strong>illum</strong></span> <span class='ocrx_word' id='word_1_209' title='bbox 3334 1523 3455 1575; x_wconf 78' lang='lat' dir='ltr'><strong>spe-</strong></span> 
     </span>
    </p>
   </div>
   <div class='ocr_carea' id='block_1_30' title="bbox 1872 1601 3455 1673">
    <p class='ocr_par' dir='ltr' id='par_1_30' title="bbox 1872 1601 3455 1673">
     <span class='ocr_line' id='line_1_30' title="bbox 1872 1601 3455 1673; baseline -0.004 -14"><span class='ocrx_word' id='word_1_210' title='bbox 1872 1607 2150 1669; x_wconf 75' lang='lat' dir='ltr'><strong>Ct‘andutn,</strong></span> <span class='ocrx_word' id='word_1_211' title='bbox 2191 1606 2507 1658; x_wconf 82' lang='lat' dir='ltr'><strong>desiderans</strong></span> <span class='ocrx_word' id='word_1_212' title='bbox 2545 1605 2611 1657; x_wconf 87' lang='lat' dir='ltr'><strong>ab</strong></span> <span class='ocrx_word' id='word_1_213' title='bbox 2637 1605 2725 1655; x_wconf 84' lang='lat' dir='ltr'><strong>illo</strong></span> <span class='ocrx_word' id='word_1_214' title='bbox 2760 1604 2995 1673; x_wconf 78' lang='lat' dir='ltr'><strong>aliquam</strong></span> <span class='ocrx_word' id='word_1_215' title='bbox 3051 1601 3308 1670; x_wconf 79' lang='lat' dir='ltr'><strong>consequi</strong></span> <span class='ocrx_word' id='word_1_216' title='bbox 3362 1603 3455 1652; x_wconf 87' lang='lat' dir='ltr'><strong>be-</strong></span> 
     </span>
    </p>
   </div>
   <div class='ocr_carea' id='block_1_31' title="bbox 1875 1696 3457 1764">
    <p class='ocr_par' dir='ltr' id='par_1_31' title="bbox 1875 1696 3457 1764">
     <span class='ocr_line' id='line_1_31' title="bbox 1875 1696 3457 1764; baseline -0.003 -16"><span class='ocrx_word' id='word_1_217' title='bbox 1875 1696 2257 1752; x_wconf 83' lang='lat' dir='ltr'><strong>nedictionem.</strong></span> <span class='ocrx_word' id='word_1_218' title='bbox 2299 1698 2514 1752; x_wconf 74' lang='lat' dir='ltr'><strong>Decimo</strong></span> <span class='ocrx_word' id='word_1_219' title='bbox 2541 1705 2720 1749; x_wconf 86' lang='lat' dir='ltr'><strong>autem</strong></span> <span class='ocrx_word' id='word_1_220' title='bbox 2768 1711 2909 1747; x_wconf 90' lang='lat' dir='ltr'><strong>anno</strong></span> <span class='ocrx_word' id='word_1_221' title='bbox 2945 1699 3231 1764; x_wconf 78' lang='lat' dir='ltr'><strong>postquam</strong></span> <span class='ocrx_word' id='word_1_222' title='bbox 3281 1706 3457 1746; x_wconf 84' lang='lat' dir='ltr'><strong>seces-</strong></span> 
     </span>
    </p>
   </div>
   <div class='ocr_carea' id='block_1_32' title="bbox 1875 1783 3458 1856">
    <p class='ocr_par' dir='ltr' id='par_1_32' title="bbox 1875 1783 3458 1856">
     <span class='ocr_line' id='line_1_32' title="bbox 1875 1783 3458 1856; baseline -0.004 -16"><span class='ocrx_word' id='word_1_223' title='bbox 1875 1793 2053 1853; x_wconf 73' lang='lat' dir='ltr'><strong>sisset,</strong></span> <span class='ocrx_word' id='word_1_224' title='bbox 2091 1788 2356 1842; x_wconf 86' lang='lat' dir='ltr'><strong>decedunt</strong></span> <span class='ocrx_word' id='word_1_225' title='bbox 2405 1791 2618 1855; x_wconf 82' lang='lat' dir='ltr'><strong>quidem</strong></span> <span class='ocrx_word' id='word_1_226' title='bbox 2675 1788 2791 1856; x_wconf 92' lang='lat' dir='ltr'><strong>ejus</strong></span> <span class='ocrx_word' id='word_1_227' title='bbox 2853 1797 3148 1854; x_wconf 85' lang='lat' dir='ltr'><strong>parentes:</strong></span> <span class='ocrx_word' id='word_1_228' title='bbox 3205 1783 3271 1836; x_wconf 86' lang='lat' dir='ltr'><strong>ad</strong></span> <span class='ocrx_word' id='word_1_229' title='bbox 3335 1797 3458 1835; x_wconf 90' lang='lat' dir='ltr'><strong>eum</strong></span> 
     </span>
    </p>
   </div>
   <div class='ocr_carea' id='block_1_33' title="bbox 173 1874 1769 1952">
    <p class='ocr_par' dir='ltr' id='par_1_33' title="bbox 173 1882 1766 1952">
     <span class='ocr_line' id='line_1_33' title="bbox 173 1882 1766 1952; baseline 0 -18"><span class='ocrx_word' id='word_1_230' title='bbox 173 1882 234 1934; x_wconf 70' lang='grc' dir='ltr'>δὶ</span> <span class='ocrx_word' id='word_1_231' title='bbox 289 1886 426 1950; x_wconf 80' lang='grc' dir='ltr'><strong>μετά</strong></span> <span class='ocrx_word' id='word_1_232' title='bbox 464 1886 561 1952; x_wconf 73' lang='grc' dir='ltr'><strong>τὴν</strong></span> <span class='ocrx_word' id='word_1_233' title='bbox 590 1884 942 1952; x_wconf 80' lang='grc' dir='ltr'>ἀναχώρησιν</span> <span class='ocrx_word' id='word_1_234' title='bbox 969 1885 1082 1936; x_wconf 84' lang='grc' dir='ltr'>ἔτει</span> <span class='ocrx_word' id='word_1_235' title='bbox 1110 1885 1405 1936; x_wconf 83' lang='grc' dir='ltr'>τελευτῶσι</span> <span class='ocrx_word' id='word_1_236' title='bbox 1437 1885 1536 1951; x_wconf 75' lang='grc' dir='ltr'>μὲν</span> <span class='ocrx_word' id='word_1_237' title='bbox 1563 1885 1612 1936; x_wconf 82' lang='grc' dir='ltr'>οἱ</span> <span class='ocrx_word' id='word_1_238' title='bbox 1639 1884 1766 1936; x_wconf 85' lang='grc' dir='ltr'>τού-</span> 
     </span>
    </p>
   </div>
   <div class='ocr_carea' id='block_1_34' title="bbox 1872 1874 3460 1952">
    <p class='ocr_par' dir='ltr' id='par_1_34' title="bbox 1873 1874 3460 1943">
     <span class='ocr_line' id='line_1_34' title="bbox 1873 1874 3460 1943; baseline -0.004 -12"><span class='ocrx_word' id='word_1_239' title='bbox 1873 1889 2054 1933; x_wconf 85' lang='lat' dir='ltr'><strong>autem</strong></span> <span class='ocrx_word' id='word_1_240' title='bbox 2083 1880 2400 1938; x_wconf 80' lang='lat' dir='ltr'><strong>deferuntur</strong></span> <span class='ocrx_word' id='word_1_241' title='bbox 2428 1880 2638 1933; x_wconf 91' lang='lat' dir='ltr'><strong>illorum</strong></span> <span class='ocrx_word' id='word_1_242' title='bbox 2666 1878 2889 1942; x_wconf 78' lang='lat' dir='ltr'><strong>divitiae,</strong></span> <span class='ocrx_word' id='word_1_243' title='bbox 2919 1885 2974 1929; x_wconf 90' lang='lat' dir='ltr'><strong>et</strong></span> <span class='ocrx_word' id='word_1_244' title='bbox 2999 1874 3240 1928; x_wconf 90' lang='lat' dir='ltr'><strong>omnium</strong></span> <span class='ocrx_word' id='word_1_245' title='bbox 3275 1883 3460 1943; x_wconf 86' lang='lat' dir='ltr'><strong>pater—</strong></span> 
     </span>
    </p>
   </div>
   <div class='ocr_carea' id='block_1_35' title="bbox 173 1973 1768 2041">
    <p class='ocr_par' dir='ltr' id='par_1_35' title="bbox 173 1973 1768 2041">
     <span class='ocr_line' id='line_1_35' title="bbox 173 1973 1768 2041; baseline 0.002 -19"><span class='ocrx_word' id='word_1_246' title='bbox 173 1989 275 2024; x_wconf 87' lang='grc' dir='ltr'><strong>του</strong></span> <span class='ocrx_word' id='word_1_247' title='bbox 303 1975 481 2038; x_wconf 70' lang='grc' dir='ltr'>γονεῖς</span> <span class='ocrx_word' id='word_1_248' title='bbox 508 1989 520 2001; x_wconf 81' lang='grc'><em>’</em></span> <span class='ocrx_word' id='word_1_249' title='bbox 555 1973 731 2023; x_wconf 79' lang='grc' dir='ltr'>ὁδεύει</span> <span class='ocrx_word' id='word_1_250' title='bbox 763 1973 816 2024; x_wconf 84' lang='grc' dir='ltr'><strong>δὲ</strong></span> <span class='ocrx_word' id='word_1_251' title='bbox 848 1975 984 2041; x_wconf 74' lang='grc' dir='ltr'>πρὸς</span> <span class='ocrx_word' id='word_1_252' title='bbox 1018 1975 1181 2026; x_wconf 72' lang='grc' dir='ltr'>αὐτὸν</span> <span class='ocrx_word' id='word_1_253' title='bbox 1216 1977 1242 2024; x_wconf 88' lang='grc' dir='ltr'><em>ὀ</em></span> <span class='ocrx_word' id='word_1_254' title='bbox 1266 1974 1492 2025; x_wconf 77' lang='grc' dir='ltr'>ἐκείνων</span> <span class='ocrx_word' id='word_1_255' title='bbox 1534 1973 1768 2032; x_wconf 76' lang='grc' dir='ltr'>πλοῦτος</span> 
     </span>
    </p>
   </div>
   <div class='ocr_carea' id='block_1_36' title="bbox 176 2062 1770 2134">
    <p class='ocr_par' dir='ltr' id='par_1_36' title="bbox 176 2062 1770 2134">
     <span class='ocr_line' id='line_1_36' title="bbox 176 2062 1770 2134; baseline 0.003 -22"><span class='ocrx_word' id='word_1_256' title='bbox 176 2063 271 2114; x_wconf 70' lang='grc' dir='ltr'>καὶ</span> <span class='ocrx_word' id='word_1_257' title='bbox 304 2062 645 2132; x_wconf 75' lang='grc' dir='ltr'>κληρονόμος</span> <span class='ocrx_word' id='word_1_258' title='bbox 681 2064 899 2134; x_wconf 80' lang='grc' dir='ltr'>ἀπάσης</span> <span class='ocrx_word' id='word_1_259' title='bbox 933 2065 1028 2130; x_wconf 79' lang='grc' dir='ltr'>τῆς</span> <span class='ocrx_word' id='word_1_260' title='bbox 1065 2065 1340 2134; x_wconf 73' lang='grc' dir='ltr'>πατρικῆς</span> <span class='ocrx_word' id='word_1_261' title='bbox 1390 2066 1579 2127; x_wconf 77' lang='grc' dir='ltr'>οὐσίας</span> <span class='ocrx_word' id='word_1_262' title='bbox 1633 2064 1770 2116; x_wconf 78' lang='grc' dir='ltr'>καο-</span> 
     </span>
    </p>
   </div>
   <div class='ocr_carea' id='block_1_37' title="bbox 179 2153 1768 2222">
    <p class='ocr_par' dir='ltr' id='par_1_37' title="bbox 179 2153 1768 2222">
     <span class='ocr_line' id='line_1_37' title="bbox 179 2153 1768 2222; baseline 0.003 -20"><span class='ocrx_word' id='word_1_263' title='bbox 179 2153 400 2204; x_wconf 84' lang='grc' dir='ltr'>ίσταται</span> <span class='ocrx_word' id='word_1_264' title='bbox 459 2154 484 2204; x_wconf 86' lang='grc' dir='ltr'>ὁ</span> <span class='ocrx_word' id='word_1_265' title='bbox 528 2153 852 2222; x_wconf 55' lang='grc' dir='ltr'>Ἁϐράμης.</span> <span class='ocrx_word' id='word_1_266' title='bbox 900 2155 959 2208; x_wconf 88' lang='grc' dir='ltr'><strong>Ὀ</strong></span> <span class='ocrx_word' id='word_1_267' title='bbox 1013 2155 1067 2208; x_wconf 75' lang='grc' dir='ltr'>δὲ</span> <span class='ocrx_word' id='word_1_268' title='bbox 1115 2156 1282 2209; x_wconf 81' lang='grc' dir='ltr'>πάλαι</span> <span class='ocrx_word' id='word_1_269' title='bbox 1313 2158 1433 2216; x_wconf 87' lang='grc' dir='ltr'>ταῖς</span> <span class='ocrx_word' id='word_1_270' title='bbox 1484 2155 1768 2219; x_wconf 78' lang='grc' dir='ltr'>τοιαύταις</span> 
     </span>
    </p>
   </div>
   <div class='ocr_carea' id='block_1_38' title="bbox 177 2242 1770 2318">
    <p class='ocr_par' dir='ltr' id='par_1_38' title="bbox 177 2242 1770 2318">
     <span class='ocr_line' id='line_1_38' title="bbox 177 2242 1770 2318; baseline 0.004 -26"><span class='ocrx_word' id='word_1_271' title='bbox 177 2242 432 2310; x_wconf 83' lang='grc' dir='ltr'>φροντίσι</span> <span class='ocrx_word' id='word_1_272' title='bbox 493 2244 708 2312; x_wconf 77' lang='grc' dir='ltr'>χαίρειν</span> <span class='ocrx_word' id='word_1_273' title='bbox 743 2245 936 2307; x_wconf 73' lang='grc' dir='ltr'>εἰπὼν,</span> <span class='ocrx_word' id='word_1_274' title='bbox 970 2248 1075 2297; x_wconf 80' lang='grc' dir='ltr'><strong>τινί</strong></span> <span class='ocrx_word' id='word_1_275' title='bbox 1110 2247 1216 2297; x_wconf 79' lang='grc' dir='ltr'><strong>τῶν</strong></span> <span class='ocrx_word' id='word_1_276' title='bbox 1267 2246 1432 2298; x_wconf 76' lang='grc' dir='ltr'>αὐτοῦ</span> <span class='ocrx_word' id='word_1_277' title='bbox 1467 2247 1637 2315; x_wconf 79' lang='grc' dir='ltr'>φίλων</span> <span class='ocrx_word' id='word_1_278' title='bbox 1672 2248 1770 2318; x_wconf 75' lang='grc' dir='ltr'><strong>τὴν</strong></span> 
     </span>
    </p>
   </div>
   <div class='ocr_carea' id='block_1_39' title="bbox 175 2329 1768 2402">
    <p class='ocr_par' dir='ltr' id='par_1_39' title="bbox 175 2329 1768 2402">
     <span class='ocr_line' id='line_1_39' title="bbox 175 2329 1768 2402; baseline 0.005 -21"><span class='ocrx_word' id='word_1_279' title='bbox 175 2329 270 2382; x_wconf 80' lang='grc' dir='ltr'>τοῦ</span> <span class='ocrx_word' id='word_1_280' title='bbox 303 2331 545 2384; x_wconf 75' lang='grc' dir='ltr'>τοιούτου</span> <span class='ocrx_word' id='word_1_281' title='bbox 579 2334 784 2402; x_wconf 79' lang='grc' dir='ltr'>κλήρου</span> <span class='ocrx_word' id='word_1_282' title='bbox 819 2333 1066 2385; x_wconf 83' lang='grc' dir='ltr'>πιστεύει</span> <span class='ocrx_word' id='word_1_283' title='bbox 1096 2335 1380 2402; x_wconf 85' lang='grc' dir='ltr'>πρόνοιαν,</span> <span class='ocrx_word' id='word_1_284' title='bbox 1418 2336 1768 2402; x_wconf 63' lang='grc' dir='ltr'>ἀναλωθῆναι</span> 
     </span>
    </p>
   </div>
   <div class='ocr_carea' id='block_1_40' title="bbox 175 2422 1768 2495">
    <p class='ocr_par' dir='ltr' id='par_1_40' title="bbox 175 2422 1768 2495">
     <span class='ocr_line' id='line_1_40' title="bbox 175 2422 1768 2495; baseline 0.004 -23"><span class='ocrx_word' id='word_1_285' title='bbox 175 2422 239 2473; x_wconf 82' lang='grc' dir='ltr'><strong>τὸ</strong></span> <span class='ocrx_word' id='word_1_286' title='bbox 267 2422 452 2474; x_wconf 80' lang='grc' dir='ltr'>πλεῖον</span> <span class='ocrx_word' id='word_1_287' title='bbox 493 2423 660 2476; x_wconf 76' lang='grc' dir='ltr'>αὑτοῦ</span> <span class='ocrx_word' id='word_1_288' title='bbox 695 2425 861 2492; x_wconf 80' lang='grc' dir='ltr'>μέρος</span> <span class='ocrx_word' id='word_1_289' title='bbox 896 2425 974 2484; x_wconf 82' lang='grc' dir='ltr'><strong>είς</strong></span> <span class='ocrx_word' id='word_1_290' title='bbox 1004 2424 1204 2484; x_wconf 78' lang='grc' dir='ltr'>ἐνδεεῖς</span> <span class='ocrx_word' id='word_1_291' title='bbox 1237 2425 1550 2494; x_wconf 61' lang='grc' dir='ltr'>ἐπισκήψας</span> <span class='ocrx_word' id='word_1_292' title='bbox 1574 2443 1585 2454; x_wconf 88' lang='grc'><strong>·</strong></span> <span class='ocrx_word' id='word_1_293' title='bbox 1615 2422 1674 2479; x_wconf 76' lang='grc' dir='ltr'><strong>οὗ</strong></span> <span class='ocrx_word' id='word_1_294' title='bbox 1705 2427 1768 2495; x_wconf 78' lang='grc' dir='ltr'>δὴ</span> 
     </span>
    </p>
   </div>
   <div class='ocr_carea' id='block_1_41' title="bbox 179 2513 1771 2583">
    <p class='ocr_par' dir='ltr' id='par_1_41' title="bbox 179 2513 1771 2583">
     <span class='ocr_line' id='line_1_41' title="bbox 179 2513 1771 2583; baseline 0.003 -19"><span class='ocrx_word' id='word_1_295' title='bbox 179 2514 323 2565; x_wconf 86' lang='grc' dir='ltr'><strong>κατά</strong></span> <span class='ocrx_word' id='word_1_296' title='bbox 353 2514 447 2573; x_wconf 80' lang='grc' dir='ltr'><strong>τάς</strong></span> <span class='ocrx_word' id='word_1_297' title='bbox 483 2513 693 2564; x_wconf 79' lang='grc' dir='ltr'>ἐκείνου</span> <span class='ocrx_word' id='word_1_298' title='bbox 729 2514 948 2575; x_wconf 74' lang='grc' dir='ltr'>ἐντολὰς</span> <span class='ocrx_word' id='word_1_299' title='bbox 973 2516 1270 2583; x_wconf 83' lang='grc' dir='ltr'>γενομένου</span> <span class='ocrx_word' id='word_1_300' title='bbox 1299 2517 1391 2566; x_wconf 74' lang='grc' dir='ltr'><strong>καὶ</strong></span> <span class='ocrx_word' id='word_1_301' title='bbox 1422 2517 1517 2567; x_wconf 83' lang='grc' dir='ltr'>τοῦ</span> <span class='ocrx_word' id='word_1_302' title='bbox 1542 2517 1771 2572; x_wconf 77' lang='grc' dir='ltr'>πλούτου</span> 
     </span>
    </p>
   </div>
   <div class='ocr_carea' id='block_1_42' title="bbox 177 2603 1773 2674">
    <p class='ocr_par' dir='ltr' id='par_1_42' title="bbox 177 2603 1773 2674">
     <span class='ocr_line' id='line_1_42' title="bbox 177 2603 1773 2674; baseline 0.004 -20"><span class='ocrx_word' id='word_1_303' title='bbox 177 2603 363 2666; x_wconf 85' lang='grc' dir='ltr'>καλῶς</span> <span class='ocrx_word' id='word_1_304' title='bbox 396 2605 547 2674; x_wconf 82' lang='grc' dir='ltr'>αὐτῷ</span> <span class='ocrx_word' id='word_1_305' title='bbox 581 2604 912 2665; x_wconf 78' lang='grc' dir='ltr'>κενωθέντος</span> <span class='ocrx_word' id='word_1_306' title='bbox 951 2607 1046 2658; x_wconf 74' lang='grc' dir='ltr'><strong>καὶ</strong></span> <span class='ocrx_word' id='word_1_307' title='bbox 1097 2605 1206 2657; x_wconf 79' lang='grc' dir='ltr'><strong>τῶν</strong></span> <span class='ocrx_word' id='word_1_308' title='bbox 1244 2609 1498 2674; x_wconf 79' lang='grc' dir='ltr'>πενήτων</span> <span class='ocrx_word' id='word_1_309' title='bbox 1559 2610 1773 2673; x_wconf 87' lang='grc' dir='ltr'>πολλοῖς</span> 
     </span>
    </p>
   </div>
   <div class='ocr_carea' id='block_1_43' title="bbox 177 2697 1772 2770">
    <p class='ocr_par' dir='ltr' id='par_1_43' title="bbox 177 2697 1772 2770">
     <span class='ocr_line' id='line_1_43' title="bbox 177 2697 1772 2770; baseline 0.003 -20"><span class='ocrx_word' id='word_1_310' title='bbox 177 2697 614 2766; x_wconf 76' lang='grc' dir='ltr'>ἐπαρκέσαντος,</span> <span class='ocrx_word' id='word_1_311' title='bbox 653 2699 935 2764; x_wconf 74' lang='grc' dir='ltr'>φροντίδος</span> <span class='ocrx_word' id='word_1_312' title='bbox 972 2699 1273 2752; x_wconf 81' lang='grc' dir='ltr'>ἀπολέλυτο</span> <span class='ocrx_word' id='word_1_313' title='bbox 1305 2701 1487 2768; x_wconf 81' lang='grc' dir='ltr'>πάσης</span> <span class='ocrx_word' id='word_1_314' title='bbox 1523 2704 1548 2754; x_wconf 84' lang='grc' dir='ltr'><strong>ὁ</strong></span> <span class='ocrx_word' id='word_1_315' title='bbox 1573 2703 1772 2770; x_wconf 74' lang='grc' dir='ltr'><strong>Ἀϐρά-</strong></span> 
     </span>
    </p>
   </div>
   <div class='ocr_carea' id='block_1_44' title="bbox 179 2789 1774 2860">
    <p class='ocr_par' dir='ltr' id='par_1_44' title="bbox 179 2789 1774 2860">
     <span class='ocr_line' id='line_1_44' title="bbox 179 2789 1774 2860; baseline 0.005 -24"><span class='ocrx_word' id='word_1_316' title='bbox 179 2803 305 2852; x_wconf 87' lang='grc' dir='ltr'>μιος</span> <span class='ocrx_word' id='word_1_317' title='bbox 327 2803 339 2813; x_wconf 91' lang='grc'><strong>·</strong></span> <span class='ocrx_word' id='word_1_318' title='bbox 379 2789 502 2839; x_wconf 70' lang='grc' dir='ltr'>ἐπεὶ</span> <span class='ocrx_word' id='word_1_319' title='bbox 539 2793 633 2839; x_wconf 74' lang='grc' dir='ltr'>καὶ</span> <span class='ocrx_word' id='word_1_320' title='bbox 659 2789 817 2839; x_wconf 67' lang='grc' dir='ltr'>τοῦτο</span> <span class='ocrx_word' id='word_1_321' title='bbox 845 2791 1068 2860; x_wconf 75' lang='grc' dir='ltr'>φροιτὶς</span> <span class='ocrx_word' id='word_1_322' title='bbox 1127 2791 1326 2860; x_wconf 88' lang='grc' dir='ltr'>ἐκείνῳ</span> <span class='ocrx_word' id='word_1_323' title='bbox 1364 2791 1564 2860; x_wconf 84' lang='grc' dir='ltr'>μᾶλλον</span> <span class='ocrx_word' id='word_1_324' title='bbox 1593 2793 1774 2858; x_wconf 81' lang='grc' dir='ltr'>διηνε-</span> 
     </span>
    </p>
   </div>
   <div class='ocr_carea' id='block_1_45' title="bbox 179 2877 1778 2949">
    <p class='ocr_par' dir='ltr' id='par_1_45' title="bbox 179 2877 1778 2949">
     <span class='ocr_line' id='line_1_45' title="bbox 179 2877 1778 2949; baseline -0.003 -9"><span class='ocrx_word' id='word_1_325' title='bbox 179 2878 305 2943; x_wconf 74' lang='grc' dir='ltr'><strong>κὴς.</strong></span> <span class='ocrx_word' id='word_1_326' title='bbox 336 2879 484 2939; x_wconf 74' lang='grc' dir='ltr'>ὅπως</span> <span class='ocrx_word' id='word_1_327' title='bbox 519 2877 583 2928; x_wconf 80' lang='grc' dir='ltr'>ἂν</span> <span class='ocrx_word' id='word_1_328' title='bbox 613 2879 802 2947; x_wconf 48' lang='grc' dir='ltr'>μηδενὶ</span> <span class='ocrx_word' id='word_1_329' title='bbox 828 2882 926 2946; x_wconf 75' lang='grc' dir='ltr'><strong>τὴν</strong></span> <span class='ocrx_word' id='word_1_330' title='bbox 957 2881 1134 2948; x_wconf 68' lang='grc' dir='ltr'>ψυχὴν</span> <span class='ocrx_word' id='word_1_331' title='bbox 1158 2880 1265 2932; x_wconf 88' lang='grc' dir='ltr'><strong>τῶν</strong></span> <span class='ocrx_word' id='word_1_332' title='bbox 1294 2882 1567 2949; x_wconf 81' lang='grc' dir='ltr'>βιωτικῶν</span> <span class='ocrx_word' id='word_1_333' title='bbox 1598 2899 1654 2934; x_wconf 88' lang='grc' dir='ltr'><strong>τε</strong></span> <span class='ocrx_word' id='word_1_334' title='bbox 1683 2884 1778 2936; x_wconf 77' lang='grc' dir='ltr'>καὶ</span> 
     </span>
    </p>
   </div>
   <div class='ocr_carea' id='block_1_46' title="bbox 1864 1966 3455 2030">
    <p class='ocr_par' dir='ltr' id='par_1_46' title="bbox 1864 1966 3455 2030">
     <span class='ocr_line' id='line_1_46' title="bbox 1864 1966 3455 2030; baseline -0.004 -6"><span class='ocrx_word' id='word_1_335' title='bbox 1864 1988 2057 2025; x_wconf 88' lang='lat' dir='ltr'><strong>narum</strong></span> <span class='ocrx_word' id='word_1_336' title='bbox 2094 1973 2408 2024; x_wconf 75' lang='lat' dir='ltr'><strong>facultatum</strong></span> <span class='ocrx_word' id='word_1_337' title='bbox 2442 1972 2495 2024; x_wconf 89' lang='lat' dir='ltr'><strong>fit</strong></span> <span class='ocrx_word' id='word_1_338' title='bbox 2540 1973 2716 2026; x_wconf 62' lang='lat' dir='ltr'><strong>haeres</strong></span> <span class='ocrx_word' id='word_1_339' title='bbox 2782 1970 3094 2023; x_wconf 84' lang='lat' dir='ltr'><strong>Abramius.</strong></span> <span class='ocrx_word' id='word_1_340' title='bbox 3152 1966 3246 2023; x_wconf 82' lang='lat' dir='ltr'><strong>ille</strong></span> <span class='ocrx_word' id='word_1_341' title='bbox 3303 1981 3455 2030; x_wconf 86' lang='lat' dir='ltr'><strong>vero,</strong></span> 
     </span>
    </p>
   </div>
   <div class='ocr_carea' id='block_1_47' title="bbox 1863 2059 3455 2131">
    <p class='ocr_par' dir='ltr' id='par_1_47' title="bbox 1863 2059 3455 2131">
     <span class='ocr_line' id='line_1_47' title="bbox 1863 2059 3455 2131; baseline -0.006 -14"><span class='ocrx_word' id='word_1_342' title='bbox 1863 2080 1985 2117; x_wconf 91' lang='lat' dir='ltr'><strong>cum</strong></span> <span class='ocrx_word' id='word_1_343' title='bbox 2013 2065 2120 2131; x_wconf 84' lang='lat' dir='ltr'><strong>jam</strong></span> <span class='ocrx_word' id='word_1_344' title='bbox 2152 2064 2280 2116; x_wconf 89' lang='lat' dir='ltr'><strong>olim</strong></span> <span class='ocrx_word' id='word_1_345' title='bbox 2311 2064 2444 2116; x_wconf 85' lang='lat' dir='ltr'><strong>tales</strong></span> <span class='ocrx_word' id='word_1_346' title='bbox 2470 2078 2628 2115; x_wconf 86' lang='lat' dir='ltr'><strong>curas</strong></span> <span class='ocrx_word' id='word_1_347' title='bbox 2679 2063 2927 2130; x_wconf 87' lang='lat' dir='ltr'><strong>jussisset</strong></span> <span class='ocrx_word' id='word_1_348' title='bbox 2981 2061 3179 2112; x_wconf 88' lang='lat' dir='ltr'><strong>valere.</strong></span> <span class='ocrx_word' id='word_1_349' title='bbox 3241 2059 3455 2111; x_wconf 80' lang='lat' dir='ltr'><strong>cuidam</strong></span> 
     </span>
    </p>
   </div>
   <div class='ocr_carea' id='block_1_48' title="bbox 1867 2151 3460 2224">
    <p class='ocr_par' dir='ltr' id='par_1_48' title="bbox 1867 2151 3460 2224">
     <span class='ocr_line' id='line_1_48' title="bbox 1867 2151 3460 2224; baseline -0.004 -16"><span class='ocrx_word' id='word_1_350' title='bbox 1867 2173 1931 2210; x_wconf 77' lang='lat' dir='ltr'><strong>ex</strong></span> <span class='ocrx_word' id='word_1_351' title='bbox 1969 2157 2080 2210; x_wconf 82' lang='lat' dir='ltr'><strong>suis</strong></span> <span class='ocrx_word' id='word_1_352' title='bbox 2127 2157 2318 2210; x_wconf 81' lang='lat' dir='ltr'><strong>amicis</strong></span> <span class='ocrx_word' id='word_1_353' title='bbox 2348 2155 2667 2218; x_wconf 82' lang='lat' dir='ltr'><strong>committit,</strong></span> <span class='ocrx_word' id='word_1_354' title='bbox 2700 2166 2962 2208; x_wconf 89' lang='lat' dir='ltr'><strong>utcuram</strong></span> <span class='ocrx_word' id='word_1_355' title='bbox 2985 2164 3137 2224; x_wconf 74' lang='lat' dir='ltr'><strong>gerat</strong></span> <span class='ocrx_word' id='word_1_356' title='bbox 3170 2151 3460 2205; x_wconf 65' lang='lat' dir='ltr'><strong>haeredita-</strong></span> 
     </span>
    </p>
   </div>
   <div class='ocr_carea' id='block_1_49' title="bbox 1871 2243 3460 2317">
    <p class='ocr_par' dir='ltr' id='par_1_49' title="bbox 1871 2243 3460 2317">
     <span class='ocr_line' id='line_1_49' title="bbox 1871 2243 3460 2317; baseline -0.004 -14"><span class='ocrx_word' id='word_1_357' title='bbox 1871 2251 1962 2311; x_wconf 87' lang='lat' dir='ltr'><strong>tis,</strong></span> <span class='ocrx_word' id='word_1_358' title='bbox 1992 2252 2275 2311; x_wconf 85' lang='lat' dir='ltr'><strong>mandans,</strong></span> <span class='ocrx_word' id='word_1_359' title='bbox 2313 2259 2366 2300; x_wconf 93' lang='lat' dir='ltr'><strong>ut</strong></span> <span class='ocrx_word' id='word_1_360' title='bbox 2398 2265 2522 2317; x_wconf 87' lang='lat' dir='ltr'><strong>pars</strong></span> <span class='ocrx_word' id='word_1_361' title='bbox 2573 2248 2690 2314; x_wconf 83' lang='lat' dir='ltr'><strong>ejus</strong></span> <span class='ocrx_word' id='word_1_362' title='bbox 2722 2249 2955 2300; x_wconf 79' lang='lat' dir='ltr'><strong>maxima</strong></span> <span class='ocrx_word' id='word_1_363' title='bbox 3024 2254 3376 2300; x_wconf 81' lang='lat' dir='ltr'><strong>consumatur</strong></span> <span class='ocrx_word' id='word_1_364' title='bbox 3408 2243 3460 2296; x_wconf 93' lang='lat' dir='ltr'><strong>in</strong></span> 
     </span>
    </p>
   </div>
   <div class='ocr_carea' id='block_1_50' title="bbox 1867 2339 3460 2410">
    <p class='ocr_par' dir='ltr' id='par_1_50' title="bbox 1867 2339 3460 2410">
     <span class='ocr_line' id='line_1_50' title="bbox 1867 2339 3460 2410; baseline -0.003 -15"><span class='ocrx_word' id='word_1_365' title='bbox 1867 2357 2088 2408; x_wconf 75' lang='lat' dir='ltr'><strong>egenos.</strong></span> <span class='ocrx_word' id='word_1_366' title='bbox 2124 2341 2276 2406; x_wconf 84' lang='lat' dir='ltr'><strong>Quod</strong></span> <span class='ocrx_word' id='word_1_367' title='bbox 2311 2343 2528 2410; x_wconf 88' lang='lat' dir='ltr'><strong>quidem</strong></span> <span class='ocrx_word' id='word_1_368' title='bbox 2555 2357 2676 2394; x_wconf 91' lang='lat' dir='ltr'><strong>cum</strong></span> <span class='ocrx_word' id='word_1_369' title='bbox 2714 2339 2921 2392; x_wconf 85' lang='lat' dir='ltr'><strong>factum</strong></span> <span class='ocrx_word' id='word_1_370' title='bbox 2960 2339 3169 2401; x_wconf 79' lang='lat' dir='ltr'><strong>fuisset,</strong></span> <span class='ocrx_word' id='word_1_371' title='bbox 3206 2340 3460 2404; x_wconf 85' lang='lat' dir='ltr'><strong>utjusse-</strong></span> 
     </span>
    </p>
   </div>
   <div class='ocr_carea' id='block_1_51' title="bbox 1870 2428 3462 2498">
    <p class='ocr_par' dir='ltr' id='par_1_51' title="bbox 1870 2428 3462 2498">
     <span class='ocr_line' id='line_1_51' title="bbox 1870 2428 3462 2498; baseline -0.003 -16"><span class='ocrx_word' id='word_1_372' title='bbox 1870 2443 1974 2494; x_wconf 82' lang='lat' dir='ltr'><strong>rat,</strong></span> <span class='ocrx_word' id='word_1_373' title='bbox 2008 2442 2064 2484; x_wconf 85' lang='lat' dir='ltr'><strong>et</strong></span> <span class='ocrx_word' id='word_1_374' title='bbox 2108 2434 2328 2496; x_wconf 80' lang='lat' dir='ltr'><strong>pulchre</strong></span> <span class='ocrx_word' id='word_1_375' title='bbox 2390 2432 2626 2498; x_wconf 78' lang='lat' dir='ltr'><strong>profusa:</strong></span> <span class='ocrx_word' id='word_1_376' title='bbox 2691 2429 3064 2497; x_wconf 89' lang='lat' dir='ltr'><strong>fuissentejus</strong></span> <span class='ocrx_word' id='word_1_377' title='bbox 3127 2428 3347 2492; x_wconf 70' lang='lat' dir='ltr'><strong>divitiae,</strong></span> <span class='ocrx_word' id='word_1_378' title='bbox 3407 2435 3462 2479; x_wconf 85' lang='lat' dir='ltr'><strong>et</strong></span> 
     </span>
    </p>
   </div>
   <div class='ocr_carea' id='block_1_52' title="bbox 1869 2520 3459 2591">
    <p class='ocr_par' dir='ltr' id='par_1_52' title="bbox 1869 2520 3459 2591">
     <span class='ocr_line' id='line_1_52' title="bbox 1869 2520 3459 2591; baseline -0.002 -18"><span class='ocrx_word' id='word_1_379' title='bbox 1869 2535 2024 2583; x_wconf 87' lang='lat' dir='ltr'><strong>opem</strong></span> <span class='ocrx_word' id='word_1_380' title='bbox 2063 2522 2276 2577; x_wconf 80' lang='lat' dir='ltr'><strong>tulisset</strong></span> <span class='ocrx_word' id='word_1_381' title='bbox 2301 2523 2483 2574; x_wconf 87' lang='lat' dir='ltr'><strong>multis</strong></span> <span class='ocrx_word' id='word_1_382' title='bbox 2517 2524 2859 2591; x_wconf 72' lang='lat' dir='ltr'><strong>pauperibus,</strong></span> <span class='ocrx_word' id='word_1_383' title='bbox 2901 2522 3108 2574; x_wconf 85' lang='lat' dir='ltr'><strong>solutus</strong></span> <span class='ocrx_word' id='word_1_384' title='bbox 3145 2520 3293 2573; x_wconf 84' lang='lat' dir='ltr'><strong>omni</strong></span> <span class='ocrx_word' id='word_1_385' title='bbox 3328 2535 3459 2572; x_wconf 82' lang='lat' dir='ltr'><strong>cura</strong></span> 
     </span>
    </p>
   </div>
   <div class='ocr_carea' id='block_1_53' title="bbox 1869 2611 3459 2681">
    <p class='ocr_par' dir='ltr' id='par_1_53' title="bbox 1869 2611 3459 2681">
     <span class='ocr_line' id='line_1_53' title="bbox 1869 2611 3459 2681; baseline -0.003 -15"><span class='ocrx_word' id='word_1_386' title='bbox 1869 2613 1976 2672; x_wconf 78' lang='lat' dir='ltr'><strong>fuit</strong></span> <span class='ocrx_word' id='word_1_387' title='bbox 1992 2614 2301 2668; x_wconf 73' lang='lat' dir='ltr'><strong>Abramius.</strong></span> <span class='ocrx_word' id='word_1_388' title='bbox 2325 2611 2528 2666; x_wconf 82' lang='lat' dir='ltr'><strong>Namin</strong></span> <span class='ocrx_word' id='word_1_389' title='bbox 2551 2613 2652 2664; x_wconf 87' lang='lat' dir='ltr'><strong>hoc</strong></span> <span class='ocrx_word' id='word_1_390' title='bbox 2681 2613 2768 2666; x_wconf 83' lang='lat' dir='ltr'><strong>ille</strong></span> <span class='ocrx_word' id='word_1_391' title='bbox 2808 2622 3069 2681; x_wconf 84' lang='lat' dir='ltr'><strong>perpetuo</strong></span> <span class='ocrx_word' id='word_1_392' title='bbox 3093 2613 3459 2671; x_wconf 82' lang='lat' dir='ltr'><strong>incumbebat,</strong></span> 
     </span>
    </p>
   </div>
   <div class='ocr_carea' id='block_1_54' title="bbox 1875 2703 3463 2776">
    <p class='ocr_par' dir='ltr' id='par_1_54' title="bbox 1875 2703 3463 2776">
     <span class='ocr_line' id='line_1_54' title="bbox 1875 2703 3463 2776; baseline -0.001 -18"><span class='ocrx_word' id='word_1_393' title='bbox 1875 2715 1932 2758; x_wconf 86' lang='lat' dir='ltr'><strong>ut</strong></span> <span class='ocrx_word' id='word_1_394' title='bbox 1952 2705 2072 2776; x_wconf 87' lang='lat' dir='ltr'><strong>ejus</strong></span> <span class='ocrx_word' id='word_1_395' title='bbox 2101 2707 2313 2760; x_wconf 85' lang='lat' dir='ltr'><strong>animus</strong></span> <span class='ocrx_word' id='word_1_396' title='bbox 2361 2717 2720 2773; x_wconf 80' lang='lat' dir='ltr'><strong>occuparetur</strong></span> <span class='ocrx_word' id='word_1_397' title='bbox 2758 2706 2809 2758; x_wconf 91' lang='lat' dir='ltr'><strong>in</strong></span> <span class='ocrx_word' id='word_1_398' title='bbox 2839 2705 2985 2756; x_wconf 89' lang='lat' dir='ltr'><strong>nulla</strong></span> <span class='ocrx_word' id='word_1_399' title='bbox 3019 2719 3078 2758; x_wconf 90' lang='lat' dir='ltr'><strong>re</strong></span> <span class='ocrx_word' id='word_1_400' title='bbox 3106 2703 3372 2756; x_wconf 90' lang='lat' dir='ltr'><strong>mundana</strong></span> <span class='ocrx_word' id='word_1_401' title='bbox 3403 2712 3463 2756; x_wconf 89' lang='lat' dir='ltr'><strong>et</strong></span> 
     </span>
    </p>
   </div>
   <div class='ocr_carea' id='block_1_55' title="bbox 1876 2797 3457 2860">
    <p class='ocr_par' dir='ltr' id='par_1_55' title="bbox 1876 2797 3457 2860">
     <span class='ocr_line' id='line_1_55' title="bbox 1876 2797 3457 2860; baseline -0.001 -11"><span class='ocrx_word' id='word_1_402' title='bbox 1876 2807 2118 2860; x_wconf 82' lang='lat' dir='ltr'><strong>terrena,</strong></span> <span class='ocrx_word' id='word_1_403' title='bbox 2145 2800 2236 2851; x_wconf 88' lang='lat' dir='ltr'><strong>sed</strong></span> <span class='ocrx_word' id='word_1_404' title='bbox 2261 2813 2382 2852; x_wconf 91' lang='lat' dir='ltr'><strong>eum</strong></span> <span class='ocrx_word' id='word_1_405' title='bbox 2412 2807 2584 2850; x_wconf 90' lang='lat' dir='ltr'><strong>totum</strong></span> <span class='ocrx_word' id='word_1_406' title='bbox 2609 2799 2827 2850; x_wconf 85' lang='lat' dir='ltr'><strong>haberet</strong></span> <span class='ocrx_word' id='word_1_407' title='bbox 2853 2797 2919 2850; x_wconf 89' lang='lat' dir='ltr'><strong>ad</strong></span> <span class='ocrx_word' id='word_1_408' title='bbox 2939 2797 3130 2851; x_wconf 80' lang='lat' dir='ltr'><strong>coelum</strong></span> <span class='ocrx_word' id='word_1_409' title='bbox 3152 2805 3457 2860; x_wconf 72' lang='lat' dir='ltr'><strong>extensum,</strong></span> 
     </span>
    </p>
   </div>
   <div class='ocr_carea' id='block_1_56' title="bbox 1877 2885 3247 2954">
    <p class='ocr_par' dir='ltr' id='par_1_56' title="bbox 1877 2885 3247 2954">
     <span class='ocr_line' id='line_1_56' title="bbox 1877 2885 3247 2954; baseline -0.001 -15"><span class='ocrx_word' id='word_1_410' title='bbox 1877 2901 2200 2954; x_wconf 85' lang='lat' dir='ltr'><strong>semperque</strong></span> <span class='ocrx_word' id='word_1_411' title='bbox 2224 2887 2392 2938; x_wconf 89' lang='lat' dir='ltr'><strong>levem</strong></span> <span class='ocrx_word' id='word_1_412' title='bbox 2421 2897 2474 2938; x_wconf 92' lang='lat' dir='ltr'><strong>et</strong></span> <span class='ocrx_word' id='word_1_413' title='bbox 2522 2886 2807 2938; x_wconf 84' lang='lat' dir='ltr'><strong>sublimem</strong></span> <span class='ocrx_word' id='word_1_414' title='bbox 2842 2887 2907 2938; x_wconf 84' lang='lat' dir='ltr'><strong>ad</strong></span> <span class='ocrx_word' id='word_1_415' title='bbox 2963 2885 3247 2954; x_wconf 74' lang='lat' dir='ltr'><strong>spiritalia.</strong></span> 
     </span>
    </p>
   </div>
   <div class='ocr_carea' id='block_1_57' title="bbox 177 2969 3461 3054">
    <p class='ocr_par' dir='ltr' id='par_1_57' title="bbox 177 2969 3461 3054">
     <span class='ocr_line' id='line_1_57' title="bbox 177 2969 3461 3054; baseline 0.003 -36"><span class='ocrx_word' id='word_1_416' title='bbox 177 2969 388 3035; x_wconf 74' lang='grc' dir='ltr'>γηΐνων</span> <span class='ocrx_word' id='word_1_417' title='bbox 447 2970 830 3037; x_wconf 62' lang='grc' dir='ltr'>ἀπολειφθείη,</span> <span class='ocrx_word' id='word_1_418' title='bbox 890 2971 1028 3021; x_wconf 77' lang='grc' dir='ltr'><strong>ἀλλά</strong></span> <span class='ocrx_word' id='word_1_419' title='bbox 1062 2973 1244 3023; x_wconf 77' lang='grc' dir='ltr'>πᾶσαν</span> <span class='ocrx_word' id='word_1_420' title='bbox 1276 2974 1444 3044; x_wconf 80' lang='grc' dir='ltr'>αὐτὴν</span> <span class='ocrx_word' id='word_1_421' title='bbox 1473 2975 1583 3042; x_wconf 77' lang='grc' dir='ltr'>ἔχοι</span> <span class='ocrx_word' id='word_1_422' title='bbox 1623 2976 1757 3042; x_wconf 60' lang='grc' dir='ltr'>πρὶς</span> <span class='ocrx_word' id='word_1_423' title='bbox 1804 2976 1893 3029; x_wconf 68' lang='grc' dir='ltr'><strong>τον</strong></span> <span class='ocrx_word' id='word_1_424' title='bbox 1917 2979 2143 3054; x_wconf 68' lang='grc' dir='ltr'>οὐρανὸν</span> <span class='ocrx_word' id='word_1_425' title='bbox 2180 2979 2488 3052; x_wconf 72' lang='grc' dir='ltr'>τεταμένην</span> <span class='ocrx_word' id='word_1_426' title='bbox 2541 2979 2634 3030; x_wconf 70' lang='grc' dir='ltr'><strong>καὶ</strong></span> <span class='ocrx_word' id='word_1_427' title='bbox 2671 2980 2877 3048; x_wconf 63' lang='grc' dir='ltr'>κουφὴν</span> <span class='ocrx_word' id='word_1_428' title='bbox 2907 2977 2996 3035; x_wconf 72' lang='grc' dir='ltr'>ἀεὶ</span> <span class='ocrx_word' id='word_1_429' title='bbox 3036 2981 3169 3047; x_wconf 76' lang='grc' dir='ltr'>πρὸς</span> <span class='ocrx_word' id='word_1_430' title='bbox 3201 2980 3268 3029; x_wconf 88' lang='grc' dir='ltr'>τὰ</span> <span class='ocrx_word' id='word_1_431' title='bbox 3300 2995 3461 3029; x_wconf 54' lang='grc' dir='ltr'>πνευ.</span> 
     </span>
    </p>
   </div>
   <div class='ocr_carea' id='block_1_58' title="bbox 181 3058 859 3129">
    <p class='ocr_par' dir='ltr' id='par_1_58' title="bbox 181 3058 859 3129">
     <span class='ocr_line' id='line_1_58' title="bbox 181 3058 859 3129; baseline 0.007 -19"><span class='ocrx_word' id='word_1_432' title='bbox 181 3058 396 3124; x_wconf 82' lang='grc' dir='ltr'>ματικά</span> <span class='ocrx_word' id='word_1_433' title='bbox 429 3059 522 3112; x_wconf 76' lang='grc' dir='ltr'><strong>καὶ</strong></span> <span class='ocrx_word' id='word_1_434' title='bbox 559 3060 859 3129; x_wconf 85' lang='grc' dir='ltr'>μετέωρον.</span> 
     </span>
    </p>
   </div>
   <div class='ocr_carea' id='block_1_59' title="bbox 253 3151 1837 3227">
    <p class='ocr_par' dir='ltr' id='par_1_59' title="bbox 253 3151 1837 3227">
     <span class='ocr_line' id='line_1_59' title="bbox 253 3151 1837 3227; baseline -0.006 -11"><span class='ocrx_word' id='word_1_435' title='bbox 253 3152 348 3216; x_wconf 77' lang='grc' dir='ltr'><strong>(Ῐό</strong></span> <span class='ocrx_word' id='word_1_436' title='bbox 380 3151 630 3221; x_wconf 72' lang='grc' dir='ltr'>Ποθὴσας</span> <span class='ocrx_word' id='word_1_437' title='bbox 682 3152 859 3206; x_wconf 79' lang='grc' dir='ltr'>τοίνυν</span> <span class='ocrx_word' id='word_1_438' title='bbox 927 3155 1001 3218; x_wconf 84' lang='grc' dir='ltr'>ὼς</span> <span class='ocrx_word' id='word_1_439' title='bbox 1049 3155 1376 3226; x_wconf 76' lang='grc' dir='ltr'>τιμιώτατον</span> <span class='ocrx_word' id='word_1_440' title='bbox 1431 3159 1617 3227; x_wconf 76' lang='grc' dir='ltr'>κτῆμα</span> <span class='ocrx_word' id='word_1_441' title='bbox 1669 3160 1765 3227; x_wconf 72' lang='grc' dir='ltr'><strong>τὴν</strong></span> <span class='ocrx_word' id='word_1_442' title='bbox 1798 3173 1837 3227; x_wconf 78' lang='lat' dir='ltr'><strong>c</strong></span> 
     </span>
    </p>
   </div>
   <div class='ocr_carea' id='block_1_60' title="bbox 178 3244 1770 3321">
    <p class='ocr_par' dir='ltr' id='par_1_60' title="bbox 178 3244 1770 3321">
     <span class='ocr_line' id='line_1_60' title="bbox 178 3244 1770 3321; baseline 0.004 -26"><span class='ocrx_word' id='word_1_443' title='bbox 178 3244 476 3312; x_wconf 80' lang='grc' dir='ltr'>ἀκτησίαν,</span> <span class='ocrx_word' id='word_1_444' title='bbox 509 3244 661 3298; x_wconf 66' lang='grc' dir='ltr'>οὐδὲν</span> <span class='ocrx_word' id='word_1_445' title='bbox 690 3247 878 3317; x_wconf 75' lang='grc' dir='ltr'>ἕτερον</span> <span class='ocrx_word' id='word_1_446' title='bbox 930 3248 1073 3316; x_wconf 79' lang='grc' dir='ltr'>ἔχειν</span> <span class='ocrx_word' id='word_1_447' title='bbox 1106 3251 1366 3319; x_wconf 76' lang='grc' dir='ltr'>ἠνέσχετο</span> <span class='ocrx_word' id='word_1_448' title='bbox 1393 3291 1404 3314; x_wconf 88' lang='grc'><strong>,</strong></span> <span class='ocrx_word' id='word_1_449' title='bbox 1440 3252 1581 3319; x_wconf 81' lang='grc' dir='ltr'>πλὴν</span> <span class='ocrx_word' id='word_1_450' title='bbox 1613 3253 1770 3321; x_wconf 82' lang='grc' dir='ltr'>μόνον</span> 
     </span>
    </p>
   </div>
   <div class='ocr_carea' id='block_1_61' title="bbox 177 3333 1772 3408">
    <p class='ocr_par' dir='ltr' id='par_1_61' title="bbox 177 3333 1772 3408">
     <span class='ocr_line' id='line_1_61' title="bbox 177 3333 1772 3408; baseline 0.008 -26"><span class='ocrx_word' id='word_1_451' title='bbox 177 3335 288 3385; x_wconf 82' lang='grc' dir='ltr'><strong>τῶν</strong></span> <span class='ocrx_word' id='word_1_452' title='bbox 326 3333 644 3398; x_wconf 75' lang='grc' dir='ltr'>ἀναγκαίως</span> <span class='ocrx_word' id='word_1_453' title='bbox 676 3337 908 3404; x_wconf 83' lang='grc' dir='ltr'>ἐχόντων</span> <span class='ocrx_word' id='word_1_454' title='bbox 938 3338 1014 3405; x_wconf 82' lang='grc' dir='ltr'>τῷ</span> <span class='ocrx_word' id='word_1_455' title='bbox 1043 3337 1282 3407; x_wconf 87' lang='grc' dir='ltr'>σώματι,</span> <span class='ocrx_word' id='word_1_456' title='bbox 1327 3340 1393 3391; x_wconf 71' lang='grc' dir='ltr'>τὰ</span> <span class='ocrx_word' id='word_1_457' title='bbox 1443 3341 1498 3392; x_wconf 72' lang='grc' dir='ltr'><strong>δὲ</strong></span> <span class='ocrx_word' id='word_1_458' title='bbox 1530 3338 1597 3408; x_wconf 76' lang='grc' dir='ltr'>ἦν</span> <span class='ocrx_word' id='word_1_459' title='bbox 1633 3344 1772 3394; x_wconf 75' lang='grc' dir='ltr'>πάλ-</span> 
     </span>
    </p>
   </div>
   <div class='ocr_carea' id='block_1_62' title="bbox 177 3425 1769 3496">
    <p class='ocr_par' dir='ltr' id='par_1_62' title="bbox 177 3425 1769 3496">
     <span class='ocr_line' id='line_1_62' title="bbox 177 3425 1769 3496; baseline 0.005 -23"><span class='ocrx_word' id='word_1_460' title='bbox 177 3425 295 3477; x_wconf 72' lang='grc' dir='ltr'>λιον</span> <span class='ocrx_word' id='word_1_461' title='bbox 332 3425 425 3475; x_wconf 68' lang='grc' dir='ltr'><strong>καὶ</strong></span> <span class='ocrx_word' id='word_1_462' title='bbox 456 3425 623 3491; x_wconf 73' lang='grc' dir='ltr'>ῥάκος</span> <span class='ocrx_word' id='word_1_463' title='bbox 653 3442 702 3475; x_wconf 88' lang='grc' dir='ltr'><strong>τι</strong></span> <span class='ocrx_word' id='word_1_464' title='bbox 733 3426 993 3492; x_wconf 86' lang='grc' dir='ltr'>τρίχινον,</span> <span class='ocrx_word' id='word_1_465' title='bbox 1027 3426 1062 3477; x_wconf 74' lang='grc' dir='ltr'>ἃ</span> <span class='ocrx_word' id='word_1_466' title='bbox 1094 3426 1429 3496; x_wconf 82' lang='grc' dir='ltr'>περιέκειτο,</span> <span class='ocrx_word' id='word_1_467' title='bbox 1458 3429 1676 3493; x_wconf 67' lang='grc' dir='ltr'>ψιάθιόν</span> <span class='ocrx_word' id='word_1_468' title='bbox 1712 3447 1769 3481; x_wconf 87' lang='grc' dir='ltr'><strong>τε</strong></span> 
     </span>
    </p>
   </div>
   <div class='ocr_carea' id='block_1_63' title="bbox 180 3514 1778 3592">
    <p class='ocr_par' dir='ltr' id='par_1_63' title="bbox 180 3514 1778 3592">
     <span class='ocr_line' id='line_1_63' title="bbox 180 3514 1778 3592; baseline 0.006 -27"><span class='ocrx_word' id='word_1_469' title='bbox 180 3516 320 3586; x_wconf 71' lang='grc' dir='ltr'>πρὸς</span> <span class='ocrx_word' id='word_1_470' title='bbox 349 3516 683 3584; x_wconf 77' lang='grc' dir='ltr'>κατακλησιν</span> <span class='ocrx_word' id='word_1_471' title='bbox 709 3514 974 3591; x_wconf 80' lang='grc' dir='ltr'>βραχεῖαν</span> <span class='ocrx_word' id='word_1_472' title='bbox 1027 3517 1123 3569; x_wconf 71' lang='grc' dir='ltr'>τοῦ</span> <span class='ocrx_word' id='word_1_473' title='bbox 1165 3518 1417 3587; x_wconf 80' lang='grc' dir='ltr'>σώματος</span> <span class='ocrx_word' id='word_1_474' title='bbox 1450 3522 1544 3573; x_wconf 68' lang='grc' dir='ltr'><strong>καὶ</strong></span> <span class='ocrx_word' id='word_1_475' title='bbox 1601 3525 1778 3592; x_wconf 74' lang='grc' dir='ltr'>ποτή-</span> 
     </span>
    </p>
   </div>
   <div class='ocr_carea' id='block_1_64' title="bbox 180 3599 1773 3680">
    <p class='ocr_par' dir='ltr' id='par_1_64' title="bbox 180 3599 1773 3680">
     <span class='ocr_line' id='line_1_64' title="bbox 180 3599 1773 3680; baseline 0.007 -25"><span class='ocrx_word' id='word_1_476' title='bbox 180 3625 321 3674; x_wconf 83' lang='grc' dir='ltr'>ριον,</span> <span class='ocrx_word' id='word_1_477' title='bbox 467 3605 562 3656; x_wconf 81' lang='grc' dir='ltr'><strong>τού</strong></span> <span class='ocrx_word' id='word_1_478' title='bbox 615 3609 1036 3678; x_wconf 81' lang='grc' dir='ltr'>μεμετρημένου</span> <span class='ocrx_word' id='word_1_479' title='bbox 1085 3609 1297 3663; x_wconf 73' lang='grc' dir='ltr'>ἐκείνου</span> <span class='ocrx_word' id='word_1_480' title='bbox 1359 3613 1773 3680; x_wconf 76' lang='grc' dir='ltr'>μετελάμϐανεν</span> 
     </span>
    </p>
   </div>
   <div class='ocr_carea' id='block_1_65' title="bbox 181 3696 1771 3774">
    <p class='ocr_par' dir='ltr' id='par_1_65' title="bbox 181 3696 1771 3774">
     <span class='ocr_line' id='line_1_65' title="bbox 181 3696 1771 3774; baseline 0.004 -25"><span class='ocrx_word' id='word_1_481' title='bbox 181 3699 408 3759; x_wconf 70' lang='grc' dir='ltr'>ὓδατος·</span> <span class='ocrx_word' id='word_1_482' title='bbox 475 3696 590 3752; x_wconf 81' lang='grc' dir='ltr'>ἀλλ’</span> <span class='ocrx_word' id='word_1_483' title='bbox 647 3699 758 3767; x_wconf 81' lang='grc' dir='ltr'>ὅσῳ</span> <span class='ocrx_word' id='word_1_484' title='bbox 813 3700 920 3751; x_wconf 86' lang='grc' dir='ltr'><strong>τῶν</strong></span> <span class='ocrx_word' id='word_1_485' title='bbox 972 3700 1100 3770; x_wconf 78' lang='grc' dir='ltr'>περὶ</span> <span class='ocrx_word' id='word_1_486' title='bbox 1154 3703 1214 3753; x_wconf 84' lang='grc' dir='ltr'><strong>τὸ</strong></span> <span class='ocrx_word' id='word_1_487' title='bbox 1260 3704 1421 3773; x_wconf 91' lang='grc' dir='ltr'>σῶμα</span> <span class='ocrx_word' id='word_1_488' title='bbox 1452 3705 1771 3774; x_wconf 78' lang='grc' dir='ltr'>ἐπιτηδείων</span> 
     </span>
    </p>
   </div>
   <div class='ocr_carea' id='block_1_66' title="bbox 179 3787 1771 3862">
    <p class='ocr_par' dir='ltr' id='par_1_66' title="bbox 179 3787 1771 3862">
     <span class='ocr_line' id='line_1_66' title="bbox 179 3787 1771 3862; baseline 0.006 -26"><span class='ocrx_word' id='word_1_489' title='bbox 179 3787 401 3854; x_wconf 62' lang='grc' dir='ltr'>ἠπόρει,</span> <span class='ocrx_word' id='word_1_490' title='bbox 457 3787 698 3856; x_wconf 82' lang='grc' dir='ltr'>τοσούτῳ</span> <span class='ocrx_word' id='word_1_491' title='bbox 749 3792 862 3852; x_wconf 91' lang='grc' dir='ltr'>τοῖς</span> <span class='ocrx_word' id='word_1_492' title='bbox 889 3790 986 3859; x_wconf 81' lang='grc' dir='ltr'><strong>τῆς</strong></span> <span class='ocrx_word' id='word_1_493' title='bbox 1020 3792 1200 3862; x_wconf 67' lang='grc' dir='ltr'>ψυχῆς</span> <span class='ocrx_word' id='word_1_494' title='bbox 1234 3794 1418 3856; x_wconf 84' lang='grc' dir='ltr'>καλοῖς</span> <span class='ocrx_word' id='word_1_495' title='bbox 1454 3794 1644 3846; x_wconf 73' lang='grc' dir='ltr'>ἔϐαλλε</span> <span class='ocrx_word' id='word_1_496' title='bbox 1677 3796 1771 3846; x_wconf 68' lang='grc' dir='ltr'><strong>καὶ</strong></span> 
     </span>
    </p>
   </div>
   <div class='ocr_carea' id='block_1_67' title="bbox 179 3884 1770 3956">
    <p class='ocr_par' dir='ltr' id='par_1_67' title="bbox 179 3884 1770 3956">
     <span class='ocr_line' id='line_1_67' title="bbox 179 3884 1770 3956; baseline 0 -21"><span class='ocrx_word' id='word_1_497' title='bbox 179 3884 359 3955; x_wconf 73' lang='grc' dir='ltr'>ἐκόμα</span> <span class='ocrx_word' id='word_1_498' title='bbox 396 3885 790 3952; x_wconf 76' lang='grc' dir='ltr'>ἐκλάμπουσαν</span> <span class='ocrx_word' id='word_1_499' title='bbox 822 3887 907 3938; x_wconf 74' lang='grc' dir='ltr'>ἀεὶ</span> <span class='ocrx_word' id='word_1_500' title='bbox 939 3886 1031 3937; x_wconf 76' lang='grc' dir='ltr'>τοῦ</span> <span class='ocrx_word' id='word_1_501' title='bbox 1067 3889 1192 3956; x_wconf 74' lang='grc' dir='ltr'>περὶ</span> <span class='ocrx_word' id='word_1_502' title='bbox 1237 3887 1399 3938; x_wconf 70' lang='grc' dir='ltr'>αὐτὸν</span> <span class='ocrx_word' id='word_1_503' title='bbox 1434 3887 1637 3938; x_wconf 76' lang='grc' dir='ltr'>κύκλου</span> <span class='ocrx_word' id='word_1_504' title='bbox 1664 3887 1770 3937; x_wconf 90' lang='grc' dir='ltr'><strong>τῶν</strong></span> 
     </span>
    </p>
   </div>
   <div class='ocr_carea' id='block_1_68' title="bbox 181 3975 1771 4050">
    <p class='ocr_par' dir='ltr' id='par_1_68' title="bbox 181 3975 1771 4050">
     <span class='ocr_line' id='line_1_68' title="bbox 181 3975 1771 4050; baseline 0.001 -20"><span class='ocrx_word' id='word_1_505' title='bbox 181 3975 419 4048; x_wconf 80' lang='grc' dir='ltr'>ἀρετῶν,</span> <span class='ocrx_word' id='word_1_506' title='bbox 477 3979 576 4046; x_wconf 75' lang='grc' dir='ltr'>τὴν</span> <span class='ocrx_word' id='word_1_507' title='bbox 607 3977 937 4030; x_wconf 81' lang='grc' dir='ltr'>ταπείνωσιν</span> <span class='ocrx_word' id='word_1_508' title='bbox 971 3977 1112 4047; x_wconf 77' lang='grc' dir='ltr'>έχων</span> <span class='ocrx_word' id='word_1_509' title='bbox 1145 3980 1239 4031; x_wconf 76' lang='grc' dir='ltr'><strong>καὶ</strong></span> <span class='ocrx_word' id='word_1_510' title='bbox 1286 3979 1387 4050; x_wconf 84' lang='grc' dir='ltr'>τὴν</span> <span class='ocrx_word' id='word_1_511' title='bbox 1419 3981 1666 4047; x_wconf 76' lang='grc' dir='ltr'>ἀγάπην,</span> <span class='ocrx_word' id='word_1_512' title='bbox 1705 3978 1771 4040; x_wconf 71' lang='grc' dir='ltr'>ἃς</span> 
     </span>
    </p>
   </div>
   <div class='ocr_carea' id='block_1_69' title="bbox 179 4067 1770 4139">
    <p class='ocr_par' dir='ltr' id='par_1_69' title="bbox 179 4067 1770 4139">
     <span class='ocr_line' id='line_1_69' title="bbox 179 4067 1770 4139; baseline 0.002 -21"><span class='ocrx_word' id='word_1_513' title='bbox 179 4067 246 4136; x_wconf 76' lang='grc' dir='ltr'>δὴ</span> <span class='ocrx_word' id='word_1_514' title='bbox 279 4070 372 4122; x_wconf 71' lang='grc' dir='ltr'><strong>καὶ</strong></span> <span class='ocrx_word' id='word_1_515' title='bbox 400 4070 643 4137; x_wconf 85' lang='grc' dir='ltr'>μητέρας</span> <span class='ocrx_word' id='word_1_516' title='bbox 673 4069 881 4136; x_wconf 75' lang='grc' dir='ltr'>ἀγαθοῦ</span> <span class='ocrx_word' id='word_1_517' title='bbox 919 4071 1122 4132; x_wconf 82' lang='grc' dir='ltr'>παντὸς</span> <span class='ocrx_word' id='word_1_518' title='bbox 1143 4070 1418 4139; x_wconf 65' lang='grc' dir='ltr'>ὁρίζονται</span> <span class='ocrx_word' id='word_1_519' title='bbox 1439 4067 1600 4124; x_wconf 84' lang='grc' dir='ltr'>εἶναι.</span> <span class='ocrx_word' id='word_1_520' title='bbox 1671 4069 1770 4122; x_wconf 76' lang='lat' dir='ltr'><strong>Ev-</strong></span> 
     </span>
    </p>
   </div>
   <div class='ocr_carea' id='block_1_70' title="bbox 179 4159 1769 4230">
    <p class='ocr_par' dir='ltr' id='par_1_70' title="bbox 179 4159 1769 4230">
     <span class='ocr_line' id='line_1_70' title="bbox 179 4159 1769 4230; baseline 0 -20"><span class='ocrx_word' id='word_1_521' title='bbox 179 4159 374 4212; x_wconf 77' lang='grc' dir='ltr'>τεῦθεν</span> <span class='ocrx_word' id='word_1_522' title='bbox 403 4161 671 4230; x_wconf 88' lang='grc' dir='ltr'>ὁμότιμον</span> <span class='ocrx_word' id='word_1_523' title='bbox 701 4161 800 4228; x_wconf 85' lang='grc' dir='ltr'><strong>μὲν</strong></span> <span class='ocrx_word' id='word_1_524' title='bbox 830 4160 929 4228; x_wconf 80' lang='grc' dir='ltr'>τὴν</span> <span class='ocrx_word' id='word_1_525' title='bbox 963 4161 1185 4229; x_wconf 72' lang='grc' dir='ltr'>ἀγάπην</span> <span class='ocrx_word' id='word_1_526' title='bbox 1219 4164 1373 4228; x_wconf 79' lang='grc' dir='ltr'>κοινῇ</span> <span class='ocrx_word' id='word_1_527' title='bbox 1407 4162 1541 4230; x_wconf 75' lang='grc' dir='ltr'>πρὸς</span> <span class='ocrx_word' id='word_1_528' title='bbox 1591 4161 1769 4213; x_wconf 77' lang='grc' dir='ltr'>ᾶπαν-</span> 
     </span>
    </p>
   </div>
   <div class='ocr_carea' id='block_1_71' title="bbox 180 4250 1771 4323">
    <p class='ocr_par' dir='ltr' id='par_1_71' title="bbox 180 4250 1771 4323">
     <span class='ocr_line' id='line_1_71' title="bbox 180 4250 1771 4323; baseline 0.004 -20"><span class='ocrx_word' id='word_1_529' title='bbox 180 4267 281 4314; x_wconf 81' lang='grc' dir='ltr'><strong>τας</strong></span> <span class='ocrx_word' id='word_1_530' title='bbox 318 4251 690 4314; x_wconf 80' lang='grc' dir='ltr'>ἐπεδείκνυτο,</span> <span class='ocrx_word' id='word_1_531' title='bbox 747 4251 845 4319; x_wconf 74' lang='grc' dir='ltr'>τὴν</span> <span class='ocrx_word' id='word_1_532' title='bbox 891 4251 948 4304; x_wconf 72' lang='grc' dir='ltr'>δὲ</span> <span class='ocrx_word' id='word_1_533' title='bbox 985 4250 1078 4303; x_wconf 80' lang='grc' dir='ltr'>τοῦ</span> <span class='ocrx_word' id='word_1_534' title='bbox 1110 4251 1337 4319; x_wconf 82' lang='grc' dir='ltr'>πλησίον</span> <span class='ocrx_word' id='word_1_535' title='bbox 1369 4251 1456 4305; x_wconf 72' lang='grc' dir='ltr'>ἀεὶ</span> <span class='ocrx_word' id='word_1_536' title='bbox 1493 4253 1771 4323; x_wconf 87' lang='grc' dir='ltr'>σωτηρίαν</span> 
     </span>
    </p>
   </div>
   <div class='ocr_carea' id='block_1_72' title="bbox 176 4344 1771 4414">
    <p class='ocr_par' dir='ltr' id='par_1_72' title="bbox 176 4344 1771 4414">
     <span class='ocr_line' id='line_1_72' title="bbox 176 4344 1771 4414; baseline 0.001 -20"><span class='ocrx_word' id='word_1_537' title='bbox 176 4345 282 4412; x_wconf 76' lang='grc' dir='ltr'>τῆς</span> <span class='ocrx_word' id='word_1_538' title='bbox 330 4344 524 4396; x_wconf 76' lang='grc' dir='ltr'>ἑαυτοῦ</span> <span class='ocrx_word' id='word_1_539' title='bbox 582 4345 883 4414; x_wconf 82' lang='grc' dir='ltr'>προετίθει.</span> <span class='ocrx_word' id='word_1_540' title='bbox 935 4345 1015 4395; x_wconf 82' lang='grc' dir='ltr'><strong>Τὰ</strong></span> <span class='ocrx_word' id='word_1_541' title='bbox 1055 4344 1112 4396; x_wconf 83' lang='grc' dir='ltr'>δὲ</span> <span class='ocrx_word' id='word_1_542' title='bbox 1163 4345 1270 4396; x_wconf 84' lang='grc' dir='ltr'><strong>τῶν</strong></span> <span class='ocrx_word' id='word_1_543' title='bbox 1330 4345 1494 4397; x_wconf 77' lang='grc' dir='ltr'>αὑτοῦ</span> <span class='ocrx_word' id='word_1_544' title='bbox 1549 4345 1771 4412; x_wconf 80' lang='grc' dir='ltr'>χειλέων</span> 
     </span>
    </p>
   </div>
   <div class='ocr_carea' id='block_1_73' title="bbox 178 4420 1770 4513">
    <p class='ocr_par' dir='ltr' id='par_1_73' title="bbox 178 4420 1770 4513">
     <span class='ocr_line' id='line_1_73' title="bbox 178 4420 1770 4513; baseline -0.001 -23"><span class='ocrx_word' id='word_1_545' title='bbox 178 4438 621 4513; x_wconf 75' lang='grc' dir='ltr'>ἐκπορευόμενα,</span> <span class='ocrx_word' id='word_1_546' title='bbox 682 4420 843 4498; x_wconf 79' lang='grc' dir='ltr'>ποίας</span> <span class='ocrx_word' id='word_1_547' title='bbox 878 4437 972 4503; x_wconf 73' lang='grc' dir='ltr'><strong>οὐχ</strong></span> <span class='ocrx_word' id='word_1_548' title='bbox 1015 4437 1178 4487; x_wconf 75' lang='grc' dir='ltr'>ἰκανά</span> <span class='ocrx_word' id='word_1_549' title='bbox 1231 4437 1410 4505; x_wconf 69' lang='grc' dir='ltr'>ψυχὰς</span> <span class='ocrx_word' id='word_1_550' title='bbox 1439 4436 1770 4501; x_wconf 81' lang='grc' dir='ltr'>καταθέλξαι</span> 
     </span>
    </p>
   </div>
   <div class='ocr_carea' id='block_1_74' title="bbox 179 4527 1766 4598">
    <p class='ocr_par' dir='ltr' id='par_1_74' title="bbox 179 4527 1766 4598">
     <span class='ocr_line' id='line_1_74' title="bbox 179 4527 1766 4598; baseline -0.003 -14"><span class='ocrx_word' id='word_1_551' title='bbox 179 4532 279 4584; x_wconf 70' lang='grc' dir='ltr'><strong>καὶ</strong></span> <span class='ocrx_word' id='word_1_552' title='bbox 332 4527 641 4598; x_wconf 74' lang='grc' dir='ltr'>ὑφελκύσαι</span> <span class='ocrx_word' id='word_1_553' title='bbox 716 4529 811 4582; x_wconf 66' lang='grc' dir='ltr'><strong>καὶ</strong></span> <span class='ocrx_word' id='word_1_554' title='bbox 866 4530 1003 4598; x_wconf 83' lang='grc' dir='ltr'>πρὸς</span> <span class='ocrx_word' id='word_1_555' title='bbox 1064 4529 1268 4598; x_wconf 79' lang='grc' dir='ltr'>ἀρετὴν</span> <span class='ocrx_word' id='word_1_556' title='bbox 1319 4527 1766 4593; x_wconf 76' lang='grc' dir='ltr'>ἐπισπάσασθαις</span> 
     </span>
    </p>
   </div>
   <div class='ocr_carea' id='block_1_75' title="bbox 190 4620 1766 4690">
    <p class='ocr_par' dir='ltr' id='par_1_75' title="bbox 190 4620 1766 4690">
     <span class='ocr_line' id='line_1_75' title="bbox 190 4620 1766 4690; baseline -0.002 -16"><span class='ocrx_word' id='word_1_557' title='bbox 190 4623 498 4690; x_wconf 81' lang='grc' dir='ltr'>Ἐπήνειμα</span> <span class='ocrx_word' id='word_1_558' title='bbox 553 4622 661 4690; x_wconf 77' lang='grc' dir='ltr'>γὰρ</span> <span class='ocrx_word' id='word_1_559' title='bbox 703 4623 798 4674; x_wconf 76' lang='grc' dir='ltr'>καὶ</span> <span class='ocrx_word' id='word_1_560' title='bbox 844 4621 966 4673; x_wconf 89' lang='grc' dir='ltr'>λίαν</span> <span class='ocrx_word' id='word_1_561' title='bbox 1018 4620 1408 4682; x_wconf 73' lang='grc' dir='ltr'>παιδευτικῶς,</span> <span class='ocrx_word' id='word_1_562' title='bbox 1445 4622 1681 4690; x_wconf 83' lang='grc' dir='ltr'>ἐπετίμα</span> <span class='ocrx_word' id='word_1_563' title='bbox 1711 4621 1766 4671; x_wconf 75' lang='grc' dir='ltr'>δὲ</span> 
     </span>
    </p>
   </div>
   <div class='ocr_carea' id='block_1_76' title="bbox 177 4711 1768 4782">
    <p class='ocr_par' dir='ltr' id='par_1_76' title="bbox 177 4711 1768 4782">
     <span class='ocr_line' id='line_1_76' title="bbox 177 4711 1768 4782; baseline -0.003 -17"><span class='ocrx_word' id='word_1_564' title='bbox 177 4712 466 4781; x_wconf 82' lang='grc' dir='ltr'>πατρικῶς</span> <span class='ocrx_word' id='word_1_565' title='bbox 497 4728 552 4764; x_wconf 90' lang='grc' dir='ltr'><strong>τε</strong></span> <span class='ocrx_word' id='word_1_566' title='bbox 577 4714 672 4765; x_wconf 70' lang='grc' dir='ltr'><strong>καὶ</strong></span> <span class='ocrx_word' id='word_1_567' title='bbox 706 4712 1114 4780; x_wconf 78' lang='grc' dir='ltr'>φιλοστόργως’</span> <span class='ocrx_word' id='word_1_568' title='bbox 1147 4711 1180 4778; x_wconf 77' lang='grc' dir='ltr'>ἦ</span> <span class='ocrx_word' id='word_1_569' title='bbox 1231 4727 1289 4761; x_wconf 86' lang='grc' dir='ltr'><strong>τε</strong></span> <span class='ocrx_word' id='word_1_570' title='bbox 1323 4711 1569 4781; x_wconf 87' lang='grc' dir='ltr'>πραότης</span> <span class='ocrx_word' id='word_1_571' title='bbox 1617 4711 1768 4782; x_wconf 79' lang='grc' dir='ltr'>αὑτῷ</span> 
     </span>
    </p>
   </div>
   <div class='ocr_carea' id='block_1_77' title="bbox 177 4800 1766 4873">
    <p class='ocr_par' dir='ltr' id='par_1_77' title="bbox 177 4800 1766 4873">
     <span class='ocr_line' id='line_1_77' title="bbox 177 4800 1766 4873; baseline -0.003 -16"><span class='ocrx_word' id='word_1_572' title='bbox 177 4803 459 4873; x_wconf 85' lang='grc' dir='ltr'>πανταχοῦ</span> <span class='ocrx_word' id='word_1_573' title='bbox 493 4807 588 4856; x_wconf 56' lang='grc' dir='ltr'>καὶ.</span> <span class='ocrx_word' id='word_1_574' title='bbox 619 4806 649 4872; x_wconf 75' lang='grc' dir='ltr'>ἡ</span> <span class='ocrx_word' id='word_1_575' title='bbox 675 4806 837 4872; x_wconf 80' lang='grc' dir='ltr'>χάρις</span> <span class='ocrx_word' id='word_1_576' title='bbox 865 4801 1113 4870; x_wconf 73' lang='grc' dir='ltr'>ἐπήνθει,</span> <span class='ocrx_word' id='word_1_577' title='bbox 1150 4803 1249 4868; x_wconf 78' lang='grc' dir='ltr'><strong>τὴν</strong></span> <span class='ocrx_word' id='word_1_578' title='bbox 1285 4800 1432 4854; x_wconf 77' lang='grc' dir='ltr'>ἔνδον</span> <span class='ocrx_word' id='word_1_579' title='bbox 1468 4803 1565 4870; x_wconf 79' lang='grc' dir='ltr'>τῆς</span> <span class='ocrx_word' id='word_1_580' title='bbox 1589 4801 1766 4872; x_wconf 79' lang='grc' dir='ltr'>ψυχῆς</span> 
     </span>
    </p>
   </div>
   <div class='ocr_carea' id='block_1_78' title="bbox 177 4891 1767 4962">
    <p class='ocr_par' dir='ltr' id='par_1_78' title="bbox 177 4891 1767 4962">
     <span class='ocr_line' id='line_1_78' title="bbox 177 4891 1767 4962; baseline -0.003 -15"><span class='ocrx_word' id='word_1_581' title='bbox 177 4897 518 4950; x_wconf 80' lang='grc' dir='ltr'>κατάστασιν</span> <span class='ocrx_word' id='word_1_582' title='bbox 547 4893 795 4962; x_wconf 75' lang='grc' dir='ltr'>ἀκριϐῶς</span> <span class='ocrx_word' id='word_1_583' title='bbox 847 4892 1252 4959; x_wconf 66' lang='grc' dir='ltr'>διαφαίνουσαι.</span> <span class='ocrx_word' id='word_1_584' title='bbox 1287 4891 1602 4960; x_wconf 78' lang='grc' dir='ltr'>Θαυμάσειε</span> <span class='ocrx_word' id='word_1_585' title='bbox 1631 4893 1677 4943; x_wconf 85' lang='grc' dir='ltr'>δ’</span> <span class='ocrx_word' id='word_1_586' title='bbox 1700 4891 1767 4945; x_wconf 76' lang='grc' dir='ltr'>ἄν</span> 
     </span>
    </p>
   </div>
   <div class='ocr_carea' id='block_1_79' title="bbox 174 4984 1767 5054">
    <p class='ocr_par' dir='ltr' id='par_1_79' title="bbox 174 4984 1767 5054">
     <span class='ocr_line' id='line_1_79' title="bbox 174 4984 1767 5054; baseline -0.001 -15"><span class='ocrx_word' id='word_1_587' title='bbox 174 5006 261 5049; x_wconf 85' lang='grc' dir='ltr'><strong>τις</strong></span> <span class='ocrx_word' id='word_1_588' title='bbox 330 4987 554 5050; x_wconf 71' lang='grc' dir='ltr'>εἰκότως</span> <span class='ocrx_word' id='word_1_589' title='bbox 600 4987 695 5039; x_wconf 72' lang='grc' dir='ltr'><strong>καὶ</strong></span> <span class='ocrx_word' id='word_1_590' title='bbox 730 4987 788 5038; x_wconf 73' lang='grc' dir='ltr'>τδ</span> <span class='ocrx_word' id='word_1_591' title='bbox 847 4988 985 5053; x_wconf 62' lang='grc' dir='ltr'>πρὸς</span> <span class='ocrx_word' id='word_1_592' title='bbox 1031 4988 1159 5046; x_wconf 59' lang='grc' dir='ltr'>τοὺς</span> <span class='ocrx_word' id='word_1_593' title='bbox 1190 4985 1407 5050; x_wconf 78' lang='grc' dir='ltr'>ἀγῶνας</span> <span class='ocrx_word' id='word_1_594' title='bbox 1449 4984 1544 5037; x_wconf 71' lang='grc' dir='ltr'>τοῦ</span> <span class='ocrx_word' id='word_1_595' title='bbox 1576 4985 1767 5054; x_wconf 72' lang='grc' dir='ltr'>ἀνδρὸς</span> 
     </span>
    </p>
   </div>
   <div class='ocr_carea' id='block_1_80' title="bbox 178 5077 1765 5147">
    <p class='ocr_par' dir='ltr' id='par_1_80' title="bbox 178 5077 1765 5147">
     <span class='ocr_line' id='line_1_80' title="bbox 178 5077 1765 5147; baseline 0.001 -20"><span class='ocrx_word' id='word_1_596' title='bbox 178 5080 515 5147; x_wconf 81' lang='grc' dir='ltr'>καρτερικόν</span> <span class='ocrx_word' id='word_1_597' title='bbox 546 5095 604 5129; x_wconf 87' lang='grc' dir='ltr'><strong>τε</strong></span> <span class='ocrx_word' id='word_1_598' title='bbox 637 5080 733 5133; x_wconf 72' lang='grc' dir='ltr'><strong>καὶ</strong></span> <span class='ocrx_word' id='word_1_599' title='bbox 761 5077 1011 5128; x_wconf 86' lang='grc' dir='ltr'>σύντονον</span> <span class='ocrx_word' id='word_1_600' title='bbox 1038 5093 1050 5106; x_wconf 74' lang='grc' dir='ltr'><strong>ο</strong></span> <span class='ocrx_word' id='word_1_601' title='bbox 1084 5079 1459 5144; x_wconf 64' lang='grc' dir='ltr'>πεντηκοστὸν</span> <span class='ocrx_word' id='word_1_602' title='bbox 1509 5077 1616 5146; x_wconf 71' lang='grc' dir='ltr'><strong>γὰρ</strong></span> <span class='ocrx_word' id='word_1_603' title='bbox 1646 5077 1765 5138; x_wconf 81' lang='grc' dir='ltr'>ἔτος</span> 
     </span>
    </p>
   </div>
   <div class='ocr_carea' id='block_1_81' title="bbox 177 5169 1767 5239">
    <p class='ocr_par' dir='ltr' id='par_1_81' title="bbox 177 5169 1767 5239">
     <span class='ocr_line' id='line_1_81' title="bbox 177 5169 1767 5239; baseline 0 -18"><span class='ocrx_word' id='word_1_604' title='bbox 177 5173 238 5221; x_wconf 74' lang='grc' dir='ltr'><strong>ἐν</strong></span> <span class='ocrx_word' id='word_1_605' title='bbox 275 5171 506 5239; x_wconf 76' lang='grc' dir='ltr'>ἀσκήσει</span> <span class='ocrx_word' id='word_1_606' title='bbox 532 5170 872 5232; x_wconf 86' lang='grc' dir='ltr'>διατελέσας,</span> <span class='ocrx_word' id='word_1_607' title='bbox 924 5169 1182 5221; x_wconf 73' lang='grc' dir='ltr'>οὐδέποτε</span> <span class='ocrx_word' id='word_1_608' title='bbox 1234 5169 1482 5238; x_wconf 67' lang='grc' dir='ltr'>μαλακὸν</span> <span class='ocrx_word' id='word_1_609' title='bbox 1517 5171 1594 5230; x_wconf 78' lang='grc' dir='ltr'><strong>εἷς</strong></span> <span class='ocrx_word' id='word_1_610' title='bbox 1644 5169 1767 5238; x_wconf 75' lang='grc' dir='ltr'>τοὺς</span> 
     </span>
    </p>
   </div>
   <div class='ocr_carea' id='block_1_82' title="bbox 178 5258 1768 5333">
    <p class='ocr_par' dir='ltr' id='par_1_82' title="bbox 178 5258 1768 5333">
     <span class='ocr_line' id='line_1_82' title="bbox 178 5258 1768 5333; baseline -0.001 -21"><span class='ocrx_word' id='word_1_611' title='bbox 178 5262 382 5323; x_wconf 85' lang='grc' dir='ltr'>πόνους</span> <span class='ocrx_word' id='word_1_612' title='bbox 414 5262 532 5314; x_wconf 81' lang='grc' dir='ltr'>οὐδὲ</span> <span class='ocrx_word' id='word_1_613' title='bbox 568 5262 811 5333; x_wconf 70' lang='grc' dir='ltr'>ῥᾴθυμον</span> <span class='ocrx_word' id='word_1_614' title='bbox 839 5261 1061 5328; x_wconf 73' lang='grc' dir='ltr'>έὸλεψεν</span> <span class='ocrx_word' id='word_1_615' title='bbox 1097 5260 1217 5312; x_wconf 73' lang='grc' dir='ltr'>οὐδὲ</span> <span class='ocrx_word' id='word_1_616' title='bbox 1252 5259 1537 5329; x_wconf 72' lang='grc' dir='ltr'>καθυιρῆκὲ</span> <span class='ocrx_word' id='word_1_617' title='bbox 1577 5277 1628 5313; x_wconf 92' lang='grc' dir='ltr'><strong>τι</strong></span> <span class='ocrx_word' id='word_1_618' title='bbox 1673 5258 1768 5311; x_wconf 70' lang='grc' dir='ltr'>τοῦ</span> 
     </span>
    </p>
   </div>
   <div class='ocr_carea' id='block_1_83' title="bbox 178 5351 1767 5424">
    <p class='ocr_par' dir='ltr' id='par_1_83' title="bbox 178 5351 1767 5424">
     <span class='ocr_line' id='line_1_83' title="bbox 178 5351 1767 5424; baseline -0.003 -18"><span class='ocrx_word' id='word_1_619' title='bbox 178 5354 627 5422; x_wconf 77' lang='grc' dir='ltr'>παραδεδομένου</span> <span class='ocrx_word' id='word_1_620' title='bbox 694 5355 792 5420; x_wconf 79' lang='grc' dir='ltr'>τὴν</span> <span class='ocrx_word' id='word_1_621' title='bbox 845 5353 1020 5424; x_wconf 84' lang='grc' dir='ltr'>ἀρχὴν</span> <span class='ocrx_word' id='word_1_622' title='bbox 1067 5353 1218 5421; x_wconf 73' lang='grc' dir='ltr'><strong>αὖτῴ</strong></span> <span class='ocrx_word' id='word_1_623' title='bbox 1286 5353 1384 5422; x_wconf 77' lang='grc' dir='ltr'>τῆς</span> <span class='ocrx_word' id='word_1_624' title='bbox 1443 5351 1767 5421; x_wconf 83' lang='grc' dir='ltr'>ἐγκρατείας</span> 
     </span>
    </p>
   </div>
   <div class='ocr_carea' id='block_1_84' title="bbox 179 5441 1766 5513">
    <p class='ocr_par' dir='ltr' id='par_1_84' title="bbox 179 5441 1766 5513">
     <span class='ocr_line' id='line_1_84' title="bbox 179 5441 1766 5513; baseline 0.001 -20"><span class='ocrx_word' id='word_1_625' title='bbox 179 5444 439 5505; x_wconf 68' lang='grc' dir='ltr'>κανόνος’</span> <span class='ocrx_word' id='word_1_626' title='bbox 495 5443 610 5496; x_wconf 78' lang='grc' dir='ltr'>ἀλλ’</span> <span class='ocrx_word' id='word_1_627' title='bbox 678 5443 871 5513; x_wconf 85' lang='grc' dir='ltr'>ῶσπερ</span> <span class='ocrx_word' id='word_1_628' title='bbox 929 5444 1054 5511; x_wconf 85' lang='grc' dir='ltr'>ἀρτι</span> <span class='ocrx_word' id='word_1_629' title='bbox 1109 5442 1496 5512; x_wconf 76' lang='grc' dir='ltr'>πνευματικῶν</span> <span class='ocrx_word' id='word_1_630' title='bbox 1530 5441 1766 5509; x_wconf 66' lang='grc' dir='ltr'>ἱδρώτωι</span> 
     </span>
    </p>
   </div>
   <div class='ocr_carea' id='block_1_85' title="bbox 180 5531 1766 5604">
    <p class='ocr_par' dir='ltr' id='par_1_85' title="bbox 180 5531 1766 5604">
     <span class='ocr_line' id='line_1_85' title="bbox 180 5531 1766 5604; baseline -0.001 -16"><span class='ocrx_word' id='word_1_631' title='bbox 180 5535 510 5602; x_wconf 78' lang='grc' dir='ltr'>ἁπτόμενος,</span> <span class='ocrx_word' id='word_1_632' title='bbox 537 5535 706 5594; x_wconf 68' lang='grc' dir='ltr'>οὕτως</span> <span class='ocrx_word' id='word_1_633' title='bbox 730 5531 796 5604; x_wconf 80' lang='grc' dir='ltr'>ἦν</span> <span class='ocrx_word' id='word_1_634' title='bbox 827 5537 946 5586; x_wconf 72' lang='grc' dir='ltr'>καθ’</span> <span class='ocrx_word' id='word_1_635' title='bbox 979 5536 1218 5602; x_wconf 74' lang='grc' dir='ltr'>ἑκάστην</span> <span class='ocrx_word' id='word_1_636' title='bbox 1242 5538 1376 5602; x_wconf 84' lang='grc' dir='ltr'>πρὸς</span> <span class='ocrx_word' id='word_1_637' title='bbox 1404 5533 1616 5598; x_wconf 67' lang='grc' dir='ltr'>ἀγῶνας</span> <span class='ocrx_word' id='word_1_638' title='bbox 1649 5536 1766 5586; x_wconf 83' lang='grc' dir='ltr'>ἐπι-</span> 
     </span>
    </p>
   </div>
   <div class='ocr_carea' id='block_1_86' title="bbox 179 5627 1763 5696">
    <p class='ocr_par' dir='ltr' id='par_1_86' title="bbox 179 5627 1763 5696">
     <span class='ocr_line' id='line_1_86' title="bbox 179 5627 1763 5696; baseline 0 -19"><span class='ocrx_word' id='word_1_639' title='bbox 179 5629 358 5692; x_wconf 70' lang='grc' dir='ltr'>διδοὺς</span> <span class='ocrx_word' id='word_1_640' title='bbox 392 5629 484 5678; x_wconf 68' lang='grc' dir='ltr'>καὶ</span> <span class='ocrx_word' id='word_1_641' title='bbox 516 5629 676 5691; x_wconf 71' lang='grc' dir='ltr'>αὐτὸς</span> <span class='ocrx_word' id='word_1_642' title='bbox 727 5627 922 5682; x_wconf 77' lang='grc' dir='ltr'>ἑαυτὸν</span> <span class='ocrx_word' id='word_1_643' title='bbox 959 5628 1314 5696; x_wconf 65' lang='grc' dir='ltr'>ὑπερϐάλλων</span> <span class='ocrx_word' id='word_1_644' title='bbox 1348 5630 1411 5695; x_wconf 79' lang='grc' dir='ltr'>τῇ</span> <span class='ocrx_word' id='word_1_645' title='bbox 1467 5627 1763 5696; x_wconf 69' lang='grc' dir='ltr'>καρτερίᾳ·</span> 
     </span>
    </p>
   </div>
   <div class='ocr_carea' id='block_1_87' title="bbox 178 5717 1766 5790">
    <p class='ocr_par' dir='ltr' id='par_1_87' title="bbox 178 5717 1766 5790">
     <span class='ocr_line' id='line_1_87' title="bbox 178 5717 1766 5790; baseline -0.001 -19"><span class='ocrx_word' id='word_1_646' title='bbox 178 5721 283 5774; x_wconf 83' lang='grc' dir='ltr'>οὐκ</span> <span class='ocrx_word' id='word_1_647' title='bbox 343 5717 410 5789; x_wconf 76' lang='grc' dir='ltr'>ἦν</span> <span class='ocrx_word' id='word_1_648' title='bbox 465 5720 517 5773; x_wconf 75' lang='grc' dir='ltr'>δὲ</span> <span class='ocrx_word' id='word_1_649' title='bbox 557 5723 690 5790; x_wconf 73' lang='grc' dir='ltr'>πρὸς</span> <span class='ocrx_word' id='word_1_650' title='bbox 750 5721 907 5780; x_wconf 73' lang='grc' dir='ltr'>Θεοῦ,</span> <span class='ocrx_word' id='word_1_651' title='bbox 947 5721 1161 5781; x_wconf 74' lang='grc' dir='ltr'>πάντως</span> <span class='ocrx_word' id='word_1_652' title='bbox 1213 5717 1456 5771; x_wconf 74' lang='grc' dir='ltr'>τοιοῦτον</span> <span class='ocrx_word' id='word_1_653' title='bbox 1507 5720 1634 5771; x_wconf 78' lang='grc' dir='ltr'>ὅντα</span> <span class='ocrx_word' id='word_1_654' title='bbox 1674 5723 1766 5774; x_wconf 87' lang='grc' dir='ltr'><strong>καί</strong></span> 
     </span>
    </p>
   </div>
   <div class='ocr_carea' id='block_1_88' title="bbox 181 5808 1762 5890">
    <p class='ocr_par' dir='ltr' id='par_1_88' title="bbox 181 5808 1762 5890">
     <span class='ocr_line' id='line_1_88' title="bbox 181 5808 1762 5890; baseline -0.001 -28"><span class='ocrx_word' id='word_1_655' title='bbox 181 5810 356 5876; x_wconf 76' lang='grc' dir='ltr'>οὕτως</span> <span class='ocrx_word' id='word_1_656' title='bbox 419 5808 504 5865; x_wconf 70' lang='grc' dir='ltr'>οἵα</span> <span class='ocrx_word' id='word_1_657' title='bbox 574 5815 723 5866; x_wconf 65' lang='grc' dir='ltr'>πόλιν</span> <span class='ocrx_word' id='word_1_658' title='bbox 759 5813 1038 5882; x_wconf 56' lang='grc' dir='ltr'>περιρανῆ</span> <span class='ocrx_word' id='word_1_659' title='bbox 1095 5815 1182 5864; x_wconf 73' lang='grc' dir='ltr'><strong>καὶ</strong></span> <span class='ocrx_word' id='word_1_660' title='bbox 1216 5813 1479 5890; x_wconf 70' lang='grc' dir='ltr'>λαμπρὰν</span> <span class='ocrx_word' id='word_1_661' title='bbox 1514 5813 1762 5881; x_wconf 74' lang='grc' dir='ltr'>καθάπερ</span> 
     </span>
    </p>
   </div>
   <div class='ocr_carea' id='block_1_89' title="bbox 1951 3161 3463 3233">
    <p class='ocr_par' dir='ltr' id='par_1_89' title="bbox 1951 3161 3463 3233">
     <span class='ocr_line' id='line_1_89' title="bbox 1951 3161 3463 3233; baseline -0.002 -16"><span class='ocrx_word' id='word_1_662' title='bbox 1951 3165 2036 3217; x_wconf 81' lang='lat' dir='ltr'><strong>\‘l.</strong></span> <span class='ocrx_word' id='word_1_663' title='bbox 2073 3165 2204 3221; x_wconf 87' lang='lat' dir='ltr'><strong>Cum</strong></span> <span class='ocrx_word' id='word_1_664' title='bbox 2235 3179 2362 3233; x_wconf 85' lang='lat' dir='ltr'><strong>ergo</strong></span> <span class='ocrx_word' id='word_1_665' title='bbox 2402 3175 2658 3233; x_wconf 84' lang='lat' dir='ltr'><strong>tanquam</strong></span> <span class='ocrx_word' id='word_1_666' title='bbox 2695 3164 3091 3230; x_wconf 83' lang='lat' dir='ltr'><strong>possessionem</strong></span> <span class='ocrx_word' id='word_1_667' title='bbox 3127 3161 3463 3231; x_wconf 82' lang='lat' dir='ltr'><strong>pretiosissi-</strong></span> 
     </span>
    </p>
   </div>
   <div class='ocr_carea' id='block_1_90' title="bbox 1877 3254 3462 3324">
    <p class='ocr_par' dir='ltr' id='par_1_90' title="bbox 1877 3254 3462 3324">
     <span class='ocr_line' id='line_1_90' title="bbox 1877 3254 3462 3324; baseline -0.003 -15"><span class='ocrx_word' id='word_1_668' title='bbox 1877 3271 2014 3309; x_wconf 86' lang='lat' dir='ltr'><strong>mam</strong></span> <span class='ocrx_word' id='word_1_669' title='bbox 2067 3257 2428 3310; x_wconf 84' lang='lat' dir='ltr'><strong>desiderasset</strong></span> <span class='ocrx_word' id='word_1_670' title='bbox 2461 3259 2540 3310; x_wconf 18' lang='lat' dir='ltr'><strong>nil,</strong></span> <span class='ocrx_word' id='word_1_671' title='bbox 2569 3256 2868 3324; x_wconf 84' lang='lat' dir='ltr'><strong>possidere,</strong></span> <span class='ocrx_word' id='word_1_672' title='bbox 2900 3256 3030 3306; x_wconf 88' lang='lat' dir='ltr'><strong>nihil</strong></span> <span class='ocrx_word' id='word_1_673' title='bbox 3064 3254 3210 3308; x_wconf 84' lang='lat' dir='ltr'><strong>aliud</strong></span> <span class='ocrx_word' id='word_1_674' title='bbox 3267 3254 3462 3307; x_wconf 84' lang='lat' dir='ltr'><strong>habere</strong></span> 
     </span>
    </p>
   </div>
   <div class='ocr_carea' id='block_1_91' title="bbox 1876 3347 3465 3419">
    <p class='ocr_par' dir='ltr' id='par_1_91' title="bbox 1876 3347 3465 3419">
     <span class='ocr_line' id='line_1_91' title="bbox 1876 3347 3465 3419; baseline -0.003 -15"><span class='ocrx_word' id='word_1_675' title='bbox 1876 3349 2157 3409; x_wconf 85' lang='lat' dir='ltr'><strong>sustinuit,</strong></span> <span class='ocrx_word' id='word_1_676' title='bbox 2195 3361 2388 3419; x_wconf 71' lang='lat' dir='ltr'><strong>praeter</strong></span> <span class='ocrx_word' id='word_1_677' title='bbox 2416 3363 2477 3402; x_wconf 89' lang='lat' dir='ltr'><strong>ea</strong></span> <span class='ocrx_word' id='word_1_678' title='bbox 2504 3347 2640 3412; x_wconf 84' lang='lat' dir='ltr'><strong>sola,</strong></span> <span class='ocrx_word' id='word_1_679' title='bbox 2665 3360 2785 3413; x_wconf 73' lang='lat' dir='ltr'><strong>qua:</strong></span> <span class='ocrx_word' id='word_1_680' title='bbox 2809 3356 2941 3402; x_wconf 86' lang='lat' dir='ltr'><strong>sunt</strong></span> <span class='ocrx_word' id='word_1_681' title='bbox 2970 3347 3186 3414; x_wconf 86' lang='lat' dir='ltr'><strong>corpori</strong></span> <span class='ocrx_word' id='word_1_682' title='bbox 3211 3359 3465 3404; x_wconf 82' lang='lat' dir='ltr'><strong>necessa-</strong></span> 
     </span>
    </p>
   </div>
   <div class='ocr_carea' id='block_1_92' title="bbox 1876 3438 3462 3509">
    <p class='ocr_par' dir='ltr' id='par_1_92' title="bbox 1876 3438 3462 3509">
     <span class='ocr_line' id='line_1_92' title="bbox 1876 3438 3462 3509; baseline 0.001 -15"><span class='ocrx_word' id='word_1_683' title='bbox 1876 3443 1976 3498; x_wconf 85' lang='lat' dir='ltr'><strong>ria.</strong></span> <span class='ocrx_word' id='word_1_684' title='bbox 1998 3440 2070 3494; x_wconf 84' lang='lat' dir='ltr'><strong>Ea</strong></span> <span class='ocrx_word' id='word_1_685' title='bbox 2097 3451 2275 3496; x_wconf 87' lang='lat' dir='ltr'><strong>autem</strong></span> <span class='ocrx_word' id='word_1_686' title='bbox 2309 3451 2484 3505; x_wconf 75' lang='lat' dir='ltr'><strong>erant,</strong></span> <span class='ocrx_word' id='word_1_687' title='bbox 2507 3440 2723 3508; x_wconf 84' lang='lat' dir='ltr'><strong>pallium</strong></span> <span class='ocrx_word' id='word_1_688' title='bbox 2743 3447 2798 3492; x_wconf 81' lang='lat' dir='ltr'><strong>et</strong></span> <span class='ocrx_word' id='word_1_689' title='bbox 2825 3440 3092 3504; x_wconf 86' lang='lat' dir='ltr'><strong>cilicium,</strong></span> <span class='ocrx_word' id='word_1_690' title='bbox 3116 3438 3312 3509; x_wconf 87' lang='lat' dir='ltr'><strong>quibus</strong></span> <span class='ocrx_word' id='word_1_691' title='bbox 3341 3447 3462 3496; x_wconf 73' lang='lat' dir='ltr'><strong>erat</strong></span> 
     </span>
    </p>
   </div>
   <div class='ocr_carea' id='block_1_93' title="bbox 1877 3530 3459 3604">
    <p class='ocr_par' dir='ltr' id='par_1_93' title="bbox 1877 3530 3459 3604">
     <span class='ocr_line' id='line_1_93' title="bbox 1877 3530 3459 3604; baseline 0 -20"><span class='ocrx_word' id='word_1_692' title='bbox 1877 3533 2120 3595; x_wconf 88' lang='lat' dir='ltr'><strong>indutus,</strong></span> <span class='ocrx_word' id='word_1_693' title='bbox 2150 3542 2202 3585; x_wconf 92' lang='lat' dir='ltr'><strong>et</strong></span> <span class='ocrx_word' id='word_1_694' title='bbox 2233 3542 2413 3604; x_wconf 85' lang='lat' dir='ltr'><strong>storea</strong></span> <span class='ocrx_word' id='word_1_695' title='bbox 2440 3532 2508 3588; x_wconf 84' lang='lat' dir='ltr'><strong>ad</strong></span> <span class='ocrx_word' id='word_1_696' title='bbox 2548 3533 2766 3585; x_wconf 88' lang='lat' dir='ltr'><strong>brevem</strong></span> <span class='ocrx_word' id='word_1_697' title='bbox 2827 3531 3072 3600; x_wconf 85' lang='lat' dir='ltr'><strong>corporis</strong></span> <span class='ocrx_word' id='word_1_698' title='bbox 3124 3530 3459 3594; x_wconf 80' lang='lat' dir='ltr'><strong>accubitum,</strong></span> 
     </span>
    </p>
   </div>
   <div class='ocr_carea' id='block_1_94' title="bbox 1876 3619 3463 3692">
    <p class='ocr_par' dir='ltr' id='par_1_94' title="bbox 1876 3619 3463 3692">
     <span class='ocr_line' id='line_1_94' title="bbox 1876 3619 3463 3692; baseline -0.001 -16"><span class='ocrx_word' id='word_1_699' title='bbox 1876 3633 1931 3677; x_wconf 89' lang='lat' dir='ltr'><strong>et</strong></span> <span class='ocrx_word' id='word_1_700' title='bbox 1955 3622 2229 3690; x_wconf 87' lang='lat' dir='ltr'><strong>poculum,</strong></span> <span class='ocrx_word' id='word_1_701' title='bbox 2258 3637 2367 3692; x_wconf 90' lang='lat' dir='ltr'><strong>quo</strong></span> <span class='ocrx_word' id='word_1_702' title='bbox 2392 3622 2656 3676; x_wconf 84' lang='lat' dir='ltr'><strong>modicam</strong></span> <span class='ocrx_word' id='word_1_703' title='bbox 2690 3623 2938 3678; x_wconf 86' lang='lat' dir='ltr'><strong>sumebat</strong></span> <span class='ocrx_word' id='word_1_704' title='bbox 2973 3635 3187 3692; x_wconf 87' lang='lat' dir='ltr'><strong>aquam.</strong></span> <span class='ocrx_word' id='word_1_705' title='bbox 3219 3619 3326 3680; x_wconf 84' lang='lat' dir='ltr'><strong>Sed</strong></span> <span class='ocrx_word' id='word_1_706' title='bbox 3354 3637 3463 3691; x_wconf 85' lang='lat' dir='ltr'><strong>quo</strong></span> 
     </span>
    </p>
   </div>
   <div class='ocr_carea' id='block_1_95' title="bbox 1881 3713 3460 3788">
    <p class='ocr_par' dir='ltr' id='par_1_95' title="bbox 1881 3713 3460 3788">
     <span class='ocr_line' id='line_1_95' title="bbox 1881 3713 3460 3788; baseline 0.001 -21"><span class='ocrx_word' id='word_1_707' title='bbox 1881 3715 2051 3783; x_wconf 86' lang='lat' dir='ltr'><strong>magis</strong></span> <span class='ocrx_word' id='word_1_708' title='bbox 2071 3715 2263 3788; x_wconf 78' lang='lat' dir='ltr'><strong>egebat</strong></span> <span class='ocrx_word' id='word_1_709' title='bbox 2283 3716 2504 3784; x_wconf 76' lang='lat' dir='ltr'><strong>iis,&#39;quae</strong></span> <span class='ocrx_word' id='word_1_710' title='bbox 2536 3715 2883 3783; x_wconf 86' lang='lat' dir='ltr'><strong>pertinebant</strong></span> <span class='ocrx_word' id='word_1_711' title='bbox 2915 3713 2980 3766; x_wconf 84' lang='lat' dir='ltr'><strong>ad</strong></span> <span class='ocrx_word' id='word_1_712' title='bbox 3006 3729 3161 3767; x_wconf 92' lang='lat' dir='ltr'><strong>usum</strong></span> <span class='ocrx_word' id='word_1_713' title='bbox 3194 3715 3460 3784; x_wconf 78' lang='lat' dir='ltr'><strong>corporis,</strong></span> 
     </span>
    </p>
   </div>
   <div class='ocr_carea' id='block_1_96' title="bbox 1879 3803 3461 3874">
    <p class='ocr_par' dir='ltr' id='par_1_96' title="bbox 1879 3803 3461 3874">
     <span class='ocr_line' id='line_1_96' title="bbox 1879 3803 3461 3874; baseline -0.004 -16"><span class='ocrx_word' id='word_1_714' title='bbox 1879 3818 1941 3858; x_wconf 85' lang='lat' dir='ltr'><strong>eo</strong></span> <span class='ocrx_word' id='word_1_715' title='bbox 1972 3806 2142 3874; x_wconf 77' lang='lat' dir='ltr'><strong>magis</strong></span> <span class='ocrx_word' id='word_1_716' title='bbox 2168 3807 2478 3858; x_wconf 84' lang='lat' dir='ltr'><strong>abundabat</strong></span> <span class='ocrx_word' id='word_1_717' title='bbox 2507 3805 2661 3858; x_wconf 83' lang='lat' dir='ltr'><strong>bonis</strong></span> <span class='ocrx_word' id='word_1_718' title='bbox 2694 3803 2908 3867; x_wconf 67' lang='lat' dir='ltr'><strong>animm,</strong></span> <span class='ocrx_word' id='word_1_719' title='bbox 2935 3803 2984 3855; x_wconf 92' lang='lat' dir='ltr'><strong>in</strong></span> <span class='ocrx_word' id='word_1_720' title='bbox 3019 3803 3150 3857; x_wconf 86' lang='lat' dir='ltr'><strong>orbe</strong></span> <span class='ocrx_word' id='word_1_721' title='bbox 3176 3804 3461 3864; x_wconf 81' lang='lat' dir='ltr'><strong>virtutum,</strong></span> 
     </span>
    </p>
   </div>
   <div class='ocr_carea' id='block_1_97' title="bbox 1877 3889 3461 3960">
    <p class='ocr_par' dir='ltr' id='par_1_97' title="bbox 1877 3889 3461 3960">
     <span class='ocr_line' id='line_1_97' title="bbox 1877 3889 3461 3960; baseline 0.003 -20"><span class='ocrx_word' id='word_1_722' title='bbox 1877 3889 1969 3958; x_wconf 86' lang='lat' dir='ltr'><strong>qui</strong></span> <span class='ocrx_word' id='word_1_723' title='bbox 1991 3904 2113 3942; x_wconf 91' lang='lat' dir='ltr'><strong>eum</strong></span> <span class='ocrx_word' id='word_1_724' title='bbox 2147 3892 2540 3954; x_wconf 79' lang='lat' dir='ltr'><strong>circumdabat,</strong></span> <span class='ocrx_word' id='word_1_725' title='bbox 2571 3907 2784 3958; x_wconf 85' lang='lat' dir='ltr'><strong>semper</strong></span> <span class='ocrx_word' id='word_1_726' title='bbox 2820 3891 3248 3960; x_wconf 88' lang='lat' dir='ltr'><strong>resplendentem</strong></span> <span class='ocrx_word' id='word_1_727' title='bbox 3282 3892 3461 3945; x_wconf 83' lang='lat' dir='ltr'><strong>humi-</strong></span> 
     </span>
    </p>
   </div>
   <div class='ocr_carea' id='block_1_98' title="bbox 1878 3979 3464 4054">
    <p class='ocr_par' dir='ltr' id='par_1_98' title="bbox 1878 3979 3464 4054">
     <span class='ocr_line' id='line_1_98' title="bbox 1878 3979 3464 4054; baseline 0.003 -23"><span class='ocrx_word' id='word_1_728' title='bbox 1878 3979 2080 4034; x_wconf 88' lang='lat' dir='ltr'><strong>litatem</strong></span> <span class='ocrx_word' id='word_1_729' title='bbox 2172 3980 2398 4043; x_wconf 83' lang='lat' dir='ltr'><strong>habens,</strong></span> <span class='ocrx_word' id='word_1_730' title='bbox 2470 3990 2526 4035; x_wconf 89' lang='lat' dir='ltr'><strong>et</strong></span> <span class='ocrx_word' id='word_1_731' title='bbox 2586 3982 2935 4047; x_wconf 86' lang='lat' dir='ltr'><strong>charitatem,</strong></span> <span class='ocrx_word' id='word_1_732' title='bbox 2989 3999 3126 4052; x_wconf 79' lang='lat' dir='ltr'><strong>quas</strong></span> <span class='ocrx_word' id='word_1_733' title='bbox 3173 3985 3464 4054; x_wconf 85' lang='lat' dir='ltr'><strong>cujuslibet</strong></span> 
     </span>
    </p>
   </div>
   <div class='ocr_carea' id='block_1_99' title="bbox 1878 4068 3460 4142">
    <p class='ocr_par' dir='ltr' id='par_1_99' title="bbox 1878 4068 3460 4142">
     <span class='ocr_line' id='line_1_99' title="bbox 1878 4068 3460 4142; baseline 0.005 -21"><span class='ocrx_word' id='word_1_734' title='bbox 1878 4068 2000 4122; x_wconf 88' lang='lat' dir='ltr'><strong>boni</strong></span> <span class='ocrx_word' id='word_1_735' title='bbox 2038 4080 2239 4124; x_wconf 87' lang='lat' dir='ltr'><strong>matres</strong></span> <span class='ocrx_word' id='word_1_736' title='bbox 2260 4086 2382 4125; x_wconf 92' lang='lat' dir='ltr'><strong>esse</strong></span> <span class='ocrx_word' id='word_1_737' title='bbox 2406 4071 2760 4127; x_wconf 88' lang='lat' dir='ltr'><strong>definiuntur.</strong></span> <span class='ocrx_word' id='word_1_738' title='bbox 2786 4072 2920 4126; x_wconf 88' lang='lat' dir='ltr'><strong>Hinc</strong></span> <span class='ocrx_word' id='word_1_739' title='bbox 2940 4074 3206 4142; x_wconf 68' lang='lat' dir='ltr'><strong>:rqualem</strong></span> <span class='ocrx_word' id='word_1_740' title='bbox 3243 4075 3460 4142; x_wconf 87' lang='lat' dir='ltr'><strong>quidem</strong></span> 
     </span>
    </p>
   </div>
   <div class='ocr_carea' id='block_1_100' title="bbox 1877 4160 3461 4217">
    <p class='ocr_par' dir='ltr' id='par_1_100' title="bbox 1877 4160 3461 4217">
     <span class='ocr_line' id='line_1_100' title="bbox 1877 4160 3461 4217; baseline 0.006 -9"><span class='ocrx_word' id='word_1_741' title='bbox 1877 4160 2241 4210; x_wconf 83' lang='lat' dir='ltr'><strong>communiter</strong></span> <span class='ocrx_word' id='word_1_742' title='bbox 2273 4160 2324 4210; x_wconf 94' lang='lat' dir='ltr'><strong>in</strong></span> <span class='ocrx_word' id='word_1_743' title='bbox 2359 4173 2548 4212; x_wconf 88' lang='lat' dir='ltr'><strong>omnes</strong></span> <span class='ocrx_word' id='word_1_744' title='bbox 2583 4161 2903 4212; x_wconf 78' lang='lat' dir='ltr'><strong>osrendebat</strong></span> <span class='ocrx_word' id='word_1_745' title='bbox 2938 4163 3282 4215; x_wconf 88' lang='lat' dir='ltr'><strong>charitatem.</strong></span> <span class='ocrx_word' id='word_1_746' title='bbox 3314 4164 3461 4217; x_wconf 89' lang='lat' dir='ltr'><strong>Pro-</strong></span> 
     </span>
    </p>
   </div>
   <div class='ocr_carea' id='block_1_101' title="bbox 1877 4249 3461 4324">
    <p class='ocr_par' dir='ltr' id='par_1_101' title="bbox 1877 4249 3461 4324">
     <span class='ocr_line' id='line_1_101' title="bbox 1877 4249 3461 4324; baseline 0.006 -23"><span class='ocrx_word' id='word_1_747' title='bbox 1877 4249 2004 4302; x_wconf 78' lang='lat' dir='ltr'><strong>ximi</strong></span> <span class='ocrx_word' id='word_1_748' title='bbox 2034 4259 2216 4304; x_wconf 91' lang='lat' dir='ltr'><strong>autem</strong></span> <span class='ocrx_word' id='word_1_749' title='bbox 2243 4250 2475 4305; x_wconf 88' lang='lat' dir='ltr'><strong>salutem</strong></span> <span class='ocrx_word' id='word_1_750' title='bbox 2507 4265 2722 4321; x_wconf 89' lang='lat' dir='ltr'><strong>semper</strong></span> <span class='ocrx_word' id='word_1_751' title='bbox 2758 4267 2868 4307; x_wconf 64' lang='lat' dir='ltr'><strong>suae</strong></span> <span class='ocrx_word' id='word_1_752' title='bbox 2929 4254 3296 4322; x_wconf 68' lang='lat' dir='ltr'><strong>praeponebat.</strong></span> <span class='ocrx_word' id='word_1_753' title='bbox 3330 4256 3461 4324; x_wconf 82' lang='lat' dir='ltr'><strong>Quae</strong></span> 
     </span>
    </p>
   </div>
   <div class='ocr_carea' id='block_1_102' title="bbox 1878 4342 3462 4424">
    <p class='ocr_par' dir='ltr' id='par_1_102' title="bbox 1878 4342 3462 4424">
     <span class='ocr_line' id='line_1_102' title="bbox 1878 4342 3462 4424; baseline 0.008 -34"><span class='ocrx_word' id='word_1_754' title='bbox 1878 4355 2005 4396; x_wconf 84' lang='lat' dir='ltr'><strong>vero</strong></span> <span class='ocrx_word' id='word_1_755' title='bbox 2035 4358 2099 4397; x_wconf 86' lang='lat' dir='ltr'><strong>ex</strong></span> <span class='ocrx_word' id='word_1_756' title='bbox 2135 4342 2437 4424; x_wconf 83' lang='lat' dir='ltr'><strong>ejuslabris</strong></span> <span class='ocrx_word' id='word_1_757' title='bbox 2468 4348 2854 4414; x_wconf 81' lang='lat' dir='ltr'><strong>procedebant,</strong></span> <span class='ocrx_word' id='word_1_758' title='bbox 2881 4361 3044 4416; x_wconf 90' lang='lat' dir='ltr'><strong>quam</strong></span> <span class='ocrx_word' id='word_1_759' title='bbox 3074 4363 3178 4401; x_wconf 90' lang='lat' dir='ltr'><strong>non</strong></span> <span class='ocrx_word' id='word_1_760' title='bbox 3210 4358 3462 4416; x_wconf 83' lang='lat' dir='ltr'><strong>poterant</strong></span> 
     </span>
    </p>
   </div>
   <div class='ocr_carea' id='block_1_103' title="bbox 1877 4432 3454 4494">
    <p class='ocr_par' dir='ltr' id='par_1_103' title="bbox 1877 4432 3454 4494">
     <span class='ocr_line' id='line_1_103' title="bbox 1877 4432 3454 4494; baseline 0.005 -12"><span class='ocrx_word' id='word_1_761' title='bbox 1877 4433 2112 4484; x_wconf 87' lang='lat' dir='ltr'><strong>animam</strong></span> <span class='ocrx_word' id='word_1_762' title='bbox 2145 4432 2472 4494; x_wconf 87' lang='lat' dir='ltr'><strong>demulcere.</strong></span> <span class='ocrx_word' id='word_1_763' title='bbox 2499 4443 2554 4488; x_wconf 89' lang='lat' dir='ltr'><strong>et</strong></span> <span class='ocrx_word' id='word_1_764' title='bbox 2583 4437 2860 4491; x_wconf 83' lang='lat' dir='ltr'><strong>attrahere</strong></span> <span class='ocrx_word' id='word_1_765' title='bbox 2895 4435 2960 4487; x_wconf 89' lang='lat' dir='ltr'><strong>ad</strong></span> <span class='ocrx_word' id='word_1_766' title='bbox 2993 4437 3286 4490; x_wconf 86' lang='lat' dir='ltr'><strong>virtutem?</strong></span> <span class='ocrx_word' id='word_1_767' title='bbox 3319 4436 3454 4490; x_wconf 82' lang='lat' dir='ltr'><strong>Nam</strong></span> 
     </span>
    </p>
   </div>
   <div class='ocr_carea' id='block_1_104' title="bbox 1806 4525 3460 4598">
    <p class='ocr_par' dir='ltr' id='par_1_104' title="bbox 1806 4525 3460 4598">
     <span class='ocr_line' id='line_1_104' title="bbox 1806 4525 3460 4598; baseline 0.006 -25"><span class='ocrx_word' id='word_1_768' title='bbox 1806 4540 1846 4594; x_wconf 78' lang='grc' dir='ltr'><strong>ι)</strong></span> <span class='ocrx_word' id='word_1_769' title='bbox 1880 4525 2031 4577; x_wconf 84' lang='lat' dir='ltr'><strong>valde</strong></span> <span class='ocrx_word' id='word_1_770' title='bbox 2068 4526 2286 4595; x_wconf 92' lang='lat' dir='ltr'><strong>quidem</strong></span> <span class='ocrx_word' id='word_1_771' title='bbox 2319 4528 2476 4580; x_wconf 90' lang='lat' dir='ltr'><strong>docte</strong></span> <span class='ocrx_word' id='word_1_772' title='bbox 2528 4526 2920 4580; x_wconf 82' lang='lat' dir='ltr'><strong>adhortabatur</strong></span> <span class='ocrx_word' id='word_1_773' title='bbox 2951 4545 2967 4582; x_wconf 82' lang='lat'><strong>:</strong></span> <span class='ocrx_word' id='word_1_774' title='bbox 3025 4529 3460 4598; x_wconf 83' lang='lat' dir='ltr'><strong>reprehendebat</strong></span> 
     </span>
    </p>
   </div>
   <div class='ocr_carea' id='block_1_105' title="bbox 1871 4619 3459 4688">
    <p class='ocr_par' dir='ltr' id='par_1_105' title="bbox 1871 4619 3459 4688">
     <span class='ocr_line' id='line_1_105' title="bbox 1871 4619 3459 4688; baseline 0.003 -21"><span class='ocrx_word' id='word_1_775' title='bbox 1871 4626 2048 4668; x_wconf 89' lang='lat' dir='ltr'><strong>autem</strong></span> <span class='ocrx_word' id='word_1_776' title='bbox 2076 4627 2298 4686; x_wconf 81' lang='lat' dir='ltr'><strong>paterno</strong></span> <span class='ocrx_word' id='word_1_777' title='bbox 2316 4627 2372 4669; x_wconf 92' lang='lat' dir='ltr'><strong>et</strong></span> <span class='ocrx_word' id='word_1_778' title='bbox 2395 4627 2640 4671; x_wconf 86' lang='lat' dir='ltr'><strong>amanter</strong></span> <span class='ocrx_word' id='word_1_779' title='bbox 2668 4637 2680 4671; x_wconf 93' lang='lat'>:</span> <span class='ocrx_word' id='word_1_780' title='bbox 2715 4619 3180 4687; x_wconf 87' lang='lat' dir='ltr'><strong>mansuetudoque</strong></span> <span class='ocrx_word' id='word_1_781' title='bbox 3205 4630 3257 4672; x_wconf 94' lang='lat' dir='ltr'><strong>et</strong></span> <span class='ocrx_word' id='word_1_782' title='bbox 3285 4622 3459 4688; x_wconf 80' lang='lat' dir='ltr'><strong>gratia</strong></span> 
     </span>
    </p>
   </div>
   <div class='ocr_carea' id='block_1_106' title="bbox 1872 4702 3458 4776">
    <p class='ocr_par' dir='ltr' id='par_1_106' title="bbox 1872 4702 3458 4776">
     <span class='ocr_line' id='line_1_106' title="bbox 1872 4702 3458 4776; baseline 0.001 -14"><span class='ocrx_word' id='word_1_783' title='bbox 1872 4711 2108 4776; x_wconf 89' lang='lat' dir='ltr'><strong>undique</strong></span> <span class='ocrx_word' id='word_1_784' title='bbox 2139 4702 2188 4759; x_wconf 81' lang='lat' dir='ltr'><strong>iii</strong></span> <span class='ocrx_word' id='word_1_785' title='bbox 2215 4722 2278 4761; x_wconf 89' lang='lat' dir='ltr'><strong>eo</strong></span> <span class='ocrx_word' id='word_1_786' title='bbox 2313 4706 2559 4770; x_wconf 84' lang='lat' dir='ltr'><strong>ﬂorebat,</strong></span> <span class='ocrx_word' id='word_1_787' title='bbox 2615 4709 2882 4764; x_wconf 87' lang='lat' dir='ltr'><strong>internam</strong></span> <span class='ocrx_word' id='word_1_788' title='bbox 2918 4710 3080 4760; x_wconf 91' lang='lat' dir='ltr'><strong>animi</strong></span> <span class='ocrx_word' id='word_1_789' title='bbox 3110 4710 3458 4764; x_wconf 72' lang='lat' dir='ltr'><strong>constitdtio-</strong></span> 
     </span>
    </p>
   </div>
   <div class='ocr_carea' id='block_1_107' title="bbox 1873 4796 3459 4868">
    <p class='ocr_par' dir='ltr' id='par_1_107' title="bbox 1873 4796 3459 4868">
     <span class='ocr_line' id='line_1_107' title="bbox 1873 4796 3459 4868; baseline -0.001 -14"><span class='ocrx_word' id='word_1_790' title='bbox 1873 4815 1996 4854; x_wconf 89' lang='lat' dir='ltr'><strong>nem</strong></span> <span class='ocrx_word' id='word_1_791' title='bbox 2028 4798 2267 4867; x_wconf 87' lang='lat' dir='ltr'><strong>perfecte</strong></span> <span class='ocrx_word' id='word_1_792' title='bbox 2308 4801 2576 4868; x_wconf 89' lang='lat' dir='ltr'><strong>aperiens.</strong></span> <span class='ocrx_word' id='word_1_793' title='bbox 2616 4796 2811 4854; x_wconf 79' lang='lat' dir='ltr'><strong>Merito</strong></span> <span class='ocrx_word' id='word_1_794' title='bbox 2867 4809 3046 4853; x_wconf 86' lang='lat' dir='ltr'><strong>autem</strong></span> <span class='ocrx_word' id='word_1_795' title='bbox 3099 4799 3459 4854; x_wconf 86' lang='lat' dir='ltr'><strong>admirabitur</strong></span> 
     </span>
    </p>
   </div>
   <div class='ocr_carea' id='block_1_108' title="bbox 1871 4890 3454 4962">
    <p class='ocr_par' dir='ltr' id='par_1_108' title="bbox 1871 4890 3454 4962">
     <span class='ocr_line' id='line_1_108' title="bbox 1871 4890 3454 4962; baseline 0.001 -18"><span class='ocrx_word' id='word_1_796' title='bbox 1871 4893 2139 4962; x_wconf 84' lang='lat' dir='ltr'><strong>quispiam</strong></span> <span class='ocrx_word' id='word_1_797' title='bbox 2175 4892 2293 4958; x_wconf 86' lang='lat' dir='ltr'><strong>ejus</strong></span> <span class='ocrx_word' id='word_1_798' title='bbox 2317 4890 2371 4944; x_wconf 92' lang='lat' dir='ltr'><strong>in</strong></span> <span class='ocrx_word' id='word_1_799' title='bbox 2401 4892 2792 4946; x_wconf 87' lang='lat' dir='ltr'><strong>certaminibus</strong></span> <span class='ocrx_word' id='word_1_800' title='bbox 2824 4890 3216 4953; x_wconf 89' lang='lat' dir='ltr'><strong>fortitudinem,</strong></span> <span class='ocrx_word' id='word_1_801' title='bbox 3244 4903 3296 4944; x_wconf 87' lang='lat' dir='ltr'><strong>et</strong></span> <span class='ocrx_word' id='word_1_802' title='bbox 3323 4906 3454 4946; x_wconf 89' lang='lat' dir='ltr'><strong>con-</strong></span> 
     </span>
    </p>
   </div>
   <div class='ocr_carea' id='block_1_109' title="bbox 1871 4982 3457 5052">
    <p class='ocr_par' dir='ltr' id='par_1_109' title="bbox 1871 4982 3457 5052">
     <span class='ocr_line' id='line_1_109' title="bbox 1871 4982 3457 5052; baseline 0 -15"><span class='ocrx_word' id='word_1_803' title='bbox 1871 4985 2150 5038; x_wconf 86' lang='lat' dir='ltr'><strong>stantiam.</strong></span> <span class='ocrx_word' id='word_1_804' title='bbox 2179 4982 2313 5036; x_wconf 82' lang='lat' dir='ltr'><strong>Nam</strong></span> <span class='ocrx_word' id='word_1_805' title='bbox 2345 4998 2468 5037; x_wconf 91' lang='lat' dir='ltr'><strong>cum</strong></span> <span class='ocrx_word' id='word_1_806' title='bbox 2508 4992 2632 5038; x_wconf 89' lang='lat' dir='ltr'><strong>ante</strong></span> <span class='ocrx_word' id='word_1_807' title='bbox 2682 4993 2908 5035; x_wconf 87' lang='lat' dir='ltr'><strong>mortem</strong></span> <span class='ocrx_word' id='word_1_808' title='bbox 2959 4983 3248 5037; x_wconf 85' lang='lat' dir='ltr'><strong>continuos</strong></span> <span class='ocrx_word' id='word_1_809' title='bbox 3299 4984 3457 5052; x_wconf 86' lang='lat' dir='ltr'><strong>quin-</strong></span> 
     </span>
    </p>
   </div>
   <div class='ocr_carea' id='block_1_110' title="bbox 1871 5076 3456 5154">
    <p class='ocr_par' dir='ltr' id='par_1_110' title="bbox 1871 5076 3456 5154">
     <span class='ocr_line' id='line_1_110' title="bbox 1871 5076 3456 5154; baseline 0 -26"><span class='ocrx_word' id='word_1_810' title='bbox 1871 5078 2126 5149; x_wconf 84' lang='lat' dir='ltr'><strong>quaginta</strong></span> <span class='ocrx_word' id='word_1_811' title='bbox 2158 5090 2330 5130; x_wconf 89' lang='lat' dir='ltr'><strong>annos</strong></span> <span class='ocrx_word' id='word_1_812' title='bbox 2363 5076 2690 5146; x_wconf 75' lang='lat' dir='ltr'><strong>transegerit</strong></span> <span class='ocrx_word' id='word_1_813' title='bbox 2750 5077 2802 5128; x_wconf 89' lang='lat' dir='ltr'><strong>in</strong></span> <span class='ocrx_word' id='word_1_814' title='bbox 2847 5077 3267 5154; x_wconf 79' lang='lat' dir='ltr'><strong>exercitatione,</strong></span> <span class='ocrx_word' id='word_1_815' title='bbox 3319 5090 3456 5130; x_wconf 86' lang='lat' dir='ltr'><strong>nun-</strong></span> 
     </span>
    </p>
   </div>
   <div class='ocr_carea' id='block_1_111' title="bbox 1871 5169 3453 5240">
    <p class='ocr_par' dir='ltr' id='par_1_111' title="bbox 1871 5169 3453 5240">
     <span class='ocr_line' id='line_1_111' title="bbox 1871 5169 3453 5240; baseline -0.001 -15"><span class='ocrx_word' id='word_1_816' title='bbox 1871 5186 2034 5240; x_wconf 85' lang='lat' dir='ltr'><strong>quam</strong></span> <span class='ocrx_word' id='word_1_817' title='bbox 2067 5169 2302 5223; x_wconf 90' lang='lat' dir='ltr'><strong>molliter</strong></span> <span class='ocrx_word' id='word_1_818' title='bbox 2338 5179 2430 5223; x_wconf 89' lang='lat' dir='ltr'><strong>aut</strong></span> <span class='ocrx_word' id='word_1_819' title='bbox 2464 5169 2702 5238; x_wconf 75' lang='lat' dir='ltr'><strong>segniter</strong></span> <span class='ocrx_word' id='word_1_820' title='bbox 2754 5183 3042 5238; x_wconf 77' lang='lat' dir='ltr'><strong>aggressus</strong></span> <span class='ocrx_word' id='word_1_821' title='bbox 3077 5179 3157 5223; x_wconf 84' lang='lat' dir='ltr'><strong>est</strong></span> <span class='ocrx_word' id='word_1_822' title='bbox 3219 5169 3453 5235; x_wconf 73' lang='lat' dir='ltr'><strong>labores,</strong></span> 
     </span>
    </p>
   </div>
   <div class='ocr_carea' id='block_1_112' title="bbox 1871 5258 3455 5332">
    <p class='ocr_par' dir='ltr' id='par_1_112' title="bbox 1871 5258 3455 5332">
     <span class='ocr_line' id='line_1_112' title="bbox 1871 5258 3455 5332; baseline -0.001 -16"><span class='ocrx_word' id='word_1_823' title='bbox 1871 5278 2050 5332; x_wconf 87' lang='lat' dir='ltr'><strong>neque</strong></span> <span class='ocrx_word' id='word_1_824' title='bbox 2086 5261 2380 5332; x_wconf 85' lang='lat' dir='ltr'><strong>quidquam</strong></span> <span class='ocrx_word' id='word_1_825' title='bbox 2411 5258 2620 5315; x_wconf 79' lang='lat' dir='ltr'><strong>remisit</strong></span> <span class='ocrx_word' id='word_1_826' title='bbox 2656 5261 2721 5317; x_wconf 89' lang='lat' dir='ltr'><strong>de</strong></span> <span class='ocrx_word' id='word_1_827' title='bbox 2749 5260 2798 5316; x_wconf 87' lang='lat' dir='ltr'><strong>ei</strong></span> <span class='ocrx_word' id='word_1_828' title='bbox 2850 5259 2918 5314; x_wconf 85' lang='lat' dir='ltr'><strong>ab</strong></span> <span class='ocrx_word' id='word_1_829' title='bbox 2951 5259 3107 5315; x_wconf 85' lang='lat' dir='ltr'><strong>initio</strong></span> <span class='ocrx_word' id='word_1_830' title='bbox 3141 5260 3335 5316; x_wconf 82' lang='lat' dir='ltr'><strong>tradita</strong></span> <span class='ocrx_word' id='word_1_831' title='bbox 3365 5275 3455 5315; x_wconf 85' lang='lat' dir='ltr'><strong>re-</strong></span> 
     </span>
    </p>
   </div>
   <div class='ocr_carea' id='block_1_113' title="bbox 1872 5337 3446 5422">
    <p class='ocr_par' dir='ltr' id='par_1_113' title="bbox 1872 5337 3446 5422">
     <span class='ocr_line' id='line_1_113' title="bbox 1872 5337 3446 5422; baseline 0.001 -14"><span class='ocrx_word' id='word_1_832' title='bbox 1872 5357 1992 5422; x_wconf 79' lang='lat' dir='ltr'><strong>gula</strong></span> <span class='ocrx_word' id='word_1_833' title='bbox 2021 5356 2361 5407; x_wconf 64' lang='lat' dir='ltr'><strong>abstinentia?</strong></span> <span class='ocrx_word' id='word_1_834' title='bbox 2393 5371 2405 5406; x_wconf 87' lang='lat'>:</span> <span class='ocrx_word' id='word_1_835' title='bbox 2437 5355 2529 5407; x_wconf 86' lang='lat' dir='ltr'><strong>sed</strong></span> <span class='ocrx_word' id='word_1_836' title='bbox 2557 5353 2780 5420; x_wconf 89' lang='lat' dir='ltr'><strong>perinde</strong></span> <span class='ocrx_word' id='word_1_837' title='bbox 2814 5367 2878 5407; x_wconf 89' lang='lat' dir='ltr'><strong>ac</strong></span> <span class='ocrx_word' id='word_1_838' title='bbox 2911 5355 2956 5409; x_wconf 81' lang='lat' dir='ltr'><strong>si</strong></span> <span class='ocrx_word' id='word_1_839' title='bbox 2993 5337 3446 5419; x_wconf 26' lang='lat' dir='ltr'><strong>spiritales-labo-</strong></span> 
     </span>
    </p>
   </div>
   <div class='ocr_carea' id='block_1_114' title="bbox 1877 5443 3455 5510">
    <p class='ocr_par' dir='ltr' id='par_1_114' title="bbox 1877 5443 3455 5510">
     <span class='ocr_line' id='line_1_114' title="bbox 1877 5443 3455 5510; baseline 0.001 -14"><span class='ocrx_word' id='word_1_840' title='bbox 1877 5460 1963 5496; x_wconf 88' lang='lat' dir='ltr'><strong>res</strong></span> <span class='ocrx_word' id='word_1_841' title='bbox 1993 5458 2185 5497; x_wconf 80' lang='lat' dir='ltr'><strong>recens</strong></span> <span class='ocrx_word' id='word_1_842' title='bbox 2219 5444 2538 5510; x_wconf 83' lang='lat' dir='ltr'><strong>attingeret,</strong></span> <span class='ocrx_word' id='word_1_843' title='bbox 2565 5443 2636 5496; x_wconf 87' lang='lat' dir='ltr'><strong>ita</strong></span> <span class='ocrx_word' id='word_1_844' title='bbox 2671 5445 2735 5496; x_wconf 85' lang='lat' dir='ltr'><strong>ad</strong></span> <span class='ocrx_word' id='word_1_845' title='bbox 2793 5445 3094 5506; x_wconf 79' lang='lat' dir='ltr'><strong>certamina</strong></span> <span class='ocrx_word' id='word_1_846' title='bbox 3161 5448 3455 5501; x_wconf 78' lang='lat' dir='ltr'><strong>accedebat</strong></span> 
     </span>
    </p>
   </div>
   <div class='ocr_carea' id='block_1_115' title="bbox 1874 5535 3450 5606">
    <p class='ocr_par' dir='ltr' id='par_1_115' title="bbox 1874 5535 3450 5606">
     <span class='ocr_line' id='line_1_115' title="bbox 1874 5535 3450 5606; baseline 0.004 -21"><span class='ocrx_word' id='word_1_847' title='bbox 1874 5535 2132 5604; x_wconf 81' lang='lat' dir='ltr'><strong>quotidie,</strong></span> <span class='ocrx_word' id='word_1_848' title='bbox 2159 5535 2394 5602; x_wconf 74' lang='lat' dir='ltr'><strong>seipsuin</strong></span> <span class='ocrx_word' id='word_1_849' title='bbox 2434 5537 2486 5589; x_wconf 89' lang='lat' dir='ltr'><strong>in</strong></span> <span class='ocrx_word' id='word_1_850' title='bbox 2525 5537 2638 5590; x_wconf 89' lang='lat' dir='ltr'><strong>dies</strong></span> <span class='ocrx_word' id='word_1_851' title='bbox 2668 5551 2953 5606; x_wconf 89' lang='lat' dir='ltr'><strong>superans.</strong></span> <span class='ocrx_word' id='word_1_852' title='bbox 2983 5535 3098 5592; x_wconf 85' lang='lat' dir='ltr'><strong>Non</strong></span> <span class='ocrx_word' id='word_1_853' title='bbox 3132 5546 3248 5591; x_wconf 88' lang='lat' dir='ltr'><strong>erat</strong></span> <span class='ocrx_word' id='word_1_854' title='bbox 3269 5545 3450 5593; x_wconf 88' lang='lat' dir='ltr'><strong>autem</strong></span> 
     </span>
    </p>
   </div>
   <div class='ocr_carea' id='block_1_116' title="bbox 1875 5628 3455 5698">
    <p class='ocr_par' dir='ltr' id='par_1_116' title="bbox 1875 5628 3455 5698">
     <span class='ocr_line' id='line_1_116' title="bbox 1875 5628 3455 5698; baseline 0.002 -18"><span class='ocrx_word' id='word_1_855' title='bbox 1875 5628 2210 5690; x_wconf 77' lang='lat' dir='ltr'><strong>[)eiornnino</strong></span> <span class='ocrx_word' id='word_1_856' title='bbox 2245 5629 2580 5698; x_wconf 82' lang='lat' dir='ltr'><strong>permittere,</strong></span> <span class='ocrx_word' id='word_1_857' title='bbox 2616 5638 2675 5683; x_wconf 89' lang='lat' dir='ltr'><strong>ut</strong></span> <span class='ocrx_word' id='word_1_858' title='bbox 2715 5630 2835 5684; x_wconf 87' lang='lat' dir='ltr'><strong>talis</strong></span> <span class='ocrx_word' id='word_1_859' title='bbox 2863 5629 2948 5683; x_wconf 80' lang='lat' dir='ltr'><strong>lux</strong></span> <span class='ocrx_word' id='word_1_860' title='bbox 2990 5631 3090 5684; x_wconf 89' lang='lat' dir='ltr'><strong>sub</strong></span> <span class='ocrx_word' id='word_1_861' title='bbox 3115 5629 3294 5684; x_wconf 90' lang='lat' dir='ltr'><strong>modio</strong></span> <span class='ocrx_word' id='word_1_862' title='bbox 3325 5633 3455 5684; x_wconf 86' lang='lat' dir='ltr'><strong>late-</strong></span> 
     </span>
    </p>
   </div>
   <div class='ocr_carea' id='block_1_117' title="bbox 1875 5721 3458 5793">
    <p class='ocr_par' dir='ltr' id='par_1_117' title="bbox 1875 5721 3458 5793">
     <span class='ocr_line' id='line_1_117' title="bbox 1875 5721 3458 5793; baseline -0.001 -18"><span class='ocrx_word' id='word_1_863' title='bbox 1875 5733 1992 5789; x_wconf 88' lang='lat' dir='ltr'><strong>ret;</strong></span> <span class='ocrx_word' id='word_1_864' title='bbox 2046 5735 2219 5790; x_wconf 90' lang='lat' dir='ltr'><strong>neque</strong></span> <span class='ocrx_word' id='word_1_865' title='bbox 2253 5721 2364 5774; x_wconf 82' lang='lat' dir='ltr'><strong>ﬁeri</strong></span> <span class='ocrx_word' id='word_1_866' title='bbox 2401 5731 2634 5791; x_wconf 73' lang='lat' dir='ltr'><strong>pateret,</strong></span> <span class='ocrx_word' id='word_1_867' title='bbox 2666 5731 2726 5776; x_wconf 87' lang='lat' dir='ltr'><strong>ut</strong></span> <span class='ocrx_word' id='word_1_868' title='bbox 2760 5723 2849 5793; x_wconf 75' lang='lat' dir='ltr'><strong>Qui</strong></span> <span class='ocrx_word' id='word_1_869' title='bbox 2885 5735 3005 5777; x_wconf 88' lang='lat' dir='ltr'><strong>erat</strong></span> <span class='ocrx_word' id='word_1_870' title='bbox 3039 5724 3344 5787; x_wconf 80' lang='lat' dir='ltr'><strong>huiusmodi</strong></span> <span class='ocrx_word' id='word_1_871' title='bbox 3403 5733 3458 5774; x_wconf 82' lang='lat' dir='ltr'><strong>et</strong></span> 
     </span>
    </p>
   </div>
   <div class='ocr_carea' id='block_1_118' title="bbox 1874 5812 3454 5881">
    <p class='ocr_par' dir='ltr' id='par_1_118' title="bbox 1874 5812 3454 5881">
     <span class='ocr_line' id='line_1_118' title="bbox 1874 5812 3454 5881; baseline 0.001 -18"><span class='ocrx_word' id='word_1_872' title='bbox 1874 5812 2100 5879; x_wconf 79' lang='lat' dir='ltr'><strong>perinde</strong></span> <span class='ocrx_word' id='word_1_873' title='bbox 2128 5827 2192 5866; x_wconf 84' lang='lat' dir='ltr'><strong>ac</strong></span> <span class='ocrx_word' id='word_1_874' title='bbox 2228 5813 2370 5869; x_wconf 82' lang='lat' dir='ltr'><strong>clara</strong></span> <span class='ocrx_word' id='word_1_875' title='bbox 2401 5815 2648 5881; x_wconf 74' lang='lat' dir='ltr'><strong>qnzedani</strong></span> <span class='ocrx_word' id='word_1_876' title='bbox 2674 5822 2726 5870; x_wconf 89' lang='lat' dir='ltr'><strong>et</strong></span> <span class='ocrx_word' id='word_1_877' title='bbox 2758 5815 2982 5870; x_wconf 79' lang='lat' dir='ltr'><strong>illustris</strong></span> <span class='ocrx_word' id='word_1_878' title='bbox 3041 5815 3253 5880; x_wconf 74' lang='lat' dir='ltr'><strong>civitas,</strong></span> <span class='ocrx_word' id='word_1_879' title='bbox 3308 5814 3454 5872; x_wconf 79' lang='lat' dir='ltr'><strong>velut</strong></span> 
     </span>
    </p>
   </div>
  </div>
