4212 6440
771 385 792 416 κ

767 385 837 445 51
2041 386 2329 444 MENSIS
2370 384 2737 448 MARTIUS.
3956 388 4021 454 52

762 497 815 552 ἱη
839 503 1072 568 quodam
1099 510 1279 555 Inutile
1310 515 1489 554 rerum
1520 500 1876 553 maximarum
1907 508 1959 552 et
1983 500 2342 568 pulcherrime

2449 499 2541 549 ἐπί
2569 502 2711 564 τινος
2742 501 2900 572 ὅρους
2934 504 3039 553 τῶν
3061 503 3332 571 μεγίστων
3358 502 3802 574 κατορθωμάτων
3831 506 4014 573 κείμε-

763 598 1054 662 gestarum,
1085 594 1291 661 positus
1314 602 1451 656 erat,
1478 593 1921 647 absconderetur.
1954 590 2065 647 Nec
2091 606 2221 659 ergo
2251 591 2347 643 l‘uit

763 682 1083 738 absconsus.
1123 686 1230 739 Sed
1271 684 1538 753 quomodo
1559 700 1725 753 nuper
1748 686 1863 754 ipse
1895 684 2149 739 Dominus
2180 683 2344 736 disci-

761 775 926 840 pulis,
954 778 1023 829 ita
1054 779 1217 831 etiam
1253 791 1397 831 nunc
1428 776 1640 830 illorum
1673 776 1928 830 imltatori
1957 775 2187 842 desuper
2215 787 2345 841 apo-

761 866 1009 921 stolicum
1032 868 1320 922 committit
1343 869 1723 930 ministerium,
1759 877 1811 921 et
1841 867 1955 935 ejus
1985 865 2345 921 ltonoratvir-

761 967 928 1012 tutem
954 959 1248 1014 chrismate
1280 960 1592 1022 sacerdotii,
1629 968 1681 1014 et
1706 957 1994 1012 sudoribus
2029 958 2341 1015 monasticae

761 1050 1168 1105 exercitationis
1215 1052 1472 1106 athletica
1513 1051 1671 1105 etiam
1697 1051 1989 1103 certamina
2018 1050 2256 1120 adjungit
2286 1058 2341 1102 et

760 1140 1041 1197 laboribus
1075 1142 1418 1197 abstinentia
1441 1152 1639 1213 praater
1668 1142 1974 1211 opinionem
2000 1152 2055 1195 et
2104 1142 2341 1193 admira-

758 1228 940 1284 biliter
992 1235 1234 1288 adnectit
1282 1248 1509 1289 coronas
1560 1234 1823 1306 martyrii.
1895 1234 2137 1300 Quonam
2180 1232 2338 1286 modo

761 1329 965 1388 autem,
996 1325 1252 1396 deinceps
1278 1340 1563 1395 exponam.

838 1410 950 1466 VII.
982 1414 1287 1484 Lampsaci,
1317 1417 1458 1485 quod
1490 1428 1576 1470 est
1625 1416 1880 1484 oppidum
1914 1416 1978 1469 ad
2014 1414 2332 1484 Hellespon-

763 1512 897 1567 tum,
962 1514 1080 1558 erat
1116 1506 1331 1573 quidam
1368 1522 1591 1576 magnus
1627 1508 1799 1570 vicus,
1833 1517 1886 1560 et
1921 1506 2178 1574 frequens
2238 1521 2333 1575 po-

760 1593 909 1661 pulo,
943 1596 1033 1661 qui
1066 1608 1289 1651 vocatur
1314 1596 1517 1652 Taenia.
1558 1598 1822 1662 Quoniam
1857 1610 2035 1651 autem
2067 1598 2155 1667 qui
2190 1599 2239 1650 in
2267 1612 2329 1651 eo

759 1684 882 1739 vico
902 1686 1240 1753 habitabant,
1265 1690 1585 1742 tenebantur
1608 1706 1633 1741 a
1655 1692 1801 1758 gravi
1825 1704 2009 1742 errore
2026 1688 2327 1757 gentilium,

759 1792 954 1846 magna
980 1780 1193 1849 quidem
1234 1780 1517 1835 multitudo
1569 1782 1914 1836 sacerdotum
1970 1790 2020 1834 et
2077 1780 2330 1833 diacono—

2455 608 2542 643 νον
2570 591 2671 644 ὑπὸ
2710 593 2873 662 μοδίῳ
2901 595 2992 646 καί
3021 592 3173 664 κλίνῃ
3216 593 3610 651 καλύπτεσθαι.
3646 594 3853 647 Οὔκουν
3898 595 4018 647 οὐδὲ

2454 683 2822 736 κεκάλυπται·
2894 684 3007 736 ἀλλ’
3055 683 3246 755 ὥσπερ
3300 686 3490 756 πρώην
3546 688 3659 748 τοῖς
3724 686 4018 755 μαθηταῖς,

2453 769 2625 835 οὕτως
2660 774 2753 825 καί⁵
2784 771 2879 826 νῦν
2928 774 3007 843 τῷ
3040 776 3263 828 ἐκείνων
3306 778 3517 845 μιμητῇ
3549 778 3783 845 Χριστὸς
3815 776 4022 828 ἀνωθεν

2451 862 2814 935 ἀποστολικὴν
2840 866 3135 933 ἐγχειρίζει
3172 865 3452 918 διακονίαν
3485 866 3584 937 τήν
3616 883 3674 918 τε
3705 865 3798 918 τοῦ
3826 865 4021 936 ἀνδρὸς

2449 952 2649 1022 ἀρετὴν
2685 956 2982 1025 ἱερωσύνης
3013 959 3147 1027 τιμᾷ
3197 958 3461 1026 χρίσματι
3498 960 3592 1009 καὶ
3622 958 3812 1019 κόποις
3840 959 4017 1026 ἀσκη-

2446 1046 2617 1105 τικοῖς
2656 1045 2980 1115 ἀθλητικοὺς
3015 1048 3240 1109 είκότως
3274 1049 3467 1109 πόνους
3504 1048 3862 1100 ἐπισυνάπτει
3922 1047 4018 1099 καὶ

2449 1134 2734 1200 στεφάνοις
2787 1138 3112 1205 ἐγκρατείας
3152 1140 3451 1207 στεφάνους
3482 1139 3802 1208 παραδόξως
3847 1138 4023 1191 ἐπιτί-

2446 1223 2569 1292 θησι
2610 1229 2949 1296 μαρτυρίας·
2987 1230 3135 1291 ὅπως
3169 1229 3225 1281 δὲ
3280 1230 3386 1301 ἀρα
3422 1231 3513 1283 καὶ
3552 1231 3674 1283 τίνα
3698 1230 3786 1283 τὸν
3810 1231 4019 1302 τρόπον

2442 1318 2510 1368 τὰ
2534 1318 2625 1370 τοῦ
2658 1318 2816 1385 λόγου
2846 1320 3075 1390 δηλώσει
3110 1340 3219 1393 μοι.

2512 1406 2583 1461 Z'.
2634 1411 2721 1462 Ἐν
2752 1415 2816 1482 τῇ
2843 1414 3149 1484 Λαμψάκῳ,
3181 1417 3245 1484 τῇ
3274 1414 3406 1486 πρὸς
3431 1415 3819 1484 Ἑλλήσποντον
3850 1415 4015 1485 κώμη

2438 1516 2522 1560 τις
2544 1494 2610 1571 ἦν
2635 1501 2845 1571 μεγάλη
2877 1504 2970 1556 καὶ
2997 1506 3421 1573 πολυάνθρωπος
3452 1506 3765 1574 καλουμένη
3798 1506 4013 1559 Τοιινία⁹

2437 1590 2562 1641 ἐπεὶ
2590 1591 2646 1643 δὲ
2682 1593 2730 1644 οί
2764 1594 2861 1663 τὴν
2886 1595 3142 1665 τοιαύτην
3172 1596 3369 1666 κώμην
3401 1598 3677 1660 οἰκοῦντες
3711 1600 3775 1667 τῇ
3802 1598 4013 1668 χαλεπῇ

2435 1682 2544 1735 τῶν
2585 1684 2853 1753 Ἑλλήνων
2884 1685 3022 1757 ἦσαν
3053 1690 3236 1758 ἀπάτῃ
3264 1690 3712 1759 κατειλημμένοι,
3746 1690 3879 1743 πολὺ
3912 1690 4015 1759 μὲν

2438 1772 2699 1827 ἐκάστοτε
2731 1776 2934 1841 πλῆθος
2956 1781 3137 1842 αὐτοῖς
3164 1782 3351 1850 ἱερέων
3378 1782 3471 1833 καὶ
3497 1783 3761 1834 διακόνων
3788 1782 3891 1833 ὺπδ
3913 1781 4011 1833 τοῦ

761 1884 884 1922 rum
916 1871 981 1923 ab
1026 1873 1277 1940 episcopo
1308 1872 1372 1923 ad
1435 1887 1528 1928 eos
1564 1872 1881 1926 mittebatur
1917 1888 1931 1924 :
1964 1871 2317 1941 plurimiun

2434 1866 2534 1934 τῆς
2567 1868 2875 1940 ἐπισκοπῆς
2929 1874 3271 1939 προεστῶτος
3334 1878 3650 1944 ἐπέμπετοο
3718 1875 3903 1927 πολλοὶ
3953 1875 4014 1928 δὲ

759 1975 867 2029 que
897 1977 959 2015 ex
988 1962 1054 2016 iis
1080 1965 1173 2032 qui
1208 1963 1375 2018 vitam
1415 1974 1771 2033 susceperant
1827 1965 2201 2028 monasticam,
2262 1963 2329 2017 ab

760 2066 826 2104 eo
856 2052 1134 2105 constituti
1165 2060 1323 2107 erant
1352 2054 1453 2107 vici
1488 2055 1754 2121 magistri.
1791 2052 1899 2105 Sed
1932 2066 2091 2107 nemo
2119 2068 2211 2105 eos
2238 2068 2331 2119 po-

760 2152 900 2197 terat
930 2153 1244 2198 convcrtere
1262 2147 1328 2198 ab
1358 2159 1545 2199 errore
1576 2162 1589 2196 :
1622 2146 1729 2197 imo
1758 2145 1861 2211 piis
1884 2144 2061 2212 potius
2088 2142 2160 2195 illi
2196 2143 2330 2198 infe-

761 2235 1246 2289 rebanttormeuta
1297 2243 1351 2289 et
1407 2236 1695 2304 supplicia,
1755 2249 1927 2302 neque
1991 2245 2108 2289 erat
2161 2235 2329 2288 ullum

759 2338 935 2393 preme
958 2339 1146 2395 genus,
1170 2327 1312 2396 quod
1354 2342 1459 2381 non
1491 2326 1804 2381 terribiliter
1834 2328 1912 2381 eis
1939 2327 2326 2383 intentaretur.

760 2415 897 2471 Cum
927 2432 1056 2486 ergo
1080 2418 1356 2472 dubitaret
1410 2417 1695 2488 episcopus
1746 2418 2002 2487 quidnam
2056 2428 2329 2488 oporteret

760 2510 962 2573 facere,
996 2518 1053 2564 ut
1085 2510 1177 2578 qui
1210 2510 1488 2575 errabant,
1535 2525 1777 2565 errorem
1840 2521 2215 2579 agnoscerent,
2275 2520 2330 2565 et

762 2615 875 2653 rem
909 2600 1193 2669 aliquando
1225 2618 1344 2656 cum
1377 2603 1490 2656 suis
1539 2603 1987 2667 communicaret,
2048 2602 2194 2654 venit
2251 2603 2329 2655 eis

761 2691 978 2744 interim
1015 2693 1065 2744 in
1098 2704 1330 2748 mentem
1355 2694 1644 2749 Abramius
1672 2693 2028 2747 admirabilis.
2051 2693 2183 2745 Tum
2219 2708 2325 2748 non

761 2793 1083 2850 exspectans
1109 2785 1219 2853 ipse
1250 2784 1481 2838 aliorum
1512 2785 1578 2839 de
1600 2800 1665 2839 eo
1696 2784 2019 2849 testimonia,
2045 2784 2122 2838 eis
2143 2785 2327 2839 statim

759 2874 1015 2937 ostendit,
1054 2876 1183 2946 quid
1212 2875 1279 2929 de
1301 2876 1389 2929 illo
1416 2877 1679 2931 essetsibi
1716 2892 2057 2949 persuasum,
2093 2877 2274 2931 dicens
2309 2895 2322 2931 :

760 2962 980 3019 Credite
1010 2967 1163 3033 mihi,
1190 2968 1305 3033 lilii,
1341 2970 1553 3023 dicturo
1588 2980 1725 3024 teste
1774 2973 2024 3033 veritate,
2072 2972 2215 3038 quod
2274 2971 2325 3021 in

761 3059 871 3105 tota
907 3052 1012 3108 ﬁde
1044 3070 1315 3123 nunquam
1353 3058 1481 3109 mihi
1506 3058 1737 3127 contigit
1759 3059 1936 3111 videre
1971 3059 2127 3111 talem
2152 3058 2326 3110 virum

763 3152 822 3197 et
846 3146 935 3213 qui
966 3145 1015 3197 in
1048 3154 1194 3199 tanta
1222 3146 1419 3200 virtute
1473 3150 1679 3201 viveret
1707 3158 1762 3202 et
1812 3150 2058 3215 pietate.-
2090 3148 2222 3203 Cum
2291 3149 2325 3203 ii

761 3247 967 3300 autem,
1006 3251 1124 3305 qua:
1144 3239 1210 3292 ab
1239 3240 1355 3309 ipso
1382 3240 1521 3294 dicta
1558 3241 1793 3308 fuerant,
1823 3257 1927 3295 una
1955 3256 2084 3297 voce
2129 3242 2329 3297 contir-

763 3336 1030 3393 masseut,
1064 3330 1178 3402 ipse
1212 3346 1439 3384 rursus:
1477 3330 1657 3395 Venit,
1694 3334 1890 3400 inquit,
1921 3335 2053 3386 mihi
2090 3336 2139 3387 in
2174 3350 2329 3387 men-

763 3426 871 3470 tem
913 3422 1155 3486 quaedam
1181 3421 1481 3499 cogitatio:
1516 3437 1578 3476 ea
1618 3433 1700 3477 est
1730 3434 1933 3490 autem,
1960 3432 2019 3478 ut
2070 3426 2328 3488 arbitror,

760 3506 1041 3562 divinioris
1072 3510 1348 3579 cujusdam
1373 3513 1743 3581 providentiae,
1768 3529 1889 3567 eum
1919 3514 2130 3568 initiare
2161 3515 2331 3568 chris-

763 3604 907 3650 mate
939 3601 1253 3660 sacerdotii,
1287 3602 1414 3653 etei
1459 3602 1670 3653 tradere
1718 3604 1917 3663 vicum,
1974 3603 2066 3669 qui
2124 3610 2207 3653 est
2263 3600 2327 3652 ad

764 3686 1191 3757 Hellespontum.
1222 3689 1385 3744 Forte
1435 3692 1654 3759 poterit,
1689 3706 1841 3759 opem
1875 3706 2105 3760 superna
2141 3690 2188 3744 ei
2251 3690 2329 3743 l'e—

764 3790 921 3834 rente
953 3781 1163 3851 gratia,
1223 3781 1420 3838 multos
1471 3783 1733 3837 deducere
1758 3782 1823 3836 ad
1858 3782 2186 3853 agnitionem
2237 3794 2330 3834 ve-

760 3878 963 3933 ritatis.
992 3877 1116 3931 Haec
1158 3878 1314 3945 dixit,
1348 3889 1404 3933 et
1459 3894 1489 3935 e
1557 3869 1815 3934 cathedra
1879 3880 2057 3933 statim
2104 3890 2330 3946 surgens

760 3968 1071 4040 episcopus,
1100 3970 1244 4022 vadit
1271 3970 1341 4021 ad
1367 3968 1679 4022 Abramium
1701 3984 1824 4021 cum
1866 3970 2120 4021 universo
2158 3968 2325 4021 clero.

761 4058 965 4128 Etiam
989 4059 1165 4116 solitis
1192 4060 1352 4114 dictis
1375 4059 1625 4129 precibus
1655 4066 1934 4129 postquam
1957 4072 2078 4111 eum
2104 4057 2155 4111 ln
2174 4056 2331 4111 Chri-

761 4158 847 4203 sto
879 4151 1183 4214 salutasset,
1218 4151 1524 4205 etosculum
1552 4152 1805 4215 dedisset,
1838 4151 1902 4205 de
1952 4151 2069 4205 vico
2134 4149 2184 4204 ei
2235 4165 2330 4204 ex-

762 4241 1135 4307 ponitomnia.
1181 4240 1443 4295 Praeterea
1477 4251 1655 4294 autem
1708 4256 1833 4294 eum
1907 4256 2119 4309 quoque
2175 4242 2329 4294 valde

760 4330 995 4400 rogavit,
1026 4340 1082 4383 ut
1110 4330 1322 4385 illorum
1336 4330 1632 4399 susciperet
1656 4329 2054 4398 praefecturam.
2088 4328 2179 4385 Ille
2201 4345 2327 4384 vero

762 4438 884 4476 cum
920 4424 1151 4490 primum
1205 4423 1420 4491 quidem
1474 4422 1790 4496 episcopum
1854 4422 2136 4477 advenisse
2188 4438 2328 4494 aegre

2431 1956 2537 2008 τῶν
2569 1958 2660 2010 τὸν
2692 1962 2900 2032 μονήρη
2960 1963 3073 2032 βίον
3118 1968 3485 2036 ἀνῃρημένων
3531 1967 3843 2019 διδάσκαλοι
3873 1970 4010 2037 παρ’

2432 2048 2596 2101 αὐτοῦ
2624 2054 2687 2120 τῇ
2718 2051 2878 2123 κώμῃ
2910 2056 3236 2108 καθίσταντο
3258 2073 3269 2085 ’
3304 2058 3510 2108 τούτων
3540 2057 3595 2108 δέ
3634 2059 3786 2126 ὅμως
3832 2058 4014 2117 οωεὶς

2436 2138 2763 2207 μεταϐαλεῖν
2798 2144 2995 2205 αὐτοὺς
3028 2144 3124 2213 τῆς
3152 2145 3368 2215 ἀπάτης
3416 2146 3654 2212 ἠδύνατο
3676 2157 3690 2173 ⁶
3750 2146 3885 2198 ἀλλὰ
3919 2146 4014 2197 καὶ

2433 2229 2655 2299 βάσανοι
2711 2235 2911 2304 μᾶλλον
2971 2240 3114 2290 κατὰ
3169 2241 3276 2291 τῶν
3316 2240 3555 2293 εὐσεϐῶν
3606 2240 3701 2293 καὶ
3744 2240 4013 2309 τιμωρίαι

2431 2323 2562 2390 παρ’
2594 2324 2815 2377 ἐκείνων
2846 2327 3143 2395 ἡπείληντο
3205 2328 3299 2381 καὶ
3348 2330 3622 2391 κολάσεως
3662 2326 3799 2389 εἶδος
3856 2330 4012 2380 οὐδὲν

2429 2411 2565 2477 ὅλως
2589 2409 2675 2483 ἦν,
2711 2415 2736 2467 ὃ
2771 2417 2844 2485 μὴ
2876 2418 3083 2479 τούτοις
3108 2421 3351 2489 φοϐερῶς
3394 2420 3698 2473 ἐπεσείετο.
3739 2420 4010 2487 Ἀπορου-

2435 2505 2595 2573 μένου
2631 2508 2810 2559 τοίνυν
2835 2508 2927 2560 τοῦ
2966 2512 3061 2579 τῆς
3095 2512 3400 2579 ἐπισκοπῆς
3444 2511 3805 2581 προεστῶτος,
3839 2512 3892 2563 τί
3940 2512 4015 2563 ἂν

2429 2597 2536 2649 δέοι
2569 2602 2740 2650 ποιεῖν
2774 2601 2908 2671 πρὸς
2937 2602 3033 2672 τὴν
3065 2603 3173 2654 τῶν
3216 2603 3652 2673 πεπλανημένων
3684 2607 4010 2671 ἐπίγνωσιν,

2431 2690 2525 2740 καὶ
2563 2688 2756 2758 δήποτε
2786 2691 2843 2742 τὸ
2868 2694 3098 2761 πρᾶγμα
3137 2697 3248 2756 τοῖς
3280 2696 3404 2762 περὶ.
3439 2696 3596 2746 αὑτὸν
3629 2695 4011 2762 κοινουμένου,

2433 2781 2621 2850 μνήμη
2682 2800 2763 2844 τις
2820 2784 3202 2851 παρεμπίπτει
3251 2784 3453 2852 μεταξὺ
3518 2787 3612 2836 τοῦ
3687 2785 4013 2853 θαυμαστοῦ

2442 2871 2741 2942 Ἀϐραμίου
2769 2893 2780 2904 ·
2816 2876 2908 2926 καὶ
2931 2874 3028 2937 τὰς
3059 2876 3209 2945 παρὰ
3239 2876 3346 2928 τῶν
3379 2877 3554 2929 ἄλλων
3601 2876 3761 2938 αὐτὸς
3795 2892 4013 2945 μαρτυ-

2435 2963 2555 3032 ρίας
2589 2964 2687 3015 οὐκ
2718 2965 3038 3033 ἀναμείνας,
3068 2964 3281 3035 πρῶτος
3313 2966 3476 3027 εὐθὺς
3503 2965 3599 3028 τὰς
3631 2965 3839 3026 οίκείας
3876 2966 4015 3035 περὶ

2431 3056 2596 3111 αὑτοῦ
2652 3058 2864 3119 πίστεις
2923 3059 3263 3127 παρέσχετο·
3302 3058 3635 3109 Πιστεύσατέ
3671 3074 3782 3124 μοι,
3817 3056 4013 3122 τέκνα,

2356 3185 2398 3241 c
2431 3150 2621 3214 είπὼν,
2652 3148 2756 3200 ὑπὸ
2790 3149 3028 3217 μάρτυρι
3056 3148 3301 3217 μέλλοντι
3330 3148 3508 3214 λέγειν
3540 3151 3605 3215 τῇ
3650 3147 3897 3216 ἀληθείᾳ,
3931 3147 4014 3209 ὡς

2432 3240 2685 3291 οὐδέποτέ
2720 3250 2809 3307 μοι
2840 3238 2926 3290 διὰ
2963 3239 3144 3308 πάσης
3173 3238 3389 3306 ἐγένετο
3442 3239 3538 3305 τῆς
3574 3237 3715 3307 ζωῆς
3764 3240 4015 3291 τοιοῦτον

2432 3328 2599 3398 ἄνδρα
2634 3329 2758 3380 ἰδεῖν
2794 3328 2885 3380 καὶ
2925 3327 3096 3390 οὕτως
3133 3332 3189 3381 ἐν
3219 3331 3389 3399 αρετῇ
3428 3327 3667 3397 τοσαύτῃ
3707 3328 3883 3391 ζῶντα
3914 3332 4016 3382 καὶ

2432 3420 2708 3489 εὐλαϐείᾳ.
2733 3421 2854 3472 Τῶν
2881 3420 2937 3473 δέ
2960 3422 3027 3473 τὰ
3049 3424 3181 3490 παρ’
3216 3421 3381 3472 αὐτοῦ
3412 3424 3680 3491 εἰρημένα
3722 3424 3872 3487 φωνῇ
3906 3422 4013 3493 μία

2431 3514 2962 3582 ἐπισφραγισάντων,
2990 3513 3154 3564 πάλιν
3184 3514 3375 3574 αὐτός’
3409 3514 3625 3566 Ἔννοιά
3649 3513 3716 3581 μέ
3744 3529 3827 3574 τις
3848 3508 4011 3581 ἦλθε,

2432 3602 2597 3671 φησί’
2648 3602 2927 3671 θειοτέρας
2973 3602 3030 3654 δὲ
3055 3597 3207 3672 οἶμαι
3252 3603 3347 3654 καὶ
3402 3603 3656 3668 προνοίας
3724 3601 3861 3672 αὓτη
3909 3604 4012 3656 καὶ

2430 3692 2762 3759 οἰκονομίας,
2802 3692 2879 3759 τῷ
2930 3694 3027 3761 τῆς
3055 3692 3355 3762 ἱερωσύνης
3411 3692 3573 3743 αὐτὸν
3623 3692 3885 3759 χρίσματι
3916 3708 4013 3745 τι·

2430 3781 2652 3835 λειῶσαι
2680 3783 2772 3833 καὶ
2794 3783 2891 3851 τὴν
2920 3780 3115 3851 κώμην
3140 3781 3286 3849 αὐτῷ
3313 3781 3409 3848 τὴν
3436 3781 3572 3846 πρὸς
3610 3781 4015 3851 Ἑλλήσποντον

2429 3876 2770 3947 ἐγχειρίσαι·
2803 3878 2929 3937 ἴσως
2957 3874 3267 3943 δυνήσεται,
3302 3872 3703 3944 συναιρομένης
3736 3874 3885 3947 αὐτῷ
3913 3876 4016 3927 καὶ

2427 3970 2525 4036 τῆς
2547 3968 2750 4019 ἀνωθεν
2770 3968 3010 4035 χάριτος,
3048 3970 3126 4029 είς
3165 3967 3461 4033 ἐπίγνωσιν
3481 3966 3580 4034 τῆς
3602 3964 3858 4034 ἀληθείας
3881 3968 4009 4027 τοὺς

2432 4059 2658 4120 πολλοὺς
2682 4057 2970 4126 όδηγῆσαι.
3002 4058 3189 4110 Ταῦτα
3222 4058 3352 4126 ἔφη,
3384 4058 3481 4109 καὶ
3512 4058 3585 4119 ὡς
3621 4051 3767 4127 εἶχεν
3792 4057 4002 4119 εὐθὺςό

2427 4150 2721 4212 ἐπίσκοπος
2748 4151 2845 4218 τῆς
2876 4150 3146 4219 καθέδρας
3176 4149 3501 4214 ἐξαναστὰς,
3528 4149 3645 4215 ἅμα
3673 4149 3748 4215 τῷ
3800 4150 3996 4219 κλήρῳ

2431 4244 2591 4293 παντὶ
2613 4241 2746 4308 πρὸς
2776 4241 2866 4290 τὸν
2901 4242 3173 4307 μακάριον
3210 4240 3397 4291 ἄπεισι
3468 4238 3562 4290 καὶ
3603 4238 3702 4307 τῆς
3734 4240 4004 4310 συνήθους

2429 4332 2594 4399 εὐχῆς
2624 4330 2723 4398 ήδη
2752 4328 3125 4402 γεγενημένης
3158 4330 3295 4397 μετὰ
3330 4329 3417 4381 τὸν
3454 4332 3512 4383 ἐν
3552 4331 3775 4401 Χριστῷ
3826 4334 4011 4386 ἀσπα-

2432 4422 2589 4489 σμὸν,
2609 4421 2827 4489 τὰοπερὶ
2850 4420 2948 4489 τῆς
2978 4419 3167 4489 κώμης
3193 4420 3410 4474 ἅπαντα
3437 4420 3571 4491 πρὸς
3590 4420 3754 4476 αὑτὸν
3780 4422 4005 4493 διεξῄει’

764 4514 999 4575 tulisset,
1024 4524 1080 4567 ut
1104 4515 1195 4584 qui
1225 4522 1442 4581 putaret
1466 4530 1525 4568 se
1555 4529 1675 4569 esse
1720 4516 2018 4585 indignum,
2056 4516 2121 4569 ad
2166 4530 2323 4582 quem

2432 4514 2566 4587 πρὸς
2595 4514 2649 4566 δὲ
2678 4513 2774 4565 καὶ
2799 4512 2950 4581 ἠξίου
2979 4512 3121 4579 μάλα
3147 4512 3363 4578 θερμῶς
3388 4513 3479 4563 τοῦ
3504 4511 3600 4581 τὴν
3627 4513 3849 4564 ἐκείνων
3872 4516 4009 4568 ἀνα-

763 4614 948 4659 tantus
985 4607 1066 4659 vir
1096 4605 1380 4660 accederet
1412 4622 1426 4660 :
1465 4605 1656 4661 deinde
1715 4610 1876 4658 etiam
1924 4621 2042 4675 quae
2096 4607 2324 4671 dixerat,

764 4698 1002 4766 graviter
1027 4698 1344 4765 accepisset,
1384 4708 1601 4766 propter
1652 4712 1899 4766 magnam
1958 4697 2103 4751 illam
2150 4701 2328 4753 cordis

762 4790 1145 4845 contririonem
1180 4798 1233 4842 et
1264 4790 1710 4857 moderationem,
1743 4800 1801 4843 et
1857 4790 1999 4859 quod
2052 4805 2109 4845 se
2180 4793 2327 4849 nullo

762 4889 1043 4951 reputaret
1070 4894 1192 4934 esse
1216 4882 1454 4951 dignum,
1510 4897 1571 4934 ea
1626 4884 1918 4951 respondit,
1947 4899 2066 4952 qua!
2117 4894 2169 4936 et
2236 4886 2324 4940 tali

761 4974 885 5027 vita:
913 4973 1321 5036 conveniebant,
1349 4983 1402 5026 et
1449 4983 1612 5029 tanta:
1658 4974 1985 5028 humilitati:
2039 4976 2170 5041 Quis
2230 4992 2329 5043 ego

764 5077 904 5128 sum,
939 5064 1153 5118 domine
1200 5064 1295 5128 mi,
1335 5064 1541 5127 dicens,
1573 5073 1628 5120 ut
1660 5065 1945 5118 sacerdorii
1973 5074 2178 5118 tantam
2201 5069 2327 5119 sub-

766 5170 882 5215 eam
909 5155 1355 5222 magnitudinem,
1376 5165 1431 5210 et
1461 5156 1641 5223 gravis
1666 5158 1891 5225 populus
1924 5157 2053 5212 mihi
2077 5159 2325 5211 commit-

765 5253 906 5297 tatur
927 5244 1239 5301 docendus?
1272 5246 1398 5299 Sine
1428 5262 1522 5315 per
1555 5245 1851 5312 Christum,
1883 5249 1997 5303 sine
2022 5265 2106 5303 me
2134 5251 2329 5304 acerbe

766 5351 885 5389 mea
912 5336 1106 5390 deﬂere
1140 5346 1389 5406 peccata.

2426 4603 2685 4667 δέξασθαι
2705 4599 3126 4671 προστασίαν·,ό
3151 4599 3206 4651 δὲ
3229 4600 3418 4670 πρῶτα
3449 4600 3547 4667 μὲν
3574 4600 3671 4672 τὴν
3704 4604 4009 4657 ἐπισκόπου

2430 4693 2763 4761 δυσχεράνας
2824 4689 3138 4761 ἐπιδημίαν,
3172 4692 3421 4759 καθάπερ
3454 4692 3552 4761 οὐχ
3588 4693 3772 4744 ἱκανὸν
3814 4696 4012 4746 ἐαυτὸν

2430 4787 2620 4855 ἀνδρὸς
2660 4783 2982 4853 τηλικούτου
3022 4783 3323 4852 παρουσίας
3375 4786 3656 4851 οἰόμενος,
3702 4784 3896 4838 ἔπειτα
3950 4785 4008 4837 δὲ

2431 4878 2524 4931 καὶ
2551 4877 2760 4947 βαρέως
2792 4879 2915 4937 τοὺς
2941 4876 3071 4944 παρ’
3128 4874 3291 4926 αὐτοῦ
3344 4874 3635 4941 δεξάμενος
3691 4877 3881 4943 λόγους
3917 4878 4008 4930 διὰ

2428 4972 2528 5040 τὴν
2554 4971 2752 5038 πολλὴν
2789 4970 3003 5037 ἐκείνην
3034 4967 3323 5037 συντριϐὴν
3364 4970 3463 5036 τῆς
3490 4970 3739 5035 καρδίας,
3774 4972 3867 5020 καὶ
3907 4987 4009 5036 με-

2425 5065 2706 5133 τριότητα,
2741 5063 2834 5113 καὶ
2858 5062 2916 5112 τὸ
2952 5060 3045 5112 τοῦ
3076 5060 3303 5128 μηδενὸς
3333 5059 3483 5124 ἀξιον
3504 5061 3697 5114 ἑαυτὸν
3723 5062 4004 5129 ἡγεῖσθαι,

2428 5155 2497 5210 τὰ
2537 5155 2629 5206 καὶ
2664 5154 2762 5223 βίῳ
2788 5152 3015 5221 τοιούτῳ
3050 5153 3142 5202 καὶ
3175 5152 3501 5204 ταπεινώσει
3556 5152 3793 5221 τοσαύτῃ
3826 5169 4004 5217 προσ-

2428 5250 2650 5315 ήκοντα,
2684 5247 2818 5313 πρὸς
2858 5245 3018 5297 αὐτὸν
3055 5244 3420 5313 ἁπεκρίνατο·
3449 5246 3543 5307 Τίς
3577 5247 3694 5313 είμὶ
3725 5246 3853 5312 ἐγὼ,
3892 5246 4007 5299 Κύ-

2434 5341 2513 5411 ριέ
2544 5357 2666 5408 μου,
2712 5339 2903 5406 Κύριε,
2958 5336 3150 5402 λέγων,
3179 5335 3315 5387 ὥστε
3344 5338 3663 5405 τηλικοῦτον
3700 5338 4004 5409 ἱερωσύνης

768 5433 997 5505 μέγεθος
1034 5433 1284 5490 ὑπελθεῖν
1352 5433 1445 5485 καὶ
1497 5432 1625 5485 λαοῦ
1692 5434 1901 5508 βαρέως
1964 5425 2313 5489 διδασκαλίαν
2367 5437 2813 5509 ἐγχειρισθῆναι;
2876 5435 3074 5487 ’Ἑασον
3133 5434 3220 5489 διὰ
3269 5434 3523 5504 Χριστὸν,
3586 5436 3745 5487 ἔασον
3791 5438 4005 5507 πικρῶς

762 5526 1208 5579 ἁποκλαύσασοαι
1234 5526 1330 5591 τὰς
1358 5528 1597 5596 ἐμαυτοῦ
1626 5530 2021 5600 πλημμελείας.

835 5617 967 5670 Vlll.
996 5619 1093 5673 Cui
1163 5636 1351 5676 rursus
1408 5622 1692 5690 episcopus
1740 5628 2066 5694 respondens
2104 5647 2113 5681 :
2153 5628 2317 5685 Recte

766 5705 901 5767 scio,
946 5705 1135 5774 inquit,
1173 5721 1204 5761 ο
1235 5709 1397 5760 cbare
1433 5708 1503 5761 ﬁli
1532 5710 1772 5773 Abrami,
1805 5716 1943 5779 quod
1978 5716 2167 5783 gratia,
2202 5733 2319 5783 qua:

768 5791 863 5849 tibi
892 5794 1011 5847 data
1049 5804 1127 5848 est
1157 5811 1184 5847 a
1204 5796 1423 5860 Spiritu,
1450 5806 1639 5869 potens
1700 5815 1755 5854 es
1787 5812 1840 5856 et
1861 5805 2038 5858 verbis
2068 5815 2119 5859 et
2144 5807 2317 5861 factis.

2501 5626 2578 5677 H'.
2615 5623 2756 5691 Πρὸς
2788 5622 2845 5674 ὃν
2898 5622 2923 5672 ὁ
2952 5622 3249 5684 ἐπίσκοπος
3310 5618 3465 5686 αὖθις
3496 5622 3582 5674 τὸν
3614 5623 3769 5689 λόγον
3800 5621 4008 5675 ἀναλα-

2431 5718 2538 5769 ϐών
2563 5736 2573 5746 ·
2614 5713 2743 5769 Οἶδα
2783 5716 2990 5782 σαφῶς,
3026 5712 3165 5779 οῖδα,
3187 5718 3376 5768 τέκνον
3410 5716 3681 5775 ποθεινὸν,
3709 5716 4003 5785 ’Λϐράμιε,

2431 5803 2605 5871 εἶπεν,
2645 5808 2805 5879 ώςτῇ
2836 5806 3092 5876 δεδομένη
3133 5824 3211 5860 σοι
3242 5808 3389 5875 παρὰ
3433 5807 3521 5859 τοῦ
3555 5808 3870 5878 Πνεύματος
3904 5808 4004 5878 χάς
