  <div class='ocr_page' id='page_1' title='image "/cluster/home/n/w/nwhite01/storage/ocr_20150623/115/nnc1.0046980261/034.png"; bbox 0 0 4212 6440; ppageno 0'>
   <div class='ocr_carea' id='block_1_1' title="bbox 171 390 1781 455">
    <p class='ocr_par' dir='ltr' id='par_1_1' title="bbox 171 390 1781 455">
     <span class='ocr_line' id='line_1_1' title="bbox 171 390 1781 455; baseline 0.003 -5"><span class='ocrx_word' id='word_1_1' title='bbox 171 391 246 452; x_wconf 83' lang='grc'><strong>53</strong></span> <span class='ocrx_word' id='word_1_2' title='bbox 1442 390 1618 450; x_wconf 85' lang='lat' dir='ltr'><strong>VITA</strong></span> <span class='ocrx_word' id='word_1_3' title='bbox 1661 390 1718 450; x_wconf 91' lang='lat' dir='ltr'><strong>S.</strong></span> <span class='ocrx_word' id='word_1_4' title='bbox 1761 391 1781 455; x_wconf 63' lang='grc' dir='ltr'><strong>ί</strong></span> 
     </span>
    </p>
   </div>
   <div class='ocr_carea' id='block_1_2' title="bbox 1865 390 3417 455">
    <p class='ocr_par' dir='ltr' id='par_1_2' title="bbox 1866 390 3417 454">
     <span class='ocr_line' id='line_1_2' title="bbox 1866 390 3417 454; baseline -0.002 -1"><span class='ocrx_word' id='word_1_5' title='bbox 1866 392 2113 453; x_wconf 75' lang='lat' dir='ltr'><strong>RAMII.</strong></span> <span class='ocrx_word' id='word_1_6' title='bbox 3347 390 3417 454; x_wconf 71' lang='grc'><strong>54</strong></span> 
     </span>
    </p>
   </div>
   <div class='ocr_carea' id='block_1_3' title="bbox 178 494 1781 574">
    <p class='ocr_par' dir='ltr' id='par_1_3' title="bbox 178 494 1748 570">
     <span class='ocr_line' id='line_1_3' title="bbox 178 494 1748 570; baseline -0.001 -16"><span class='ocrx_word' id='word_1_7' title='bbox 178 520 284 570; x_wconf 72' lang='lat' dir='ltr'><strong>pm</strong></span> <span class='ocrx_word' id='word_1_8' title='bbox 347 498 569 562; x_wconf 68' lang='grc' dir='ltr'>δυνατὸς</span> <span class='ocrx_word' id='word_1_9' title='bbox 602 495 654 552; x_wconf 79' lang='grc' dir='ltr'><strong>εί</strong></span> <span class='ocrx_word' id='word_1_10' title='bbox 684 500 775 553; x_wconf 77' lang='grc' dir='ltr'><strong>καὶ</strong></span> <span class='ocrx_word' id='word_1_11' title='bbox 801 499 980 566; x_wconf 84' lang='grc' dir='ltr'>λόγοις</span> <span class='ocrx_word' id='word_1_12' title='bbox 1033 499 1125 552; x_wconf 66' lang='grc' dir='ltr'>καὶ</span> <span class='ocrx_word' id='word_1_13' title='bbox 1180 501 1505 570; x_wconf 71' lang='grc' dir='ltr'>πράγμασιο</span> <span class='ocrx_word' id='word_1_14' title='bbox 1547 502 1622 570; x_wconf 79' lang='grc' dir='ltr'>μὴ</span> <span class='ocrx_word' id='word_1_15' title='bbox 1655 494 1748 553; x_wconf 80' lang='grc' dir='ltr'><strong>οῦν</strong></span> 
     </span>
    </p>
   </div>
   <div class='ocr_carea' id='block_1_4' title="bbox 1865 494 3423 574">
    <p class='ocr_par' dir='ltr' id='par_1_4' title="bbox 1865 502 3423 574">
     <span class='ocr_line' id='line_1_4' title="bbox 1865 502 3423 574; baseline 0.001 -19"><span class='ocrx_word' id='word_1_16' title='bbox 1865 503 1929 557; x_wconf 66' lang='lat' dir='ltr'><strong>Ne</strong></span> <span class='ocrx_word' id='word_1_17' title='bbox 1952 520 2080 573; x_wconf 81' lang='lat' dir='ltr'><strong>ergo</strong></span> <span class='ocrx_word' id='word_1_18' title='bbox 2113 502 2445 558; x_wconf 85' lang='lat' dir='ltr'><strong>dubitavcris</strong></span> <span class='ocrx_word' id='word_1_19' title='bbox 2502 505 2566 559; x_wconf 84' lang='lat' dir='ltr'><strong>ad</strong></span> <span class='ocrx_word' id='word_1_20' title='bbox 2601 518 2800 560; x_wconf 86' lang='lat' dir='ltr'><strong>munus</strong></span> <span class='ocrx_word' id='word_1_21' title='bbox 2840 504 3117 570; x_wconf 81' lang='lat' dir='ltr'><strong>accedere,</strong></span> <span class='ocrx_word' id='word_1_22' title='bbox 3143 504 3283 574; x_wconf 85' lang='lat' dir='ltr'><strong>quod</strong></span> <span class='ocrx_word' id='word_1_23' title='bbox 3314 506 3423 558; x_wconf 82' lang='lat' dir='ltr'><strong>erit</strong></span> 
     </span>
    </p>
   </div>
   <div class='ocr_carea' id='block_1_5' title="bbox 176 590 1781 664">
    <p class='ocr_par' dir='ltr' id='par_1_5' title="bbox 176 590 1746 663">
     <span class='ocr_line' id='line_1_5' title="bbox 176 590 1746 663; baseline 0.002 -20"><span class='ocrx_word' id='word_1_24' title='bbox 176 592 492 662; x_wconf 70' lang='grc' dir='ltr'>ἀποκνήσῃς</span> <span class='ocrx_word' id='word_1_25' title='bbox 549 590 697 661; x_wconf 66' lang='grc' dir='ltr'>ἔργῳ</span> <span class='ocrx_word' id='word_1_26' title='bbox 743 590 991 645; x_wconf 72' lang='grc' dir='ltr'>καθεῖναι</span> <span class='ocrx_word' id='word_1_27' title='bbox 1045 592 1264 653; x_wconf 80' lang='grc' dir='ltr'>σαυτὸν,</span> <span class='ocrx_word' id='word_1_28' title='bbox 1312 591 1581 660; x_wconf 79' lang='grc' dir='ltr'><strong>τοσαύτης</strong></span> <span class='ocrx_word' id='word_1_29' title='bbox 1648 593 1746 663; x_wconf 69' lang='grc' dir='ltr'><strong>μὶν</strong></span> 
     </span>
    </p>
   </div>
   <div class='ocr_carea' id='block_1_6' title="bbox 1865 590 3425 664">
    <p class='ocr_par' dir='ltr' id='par_1_6' title="bbox 1865 595 3425 664">
     <span class='ocr_line' id='line_1_6' title="bbox 1865 595 3425 664; baseline 0.001 -15"><span class='ocrx_word' id='word_1_30' title='bbox 1865 596 2061 664; x_wconf 76' lang='grc' dir='ltr'>ιυίιιειη</span> <span class='ocrx_word' id='word_1_31' title='bbox 2093 610 2252 652; x_wconf 83' lang='lat' dir='ltr'><strong>causa</strong></span> <span class='ocrx_word' id='word_1_32' title='bbox 2302 605 2467 650; x_wconf 66' lang='lat' dir='ltr'><strong>tanta</strong></span> <span class='ocrx_word' id='word_1_33' title='bbox 2519 597 2820 650; x_wconf 88' lang='lat' dir='ltr'><strong>animarum</strong></span> <span class='ocrx_word' id='word_1_34' title='bbox 2876 595 3143 660; x_wconf 92' lang='lat' dir='ltr'><strong>utilitatis,</strong></span> <span class='ocrx_word' id='word_1_35' title='bbox 3203 612 3425 664; x_wconf 74' lang='lat' dir='ltr'><strong>magnas</strong></span> 
     </span>
    </p>
   </div>
   <div class='ocr_carea' id='block_1_7' title="bbox 175 681 1781 755">
    <p class='ocr_par' dir='ltr' id='par_1_7' title="bbox 175 681 1749 755">
     <span class='ocr_line' id='line_1_7' title="bbox 175 681 1749 755; baseline -0.011 0"><span class='ocrx_word' id='word_1_36' title='bbox 175 684 362 755; x_wconf 67' lang='grc' dir='ltr'><strong>ΨυΧίῖΝ</strong></span> <span class='ocrx_word' id='word_1_37' title='bbox 404 681 674 752; x_wconf 75' lang='grc' dir='ltr'>ὠφελείαις</span> <span class='ocrx_word' id='word_1_38' title='bbox 705 681 885 752; x_wconf 69' lang='grc' dir='ltr'>αἰτίῳ,</span> <span class='ocrx_word' id='word_1_39' title='bbox 933 683 1179 752; x_wconf 81' lang='grc' dir='ltr'><strong>μεγάλας</strong></span> <span class='ocrx_word' id='word_1_40' title='bbox 1227 685 1284 738; x_wconf 64' lang='grc' dir='ltr'>δὲ</span> <span class='ocrx_word' id='word_1_41' title='bbox 1320 685 1416 738; x_wconf 88' lang='grc' dir='ltr'><strong>καί</strong></span> <span class='ocrx_word' id='word_1_42' title='bbox 1469 701 1552 738; x_wconf 86' lang='grc' dir='ltr'><strong>σοι</strong></span> <span class='ocrx_word' id='word_1_43' title='bbox 1597 686 1749 752; x_wconf 79' lang='grc' dir='ltr'><strong>παρά</strong></span> 
     </span>
    </p>
   </div>
   <div class='ocr_carea' id='block_1_8' title="bbox 1865 681 3422 755">
    <p class='ocr_par' dir='ltr' id='par_1_8' title="bbox 1865 686 3422 755">
     <span class='ocr_line' id='line_1_8' title="bbox 1865 686 3422 755; baseline 0.003 -18"><span class='ocrx_word' id='word_1_44' title='bbox 1865 698 2029 740; x_wconf 66' lang='lat' dir='ltr'><strong>autem</strong></span> <span class='ocrx_word' id='word_1_45' title='bbox 2061 689 2199 755; x_wconf 89' lang='lat' dir='ltr'><strong>apud</strong></span> <span class='ocrx_word' id='word_1_46' title='bbox 2230 686 2394 742; x_wconf 90' lang='lat' dir='ltr'><strong>Deum</strong></span> <span class='ocrx_word' id='word_1_47' title='bbox 2451 688 2544 743; x_wconf 87' lang='lat' dir='ltr'><strong>tibi</strong></span> <span class='ocrx_word' id='word_1_48' title='bbox 2597 687 2904 743; x_wconf 88' lang='lat' dir='ltr'><strong>conciliabit</strong></span> <span class='ocrx_word' id='word_1_49' title='bbox 2937 689 3422 743; x_wconf 84' lang='lat' dir='ltr'><strong>remunerationes.</strong></span> 
     </span>
    </p>
   </div>
   <div class='ocr_carea' id='block_1_9' title="bbox 176 774 1781 850">
    <p class='ocr_par' dir='ltr' id='par_1_9' title="bbox 176 774 1748 848">
     <span class='ocr_line' id='line_1_9' title="bbox 176 774 1748 848; baseline -0.001 -18"><span class='ocrx_word' id='word_1_50' title='bbox 176 779 313 833; x_wconf 80' lang='grc' dir='ltr'>Θεοῦ</span> <span class='ocrx_word' id='word_1_51' title='bbox 344 774 699 848; x_wconf 80' lang='grc' dir='ltr'>προξενοῦντι</span> <span class='ocrx_word' id='word_1_52' title='bbox 746 778 844 838; x_wconf 82' lang='grc' dir='ltr'>τὰς</span> <span class='ocrx_word' id='word_1_53' title='bbox 880 776 1198 836; x_wconf 84' lang='grc' dir='ltr'>ἀντιδόσεις.</span> <span class='ocrx_word' id='word_1_54' title='bbox 1239 775 1300 832; x_wconf 86' lang='lat'><strong>&#39;0</strong></span> <span class='ocrx_word' id='word_1_55' title='bbox 1329 777 1386 830; x_wconf 80' lang='grc' dir='ltr'>δὲ</span> <span class='ocrx_word' id='word_1_56' title='bbox 1413 779 1524 840; x_wconf 75' lang='grc' dir='ltr'><strong>τοϊς</strong></span> <span class='ocrx_word' id='word_1_57' title='bbox 1552 776 1748 846; x_wconf 77' lang='grc' dir='ltr'>προτέ-</span> 
     </span>
    </p>
   </div>
   <div class='ocr_carea' id='block_1_10' title="bbox 1865 774 3420 850">
    <p class='ocr_par' dir='ltr' id='par_1_10' title="bbox 1865 778 3420 850">
     <span class='ocr_line' id='line_1_10' title="bbox 1865 778 3420 850; baseline 0.003 -21"><span class='ocrx_word' id='word_1_58' title='bbox 1865 778 1944 831; x_wconf 68' lang='lat' dir='ltr'><strong>ille</strong></span> <span class='ocrx_word' id='word_1_59' title='bbox 1979 793 2105 833; x_wconf 87' lang='lat' dir='ltr'><strong>vero</strong></span> <span class='ocrx_word' id='word_1_60' title='bbox 2134 794 2485 847; x_wconf 85' lang='lat' dir='ltr'><strong>perseverans</strong></span> <span class='ocrx_word' id='word_1_61' title='bbox 2518 781 2569 833; x_wconf 91' lang='lat' dir='ltr'><strong>in</strong></span> <span class='ocrx_word' id='word_1_62' title='bbox 2599 781 2868 850; x_wconf 82' lang='lat' dir='ltr'><strong>prioribus</strong></span> <span class='ocrx_word' id='word_1_63' title='bbox 2902 797 2916 834; x_wconf 91' lang='lat'>:</span> <span class='ocrx_word' id='word_1_64' title='bbox 2956 779 3084 834; x_wconf 91' lang='lat' dir='ltr'><strong>Sine</strong></span> <span class='ocrx_word' id='word_1_65' title='bbox 3108 796 3258 846; x_wconf 82' lang='lat' dir='ltr'><strong>rogo,</strong></span> <span class='ocrx_word' id='word_1_66' title='bbox 3297 796 3420 833; x_wconf 88' lang='lat' dir='ltr'><strong>rur-</strong></span> 
     </span>
    </p>
   </div>
   <div class='ocr_carea' id='block_1_11' title="bbox 183 862 1781 942">
    <p class='ocr_par' dir='ltr' id='par_1_11' title="bbox 183 862 1750 940">
     <span class='ocr_line' id='line_1_11' title="bbox 183 862 1750 940; baseline -0.003 -15"><span class='ocrx_word' id='word_1_67' title='bbox 183 888 316 940; x_wconf 82' lang='grc' dir='ltr'>ροις,</span> <span class='ocrx_word' id='word_1_68' title='bbox 334 868 608 938; x_wconf 75' lang='grc' dir='ltr'><strong>ἐπιμένων</strong></span> <span class='ocrx_word' id='word_1_69' title='bbox 630 869 725 920; x_wconf 73' lang='grc' dir='ltr'>καὶ</span> <span class='ocrx_word' id='word_1_70' title='bbox 746 867 826 920; x_wconf 79' lang='grc' dir='ltr'><strong>ἔτι</strong></span> <span class='ocrx_word' id='word_1_71' title='bbox 847 884 860 898; x_wconf 75' lang='grc'><strong><em>⁸</em></strong></span> <span class='ocrx_word' id='word_1_72' title='bbox 884 869 1104 930; x_wconf 88' lang='grc' dir='ltr'>Ἔασον,</span> <span class='ocrx_word' id='word_1_73' title='bbox 1127 862 1281 930; x_wconf 71' lang='grc' dir='ltr'>αὖθις</span> <span class='ocrx_word' id='word_1_74' title='bbox 1301 868 1627 938; x_wconf 74' lang='grc' dir='ltr'><strong>παρακαλῶ,</strong></span> <span class='ocrx_word' id='word_1_75' title='bbox 1657 871 1750 921; x_wconf 77' lang='grc' dir='ltr'><strong>ἔα-</strong></span> 
     </span>
    </p>
   </div>
   <div class='ocr_carea' id='block_1_12' title="bbox 1865 862 3422 942">
    <p class='ocr_par' dir='ltr' id='par_1_12' title="bbox 1865 870 3422 942">
     <span class='ocr_line' id='line_1_12' title="bbox 1865 870 3422 942; baseline 0.001 -18"><span class='ocrx_word' id='word_1_76' title='bbox 1865 886 1944 926; x_wconf 74' lang='lat' dir='ltr'><strong>tus</strong></span> <span class='ocrx_word' id='word_1_77' title='bbox 1972 870 2202 936; x_wconf 87' lang='lat' dir='ltr'><strong>dicebat,</strong></span> <span class='ocrx_word' id='word_1_78' title='bbox 2228 871 2346 925; x_wconf 83' lang='lat' dir='ltr'><strong>sine</strong></span> <span class='ocrx_word' id='word_1_79' title='bbox 2379 887 2463 925; x_wconf 91' lang='lat' dir='ltr'><strong>me</strong></span> <span class='ocrx_word' id='word_1_80' title='bbox 2481 871 2615 924; x_wconf 87' lang='lat' dir='ltr'><strong>mala</strong></span> <span class='ocrx_word' id='word_1_81' title='bbox 2649 873 2864 942; x_wconf 90' lang='lat' dir='ltr'><strong>propria</strong></span> <span class='ocrx_word' id='word_1_82' title='bbox 2899 872 3115 925; x_wconf 85' lang='lat' dir='ltr'><strong>deﬂere.</strong></span> <span class='ocrx_word' id='word_1_83' title='bbox 3150 871 3242 924; x_wconf 89' lang='lat' dir='ltr'><strong>ille</strong></span> <span class='ocrx_word' id='word_1_84' title='bbox 3274 886 3422 937; x_wconf 86' lang='lat' dir='ltr'><strong>vero,</strong></span> 
     </span>
    </p>
   </div>
   <div class='ocr_carea' id='block_1_13' title="bbox 179 958 1781 1031">
    <p class='ocr_par' dir='ltr' id='par_1_13' title="bbox 179 958 1749 1028">
     <span class='ocr_line' id='line_1_13' title="bbox 179 958 1749 1028; baseline -0.003 -12"><span class='ocrx_word' id='word_1_85' title='bbox 179 979 290 1027; x_wconf 88' lang='grc' dir='ltr'>σον,</span> <span class='ocrx_word' id='word_1_86' title='bbox 315 960 488 1028; x_wconf 78' lang='grc' dir='ltr'>ἔλεγε,</span> <span class='ocrx_word' id='word_1_87' title='bbox 506 958 574 1013; x_wconf 75' lang='grc' dir='ltr'><strong>τὰ</strong></span> <span class='ocrx_word' id='word_1_88' title='bbox 590 960 769 1013; x_wconf 75' lang='grc' dir='ltr'>οἰκεῖα</span> <span class='ocrx_word' id='word_1_89' title='bbox 789 958 1056 1028; x_wconf 84' lang='grc' dir='ltr'>θρηνῆσαι</span> <span class='ocrx_word' id='word_1_90' title='bbox 1073 960 1237 1013; x_wconf 75' lang='grc' dir='ltr'>κακά.</span> <span class='ocrx_word' id='word_1_91' title='bbox 1261 960 1371 1012; x_wconf 73' lang='grc' dir='ltr'><strong>Καὶ</strong></span> <span class='ocrx_word' id='word_1_92' title='bbox 1389 959 1443 1021; x_wconf 79' lang='grc' dir='ltr'><strong>ὃς</strong></span> <span class='ocrx_word' id='word_1_93' title='bbox 1459 958 1749 1012; x_wconf 84' lang='grc' dir='ltr'>ὑπολαϐὼν</span> 
     </span>
    </p>
   </div>
   <div class='ocr_carea' id='block_1_14' title="bbox 1865 958 3402 1031">
    <p class='ocr_par' dir='ltr' id='par_1_14' title="bbox 1865 961 3402 1031">
     <span class='ocr_line' id='line_1_14' title="bbox 1865 961 3402 1031; baseline 0.001 -17"><span class='ocrx_word' id='word_1_94' title='bbox 1865 961 2205 1030; x_wconf 74' lang='lat' dir='ltr'><strong>respondens,</strong></span> <span class='ocrx_word' id='word_1_95' title='bbox 2240 962 2542 1017; x_wconf 83' lang='lat' dir='ltr'><strong>acrioribus</strong></span> <span class='ocrx_word' id='word_1_96' title='bbox 2600 977 2721 1016; x_wconf 92' lang='lat' dir='ltr'><strong>eum</strong></span> <span class='ocrx_word' id='word_1_97' title='bbox 2758 963 2938 1018; x_wconf 84' lang='lat' dir='ltr'><strong>verbis</strong></span> <span class='ocrx_word' id='word_1_98' title='bbox 2989 963 3226 1031; x_wconf 79' lang='lat' dir='ltr'><strong>excepit,</strong></span> <span class='ocrx_word' id='word_1_99' title='bbox 3259 963 3402 1016; x_wconf 84' lang='lat' dir='ltr'><strong>Ecce</strong></span> 
     </span>
    </p>
   </div>
   <div class='ocr_carea' id='block_1_15' title="bbox 176 1050 1781 1124">
    <p class='ocr_par' dir='ltr' id='par_1_15' title="bbox 176 1050 1749 1124">
     <span class='ocr_line' id='line_1_15' title="bbox 176 1050 1749 1124; baseline -0.004 -18"><span class='ocrx_word' id='word_1_100' title='bbox 176 1055 526 1124; x_wconf 75' lang='grc' dir='ltr'><strong>δριμυτέροις</strong></span> <span class='ocrx_word' id='word_1_101' title='bbox 545 1051 707 1104; x_wconf 82' lang='grc' dir='ltr'>αὑτὸν</span> <span class='ocrx_word' id='word_1_102' title='bbox 731 1051 994 1119; x_wconf 75' lang='grc' dir='ltr'>ἠμείϐετο</span> <span class='ocrx_word' id='word_1_103' title='bbox 1024 1051 1206 1118; x_wconf 79' lang='grc' dir='ltr'><strong>λόγοις</strong></span> <span class='ocrx_word' id='word_1_104' title='bbox 1230 1067 1242 1080; x_wconf 78' lang='grc' dir='ltr'><strong>ο</strong></span> <span class='ocrx_word' id='word_1_105' title='bbox 1280 1050 1410 1102; x_wconf 78' lang='grc' dir='ltr'>Ἰδοὺ</span> <span class='ocrx_word' id='word_1_106' title='bbox 1441 1051 1504 1120; x_wconf 82' lang='grc' dir='ltr'>δὴ</span> <span class='ocrx_word' id='word_1_107' title='bbox 1525 1052 1749 1120; x_wconf 81' lang='grc' dir='ltr'>κόσμον,</span> 
     </span>
    </p>
   </div>
   <div class='ocr_carea' id='block_1_16' title="bbox 1865 1050 3424 1124">
    <p class='ocr_par' dir='ltr' id='par_1_16' title="bbox 1865 1051 3424 1123">
     <span class='ocr_line' id='line_1_16' title="bbox 1865 1051 3424 1123; baseline -0.001 -18"><span class='ocrx_word' id='word_1_108' title='bbox 1865 1052 2059 1117; x_wconf 78' lang='lat' dir='ltr'><strong>iicens,</strong></span> <span class='ocrx_word' id='word_1_109' title='bbox 2097 1062 2286 1106; x_wconf 90' lang='lat' dir='ltr'><strong>cumet</strong></span> <span class='ocrx_word' id='word_1_110' title='bbox 2315 1054 2595 1118; x_wconf 89' lang='lat' dir='ltr'><strong>mundum,</strong></span> <span class='ocrx_word' id='word_1_111' title='bbox 2631 1063 2682 1108; x_wconf 92' lang='lat' dir='ltr'><strong>et</strong></span> <span class='ocrx_word' id='word_1_112' title='bbox 2706 1069 2825 1123; x_wconf 64' lang='lat' dir='ltr'><strong>quae</strong></span> <span class='ocrx_word' id='word_1_113' title='bbox 2858 1053 3042 1106; x_wconf 92' lang='lat' dir='ltr'><strong>mundi</strong></span> <span class='ocrx_word' id='word_1_114' title='bbox 3085 1061 3212 1106; x_wconf 90' lang='lat' dir='ltr'><strong>sunt</strong></span> <span class='ocrx_word' id='word_1_115' title='bbox 3241 1051 3424 1106; x_wconf 84' lang='lat' dir='ltr'><strong>omnia</strong></span> 
     </span>
    </p>
   </div>
   <div class='ocr_carea' id='block_1_17' title="bbox 178 1141 1781 1214">
    <p class='ocr_par' dir='ltr' id='par_1_17' title="bbox 178 1141 1750 1214">
     <span class='ocr_line' id='line_1_17' title="bbox 178 1141 1750 1214; baseline -0.003 -15"><span class='ocrx_word' id='word_1_116' title='bbox 178 1147 372 1214; x_wconf 81' lang='grc' dir='ltr'>λέγων,</span> <span class='ocrx_word' id='word_1_117' title='bbox 430 1145 526 1197; x_wconf 64' lang='grc' dir='ltr'><strong>καὶ⁵</strong></span> <span class='ocrx_word' id='word_1_118' title='bbox 579 1145 646 1197; x_wconf 62' lang='grc' dir='ltr'>τι</span> <span class='ocrx_word' id='word_1_119' title='bbox 681 1142 774 1195; x_wconf 88' lang='grc' dir='ltr'><strong>τοῦ</strong></span> <span class='ocrx_word' id='word_1_120' title='bbox 803 1143 1014 1210; x_wconf 81' lang='grc' dir='ltr'><strong>κόσμου</strong></span> <span class='ocrx_word' id='word_1_121' title='bbox 1073 1141 1412 1203; x_wconf 84' lang='grc' dir='ltr'>καταλιπὼν,</span> <span class='ocrx_word' id='word_1_122' title='bbox 1446 1142 1540 1194; x_wconf 72' lang='grc' dir='ltr'>καὶ</span> <span class='ocrx_word' id='word_1_123' title='bbox 1566 1143 1615 1194; x_wconf 88' lang='grc' dir='ltr'><strong>τί</strong></span> <span class='ocrx_word' id='word_1_124' title='bbox 1653 1143 1750 1210; x_wconf 85' lang='grc' dir='ltr'>μὲν</span> 
     </span>
    </p>
   </div>
   <div class='ocr_carea' id='block_1_18' title="bbox 1865 1141 3427 1214">
    <p class='ocr_par' dir='ltr' id='par_1_18' title="bbox 1865 1143 3427 1214">
     <span class='ocr_line' id='line_1_18' title="bbox 1865 1143 3427 1214; baseline 0.003 -20"><span class='ocrx_word' id='word_1_125' title='bbox 1865 1143 2162 1212; x_wconf 85' lang='lat' dir='ltr'><strong>reliqueris,</strong></span> <span class='ocrx_word' id='word_1_126' title='bbox 2196 1153 2249 1198; x_wconf 89' lang='lat' dir='ltr'><strong>et</strong></span> <span class='ocrx_word' id='word_1_127' title='bbox 2287 1145 2418 1214; x_wconf 91' lang='lat' dir='ltr'><strong>quid</strong></span> <span class='ocrx_word' id='word_1_128' title='bbox 2452 1160 2557 1199; x_wconf 91' lang='lat' dir='ltr'><strong>non</strong></span> <span class='ocrx_word' id='word_1_129' title='bbox 2599 1145 2867 1200; x_wconf 88' lang='lat' dir='ltr'><strong>laudabile</strong></span> <span class='ocrx_word' id='word_1_130' title='bbox 2909 1145 3128 1214; x_wconf 89' lang='lat' dir='ltr'><strong>quidem</strong></span> <span class='ocrx_word' id='word_1_131' title='bbox 3165 1160 3427 1200; x_wconf 76' lang='lat' dir='ltr'><strong>exercue-</strong></span> 
     </span>
    </p>
   </div>
   <div class='ocr_carea' id='block_1_19' title="bbox 1273 1232 3431 1307">
    <p class='ocr_par' dir='ltr' id='par_1_19' title="bbox 1273 1232 3431 1307">
     <span class='ocr_line' id='line_1_19' title="bbox 1273 1232 3431 1307; baseline 0.003 -22"><span class='ocrx_word' id='word_1_132' title='bbox 1273 1232 1340 1285; x_wconf 78' lang='grc' dir='ltr'>ὧν</span> <span class='ocrx_word' id='word_1_133' title='bbox 1379 1232 1472 1285; x_wconf 84' lang='grc' dir='ltr'><strong>τοῦ</strong></span> <span class='ocrx_word' id='word_1_134' title='bbox 1505 1232 1639 1285; x_wconf 85' lang='grc' dir='ltr'>Θεοῦ</span> <span class='ocrx_word' id='word_1_135' title='bbox 1670 1235 1752 1285; x_wconf 82' lang='grc' dir='ltr'><strong>ὲν·</strong></span> <span class='ocrx_word' id='word_1_136' title='bbox 1858 1236 1952 1300; x_wconf 91' lang='lat' dir='ltr'><strong>ris,</strong></span> <span class='ocrx_word' id='word_1_137' title='bbox 1977 1237 2248 1305; x_wconf 80' lang='lat' dir='ltr'><strong>quodnam</strong></span> <span class='ocrx_word' id='word_1_138' title='bbox 2299 1247 2478 1291; x_wconf 91' lang='lat' dir='ltr'><strong>autem</strong></span> <span class='ocrx_word' id='word_1_139' title='bbox 2531 1237 2624 1292; x_wconf 89' lang='lat' dir='ltr'><strong>Dei</strong></span> <span class='ocrx_word' id='word_1_140' title='bbox 2675 1247 3000 1307; x_wconf 65' lang='lat' dir='ltr'><strong>prmeeptum</strong></span> <span class='ocrx_word' id='word_1_141' title='bbox 3042 1252 3145 1290; x_wconf 90' lang='lat' dir='ltr'><strong>non</strong></span> <span class='ocrx_word' id='word_1_142' title='bbox 3180 1245 3431 1291; x_wconf 82' lang='lat' dir='ltr'><strong>accurato</strong></span> 
     </span>
    </p>
   </div>
   <div class='ocr_carea' id='block_1_20' title="bbox 178 1232 1752 1306">
    <p class='ocr_par' dir='ltr' id='par_1_20' title="bbox 178 1232 1752 1306">
     <span class='ocr_line' id='line_1_20' title="bbox 178 1232 1752 1306; baseline -0.004 -14"><span class='ocrx_word' id='word_1_143' title='bbox 178 1239 280 1292; x_wconf 87' lang='grc' dir='ltr'><strong>οὑκ</strong></span> <span class='ocrx_word' id='word_1_144' title='bbox 311 1237 563 1306; x_wconf 80' lang='grc' dir='ltr'><strong>ἀσκήσας</strong></span> <span class='ocrx_word' id='word_1_145' title='bbox 593 1235 910 1299; x_wconf 78' lang='grc' dir='ltr'>ἐπαινετὸν,</span> <span class='ocrx_word' id='word_1_146' title='bbox 946 1235 1106 1297; x_wconf 88' lang='grc' dir='ltr'>ποίας</span> <span class='ocrx_word' id='word_1_147' title='bbox 1142 1233 1198 1286; x_wconf 76' lang='grc' dir='ltr'>δὲ</span> <span class='ocrx_word' id='word_1_148' title='bbox 1233 1232 1340 1286; x_wconf 85' lang='grc' dir='ltr'>τῶν</span> <span class='ocrx_word' id='word_1_149' title='bbox 1379 1232 1472 1285; x_wconf 86' lang='grc' dir='ltr'>τοῦ</span> <span class='ocrx_word' id='word_1_150' title='bbox 1505 1232 1639 1285; x_wconf 84' lang='grc' dir='ltr'>Θεοῦ</span> <span class='ocrx_word' id='word_1_151' title='bbox 1670 1235 1752 1285; x_wconf 83' lang='grc' dir='ltr'><strong>ὲν-</strong></span> 
     </span>
    </p>
   </div>
   <div class='ocr_carea' id='block_1_21' title="bbox 178 1325 1781 1402">
    <p class='ocr_par' dir='ltr' id='par_1_21' title="bbox 178 1325 1753 1398">
     <span class='ocr_line' id='line_1_21' title="bbox 178 1325 1753 1398; baseline -0.002 -17"><span class='ocrx_word' id='word_1_152' title='bbox 178 1328 346 1382; x_wconf 87' lang='grc' dir='ltr'><strong>τολῶν</strong></span> <span class='ocrx_word' id='word_1_153' title='bbox 377 1328 451 1398; x_wconf 84' lang='grc' dir='ltr'><strong>μὴ</strong></span> <span class='ocrx_word' id='word_1_154' title='bbox 482 1326 660 1396; x_wconf 81' lang='grc' dir='ltr'>φύλαξ</span> <span class='ocrx_word' id='word_1_155' title='bbox 699 1325 1000 1394; x_wconf 76' lang='grc' dir='ltr'><strong>ἀναφανεὶς</strong></span> <span class='ocrx_word' id='word_1_156' title='bbox 1028 1325 1446 1394; x_wconf 81' lang='grc' dir='ltr'>ἀκριϐέστατος,</span> <span class='ocrx_word' id='word_1_157' title='bbox 1483 1325 1544 1377; x_wconf 81' lang='grc' dir='ltr'>τὸ</span> <span class='ocrx_word' id='word_1_158' title='bbox 1583 1325 1753 1392; x_wconf 79' lang='grc' dir='ltr'>κεφάο</span> 
     </span>
    </p>
   </div>
   <div class='ocr_carea' id='block_1_22' title="bbox 1865 1325 3432 1402">
    <p class='ocr_par' dir='ltr' id='par_1_22' title="bbox 1865 1329 3432 1402">
     <span class='ocr_line' id='line_1_22' title="bbox 1865 1329 3432 1402; baseline -0.001 -18"><span class='ocrx_word' id='word_1_159' title='bbox 1865 1329 2179 1394; x_wconf 81' lang='lat' dir='ltr'><strong>servaveris,</strong></span> <span class='ocrx_word' id='word_1_160' title='bbox 2212 1331 2264 1385; x_wconf 92' lang='lat' dir='ltr'><strong>id</strong></span> <span class='ocrx_word' id='word_1_161' title='bbox 2289 1331 2431 1400; x_wconf 90' lang='lat' dir='ltr'><strong>quod</strong></span> <span class='ocrx_word' id='word_1_162' title='bbox 2458 1341 2539 1386; x_wconf 89' lang='lat' dir='ltr'><strong>est</strong></span> <span class='ocrx_word' id='word_1_163' title='bbox 2561 1333 2910 1402; x_wconf 69' lang='lat' dir='ltr'><strong>praecipuum,</strong></span> <span class='ocrx_word' id='word_1_164' title='bbox 2944 1332 3127 1385; x_wconf 88' lang='lat' dir='ltr'><strong>nescio</strong></span> <span class='ocrx_word' id='word_1_165' title='bbox 3161 1330 3432 1400; x_wconf 87' lang='lat' dir='ltr'><strong>quomodo</strong></span> 
     </span>
    </p>
   </div>
   <div class='ocr_carea' id='block_1_23' title="bbox 1858 1414 3432 1494">
    <p class='ocr_par' dir='ltr' id='par_1_23' title="bbox 1858 1414 3432 1494">
     <span class='ocr_line' id='line_1_23' title="bbox 1858 1414 3432 1494; baseline -0.002 -15"><span class='ocrx_word' id='word_1_166' title='bbox 1858 1424 2171 1494; x_wconf 80' lang='lat' dir='ltr'><strong>impnidens</strong></span> <span class='ocrx_word' id='word_1_167' title='bbox 2201 1425 2618 1493; x_wconf 69' lang='lat' dir='ltr'><strong>prmtermisisti,</strong></span> <span class='ocrx_word' id='word_1_168' title='bbox 2654 1438 2848 1494; x_wconf 86' lang='lat' dir='ltr'><strong>nempe</strong></span> <span class='ocrx_word' id='word_1_169' title='bbox 2889 1423 3272 1478; x_wconf 85' lang='lat' dir='ltr'><strong>obedientiam.</strong></span> <span class='ocrx_word' id='word_1_170' title='bbox 3305 1414 3432 1476; x_wconf 63' lang='lat' dir='ltr'><strong>Hac</strong></span> 
     </span>
    </p>
   </div>
   <div class='ocr_carea' id='block_1_24' title="bbox 180 1417 1752 1488">
    <p class='ocr_par' dir='ltr' id='par_1_24' title="bbox 180 1417 1752 1488">
     <span class='ocr_line' id='line_1_24' title="bbox 180 1417 1752 1488; baseline -0.001 -16"><span class='ocrx_word' id='word_1_171' title='bbox 180 1423 327 1475; x_wconf 80' lang='grc' dir='ltr'>λαιον</span> <span class='ocrx_word' id='word_1_172' title='bbox 352 1422 452 1475; x_wconf 88' lang='grc' dir='ltr'>οὑκ</span> <span class='ocrx_word' id='word_1_173' title='bbox 475 1417 572 1472; x_wconf 78' lang='grc' dir='ltr'><strong>οἷδ’</strong></span> <span class='ocrx_word' id='word_1_174' title='bbox 597 1421 748 1483; x_wconf 86' lang='grc' dir='ltr'>ὃπως</span> <span class='ocrx_word' id='word_1_175' title='bbox 784 1417 974 1482; x_wconf 75' lang='grc' dir='ltr'>ἔλαθες</span> <span class='ocrx_word' id='word_1_176' title='bbox 989 1417 1317 1487; x_wconf 86' lang='grc' dir='ltr'>παραλιπὼν</span> <span class='ocrx_word' id='word_1_177' title='bbox 1346 1417 1445 1488; x_wconf 74' lang='grc' dir='ltr'><strong>τὴν</strong></span> <span class='ocrx_word' id='word_1_178' title='bbox 1481 1417 1752 1487; x_wconf 79' lang='grc' dir='ltr'>ὑπακοήν.</span> 
     </span>
    </p>
   </div>
   <div class='ocr_carea' id='block_1_25' title="bbox 179 1509 1781 1588">
    <p class='ocr_par' dir='ltr' id='par_1_25' title="bbox 179 1509 1757 1588">
     <span class='ocr_line' id='line_1_25' title="bbox 179 1509 1757 1588; baseline -0.003 -21"><span class='ocrx_word' id='word_1_179' title='bbox 179 1514 395 1567; x_wconf 85' lang='grc' dir='ltr'>Τούτων</span> <span class='ocrx_word' id='word_1_180' title='bbox 412 1512 652 1576; x_wconf 86' lang='grc' dir='ltr'>ἀκούσας</span> <span class='ocrx_word' id='word_1_181' title='bbox 673 1513 700 1564; x_wconf 98' lang='lat'><strong>6</strong></span> <span class='ocrx_word' id='word_1_182' title='bbox 724 1510 1156 1582; x_wconf 78' lang='grc' dir='ltr'>μακάριος,τοὺς</span> <span class='ocrx_word' id='word_1_183' title='bbox 1177 1509 1491 1579; x_wconf 77' lang='grc' dir='ltr'>ὀφθαλμοὺς</span> <span class='ocrx_word' id='word_1_184' title='bbox 1508 1509 1757 1588; x_wconf 77' lang='grc' dir='ltr'>δακρύων</span> 
     </span>
    </p>
   </div>
   <div class='ocr_carea' id='block_1_26' title="bbox 1865 1509 3436 1588">
    <p class='ocr_par' dir='ltr' id='par_1_26' title="bbox 1865 1513 3436 1580">
     <span class='ocr_line' id='line_1_26' title="bbox 1865 1513 3436 1580; baseline -0.002 -11"><span class='ocrx_word' id='word_1_185' title='bbox 1865 1530 1982 1569; x_wconf 86' lang='lat' dir='ltr'><strong>cum</strong></span> <span class='ocrx_word' id='word_1_186' title='bbox 2018 1514 2104 1570; x_wconf 90' lang='lat' dir='ltr'><strong>ille</strong></span> <span class='ocrx_word' id='word_1_187' title='bbox 2134 1515 2393 1571; x_wconf 90' lang='lat' dir='ltr'><strong>audiisset</strong></span> <span class='ocrx_word' id='word_1_188' title='bbox 2424 1516 2484 1571; x_wconf 89' lang='grc' dir='ltr'><strong>Β.</strong></span> <span class='ocrx_word' id='word_1_189' title='bbox 2513 1517 2836 1580; x_wconf 82' lang='lat' dir='ltr'><strong>Abramius,</strong></span> <span class='ocrx_word' id='word_1_190' title='bbox 2869 1517 3056 1571; x_wconf 91' lang='lat' dir='ltr'><strong>oculos</strong></span> <span class='ocrx_word' id='word_1_191' title='bbox 3090 1513 3328 1570; x_wconf 71' lang='lat' dir='ltr'><strong>suffusus</strong></span> <span class='ocrx_word' id='word_1_192' title='bbox 3357 1513 3436 1566; x_wconf 87' lang='lat' dir='ltr'><strong>Ia-</strong></span> 
     </span>
    </p>
   </div>
   <div class='ocr_carea' id='block_1_27' title="bbox 181 1600 1781 1677">
    <p class='ocr_par' dir='ltr' id='par_1_27' title="bbox 181 1600 1755 1677">
     <span class='ocr_line' id='line_1_27' title="bbox 181 1600 1755 1677; baseline -0.005 -16"><span class='ocrx_word' id='word_1_193' title='bbox 181 1607 549 1677; x_wconf 79' lang='grc' dir='ltr'><strong>ὑποπλησθεὶς</strong></span> <span class='ocrx_word' id='word_1_194' title='bbox 579 1606 674 1658; x_wconf 75' lang='grc' dir='ltr'><strong>καὶ</strong></span> <span class='ocrx_word' id='word_1_195' title='bbox 707 1604 768 1674; x_wconf 85' lang='grc' dir='ltr'>δή</span> <span class='ocrx_word' id='word_1_196' title='bbox 817 1621 870 1656; x_wconf 89' lang='grc' dir='ltr'>τι</span> <span class='ocrx_word' id='word_1_197' title='bbox 897 1603 1162 1666; x_wconf 73' lang='grc' dir='ltr'>στενάξας</span> <span class='ocrx_word' id='word_1_198' title='bbox 1196 1601 1334 1670; x_wconf 84' lang='grc' dir='ltr'>βαθὺ</span> <span class='ocrx_word' id='word_1_199' title='bbox 1395 1600 1489 1654; x_wconf 79' lang='grc' dir='ltr'>καὶ</span> <span class='ocrx_word' id='word_1_200' title='bbox 1523 1601 1755 1672; x_wconf 86' lang='grc' dir='ltr'>ὑπόθερ-</span> 
     </span>
    </p>
   </div>
   <div class='ocr_carea' id='block_1_28' title="bbox 1865 1600 3435 1677">
    <p class='ocr_par' dir='ltr' id='par_1_28' title="bbox 1865 1605 3435 1677">
     <span class='ocr_line' id='line_1_28' title="bbox 1865 1605 3435 1677; baseline -0.004 -17"><span class='ocrx_word' id='word_1_201' title='bbox 1865 1606 2080 1676; x_wconf 83' lang='lat' dir='ltr'><strong>crymis,</strong></span> <span class='ocrx_word' id='word_1_202' title='bbox 2136 1615 2190 1659; x_wconf 90' lang='lat' dir='ltr'><strong>et</strong></span> <span class='ocrx_word' id='word_1_203' title='bbox 2234 1622 2302 1661; x_wconf 80' lang='lat' dir='ltr'><strong>ex</strong></span> <span class='ocrx_word' id='word_1_204' title='bbox 2345 1608 2458 1661; x_wconf 85' lang='lat' dir='ltr'><strong>imo</strong></span> <span class='ocrx_word' id='word_1_205' title='bbox 2506 1609 2741 1677; x_wconf 76' lang='lat' dir='ltr'><strong>graviter</strong></span> <span class='ocrx_word' id='word_1_206' title='bbox 2797 1607 3117 1673; x_wconf 82' lang='lat' dir='ltr'><strong>suspirans:</strong></span> <span class='ocrx_word' id='word_1_207' title='bbox 3155 1605 3286 1671; x_wconf 84' lang='lat' dir='ltr'><strong>Quis</strong></span> <span class='ocrx_word' id='word_1_208' title='bbox 3335 1617 3435 1672; x_wconf 78' lang='lat' dir='ltr'><strong>ego</strong></span> 
     </span>
    </p>
   </div>
   <div class='ocr_carea' id='block_1_29' title="bbox 181 1692 1781 1768">
    <p class='ocr_par' dir='ltr' id='par_1_29' title="bbox 181 1692 1758 1767">
     <span class='ocr_line' id='line_1_29' title="bbox 181 1692 1758 1767; baseline -0.003 -17"><span class='ocrx_word' id='word_1_209' title='bbox 181 1703 281 1767; x_wconf 83' lang='grc' dir='ltr'>μον</span> <span class='ocrx_word' id='word_1_210' title='bbox 301 1714 316 1731; x_wconf 76' lang='grc' dir='ltr'><strong>ο</strong></span> <span class='ocrx_word' id='word_1_211' title='bbox 343 1699 452 1750; x_wconf 69' lang='grc' dir='ltr'><strong>Καὶ</strong></span> <span class='ocrx_word' id='word_1_212' title='bbox 486 1696 569 1758; x_wconf 86' lang='grc' dir='ltr'>τίς</span> <span class='ocrx_word' id='word_1_213' title='bbox 600 1696 719 1762; x_wconf 78' lang='grc' dir='ltr'>είμι</span> <span class='ocrx_word' id='word_1_214' title='bbox 741 1692 874 1762; x_wconf 68' lang='grc' dir='ltr'>ἐγὼ,</span> <span class='ocrx_word' id='word_1_215' title='bbox 911 1692 1070 1762; x_wconf 67' lang='grc' dir='ltr'>κύριε</span> <span class='ocrx_word' id='word_1_216' title='bbox 1099 1710 1223 1762; x_wconf 89' lang='grc' dir='ltr'>μου,</span> <span class='ocrx_word' id='word_1_217' title='bbox 1252 1692 1430 1762; x_wconf 85' lang='grc' dir='ltr'>κύριε,</span> <span class='ocrx_word' id='word_1_218' title='bbox 1461 1692 1618 1761; x_wconf 57' lang='grc' dir='ltr'>φησι,</span> <span class='ocrx_word' id='word_1_219' title='bbox 1671 1692 1758 1746; x_wconf 74' lang='grc' dir='ltr'>ἵνα</span> 
     </span>
    </p>
   </div>
   <div class='ocr_carea' id='block_1_30' title="bbox 1865 1692 3436 1768">
    <p class='ocr_par' dir='ltr' id='par_1_30' title="bbox 1865 1694 3436 1768">
     <span class='ocr_line' id='line_1_30' title="bbox 1865 1694 3436 1768; baseline -0.001 -19"><span class='ocrx_word' id='word_1_220' title='bbox 1865 1709 2000 1758; x_wconf 80' lang='lat' dir='ltr'><strong>sum,</strong></span> <span class='ocrx_word' id='word_1_221' title='bbox 2045 1694 2283 1760; x_wconf 86' lang='lat' dir='ltr'><strong>domine,</strong></span> <span class='ocrx_word' id='word_1_222' title='bbox 2327 1696 2544 1754; x_wconf 88' lang='lat' dir='ltr'><strong>domine</strong></span> <span class='ocrx_word' id='word_1_223' title='bbox 2582 1698 2674 1763; x_wconf 91' lang='lat' dir='ltr'><strong>mi,</strong></span> <span class='ocrx_word' id='word_1_224' title='bbox 2707 1699 2882 1768; x_wconf 86' lang='lat' dir='ltr'><strong>inquit</strong></span> <span class='ocrx_word' id='word_1_225' title='bbox 2934 1699 3018 1768; x_wconf 89' lang='lat' dir='ltr'><strong>(ut</strong></span> <span class='ocrx_word' id='word_1_226' title='bbox 3058 1711 3246 1750; x_wconf 86' lang='lat' dir='ltr'><strong>rursus</strong></span> <span class='ocrx_word' id='word_1_227' title='bbox 3276 1710 3436 1763; x_wconf 85' lang='lat' dir='ltr'><strong>repe-</strong></span> 
     </span>
    </p>
   </div>
   <div class='ocr_carea' id='block_1_31' title="bbox 179 1783 1760 1855">
    <p class='ocr_par' dir='ltr' id='par_1_31' title="bbox 179 1783 1760 1855">
     <span class='ocr_line' id='line_1_31' title="bbox 179 1783 1760 1855; baseline -0.004 -12"><span class='ocrx_word' id='word_1_228' title='bbox 179 1791 277 1844; x_wconf 73' lang='grc' dir='ltr'><strong>καὶ</strong></span> <span class='ocrx_word' id='word_1_229' title='bbox 304 1784 459 1851; x_wconf 81' lang='grc' dir='ltr'>αὖθις</span> <span class='ocrx_word' id='word_1_230' title='bbox 477 1785 738 1842; x_wconf 82' lang='grc' dir='ltr'>ἀναλάϐω</span> <span class='ocrx_word' id='word_1_231' title='bbox 761 1786 830 1838; x_wconf 87' lang='grc' dir='ltr'><strong>τά</strong></span> <span class='ocrx_word' id='word_1_232' title='bbox 856 1784 1152 1855; x_wconf 72' lang='grc' dir='ltr'><strong>εἰρημένα,</strong></span> <span class='ocrx_word' id='word_1_233' title='bbox 1183 1785 1268 1838; x_wconf 83' lang='grc' dir='ltr'><strong>ὅτι</strong></span> <span class='ocrx_word' id='word_1_234' title='bbox 1300 1784 1568 1847; x_wconf 83' lang='grc' dir='ltr'><strong>τοιούτοις</strong></span> <span class='ocrx_word' id='word_1_235' title='bbox 1599 1783 1760 1854; x_wconf 69' lang='grc' dir='ltr'>ἔσχες</span> 
     </span>
    </p>
   </div>
   <div class='ocr_carea' id='block_1_32' title="bbox 182 1877 1758 1952">
    <p class='ocr_par' dir='ltr' id='par_1_32' title="bbox 182 1877 1758 1952">
     <span class='ocr_line' id='line_1_32' title="bbox 182 1877 1758 1952; baseline -0.004 -15"><span class='ocrx_word' id='word_1_236' title='bbox 182 1884 309 1952; x_wconf 74' lang='grc' dir='ltr'>περὶ</span> <span class='ocrx_word' id='word_1_237' title='bbox 339 1881 476 1951; x_wconf 71' lang='grc' dir='ltr'>ἐμοῦ</span> <span class='ocrx_word' id='word_1_238' title='bbox 510 1879 809 1949; x_wconf 79' lang='grc' dir='ltr'>λογισμοὺς</span> <span class='ocrx_word' id='word_1_239' title='bbox 834 1879 930 1931; x_wconf 82' lang='grc' dir='ltr'><strong>καὶ</strong></span> <span class='ocrx_word' id='word_1_240' title='bbox 979 1877 1154 1940; x_wconf 88' lang='grc' dir='ltr'>οῦτως</span> <span class='ocrx_word' id='word_1_241' title='bbox 1186 1877 1338 1940; x_wconf 82' lang='grc' dir='ltr'><strong>ὅλαις</strong></span> <span class='ocrx_word' id='word_1_242' title='bbox 1381 1877 1568 1947; x_wconf 72' lang='grc' dir='ltr'>γερσὶν</span> <span class='ocrx_word' id='word_1_243' title='bbox 1597 1877 1758 1931; x_wconf 83' lang='grc' dir='ltr'>ἀνελ-</span> 
     </span>
    </p>
   </div>
   <div class='ocr_carea' id='block_1_33' title="bbox 181 1967 1758 2041">
    <p class='ocr_par' dir='ltr' id='par_1_33' title="bbox 181 1967 1758 2041">
     <span class='ocr_line' id='line_1_33' title="bbox 181 1967 1758 2041; baseline 0.004 -14"><span class='ocrx_word' id='word_1_244' title='bbox 181 1975 346 2027; x_wconf 86' lang='grc' dir='ltr'>κύσαι</span> <span class='ocrx_word' id='word_1_245' title='bbox 402 1989 470 2041; x_wconf 90' lang='grc' dir='ltr'><strong>με</strong></span> <span class='ocrx_word' id='word_1_246' title='bbox 503 1970 830 2039; x_wconf 77' lang='grc' dir='ltr'>φιλονεικιῖς</span> <span class='ocrx_word' id='word_1_247' title='bbox 872 1969 1010 2038; x_wconf 79' lang='grc' dir='ltr'>πρὸς</span> <span class='ocrx_word' id='word_1_248' title='bbox 1052 1969 1371 2036; x_wconf 86' lang='grc' dir='ltr'>τηλικοῦτον</span> <span class='ocrx_word' id='word_1_249' title='bbox 1400 1967 1531 2037; x_wconf 74' lang='grc' dir='ltr'><strong>ὕψος</strong></span> <span class='ocrx_word' id='word_1_250' title='bbox 1557 1969 1758 2038; x_wconf 80' lang='grc' dir='ltr'>ἀρχῆς.</span> 
     </span>
    </p>
   </div>
   <div class='ocr_carea' id='block_1_34' title="bbox 181 2057 1760 2132">
    <p class='ocr_par' dir='ltr' id='par_1_34' title="bbox 181 2057 1760 2132">
     <span class='ocr_line' id='line_1_34' title="bbox 181 2057 1760 2132; baseline -0.004 -16"><span class='ocrx_word' id='word_1_251' title='bbox 181 2066 276 2117; x_wconf 75' lang='grc' dir='ltr'>τὸν</span> <span class='ocrx_word' id='word_1_252' title='bbox 294 2063 487 2132; x_wconf 79' lang='grc' dir='ltr'>εὐτελῆ</span> <span class='ocrx_word' id='word_1_253' title='bbox 518 2061 612 2114; x_wconf 73' lang='grc' dir='ltr'>καὶ</span> <span class='ocrx_word' id='word_1_254' title='bbox 637 2059 1053 2131; x_wconf 63' lang='grc' dir='ltr'>ἀπερριμένονς</span> <span class='ocrx_word' id='word_1_255' title='bbox 1080 2059 1190 2110; x_wconf 79' lang='grc' dir='ltr'><strong>Καὶ</strong></span> <span class='ocrx_word' id='word_1_256' title='bbox 1221 2058 1250 2110; x_wconf 91' lang='lat'><strong>6</strong></span> <span class='ocrx_word' id='word_1_257' title='bbox 1280 2057 1582 2121; x_wconf 78' lang='grc' dir='ltr'><strong>ἐπίσκοπος</strong></span> <span class='ocrx_word' id='word_1_258' title='bbox 1608 2073 1621 2088; x_wconf 87' lang='grc'><strong>·</strong></span> <span class='ocrx_word' id='word_1_259' title='bbox 1680 2059 1760 2110; x_wconf 85' lang='grc' dir='ltr'><strong>Δι’</strong></span> 
     </span>
    </p>
   </div>
   <div class='ocr_carea' id='block_1_35' title="bbox 180 2149 1763 2226">
    <p class='ocr_par' dir='ltr' id='par_1_35' title="bbox 180 2149 1763 2226">
     <span class='ocr_line' id='line_1_35' title="bbox 180 2149 1763 2226; baseline -0.005 -16"><span class='ocrx_word' id='word_1_260' title='bbox 180 2160 284 2220; x_wconf 79' lang='grc' dir='ltr'>ὅτι,</span> <span class='ocrx_word' id='word_1_261' title='bbox 321 2156 509 2226; x_wconf 70' lang='grc' dir='ltr'>φησὶν,</span> <span class='ocrx_word' id='word_1_262' title='bbox 542 2155 569 2207; x_wconf 90' lang='lat'><strong>6</strong></span> <span class='ocrx_word' id='word_1_263' title='bbox 601 2153 701 2224; x_wconf 70' lang='grc' dir='ltr'><strong>μὲν</strong></span> <span class='ocrx_word' id='word_1_264' title='bbox 733 2151 911 2220; x_wconf 75' lang='grc' dir='ltr'>ἑαυτῷ</span> <span class='ocrx_word' id='word_1_265' title='bbox 947 2151 1096 2221; x_wconf 83' lang='grc' dir='ltr'><strong>μόνῳ</strong></span> <span class='ocrx_word' id='word_1_266' title='bbox 1132 2150 1239 2214; x_wconf 78' lang='grc' dir='ltr'><strong>ζῶν</strong></span> <span class='ocrx_word' id='word_1_267' title='bbox 1271 2151 1365 2203; x_wconf 76' lang='grc' dir='ltr'><strong>καὶ</strong></span> <span class='ocrx_word' id='word_1_268' title='bbox 1418 2150 1555 2218; x_wconf 87' lang='grc' dir='ltr'>μόνα</span> <span class='ocrx_word' id='word_1_269' title='bbox 1581 2149 1763 2214; x_wconf 83' lang='grc' dir='ltr'>καλῶς</span> 
     </span>
    </p>
   </div>
   <div class='ocr_carea' id='block_1_36' title="bbox 179 2246 1763 2319">
    <p class='ocr_par' dir='ltr' id='par_1_36' title="bbox 179 2246 1763 2319">
     <span class='ocr_line' id='line_1_36' title="bbox 179 2246 1763 2319; baseline -0.004 -15"><span class='ocrx_word' id='word_1_270' title='bbox 179 2253 328 2313; x_wconf 82' lang='grc' dir='ltr'>ὅπως</span> <span class='ocrx_word' id='word_1_271' title='bbox 361 2250 474 2319; x_wconf 81' lang='grc' dir='ltr'><strong>ἔχοι</strong></span> <span class='ocrx_word' id='word_1_272' title='bbox 518 2248 585 2301; x_wconf 60' lang='lat' dir='ltr'><strong>ca</strong></span> <span class='ocrx_word' id='word_1_273' title='bbox 629 2246 752 2301; x_wconf 83' lang='grc' dir='ltr'>καθ’</span> <span class='ocrx_word' id='word_1_274' title='bbox 791 2247 986 2300; x_wconf 76' lang='grc' dir='ltr'>ἑαυτὸν</span> <span class='ocrx_word' id='word_1_275' title='bbox 1025 2246 1336 2317; x_wconf 82' lang='grc' dir='ltr'>μεριμνῶν,</span> <span class='ocrx_word' id='word_1_276' title='bbox 1398 2246 1576 2316; x_wconf 78' lang='grc' dir='ltr'>ἑαυτῷ</span> <span class='ocrx_word' id='word_1_277' title='bbox 1616 2246 1763 2317; x_wconf 82' lang='grc' dir='ltr'>μόνῳ</span> 
     </span>
    </p>
   </div>
   <div class='ocr_carea' id='block_1_37' title="bbox 182 2337 1764 2414">
    <p class='ocr_par' dir='ltr' id='par_1_37' title="bbox 182 2337 1764 2414">
     <span class='ocr_line' id='line_1_37' title="bbox 182 2337 1764 2414; baseline -0.003 -19"><span class='ocrx_word' id='word_1_278' title='bbox 182 2343 460 2414; x_wconf 83' lang='grc' dir='ltr'>περιποιεῖ</span> <span class='ocrx_word' id='word_1_279' title='bbox 493 2340 592 2412; x_wconf 74' lang='grc' dir='ltr'><strong>τὴν</strong></span> <span class='ocrx_word' id='word_1_280' title='bbox 651 2340 960 2407; x_wconf 73' lang='grc' dir='ltr'>ὠφέλειανς</span> <span class='ocrx_word' id='word_1_281' title='bbox 1021 2338 1120 2390; x_wconf 83' lang='grc' dir='ltr'><strong>Τὸ·</strong></span> <span class='ocrx_word' id='word_1_282' title='bbox 1147 2337 1206 2390; x_wconf 78' lang='grc' dir='ltr'>δὲ</span> <span class='ocrx_word' id='word_1_283' title='bbox 1238 2339 1332 2390; x_wconf 71' lang='grc' dir='ltr'>καὶ</span> <span class='ocrx_word' id='word_1_284' title='bbox 1361 2337 1428 2390; x_wconf 74' lang='grc' dir='ltr'><strong>τὰ</strong></span> <span class='ocrx_word' id='word_1_285' title='bbox 1458 2339 1565 2390; x_wconf 83' lang='grc' dir='ltr'><strong>τῶν</strong></span> <span class='ocrx_word' id='word_1_286' title='bbox 1591 2338 1764 2392; x_wconf 83' lang='grc' dir='ltr'>ἀλλων</span> 
     </span>
    </p>
   </div>
   <div class='ocr_carea' id='block_1_38' title="bbox 179 2427 1767 2504">
    <p class='ocr_par' dir='ltr' id='par_1_38' title="bbox 179 2427 1767 2504">
     <span class='ocr_line' id='line_1_38' title="bbox 179 2427 1767 2504; baseline -0.003 -18"><span class='ocrx_word' id='word_1_287' title='bbox 179 2432 519 2504; x_wconf 67' lang='grc' dir='ltr'>ἐπανορθοῦν</span> <span class='ocrx_word' id='word_1_288' title='bbox 547 2432 641 2485; x_wconf 73' lang='grc' dir='ltr'>καὶ</span> <span class='ocrx_word' id='word_1_289' title='bbox 658 2431 847 2500; x_wconf 76' lang='grc' dir='ltr'>ψυχῶν</span> <span class='ocrx_word' id='word_1_290' title='bbox 863 2428 1184 2496; x_wconf 78' lang='grc' dir='ltr'>ἐπιμέλειαν</span> <span class='ocrx_word' id='word_1_291' title='bbox 1203 2427 1619 2490; x_wconf 85' lang='grc' dir='ltr'>πεπιστεῦσθαι,</span> <span class='ocrx_word' id='word_1_292' title='bbox 1641 2429 1767 2482; x_wconf 85' lang='grc' dir='ltr'>ὅσον</span> 
     </span>
    </p>
   </div>
   <div class='ocr_carea' id='block_1_39' title="bbox 174 2516 1766 2595">
    <p class='ocr_par' dir='ltr' id='par_1_39' title="bbox 174 2516 1766 2595">
     <span class='ocr_line' id='line_1_39' title="bbox 174 2516 1766 2595; baseline -0.005 -17"><span class='ocrx_word' id='word_1_293' title='bbox 174 2516 294 2595; x_wconf 50' lang='lat' dir='ltr'><strong>ﬁxe:</strong></span> <span class='ocrx_word' id='word_1_294' title='bbox 334 2527 392 2577; x_wconf 84' lang='grc' dir='ltr'>τὸ</span> <span class='ocrx_word' id='word_1_295' title='bbox 422 2523 612 2593; x_wconf 78' lang='grc' dir='ltr'><strong>κέρδος</strong></span> <span class='ocrx_word' id='word_1_296' title='bbox 657 2523 751 2574; x_wconf 72' lang='grc' dir='ltr'><strong>καὶ</strong></span> <span class='ocrx_word' id='word_1_297' title='bbox 795 2522 981 2574; x_wconf 81' lang='grc' dir='ltr'>ὁποῖον</span> <span class='ocrx_word' id='word_1_298' title='bbox 1006 2519 1231 2589; x_wconf 80' lang='grc' dir='ltr'>ἀγάπης</span> <span class='ocrx_word' id='word_1_299' title='bbox 1272 2519 1471 2589; x_wconf 81' lang='grc' dir='ltr'>δεῖγμα</span> <span class='ocrx_word' id='word_1_300' title='bbox 1496 2519 1594 2589; x_wconf 75' lang='grc' dir='ltr'><strong>τῆς</strong></span> <span class='ocrx_word' id='word_1_301' title='bbox 1629 2519 1766 2592; x_wconf 78' lang='grc' dir='ltr'>πρὸς</span> 
     </span>
    </p>
   </div>
   <div class='ocr_carea' id='block_1_40' title="bbox 182 2613 1766 2685">
    <p class='ocr_par' dir='ltr' id='par_1_40' title="bbox 182 2613 1766 2685">
     <span class='ocr_line' id='line_1_40' title="bbox 182 2613 1766 2685; baseline -0.002 -15"><span class='ocrx_word' id='word_1_302' title='bbox 182 2620 341 2683; x_wconf 71' lang='grc' dir='ltr'>Θεὸν,</span> <span class='ocrx_word' id='word_1_303' title='bbox 377 2617 470 2671; x_wconf 79' lang='grc' dir='ltr'><strong>καὶ</strong></span> <span class='ocrx_word' id='word_1_304' title='bbox 492 2619 639 2674; x_wconf 76' lang='grc' dir='ltr'>ὅπως</span> <span class='ocrx_word' id='word_1_305' title='bbox 680 2617 900 2685; x_wconf 84' lang='grc' dir='ltr'>ἀπάσης</span> <span class='ocrx_word' id='word_1_306' title='bbox 934 2617 1053 2669; x_wconf 80' lang='grc' dir='ltr'><strong>ἐστὶ</strong></span> <span class='ocrx_word' id='word_1_307' title='bbox 1095 2615 1277 2682; x_wconf 79' lang='grc' dir='ltr'>μεῖζον</span> <span class='ocrx_word' id='word_1_308' title='bbox 1308 2613 1409 2681; x_wconf 77' lang='grc' dir='ltr'><strong>τῆς</strong></span> <span class='ocrx_word' id='word_1_309' title='bbox 1441 2613 1576 2681; x_wconf 82' lang='grc' dir='ltr'>πρὸς</span> <span class='ocrx_word' id='word_1_310' title='bbox 1605 2615 1766 2668; x_wconf 71' lang='grc' dir='ltr'>αὑτὶν</span> 
     </span>
    </p>
   </div>
   <div class='ocr_carea' id='block_1_41' title="bbox 184 2706 1767 2781">
    <p class='ocr_par' dir='ltr' id='par_1_41' title="bbox 184 2706 1767 2781">
     <span class='ocr_line' id='line_1_41' title="bbox 184 2706 1767 2781; baseline -0.001 -20"><span class='ocrx_word' id='word_1_311' title='bbox 184 2709 506 2781; x_wconf 81' lang='grc' dir='ltr'>θεραπείας,</span> <span class='ocrx_word' id='word_1_312' title='bbox 531 2708 930 2766; x_wconf 54' lang='grc' dir='ltr'>αὑτὺνρὲκεῖνόν</span> <span class='ocrx_word' id='word_1_313' title='bbox 955 2725 1040 2760; x_wconf 92' lang='grc' dir='ltr'>σοι</span> <span class='ocrx_word' id='word_1_314' title='bbox 1066 2706 1256 2758; x_wconf 88' lang='grc' dir='ltr'>τούτου</span> <span class='ocrx_word' id='word_1_315' title='bbox 1283 2707 1596 2775; x_wconf 81' lang='grc' dir='ltr'>παρέξομαι</span> <span class='ocrx_word' id='word_1_316' title='bbox 1625 2707 1767 2777; x_wconf 82' lang='grc' dir='ltr'><strong>μάρ-</strong></span> 
     </span>
    </p>
   </div>
   <div class='ocr_carea' id='block_1_42' title="bbox 182 2796 1768 2873">
    <p class='ocr_par' dir='ltr' id='par_1_42' title="bbox 182 2796 1768 2873">
     <span class='ocr_line' id='line_1_42' title="bbox 182 2796 1768 2873; baseline -0.003 -19"><span class='ocrx_word' id='word_1_317' title='bbox 182 2819 355 2873; x_wconf 70' lang='grc' dir='ltr'>τυρα*</span> <span class='ocrx_word' id='word_1_318' title='bbox 394 2821 412 2853; x_wconf 82' lang='grc' dir='ltr'><strong>ι</strong></span> <span class='ocrx_word' id='word_1_319' title='bbox 454 2800 516 2853; x_wconf 71' lang='lat' dir='ltr'><strong>Et</strong></span> <span class='ocrx_word' id='word_1_320' title='bbox 551 2800 659 2871; x_wconf 77' lang='grc' dir='ltr'>γὰρ</span> <span class='ocrx_word' id='word_1_321' title='bbox 690 2800 864 2869; x_wconf 81' lang='grc' dir='ltr'><strong>φιλεῖς</strong></span> <span class='ocrx_word' id='word_1_322' title='bbox 923 2815 1014 2868; x_wconf 85' lang='grc' dir='ltr'><strong>με,</strong></span> <span class='ocrx_word' id='word_1_323' title='bbox 1080 2797 1276 2869; x_wconf 85' lang='grc' dir='ltr'>Πέτρε,</span> <span class='ocrx_word' id='word_1_324' title='bbox 1314 2796 1470 2865; x_wconf 72' lang='grc' dir='ltr'>φησὶ,</span> <span class='ocrx_word' id='word_1_325' title='bbox 1511 2797 1768 2864; x_wconf 87' lang='grc' dir='ltr'>ποίμαινε</span> 
     </span>
    </p>
   </div>
   <div class='ocr_carea' id='block_1_43' title="bbox 186 2889 1769 2962">
    <p class='ocr_par' dir='ltr' id='par_1_43' title="bbox 186 2889 1769 2962">
     <span class='ocr_line' id='line_1_43' title="bbox 186 2889 1769 2962; baseline -0.001 -17"><span class='ocrx_word' id='word_1_326' title='bbox 186 2895 252 2946; x_wconf 75' lang='grc' dir='ltr'><strong>τὰ</strong></span> <span class='ocrx_word' id='word_1_327' title='bbox 303 2893 552 2962; x_wconf 83' lang='grc' dir='ltr'>πρόϐατά</span> <span class='ocrx_word' id='word_1_328' title='bbox 586 2911 710 2962; x_wconf 88' lang='grc' dir='ltr'>μου.</span> <span class='ocrx_word' id='word_1_329' title='bbox 749 2911 766 2943; x_wconf 77' lang='grc' dir='ltr'><strong>ι</strong></span> <span class='ocrx_word' id='word_1_330' title='bbox 820 2892 986 2943; x_wconf 75' lang='grc' dir='ltr'>Ὥστε</span> <span class='ocrx_word' id='word_1_331' title='bbox 1019 2889 1281 2944; x_wconf 88' lang='grc' dir='ltr'>τοσοῦτον</span> <span class='ocrx_word' id='word_1_332' title='bbox 1315 2889 1475 2960; x_wconf 79' lang='grc' dir='ltr'>μέλει</span> <span class='ocrx_word' id='word_1_333' title='bbox 1517 2889 1638 2960; x_wconf 85' lang='grc' dir='ltr'><strong>Θεῷ</strong></span> <span class='ocrx_word' id='word_1_334' title='bbox 1670 2891 1769 2960; x_wconf 83' lang='grc' dir='ltr'><strong>τῆς</strong></span> 
     </span>
    </p>
   </div>
   <div class='ocr_carea' id='block_1_44' title="bbox 181 2975 1769 3052">
    <p class='ocr_par' dir='ltr' id='par_1_44' title="bbox 181 2975 1769 3052">
     <span class='ocr_line' id='line_1_44' title="bbox 181 2975 1769 3052; baseline 0 -18"><span class='ocrx_word' id='word_1_335' title='bbox 181 2975 294 3035; x_wconf 81' lang='grc' dir='ltr'><strong>τῶν</strong></span> <span class='ocrx_word' id='word_1_336' title='bbox 347 2983 619 3050; x_wconf 75' lang='grc' dir='ltr'>ποιμνίων</span> <span class='ocrx_word' id='word_1_337' title='bbox 646 2982 987 3048; x_wconf 69' lang='grc' dir='ltr'>ἐπιμελείας,</span> <span class='ocrx_word' id='word_1_338' title='bbox 1025 2981 1099 3042; x_wconf 85' lang='grc' dir='ltr'><strong>ὼς</strong></span> <span class='ocrx_word' id='word_1_339' title='bbox 1136 2981 1230 3031; x_wconf 72' lang='grc' dir='ltr'>καὶ</span> <span class='ocrx_word' id='word_1_340' title='bbox 1274 2981 1531 3049; x_wconf 79' lang='grc' dir='ltr'>μέγιστον</span> <span class='ocrx_word' id='word_1_341' title='bbox 1562 2981 1660 3052; x_wconf 82' lang='grc' dir='ltr'>τῆς</span> <span class='ocrx_word' id='word_1_342' title='bbox 1692 2983 1769 3044; x_wconf 90' lang='grc' dir='ltr'><strong>είς</strong></span> 
     </span>
    </p>
   </div>
   <div class='ocr_carea' id='block_1_45' title="bbox 1867 1786 3439 1858">
    <p class='ocr_par' dir='ltr' id='par_1_45' title="bbox 1867 1786 3439 1858">
     <span class='ocr_line' id='line_1_45' title="bbox 1867 1786 3439 1858; baseline 0.001 -20"><span class='ocrx_word' id='word_1_343' title='bbox 1867 1794 1973 1838; x_wconf 92' lang='lat' dir='ltr'><strong>tam</strong></span> <span class='ocrx_word' id='word_1_344' title='bbox 2035 1800 2122 1851; x_wconf 90' lang='lat' dir='ltr'><strong>ea,</strong></span> <span class='ocrx_word' id='word_1_345' title='bbox 2161 1802 2280 1856; x_wconf 66' lang='lat' dir='ltr'><strong>qua</strong></span> <span class='ocrx_word' id='word_1_346' title='bbox 2333 1788 2475 1843; x_wconf 90' lang='lat' dir='ltr'><strong>dicta</strong></span> <span class='ocrx_word' id='word_1_347' title='bbox 2540 1788 2708 1858; x_wconf 90' lang='lat' dir='ltr'><strong>sunt),</strong></span> <span class='ocrx_word' id='word_1_348' title='bbox 2755 1797 2817 1843; x_wconf 90' lang='lat' dir='ltr'><strong>ut</strong></span> <span class='ocrx_word' id='word_1_349' title='bbox 2847 1789 2914 1842; x_wconf 91' lang='lat' dir='ltr'><strong>de</strong></span> <span class='ocrx_word' id='word_1_350' title='bbox 2951 1803 3035 1842; x_wconf 89' lang='lat' dir='ltr'><strong>me</strong></span> <span class='ocrx_word' id='word_1_351' title='bbox 3064 1786 3223 1841; x_wconf 88' lang='lat' dir='ltr'><strong>talem</strong></span> <span class='ocrx_word' id='word_1_352' title='bbox 3253 1799 3439 1841; x_wconf 83' lang='lat' dir='ltr'><strong>susce-</strong></span> 
     </span>
    </p>
   </div>
   <div class='ocr_carea' id='block_1_46' title="bbox 1863 1876 3436 1948">
    <p class='ocr_par' dir='ltr' id='par_1_46' title="bbox 1863 1876 3436 1948">
     <span class='ocr_line' id='line_1_46' title="bbox 1863 1876 3436 1948; baseline 0 -18"><span class='ocrx_word' id='word_1_353' title='bbox 1863 1876 2007 1946; x_wconf 88' lang='lat' dir='ltr'><strong>peris</strong></span> <span class='ocrx_word' id='word_1_354' title='bbox 2026 1877 2430 1948; x_wconf 75' lang='lat' dir='ltr'><strong>cogitationem,</strong></span> <span class='ocrx_word' id='word_1_355' title='bbox 2469 1887 2524 1934; x_wconf 89' lang='lat' dir='ltr'><strong>et</strong></span> <span class='ocrx_word' id='word_1_356' title='bbox 2543 1894 2648 1942; x_wconf 88' lang='lat' dir='ltr'><strong>me,</strong></span> <span class='ocrx_word' id='word_1_357' title='bbox 2683 1880 2774 1948; x_wconf 87' lang='lat' dir='ltr'><strong>qui</strong></span> <span class='ocrx_word' id='word_1_358' title='bbox 2808 1895 2926 1933; x_wconf 88' lang='lat' dir='ltr'><strong>sum</strong></span> <span class='ocrx_word' id='word_1_359' title='bbox 2952 1879 3074 1934; x_wconf 89' lang='lat' dir='ltr'><strong>vilis</strong></span> <span class='ocrx_word' id='word_1_360' title='bbox 3101 1887 3152 1933; x_wconf 90' lang='lat' dir='ltr'><strong>et</strong></span> <span class='ocrx_word' id='word_1_361' title='bbox 3169 1876 3436 1944; x_wconf 75' lang='lat' dir='ltr'><strong>abiectus,</strong></span> 
     </span>
    </p>
   </div>
   <div class='ocr_carea' id='block_1_47' title="bbox 1862 1966 3441 2025">
    <p class='ocr_par' dir='ltr' id='par_1_47' title="bbox 1862 1966 3441 2025">
     <span class='ocr_line' id='line_1_47' title="bbox 1862 1966 3441 2025; baseline 0.002 -6"><span class='ocrx_word' id='word_1_362' title='bbox 1862 1966 1942 2020; x_wconf 91' lang='lat' dir='ltr'><strong>sic</strong></span> <span class='ocrx_word' id='word_1_363' title='bbox 1975 1977 2083 2021; x_wconf 83' lang='lat' dir='ltr'><strong>tota</strong></span> <span class='ocrx_word' id='word_1_364' title='bbox 2117 1983 2281 2023; x_wconf 90' lang='lat' dir='ltr'><strong>manu</strong></span> <span class='ocrx_word' id='word_1_365' title='bbox 2308 1971 2608 2025; x_wconf 79' lang='lat' dir='ltr'><strong>contendas</strong></span> <span class='ocrx_word' id='word_1_366' title='bbox 2632 1971 2907 2025; x_wconf 84' lang='lat' dir='ltr'><strong>attrahere</strong></span> <span class='ocrx_word' id='word_1_367' title='bbox 2931 1972 2998 2024; x_wconf 87' lang='lat' dir='ltr'><strong>ad</strong></span> <span class='ocrx_word' id='word_1_368' title='bbox 3033 1978 3234 2024; x_wconf 84' lang='lat' dir='ltr'><strong>tantam</strong></span> <span class='ocrx_word' id='word_1_369' title='bbox 3271 1969 3441 2023; x_wconf 86' lang='lat' dir='ltr'><strong>virtu-</strong></span> 
     </span>
    </p>
   </div>
   <div class='ocr_carea' id='block_1_48' title="bbox 1866 2061 3442 2134">
    <p class='ocr_par' dir='ltr' id='par_1_48' title="bbox 1866 2061 3442 2134">
     <span class='ocr_line' id='line_1_48' title="bbox 1866 2061 3442 2134; baseline 0 -20"><span class='ocrx_word' id='word_1_370' title='bbox 1866 2061 1934 2115; x_wconf 87' lang='lat' dir='ltr'><strong>tis</strong></span> <span class='ocrx_word' id='word_1_371' title='bbox 1987 2061 2696 2134; x_wconf 85' lang='lat' dir='ltr'><strong>altitudinem?Episcopus</strong></span> <span class='ocrx_word' id='word_1_372' title='bbox 2750 2075 2932 2118; x_wconf 85' lang='lat' dir='ltr'><strong>autem</strong></span> <span class='ocrx_word' id='word_1_373' title='bbox 2966 2063 3297 2130; x_wconf 85' lang='lat' dir='ltr'><strong>:Quoniam,</strong></span> <span class='ocrx_word' id='word_1_374' title='bbox 3358 2061 3442 2114; x_wconf 84' lang='lat' dir='ltr'><strong>in-</strong></span> 
     </span>
    </p>
   </div>
   <div class='ocr_carea' id='block_1_49' title="bbox 1864 2153 3444 2224">
    <p class='ocr_par' dir='ltr' id='par_1_49' title="bbox 1864 2153 3444 2224">
     <span class='ocr_line' id='line_1_49' title="bbox 1864 2153 3444 2224; baseline -0.003 -12"><span class='ocrx_word' id='word_1_375' title='bbox 1864 2153 2002 2222; x_wconf 86' lang='lat' dir='ltr'><strong>quit,</strong></span> <span class='ocrx_word' id='word_1_376' title='bbox 2034 2154 2126 2221; x_wconf 89' lang='lat' dir='ltr'><strong>qui</strong></span> <span class='ocrx_word' id='word_1_377' title='bbox 2157 2154 2259 2208; x_wconf 83' lang='lat' dir='ltr'><strong>sibi</strong></span> <span class='ocrx_word' id='word_1_378' title='bbox 2301 2154 2523 2224; x_wconf 88' lang='lat' dir='ltr'><strong>quidem</strong></span> <span class='ocrx_word' id='word_1_379' title='bbox 2550 2156 2652 2211; x_wconf 82' lang='lat' dir='ltr'><strong>soli</strong></span> <span class='ocrx_word' id='word_1_380' title='bbox 2693 2155 2844 2220; x_wconf 82' lang='lat' dir='ltr'><strong>vivit,</strong></span> <span class='ocrx_word' id='word_1_381' title='bbox 2883 2167 2942 2210; x_wconf 82' lang='lat' dir='ltr'><strong>et</strong></span> <span class='ocrx_word' id='word_1_382' title='bbox 2968 2157 3138 2210; x_wconf 89' lang='lat' dir='ltr'><strong>solum</strong></span> <span class='ocrx_word' id='word_1_383' title='bbox 3173 2163 3350 2218; x_wconf 81' lang='lat' dir='ltr'><strong>curat,</strong></span> <span class='ocrx_word' id='word_1_384' title='bbox 3384 2162 3444 2207; x_wconf 87' lang='lat' dir='ltr'><strong>ut</strong></span> 
     </span>
    </p>
   </div>
   <div class='ocr_carea' id='block_1_50' title="bbox 1867 2247 3439 2318">
    <p class='ocr_par' dir='ltr' id='par_1_50' title="bbox 1867 2247 3439 2318">
     <span class='ocr_line' id='line_1_50' title="bbox 1867 2247 3439 2318; baseline 0.003 -21"><span class='ocrx_word' id='word_1_385' title='bbox 1867 2261 1953 2298; x_wconf 85' lang='lat' dir='ltr'><strong>res</strong></span> <span class='ocrx_word' id='word_1_386' title='bbox 1983 2262 2096 2301; x_wconf 76' lang='lat' dir='ltr'><strong>sua:</strong></span> <span class='ocrx_word' id='word_1_387' title='bbox 2131 2257 2280 2303; x_wconf 89' lang='lat' dir='ltr'><strong>recte</strong></span> <span class='ocrx_word' id='word_1_388' title='bbox 2311 2263 2372 2303; x_wconf 90' lang='lat' dir='ltr'><strong>se</strong></span> <span class='ocrx_word' id='word_1_389' title='bbox 2399 2249 2662 2314; x_wconf 86' lang='lat' dir='ltr'><strong>habeant,</strong></span> <span class='ocrx_word' id='word_1_390' title='bbox 2695 2250 2796 2305; x_wconf 85' lang='lat' dir='ltr'><strong>sibi</strong></span> <span class='ocrx_word' id='word_1_391' title='bbox 2828 2248 2924 2304; x_wconf 89' lang='lat' dir='ltr'><strong>soli</strong></span> <span class='ocrx_word' id='word_1_392' title='bbox 2948 2255 3102 2318; x_wconf 88' lang='lat' dir='ltr'><strong>parat</strong></span> <span class='ocrx_word' id='word_1_393' title='bbox 3129 2247 3439 2302; x_wconf 85' lang='lat' dir='ltr'><strong>utilitatem.</strong></span> 
     </span>
    </p>
   </div>
   <div class='ocr_carea' id='block_1_51' title="bbox 1866 2335 3444 2406">
    <p class='ocr_par' dir='ltr' id='par_1_51' title="bbox 1866 2335 3444 2406">
     <span class='ocr_line' id='line_1_51' title="bbox 1866 2335 3444 2406; baseline 0 -18"><span class='ocrx_word' id='word_1_394' title='bbox 1866 2336 2014 2390; x_wconf 81' lang='lat' dir='ltr'><strong>Alios</strong></span> <span class='ocrx_word' id='word_1_395' title='bbox 2066 2345 2245 2392; x_wconf 90' lang='lat' dir='ltr'><strong>autem</strong></span> <span class='ocrx_word' id='word_1_396' title='bbox 2302 2339 2577 2406; x_wconf 80' lang='lat' dir='ltr'><strong>corrigere</strong></span> <span class='ocrx_word' id='word_1_397' title='bbox 2626 2349 2680 2392; x_wconf 89' lang='lat' dir='ltr'><strong>et</strong></span> <span class='ocrx_word' id='word_1_398' title='bbox 2710 2339 3016 2391; x_wconf 89' lang='lat' dir='ltr'><strong>animarum</strong></span> <span class='ocrx_word' id='word_1_399' title='bbox 3060 2337 3164 2390; x_wconf 88' lang='lat' dir='ltr'><strong>sibi</strong></span> <span class='ocrx_word' id='word_1_400' title='bbox 3204 2335 3444 2390; x_wconf 87' lang='lat' dir='ltr'><strong>credita-</strong></span> 
     </span>
    </p>
   </div>
   <div class='ocr_carea' id='block_1_52' title="bbox 1869 2429 3441 2501">
    <p class='ocr_par' dir='ltr' id='par_1_52' title="bbox 1869 2429 3441 2501">
     <span class='ocr_line' id='line_1_52' title="bbox 1869 2429 3441 2501; baseline -0.001 -19"><span class='ocrx_word' id='word_1_401' title='bbox 1869 2445 1984 2483; x_wconf 87' lang='lat' dir='ltr'><strong>rum</strong></span> <span class='ocrx_word' id='word_1_402' title='bbox 2020 2444 2209 2484; x_wconf 90' lang='lat' dir='ltr'><strong>curam</strong></span> <span class='ocrx_word' id='word_1_403' title='bbox 2239 2445 2450 2501; x_wconf 79' lang='lat' dir='ltr'><strong>gerere,</strong></span> <span class='ocrx_word' id='word_1_404' title='bbox 2483 2441 2745 2501; x_wconf 88' lang='lat' dir='ltr'><strong>quantum</strong></span> <span class='ocrx_word' id='word_1_405' title='bbox 2787 2431 2948 2485; x_wconf 89' lang='lat' dir='ltr'><strong>habet</strong></span> <span class='ocrx_word' id='word_1_406' title='bbox 2991 2429 3441 2493; x_wconf 85' lang='lat' dir='ltr'><strong>emolumentum,</strong></span> 
     </span>
    </p>
   </div>
   <div class='ocr_carea' id='block_1_53' title="bbox 1866 2522 3446 2589">
    <p class='ocr_par' dir='ltr' id='par_1_53' title="bbox 1866 2522 3446 2589">
     <span class='ocr_line' id='line_1_53' title="bbox 1866 2522 3446 2589; baseline -0.002 -14"><span class='ocrx_word' id='word_1_407' title='bbox 1866 2530 1921 2576; x_wconf 86' lang='lat' dir='ltr'><strong>et</strong></span> <span class='ocrx_word' id='word_1_408' title='bbox 1954 2533 2218 2589; x_wconf 90' lang='lat' dir='ltr'><strong>quantum</strong></span> <span class='ocrx_word' id='word_1_409' title='bbox 2269 2523 2553 2576; x_wconf 86' lang='lat' dir='ltr'><strong>cbaritatis</strong></span> <span class='ocrx_word' id='word_1_410' title='bbox 2603 2525 2653 2575; x_wconf 90' lang='lat' dir='ltr'><strong>in</strong></span> <span class='ocrx_word' id='word_1_411' title='bbox 2701 2522 2863 2576; x_wconf 90' lang='lat' dir='ltr'><strong>Deum</strong></span> <span class='ocrx_word' id='word_1_412' title='bbox 2899 2524 3180 2585; x_wconf 84' lang='lat' dir='ltr'><strong>indicium,</strong></span> <span class='ocrx_word' id='word_1_413' title='bbox 3212 2528 3266 2576; x_wconf 91' lang='lat' dir='ltr'><strong>et</strong></span> <span class='ocrx_word' id='word_1_414' title='bbox 3303 2522 3446 2589; x_wconf 90' lang='lat' dir='ltr'><strong>quod</strong></span> 
     </span>
    </p>
   </div>
   <div class='ocr_carea' id='block_1_54' title="bbox 1869 2612 3442 2684">
    <p class='ocr_par' dir='ltr' id='par_1_54' title="bbox 1869 2612 3442 2684">
     <span class='ocr_line' id='line_1_54' title="bbox 1869 2612 3442 2684; baseline -0.001 -17"><span class='ocrx_word' id='word_1_415' title='bbox 1869 2613 1921 2667; x_wconf 94' lang='lat' dir='ltr'><strong>id</strong></span> <span class='ocrx_word' id='word_1_416' title='bbox 1950 2613 2020 2667; x_wconf 89' lang='lat' dir='ltr'><strong>sit</strong></span> <span class='ocrx_word' id='word_1_417' title='bbox 2052 2613 2224 2683; x_wconf 84' lang='lat' dir='ltr'><strong>majus</strong></span> <span class='ocrx_word' id='word_1_418' title='bbox 2257 2615 2451 2684; x_wconf 88' lang='lat' dir='ltr'><strong>quovis</strong></span> <span class='ocrx_word' id='word_1_419' title='bbox 2501 2614 2605 2668; x_wconf 86' lang='lat' dir='ltr'><strong>alio</strong></span> <span class='ocrx_word' id='word_1_420' title='bbox 2644 2614 2788 2670; x_wconf 89' lang='lat' dir='ltr'><strong>cultu</strong></span> <span class='ocrx_word' id='word_1_421' title='bbox 2822 2613 3102 2669; x_wconf 88' lang='lat' dir='ltr'><strong>Creatoris</strong></span> <span class='ocrx_word' id='word_1_422' title='bbox 3130 2623 3182 2668; x_wconf 89' lang='lat' dir='ltr'><strong>et</strong></span> <span class='ocrx_word' id='word_1_423' title='bbox 3206 2612 3442 2674; x_wconf 85' lang='lat' dir='ltr'><strong>Domini,</strong></span> 
     </span>
    </p>
   </div>
   <div class='ocr_carea' id='block_1_55' title="bbox 1869 2701 3444 2776">
    <p class='ocr_par' dir='ltr' id='par_1_55' title="bbox 1869 2701 3444 2776">
     <span class='ocr_line' id='line_1_55' title="bbox 1869 2701 3444 2776; baseline -0.002 -18"><span class='ocrx_word' id='word_1_424' title='bbox 1869 2705 2133 2759; x_wconf 85' lang='lat' dir='ltr'><strong>adducam</strong></span> <span class='ocrx_word' id='word_1_425' title='bbox 2169 2707 2264 2760; x_wconf 81' lang='lat' dir='ltr'><strong>tibi</strong></span> <span class='ocrx_word' id='word_1_426' title='bbox 2300 2707 2444 2762; x_wconf 89' lang='lat' dir='ltr'><strong>illius</strong></span> <span class='ocrx_word' id='word_1_427' title='bbox 2490 2706 2656 2776; x_wconf 89' lang='lat' dir='ltr'><strong>ipsius</strong></span> <span class='ocrx_word' id='word_1_428' title='bbox 2705 2705 3072 2760; x_wconf 88' lang='lat' dir='ltr'><strong>testimonium</strong></span> <span class='ocrx_word' id='word_1_429' title='bbox 3108 2723 3120 2758; x_wconf 93' lang='lat'><strong>:</strong></span> <span class='ocrx_word' id='word_1_430' title='bbox 3164 2721 3183 2756; x_wconf 85' lang='grc' dir='ltr'><strong>ι</strong></span> <span class='ocrx_word' id='word_1_431' title='bbox 3215 2701 3272 2757; x_wconf 85' lang='lat' dir='ltr'><strong>Si</strong></span> <span class='ocrx_word' id='word_1_432' title='bbox 3299 2703 3444 2758; x_wconf 89' lang='lat' dir='ltr'><strong>enim</strong></span> 
     </span>
    </p>
   </div>
   <div class='ocr_carea' id='block_1_56' title="bbox 1871 2796 3438 2869">
    <p class='ocr_par' dir='ltr' id='par_1_56' title="bbox 1871 2796 3438 2869">
     <span class='ocr_line' id='line_1_56' title="bbox 1871 2796 3438 2869; baseline -0.001 -20"><span class='ocrx_word' id='word_1_433' title='bbox 1871 2799 2049 2867; x_wconf 87' lang='lat' dir='ltr'><strong>diligis</strong></span> <span class='ocrx_word' id='word_1_434' title='bbox 2104 2815 2211 2865; x_wconf 91' lang='lat' dir='ltr'><strong>me,</strong></span> <span class='ocrx_word' id='word_1_435' title='bbox 2271 2800 2449 2867; x_wconf 82' lang='lat' dir='ltr'><strong>Petre,</strong></span> <span class='ocrx_word' id='word_1_436' title='bbox 2489 2801 2685 2869; x_wconf 84' lang='lat' dir='ltr'><strong>inquit,</strong></span> <span class='ocrx_word' id='word_1_437' title='bbox 2745 2816 2905 2869; x_wconf 89' lang='lat' dir='ltr'><strong>pasce</strong></span> <span class='ocrx_word' id='word_1_438' title='bbox 2963 2814 3094 2854; x_wconf 86' lang='lat' dir='ltr'><strong>oves</strong></span> <span class='ocrx_word' id='word_1_439' title='bbox 3127 2811 3276 2851; x_wconf 90' lang='lat' dir='ltr'><strong>meas</strong></span> <span class='ocrx_word' id='word_1_440' title='bbox 3314 2796 3376 2849; x_wconf 86' lang='lat'><strong>“.</strong></span> <span class='ocrx_word' id='word_1_441' title='bbox 3421 2814 3438 2846; x_wconf 75' lang='grc' dir='ltr'><strong>ι</strong></span> 
     </span>
    </p>
   </div>
   <div class='ocr_carea' id='block_1_57' title="bbox 1870 2886 3451 2962">
    <p class='ocr_par' dir='ltr' id='par_1_57' title="bbox 1870 2886 3451 2962">
     <span class='ocr_line' id='line_1_57' title="bbox 1870 2886 3451 2962; baseline -0.003 -17"><span class='ocrx_word' id='word_1_442' title='bbox 1870 2890 2236 2957; x_wconf 86' lang='lat' dir='ltr'><strong>Quamobrem</strong></span> <span class='ocrx_word' id='word_1_443' title='bbox 2261 2891 2367 2947; x_wconf 88' lang='lat' dir='ltr'><strong>Deo</strong></span> <span class='ocrx_word' id='word_1_444' title='bbox 2391 2900 2555 2947; x_wconf 68' lang='lat' dir='ltr'><strong>tanta:</strong></span> <span class='ocrx_word' id='word_1_445' title='bbox 2586 2903 2713 2946; x_wconf 91' lang='lat' dir='ltr'><strong>sunt</strong></span> <span class='ocrx_word' id='word_1_446' title='bbox 2761 2909 2906 2947; x_wconf 63' lang='lat' dir='ltr'><strong>cura:</strong></span> <span class='ocrx_word' id='word_1_447' title='bbox 2952 2905 3163 2962; x_wconf 83' lang='lat' dir='ltr'><strong>greges,</strong></span> <span class='ocrx_word' id='word_1_448' title='bbox 3198 2899 3256 2943; x_wconf 90' lang='lat' dir='ltr'><strong>ut</strong></span> <span class='ocrx_word' id='word_1_449' title='bbox 3279 2886 3451 2942; x_wconf 77' lang='lat' dir='ltr'><strong>maxi-</strong></span> 
     </span>
    </p>
   </div>
   <div class='ocr_carea' id='block_1_58' title="bbox 1874 2985 3448 3056">
    <p class='ocr_par' dir='ltr' id='par_1_58' title="bbox 1874 2985 3448 3056">
     <span class='ocr_line' id='line_1_58' title="bbox 1874 2985 3448 3056; baseline -0.003 -18"><span class='ocrx_word' id='word_1_450' title='bbox 1874 3000 2020 3039; x_wconf 91' lang='lat' dir='ltr'><strong>mum</strong></span> <span class='ocrx_word' id='word_1_451' title='bbox 2057 2985 2272 3056; x_wconf 88' lang='lat' dir='ltr'><strong>signum</strong></span> <span class='ocrx_word' id='word_1_452' title='bbox 2339 2985 2393 3040; x_wconf 92' lang='lat' dir='ltr'><strong>in</strong></span> <span class='ocrx_word' id='word_1_453' title='bbox 2451 2986 2626 3055; x_wconf 91' lang='lat' dir='ltr'><strong>ipsum</strong></span> <span class='ocrx_word' id='word_1_454' title='bbox 2669 2985 2996 3050; x_wconf 87' lang='lat' dir='ltr'><strong>dilectionis,</strong></span> <span class='ocrx_word' id='word_1_455' title='bbox 3044 2999 3229 3038; x_wconf 91' lang='lat' dir='ltr'><strong>eorum</strong></span> <span class='ocrx_word' id='word_1_456' title='bbox 3260 2996 3448 3036; x_wconf 90' lang='lat' dir='ltr'><strong>curam</strong></span> 
     </span>
    </p>
   </div>
   <div class='ocr_carea' id='block_1_59' title="bbox 185 3071 1781 3144">
    <p class='ocr_par' dir='ltr' id='par_1_59' title="bbox 185 3071 1773 3142">
     <span class='ocr_line' id='line_1_59' title="bbox 185 3071 1773 3142; baseline 0 -15"><span class='ocrx_word' id='word_1_457' title='bbox 185 3074 350 3127; x_wconf 78' lang='grc' dir='ltr'>αὑτὸν</span> <span class='ocrx_word' id='word_1_458' title='bbox 382 3073 602 3142; x_wconf 73' lang='grc' dir='ltr'>ἀγάπης</span> <span class='ocrx_word' id='word_1_459' title='bbox 633 3075 862 3142; x_wconf 82' lang='grc' dir='ltr'>σημεῖον</span> <span class='ocrx_word' id='word_1_460' title='bbox 885 3073 981 3140; x_wconf 75' lang='grc' dir='ltr'>τὴν</span> <span class='ocrx_word' id='word_1_461' title='bbox 1011 3071 1139 3142; x_wconf 79' lang='grc' dir='ltr'>περὶ</span> <span class='ocrx_word' id='word_1_462' title='bbox 1170 3071 1344 3124; x_wconf 85' lang='grc' dir='ltr'>ταῦτα</span> <span class='ocrx_word' id='word_1_463' title='bbox 1371 3072 1580 3126; x_wconf 81' lang='grc' dir='ltr'>τιθέναι</span> <span class='ocrx_word' id='word_1_464' title='bbox 1610 3075 1773 3139; x_wconf 70' lang='grc' dir='ltr'>κηδεο</span> 
     </span>
    </p>
   </div>
   <div class='ocr_carea' id='block_1_60' title="bbox 1865 3071 3453 3144">
    <p class='ocr_par' dir='ltr' id='par_1_60' title="bbox 1874 3071 3453 3144">
     <span class='ocr_line' id='line_1_60' title="bbox 1874 3071 3453 3144; baseline -0.004 -13"><span class='ocrx_word' id='word_1_465' title='bbox 1874 3091 1999 3131; x_wconf 87' lang='lat' dir='ltr'><strong>esse</strong></span> <span class='ocrx_word' id='word_1_466' title='bbox 2025 3086 2247 3132; x_wconf 76' lang='lat' dir='ltr'><strong>statuat.</strong></span> <span class='ocrx_word' id='word_1_467' title='bbox 2277 3077 2498 3133; x_wconf 90' lang='lat' dir='ltr'><strong>Talibus</strong></span> <span class='ocrx_word' id='word_1_468' title='bbox 2515 3078 2781 3144; x_wconf 85' lang='lat' dir='ltr'><strong>consiliis,</strong></span> <span class='ocrx_word' id='word_1_469' title='bbox 2820 3078 3042 3132; x_wconf 91' lang='lat' dir='ltr'><strong>monitis</strong></span> <span class='ocrx_word' id='word_1_470' title='bbox 3071 3088 3126 3131; x_wconf 91' lang='lat' dir='ltr'><strong>et</strong></span> <span class='ocrx_word' id='word_1_471' title='bbox 3188 3071 3453 3130; x_wconf 83' lang='lat' dir='ltr'><strong>sermoni-</strong></span> 
     </span>
    </p>
   </div>
   <div class='ocr_carea' id='block_1_61' title="bbox 193 3163 1781 3240">
    <p class='ocr_par' dir='ltr' id='par_1_61' title="bbox 193 3163 1768 3238">
     <span class='ocr_line' id='line_1_61' title="bbox 193 3163 1768 3238; baseline -0.004 -19"><span class='ocrx_word' id='word_1_472' title='bbox 193 3167 403 3238; x_wconf 78' lang='grc' dir='ltr'>μονίαν.</span> <span class='ocrx_word' id='word_1_473' title='bbox 462 3165 755 3229; x_wconf 84' lang='grc' dir='ltr'>Τοιαύταις</span> <span class='ocrx_word' id='word_1_474' title='bbox 811 3163 1145 3236; x_wconf 72' lang='grc' dir='ltr'>συμϐουλαῖς</span> <span class='ocrx_word' id='word_1_475' title='bbox 1212 3180 1270 3215; x_wconf 81' lang='grc' dir='ltr'>τε</span> <span class='ocrx_word' id='word_1_476' title='bbox 1313 3165 1408 3216; x_wconf 71' lang='grc' dir='ltr'><strong>καὶ</strong></span> <span class='ocrx_word' id='word_1_477' title='bbox 1442 3163 1768 3232; x_wconf 70' lang='grc' dir='ltr'>ὑποθήκαις,</span> 
     </span>
    </p>
   </div>
   <div class='ocr_carea' id='block_1_62' title="bbox 1865 3163 3467 3240">
    <p class='ocr_par' dir='ltr' id='par_1_62' title="bbox 1875 3167 3467 3240">
     <span class='ocr_line' id='line_1_62' title="bbox 1875 3167 3467 3240; baseline -0.004 -18"><span class='ocrx_word' id='word_1_478' title='bbox 1875 3169 1976 3222; x_wconf 90' lang='lat' dir='ltr'><strong>bus</strong></span> <span class='ocrx_word' id='word_1_479' title='bbox 2009 3185 2304 3238; x_wconf 86' lang='lat' dir='ltr'><strong>persuasus</strong></span> <span class='ocrx_word' id='word_1_480' title='bbox 2355 3170 2665 3235; x_wconf 85' lang='lat' dir='ltr'><strong>Abramius,</strong></span> <span class='ocrx_word' id='word_1_481' title='bbox 2701 3171 3011 3240; x_wconf 86' lang='lat' dir='ltr'><strong>episcopum</strong></span> <span class='ocrx_word' id='word_1_482' title='bbox 3057 3168 3123 3222; x_wconf 90' lang='lat' dir='ltr'><strong>ad</strong></span> <span class='ocrx_word' id='word_1_483' title='bbox 3157 3167 3340 3221; x_wconf 86' lang='lat' dir='ltr'><strong>urbem</strong></span> <span class='ocrx_word' id='word_1_484' title='bbox 3371 3173 3467 3217; x_wconf 85' lang='lat' dir='ltr'><strong>est-</strong></span> 
     </span>
    </p>
   </div>
   <div class='ocr_carea' id='block_1_63' title="bbox 185 3255 1781 3329">
    <p class='ocr_par' dir='ltr' id='par_1_63' title="bbox 185 3256 1779 3329">
     <span class='ocr_line' id='line_1_63' title="bbox 185 3256 1779 3329; baseline -0.001 -17"><span class='ocrx_word' id='word_1_485' title='bbox 185 3261 451 3323; x_wconf 79' lang='grc' dir='ltr'><strong>τοιούτοις</strong></span> <span class='ocrx_word' id='word_1_486' title='bbox 482 3259 909 3329; x_wconf 65' lang='grc' dir='ltr'>ὑποφωνήμασι,</span> <span class='ocrx_word' id='word_1_487' title='bbox 943 3256 1187 3320; x_wconf 65' lang='grc' dir='ltr'>πεισθεὶς</span> <span class='ocrx_word' id='word_1_488' title='bbox 1217 3259 1244 3309; x_wconf 92' lang='lat'><strong>6</strong></span> <span class='ocrx_word' id='word_1_489' title='bbox 1280 3256 1601 3326; x_wconf 74' lang='grc' dir='ltr'>Ἀϐραμιος,</span> <span class='ocrx_word' id='word_1_490' title='bbox 1645 3258 1779 3326; x_wconf 74' lang='grc' dir='ltr'><strong>ἡκο-</strong></span> 
     </span>
    </p>
   </div>
   <div class='ocr_carea' id='block_1_64' title="bbox 1865 3255 3454 3329">
    <p class='ocr_par' dir='ltr' id='par_1_64' title="bbox 1875 3255 3454 3329">
     <span class='ocr_line' id='line_1_64' title="bbox 1875 3255 3454 3329; baseline -0.003 -16"><span class='ocrx_word' id='word_1_491' title='bbox 1875 3269 2112 3313; x_wconf 84' lang='lat' dir='ltr'><strong>secutus.</strong></span> <span class='ocrx_word' id='word_1_492' title='bbox 2133 3259 2400 3329; x_wconf 89' lang='lat' dir='ltr'><strong>Cumque,</strong></span> <span class='ocrx_word' id='word_1_493' title='bbox 2429 3262 2516 3315; x_wconf 91' lang='lat' dir='ltr'><strong>ille</strong></span> <span class='ocrx_word' id='word_1_494' title='bbox 2536 3262 2588 3313; x_wconf 91' lang='lat' dir='ltr'><strong>in</strong></span> <span class='ocrx_word' id='word_1_495' title='bbox 2612 3261 2749 3329; x_wconf 86' lang='lat' dir='ltr'><strong>ipso,</strong></span> <span class='ocrx_word' id='word_1_496' title='bbox 2794 3275 2913 3329; x_wconf 62' lang='lat' dir='ltr'><strong>qua</strong></span> <span class='ocrx_word' id='word_1_497' title='bbox 2935 3274 3032 3329; x_wconf 88' lang='lat' dir='ltr'><strong>par</strong></span> <span class='ocrx_word' id='word_1_498' title='bbox 3049 3268 3185 3321; x_wconf 90' lang='lat' dir='ltr'><strong>erat,</strong></span> <span class='ocrx_word' id='word_1_499' title='bbox 3213 3255 3454 3326; x_wconf 83' lang='lat' dir='ltr'><strong>peregis-</strong></span> 
     </span>
    </p>
   </div>
   <div class='ocr_carea' id='block_1_65' title="bbox 188 3350 1781 3422">
    <p class='ocr_par' dir='ltr' id='par_1_65' title="bbox 188 3350 1777 3420">
     <span class='ocr_line' id='line_1_65' title="bbox 188 3350 1777 3420; baseline 0.001 -19"><span class='ocrx_word' id='word_1_500' title='bbox 188 3353 369 3405; x_wconf 79' lang='grc' dir='ltr'>λούθει</span> <span class='ocrx_word' id='word_1_501' title='bbox 401 3353 533 3420; x_wconf 72' lang='grc' dir='ltr'>πρὸς</span> <span class='ocrx_word' id='word_1_502' title='bbox 562 3354 661 3419; x_wconf 84' lang='grc' dir='ltr'>τὴν</span> <span class='ocrx_word' id='word_1_503' title='bbox 693 3350 848 3403; x_wconf 85' lang='grc' dir='ltr'>πόλιν</span> <span class='ocrx_word' id='word_1_504' title='bbox 887 3350 963 3418; x_wconf 74' lang='grc' dir='ltr'><strong>τῷ</strong></span> <span class='ocrx_word' id='word_1_505' title='bbox 989 3350 1300 3420; x_wconf 74' lang='grc' dir='ltr'>ἐπισκόπῳ,</span> <span class='ocrx_word' id='word_1_506' title='bbox 1337 3350 1596 3402; x_wconf 71' lang='grc' dir='ltr'>κάκείνου</span> <span class='ocrx_word' id='word_1_507' title='bbox 1624 3350 1777 3402; x_wconf 81' lang='grc' dir='ltr'>τελέ-</span> 
     </span>
    </p>
   </div>
   <div class='ocr_carea' id='block_1_66' title="bbox 1865 3350 3456 3422">
    <p class='ocr_par' dir='ltr' id='par_1_66' title="bbox 1879 3350 3456 3422">
     <span class='ocr_line' id='line_1_66' title="bbox 1879 3350 3456 3422; baseline -0.003 -18"><span class='ocrx_word' id='word_1_508' title='bbox 1879 3363 1980 3417; x_wconf 82' lang='lat' dir='ltr'><strong>set,</strong></span> <span class='ocrx_word' id='word_1_509' title='bbox 2008 3360 2061 3405; x_wconf 92' lang='lat' dir='ltr'><strong>et</strong></span> <span class='ocrx_word' id='word_1_510' title='bbox 2095 3352 2174 3407; x_wconf 91' lang='lat' dir='ltr'><strong>sic</strong></span> <span class='ocrx_word' id='word_1_511' title='bbox 2200 3367 2325 3407; x_wconf 88' lang='lat' dir='ltr'><strong>eum</strong></span> <span class='ocrx_word' id='word_1_512' title='bbox 2358 3351 2658 3422; x_wconf 81' lang='lat' dir='ltr'><strong>perfectum</strong></span> <span class='ocrx_word' id='word_1_513' title='bbox 2708 3361 2948 3412; x_wconf 78' lang='lat' dir='ltr'><strong>creasset</strong></span> <span class='ocrx_word' id='word_1_514' title='bbox 3004 3350 3368 3412; x_wconf 76' lang='lat' dir='ltr'><strong>sacerdotem,</strong></span> <span class='ocrx_word' id='word_1_515' title='bbox 3402 3357 3456 3403; x_wconf 87' lang='lat' dir='ltr'><strong>et</strong></span> 
     </span>
    </p>
   </div>
   <div class='ocr_carea' id='block_1_67' title="bbox 193 3439 1781 3515">
    <p class='ocr_par' dir='ltr' id='par_1_67' title="bbox 193 3439 1780 3510">
     <span class='ocr_line' id='line_1_67' title="bbox 193 3439 1780 3510; baseline 0 -18"><span class='ocrx_word' id='word_1_516' title='bbox 193 3459 387 3503; x_wconf 85' lang='grc' dir='ltr'>σαντος</span> <span class='ocrx_word' id='word_1_517' title='bbox 423 3441 508 3492; x_wconf 77' lang='grc' dir='ltr'>ἐπ’</span> <span class='ocrx_word' id='word_1_518' title='bbox 543 3441 693 3510; x_wconf 80' lang='grc' dir='ltr'>αύτῷ</span> <span class='ocrx_word' id='word_1_519' title='bbox 733 3443 800 3492; x_wconf 84' lang='grc' dir='ltr'>τὰ</span> <span class='ocrx_word' id='word_1_520' title='bbox 849 3441 1036 3492; x_wconf 77' lang='grc' dir='ltr'>εἰκότα</span> <span class='ocrx_word' id='word_1_521' title='bbox 1070 3441 1164 3493; x_wconf 69' lang='grc' dir='ltr'>καὶ</span> <span class='ocrx_word' id='word_1_522' title='bbox 1189 3439 1334 3492; x_wconf 88' lang='grc' dir='ltr'>οῦτω</span> <span class='ocrx_word' id='word_1_523' title='bbox 1385 3440 1589 3493; x_wconf 83' lang='grc' dir='ltr'>τέλειον</span> <span class='ocrx_word' id='word_1_524' title='bbox 1618 3441 1780 3492; x_wconf 82' lang='grc' dir='ltr'>αὑτὸν</span> 
     </span>
    </p>
   </div>
   <div class='ocr_carea' id='block_1_68' title="bbox 1865 3439 3455 3515">
    <p class='ocr_par' dir='ltr' id='par_1_68' title="bbox 1881 3440 3455 3515">
     <span class='ocr_line' id='line_1_68' title="bbox 1881 3440 3455 3515; baseline -0.002 -18"><span class='ocrx_word' id='word_1_525' title='bbox 1881 3440 2076 3498; x_wconf 83' lang='lat' dir='ltr'><strong>deinde</strong></span> <span class='ocrx_word' id='word_1_526' title='bbox 2124 3461 2246 3500; x_wconf 88' lang='lat' dir='ltr'><strong>cum</strong></span> <span class='ocrx_word' id='word_1_527' title='bbox 2299 3455 2410 3500; x_wconf 89' lang='lat' dir='ltr'><strong>toto</strong></span> <span class='ocrx_word' id='word_1_528' title='bbox 2436 3446 2585 3501; x_wconf 89' lang='lat' dir='ltr'><strong>clero</strong></span> <span class='ocrx_word' id='word_1_529' title='bbox 2610 3455 2667 3501; x_wconf 90' lang='lat' dir='ltr'><strong>et</strong></span> <span class='ocrx_word' id='word_1_530' title='bbox 2694 3447 2893 3515; x_wconf 89' lang='lat' dir='ltr'><strong>popqu</strong></span> <span class='ocrx_word' id='word_1_531' title='bbox 2939 3459 3061 3500; x_wconf 80' lang='lat' dir='ltr'><strong>eum</strong></span> <span class='ocrx_word' id='word_1_532' title='bbox 3117 3443 3455 3504; x_wconf 77' lang='lat' dir='ltr'><strong>deduxisset,</strong></span> 
     </span>
    </p>
   </div>
   <div class='ocr_carea' id='block_1_69' title="bbox 191 3527 1781 3602">
    <p class='ocr_par' dir='ltr' id='par_1_69' title="bbox 191 3527 1780 3602">
     <span class='ocr_line' id='line_1_69' title="bbox 191 3527 1780 3602; baseline 0 -18"><span class='ocrx_word' id='word_1_533' title='bbox 191 3534 573 3598; x_wconf 78' lang='grc' dir='ltr'>ἀναδείξαντος</span> <span class='ocrx_word' id='word_1_534' title='bbox 626 3533 799 3600; x_wconf 77' lang='grc' dir='ltr'>ἱερέα,</span> <span class='ocrx_word' id='word_1_535' title='bbox 863 3527 982 3583; x_wconf 80' lang='grc' dir='ltr'>εἶτα</span> <span class='ocrx_word' id='word_1_536' title='bbox 1023 3532 1117 3583; x_wconf 76' lang='grc' dir='ltr'><strong>καὶ</strong></span> <span class='ocrx_word' id='word_1_537' title='bbox 1169 3533 1266 3584; x_wconf 71' lang='grc' dir='ltr'><strong>σὺν</strong></span> <span class='ocrx_word' id='word_1_538' title='bbox 1327 3533 1444 3600; x_wconf 78' lang='grc' dir='ltr'><strong>ἅμα</strong></span> <span class='ocrx_word' id='word_1_539' title='bbox 1478 3532 1554 3600; x_wconf 77' lang='grc' dir='ltr'>τῷ</span> <span class='ocrx_word' id='word_1_540' title='bbox 1591 3533 1780 3602; x_wconf 78' lang='grc' dir='ltr'>κλήρῳ</span> 
     </span>
    </p>
   </div>
   <div class='ocr_carea' id='block_1_70' title="bbox 1865 3527 3458 3602">
    <p class='ocr_par' dir='ltr' id='par_1_70' title="bbox 1884 3533 3458 3602">
     <span class='ocr_line' id='line_1_70' title="bbox 1884 3533 3458 3602; baseline 0 -17"><span class='ocrx_word' id='word_1_541' title='bbox 1884 3536 2214 3602; x_wconf 87' lang='lat' dir='ltr'><strong>propositam</strong></span> <span class='ocrx_word' id='word_1_542' title='bbox 2246 3537 2392 3589; x_wconf 91' lang='lat' dir='ltr'><strong>illinc</strong></span> <span class='ocrx_word' id='word_1_543' title='bbox 2426 3538 2565 3588; x_wconf 83' lang='lat' dir='ltr'><strong>viam</strong></span> <span class='ocrx_word' id='word_1_544' title='bbox 2601 3536 2742 3598; x_wconf 87' lang='lat' dir='ltr'><strong>iniit,</strong></span> <span class='ocrx_word' id='word_1_545' title='bbox 2769 3536 2965 3593; x_wconf 80' lang='lat' dir='ltr'><strong>multas</strong></span> <span class='ocrx_word' id='word_1_546' title='bbox 2989 3535 3202 3589; x_wconf 87' lang='lat' dir='ltr'><strong>interim</strong></span> <span class='ocrx_word' id='word_1_547' title='bbox 3225 3533 3458 3589; x_wconf 80' lang='lat' dir='ltr'><strong>fundens</strong></span> 
     </span>
    </p>
   </div>
   <div class='ocr_carea' id='block_1_71' title="bbox 195 3622 1781 3698">
    <p class='ocr_par' dir='ltr' id='par_1_71' title="bbox 195 3622 1781 3696">
     <span class='ocr_line' id='line_1_71' title="bbox 195 3622 1781 3696; baseline -0.002 -19"><span class='ocrx_word' id='word_1_548' title='bbox 195 3627 362 3679; x_wconf 67' lang='grc' dir='ltr'>παντὶ</span> <span class='ocrx_word' id='word_1_549' title='bbox 405 3627 496 3679; x_wconf 74' lang='grc' dir='ltr'>καὶ</span> <span class='ocrx_word' id='word_1_550' title='bbox 528 3625 606 3696; x_wconf 77' lang='grc' dir='ltr'><strong>τῷ</strong></span> <span class='ocrx_word' id='word_1_551' title='bbox 645 3623 761 3694; x_wconf 82' lang='grc' dir='ltr'>λαῷ</span> <span class='ocrx_word' id='word_1_552' title='bbox 797 3623 988 3676; x_wconf 82' lang='grc' dir='ltr'>τοῦτον</span> <span class='ocrx_word' id='word_1_553' title='bbox 1036 3622 1488 3693; x_wconf 69' lang='grc' dir='ltr'>προπέμψαντος,</span> <span class='ocrx_word' id='word_1_554' title='bbox 1526 3623 1625 3692; x_wconf 84' lang='grc' dir='ltr'><strong>τὴν</strong></span> <span class='ocrx_word' id='word_1_555' title='bbox 1653 3639 1781 3693; x_wconf 87' lang='grc' dir='ltr'>προ-</span> 
     </span>
    </p>
   </div>
   <div class='ocr_carea' id='block_1_72' title="bbox 1865 3622 3193 3698">
    <p class='ocr_par' dir='ltr' id='par_1_72' title="bbox 1884 3625 3193 3698">
     <span class='ocr_line' id='line_1_72' title="bbox 1884 3625 3193 3698; baseline 0.001 -20"><span class='ocrx_word' id='word_1_556' title='bbox 1884 3625 2179 3698; x_wconf 81' lang='lat' dir='ltr'><strong>lacrymas,</strong></span> <span class='ocrx_word' id='word_1_557' title='bbox 2215 3637 2270 3682; x_wconf 90' lang='lat' dir='ltr'><strong>et</strong></span> <span class='ocrx_word' id='word_1_558' title='bbox 2301 3642 2595 3696; x_wconf 83' lang='lat' dir='ltr'><strong>supernum</strong></span> <span class='ocrx_word' id='word_1_559' title='bbox 2619 3629 2880 3684; x_wconf 81' lang='lat' dir='ltr'><strong>invocans</strong></span> <span class='ocrx_word' id='word_1_560' title='bbox 2911 3627 3193 3682; x_wconf 81' lang='lat' dir='ltr'><strong>auxilium.</strong></span> 
     </span>
    </p>
   </div>
   <div class='ocr_carea' id='block_1_73' title="bbox 195 3715 3456 3796">
    <p class='ocr_par' dir='ltr' id='par_1_73' title="bbox 195 3715 3456 3796">
     <span class='ocr_line' id='line_1_73' title="bbox 195 3715 3456 3796; baseline -0.003 -20"><span class='ocrx_word' id='word_1_561' title='bbox 195 3725 460 3794; x_wconf 69' lang='grc' dir='ltr'>κειμένην</span> <span class='ocrx_word' id='word_1_562' title='bbox 494 3722 704 3777; x_wconf 79' lang='grc' dir='ltr'>ἐκεῖθεν</span> <span class='ocrx_word' id='word_1_563' title='bbox 731 3722 846 3776; x_wconf 73' lang='grc' dir='ltr'>ὁδὸν</span> <span class='ocrx_word' id='word_1_564' title='bbox 881 3723 1099 3794; x_wconf 66' lang='grc' dir='ltr'>ἤρχετο,</span> <span class='ocrx_word' id='word_1_565' title='bbox 1133 3721 1304 3776; x_wconf 75' lang='grc' dir='ltr'>πολλὰ</span> <span class='ocrx_word' id='word_1_566' title='bbox 1333 3722 1536 3793; x_wconf 76' lang='grc' dir='ltr'>μεταξῦ</span> <span class='ocrx_word' id='word_1_567' title='bbox 1594 3722 1806 3794; x_wconf 81' lang='grc' dir='ltr'>δάκρυα</span> <span class='ocrx_word' id='word_1_568' title='bbox 1849 3723 1988 3796; x_wconf 78' lang='grc' dir='ltr'>χέων</span> <span class='ocrx_word' id='word_1_569' title='bbox 2025 3724 2120 3778; x_wconf 85' lang='grc' dir='ltr'>καὶ</span> <span class='ocrx_word' id='word_1_570' title='bbox 2169 3723 2268 3793; x_wconf 82' lang='grc' dir='ltr'><strong>τὴν</strong></span> <span class='ocrx_word' id='word_1_571' title='bbox 2295 3724 2498 3778; x_wconf 82' lang='grc' dir='ltr'>ἄνωθεν</span> <span class='ocrx_word' id='word_1_572' title='bbox 2531 3725 2706 3795; x_wconf 80' lang='grc' dir='ltr'>ῥοπήν</span> <span class='ocrx_word' id='word_1_573' title='bbox 2733 3739 2790 3774; x_wconf 83' lang='grc' dir='ltr'><strong>τε</strong></span> <span class='ocrx_word' id='word_1_574' title='bbox 2825 3722 2917 3774; x_wconf 74' lang='grc' dir='ltr'>καὶ</span> <span class='ocrx_word' id='word_1_575' title='bbox 2951 3715 3269 3789; x_wconf 75' lang='grc' dir='ltr'>συμμαχίαν</span> <span class='ocrx_word' id='word_1_576' title='bbox 3335 3715 3456 3768; x_wconf 69' lang='lat' dir='ltr'><strong>im-</strong></span> 
     </span>
    </p>
   </div>
   <div class='ocr_carea' id='block_1_74' title="bbox 196 3821 560 3890">
    <p class='ocr_par' dir='ltr' id='par_1_74' title="bbox 196 3821 560 3890">
     <span class='ocr_line' id='line_1_74' title="bbox 196 3821 560 3890; baseline 0.003 -18"><span class='ocrx_word' id='word_1_577' title='bbox 196 3821 560 3890; x_wconf 81' lang='grc' dir='ltr'>καλούμενος.</span> 
     </span>
    </p>
   </div>
   <div class='ocr_carea' id='block_1_75' title="bbox 269 3909 1782 3982">
    <p class='ocr_par' dir='ltr' id='par_1_75' title="bbox 269 3909 1782 3982">
     <span class='ocr_line' id='line_1_75' title="bbox 269 3909 1782 3982; baseline -0.001 -15"><span class='ocrx_word' id='word_1_578' title='bbox 269 3912 348 3967; x_wconf 82' lang='lat'><strong>6&#39;.</strong></span> <span class='ocrx_word' id='word_1_579' title='bbox 384 3914 680 3981; x_wconf 78' lang='grc' dir='ltr'>Γενόμενος</span> <span class='ocrx_word' id='word_1_580' title='bbox 711 3912 768 3965; x_wconf 75' lang='grc' dir='ltr'>δὲ</span> <span class='ocrx_word' id='word_1_581' title='bbox 793 3911 935 3966; x_wconf 83' lang='grc' dir='ltr'><strong>κατά</strong></span> <span class='ocrx_word' id='word_1_582' title='bbox 968 3909 1068 3980; x_wconf 73' lang='grc' dir='ltr'>τὴν</span> <span class='ocrx_word' id='word_1_583' title='bbox 1092 3910 1288 3982; x_wconf 82' lang='grc' dir='ltr'>κώμην</span> <span class='ocrx_word' id='word_1_584' title='bbox 1325 3911 1421 3964; x_wconf 60' lang='grc' dir='ltr'><strong>καὶ⁵</strong></span> <span class='ocrx_word' id='word_1_585' title='bbox 1451 3911 1656 3982; x_wconf 79' lang='grc' dir='ltr'>ταύτην</span> <span class='ocrx_word' id='word_1_586' title='bbox 1677 3912 1782 3965; x_wconf 73' lang='grc' dir='ltr'>ὑπὸ</span> 
     </span>
    </p>
   </div>
   <div class='ocr_carea' id='block_1_76' title="bbox 202 4003 1783 4081">
    <p class='ocr_par' dir='ltr' id='par_1_76' title="bbox 202 4003 1783 4081">
     <span class='ocr_line' id='line_1_76' title="bbox 202 4003 1783 4081; baseline -0.004 -17"><span class='ocrx_word' id='word_1_587' title='bbox 202 4009 358 4081; x_wconf 75' lang='grc' dir='ltr'>βαθῖί</span> <span class='ocrx_word' id='word_1_588' title='bbox 391 4004 572 4075; x_wconf 83' lang='grc' dir='ltr'><strong>σκότῳ</strong></span> <span class='ocrx_word' id='word_1_589' title='bbox 604 4004 703 4072; x_wconf 84' lang='grc' dir='ltr'><strong>τῆς</strong></span> <span class='ocrx_word' id='word_1_590' title='bbox 736 4003 993 4066; x_wconf 84' lang='grc' dir='ltr'>ἀσεϐείας</span> <span class='ocrx_word' id='word_1_591' title='bbox 1022 4004 1283 4075; x_wconf 73' lang='grc' dir='ltr'>κειμένην</span> <span class='ocrx_word' id='word_1_592' title='bbox 1310 4003 1656 4067; x_wconf 85' lang='grc' dir='ltr'>καταλαϐὼν,</span> <span class='ocrx_word' id='word_1_593' title='bbox 1686 4006 1783 4058; x_wconf 71' lang='grc' dir='ltr'>καὶ</span> 
     </span>
    </p>
   </div>
   <div class='ocr_carea' id='block_1_77' title="bbox 201 4093 1781 4178">
    <p class='ocr_par' dir='ltr' id='par_1_77' title="bbox 201 4093 1781 4178">
     <span class='ocr_line' id='line_1_77' title="bbox 201 4093 1781 4178; baseline -0.001 -27"><span class='ocrx_word' id='word_1_594' title='bbox 201 4107 228 4156; x_wconf 73' lang='grc' dir='ltr'>ὃ</span> <span class='ocrx_word' id='word_1_595' title='bbox 253 4117 388 4178; x_wconf 52' lang='grc' dir='ltr'>ἲησι</span> <span class='ocrx_word' id='word_1_596' title='bbox 421 4101 450 4152; x_wconf 90' lang='lat'><strong>6</strong></span> <span class='ocrx_word' id='word_1_597' title='bbox 489 4097 630 4160; x_wconf 83' lang='grc' dir='ltr'>θεῖος</span> <span class='ocrx_word' id='word_1_598' title='bbox 654 4094 886 4161; x_wconf 82' lang='grc' dir='ltr'><strong>Παῦλος,</strong></span> <span class='ocrx_word' id='word_1_599' title='bbox 927 4112 945 4146; x_wconf 86' lang='grc' dir='ltr'>ι</span> <span class='ocrx_word' id='word_1_600' title='bbox 981 4094 1094 4162; x_wconf 80' lang='grc' dir='ltr'><strong>Τὴν</strong></span> <span class='ocrx_word' id='word_1_601' title='bbox 1121 4093 1215 4146; x_wconf 90' lang='grc' dir='ltr'><strong>τοῦ</strong></span> <span class='ocrx_word' id='word_1_602' title='bbox 1247 4097 1587 4162; x_wconf 78' lang='grc' dir='ltr'>Μονογενοῦς</span> <span class='ocrx_word' id='word_1_603' title='bbox 1623 4096 1781 4160; x_wconf 80' lang='grc' dir='ltr'>δόξαν</span> 
     </span>
    </p>
   </div>
   <div class='ocr_carea' id='block_1_78' title="bbox 202 4184 1784 4264">
    <p class='ocr_par' dir='ltr' id='par_1_78' title="bbox 202 4184 1784 4264">
     <span class='ocr_line' id='line_1_78' title="bbox 202 4184 1784 4264; baseline -0.006 -16"><span class='ocrx_word' id='word_1_604' title='bbox 202 4184 268 4248; x_wconf 74' lang='grc' dir='ltr'>ἐν</span> <span class='ocrx_word' id='word_1_605' title='bbox 293 4193 600 4264; x_wconf 70' lang='grc' dir='ltr'><strong>ὁμοιώματι</strong></span> <span class='ocrx_word' id='word_1_606' title='bbox 650 4191 890 4260; x_wconf 79' lang='grc' dir='ltr'>γλυπτοῦ</span> <span class='ocrx_word' id='word_1_607' title='bbox 927 4188 1328 4260; x_wconf 78' lang='grc' dir='ltr'>ἀλλαξαμένην,</span> <span class='ocrx_word' id='word_1_608' title='bbox 1388 4206 1406 4239; x_wconf 76' lang='grc' dir='ltr'><strong>ι</strong></span> <span class='ocrx_word' id='word_1_609' title='bbox 1449 4186 1784 4257; x_wconf 72' lang='grc' dir='ltr'>τοιαῦτατῷ</span> 
     </span>
    </p>
   </div>
   <div class='ocr_carea' id='block_1_79' title="bbox 202 4282 1782 4357">
    <p class='ocr_par' dir='ltr' id='par_1_79' title="bbox 202 4282 1782 4357">
     <span class='ocr_line' id='line_1_79' title="bbox 202 4282 1782 4357; baseline -0.005 -16"><span class='ocrx_word' id='word_1_610' title='bbox 202 4287 326 4357; x_wconf 83' lang='grc' dir='ltr'><strong>Θεῷ</strong></span> <span class='ocrx_word' id='word_1_611' title='bbox 387 4289 444 4340; x_wconf 71' lang='grc' dir='ltr'>ἐν</span> <span class='ocrx_word' id='word_1_612' title='bbox 510 4285 766 4355; x_wconf 83' lang='grc' dir='ltr'>συντριϐῇ</span> <span class='ocrx_word' id='word_1_613' title='bbox 820 4285 1049 4355; x_wconf 85' lang='grc' dir='ltr'>καρδίας</span> <span class='ocrx_word' id='word_1_614' title='bbox 1096 4283 1478 4354; x_wconf 78' lang='grc' dir='ltr'>προσηύχετοο</span> <span class='ocrx_word' id='word_1_615' title='bbox 1538 4282 1782 4334; x_wconf 74' lang='grc' dir='ltr'>Δέσποτα</span> 
     </span>
    </p>
   </div>
   <div class='ocr_carea' id='block_1_80' title="bbox 1957 3907 3460 3972">
    <p class='ocr_par' dir='ltr' id='par_1_80' title="bbox 1957 3907 3460 3972">
     <span class='ocr_line' id='line_1_80' title="bbox 1957 3907 3460 3972; baseline -0.003 -6"><span class='ocrx_word' id='word_1_616' title='bbox 1957 3909 2044 3966; x_wconf 81' lang='lat' dir='ltr'><strong>IX.</strong></span> <span class='ocrx_word' id='word_1_617' title='bbox 2075 3911 2212 3967; x_wconf 87' lang='lat' dir='ltr'><strong>Cum</strong></span> <span class='ocrx_word' id='word_1_618' title='bbox 2244 3919 2425 3966; x_wconf 89' lang='lat' dir='ltr'><strong>autem</strong></span> <span class='ocrx_word' id='word_1_619' title='bbox 2459 3909 2695 3965; x_wconf 83' lang='lat' dir='ltr'><strong>venisset</strong></span> <span class='ocrx_word' id='word_1_620' title='bbox 2730 3910 2782 3964; x_wconf 91' lang='lat' dir='ltr'><strong>in</strong></span> <span class='ocrx_word' id='word_1_621' title='bbox 2817 3907 3024 3972; x_wconf 91' lang='lat' dir='ltr'><strong>vicum,</strong></span> <span class='ocrx_word' id='word_1_622' title='bbox 3069 3915 3122 3963; x_wconf 88' lang='lat' dir='ltr'><strong>et</strong></span> <span class='ocrx_word' id='word_1_623' title='bbox 3162 3921 3283 3962; x_wconf 88' lang='lat' dir='ltr'><strong>eum</strong></span> <span class='ocrx_word' id='word_1_624' title='bbox 3308 3914 3460 3962; x_wconf 74' lang='lat' dir='ltr'><strong>inve-</strong></span> 
     </span>
    </p>
   </div>
   <div class='ocr_carea' id='block_1_81' title="bbox 1890 3999 3458 4072">
    <p class='ocr_par' dir='ltr' id='par_1_81' title="bbox 1890 3999 3458 4072">
     <span class='ocr_line' id='line_1_81' title="bbox 1890 3999 3458 4072; baseline -0.002 -13"><span class='ocrx_word' id='word_1_625' title='bbox 1890 4004 2354 4072; x_wconf 87' lang='lat' dir='ltr'><strong>nissctjacentem</strong></span> <span class='ocrx_word' id='word_1_626' title='bbox 2392 4005 2444 4057; x_wconf 94' lang='lat' dir='ltr'><strong>in</strong></span> <span class='ocrx_word' id='word_1_627' title='bbox 2505 4002 2790 4072; x_wconf 78' lang='lat' dir='ltr'><strong>profundis</strong></span> <span class='ocrx_word' id='word_1_628' title='bbox 2851 4000 3092 4056; x_wconf 86' lang='lat' dir='ltr'><strong>tenebris</strong></span> <span class='ocrx_word' id='word_1_629' title='bbox 3142 3999 3458 4069; x_wconf 83' lang='lat' dir='ltr'><strong>impietatis,</strong></span> 
     </span>
    </p>
   </div>
   <div class='ocr_carea' id='block_1_82' title="bbox 1888 4089 3462 4160">
    <p class='ocr_par' dir='ltr' id='par_1_82' title="bbox 1888 4089 3462 4160">
     <span class='ocr_line' id='line_1_82' title="bbox 1888 4089 3462 4160; baseline -0.003 -11"><span class='ocrx_word' id='word_1_630' title='bbox 1888 4107 2020 4150; x_wconf 86' lang='lat' dir='ltr'><strong>etut</strong></span> <span class='ocrx_word' id='word_1_631' title='bbox 2036 4095 2398 4150; x_wconf 87' lang='lat' dir='ltr'><strong>dicitdivinus</strong></span> <span class='ocrx_word' id='word_1_632' title='bbox 2419 4093 2614 4149; x_wconf 85' lang='lat' dir='ltr'><strong>Paulus</strong></span> <span class='ocrx_word' id='word_1_633' title='bbox 2644 4093 2711 4156; x_wconf 83' lang='lat'><strong>“,</strong></span> <span class='ocrx_word' id='word_1_634' title='bbox 2740 4112 2757 4143; x_wconf 85' lang='grc' dir='ltr'>ι</span> <span class='ocrx_word' id='word_1_635' title='bbox 2780 4091 3018 4147; x_wconf 83' lang='lat' dir='ltr'><strong>Gloriam</strong></span> <span class='ocrx_word' id='word_1_636' title='bbox 3050 4089 3321 4160; x_wconf 86' lang='lat' dir='ltr'><strong>Unigeniti</strong></span> <span class='ocrx_word' id='word_1_637' title='bbox 3347 4107 3462 4145; x_wconf 83' lang='lat' dir='ltr'><strong>mu-</strong></span> 
     </span>
    </p>
   </div>
   <div class='ocr_carea' id='block_1_83' title="bbox 1888 4181 3464 4250">
    <p class='ocr_par' dir='ltr' id='par_1_83' title="bbox 1888 4181 3464 4250">
     <span class='ocr_line' id='line_1_83' title="bbox 1888 4181 3464 4250; baseline -0.003 -12"><span class='ocrx_word' id='word_1_638' title='bbox 1888 4194 2054 4238; x_wconf 83' lang='lat' dir='ltr'><strong>tatam</strong></span> <span class='ocrx_word' id='word_1_639' title='bbox 2080 4185 2132 4238; x_wconf 89' lang='lat' dir='ltr'><strong>in</strong></span> <span class='ocrx_word' id='word_1_640' title='bbox 2164 4183 2572 4238; x_wconf 84' lang='lat' dir='ltr'><strong>similitudinem</strong></span> <span class='ocrx_word' id='word_1_641' title='bbox 2613 4181 2942 4250; x_wconf 43' lang='lat' dir='ltr'><strong>sculptilis,»</strong></span> <span class='ocrx_word' id='word_1_642' title='bbox 2974 4181 3054 4235; x_wconf 87' lang='lat' dir='ltr'><strong>sic</strong></span> <span class='ocrx_word' id='word_1_643' title='bbox 3084 4181 3247 4235; x_wconf 87' lang='lat' dir='ltr'><strong>Deum</strong></span> <span class='ocrx_word' id='word_1_644' title='bbox 3277 4196 3464 4250; x_wconf 86' lang='lat' dir='ltr'><strong>preca-</strong></span> 
     </span>
    </p>
   </div>
   <div class='ocr_carea' id='block_1_84' title="bbox 1891 4270 3466 4342">
    <p class='ocr_par' dir='ltr' id='par_1_84' title="bbox 1891 4270 3466 4342">
     <span class='ocr_line' id='line_1_84' title="bbox 1891 4270 3466 4342; baseline -0.003 -11"><span class='ocrx_word' id='word_1_645' title='bbox 1891 4278 2050 4333; x_wconf 88' lang='lat' dir='ltr'><strong>batur</strong></span> <span class='ocrx_word' id='word_1_646' title='bbox 2102 4277 2155 4330; x_wconf 91' lang='lat' dir='ltr'><strong>in</strong></span> <span class='ocrx_word' id='word_1_647' title='bbox 2209 4275 2539 4330; x_wconf 85' lang='lat' dir='ltr'><strong>contritione</strong></span> <span class='ocrx_word' id='word_1_648' title='bbox 2587 4270 3075 4342; x_wconf 85' lang='lat' dir='ltr'><strong>cordis:Benigne</strong></span> <span class='ocrx_word' id='word_1_649' title='bbox 3123 4281 3177 4327; x_wconf 88' lang='lat' dir='ltr'><strong>et</strong></span> <span class='ocrx_word' id='word_1_650' title='bbox 3229 4271 3466 4328; x_wconf 88' lang='lat' dir='ltr'><strong>clemens</strong></span> 
     </span>
    </p>
   </div>
   <div class='ocr_carea' id='block_1_85' title="bbox 205 4365 1781 4449">
    <p class='ocr_par' dir='ltr' id='par_1_85' title="bbox 205 4374 1781 4449">
     <span class='ocr_line' id='line_1_85' title="bbox 205 4374 1781 4449; baseline -0.003 -17"><span class='ocrx_word' id='word_1_651' title='bbox 205 4379 581 4449; x_wconf 72' lang='grc' dir='ltr'>φιλανθρωπε,</span> <span class='ocrx_word' id='word_1_652' title='bbox 606 4377 811 4446; x_wconf 81' lang='grc' dir='ltr'>Χριστὲ</span> <span class='ocrx_word' id='word_1_653' title='bbox 858 4378 886 4427; x_wconf 90' lang='lat'><strong>6</strong></span> <span class='ocrx_word' id='word_1_654' title='bbox 927 4377 1080 4442; x_wconf 83' lang='grc' dir='ltr'>Θεὸς,</span> <span class='ocrx_word' id='word_1_655' title='bbox 1123 4378 1150 4430; x_wconf 87' lang='lat'><strong>6</strong></span> <span class='ocrx_word' id='word_1_656' title='bbox 1193 4376 1351 4445; x_wconf 89' lang='grc' dir='ltr'><strong>μόνος</strong></span> <span class='ocrx_word' id='word_1_657' title='bbox 1383 4375 1607 4442; x_wconf 74' lang='grc' dir='ltr'>ἀγαθὸς,</span> <span class='ocrx_word' id='word_1_658' title='bbox 1637 4377 1663 4428; x_wconf 93' lang='lat'><strong>6</strong></span> <span class='ocrx_word' id='word_1_659' title='bbox 1690 4374 1781 4443; x_wconf 89' lang='grc' dir='ltr'>μό-</span> 
     </span>
    </p>
   </div>
   <div class='ocr_carea' id='block_1_86' title="bbox 1865 4365 3468 4449">
    <p class='ocr_par' dir='ltr' id='par_1_86' title="bbox 1895 4365 3468 4438">
     <span class='ocr_line' id='line_1_86' title="bbox 1895 4365 3468 4438; baseline -0.006 -9"><span class='ocrx_word' id='word_1_660' title='bbox 1895 4371 2115 4429; x_wconf 87' lang='lat' dir='ltr'><strong>Domine</strong></span> <span class='ocrx_word' id='word_1_661' title='bbox 2143 4369 2363 4425; x_wconf 87' lang='lat' dir='ltr'><strong>Christe</strong></span> <span class='ocrx_word' id='word_1_662' title='bbox 2397 4368 2556 4431; x_wconf 86' lang='lat' dir='ltr'><strong>Deus,</strong></span> <span class='ocrx_word' id='word_1_663' title='bbox 2594 4368 2683 4438; x_wconf 87' lang='lat' dir='ltr'><strong>qui</strong></span> <span class='ocrx_word' id='word_1_664' title='bbox 2729 4381 2789 4421; x_wconf 84' lang='lat' dir='ltr'><strong>es</strong></span> <span class='ocrx_word' id='word_1_665' title='bbox 2845 4365 2993 4422; x_wconf 88' lang='lat' dir='ltr'><strong>solus</strong></span> <span class='ocrx_word' id='word_1_666' title='bbox 3035 4368 3227 4428; x_wconf 85' lang='lat' dir='ltr'><strong>bonus,</strong></span> <span class='ocrx_word' id='word_1_667' title='bbox 3270 4366 3361 4435; x_wconf 92' lang='lat' dir='ltr'><strong>qui</strong></span> <span class='ocrx_word' id='word_1_668' title='bbox 3409 4381 3468 4420; x_wconf 86' lang='lat' dir='ltr'><strong>es</strong></span> 
     </span>
    </p>
   </div>
   <div class='ocr_carea' id='block_1_87' title="bbox 205 4466 1789 4539">
    <p class='ocr_par' dir='ltr' id='par_1_87' title="bbox 205 4466 1789 4539">
     <span class='ocr_line' id='line_1_87' title="bbox 205 4466 1789 4539; baseline -0.005 -13"><span class='ocrx_word' id='word_1_669' title='bbox 205 4491 297 4532; x_wconf 83' lang='grc' dir='ltr'>νος</span> <span class='ocrx_word' id='word_1_670' title='bbox 347 4470 674 4534; x_wconf 81' lang='grc' dir='ltr'>ἀνεξίκακος</span> <span class='ocrx_word' id='word_1_671' title='bbox 713 4467 741 4518; x_wconf 87' lang='lat'><strong>6</strong></span> <span class='ocrx_word' id='word_1_672' title='bbox 798 4468 961 4538; x_wconf 83' lang='grc' dir='ltr'><strong>μόνος</strong></span> <span class='ocrx_word' id='word_1_673' title='bbox 1005 4467 1277 4536; x_wconf 67' lang='grc' dir='ltr'>ἐλεήμων,</span> <span class='ocrx_word' id='word_1_674' title='bbox 1314 4470 1342 4520; x_wconf 88' lang='lat'><strong>6</strong></span> <span class='ocrx_word' id='word_1_675' title='bbox 1379 4466 1470 4518; x_wconf 75' lang='grc' dir='ltr'>τὸν</span> <span class='ocrx_word' id='word_1_676' title='bbox 1501 4467 1789 4539; x_wconf 82' lang='grc' dir='ltr'>ἄνθρωπον</span> 
     </span>
    </p>
   </div>
   <div class='ocr_carea' id='block_1_88' title="bbox 207 4559 1788 4634">
    <p class='ocr_par' dir='ltr' id='par_1_88' title="bbox 207 4559 1788 4634">
     <span class='ocr_line' id='line_1_88' title="bbox 207 4559 1788 4634; baseline -0.004 -16"><span class='ocrx_word' id='word_1_677' title='bbox 207 4565 405 4634; x_wconf 76' lang='grc' dir='ltr'>ἀφάτῳ</span> <span class='ocrx_word' id='word_1_678' title='bbox 449 4560 824 4632; x_wconf 79' lang='grc' dir='ltr'>εὑσπλαγχνίᾳ</span> <span class='ocrx_word' id='word_1_679' title='bbox 868 4561 1307 4634; x_wconf 85' lang='grc' dir='ltr'>δημιουργήσας,</span> <span class='ocrx_word' id='word_1_680' title='bbox 1365 4559 1394 4610; x_wconf 91' lang='lat'><strong>6</strong></span> <span class='ocrx_word' id='word_1_681' title='bbox 1445 4562 1646 4622; x_wconf 72' lang='grc' dir='ltr'>συνιεὶς</span> <span class='ocrx_word' id='word_1_682' title='bbox 1709 4563 1788 4621; x_wconf 81' lang='grc' dir='ltr'>εἰς</span> 
     </span>
    </p>
   </div>
   <div class='ocr_carea' id='block_1_89' title="bbox 210 4653 1789 4724">
    <p class='ocr_par' dir='ltr' id='par_1_89' title="bbox 210 4653 1789 4724">
     <span class='ocr_line' id='line_1_89' title="bbox 210 4653 1789 4724; baseline -0.003 -15"><span class='ocrx_word' id='word_1_683' title='bbox 210 4657 393 4711; x_wconf 69' lang='grc' dir='ltr'>πάντα</span> <span class='ocrx_word' id='word_1_684' title='bbox 426 4655 494 4708; x_wconf 69' lang='grc' dir='ltr'>τὰ</span> <span class='ocrx_word' id='word_1_685' title='bbox 531 4653 670 4723; x_wconf 74' lang='grc' dir='ltr'>ἔργα</span> <span class='ocrx_word' id='word_1_686' title='bbox 706 4653 871 4706; x_wconf 84' lang='grc' dir='ltr'>αὑτοῦ</span> <span class='ocrx_word' id='word_1_687' title='bbox 899 4656 993 4706; x_wconf 75' lang='grc' dir='ltr'>καὶ</span> <span class='ocrx_word' id='word_1_688' title='bbox 1026 4655 1253 4724; x_wconf 85' lang='grc' dir='ltr'>καρδίας</span> <span class='ocrx_word' id='word_1_689' title='bbox 1283 4655 1373 4707; x_wconf 65' lang='grc' dir='ltr'>καὶ</span> <span class='ocrx_word' id='word_1_690' title='bbox 1403 4655 1632 4722; x_wconf 79' lang='grc' dir='ltr'>νεφροὺς</span> <span class='ocrx_word' id='word_1_691' title='bbox 1665 4653 1789 4706; x_wconf 74' lang='grc' dir='ltr'><strong>ἑ.τά-</strong></span> 
     </span>
    </p>
   </div>
   <div class='ocr_carea' id='block_1_90' title="bbox 211 4747 1795 4820">
    <p class='ocr_par' dir='ltr' id='par_1_90' title="bbox 211 4747 1795 4820">
     <span class='ocr_line' id='line_1_90' title="bbox 211 4747 1795 4820; baseline -0.002 -16"><span class='ocrx_word' id='word_1_692' title='bbox 211 4752 322 4814; x_wconf 79' lang='grc' dir='ltr'><strong>ζων</strong></span> <span class='ocrx_word' id='word_1_693' title='bbox 356 4751 450 4804; x_wconf 78' lang='grc' dir='ltr'><strong>καὶ</strong></span> <span class='ocrx_word' id='word_1_694' title='bbox 471 4747 756 4815; x_wconf 82' lang='grc' dir='ltr'>γινώσκων</span> <span class='ocrx_word' id='word_1_695' title='bbox 783 4749 908 4812; x_wconf 76' lang='grc' dir='ltr'>τοὺς</span> <span class='ocrx_word' id='word_1_696' title='bbox 931 4748 1314 4817; x_wconf 73' lang='grc' dir='ltr'>διαλογισμοὺς</span> <span class='ocrx_word' id='word_1_697' title='bbox 1334 4748 1522 4809; x_wconf 81' lang='grc' dir='ltr'>αὑτοῦ,</span> <span class='ocrx_word' id='word_1_698' title='bbox 1549 4749 1621 4820; x_wconf 78' lang='grc' dir='ltr'><strong>μὴ</strong></span> <span class='ocrx_word' id='word_1_699' title='bbox 1654 4765 1795 4819; x_wconf 89' lang='grc' dir='ltr'>παρ-</span> 
     </span>
    </p>
   </div>
   <div class='ocr_carea' id='block_1_91' title="bbox 213 4840 1793 4915">
    <p class='ocr_par' dir='ltr' id='par_1_91' title="bbox 213 4840 1793 4915">
     <span class='ocr_line' id='line_1_91' title="bbox 213 4840 1793 4915; baseline -0.001 -19"><span class='ocrx_word' id='word_1_700' title='bbox 213 4847 332 4915; x_wconf 78' lang='grc' dir='ltr'><strong>ίὸῃς</strong></span> <span class='ocrx_word' id='word_1_701' title='bbox 367 4844 427 4896; x_wconf 83' lang='grc' dir='ltr'><strong>τὸ</strong></span> <span class='ocrx_word' id='word_1_702' title='bbox 460 4843 549 4896; x_wconf 69' lang='grc' dir='ltr'><strong>σὸν</strong></span> <span class='ocrx_word' id='word_1_703' title='bbox 575 4842 823 4910; x_wconf 77' lang='grc' dir='ltr'>πλάσμα,</span> <span class='ocrx_word' id='word_1_704' title='bbox 853 4841 913 4894; x_wconf 75' lang='grc' dir='ltr'>τὸ</span> <span class='ocrx_word' id='word_1_705' title='bbox 941 4840 1039 4908; x_wconf 75' lang='grc' dir='ltr'>τῆς</span> <span class='ocrx_word' id='word_1_706' title='bbox 1071 4843 1170 4910; x_wconf 83' lang='grc' dir='ltr'>σῆς</span> <span class='ocrx_word' id='word_1_707' title='bbox 1191 4840 1371 4910; x_wconf 77' lang='grc' dir='ltr'>χειρὸς</span> <span class='ocrx_word' id='word_1_708' title='bbox 1400 4841 1793 4911; x_wconf 82' lang='grc' dir='ltr'>δημιούργημα</span> 
     </span>
    </p>
   </div>
   <div class='ocr_carea' id='block_1_92' title="bbox 213 4931 1795 5005">
    <p class='ocr_par' dir='ltr' id='par_1_92' title="bbox 213 4931 1795 5005">
     <span class='ocr_line' id='line_1_92' title="bbox 213 4931 1795 5005; baseline -0.003 -14"><span class='ocrx_word' id='word_1_709' title='bbox 213 4935 409 4999; x_wconf 83' lang='grc' dir='ltr'>κακῶς</span> <span class='ocrx_word' id='word_1_710' title='bbox 461 4934 566 4988; x_wconf 76' lang='grc' dir='ltr'><strong>ὑπὸ</strong></span> <span class='ocrx_word' id='word_1_711' title='bbox 619 4931 714 4986; x_wconf 81' lang='grc' dir='ltr'><strong>τοῦ</strong></span> <span class='ocrx_word' id='word_1_712' title='bbox 746 4933 938 5003; x_wconf 76' lang='grc' dir='ltr'>νοητοῦ</span> <span class='ocrx_word' id='word_1_713' title='bbox 978 4934 1146 5005; x_wconf 77' lang='grc' dir='ltr'>θηρὸς</span> <span class='ocrx_word' id='word_1_714' title='bbox 1200 4931 1618 5001; x_wconf 58' lang='grc' dir='ltr'>ἀπολλύμενον</span> <span class='ocrx_word' id='word_1_715' title='bbox 1681 4933 1795 4986; x_wconf 73' lang='grc' dir='ltr'>ἀλλ’</span> 
     </span>
    </p>
   </div>
   <div class='ocr_carea' id='block_1_93' title="bbox 212 5023 1797 5094">
    <p class='ocr_par' dir='ltr' id='par_1_93' title="bbox 212 5023 1797 5094">
     <span class='ocr_line' id='line_1_93' title="bbox 212 5023 1797 5094; baseline -0.005 -10"><span class='ocrx_word' id='word_1_716' title='bbox 212 5026 406 5094; x_wconf 66' lang='grc' dir='ltr'>ἐξελοῦ</span> <span class='ocrx_word' id='word_1_717' title='bbox 436 5025 635 5089; x_wconf 80' lang='grc' dir='ltr'>αὑτοὺς</span> <span class='ocrx_word' id='word_1_718' title='bbox 679 5023 778 5091; x_wconf 81' lang='grc' dir='ltr'>τῆς</span> <span class='ocrx_word' id='word_1_719' title='bbox 809 5025 904 5078; x_wconf 84' lang='grc' dir='ltr'><strong>τοῦ</strong></span> <span class='ocrx_word' id='word_1_720' title='bbox 947 5023 1147 5092; x_wconf 79' lang='grc' dir='ltr'>ἐχθροῦ</span> <span class='ocrx_word' id='word_1_721' title='bbox 1200 5023 1520 5093; x_wconf 73' lang='grc' dir='ltr'>τυραννίδος</span> <span class='ocrx_word' id='word_1_722' title='bbox 1565 5025 1659 5076; x_wconf 75' lang='grc' dir='ltr'><strong>καὶ</strong></span> <span class='ocrx_word' id='word_1_723' title='bbox 1709 5023 1797 5086; x_wconf 80' lang='grc' dir='ltr'><strong>δὸς</strong></span> 
     </span>
    </p>
   </div>
   <div class='ocr_carea' id='block_1_94' title="bbox 213 5113 1798 5185">
    <p class='ocr_par' dir='ltr' id='par_1_94' title="bbox 213 5113 1798 5185">
     <span class='ocr_line' id='line_1_94' title="bbox 213 5113 1798 5185; baseline 0.005 -26"><span class='ocrx_word' id='word_1_724' title='bbox 213 5119 403 5179; x_wconf 57' lang='grc' dir='ltr'><strong>αὐτοῖς</strong></span> <span class='ocrx_word' id='word_1_725' title='bbox 442 5117 542 5184; x_wconf 77' lang='grc' dir='ltr'><strong>τὴν</strong></span> <span class='ocrx_word' id='word_1_726' title='bbox 578 5116 679 5183; x_wconf 80' lang='grc' dir='ltr'><strong>τῆς</strong></span> <span class='ocrx_word' id='word_1_727' title='bbox 717 5113 817 5182; x_wconf 83' lang='grc' dir='ltr'>σῆς</span> <span class='ocrx_word' id='word_1_728' title='bbox 868 5113 1129 5183; x_wconf 80' lang='grc' dir='ltr'>ἀληθείας</span> <span class='ocrx_word' id='word_1_729' title='bbox 1194 5113 1525 5180; x_wconf 69' lang='grc' dir='ltr'>ἐπίγνωσιν·</span> <span class='ocrx_word' id='word_1_730' title='bbox 1583 5115 1648 5166; x_wconf 80' lang='grc' dir='ltr'>σὺ</span> <span class='ocrx_word' id='word_1_731' title='bbox 1689 5113 1798 5185; x_wconf 80' lang='grc' dir='ltr'><strong>γὰρ</strong></span> 
     </span>
    </p>
   </div>
   <div class='ocr_carea' id='block_1_95' title="bbox 212 5204 1799 5278">
    <p class='ocr_par' dir='ltr' id='par_1_95' title="bbox 212 5204 1799 5278">
     <span class='ocr_line' id='line_1_95' title="bbox 212 5204 1799 5278; baseline -0.009 -13"><span class='ocrx_word' id='word_1_732' title='bbox 212 5209 393 5276; x_wconf 74' lang='grc' dir='ltr'>οἱδας,</span> <span class='ocrx_word' id='word_1_733' title='bbox 424 5209 507 5262; x_wconf 83' lang='grc' dir='ltr'><strong>ὅτι</strong></span> <span class='ocrx_word' id='word_1_734' title='bbox 552 5207 614 5261; x_wconf 91' lang='grc' dir='ltr'><strong>οὑ</strong></span> <span class='ocrx_word' id='word_1_735' title='bbox 643 5205 801 5277; x_wconf 80' lang='grc' dir='ltr'>δόξης</span> <span class='ocrx_word' id='word_1_736' title='bbox 832 5205 1020 5258; x_wconf 71' lang='grc' dir='ltr'>ἕνεκεν</span> <span class='ocrx_word' id='word_1_737' title='bbox 1056 5205 1426 5276; x_wconf 81' lang='grc' dir='ltr'>ἀνθρωπίνης,</span> <span class='ocrx_word' id='word_1_738' title='bbox 1451 5204 1590 5258; x_wconf 79' lang='grc' dir='ltr'>ἀλλὰ</span> <span class='ocrx_word' id='word_1_739' title='bbox 1623 5223 1799 5278; x_wconf 86' lang='grc' dir='ltr'>σωτη-</span> 
     </span>
    </p>
   </div>
   <div class='ocr_carea' id='block_1_96' title="bbox 217 5296 1800 5371">
    <p class='ocr_par' dir='ltr' id='par_1_96' title="bbox 217 5296 1800 5371">
     <span class='ocr_line' id='line_1_96' title="bbox 217 5296 1800 5371; baseline -0.003 -16"><span class='ocrx_word' id='word_1_740' title='bbox 217 5305 350 5371; x_wconf 73' lang='lat' dir='ltr'><strong>pia;</strong></span> <span class='ocrx_word' id='word_1_741' title='bbox 379 5300 590 5370; x_wconf 68' lang='grc' dir='ltr'>ψυχῶν,</span> <span class='ocrx_word' id='word_1_742' title='bbox 629 5299 727 5367; x_wconf 78' lang='grc' dir='ltr'><strong>τὴν</strong></span> <span class='ocrx_word' id='word_1_743' title='bbox 749 5296 1004 5366; x_wconf 82' lang='grc' dir='ltr'>φροντίδα</span> <span class='ocrx_word' id='word_1_744' title='bbox 1033 5297 1240 5367; x_wconf 85' lang='grc' dir='ltr'>ταύτην</span> <span class='ocrx_word' id='word_1_745' title='bbox 1269 5299 1363 5350; x_wconf 75' lang='grc' dir='ltr'><strong>καὶ</strong></span> <span class='ocrx_word' id='word_1_746' title='bbox 1393 5297 1492 5366; x_wconf 75' lang='grc' dir='ltr'><strong>τὴν</strong></span> <span class='ocrx_word' id='word_1_747' title='bbox 1519 5296 1800 5351; x_wconf 67' lang='grc' dir='ltr'>διακονίαν</span> 
     </span>
    </p>
   </div>
   <div class='ocr_carea' id='block_1_97' title="bbox 214 5387 1800 5462">
    <p class='ocr_par' dir='ltr' id='par_1_97' title="bbox 214 5387 1800 5462">
     <span class='ocr_line' id='line_1_97' title="bbox 214 5387 1800 5462; baseline -0.004 -14"><span class='ocrx_word' id='word_1_748' title='bbox 214 5392 585 5462; x_wconf 78' lang='grc' dir='ltr'>ἀνεδεξάμην.</span> <span class='ocrx_word' id='word_1_749' title='bbox 644 5388 830 5442; x_wconf 85' lang='grc' dir='ltr'>Ταῦτα</span> <span class='ocrx_word' id='word_1_750' title='bbox 887 5387 1182 5460; x_wconf 87' lang='grc' dir='ltr'>τοιγαροῦν</span> <span class='ocrx_word' id='word_1_751' title='bbox 1221 5389 1668 5460; x_wconf 78' lang='grc' dir='ltr'>προσευξάμενος</span> <span class='ocrx_word' id='word_1_752' title='bbox 1707 5392 1800 5444; x_wconf 81' lang='grc' dir='ltr'><strong>καί</strong></span> 
     </span>
    </p>
   </div>
   <div class='ocr_carea' id='block_1_98' title="bbox 213 5481 1800 5552">
    <p class='ocr_par' dir='ltr' id='par_1_98' title="bbox 213 5481 1800 5552">
     <span class='ocr_line' id='line_1_98' title="bbox 213 5481 1800 5552; baseline -0.003 -10"><span class='ocrx_word' id='word_1_753' title='bbox 213 5505 351 5542; x_wconf 80' lang='grc' dir='ltr'>τινα</span> <span class='ocrx_word' id='word_1_754' title='bbox 378 5485 486 5539; x_wconf 85' lang='grc' dir='ltr'>τῶν</span> <span class='ocrx_word' id='word_1_755' title='bbox 522 5481 958 5552; x_wconf 63' lang='grc' dir='ltr'>ὑπολειφθέντων</span> <span class='ocrx_word' id='word_1_756' title='bbox 983 5482 1146 5538; x_wconf 86' lang='grc' dir='ltr'>αὑτοῦ</span> <span class='ocrx_word' id='word_1_757' title='bbox 1176 5482 1475 5552; x_wconf 80' lang='grc' dir='ltr'>χρημάτων</span> <span class='ocrx_word' id='word_1_758' title='bbox 1509 5482 1660 5552; x_wconf 67' lang='grc' dir='ltr'>πάρα</span> <span class='ocrx_word' id='word_1_759' title='bbox 1705 5485 1800 5538; x_wconf 88' lang='grc' dir='ltr'>τοῦ</span> 
     </span>
    </p>
   </div>
   <div class='ocr_carea' id='block_1_99' title="bbox 219 5574 1799 5658">
    <p class='ocr_par' dir='ltr' id='par_1_99' title="bbox 219 5574 1799 5658">
     <span class='ocr_line' id='line_1_99' title="bbox 219 5574 1799 5658; baseline -0.004 -23"><span class='ocrx_word' id='word_1_760' title='bbox 219 5580 407 5658; x_wconf 81' lang='grc' dir='ltr'>φίλου,</span> <span class='ocrx_word' id='word_1_761' title='bbox 441 5574 483 5644; x_wconf 84' lang='grc' dir='ltr'>ᾧ</span> <span class='ocrx_word' id='word_1_762' title='bbox 525 5580 613 5648; x_wconf 78' lang='grc' dir='ltr'>τὴν</span> <span class='ocrx_word' id='word_1_763' title='bbox 639 5578 842 5630; x_wconf 64' lang='grc' dir='ltr'>τούτων</span> <span class='ocrx_word' id='word_1_764' title='bbox 875 5576 1095 5629; x_wconf 82' lang='grc' dir='ltr'>ἀνέθετο</span> <span class='ocrx_word' id='word_1_765' title='bbox 1130 5576 1386 5646; x_wconf 86' lang='grc' dir='ltr'>πρόνοιαν</span> <span class='ocrx_word' id='word_1_766' title='bbox 1409 5577 1799 5646; x_wconf 84' lang='grc' dir='ltr'>κομισάμενος,</span> 
     </span>
    </p>
   </div>
   <div class='ocr_carea' id='block_1_100' title="bbox 220 5669 1799 5740">
    <p class='ocr_par' dir='ltr' id='par_1_100' title="bbox 220 5669 1799 5740">
     <span class='ocr_line' id='line_1_100' title="bbox 220 5669 1799 5740; baseline -0.005 -11"><span class='ocrx_word' id='word_1_767' title='bbox 220 5673 378 5729; x_wconf 79' lang='grc' dir='ltr'>οἷκον</span> <span class='ocrx_word' id='word_1_768' title='bbox 410 5671 475 5725; x_wconf 81' lang='grc' dir='ltr'>δι’</span> <span class='ocrx_word' id='word_1_769' title='bbox 506 5669 685 5724; x_wconf 70' lang='grc' dir='ltr'>αὐτῶν</span> <span class='ocrx_word' id='word_1_770' title='bbox 710 5670 1000 5740; x_wconf 75' lang='grc' dir='ltr'>εὑκτήριον</span> <span class='ocrx_word' id='word_1_771' title='bbox 1028 5669 1302 5740; x_wconf 83' lang='grc' dir='ltr'>ἀνεγείρει</span> <span class='ocrx_word' id='word_1_772' title='bbox 1335 5670 1799 5739; x_wconf 68' lang='grc' dir='ltr'>ἐπιτερπέστατόν</span> 
     </span>
    </p>
   </div>
   <div class='ocr_carea' id='block_1_101' title="bbox 313 5835 1321 5903">
    <p class='ocr_par' dir='ltr' id='par_1_101' title="bbox 313 5835 1321 5903">
     <span class='ocr_line' id='line_1_101' title="bbox 313 5835 1321 5903; baseline 0 -13"><span class='ocrx_word' id='word_1_773' title='bbox 313 5837 350 5867; x_wconf 88' lang='lat'><strong>&quot;</strong></span> <span class='ocrx_word' id='word_1_774' title='bbox 392 5835 523 5890; x_wconf 80' lang='lat' dir='ltr'><strong>Joan</strong></span> <span class='ocrx_word' id='word_1_775' title='bbox 585 5850 696 5896; x_wconf 68' lang='lat' dir='ltr'><strong>xxi,</strong></span> <span class='ocrx_word' id='word_1_776' title='bbox 735 5835 815 5886; x_wconf 78' lang='grc' dir='ltr'><strong>Π.</strong></span> <span class='ocrx_word' id='word_1_777' title='bbox 900 5836 940 5865; x_wconf 80' lang='grc'><strong>’⁸</strong></span> <span class='ocrx_word' id='word_1_778' title='bbox 978 5835 1131 5890; x_wconf 81' lang='lat' dir='ltr'><strong>Rom.</strong></span> <span class='ocrx_word' id='word_1_779' title='bbox 1165 5851 1201 5903; x_wconf 82' lang='grc' dir='ltr'><strong>ι,</strong></span> <span class='ocrx_word' id='word_1_780' title='bbox 1235 5835 1321 5890; x_wconf 69' lang='lat'><strong>93.</strong></span> 
     </span>
    </p>
   </div>
   <div class='ocr_carea' id='block_1_102' title="bbox 1895 4457 3466 4530">
    <p class='ocr_par' dir='ltr' id='par_1_102' title="bbox 1895 4457 3466 4530">
     <span class='ocr_line' id='line_1_102' title="bbox 1895 4457 3466 4530; baseline -0.004 -14"><span class='ocrx_word' id='word_1_781' title='bbox 1895 4465 2043 4516; x_wconf 85' lang='lat' dir='ltr'><strong>solus</strong></span> <span class='ocrx_word' id='word_1_782' title='bbox 2074 4465 2304 4530; x_wconf 86' lang='lat' dir='ltr'><strong>patiens,</strong></span> <span class='ocrx_word' id='word_1_783' title='bbox 2337 4463 2426 4529; x_wconf 92' lang='lat' dir='ltr'><strong>qui</strong></span> <span class='ocrx_word' id='word_1_784' title='bbox 2459 4476 2519 4514; x_wconf 89' lang='lat' dir='ltr'><strong>es</strong></span> <span class='ocrx_word' id='word_1_785' title='bbox 2560 4461 2708 4514; x_wconf 84' lang='lat' dir='ltr'><strong>solus</strong></span> <span class='ocrx_word' id='word_1_786' title='bbox 2742 4457 3071 4523; x_wconf 87' lang='lat' dir='ltr'><strong>misericors,</strong></span> <span class='ocrx_word' id='word_1_787' title='bbox 3127 4459 3218 4526; x_wconf 90' lang='lat' dir='ltr'><strong>qui</strong></span> <span class='ocrx_word' id='word_1_788' title='bbox 3265 4458 3466 4512; x_wconf 89' lang='lat' dir='ltr'><strong>creasti</strong></span> 
     </span>
    </p>
   </div>
   <div class='ocr_carea' id='block_1_103' title="bbox 1898 4550 3469 4626">
    <p class='ocr_par' dir='ltr' id='par_1_103' title="bbox 1898 4550 3469 4626">
     <span class='ocr_line' id='line_1_103' title="bbox 1898 4550 3469 4626; baseline -0.003 -17"><span class='ocrx_word' id='word_1_789' title='bbox 1898 4556 2176 4610; x_wconf 82' lang='lat' dir='ltr'><strong>hominem</strong></span> <span class='ocrx_word' id='word_1_790' title='bbox 2204 4553 2543 4626; x_wconf 79' lang='lat' dir='ltr'><strong>benignitate</strong></span> <span class='ocrx_word' id='word_1_791' title='bbox 2577 4550 2856 4616; x_wconf 76' lang='lat' dir='ltr'><strong>ineﬂ‘abili,</strong></span> <span class='ocrx_word' id='word_1_792' title='bbox 2883 4552 2976 4622; x_wconf 90' lang='lat' dir='ltr'><strong>qui</strong></span> <span class='ocrx_word' id='word_1_793' title='bbox 3000 4550 3256 4622; x_wconf 87' lang='lat' dir='ltr'><strong>intelligis</strong></span> <span class='ocrx_word' id='word_1_794' title='bbox 3286 4550 3469 4604; x_wconf 81' lang='lat' dir='ltr'><strong>omnia</strong></span> 
     </span>
    </p>
   </div>
   <div class='ocr_carea' id='block_1_104' title="bbox 1896 4643 3470 4718">
    <p class='ocr_par' dir='ltr' id='par_1_104' title="bbox 1896 4643 3470 4718">
     <span class='ocr_line' id='line_1_104' title="bbox 1896 4643 3470 4718; baseline -0.003 -15"><span class='ocrx_word' id='word_1_795' title='bbox 1896 4664 2059 4718; x_wconf 84' lang='lat' dir='ltr'><strong>Opera</strong></span> <span class='ocrx_word' id='word_1_796' title='bbox 2091 4649 2227 4718; x_wconf 83' lang='lat' dir='ltr'><strong>ejus,</strong></span> <span class='ocrx_word' id='word_1_797' title='bbox 2261 4658 2317 4703; x_wconf 89' lang='lat' dir='ltr'><strong>et</strong></span> <span class='ocrx_word' id='word_1_798' title='bbox 2347 4650 2511 4703; x_wconf 83' lang='lat' dir='ltr'><strong>corda</strong></span> <span class='ocrx_word' id='word_1_799' title='bbox 2539 4657 2594 4702; x_wconf 86' lang='lat' dir='ltr'><strong>et</strong></span> <span class='ocrx_word' id='word_1_800' title='bbox 2625 4660 2782 4702; x_wconf 83' lang='lat' dir='ltr'><strong>renes</strong></span> <span class='ocrx_word' id='word_1_801' title='bbox 2807 4646 3107 4710; x_wconf 77' lang='lat' dir='ltr'><strong>examinas,</strong></span> <span class='ocrx_word' id='word_1_802' title='bbox 3134 4656 3192 4699; x_wconf 87' lang='lat' dir='ltr'><strong>et</strong></span> <span class='ocrx_word' id='word_1_803' title='bbox 3215 4643 3470 4712; x_wconf 76' lang='lat' dir='ltr'><strong>intelligis</strong></span> 
     </span>
    </p>
   </div>
   <div class='ocr_carea' id='block_1_105' title="bbox 1898 4737 3470 4813">
    <p class='ocr_par' dir='ltr' id='par_1_105' title="bbox 1898 4737 3470 4813">
     <span class='ocr_line' id='line_1_105' title="bbox 1898 4737 3470 4813; baseline -0.004 -18"><span class='ocrx_word' id='word_1_804' title='bbox 1898 4744 2015 4810; x_wconf 88' lang='lat' dir='ltr'><strong>ejus</strong></span> <span class='ocrx_word' id='word_1_805' title='bbox 2070 4742 2429 4813; x_wconf 80' lang='lat' dir='ltr'><strong>cogitationes</strong></span> <span class='ocrx_word' id='word_1_806' title='bbox 2462 4754 2475 4793; x_wconf 87' lang='lat'><strong>:</strong></span> <span class='ocrx_word' id='word_1_807' title='bbox 2506 4755 2580 4793; x_wconf 79' lang='lat' dir='ltr'><strong>ne‘</strong></span> <span class='ocrx_word' id='word_1_808' title='bbox 2624 4739 2893 4807; x_wconf 88' lang='lat' dir='ltr'><strong>despicias</strong></span> <span class='ocrx_word' id='word_1_809' title='bbox 2941 4747 3090 4791; x_wconf 88' lang='lat' dir='ltr'><strong>tuum</strong></span> <span class='ocrx_word' id='word_1_810' title='bbox 3135 4737 3470 4806; x_wconf 76' lang='lat' dir='ltr'><strong>ﬁgmentum,</strong></span> 
     </span>
    </p>
   </div>
   <div class='ocr_carea' id='block_1_106' title="bbox 1898 4829 3470 4904">
    <p class='ocr_par' dir='ltr' id='par_1_106' title="bbox 1898 4829 3470 4904">
     <span class='ocr_line' id='line_1_106' title="bbox 1898 4829 3470 4904; baseline -0.003 -16"><span class='ocrx_word' id='word_1_811' title='bbox 1898 4852 2033 4904; x_wconf 84' lang='lat' dir='ltr'><strong>opus</strong></span> <span class='ocrx_word' id='word_1_812' title='bbox 2064 4846 2271 4893; x_wconf 81' lang='lat' dir='ltr'><strong>tuarum</strong></span> <span class='ocrx_word' id='word_1_813' title='bbox 2298 4849 2584 4899; x_wconf 87' lang='lat' dir='ltr'><strong>manuum,</strong></span> <span class='ocrx_word' id='word_1_814' title='bbox 2612 4831 2754 4902; x_wconf 87' lang='lat' dir='ltr'><strong>quod</strong></span> <span class='ocrx_word' id='word_1_815' title='bbox 2782 4831 2918 4886; x_wconf 88' lang='lat' dir='ltr'><strong>male</strong></span> <span class='ocrx_word' id='word_1_816' title='bbox 2950 4838 3173 4886; x_wconf 85' lang='lat' dir='ltr'><strong>necatur</strong></span> <span class='ocrx_word' id='word_1_817' title='bbox 3209 4845 3236 4884; x_wconf 89' lang='lat' dir='ltr'><strong>a</strong></span> <span class='ocrx_word' id='word_1_818' title='bbox 3272 4829 3470 4891; x_wconf 87' lang='lat' dir='ltr'><strong>bellua.</strong></span> 
     </span>
    </p>
   </div>
   <div class='ocr_carea' id='block_1_107' title="bbox 1900 4924 3472 4997">
    <p class='ocr_par' dir='ltr' id='par_1_107' title="bbox 1900 4924 3472 4997">
     <span class='ocr_line' id='line_1_107' title="bbox 1900 4924 3472 4997; baseline -0.001 -17"><span class='ocrx_word' id='word_1_819' title='bbox 1900 4944 2020 4996; x_wconf 74' lang='lat' dir='ltr'><strong>quae</strong></span> <span class='ocrx_word' id='word_1_820' title='bbox 2051 4926 2348 4997; x_wconf 86' lang='lat' dir='ltr'><strong>percipitur</strong></span> <span class='ocrx_word' id='word_1_821' title='bbox 2380 4926 2736 4996; x_wconf 81' lang='lat' dir='ltr'><strong>intelligentia</strong></span> <span class='ocrx_word' id='word_1_822' title='bbox 2770 4943 2785 4980; x_wconf 87' lang='lat'><strong>:</strong></span> <span class='ocrx_word' id='word_1_823' title='bbox 2822 4925 2917 4979; x_wconf 82' lang='lat' dir='ltr'><strong>sed</strong></span> <span class='ocrx_word' id='word_1_824' title='bbox 2951 4924 3117 4979; x_wconf 87' lang='lat' dir='ltr'><strong>libera</strong></span> <span class='ocrx_word' id='word_1_825' title='bbox 3170 4938 3264 4976; x_wconf 91' lang='lat' dir='ltr'><strong>eos</strong></span> <span class='ocrx_word' id='word_1_826' title='bbox 3311 4938 3340 4976; x_wconf 90' lang='lat' dir='ltr'><strong>a</strong></span> <span class='ocrx_word' id='word_1_827' title='bbox 3391 4933 3472 4993; x_wconf 77' lang='lat' dir='ltr'><strong>ty-</strong></span> 
     </span>
    </p>
   </div>
   <div class='ocr_carea' id='block_1_108' title="bbox 1903 5011 3470 5082">
    <p class='ocr_par' dir='ltr' id='par_1_108' title="bbox 1903 5011 3470 5082">
     <span class='ocr_line' id='line_1_108' title="bbox 1903 5011 3470 5082; baseline -0.004 -11"><span class='ocrx_word' id='word_1_828' title='bbox 1903 5020 2127 5074; x_wconf 83' lang='lat' dir='ltr'><strong>rannide</strong></span> <span class='ocrx_word' id='word_1_829' title='bbox 2151 5017 2377 5081; x_wconf 89' lang='lat' dir='ltr'><strong>inimici,</strong></span> <span class='ocrx_word' id='word_1_830' title='bbox 2409 5027 2463 5072; x_wconf 87' lang='lat' dir='ltr'><strong>et</strong></span> <span class='ocrx_word' id='word_1_831' title='bbox 2495 5018 2560 5070; x_wconf 89' lang='lat' dir='ltr'><strong>da</strong></span> <span class='ocrx_word' id='word_1_832' title='bbox 2586 5016 2666 5070; x_wconf 90' lang='lat' dir='ltr'><strong>eis</strong></span> <span class='ocrx_word' id='word_1_833' title='bbox 2691 5015 2935 5068; x_wconf 78' lang='lat' dir='ltr'><strong>veritatis</strong></span> <span class='ocrx_word' id='word_1_834' title='bbox 2968 5023 3073 5066; x_wconf 70' lang='lat' dir='ltr'><strong>tua:</strong></span> <span class='ocrx_word' id='word_1_835' title='bbox 3117 5011 3470 5082; x_wconf 87' lang='lat' dir='ltr'><strong>agnitionem.</strong></span> 
     </span>
    </p>
   </div>
   <div class='ocr_carea' id='block_1_109' title="bbox 1900 5104 3474 5179">
    <p class='ocr_par' dir='ltr' id='par_1_109' title="bbox 1900 5104 3474 5179">
     <span class='ocr_line' id='line_1_109' title="bbox 1900 5104 3474 5179; baseline -0.004 -16"><span class='ocrx_word' id='word_1_836' title='bbox 1900 5109 1980 5164; x_wconf 84' lang='lat' dir='ltr'><strong>Tu</strong></span> <span class='ocrx_word' id='word_1_837' title='bbox 2007 5114 2150 5166; x_wconf 89' lang='lat' dir='ltr'><strong>enim</strong></span> <span class='ocrx_word' id='word_1_838' title='bbox 2178 5113 2306 5172; x_wconf 87' lang='lat' dir='ltr'><strong>scis,</strong></span> <span class='ocrx_word' id='word_1_839' title='bbox 2343 5111 2485 5179; x_wconf 89' lang='lat' dir='ltr'><strong>quod</strong></span> <span class='ocrx_word' id='word_1_840' title='bbox 2515 5121 2619 5162; x_wconf 89' lang='lat' dir='ltr'><strong>non</strong></span> <span class='ocrx_word' id='word_1_841' title='bbox 2659 5115 2878 5177; x_wconf 86' lang='lat' dir='ltr'><strong>propter</strong></span> <span class='ocrx_word' id='word_1_842' title='bbox 2903 5105 3190 5160; x_wconf 87' lang='lat' dir='ltr'><strong>humanam</strong></span> <span class='ocrx_word' id='word_1_843' title='bbox 3220 5104 3474 5172; x_wconf 88' lang='lat' dir='ltr'><strong>gloriam,</strong></span> 
     </span>
    </p>
   </div>
   <div class='ocr_carea' id='block_1_110' title="bbox 1903 5195 3470 5275">
    <p class='ocr_par' dir='ltr' id='par_1_110' title="bbox 1903 5195 3470 5275">
     <span class='ocr_line' id='line_1_110' title="bbox 1903 5195 3470 5275; baseline -0.005 -17"><span class='ocrx_word' id='word_1_844' title='bbox 1903 5195 1994 5260; x_wconf 88' lang='lat' dir='ltr'><strong>sed</strong></span> <span class='ocrx_word' id='word_1_845' title='bbox 2021 5215 2240 5275; x_wconf 86' lang='lat' dir='ltr'><strong>propter</strong></span> <span class='ocrx_word' id='word_1_846' title='bbox 2273 5205 2575 5258; x_wconf 87' lang='lat' dir='ltr'><strong>animarum</strong></span> <span class='ocrx_word' id='word_1_847' title='bbox 2613 5201 2844 5257; x_wconf 88' lang='lat' dir='ltr'><strong>salutem</strong></span> <span class='ocrx_word' id='word_1_848' title='bbox 2876 5198 3086 5266; x_wconf 86' lang='lat' dir='ltr'><strong>suscepi</strong></span> <span class='ocrx_word' id='word_1_849' title='bbox 3121 5199 3261 5252; x_wconf 86' lang='lat' dir='ltr'><strong>hanc</strong></span> <span class='ocrx_word' id='word_1_850' title='bbox 3285 5213 3470 5251; x_wconf 87' lang='lat' dir='ltr'><strong>curam</strong></span> 
     </span>
    </p>
   </div>
   <div class='ocr_carea' id='block_1_111' title="bbox 1904 5293 3471 5359">
    <p class='ocr_par' dir='ltr' id='par_1_111' title="bbox 1904 5293 3471 5359">
     <span class='ocr_line' id='line_1_111' title="bbox 1904 5293 3471 5359; baseline -0.004 -9"><span class='ocrx_word' id='word_1_851' title='bbox 1904 5307 1963 5350; x_wconf 88' lang='lat' dir='ltr'><strong>et</strong></span> <span class='ocrx_word' id='word_1_852' title='bbox 1996 5299 2097 5350; x_wconf 86' lang='lat' dir='ltr'><strong>hoc</strong></span> <span class='ocrx_word' id='word_1_853' title='bbox 2129 5294 2508 5350; x_wconf 87' lang='lat' dir='ltr'><strong>ministerium.</strong></span> <span class='ocrx_word' id='word_1_854' title='bbox 2535 5293 2672 5349; x_wconf 87' lang='lat' dir='ltr'><strong>Cum</strong></span> <span class='ocrx_word' id='word_1_855' title='bbox 2705 5293 2784 5346; x_wconf 90' lang='lat' dir='ltr'><strong>sic</strong></span> <span class='ocrx_word' id='word_1_856' title='bbox 2846 5304 2973 5359; x_wconf 89' lang='lat' dir='ltr'><strong>ergo</strong></span> <span class='ocrx_word' id='word_1_857' title='bbox 3001 5299 3148 5345; x_wconf 87' lang='lat' dir='ltr'><strong>esset</strong></span> <span class='ocrx_word' id='word_1_858' title='bbox 3196 5298 3471 5358; x_wconf 82' lang='lat' dir='ltr'><strong>precatus,</strong></span> 
     </span>
    </p>
   </div>
   <div class='ocr_carea' id='block_1_112' title="bbox 1905 5385 3468 5460">
    <p class='ocr_par' dir='ltr' id='par_1_112' title="bbox 1905 5385 3468 5460">
     <span class='ocr_line' id='line_1_112' title="bbox 1905 5385 3468 5460; baseline -0.006 -16"><span class='ocrx_word' id='word_1_859' title='bbox 1905 5401 1961 5444; x_wconf 87' lang='lat' dir='ltr'><strong>et</strong></span> <span class='ocrx_word' id='word_1_860' title='bbox 1985 5391 2193 5457; x_wconf 79' lang='lat' dir='ltr'><strong>aliquas</strong></span> <span class='ocrx_word' id='word_1_861' title='bbox 2237 5389 2534 5460; x_wconf 72' lang='lat' dir='ltr'><strong>accepisset</strong></span> <span class='ocrx_word' id='word_1_862' title='bbox 2595 5385 2875 5455; x_wconf 87' lang='lat' dir='ltr'><strong>pecunias,</strong></span> <span class='ocrx_word' id='word_1_863' title='bbox 2928 5397 3047 5453; x_wconf 64' lang='lat' dir='ltr'><strong>qua</strong></span> <span class='ocrx_word' id='word_1_864' title='bbox 3101 5390 3468 5450; x_wconf 73' lang='lat' dir='ltr'><strong>remanserant</strong></span> 
     </span>
    </p>
   </div>
   <div class='ocr_carea' id='block_1_113' title="bbox 1906 5459 3476 5553">
    <p class='ocr_par' dir='ltr' id='par_1_113' title="bbox 1906 5459 3476 5553">
     <span class='ocr_line' id='line_1_113' title="bbox 1906 5459 3476 5553; baseline -0.006 -16"><span class='ocrx_word' id='word_1_865' title='bbox 1906 5483 2044 5553; x_wconf 88' lang='lat' dir='ltr'><strong>apud</strong></span> <span class='ocrx_word' id='word_1_866' title='bbox 2069 5483 2326 5539; x_wconf 90' lang='lat' dir='ltr'><strong>amicum.</strong></span> <span class='ocrx_word' id='word_1_867' title='bbox 2367 5482 2454 5536; x_wconf 90' lang='lat' dir='ltr'><strong>cui</strong></span> <span class='ocrx_word' id='word_1_868' title='bbox 2507 5495 2698 5535; x_wconf 85' lang='lat' dir='ltr'><strong>curam</strong></span> <span class='ocrx_word' id='word_1_869' title='bbox 2730 5477 3087 5532; x_wconf 82' lang='lat' dir='ltr'><strong>commiserat</strong></span> <span class='ocrx_word' id='word_1_870' title='bbox 3135 5459 3476 5540; x_wconf 78' lang='lat' dir='ltr'><strong>facultatum,</strong></span> 
     </span>
    </p>
   </div>
   <div class='ocr_carea' id='block_1_114' title="bbox 1905 5567 3473 5648">
    <p class='ocr_par' dir='ltr' id='par_1_114' title="bbox 1905 5567 3473 5648">
     <span class='ocr_line' id='line_1_114' title="bbox 1905 5567 3473 5648; baseline -0.008 -14"><span class='ocrx_word' id='word_1_871' title='bbox 1905 5594 1968 5634; x_wconf 84' lang='lat' dir='ltr'><strong>ex</strong></span> <span class='ocrx_word' id='word_1_872' title='bbox 2001 5578 2130 5648; x_wconf 89' lang='lat' dir='ltr'><strong>ipsis</strong></span> <span class='ocrx_word' id='word_1_873' title='bbox 2155 5578 2321 5632; x_wconf 74' lang='lat' dir='ltr'><strong>aedem</strong></span> <span class='ocrx_word' id='word_1_874' title='bbox 2347 5576 2582 5630; x_wconf 76' lang='lat' dir='ltr'><strong>exstruit</strong></span> <span class='ocrx_word' id='word_1_875' title='bbox 2619 5572 2913 5627; x_wconf 87' lang='lat' dir='ltr'><strong>oratoriam</strong></span> <span class='ocrx_word' id='word_1_876' title='bbox 2939 5570 3096 5639; x_wconf 75' lang='lat' dir='ltr'><strong>longe</strong></span> <span class='ocrx_word' id='word_1_877' title='bbox 3129 5567 3473 5638; x_wconf 87' lang='lat' dir='ltr'><strong>elegantissi-</strong></span> 
     </span>
    </p>
   </div>
   <div class='ocr_carea' id='block_1_115' title="bbox 1909 5661 3481 5739">
    <p class='ocr_par' dir='ltr' id='par_1_115' title="bbox 1909 5661 3481 5739">
     <span class='ocr_line' id='line_1_115' title="bbox 1909 5661 3481 5739; baseline -0.01 -9"><span class='ocrx_word' id='word_1_878' title='bbox 1909 5686 2067 5730; x_wconf 85' lang='lat' dir='ltr'><strong>mam.</strong></span> <span class='ocrx_word' id='word_1_879' title='bbox 2109 5669 2397 5739; x_wconf 84' lang='lat' dir='ltr'><strong>Postquam</strong></span> <span class='ocrx_word' id='word_1_880' title='bbox 2427 5678 2604 5722; x_wconf 88' lang='lat' dir='ltr'><strong>autem</strong></span> <span class='ocrx_word' id='word_1_881' title='bbox 2634 5666 2840 5720; x_wconf 78' lang='lat' dir='ltr'><strong>ﬁnitum</strong></span> <span class='ocrx_word' id='word_1_882' title='bbox 2894 5663 2993 5720; x_wconf 78' lang='lat' dir='ltr'><strong>fuit</strong></span> <span class='ocrx_word' id='word_1_883' title='bbox 3051 5661 3356 5726; x_wconf 63' lang='lat' dir='ltr'><strong>editicium,</strong></span> <span class='ocrx_word' id='word_1_884' title='bbox 3393 5661 3481 5715; x_wconf 87' lang='lat' dir='ltr'><strong>ln-</strong></span> 
     </span>
    </p>
   </div>
  </div>
