4212 6440
211 411 284 473 57
1484 410 1677 471 νΙΤΑ-
1706 410 1767 468 S.

1868 410 2068 472 BRAM
2083 413 2167 474 υ.
3397 409 3465 471 58

280 528 389 582 ιε’.
422 528 519 589 Ek
556 526 613 580 δέ
644 527 744 597 τὴν
772 525 1031 580 ἐπιοῦσαν
1065 523 1161 578 καὶ
1207 524 1254 575 ei
1292 525 1652 594 χριστομὰχοι
1685 522 1784 591 es,-

1959 525 2049 579 Xl.
2086 526 2178 581 Die
2209 537 2387 581 autem
2431 528 2677 597 sequenti
2726 526 2917 581 bellua
2967 526 3070 579 illae
3120 522 3320 579 Christi
3365 523 3469 577 ini-

210 638 310 692 ρες
364 621 562 672 ἐκεῖνοι
613 618 779 671 πάλιν
829 620 888 670 ἐν
918 616 1070 686 αὑτῷ
1112 616 1421 686 γενόμενοι,
1460 618 1558 670 καὶ
1604 614 1794 669 τοῦτον

210 712 381 782 εὐχῆς
412 710 661 781 εὑρόντες
695 712 812 763 ἐκεῖ
862 711 956 763 καὶ
985 708 1170 777 ὕμνων
1200 711 1518 780 εὐχόμενον,
1572 710 1673 762 οὑκ
1714 709 1794 761 ἐτι

213 806 409 874 πράως
444 805 690 871 ἐνεγκεῖν
746 804 1112 872 ἠδυνήθησαν,
1141 803 1279 857 ἀλλὰ
1312 804 1526 872 πληγάς
1553 820 1612 856 τε
1644 803 1794 873 αὑτῷ

210 896 313 958 τὰς
334 894 663 966 προτέραςῆ
710 893 891 962 πολλῷ
920 897 1014 946 καὶ
1070 893 1324 963 μείζονας
1364 894 1667 958 ἐπιθέντες,
1706 894 1793 946 δε-

213 987 377 1053 σμοῖς
406 1002 463 1037 τε
486 987 600 1046 τοῖς
630 986 839 1053 ὁμοίοις
868 985 1257 1048 ὑποϐαλόντες,
1312 987 1503 1056 πόῤῥω
1536 1003 1637 1037 που
1694 986 1792 1053 τῆς

212 1077 410 1145 κώμης
430 1077 687 1146 φέροντες
736 1077 990 1145 ἔρριψαν.
1024 1075 1249 1139 Τούτοις
1300 1072 1394 1129 οῦν
1425 1078 1607 1144 τρίτον
1662 1076 1793 1143 ἐξῆς

212 1168 564 1237 ἐνεκαρτέρει
591 1172 782 1237 χρόνον
817 1169 1132 1237 Ἀϐράμιος,
1156 1169 1255 1223 οὑκ
1281 1167 1540 1230 ὀκλάσας,
1570 1168 1630 1219 οὑ
1664 1168 1794 1220 καθ-

212 1261 392 1329 υφεὶς,
417 1261 476 1312 οὑ
503 1261 905 1329 καθευξοὶμενος
931 1261 1319 1323 οὐδενὸς,ὰλλὰ
1344 1260 1422 1330 τῷ
1450 1261 1597 1327 μίσει
1622 1276 1794 1329 προσ-

211 1348 386 1411 τιθεὶς
430 1348 526 1420 τὴν
576 1352 821 1419 ἀγάπην,
877 1352 955 1421 τῷ
987 1351 1145 1421 θυμῷ
1202 1351 1301 1421 τὴν
1342 1352 1645 1424 πραότητα,
1678 1351 1796 1411 ταῖς

211 1439 505 1510 λοιδορίαις
560 1442 660 1504 τὰς
720 1442 996 1510 εὐλογίας,
1049 1440 1340 1506 νουθετῶν,
1389 1440 1793 1512 συμϐουλεύων,

211 1531 553 1601 παρακαλῶν
601 1533 731 1596 τοὺς
787 1533 1124 1603 πρεσϐύτας,
1180 1535 1308 1595 τοὺς
1362 1534 1551 1598 νέους,
1613 1534 1796 1586 πᾶσαν

211 1622 405 1685 ἁπλῶς
435 1623 672 1691 ἠλικίαν,
703 1623 779 1685 ὡς
804 1625 1073 1694 πατέρας,
1104 1624 1179 1686 ὡς
1202 1625 1386 1687 τέκνα,
1409 1625 1485 1685 ὼς
1509 1623 1791 1691 ἀδελφοὺς,

210 1710 372 1763 οὐδὲν
390 1712 525 1773 ὅλως
556 1713 781 1780 ἀγεννὲς
809 1714 932 1766 οὐδὲ
960 1714 1302 1783 μικρόψυχον
1355 1713 1789 1782 ἐνδεικνύμενος,

1898 624 2070 686 micte,
2104 636 2228 675 cum
2270 621 2377 675 illic
2442 636 2628 674 rursus
2668 620 2962 684 venissent,
2993 626 3047 671 et
3069 632 3191 671 eum
3220 624 3465 669 orantem

1899 718 2247 779 invenissent,
2280 730 2344 770 ne
2403 723 2529 766 tunc
2584 713 2797 780 quidem
2854 718 3145 779 potuerunt
3209 708 3259 761 id
3328 704 3469 758 ferre

1898 810 2215 864 moderate:
2246 808 2338 861 sed
2393 822 2512 859 cum
2566 806 2613 859 ei
2668 806 2854 872 plagas
2913 802 3142 870 priores,
3178 808 3269 852 aut
3301 797 3465 849 etiam

1899 903 2067 955 multo
2091 901 2327 969 majores
2360 899 2768 967 imposuissent,
2802 905 2857 949 et
2886 910 3007 948 eum
3040 892 3303 946 similibus
3348 890 3465 941 vin-

1898 996 2033 1049 culis
2063 994 2372 1061 alligassent
2402 1003 2456 1045 et
2488 991 2802 1051 traxissent,
2841 987 3079 1056 procula
3134 986 3250 1037 vico
3287 981 3463 1051 proje-

1897 1096 2107 1143 cerunt.
2142 1086 2197 1138 In
2227 1085 2309 1137 his
2340 1100 2466 1152 ergo
2510 1097 2568 1135 se
2613 1091 2721 1133 tres
2753 1094 2923 1132 annos
2972 1078 3230 1142 deinceps
3256 1074 3468 1127 fortiter

1897 1180 2062 1249 gessit
2096 1177 2405 1239 Abramius,
2440 1190 2541 1227 non
2569 1173 2793 1238 fractus,
2840 1185 2945 1223 non
2985 1168 3204 1229 cedens,
3243 1180 3343 1217 nee
3372 1162 3467 1214 ulli

1900 1271 2039 1326 male
2076 1272 2420 1337 imprecaris:
2460 1265 2552 1319 sed
2587 1264 2714 1318 odio
2759 1262 3082 1316 charitatem
3146 1258 3464 1324 adiungens,

1898 1363 1994 1417 ira;
2026 1357 2515 1418 mansuetudinem,
2546 1353 2847 1407 maledictis
2891 1347 3316 1408 benedictiones,
3369 1344 3467 1395 ad-

1900 1467 2144 1515 monens,
2168 1449 2475 1512 consulens,
2506 1448 2821 1506 adhortans,
2848 1455 3026 1504 senes,
3074 1437 3464 1494 adolescentes,

1899 1562 2143 1608 omnem,
2195 1555 2253 1597 ut
2298 1540 2461 1596 semel
2496 1540 2697 1600 dicam,
2731 1544 2967 1598 atatem,
3003 1541 3058 1584 ut
3093 1542 3293 1599 patres,
3325 1538 3381 1580 ut
3411 1524 3471 1577 li-

1898 1638 2018 1703 lios,
2043 1635 2353 1695 ut‘l‘ratres,
2383 1630 2623 1697 nihilque
2655 1628 2880 1679 omnino
2901 1624 3207 1681 ostendens.
3230 1619 3372 1687 quod
3398 1617 3469 1670 sit

1899 1732 2076 1801 pusilli
2126 1739 2181 1784 et
2234 1727 2428 1795 abjecti
2484 1725 2646 1777 animi
2677 1740 2690 1776 ι
2725 1721 2818 1775 sed
2861 1720 3035 1787 reipsa
3070 1715 3319 1785 implens,
3352 1726 3469 1787 quae

212 1800 331 1906 ἀλλ’
356 1801 504 1873 ιργῳ
533 1802 594 1857 τὸ
626 1804 722 1856 τοῦ
763 1805 909 1857 θείου
951 1803 1115 1858 Δαυῒδ
1144 1804 1462 1874 ἐκπληρῶν,
1497 1804 1590 1856 καὶ
1621 1806 1793 1871 ἀναγ-

1868 1834 2028 1899 ίειιηι
2077 1821 2242 1875 divini
2300 1817 2537 1879 Davidis,
2581 1825 2635 1868 et
2691 1814 2830 1865 inter
2860 1809 3212 1864 necessitates
3245 1813 3299 1858 et
3330 1802 3468 1857 allii-

212 1894 331 1945 κῶν
364 1895 568 1964 μεταξὺ
607 1896 702 1948 καὶ
730 1896 963 1965 θλίψεων
991 1898 1091 1959 τὰς
1117 1896 1337 1958 ἐντολὰς
1388 1897 1597 1964 Κυρίου
1634 1896 1793 1966 μελέ-

210 2001 316 2053 την
372 1986 731 2057 ποιούμενος*
792 1990 880 2041 διὰ
938 1988 1113 2042 ταῦτα
1146 1988 1210 2059 δὴ
1243 1991 1339 2041 καὶ
1373 1989 1672 2057 ἐξήνθησεν
1702 1989 1790 2041 ἐπ’

212 2078 381 2131 αὐτὸν
400 2080 459 2133 τὸ
492 2081 742 2151 ἀγίασμα
771 2080 941 2134 αὑτοῦ
976 2082 1073 2134 καὶ
1125 2081 1553 2151 συνεληλυθότες
1595 2081 1793 2149 ἁθρόον

210 2172 265 2222 oi
295 2173 488 2243 πρώην
513 2174 731 2238 ἀσεϐεῖς
758 2176 956 2231 ἐκεῖνοι
986 2174 1079 2228 καὶ
1111 2174 1356 2228 ἄπιστοι⁸
1381 2174 1517 2227 Θεοῦ
1547 2173 1603 2227 δὲ
1635 2176 1795 2227 τοῦτο

212 2266 436 2328 πάντως
490 2265 585 2318 τοῦ
620 2267 968 2331 παιδεύοντος
1003 2268 1294 2336 ἄνθρωπον
1342 2269 1545 2335 γνῶσιν
1572 2271 1665 2321 καὶ
1696 2269 1794 2338 τῆς

210 2358 426 2410 ἐκείνου
464 2359 594 2428 περὶ
648 2360 740 2411 τὸν
807 2360 1104 2429 Ἀϐράμιον
1144 2360 1403 2427 χάριτος·
1436 2360 1794 2428 συναχθέντες

210 2446 309 2503 οὗν
340 2450 543 2512 πάντες
567 2452 616 2502 οἱ
646 2451 743 2519 τὴν
763 2452 958 2518 κώμην
989 2452 1209 2519 ἐκείνην
1236 2450 1535 2515 οἰκοῦντες,
1581 2452 1676 2504 καὶ
1706 2447 1793 2504 οἷα

211 2541 363 2603 εἰκὸς
392 2544 448 2592 ἐν
480 2544 769 2611 συναγωγῇ
802 2542 1043 2613 πλήθους
1093 2544 1311 2612 ὁμιλίας
1347 2562 1404 2595 τε
1441 2544 1641 2614 πολλῆς
1695 2546 1795 2598 καὶ

210 2632 393 2701 λόγων
422 2632 683 2685 πάντοθεν
713 2636 1046 2702 κινουμένων
1073 2637 1136 2686 τὰ
1172 2635 1263 2687 τοῦ
1299 2636 1492 2704 ἀνδρὸς
1517 2638 1596 2696 εἰς
1632 2638 1793 2703 μέσον

212 2727 519 2794 παρήγετο,
551 2726 645 2778 καὶ
667 2726 850 2794 θαῦμα
901 2729 998 2789 τὶις
1034 2728 1288 2778 ἁπάντων
1323 2727 1564 2795 ἐπλήρου
1594 2726 1790 2793 ψυχὰς,

210 2818 310 2869 καὶ
345 2818 534 2879 δεινῶς
557 2817 773 2886 ὑπὸτῆς
804 2818 1116 2885 ἐκπλήξεως
1142 2816 1509 2888 ἀπορούμενοι
1535 2831 1549 2845 ⁵
1575 2815 1790 2885 Ὁρᾶτε,

213 2908 352 2977 πρὸς
387 2910 648 2977 ἀλλήλους
673 2905 998 2974 ἔλεγον,-οἶα
1030 2910 1172 2961 κατὰ
1203 2910 1295 2961 τοῦ
1335 2911 1633 2978 Ἀϐραμίου
1664 2896 1793 2980 ήμίν

212 3001 505 3068 εἴργασται
532 3002 543 3050 l
571 3003 596 3052 ό
624 3000 680 3051 δὲ
714 3001 851 3069 πρὸς
901 3001 1051 3066 ἡμᾶς
1079 3000 1227 3061 ὅπως
1278 3001 1532 3069 χρηστῶς
1561 3002 1674 3072 ἔχει
1700 3000 1792 3053 καὶ

213 3091 636 3164 φιλανθρώπως,
664 3094 760 3143 καὶ
792 3093 911 3161 μεθ’
938 3094 1069 3163 ὅσης
1098 3092 1361 3163 εὐψυχίας
1399 3092 1495 3144 καὶ
1549 3095 1792 3157 γενναιό-

212 3201 381 3253 τητος
420 3185 517 3253 τὴν
560 3184 831 3254 τοσαύτην
886 3187 1199 3253 ὑπήνεγκεν
1240 3184 1507 3253 ἐπιφορὰν
1552 3183 1658 3234 τῶν
1689 3182 1797 3234 δει-

213 3278 365 3343 νῶν;
401 3279 630 3341 Πάντως
678 3280 726 3331 εἱ
770 3282 843 3348 μή
876 3296 961 3341 τις
992 3275 1061 3348 ἦν
1091 3279 1222 3340 Θεὸς
1256 3278 1424 3340 ἀΐδιος
1452 3276 1671 3343 ἀληθῶς
1703 3277 1796 3330 καὶ

212 3372 487 3433 ἀθάνατος
514 3373 669 3435 ἀξίας
694 3373 801 3424 τῶν
856 3375 1033 3425 πόλων
1069 3374 1164 3427 καὶ
1218 3372 1453 3441 ἀμοιϐὰς
1488 3371 1795 3424 ἀποδιδόναι

213 3464 535 3528 δυνάμενος,
578 3463 676 3514 οὐκ
722 3463 785 3531 av
844 3460 1181 3532 τηλικαύτην
1228 3462 1294 3514 δι’
1326 3464 1491 3517 αὑτὸν
1517 3463 1796 3529 ὑπομονὴν

216 3556 558 3618 ἐπεδείξατο.
594 3554 703 3606 Καὶ
748 3553 816 3604 τὰ
841 3614 846 3621 θ
874 3554 1011 3604 θεῶν
1076 3554 1131 3604 δὲ
1161 3552 1446 3619 ἡμετέρων
1499 3553 1794 3619 ἀγάλματα

215 3648 389 3701 εἴδετε
430 3647 501 3708 ὡς
539 3644 769 3714 ἀπονητὶ
826 3646 999 3697 πάντα
1051 3645 1147 3709 κα).
1195 3644 1396 3713 ῥαδίως
1454 3642 1791 3711 κατέστρεψε

218 3745 317 3796 καὶ
347 3743 522 3805 οὐδεὶς
555 3740 795 3811 ἠδυνήθη
830 3741 940 3793 τῶν
965 3740 1224 3794 τοιούτων
1249 3738 1385 3793 θεῶν
1415 3739 1536 3793 οὑδέ
1562 3739 1664 3791 κᾶν
1693 3740 1789 3792 αὑ-

216 3832 312 3895 τὸς
344 3832 525 3901 ἐαυτῷ
555 3832 836 3900 ἐπαμῦναι
864 3831 964 3902 τὴν
992 3830 1156 3893 ὓϐριν
1180 3848 1194 3895 ;

292 3926 396 3979 lB'.
440 3925 624 3976 Ταῦτα
674 3926 876 3976 ἐκεῖνοι
946 3927 1045 3993 μέν
1104 3924 1241 3993 πρὸς
1286 3922 1547 3989 ἀλλήλους
1585 3921 1792 3987 ελεγον.

220 4021 357 4084 Θεὸς
388 4020 443 4073 δὲ
473 4019 626 4081 τέλος
660 4020 771 4080 τοῖς
804 4018 1047 4088 ῥήμασιν
1089 4019 1325 4086 ἐπέθηκε
1344 4017 1538 4083 δεξιὸν,
1578 4016 1670 4069 καὶ
1698 4014 1794 4075 τὰς

218 4114 401 4184 ψυχὰς
465 4111 627 4174 εὐθὺς
683 4109 1212 4181 διαθερμανθέντεςσ
1272 4109 1435 4160 Δεῦτε
1465 4104 1797 4176 πάντες,τῷ

220 4206 447 4277 χρηστῷ
470 4205 623 4276 ἀνδρὶ
645 4205 819 4273 τούτῳ
855 4204 1275 4276 προσπέσωμεν,
1328 4196 1500 4259 εἷπον,
1535 4198 1798 4267 συνθέμεσ

222 4315 306 4350 νοι
338 4296 419 4365 τῷ
444 4298 535 4349 ὑπ’
564 4296 729 4349 αὑτοῦ
768 4296 1164 4366 κηρυσσομένῳ
1218 4293 1360 4364 Θεῷ.
1419 4294 1529 4345 Καὶ
1580 4292 1695 4360 ἅμα
1718 4289 1797 4360 τῷ

220 4390 369 4457 λόγῳ
399 4390 785 4457 συντρέχουσιν
816 4386 1015 4439 αὐτίκα
1065 4387 1199 4456 πρὸς
1232 4387 1323 4438 τὸν
1354 4389 1504 4446 ναὸν.
1545 4383 1797 4452 καθάπερ

222 4483 333 4537 ὑπὸ
384 4482 483 4552 μιᾷ
522 4483 587 4550 τῇ
632 4478 850 4550 γλώττῃ
886 4478 980 4531 καὶ
1012 4480 1076 4548 τῇ
1110 4478 1253 4549 ψυχῇ
1292 4477 1621 4546 κράζοντες⁶
1660 4475 1797 4541 Δόξα

225 4594 331 4641 σοι,
359 4575 436 4645 τῷ
475 4573 753 4643 πέμψαντι
778 4572 868 4625 τὸν
917 4570 1105 4625 δοῦλον
1133 4570 1299 4626 αὑτοῦ
1342 4568 1641 4639 Ἀϐράμιον
1676 4567 1796 4637 θεῷ

223 4666 321 4722 τοῦ
351 4664 581 4737 ούρανοῦ
607 4680 620 4696 ·
662 4664 867 4729 ἐξελεῖν
896 4664 1043 4730 ἡμᾶς
1064 4664 1161 4730 τὴν
1185 4662 1291 4714 τῶν
1315 4660 1548 4715 εἰδώλων
1575 4657 1793 4728 ἀχλύος.

227 4761 409 4829 Ὅπερ
430 4760 458 4810 ὀ
491 4755 759 4827 μακάριος
806 4753 1014 4814 ἐκεῖνος
1048 4752 1182 4819 παρ’
1210 4751 1404 4804 ἐλπίδα
1435 4753 1614 4803 πᾶσαν
1648 4748 1793 4813 ἰδὼν,

224 4852 321 4905 καί
343 4867 483 4912 τινος
505 4850 715 4918 ἀφάτου
738 4849 834 4917 τὴν
855 4845 1083 4917 καρδίαν
1100 4843 1407 4914 πληρωθεὶς
1432 4843 1793 4913 εὐφροσύνης,

222 4944 466 5014 ἁρπάζει
540 4941 886 5011 παραχρῆμα
933 4939 1029 4992 τὸν
1090 4936 1280 5007 καιρὸν
1321 4935 1416 4989 καί
1459 4950 1473 4966 ·
1510 4932 1581 4985 Ὦ
1631 4934 1794 4987 πατέ-

225 5046 320 5097 ρες
353 5032 411 5080 ἐν
444 5026 656 5098 Κυρίῳ,
696 5027 790 5080 καὶ
818 5026 1004 5089 τέκνα,
1034 5024 1129 5078 καὶ
1149 5024 1387 5092 ἀδελφοὶ,
1416 5024 1580 5093 φησι,
1612 5022 1793 5087 δεῦτε,

226 5123 383 5189 κοινῇ
428 5119 718 5187 ἀποδῶμεν
776 5117 935 5181 δόξαν
992 5115 1109 5184 Θεῷ
1155 5115 1235 5184 τῷ
1267 5113 1600 5185 θαυμαστῶς
1653 5114 1795 5167 οὑτω

224 5217 323 5268 καὶ
350 5216 681 5286 ἀπορῥήτως
722 5214 790 5268 τὰ
831 5213 929 5282 τῆς
970 5210 1148 5281 ψυχῆς
1178 5211 1335 5280 ὑμῶν
1366 5208 1659 5279 φωτίσαντι
1692 5208 1797 5278 δμ-

224 5324 396 5378 ματα,
452 5309 548 5359 καὶ
605 5306 799 5358 λάϐετε
840 5306 940 5374 τὴν
990 5302 1261 5371 σφραγῖδα
1304 5302 1399 5354 τοῦ
1438 5300 1791 5369 Πνεύματος·

227 5396 558 5468 προσέλθετε
619 5396 757 5467 πρὸς
813 5396 997 5460 αὑτδν,
1041 5395 1133 5449 καὶ
1182 5392 1534 5461 φωτίσθητε,
1586 5393 1680 5443 καὶ
1729 5392 1798 5444 τὰ

228 5492 505 5564 πρόσωπα
549 5489 705 5561 ὑμῶν
761 5489 821 5541 οὺ
866 5488 943 5558 μὴ
989 5486 1384 5557 καταισχυνθῇ.
1421 5484 1645 5546 Τούτοις
1691 5487 1803 5549 τοῖς

225 5585 413 5652 λόγοις
443 5583 540 5636 καὶ
588 5584 689 5653 τὴν
722 5583 821 5654 τῆς
874 5580 1111 5644 πίστεως
1163 5578 1403 5650 συνείρει
1427 5578 1798 5641 διδασκαλίαν,

227 5677 326 5732 καὶ
358 5677 508 5739 ὅπως
536 5674 642 5746 χρὴ
670 5674 952 5729 πιστεύειν
986 5673 1294 5738 διεξελθὼν,
1325 5673 1423 5742 τῆς
1458 5672 1546 5727 διὰ
1572 5672 1667 5727 τοῦ
1702 5672 1797 5742 βαι⁸

302 5839 345 5872 ει
379 5836 522 5897 Psal.
561 5855 748 5909 cum,
785 5839 871 5906 77,
901 5849 951 5895 ct
987 5838 1113 5895 alibi
1164 5837 1386 5907 passim.

1900 1917 2111 1974 Ctiones
2143 1913 2409 1967 meditans
2438 1915 2703 1978 praecepta
2754 1902 2963 1959 Domini
3002 1900 3068 1953 “.
3103 1898 3328 1965 Propter
3356 1897 3469 1948 haec

1897 2008 1952 2061 in
2009 2007 2177 2073 ipsum
2235 2000 2415 2056 ﬂoruit
2479 2000 2596 2066 ejus
2643 1994 3021 2054 sanctiﬁcatio.
3057 1990 3189 2044 Nam
3226 2002 3347 2042 cum
3380 1999 3469 2039 re-

1897 2105 2059 2165 pente
2090 2094 2474 2148 convenissent
2504 2088 2598 2150 illi,
2633 2085 2721 2153 qui
2748 2096 2920 2148 nuper
2941 2088 3097 2135 erant
3127 2076 3271 2142 impii
3303 2082 3355 2125 et
3386 2073 3469 2123 in-

1897 2185 2084 2241 ﬁdeles
2107 2186 2213 2251 (est
2240 2189 2418 2235 autem
2442 2181 2543 2232 hoc
2564 2174 2658 2227 Dei
2687 2172 2928 2233 omnino,
2954 2168 3046 2236 qui
3093 2169 3241 2220 docet
3288 2163 3467 2216 bomi-

1895 2294 2023 2333 nem
2093 2250 2401 2332 scieutiam,
2442 2277 2496 2322 et
2556 2266 2700 2320 illius
2754 2263 2938 2332 gratiae
2993 2261 3047 2311 in
3104 2250 3463 2321 Abramium),

1897 2380 2193 2433 omnesque
2224 2364 2314 2431 qui
2354 2362 2503 2416 illum
2538 2359 2711 2411 vicum
2772 2354 3111 2414 habitabant,
3156 2342 3466 2415 congregati

1896 2472 2101 2527 essent,
2133 2469 2208 2521 et,
2230 2468 2291 2511 ut
2307 2466 2399 2511 est
2416 2454 2838 2508 consentaneum
2859 2446 2910 2500 in
2925 2452 3064 2497 cmtu
3082 2439 3460 2501 multitudinis,

1896 2566 2175 2610 sermones
2218 2548 2362 2604 omni
2415 2561 2478 2598 ex
2515 2553 2667 2613 parte
2716 2542 3061 2599 haberentur,
3095 2550 3181 2589 res
3224 2528 3467 2587 Abramii

1898 2646 1951 2698 in
2002 2644 2233 2695 medium
2290 2637 2682 2695 adducebatur,
2722 2640 2775 2683 et
2806 2628 3048 2682 omnium
3082 2622 3245 2677 animi
3279 2619 3471 2688 imple-

1898 2738 2093 2789 bantur
2125 2730 2503 2785 admiratione.
2536 2725 2721 2794 Itaque
2747 2737 2871 2776 cum
2894 2733 3001 2786 prae
3025 2725 3244 2785 stupore
3271 2713 3323 2767 in
3355 2726 3470 2763 ma-

1898 2842 2055 2895 gnam
2087 2826 2304 2879 adducti
2343 2828 2529 2874 essent
2584 2814 2972 2871 dubitationem
3010 2826 3025 2862 :
3064 2806 3291 2869 Videtis,
3326 2804 3467 2858 dice-

1897 2918 2024 2971 bant
2075 2915 2212 2967 iuter
2266 2928 2325 2965 se
2378 2911 2630 2972 invicem,
2692 2905 2869 2969 qualia
2907 2918 2935 2956 a
2981 2900 3137 2953 nobis
3176 2899 3314 2948 facta
3342 2900 3472 2947 sunt

1898 3011 2155 3062 adversus
2188 3002 2499 3058 Abramium
2527 3018 2539 3053 :
2571 2999 2659 3052 ille
2706 3005 2883 3049 autem
2938 3006 3099 3061 quam
3133 2988 3361 3056 benigne
3416 2992 3472 3037 et

1897 3104 2192 3157 clementer
2228 3102 2279 3153 in
2310 3114 2407 3153 nos
2434 3112 2493 3152 se
2531 3097 2690 3165 gerit,
2722 3104 2993 3162 quamque
3036 3084 3250 3139 fortiter
3280 3095 3343 3134 ac
3374 3093 3471 3146 ge-

1824 3192 1865 3247 C
1899 3206 2091 3244 nerosc
2119 3190 2239 3242 tulit
2276 3188 2435 3252 mala,
2468 3202 2589 3255 qure
2621 3194 2741 3239 sunt
2779 3183 2827 3236 ei
2862 3179 3051 3234 illata?
3080 3175 3310 3230 Omnino
3366 3167 3471 3223 nisi

1897 3292 2039 3337 esset
2083 3295 2209 3333 vere
2256 3279 2398 3333 Deus
2446 3278 2640 3344 aliquis
2666 3284 2895 3327 internus
2924 3278 2976 3324 et
3014 3264 3351 3326 immortalis,
3379 3258 3472 3329 qui

1898 3389 2072 3451 potest
2106 3392 2202 3447 pro
2227 3376 2469 3429 laborum
2503 3369 2711 3423 meritis
2738 3365 2962 3419 reddere
2984 3358 3470 3416 remuneratioues,

1898 3472 2001 3528 non
2026 3445 2351 3526 ostendisset
2379 3474 2579 3518 tantam
2629 3475 2726 3527 pro
2760 3459 2874 3524 ipso
2922 3451 3279 3508 tolerantiam.
3305 3445 3473 3498 Porro

1897 3575 2074 3621 autem
2110 3563 2332 3614 deorum
2365 3564 2667 3608 nostrorum
2694 3548 2957 3615 imagines
2982 3542 3173 3595 videtis
3194 3551 3354 3606 quam
3388 3533 3472 3588 (ac

1896 3656 1998 3725 cile
2037 3664 2091 3710 et
2120 3653 2253 3707 citra
2286 3648 2449 3702 ullum
2480 3646 2719 3700 laborem
2771 3638 2986 3697 evertit.
3016 3649 3195 3701 neque
3237 3632 3377 3685 ullus
3405 3643 3469 3682 ex

1899 3751 1966 3807 iis
1992 3750 2093 3803 diis
2127 3743 2311 3817 potuit
2333 3757 2362 3795 a
2388 3756 2444 3796 se
2473 3734 2790 3810 propulsare
2820 3730 3072 3797 iniuriam
3098 3726 3121 3779 '3

1970 3922 2085 3979 XII.
2118 3920 2239 3974 Haec
2267 3917 2340 3970 illi
2368 3912 2583 3982 quidem
2615 3911 2757 3962 inter
2794 3920 2854 3960 se
2884 3903 3159 3956 dicebant.
3213 3899 3351 3980 Deus
3370 3911 3470 3950 au-

1902 4028 2005 4074 tem
2060 4012 2239 4068 verbis
2281 4009 2439 4064 linem
2492 4001 2751 4071 imposuit
2800 3995 3234 4052 convenientem.
3266 3976 3470 4043 lienim

1900 4108 2146 4179 protinus
2179 4100 2389 4158 incitati
2423 4094 2640 4158 animis,
2687 4092 2938 4146 dixerunt
2968 4102 2981 4140 :
3015 4085 3217 4138 Adeste
3261 4092 3474 4143 omnes,

1899 4173 1966 4254 ad
1988 4197 2147 4265 liuius
2177 4193 2300 4246 boui
2336 4189 2436 4242 viri
2461 4200 2632 4256 genua
2664 4181 3030 4251 procidamus,
3060 4173 3468 4229 consentientes

1899 4289 2029 4352 Deo,
2061 4262 2152 4355 qui
2182 4283 2247 4337 ab
2276 4283 2389 4350 ipso
2416 4278 2760 4349 praedicatur.
2798 4271 2930 4339 Quae
2984 4265 3143 4323 simul
3179 4274 3342 4333 atque
3394 4262 3477 4316 di-

1901 4382 2124 4441 xissent,
2156 4380 2485 4430 concurrunt
2514 4367 2760 4438 protinus
2788 4365 2853 4417 ad
2884 4361 3167 4429 templum,
3216 4365 3471 4423 tanquam

1901 4486 2004 4525 una
2047 4470 2230 4534 lingua
2289 4474 2342 4518 et
2402 4464 2582 4515 anima
2636 4458 2935 4513 clamantes
2967 4468 2983 4506 :
3011 4450 3193 4503 Gloria
3233 4447 3326 4501 tibi
3366 4447 3476 4500 Deo

1902 4563 2047 4629 coeli,
2105 4562 2195 4631 qui
2248 4556 2443 4613 misisti
2470 4566 2685 4608 servum
2727 4559 2876 4603 tuum
2913 4542 3249 4607 Abratnium,
3284 4548 3342 4591 ut
3375 4549 3474 4592 nos

1901 4672 1928 4711 a
1959 4630 2373 4712 simulacrorum
2432 4649 2690 4701 liberaret
2752 4640 3003 4708 caligine.
3052 4633 3202 4701 Quod
3250 4630 3474 4700 quidem

1900 4763 2019 4803 cum
2050 4746 2137 4799 ille
2162 4745 2351 4799 beatus
2380 4740 2599 4792 vidisset
2620 4743 2814 4803 praeter
2842 4742 3057 4783 omnem
3084 4740 3256 4795 spem,
3284 4719 3474 4776 ineﬂa-

1903 4840 1994 4895 bili
2020 4838 2073 4891 in
2103 4838 2268 4889 corde
2317 4830 2555 4901 repletus
2587 4821 2794 4888 lietitis,
2839 4831 3060 4890 repente
3103 4827 3314 4883 tempus
3343 4826 3477 4881 quo-

1899 4946 2005 5001 que
2051 4930 2264 4997 arripit.
2313 4919 2483 4979 et:0
2532 4930 2717 4990 patres
2769 4917 2821 4970 in
2878 4911 3139 4971 Domino.
3179 4916 3235 4963 et
3273 4903 3390 4969 lilii,
3420 4910 3477 4958 et

1890 4996 2105 5087 fratres,
2138 4996 2327 5090 inquit,
2363 5018 2568 5079 adeste,
2593 5024 2648 5067 et
2680 5010 2792 5065 Deo
2821 5006 2984 5063 simul
3034 5003 3322 5060 reddamus
3355 4996 3471 5068 glo-

1892 5118 2053 5181 riam,
2112 5088 2341 5183 qujitam
2372 5106 2765 5164 admirabiliter
2799 5113 2852 5159 et
2901 5112 3099 5155 arcane
3150 5088 3475 5149 illuminavit

1896 5219 2107 5264 vestros
2134 5208 2328 5261 anima:
2357 5202 2545 5259 oculos
2579 5216 2592 5252 :
2627 5206 2688 5253 et
2706 5196 2936 5265 accipite
2993 5187 3331 5260 signaculum
3362 5184 3473 5253 spi-

1897 5302 2052 5356 ritus.
2078 5298 2330 5352 Accedite
2360 5296 2427 5348 ad
2457 5293 2654 5362 ipsum,
2686 5299 2741 5343 et
2767 5281 3147 5342 illuminamini
3170 5298 3183 5334 :
3204 5288 3258 5332 et
3305 5272 3472 5327 vestri

1896 5393 2077 5447 voltus
2101 5392 2301 5459 pudore
2347 5399 2684 5455 nequaquam
2717 5379 3015 5435 allicientur
3048 5376 3113 5426 ".
3142 5370 3237 5425 His
3291 5366 3471 5424 verbis

1900 5484 2179 5553 coniungit
2210 5484 2372 5536 etiam
2407 5479 2711 5533 doctrinam
2748 5471 3009 5526 veritatis.
3044 5466 3109 5520 Et
3150 5479 3294 5527 cum,
3338 5472 3473 5529 quo-

1901 5580 2059 5633 modo
2092 5575 2313 5630 credere
2345 5578 2611 5644 Oporteat,
2639 5564 2821 5621 verbis
2843 5569 2986 5618 esset
3011 5565 3351 5631 persecutus,
3376 5564 3471 5607 eos

1899 5670 1952 5723 in
1981 5669 2211 5722 llliorum
2242 5663 2580 5733 adoptionem
2601 5657 2818 5713 asciscit
2846 5669 2938 5724 per
2967 5650 3316 5721 baptismum,
3346 5657 3468 5696 cum

1468 5837 1511 5870 "
1562 5834 1700 5891 Psal.
1751 5848 1938 5900 xxxm,
1972 5831 2026 5887 6.
