4212 6440
753 397 824 460 59
2021 406 2309 466 MENSIS
2351 405 2721 468 MARTIUS.
3927 409 3995 472 60

751 518 929 563 essent
961 524 1185 564 numero
1214 512 1356 566 circa
1405 514 1566 568 mille.
1599 515 1662 569 Et
1702 518 1953 588 deinceps
1976 530 2091 575 erat
2125 520 2322 573 multus
2348 524 2390 581 Δ

2430 521 2733 590 πτίσματος
2778 520 2977 584 αὑτοὺς
3007 522 3281 585 υἱοθεσίας
3341 522 3590 590 καταξιοῐ
3621 523 3745 593 περί
3781 542 3882 577 που
3914 548 3997 595 χι-

753 605 802 655 in
830 602 911 656 eis
938 602 1177 670 quotidie
1204 605 1555 661 sdmonendis
1594 617 1648 662 et
1685 610 1964 666 docendis.
2003 611 2081 667 Illi
2136 628 2318 672 autem

754 703 1006 758 tanquam
1061 693 1199 746 bona
1238 702 1485 761 terrahet
1535 699 1770 767 pinguis.
1805 711 1858 756 et
1888 706 2043 772 aquis
2092 707 2319 777 irrigua,

749 787 1098 840 reddiderunt
1150 787 1357 841 fructus
1402 791 1786 858 rnriltiplicatos
1824 794 2124 849 divinorum
2156 802 2321 853 semi-

751 890 901 927 num.
963 878 1139 945 Atque
1189 894 1364 934 annus
1419 882 1635 950 quidem
1687 885 1849 940 iubis
1876 902 2223 959 consumptus
2254 891 2322 944 ab

748 968 1024 1022 Abramio.

818 1146 962 1205 XIII.
990 1150 1192 1205 Deinde
1223 1154 1438 1217 timens,
1474 1170 1561 1217 ne.
1594 1157 1719 1210 dum
1760 1157 1810 1211 in
1833 1158 1933 1212 vici
1970 1161 2117 1213 t‘uris
2144 1177 2323 1217 versa-

750 1243 906 1289 retur
927 1246 981 1290 et
1012 1240 1349 1305 tumultibus,
1376 1244 1484 1303 sibi
1535 1246 1716 1314 aliqua
1748 1262 1807 1300 re
1834 1248 2136 1315 indulgeret
2159 1266 2223 1304 ex
2256 1253 2321 1306 iis

745 1338 865 1393 qua
893 1328 959 1380 ad
994 1328 1193 1383 victum
1221 1331 1493 1399 pertinent
1522 1349 1537 1387 :
1570 1350 1802 1403 cumque
1832 1338 1942 1406 jam
1974 1339 2178 1395 videret
2201 1358 2322 1410 gre-

752 1430 871 1481 gem
907 1416 1207 1485 perfectum
1241 1430 1293 1473 et
1342 1425 1643 1478 absolutum
1674 1426 1726 1478 in
1782 1427 1979 1481 divinis
2032 1433 2318 1499 mandatis,

747 1505 934 1556 statuit
964 1506 1027 1557 ad
1062 1506 1294 1574 priorem
1328 1512 1527 1564 reverti
1583 1514 1955 1571 solitudinem.
1987 1518 2123 1572 Cum
2156 1533 2317 1576 noctu

749 1595 929 1662 itaque.
989 1600 1341 1662 surrexisset,
1375 1601 1627 1659 dicebat:
1665 1603 1910 1668 Domine,
1941 1611 2032 1675 qui
2081 1625 2140 1664 es
2172 1614 2321 1668 solus

749 1687 944 1749 bonus,
973 1689 1066 1754 qui
1104 1690 1253 1743 solus
1282 1708 1340 1745 es
1367 1694 1651 1747 immemor
1683 1709 1915 1765 acceptae
1966 1700 2193 1767 injuriae,
2228 1707 2318 1772 qui

747 1776 886 1830 hanc
914 1792 1099 1832 recens
1124 1781 1402 1835 collectam
1429 1784 1825 1840 multitudinem
1853 1790 2058 1845 solvisti
2085 1808 2113 1845 a
2134 1794 2317 1849 vincu-

750 1865 815 1916 lis
848 1868 1164 1932 adversarii,
1201 1884 1250 1923 et
1277 1888 1374 1940 per
1400 1889 1543 1939 eam,
1564 1890 1724 1943 quam
1758 1880 1809 1931 in
1834 1891 1884 1933 te
1909 1881 2127 1946 habent,
2156 1886 2313 1940 tidem
2350 1853 2390 1908 Β

750 1966 838 2009 tuo
867 1957 1131 2027 colligasti
1168 1961 1381 2013 vinculo
1414 1980 1429 2017 :
1459 1979 1716 2019 conserva
1754 1969 1891 2023 hunc
1920 1988 2139 2040 parvum
2168 1986 2315 2032 tuum

748 2061 965 2114 gregem
994 2048 1252 2103 invictum
1280 2052 1346 2105 ab
1371 2054 1581 2109 insidiis
1602 2059 1925 2123 dremonum,
1948 2079 2041 2117 eos
2063 2076 2315 2135 tanquam

750 2138 915 2190 armis
970 2141 1116 2191 muni
1154 2148 1241 2191 tua
1277 2147 1631 2209 protectione,
1668 2158 1721 2200 et
1760 2166 1881 2203 cum
1926 2155 2147 2221 accinge
2196 2157 2317 2213 forti

751 2237 838 2278 tua
867 2230 1102 2294 potentia
1131 2248 1146 2284 :
1177 2238 1229 2285 te
1265 2242 1442 2286 autem
1470 2238 1756 2304 propitium
1786 2255 1884 2308 ego
1910 2257 2124 2312 quoque
2158 2252 2321 2301 miser

751 2317 1047 2383 inveniam,
1081 2322 1296 2387 quando
1318 2324 1579 2390 judicium
1604 2343 1771 2397 pones
1805 2331 1855 2385 in
1887 2348 2058 2402 spem,
2086 2345 2137 2390 et
2158 2340 2317 2395 misea

751 2408 1041 2463 ricurdiam
1081 2422 1225 2467 tuam
1288 2416 1341 2470 in
1392 2420 1627 2475 trutinis.
1662 2424 1742 2477 Ad
1800 2430 2006 2494 peccati
2056 2434 2314 2487 rationem

751 2499 884 2550 nihil
926 2500 1055 2554 mihi
1093 2504 1384 2572 imputetur
1427 2525 1456 2563 a
1500 2522 1585 2565 tua
1642 2516 1972 2586 benignitate
2031 2522 2117 2577 hic
2169 2541 2318 2580 meus

746 2602 1016 2645 recessus.
1074 2592 1149 2645 Tu
1184 2600 1326 2651 enim
1360 2617 1417 2653 es
1456 2605 1787 2659 occultorum
1816 2613 2089 2677 cognitor,
2116 2625 2170 2667 et
2201 2633 2320 2669 cor-

748 2680 895 2732 dium
930 2684 1292 2751 examinator,
1327 2701 1383 2741 et
1406 2701 1460 2743 tu
1488 2707 1517 2744 e
1549 2695 1840 2763 longinquo
1874 2706 2168 2769 cognovisti
2224 2722 2318 2761 co-

752 2768 1043 2836 gitationes
1096 2787 1265 2836 meas,
1319 2779 1460 2843 quod
1527 2794 1745 2851 propter
1801 2798 1851 2841 te
1890 2768 2314 2854 etituivamurem

752 2864 968 2929 suscepi
1000 2863 1135 2917 hanc
1173 2870 1661 2936 peregrinatiooern
1696 2894 1707 2929 :
1741 2887 1794 2931 et
1818 2894 1943 2934 ecce
1966 2899 2048 2937 me
2077 2887 2317 2942 subduco

749 2951 817 3005 ab
835 2951 907 3006 iis
937 2955 1207 3019 omnibus,
1236 2974 1356 3025 quae
1393 2961 1460 3013 ad
1500 2963 1698 3015 victum
1741 2970 2031 3035 pertinent,
2076 2986 2140 3025 ne
2176 2978 2218 3027 si
2252 2978 2317 3029 ad

748 3042 947 3121 aliquid
981 3045 1195 3108 borum,
1235 3057 1486 3115 tanquam
1526 3053 1590 3105 ad
1626 3056 1899 3122 scopulum
1933 3058 2222 3133 impegere,
2263 3069 2315 3121 in

2423 609 2570 673 λίους
2600 610 2692 663 τὸν
2715 611 2948 679 ἀριθμὸν
2993 613 3339 682 ὑπάρχοντας
3360 632 3374 645 ·
3412 616 3510 667 καὶ
3554 616 3613 666 τὸ
3658 617 3754 667 ἀπ’
3786 616 3996 672 ἐκείνου

2424 695 2671 770 πολὺςῆν
2695 702 2988 770 παραινῶν
3023 701 3145 753 καθ’
3187 704 3448 769 ἑκάστην,
3480 706 3573 754 καὶ
3603 704 3870 757 διδάσκων
3896 707 3995 758 αὑ-

2422 791 2569 854 τοὺς,
2601 792 2692 844 καὶ
2721 792 3122 861 διαλεγόμενος.
3152 793 3213 845 Oi
3247 792 3324 855 δὲ,
3362 793 3554 863 ὥσπερ
3586 794 3765 861 ἀγαθή
3792 811 3874 856 τις
3903 797 3996 862 γῆ,

2423 884 2517 934 καὶ
2554 882 2713 948 πίων,
2770 886 2865 937 καὶ
2897 884 3143 954 εὔυδρος,
3196 884 3639 946 πολλαπλασίους
3696 886 3804 937 τῶν
3836 885 3998 937 θείων

2424 978 2757 1045 σπερμάτων
2777 976 2903 1037 τοὺς
2932 977 3180 1045 καρποὺς
3211 975 3555 1029 ἀπεδίδοσαν.
3594 974 3874 1027 Ἐνιαυτὸν
3900 976 3998 1044 μὲν

2420 1062 2514 1117 οὖν
2545 1067 2601 1117 ἐν
2629 1064 2839 1127 τούτοις
2859 1064 2935 1132 τῷ
2975 1064 3260 1134 Ἀδραμίῳ
3289 1064 3506 1134 ἠνύετο.

2490 1158 2590 1211 II".
2628 1157 2860 1209 Ἔπειτα
2892 1156 3074 1217 δείσας
3110 1155 3185 1226 μὴ
3216 1157 3273 1207 ὲν
3325 1156 3470 1226 μέσῃ
3503 1156 3664 1226 κώμῃ
3692 1144 3786 1209 aia).
3826 1174 3995 1225 φρον-

2420 1246 2532 1300 τίσι
2564 1248 2658 1299 καὶ
2690 1246 2943 1315 θορύϐοις
2975 1246 3347 1315 στρεφόμενος
3378 1246 3705 1317 προσηλωθῇ
3748 1264 3855 1299 τινι
3886 1248 3995 1298 τῶν

2424 1338 2715 1408 βιωτικῶν,
2748 1337 2923 1401 ἄλλως
2950 1337 3007 1389 δὲ
3038 1338 3133 1390 καὶ
3160 1335 3261 1407 τὴν
3293 1336 3531 1405 ποίμνην
3556 1336 3655 1405 ἤδη
3682 1341 3797 1397 ταῖς
3823 1337 3997 1397 θείαις

2424 1428 2664 1489 ἐντολαῖς
2726 1428 3173 1497 κατηρτισμένην
3227 1426 3370 1489 ίδὼν,
3427 1429 3505 1489 εἰς
3560 1426 3659 1492 τὴν
3719 1428 3997 1496 προτέραν

2422 1520 2565 1585 ἔγνω
2595 1521 2688 1572 καὶ
2752 1518 2915 1572 πάλιν
2970 1518 3286 1571 ἐπανελθεῖν
3343 1517 3599 1586 ἐρημίαν.
3643 1518 3853 1576 Νυκτὸς
3885 1534 3998 1568 τοι-

2421 1609 2630 1679 γαροῦν
2683 1610 2963 1669 ἀναστάς·
3028 1610 3203 1676 Κύριε
3255 1609 3282 1658 δ
3330 1610 3488 1675 μόνος
3512 1608 3738 1675 ἀγαθὸς,
3777 1608 3804 1658 ὁ
3836 1608 3996 1674 μόνος

2425 1699 2827 1769 ἀμνησίκακος,
2854 1698 3064 1765 ἔλεγεν,
3096 1701 3123 1750 ὁ
3161 1700 3258 1767 τὴν
3295 1700 3576 1751 νεόλεκτον
3612 1698 3817 1763 ταύτην
3854 1698 3995 1767 πλη-

2424 1788 2522 1841 θὺν
2543 1788 2651 1840 τῶν
2681 1787 2774 1839 τοῦ
2798 1788 3181 1854 ἀντικειμένου
3210 1787 3375 1850 λύσας
3398 1787 3638 1854 δεσμῶν,
3664 1787 3767 1864 καὶ⁴
3789 1788 3875 1838 διὰ
3892 1789 3995 1853 τῆς

2421 1881 2501 1944 είς
2539 1883 2598 1933 σὲ
2629 1881 2865 1942 πίστεως
2890 1881 3038 1950 πόθῳ
3067 1879 3348 1943 συνδείσας
3373 1880 3449 1949 τῷ
3482 1879 3557 1948 σῷ
3586 1880 3747 1943 αὑτὸς
3773 1881 3995 1932 ἐπιδου-

2419 1969 2535 2031 λαῖς
2556 1968 2826 2039 δαιμόνων
2850 1969 3149 2033 ἀνάλωτον,
3177 1970 3239 2021 τδ
3268 1970 3465 2038 μικρόν
3495 1987 3587 2021 σου
3613 1972 3764 2022 τουτὶ
3796 1969 3994 2037 συντή-

2423 2078 2587 2131 ρησον
2618 2061 2901 2126 ποίμνιονο
2936 2059 3174 2126 τείχισον
3204 2060 3403 2121 αὑτοὺς
3439 2059 3514 2119 ὠς
3543 2059 3694 2126 ὅπλῳ
3719 2062 3785 2127 τῇ
3813 2065 3995 2127 σκέπῃ

2424 2169 2540 2214 σου,
2572 2152 2665 2201 καὶ
2697 2153 2761 2217 τῇ
2796 2150 3035 2219 κραταιᾷ
3074 2166 3164 2200 σου
3202 2149 3494 2218 δυναστείᾳ
3529 2149 3836 2217 περίζωσον
3863 2166 3875 2179 ο
3904 2150 3996 2199 εὑ-

2423 2244 2560 2313 μενῆ
2595 2241 2651 2293 δέ
2681 2257 2739 2293 σε
2772 2241 2867 2293 καὶ
2902 2243 2929 2292 ὁ
2961 2240 3308 2307 ταλαίπωρος
3337 2239 3447 2303 ἐγὼ
3486 2238 3726 2307 εὕροιμι,
3775 2242 3863 2291 ὅτε
3896 2239 3997 2309 θή-

2421 2351 2533 2397 σεις
2556 2333 2735 2402 κρίσιν
2766 2334 2845 2393 είς
2882 2330 3073 2383 ἐλπίδα
3109 2332 3202 2382 καὶ
3231 2330 3331 2399 τὴν
3379 2323 3753 2399 ἐλεημοσύνην
3783 2346 3876 2380 σου
3913 2332 3995 2391 είς

2422 2423 2692 2491 σταθμούς
2715 2440 2727 2453 ο
2759 2421 2925 2489 μηδὲν
2958 2421 3355 2490 ἁμαρτήματος
3378 2421 3521 2488 λόγῳ
3550 2420 3625 2490 τῷ
3652 2420 3748 2488 τῆς
3781 2422 3997 2489 ὑποχωο

2423 2516 2632 2596 ρήσεως
2687 2513 2890 2580 ταύτης
2948 2513 3095 2579 παρὰ
3126 2516 3192 2582 τῇ
3230 2516 3293 2583 σῇ
3336 2515 3665 2583 χρηστότητι
3720 2512 3997 2579 λογισθείη

2425 2621 2549 2674 μοι·
2576 2606 2638 2657 σὺ
2660 2605 2768 2674 γὰρ
2793 2600 2843 2656 εί
2873 2603 3121 2673 γνώστης
3147 2606 3394 2674 κρυφίων
3420 2606 3512 2656 καὶ
3538 2604 3777 2672 καρδιῶν
3813 2605 3999 2666 ἐξετα-

2423 2700 2571 2769 στὴς,
2624 2701 2716 2751 καὶ
2770 2700 2833 2749 σὺ
2869 2697 3111 2762 συνῆκας
3145 2697 3272 2758 τοὺς
3309 2696 3694 2763 διαλογισμούς
3748 2713 3849 2763 μου
3889 2698 3997 2749 ἀπὸ

2424 2792 2715 2861 μακρόθεν,
2743 2788 2929 2840 ὃτιδιά
2959 2788 3019 2839 σὲ
3054 2788 3149 2839 καὶ
3181 2786 3240 2838 τὸ
3275 2788 3367 2838 σὺν
3393 2787 3613 2853 φίλτρον
3655 2789 3752 2855 τὴν
3787 2788 3993 2855 ἀποδη-

2423 2884 2551 2951 μίαν
2584 2882 2788 2950 ταύτην
2814 2881 3036 2950 εἱλόμην
3059 2897 3071 2909 ’
3136 2880 3232 2932 καὶ
3265 2879 3375 2932 τῶν
3412 2878 3687 2948 βιωτικῶν
3722 2879 3829 2931 [Sub
3864 2881 4000 2931 πὰν-

2419 2993 2526 3027 των
2550 2976 2783 3043 ἐμαυτὸν
2809 2972 3085 3038 ὑπεξάγω,
3135 2972 3208 3042 μή
3242 2971 3342 3024 πού
3375 2989 3478 3023 τινι
3519 2970 3720 3023 τούτων
3744 2965 3831 3022 υἷα
3865 2987 3996 3023 σκο-

2423 3069 2568 3137 πὲλῳ
2601 3065 2938 3136 προσράξας,
2977 3066 3032 3115 ἐν
3068 3064 3296 3128 πελάγει
3338 3065 3489 3130 μέσῳ
3544 3064 3651 3113 τῶν
3713 3062 3998 3130 κοσμικῶν

749 3133 929 3187 medio
954 3137 1087 3187 mari
1115 3152 1365 3191 curarum
1395 3143 1782 3197 mundanorum
1831 3149 2049 3203 subeant
2093 3156 2305 3210 naufra-
2340 3177 2381 3232 ο

2418 3160 2710 3230 φροντίδων
2743 3156 2960 3207 ὑποστῶ
2985 3156 3075 3205 τὸν
3096 3156 3379 3221 ναυάγιον.
3421 3150 3547 3221 Εἶχε
3594 3155 3691 3223 μὲν
3721 3153 3814 3205 οὑν
3845 3152 3999 3221 αὐτῷ

745 3225 912 3294 gium.
938 3228 1113 3298 Atque
1137 3232 1214 3285 sic
1244 3234 1458 3300 quidem
1495 3235 1652 3290 linem
1690 3253 2018 3307 acceperunt
2053 3244 2167 3309 ejus
2195 3263 2314 3313 pre-

745 3330 877 3368 ecs:
912 3326 964 3369 et
1024 3333 1147 3371 cum
1205 3322 1481 3376 Dominico
1513 3327 1665 3393 signo
1714 3330 1890 3381 vicum
1926 3334 2228 3398 muniisset,
2265 3351 2317 3389 et

746 3419 870 3458 eum
900 3405 1011 3460 Deo
1056 3412 1514 3481 commendasset,
1548 3430 1605 3469 se
1637 3416 1934 3473 clanculum
1987 3428 2213 3494 proripit
2251 3432 2315 3482 ad

747 3513 1045 3552 secessum.

819 3585 956 3645 XIV.
991 3590 1143 3647 Mane
1184 3611 1313 3665 ergo
1358 3614 1479 3653 cum
1518 3600 1583 3654 de
1630 3619 1779 3657 more
1828 3609 2101 3662 venissent
2142 3612 2315 3665 vicani

750 3680 816 3733 ad
843 3682 1097 3747 templum
1131 3685 1492 3749 Dominicum,
1528 3699 1586 3740 ut
1619 3691 2048 3747 benedictionem
2083 3696 2319 3753 Pastoris

751 3783 1195 3839 assequerentur,
1229 3792 1459 3844 cumque
1509 3793 1629 3831 eum
1692 3781 1763 3834 ibi
1813 3797 1916 3836 non
1965 3785 2313 3856 invenissent,

750 3860 871 3917 illos
900 3864 1096 3919 invasit
1126 3868 1395 3935 confusio,
1433 3886 1740 3942 mcerorque
1768 3888 1819 3929 et
1844 3878 2005 3932 animi
2034 3883 2315 3951 aegritudo.

748 3952 885 4007 Eum
921 3958 1083 4024 igitur
1132 3961 1414 4028 diligenter
1466 3976 1734 4028 quaerunt,
1773 3982 1876 4019 non
1913 3984 2131 4035 parvam
2162 3982 2317 4030 terrae

751 4056 959 4111 partem
992 4048 1275 4104 obeuntes.
1311 4050 1413 4105 Sed
1444 4055 1643 4107 reversi
1690 4059 1868 4110 vacuis
1900 4059 2167 4125 manibus,
2195 4078 2316 4118 cum

747 4136 939 4191 calidis
980 4137 1234 4210 lacrymis
1282 4148 1544 4199 accedunt
1592 4146 1655 4200 ad
1718 4149 2051 4220 episcopum,
2084 4164 2136 4207 et
2176 4158 2317 4225 apud

747 4247 868 4284 eum
902 4233 1118 4297 dellent,
1151 4249 1208 4287 se
1244 4251 1363 4287 esse
1403 4238 1641 4303 privatos
1668 4256 1767 4292 suo
1824 4254 2055 4307 pastore.
2090 4244 2183 4301 Ille
2217 4265 2316 4301 au-

750 4330 855 4373 tem
881 4321 1152 4375 sauciatus
1184 4324 1403 4391 paribus
1430 4325 1546 4378 telis
1568 4328 1923 4395 mgritudinis,
1950 4345 2073 4384 eum
2102 4348 2317 4405 quoque

744 4411 940 4479 quierit
969 4411 1235 4467 similiter.
1264 4413 1553 4484 Postquam
1587 4431 1712 4471 vero
1749 4428 1802 4471 et
1838 4419 1951 4489 ipse
1982 4428 2230 4492 cognovit
2256 4444 2315 4483 se

2416 3255 2566 3312 τέλος
2589 3251 2654 3301 τὰ
2676 3250 2773 3317 τῆς
2799 3247 2987 3316 εὐχῆς,
3029 3246 3122 3297 καὶ
3152 3248 3269 3315 τρὶς
3302 3245 3378 3315 τῷ
3429 3246 3745 3314 Δεσποτικῷ
3781 3247 3997 3314 σημείῳ

2418 3340 2515 3408 τὴν
2543 3338 2733 3405 κώμην
2770 3334 3174 3403 διασφραγίσας
3209 3337 3303 3387 καὶ
3325 3335 3530 3403 ταύτην
3557 3335 3674 3405 Θεῷ
3704 3338 3995 3405 παραθεὶς,

2419 3432 2582 3501 ἐξόδῳ
2620 3431 2725 3483 τινὶ
2751 3427 2987 3498 λαθραία
3019 3426 3241 3478 κλέπτει
3272 3429 3371 3495 τὴν
3402 3428 3774 3497 ὑποχώρησιν.

2492 3612 2589 3668 lA'.
2618 3611 2827 3664 Ἐωθεν
2854 3611 2947 3664 οὑν
2982 3611 3106 3672 τοὺς
3157 3610 3258 3680 τῆς
3285 3608 3477 3677 κώμης
3504 3608 3561 3657 τὸ
3596 3615 3881 3675 κυριακὸν,
3919 3608 3997 3666 ώς

2418 3706 2558 3764 ἔθος,
2587 3704 3015 3765 καταλαϐόντας,
3056 3701 3197 3753 ὥστε
3248 3704 3346 3769 τῆς
3401 3700 3550 3767 παρὰ
3602 3698 3696 3749 τοῦ
3741 3700 3998 3767 ποιμένος

2419 3792 2666 3859 εὐλογίας
2698 3792 3021 3859 ἀξιωθῆναι,
3052 3792 3144 3843 καὶ
3170 3790 3359 3841 τοῦτον
3401 3792 3459 3841 ἐν
3508 3789 3657 3856 αύτῷ
3690 3790 3761 3858 μὴ
3810 3791 3999 3858 εὑρόν-

2417 3900 2537 3947 τας,
2576 3880 2837 3949 σύγχυσις
2860 3876 2996 3949 εἶχε,
3034 3880 3128 3932 καὶ
3157 3878 3326 3949 λύπη,
3354 3882 3446 3931 καί
3478 3879 3688 3946 ἀθυμία
3718 3896 3728 3909 ·
3764 3880 3996 3949 ἔρευναν

2416 3973 2595 4026 τοίνυν
2633 3970 2727 4025 τοῦ
2777 3971 2970 4041 ἀνδρὸς
3037 3972 3242 4042 ἀκριϐῆ
3294 3972 3674 4040 ποιησάμενοι,
3728 3972 3889 4041 μέρος
3931 3989 3993 4023 τε

2418 4066 2519 4131 γῆς
2548 4065 2649 4116 οὑκ
2683 4063 2865 4132 ὀλίγον
2898 4064 3041 4116 κατὰ
3090 4066 3320 4133 ζήτησιν
3352 4065 3563 4116 ἐκείνου
3613 4062 3994 4131 περιελθόντες

2418 4158 2511 4209 καὶ
2567 4160 2755 4217 κεναῖς
2803 4161 2993 4225 χερσὶν
3048 4156 3535 4224 ὑποστρέψαντες,
3592 4156 3993 4224 προσέρχονται

2422 4245 2560 4310 μετὰ
2593 4244 2810 4313 θερμῶν
2832 4244 3085 4310 δακρύων
3112 4244 3188 4311 τῷ
3214 4246 3311 4314 τῆς
3345 4245 3654 4314 ἐπισκοπῆς
3685 4248 3992 4316 προεστῶτι

2418 4336 2513 4386 καὶ
2566 4333 2664 4404 τὴν
2712 4333 2806 4388 τοῦ
2869 4335 3001 4388 ίδίου
3061 4336 3318 4405 ποιμένος
3375 4337 3633 4406 στέρησιν
3659 4338 3793 4406 πρὸς
3831 4338 3995 4392 αὑτὸν

2419 4426 2800 4495 ἀποδύρονται.
2845 4429 2902 4481 Ὀ
2938 4428 2991 4481 δὲ
3023 4432 3135 4491 τοῖς
3167 4429 3301 4491 ἴσοις
3334 4430 3433 4498 τῆς
3459 4430 3694 4499 ἀθυμίας
3722 4430 3815 4483 καὶ
3831 4432 3993 4493 αὐτὸς

745 4516 806 4553 ea
867 4501 1067 4564 facere,
1111 4519 1229 4570 qua
1278 4517 1434 4559 erant
1488 4509 1696 4562 inutilia
1749 4512 1887 4577 (tuto
1919 4513 2061 4566 enim
2094 4530 2311 4586 propter
2345 4516 2387 4571 Ι)

2415 4514 2647 4584 τρωθεὶς
2684 4516 2915 4586 βέλεσιν.
2952 4519 3072 4586 ῐσην
3105 4518 3274 4569 αὑτοὺ
3321 4522 3553 4570 ποιεῖται
3590 4521 3685 4572 καὶ
3737 4520 3989 4588 ζήτησιν.

746 4592 943 4656 quietis
988 4606 1050 4646 ac
1094 4594 1289 4649 silentii
1326 4598 1672 4663 cupiditatem
1727 4600 1926 4657 latebat
1970 4604 2304 4679 Abramius),

748 4690 891 4743 tunc,
930 4684 1012 4738 sui
1045 4684 1173 4738 cleri
1203 4699 1421 4756 accepta
1462 4700 1613 4756 parte
1657 4690 1856 4759 aliqua,
1908 4710 2028 4749 cum
2078 4699 2313 4753 venisset

746 4768 813 4821 ad
846 4770 1043 4836 vicum,
1087 4775 1321 4841 primum
1366 4778 1579 4843 quidem
1633 4780 1844 4832 illorum
1909 4786 2118 4842 animos
2176 4790 2311 4844 satis

745 4860 1076 4925 consolatur,
1106 4866 1197 4930 qui
1232 4882 1373 4935 aegre
1403 4868 1651 4923 ferebant
1696 4873 1929 4941 pastoris
1975 4878 2299 4937 absentiam.

749 4950 951 5006 Deinde
974 4968 1094 5006 cum
1118 4970 1213 5008 eos
1236 4958 1505 5024 elegisset,
1528 4963 1617 5027 qui
1654 4977 1807 5019 erant
1833 4967 2028 5021 virtute
2048 4970 2309 5041 insignio-

746 5040 833 5098 i'cs
857 5063 869 5099 :
894 5048 1094 5103 etalios
1122 5052 1340 5118 quidem
1363 5056 1727 5125 presbyteros,
1765 5058 1896 5113 alios
1919 5071 2096 5115 autem
2124 5040 2313 5121 diaco-

749 5152 848 5191 nos
888 5141 1284 5208 constituisset,
1310 5154 1363 5197 et
1397 5145 1529 5198 alios
1560 5158 1866 5216 coolitasset
1896 5156 1946 5205 in
1970 5154 2100 5206 alios
2126 5170 2311 5213 sacros

747 5230 947 5295 gradus
977 5248 991 5284 :
1031 5240 1083 5284 et
1111 5232 1177 5285 iis
1206 5236 1370 5288 veluti
1404 5241 1687 5299 quamdam
1714 5242 2021 5299 tradidisset
2051 5248 2307 5315 regulam,

750 5332 802 5373 et
836 5320 1063 5375 formam
1101 5324 1536 5394 gloriﬁcationis,
1559 5346 1678 5399 quae
1707 5332 1763 5386 lit
1793 5333 1841 5385 in
1872 5333 2132 5400 Ecclesia,
2153 5349 2205 5391 et
2232 5343 2311 5397 eis

750 5422 1001 5479 precatus
1034 5428 1176 5470 esset
1193 5418 1353 5471 vitam
1378 5431 1618 5487 pacatam
1648 5434 1697 5475 et
1733 5441 1760 5475 υ
1798 5426 2036 5480 molestia
2062 5429 2305 5496 liberam,

754 5506 973 5561 recedit.
1006 5509 1135 5573 Quae
1163 5510 1375 5575 quidem
1412 5526 1507 5566 nec
1531 5516 1769 5570 divinum
1800 5518 2014 5586 quidem
2038 5521 2310 5578 latuerunt

752 5597 1087 5654 Abramium.
1110 5601 1214 5657 Sed
1238 5602 1351 5674 ipse
1385 5622 1621 5673 quoque,
1652 5625 1773 5662 cum
1808 5612 1860 5663 in
1898 5626 1982 5677 eo,
2015 5614 2064 5665 in
2099 5630 2203 5683 quo
2240 5617 2313 5671 Ia-

752 5690 917 5750 tebal,
954 5688 1067 5746 loco
1093 5693 1204 5749 haec
1253 5710 1348 5763 per
1384 5695 1639 5765 Spiritum
1674 5704 2031 5769 cognovisset,
2064 5707 2131 5761 ab
2166 5709 2305 5765 illius

756 5779 855 5835 vici
904 5782 1047 5838 curis
1105 5786 1341 5847 animum
1397 5788 1661 5844 liberavit.
1697 5792 1830 5848 Nam
1866 5797 1967 5849 etsi
2003 5799 2312 5855 trahebatur

2425 4610 2579 4663 Ἐπεὶ
2613 4608 2671 4660 δέ
2694 4611 2786 4660 καὶ
2812 4601 2968 4671 οὗτος
2996 4609 3242 4678 ἀνήνυτα
3268 4608 3409 4675 ἔγνω
3436 4610 3614 4662 πονῶν
3645 4614 3663 4679 (
3687 4611 3996 4680 ἐκρύπτετο

2410 4700 2518 4767 γὰρ
2569 4698 2828 4763 ἀσφαλῶς
2888 4700 3155 4772 ἐπιθυμίᾳ
3214 4700 3308 4753 τοῦ
3357 4701 3456 4769 τῆς
3490 4702 3721 4771 ἡσυχίας
3769 4701 3993 4755 καλοῦό

2421 4790 2763 4860 Ἀὀρὰμιος),
2798 4791 2961 4861 μέρος
2992 4792 3086 4844 τού
3120 4793 3213 4844 ὑπ’
3249 4792 3413 4844 αὑτδν
3438 4791 3642 4862 κλήρου
3689 4792 3993 4860 τηνικαῦτα

2411 4882 2748 4951 παραλαϐὼν
2777 4883 2870 4934 καὶ
2930 4884 3011 4944 εἰς
3059 4884 3158 4951 τὴν
3188 4885 3382 4954 κώμην
3438 4887 3753 4954 γενόμενος,
3799 4885 3993 4954 πρῶτα

2412 4976 2511 5041 μὲν
2564 4971 2765 5034 ίκανῶς
2803 4972 3215 5043 παραμυθεῖται
3260 4975 3357 5037 τὰς
3395 4976 3619 5027 ἐκείνων
3652 4974 3829 5044 ψυχὰς
3868 4976 3991 5029 ὀδυ-

2411 5047 2591 5135 νήρὼς
2648 5064 2789 5131 ἄγαν
2842 5066 3073 5135 ἐχούσας
3130 5070 3196 5136 τῇ
3250 5067 3342 5121 τοῦ
3370 5072 3627 5137 ποιμένος
3683 5070 3985 5139 ἀποδημίᾳ,

2412 5156 2480 5207 ἐπ
2515 5174 2604 5210 ιτα
2639 5158 2765 5219 τοὺς
2801 5158 2869 5209 δι’
2902 5160 3103 5227 ἀρετὴν
3148 5161 3609 5228 ὲπιφανεστέρους
3642 5160 3987 5229 ἀπολεξάμε-

2412 5265 2521 5310 νος,
2575 5250 2703 5311 τοὺς
2744 5252 2843 5317 μὲν
2875 5252 3302 5320 πρεσὸυτέρους,
3341 5254 3462 5311 τοὺς
3487 5252 3541 5304 δὲ
3586 5253 3865 5317 διακόνους
3891 5256 3990 5306 καὶ

2411 5341 2602 5401 ἄλλους
2644 5342 2824 5404 ἄλλοις
2863 5341 2969 5394 τῶν
2999 5344 3161 5412 ίερῶν
3189 5343 3559 5409 ἐγκαταλέξας
3588 5345 3815 5413 βαθμῶν
3843 5387 3856 5409 ,
3892 5348 3988 5398 καὶ

2410 5433 2616 5496 τούτοις
2648 5433 2812 5486 οἱονεί
2842 5452 2963 5488 τινα
3011 5435 3289 5503 παραδοὺς
3320 5436 3521 5490 κανόνα
3553 5439 3646 5489 καὶ
3679 5438 3851 5490 τύπον
3887 5437 4013 5505 τῆς.

2415 5527 2557 5579 κατὰ
2597 5526 2696 5595 τῆν
2755 5526 3083 5596 Ἐκκλησίαν
3138 5527 3445 5595 δοξολογίας
3503 5530 3595 5582 καὶ
3625 5529 3769 5600 ζωὴν
3802 5530 3987 5592 αὐτοῖς

2414 5614 2697 5689 εἰρηνικήν
2744 5636 2801 5671 τε
2858 5620 2951 5671 καὶ
2981 5619 3179 5672 ἄλυπον
3223 5620 3615 5688 ἐπευξάμενος,
3647 5619 3991 5672 ἀπαλλαττε.

2414 5728 2524 5766 ται.
2581 5712 2755 5780 "Amp
2798 5706 2889 5763 οὖν
2939 5711 3055 5763 οὐδὲ
3089 5712 3177 5762 τὸν
3211 5712 3352 5763 θεῖον
3394 5712 3693 5781 ’Λϐρὰμῑον
3720 5712 3983 5781 ἐλελήθει,

2419 5803 2549 5857 ἀλλὰ
2599 5803 2689 5856 καὶ
2746 5803 2903 5867 αὐτὸς
2966 5803 3020 5855 ἐν
3058 5796 3100 5871 ᾧ
3155 5804 3429 5874 κέκρυπτο
3456 5806 3603 5872 τόπῳ
3664 5806 3988 5857 τὰτοιαῦτα
