4212 6440
225 413 289 474 61
1493 410 1674 472 νιτΑ
1716 410 1777 470 S.

1914 406 2182 470 :RAMII.
3406 408 3476 471 62

231 522 420 593 μαθὼν
445 521 538 575 καὶ
575 520 684 573 τῶν
711 519 961 587 περὶτῆς
1014 518 1207 587 κώμης
1263 517 1481 588 ἐκείνης
1512 518 1812 589 φροντίδων

1917 533 2103 572 amore
2144 516 2469 581 solitudinis,
2514 515 2661 571 curis
2713 521 2891 571 tamen
2945 517 3123 586 gregis
3149 531 3337 573 rursus
3358 531 3478 575 erat

226 618 330 687 τὴν
366 613 546 685 ψυχὴν
571 611 852 673 ἀπολύσας
908 609 978 680 (εί
1018 608 1126 680 γάρ
1164 609 1244 678 τῷ
1278 608 1376 678 τῆς
1435 610 1669 679 ἐρημίας
1698 610 1808 662 ιῐλ.

225 724 358 762 κετο
386 707 577 776 ἔρωτι,
613 703 752 758 ἀλλά
785 703 879 756 καὶ
923 705 1046 763 ταῖς
1073 701 1201 770 περὶ
1232 700 1327 754 τοῦ
1368 701 1622 772 ποιμνίου
1648 718 1809 768 φρον-

225 798 339 852 τίσι
369 797 532 851 πάλιν
563 796 783 863 δεσμοῖς
809 812 952 847 τισιν
988 793 1207 856 ἀλύτοις
1261 795 1512 862 ἐδέδετο),
1575 794 1674 864 τὴν
1702 794 1808 863 ψυ-

226 891 332 961 χὴν
391 891 569 944 τοίνυν
625 889 718 941 ἐπὶ
774 887 989 950 τούτοις
1030 887 1426 953 διαναπαύσας,
1485 887 1605 956 Θεῷ
1633 905 1692 941 τε
1739 886 1811 940 τὰ

229 982 423 1036 εἰκότα
491 980 928 1049 εὐχαριστήσας,
988 980 1067 1041 είς
1107 981 1170 1032 τὸ
1216 978 1447 1032 παλαιὸν
1502 981 1680 1032 ἐκεῖνο
1714 980 1810 1032 καὶ

228 1075 400 1127 πάλιν
438 1074 716 1127 ἐπάνεισιν
741 1074 1060 1141 οἰκητήριον
1109 1071 1346 1140 ἐχόμενά
1376 1088 1434 1124 τε
1466 1070 1634 1124 αὐτοῦ
1668 1073 1811 1124 οἰκί-

229 1184 362 1220 σκον
385 1166 573 1237 ἕτερον
616 1165 1055 1234 ἐποικοδομήσας
1082 1165 1173 1218 καὶ
1199 1165 1296 1232 τὴν
1327 1165 1533 1216 είσοδον
1560 1165 1809 1233 ἀποφρά-

229 1261 352 1323 ξας,
406 1261 470 1328 τῇ
506 1257 753 1327 προτέρᾳ
807 1256 995 1309 δίδωσι
1025 1256 1119 1308 καὶ
1170 1255 1326 1317 αὖθις
1355 1255 1545 1308 ἑαυτὸν
1579 1256 1806 1324 ἐρημίᾳ,

229 1348 368 1402 Τίνα
400 1350 456 1402 δὲ
480 1349 547 1401 τὰ
576 1348 830 1399 ἐντεῦθεν
864 1346 960 1398 καὶ
983 1345 1173 1407 ὁποίας
1193 1344 1342 1413 αὐτῷ
1367 1343 1550 1412 τίθησι
1575 1341 1809 1410 παγίδας

223 1443 256 1494 ὸ
295 1443 408 1504 τοῖς
436 1439 701 1502 τοιούτοις
737 1439 823 1491 ἀεὶ
866 1437 1179 1506 βασκαίνων
1207 1435 1426 1504 ἐχθρὸς,
1467 1435 1540 1504 μὴ
1573 1435 1808 1504 παραλιο

226 1534 355 1585 πεῖν
379 1531 546 1598 ἄξιον.
583 1531 765 1585 Μέσας.
797 1530 896 1599 μὲν
922 1525 986 1596 δὴ
1019 1526 1213 1589 νύκτες
1241 1522 1384 1596 ἦσαν
1412 1527 1509 1588 τάς
1561 1524 1809 1594 συνήθεις

229 1621 400 1691 εύχάς
444 1619 754 1690 ποιουμένῳ
784 1618 860 1686 τῷ
923 1617 1216 1688 Ἀϐραμίῳ
1257 1617 1350 1670 καὶ
1386 1617 1414 1668 ὁ
1458 1614 1553 1668 τοῦ
1587 1616 1809 1678 σκότους

228 1713 546 1783 προστάτης
569 1713 913 1780 προσωπεῖον
935 1710 1112 1778 φωτὸς
1138 1709 1342 1772 ὑποδὺς
1374 1711 1469 1762 καὶ
1496 1709 1628 1762 αὐτὸ
1655 1707 1813 1761 τοῦτο

1911 613 2125 666 vinctus
2179 609 2406 664 vinculis
2463 608 2862 665 insolubilibus.
2901 608 3032 664 Cum
3057 624 3206 680 ergo,
3229 609 3374 678 quod
3409 613 3477 666 ad

1912 703 2025 757 haec
2061 701 2346 767 attinebat,
2374 700 2558 772 quieto
2606 709 2749 754 esset
2783 700 2987 764 animo,
3020 711 3075 755 et
3123 702 3246 767 Deo,
3276 712 3334 756 ut
3381 717 3481 770 par

1910 808 2049 860 erat,
2099 798 2297 867 egisset
2318 797 2546 865 gratias,
2582 810 2772 849 rursus
2807 797 3100 850 revertitur
3136 799 3201 850 ad
3229 807 3384 851 vetus
3410 796 3478 850 il-

1910 888 1999 940 lud
2031 887 2417 941 habitaculum.
2454 886 2660 942 Etcum
2693 887 2741 940 ei
2797 889 3105 957 contiguam
3156 887 3479 945 adiﬁcasset

1911 979 2317 1042 domunculam,
2344 991 2397 1034 et
2428 980 2788 1034 obstrinxisset
2819 980 3045 1044 aditum,
3077 981 3246 1049 priori
3277 996 3336 1034 se
3366 989 3478 1034 tra-

1913 1069 1990 1122 dit
2008 1070 2307 1123 solitudini.
2333 1071 2590 1136 Quamam
2613 1080 2792 1123 autem
2815 1080 2938 1124 sunt
2960 1070 3151 1123 deinde
3163 1079 3476 1138 consecuta,

1911 1167 1965 1214 et
1997 1173 2258 1226 quosnam
2300 1161 2347 1213 ei
2383 1159 2551 1213 tendit
2597 1160 2821 1227 laqueos
2849 1160 2940 1228 qui
2997 1159 3156 1214 rebus
3213 1159 3480 1229 ejusmodi

1913 1250 2117 1304 invidet
2143 1250 2413 1310 inimicus.
2457 1266 2562 1303 non
2615 1259 2700 1304 est
2754 1252 3296 1319 praetermittendum.
3339 1252 3473 1308 Erat

1911 1341 2128 1409 quidem
2172 1357 2275 1396 nox
2312 1341 2509 1407 media,
2540 1355 2663 1396 cum
2693 1352 2981 1396 consuetas
3007 1358 3197 1411 preces
3228 1342 3483 1398 funderet

1911 1433 2206 1485 Ahramins
2233 1449 2246 1485 :
2275 1448 2476 1501 praeses
2497 1442 2676 1486 autem
2705 1435 3070 1497 tenebrarum.
3095 1445 3342 1502 suscepta
3364 1451 3486 1504 per-

1910 1539 2042 1578 sons
2062 1524 2301 1586 luminis,
2339 1534 2391 1575 et
2414 1539 2531 1577 eam
2560 1527 2727 1593 ipsam
2761 1527 2937 1579 lucem
2957 1540 3078 1578 esse
3103 1526 3388 1588 simulans,
3414 1526 3481 1580 ad

1911 1631 2035 1670 eum
2066 1615 2266 1669 emittit
2296 1629 2514 1677 vocem,
2536 1625 2792 1686 tanquam
2817 1631 2883 1669 ex
2908 1631 3101 1686 magna
3132 1617 3481 1672 multitudine

1913 1706 2178 1761 dicentem
2203 1723 2218 1761 :
2241 1705 2438 1762 Beatus
2455 1722 2536 1770 es,
2568 1722 2731 1762 senex
2759 1707 3001 1774 Abrami,
3027 1723 3154 1763 vere
3174 1724 3234 1762 es
3253 1708 3482 1776 beatus;

228 1804 347 1872 φῶς
372 1799 511 1856 εἶναι
549 1803 1008 1872 ὑποκρινάμενος,
1040 1803 1225 1871 φωνὴν
1258 1801 1395 1869 πρὸς
1417 1801 1577 1852 αὐτὸν
1607 1800 1680 1862 ὡς
1707 1799 1812 1852 ἀπὸ

1915 1809 1970 1852 et
1998 1815 2156 1854 nemo
2195 1801 2248 1854 in
2301 1803 2462 1856 rebus
2506 1801 2704 1856 divinis
2741 1802 2843 1855 l'uit
2879 1812 2993 1855 tam
3020 1801 3312 1872 perfectus,
3342 1802 3484 1858 sicut

227 1868 474 1960 πλήθους
526 1868 708 1962 δῆθεν⁷
745 1868 897 1962 ἠφίει
931 1868 1192 1944 πολλοῦ(
1219 1868 1508 1962 Μακάριος
1542 1887 1609 1956 εἴ,
1648 1893 1811 1959 γέρον

1918 1901 1991 1945 ιυ.
2030 1890 2124 1944 llle
2150 1901 2331 1945 autem
2365 1907 2485 1946 cum
2524 1909 2636 1946 rem
2665 1893 2888 1948 minime
2914 1894 3209 1962 ignoraret,
3235 1896 3328 1947 sed
3359 1908 3482 1946 eum

239 1985 528 2056 Ἀϐράμιε.
572 1984 860 2049 λέγουσαν,
895 1983 1066 2044 ὅντως
1101 1981 1375 2055 μακάριος
1411 1977 1481 2041 εἴ,
1517 1982 1609 2033 καὶ
1639 1981 1812 2042 οὐδεὶς

223 2076 372 2130 οὕτω
395 2076 464 2127 τὰ
487 2074 606 2128 θεῖα
646 2074 850 2137 τέλειος
882 2073 1100 2141 ἐγένετο
1123 2072 1267 2125 κατὰ
1289 2071 1369 2126 σε.
1411 2071 1469 2124 '0
1499 2071 1554 2124 δὲ
1579 2071 1638 2123 τὸ
1665 2071 1809 2139 πρᾶο

224 2188 343 2239 γμα
382 2169 454 2238 μὴ
514 2169 812 2236 ἀγνοήσας,
867 2165 1005 2219 ἀλλά
1044 2166 1236 2217 τοῦτον
1267 2167 1477 2217 ἐκεῖνον
1506 2159 1648 2216 εἶναι
1683 2164 1814 2215 ὑπο-

223 2259 451 2326 νοήσας,
476 2256 566 2308 τὸν
594 2258 686 2308 καὶ
717 2254 910 2325 πρώην
942 2255 1178 2317 ίσοοετας
1210 2255 1448 2324 ὑποϐολῇ
1475 2254 1566 2306 τὸν
1596 2254 1810 2324 ἂνθρω-

224 2365 332 2401 πον
367 2348 729 2416 ἀπατήσαντα
786 2349 881 2400 καὶ
913 2349 970 2398 τὸ
999 2347 1116 2412 φῶς
1146 2348 1306 2398 τοῦτο
1363 2346 1526 2398 πάλιν
1556 2347 1720 2396 οἱονεί
1758 2361 1810 2396 τι

221 2437 419 2508 δέλεαρ
449 2433 587 2490 εἶναι
623 2436 929 2501 κενοδοξίας
979 2435 1306 2488 ὑπολαϐών·
1346 2435 1664 2502 Πεφίμωσο,
1697 2434 1810 2484 ἐλε-

221 2547 323 2596 γεν
349 2547 362 2560 ο
399 2530 627 2597 ἐπιτιμᾷ
650 2545 732 2579 σοι
752 2527 990 2596 Χριστὸς
1020 2528 1046 2578 ὁ
1079 2527 1232 2590 Θεὸς,
1263 2527 1466 2595 πονηρέ
1491 2543 1503 2556 °
1541 2527 1811 2590 ἀφίστασο

223 2621 421 2673 θᾶττον
458 2621 549 2672 ἀπ’
583 2619 741 2686 ἐμοῦ,
780 2618 1059 2689 ὑποχώρει
1093 2636 1188 2689 μοι
1216 2621 1228 2672 ‘.
1271 2619 1424 2673 οὐδὲν
1455 2618 1565 2688 γάρ
1596 2616 1661 2670 ἂν
1693 2617 1816 2669 ita:

227 2731 322 2781 ρον
352 2713 587 2781 ἐμαυτὸν
610 2713 787 2780 ἔγωγε
819 2712 1085 2782 οἰηθείην.
1115 2713 1197 2764 ὅτι
1227 2711 1301 2781 μὴ
1328 2711 1433 2779 γῆν
1465 2712 1557 2762 καὶ
1592 2708 1812 2762 σποδόν.

224 2805 416 2857 Ταῦτα
470 2800 614 2867 εἷπε,
673 2805 768 2858 καὶ
799 2805 878 2866 είς
911 2804 1119 2856 καπνὸν
1152 2803 1311 2865 εὐθὺς
1338 2805 1371 2871 ἠ
1418 2799 1690 2868 φαντασία
1723 2799 1814 2851 τοῦ

224 2897 408 2964 φωτὸς
437 2897 680 2965 διελύθη,
733 2898 825 2948 καὶ
857 2897 918 2947 τδ
961 2896 1146 2962 δρᾶμα
1177 2892 1403 2962 ὴλέχθη,
1453 2894 1602 2962 καὶὴ
1643 2891 1814 2963 σκηνὴ

222 2989 286 3038 τὸ
316 2987 662 3055 προσωπεῖον
696 2983 1022 3055 ἁπέῤῥιςκεν.
1068 2982 1226 3035 Οὕτω
1264 2968 1560 3052 τοίγαροῦν
1588 2985 1815 3052 αίσχυν-

1908 1982 2059 2034 illum
2089 1996 2210 2035 esse
2235 1993 2609 2051 cognosceret,
2645 1986 2737 2052 qui
2788 1986 2999 2054 decepit
3035 1985 3267 2051 primum
3306 1984 3485 2038 homi-

1909 2082 2052 2129 nem,
2081 2068 2130 2120 ei
2157 2068 2513 2137 suggerendo.
2545 2072 2689 2139 quod
2719 2073 2930 2126 futurus
2949 2081 3092 2126 esset
3127 2074 3234 2125 Deo
3265 2072 3480 2134 similis,

1907 2167 1961 2212 et
1994 2159 2158 2213 sciret
2195 2159 2335 2214 hanc
2364 2159 2537 2215 lucem
2564 2177 2684 2217 esse
2736 2162 2897 2217 veluti
2951 2164 3241 2232 quamdam
3301 2177 3482 2218 escam

1907 2265 2063 2305 vanze
2137 2251 2320 2329 gloriae
2360 2269 2374 2306 :
2411 2252 2771 2323 Compescere
2800 2295 2816 2319 ,
2868 2256 3006 2309 dixit
3051 2271 3065 2308 :
3115 2263 3169 2310 te
3235 2256 3485 2322 increpat

1911 2343 2165 2398 Christus
2228 2345 2392 2409 Deus,
2425 2360 2458 2399 ο
2493 2347 2747 2416 maligne.
2777 2347 2822 2400 Δ
2863 2363 2947 2401 me
2979 2348 3087 2402 cito
3121 2346 3311 2400 recede
3345 2361 3361 2400 :
3394 2343 3489 2400 ab-

1915 2434 1982 2487 sit
2014 2435 2180 2498 enim,
2215 2441 2272 2487 ut
2308 2450 2395 2487 me
2428 2436 2634 2503 aliquid
2684 2439 2831 2501 aliud
2863 2453 2985 2494 esse
3034 2448 3211 2507 putem
3244 2438 3343 2495 nisi
3376 2441 3488 2491 ter-

1919 2539 2033 2576 ram
2063 2531 2118 2577 et
2145 2523 2404 2579 cinerem.
2442 2523 2566 2580 Haec
2594 2527 2747 2593 dixit,
2777 2537 2830 2583 et
2857 2530 2910 2581 in
2946 2531 3149 2580 fumum
3187 2530 3366 2582 statim
3388 2527 3492 2584 luit

1913 2614 2172 2670 dissoluta
2213 2615 2494 2685 phantasia
2521 2616 2761 2679 luminis,
2785 2625 2840 2670 et
2869 2616 3185 2671 manifestus
3210 2615 3308 2670 fuit
3331 2628 3488 2672 actus

1915 2709 2203 2764 simulatus
2262 2719 2317 2763 et
2344 2724 2504 2763 scena
2534 2708 2734 2778 abjecit
2769 2723 3080 2776 personam.
3115 2707 3208 2763 Sic
3237 2722 3367 2778 ergo
3391 2723 3490 2778 pu-

1913 2799 2045 2854 dore
2074 2800 2316 2864 aﬂ‘ectus,
2350 2817 2473 2853 eum
2524 2805 2795 2854 contraria
2852 2802 3065 2855 ratione
3124 2802 3484 2872 aggreditur:

1912 2890 2054 2945 sicut
2107 2891 2218 2944 illic
2265 2906 2359 2959 per
2415 2891 2802 2956 adulationem,
2851 2892 2924 2944 ita
2973 2893 3061 2946 hic
3112 2907 3207 2960 per
3231 2893 3480 2947 timorem

1917 2997 2040 3037 eum
2070 2997 2276 3038 conans
2306 2983 2676 3054 supplantare.

225 3078 364 3137 θεὶς,
400 3075 488 3127 διὰ
519 3075 627 3127 τῶν
659 3076 918 3128 ἐναντίων
959 3074 1316 3146 προσϐάλλει,
1382 3075 1572 3145 ὥσπερ
1607 3077 1724 3126 ἐκεῖ
1786 3074 1874 3127 διὰ
1914 3077 2229 3143 κολακείας,
2289 3076 2462 3141 οὕτως
2517 3076 2755 3132 ἐνταῦθα
2798 3079 2888 3133 διὰ
2925 3077 3080 3141 δέους
3135 3076 3491 3134 ύποσκελίσαι

225 3168 595 3237 πειρώμενος.

301 3257 402 3312 IE'.
437 3261 511 3312 Οὐ
545 3259 679 3312 πολὺ
703 3261 809 3330 γὰρ
861 3260 916 3312 τὸ
955 3262 1011 3313 ἐν
1054 3261 1205 3331 μέσῳ
1229 3263 1323 3316 καὶ
1364 3262 1559 3333 δρᾶται
1584 3259 1803 3330 νύκτωρ

1979 3255 2094 3312 XV.
2117 3253 2232 3310 Non
2253 3259 2477 3310 multum
2491 3257 2634 3311 enim
2659 3257 2964 3313 intercessit
2989 3258 3264 3328 temporis,
3295 3268 3348 3312 et
3368 3274 3491 3312 rur-

227 3352 382 3422 αύτῷ
415 3352 574 3404 πάλιν
603 3351 790 3419 ἀξίνην
818 3352 1070 3422 κατέχων
1100 3355 1166 3423 τῇ
1191 3353 1343 3423 δεξιᾷ
1376 3357 1472 3405 καὶ
1504 3354 1679 3423 μέσην
1714 3354 1813 3421 μὲν

227 3441 425 3501 ἐοικὼς
465 3440 562 3509 τὴν
603 3440 699 3510 τῆς
735 3440 935 3511 στέγης
969 3442 1127 3496 δοκὸν
1171 3444 1507 3514 διατέμνειν,
1543 3443 1812 3497 συσσείων

226 3532 286 3583 δὲ
317 3531 505 3594 δεινῶς
535 3532 628 3585 καὶ
674 3533 880 3584 κλονῶν
907 3533 999 3585 τὸν
1048 3533 1319 3599 οἰκίσκον,
1360 3534 1543 3606 πλήθη
1573 3552 1634 3588 τε
1669 3535 1812 3588 κατά

227 3624 329 3676 τοῦ
371 3625 672 3694 Ἀϐραμίου
723 3626 860 3694 μετά
912 3626 1154 3693 σπουδῆς
1201 3626 1366 3678 οἱονεὶ
1397 3626 1685 3692 συγκαλῶν
1719 3625 1811 3678 καὶ

231 3718 370 3780 ὅλως
425 3717 667 3786 θορυϐῶν
715 3717 805 3770 τον
867 3717 1036 3788 ἄνδρα
1093 3717 1185 3769 καὶ
1219 3719 1592 3786 ἐκταράττων.
1668 3717 1725 3770 Ὀ
1755 3718 1810 3771 δὲ

231 3808 524 3862 κάνταῦθα
576 3808 739 3862 πάλιν
770 3811 797 3861 ὁ
828 3809 986 3871 αὐτὸς
1019 3805 1109 3879 ἦν,
1142 3809 1242 3862 ούκ
1289 3810 1502 3877 ἀγνοῶν
1527 3810 1619 3862 τὸν
1653 3810 1812 3863 πολέ-

233 3917 360 3970 μιον
384 3914 395 3928 ⁸
431 3900 626 3967 ἀμέλει
664 3900 758 3950 καὶ
789 3900 922 3968 πρὸς
947 3900 1044 3967 τὴν
1076 3899 1198 3968 ὄψιν
1227 3900 1380 3952 οὐδὲν
1404 3899 1811 3970 διαταραχθείςο

239 4012 256 4044 ι
290 3992 474 4045 Πάντα
495 3990 562 4044 τὰ
589 3989 715 4059 ἔθνη
743 3987 1060 4042 ἐκύκλωσαν
1090 4007 1178 4059 με,
1212 4008 1229 4040 ι
1262 3991 1446 4059 ἡρέμα
1470 3990 1594 4044 καθ’
1625 3990 1815 4043 ἑαυτὸν

227 4083 535 4151 ὑπεφὼνει,
572 4100 589 4132 ι
627 4083 719 4133 καὶ
752 4079 829 4150 τῷ
850 4080 1080 4148 ὀνόματι
1136 4080 1346 4149 Κυρίου
1378 4080 1682 4148 ἠμυνάμην
1715 4079 1816 4131 αύ-

223 4176 380 4238 τούς.
411 4195 430 4227 ι
472 4173 765 4237 Τοιαύταις
787 4175 908 4225 κατ’
944 4171 1144 4243 ἐχθροῦ
1170 4173 1412 4240 ἐπῳδαῖς
1434 4173 1461 4225 ὀ
1490 4171 1812 4241 Ἀϐράμιος,

225 4267 496 4327 τοιούτοις
557 4267 743 4329 ὅπλοις
804 4267 1092 4335 ἐκέχρητο.
1139 4265 1205 4318 Τί
1238 4262 1331 4317 οὖν
1376 4264 1620 4329 ἐκεῖνος;
1661 4261 1815 4314 Ἑπι-

228 4358 521 4426 στρατεύει
550 4358 644 4409 καὶ
673 4355 829 4417 αὖθις
860 4356 1010 4424 αὺτῷ
1034 4357 1174 4423 μετά
1200 4356 1395 4422 ταῦτα,
1423 4355 1641 4425 σφοδρῷ
1674 4356 1815 4407 πάνυ

227 4451 371 4520 πυρὶ
403 4450 807 4518 καταπιμπρᾷν
853 4447 1028 4501 δοκῶν
1074 4447 1136 4500 τὸ
1167 4447 1387 4515 ψιάθιον
1409 4463 1421 4475 ·
1458 4447 1551 4499 καὶ
1578 4445 1636 4508 δς
1665 4444 1817 4497 οὐδὲν

1917 3367 2009 3404 sus
2056 3350 2122 3404 ab
2155 3365 2220 3404 eo
2256 3358 2414 3405 noctu
2452 3350 2697 3406 cernitur
2723 3367 2883 3406 manu
2920 3362 3106 3407 tenens
3125 3351 3360 3406 securim
3400 3357 3495 3407 :et

1918 3442 2204 3496 videbatur
2231 3443 2447 3511 quidem
2493 3441 2726 3498 mediam
2765 3444 2890 3499 tecti
2934 3445 3140 3499 trabem
3196 3444 3492 3509 dissecare,

1922 3535 2167 3605 graviter
2199 3542 2378 3586 autem
2410 3543 2704 3588 concutere
2729 3546 2787 3588 et
2820 3550 3036 3588 movere
3086 3535 3490 3601 domunculam,

1917 3638 1976 3680 et
1997 3627 2392 3680 multitudinem
2422 3626 2475 3680 in
2499 3626 2815 3681 Abramium
2839 3627 2994 3696 quasi
3037 3643 3233 3697 magno
3263 3630 3493 3696 quodam

1919 3720 2099 3777 studio
2135 3736 2464 3784 convocare,
2497 3731 2558 3775 et
2577 3724 2644 3776 ad
2676 3737 2938 3775 summam
2960 3736 3080 3775 eum
3101 3721 3334 3790 graviter
3364 3735 3492 3789 per-

1922 3813 2159 3869 turbare.
2195 3813 2287 3868 Ille
2318 3822 2495 3867 autem
2533 3813 2622 3866 hic
2655 3829 2870 3881 quoque
2909 3829 3098 3868 rursus
3167 3814 3306 3868 idem
3349 3822 3492 3876 erat,

1918 3904 2127 3958 hostem
2147 3905 2369 3959 minime
2384 3903 2883 3974 ignorans.Visione
2901 3905 3083 3973 itaque
3099 3904 3227 3957 nihil
3245 3905 3490 3958 territus:

1923 4014 1942 4048 ι
1972 3994 2176 4050 Omnes
2208 4007 2397 4068 gentes
2419 4013 2503 4052 me
2532 3997 3028 4060 circumdederunt,
3070 4016 3088 4050 ι
3125 3996 3324 4052 sensim
3349 3993 3493 4063 apud

1919 4103 1976 4141 se
1999 4089 2233 4154 dicebat,
2271 4109 2289 4142 ι
2327 4099 2380 4144 et
2402 4090 2452 4144 in
2476 4089 2694 4144 nomine
2721 4089 2926 4143 Domini
2955 4090 3096 4141 ultus
3116 4104 3233 4140 sum
3255 4104 3350 4143 eos
3374 4088 3438 4141 ".
3465 4105 3487 4141 ι

1918 4177 2143 4232 Talibus
2203 4179 2459 4232 adversus
2495 4180 2775 4232 inimicum
2816 4177 3150 4232 carminibus
3182 4176 3491 4244 Abramius,

1921 4269 2117 4323 talibus
2149 4267 2317 4324 armis
2345 4278 2427 4323 est
2463 4279 2611 4322 usus.
2646 4267 2784 4335 Quid
2821 4267 2910 4320 ille
2950 4282 3080 4337 ergo
3102 4267 3127 4321 τ
3152 4265 3207 4321 In
3235 4282 3356 4321 eum
3375 4282 3493 4321 rur-

1918 4377 2011 4416 sus
2060 4361 2257 4418 bellum
2307 4361 2449 4430 gerit
2483 4371 2692 4429 postea,
2727 4371 2788 4413 ut
2812 4361 2902 4429 qui
2928 4360 3232 4415 vehementi
3258 4362 3380 4430 igne
3409 4360 3492 4415 vi-

1922 4456 2141 4509 deretur
2170 4454 2489 4507 comburere
2504 4462 2760 4507 stoream.
2789 4452 2880 4506 Ille
2900 4463 3081 4504 autem
3107 4452 3238 4505 nihil
3270 4452 3494 4509 an‘ectus

227 4543 371 4610 πρὸς
405 4541 503 4610 τὴν
567 4541 741 4607 φλόγα
774 4538 964 4593 παθὼν
1018 4540 1260 4613 ἐκείνην,
1322 4540 1587 4608 ἀταράχῳ
1637 4537 1812 4607 ψυχῆς

1921 4561 1981 4598 ea
2041 4545 2266 4610 visione,
2321 4543 2573 4598 interrito
2631 4542 2780 4598 vultu
2844 4558 2967 4597 eum
3017 4541 3237 4606 invasit,
3264 4543 3490 4597 dicens:

226 4597 523 4688 ἐπέϐαινεν
559 4597 731 4698 αὑτης
779 4597 1208 4696 καταστήματιῖ
1320 4597 1450 4682 Ἐπί
1474 4597 1812 4693 ἀσπίδα,

1928 4636 2158 4705 «ευβοι-
2181 4597 2420 4702 aspidem
2461 4645 2516 4691 et
2552 4597 2844 4691 basilicum
2884 4597 3237 4706 ingredieris,
3274 4645 3332 4689 et
3364 4648 3494 4689 con-

227 4743 368 4796 γων,
424 4726 518 4778 καὶ
559 4723 872 4793 βασιλίσκον
934 4722 1176 4792 ἐπιϐήσῃ
1248 4722 1344 4774 καὶ
1400 4723 1812 4791 καταπατήσας

1917 4729 2157 4785 culcabis
2217 4728 2426 4783 leonem
2488 4739 2542 4782 et
2597 4729 2888 4783 draconem
2921 4727 2989 4780 ".
3032 4746 3051 4778 ι
3090 4726 3291 4779 Deinde
3349 4725 3493 4782 venit

227 4819 425 4872 λέοντα
453 4817 548 4868 καὶ
580 4816 871 4884 δράκοντα.
909 4833 926 4865 ι
963 4809 1098 4867 Εἶτα
1125 4811 1543 4881 καταλαμϐάνει
1570 4813 1757 4864 λοιπὸν
1784 4813 1812 4882 ή

1920 4832 2129 4889 tempus
2152 4818 2468 4875 comedendi
2498 4837 2512 4874 :
2536 4827 2587 4874 et
2619 4819 2710 4872 ille
2734 4820 2952 4887 quidem
2977 4817 3146 4872 solam
3167 4816 3267 4870 sibi
3297 4830 3494 4888 aquam

227 4911 332 4979 τῆς
370 4910 580 4978 τροφῆς
605 4906 919 4976 προθεσμία
941 4905 1037 4958 καὶ
1065 4908 1092 4959 ὁ
1124 4906 1223 4974 μὲν
1253 4905 1397 4976 ὕδωρ
1433 4903 1592 4976 μόνον
1639 4905 1812 4974 ἐαυτῷ

1920 4915 2142 4983 apponit
2173 4927 2189 4966 :
2215 4911 2480 4982 malignus
2513 4920 2692 4966 autem
2717 4922 2957 4965 mutatus
2983 4909 3037 4964 in
3067 4909 3492 4973 adolescentem.

227 5004 603 5074 παρατίθεται
628 5020 642 5034 ο
672 4999 993 5071 μεταϐαλὼν
1013 4999 1070 5052 δὲ
1091 5003 1169 5062 είς
1193 4999 1478 5051 νεανίσκον
1501 5000 1528 5052 ὁ
1562 4999 1816 5068 πονηρὶς.

227 5103 298 5170 τῇ
333 5098 479 5167 χειρὶ
502 5095 668 5160 ψαύει
691 5093 785 5146 τοῦ
822 5092 1112 5163 ποτηρίου,
1156 5091 1458 5162 ἀνατρέψαι
1509 5090 1668 5144 τοῦτο
1697 5107 1816 5143 πει-

234 5193 508 5263 ρώμενος.
558 5186 862 5256 Ἀϐράμιος
890 5185 947 5239 δὲ
987 5187 1015 5236 ὁ
1053 5185 1195 5248 θεῖος
1236 5184 1401 5255 μηδὲν
1434 5181 1816 5246 ὑποδειλιάσας

234 5284 380 5356 μετά
429 5280 818 5341 καταστάσεως
865 5279 1052 5346 ὑγιοῦς
1095 5278 1157 5330 τὸ
1201 5278 1344 5347 ὕδωρ
1389 5275 1679 5345 προσίετοο
1720 5275 1813 5328 καὶ

231 5380 335 5449 ὁρᾶ
364 5393 452 5444 μοι
472 5374 565 5427 τοῦ
601 5373 840 5442 πονηροῦ
871 5373 970 5441 τὴν
999 5371 1275 5425 ἀναίδειαν
1303 5374 1395 5424 καὶ
1437 5373 1585 5432 ὅπως
1613 5368 1814 5421 πολλά-

235 5490 322 5534 κις
349 5467 747 5536 ἀποκρουσθεὶς
781 5466 899 5518 οὐδὲ
929 5464 1102 5527 οὓτως
1131 5468 1427 5534 ἀφίστατο’
1464 5464 1579 5517 ἀλλ’
1610 5465 1690 5525 είς
1715 5464 1811 5516 ἕνα

230 5568 341 5620 τῶν
377 5564 837 5632 ὑπηρετουμένων
867 5560 944 5629 τῷ
975 5560 1114 5629 ἁγίῳ
1164 5560 1258 5613 κα)⁵
1294 5559 1454 5628 στολῇ
1483 5561 1576 5611 καὶ
1624 5560 1808 5627 μορφῇ

233 5658 430 5712 ἑαυτὸν
461 5655 771 5725 διαμείψας,
798 5651 1021 5724 λυχνίαν
1054 5671 1108 5705 τε
1135 5653 1419 5723 παρετίθει
1448 5673 1460 5686 ·
1497 5652 1686 5707 ἔπειτα
1717 5651 1810 5704 καὶ

315 5817 358 5850 ¹⁶
390 5815 532 5870 Psal.
573 5831 742 5882 cxvn,
779 5816 862 5870 10.
946 5817 986 5846 ¹¹
1011 5817 1156 5874 Psal.
1194 5830 1279 5878 xc,
1319 5814 1403 5867 l5.

1918 5019 2080 5059 manu
2133 5003 2301 5073 tangit
2346 5001 2619 5070 poculum,
2656 5002 2783 5054 illud
2847 5017 3053 5055 conans
3093 5012 3358 5056 evertere.
3397 4998 3494 5055 Di-

1915 5096 2074 5150 vinus
2104 5106 2285 5149 autem
2315 5094 2608 5147 Abramins
2665 5093 2798 5147 nihil
2851 5093 3195 5163 perterritus,
3222 5094 3493 5148 constanti

1914 5188 2070 5243 vultu
2097 5202 2292 5257 aquam
2326 5185 2557 5255 accepit.
2584 5183 2722 5238 Vide
2769 5195 2948 5239 autem
2981 5183 3111 5239 mihi
3146 5184 3364 5254 maligni
3391 5185 3494 5238 im-

1913 5280 2248 5350 pudentiam.
2269 5278 2427 5349 Saepe
2459 5277 2732 5348 repulsus,
2756 5291 2824 5331 ne
2847 5278 2928 5331 sic
2943 5275 3158 5344 quidem
3185 5274 3490 5338 recedebat,

1913 5373 2008 5428 sed
2042 5385 2228 5426 rursus
2253 5370 2305 5424 in
2334 5385 2500 5425 unum
2535 5385 2605 5424 ex
2635 5369 2723 5434 iis,
2755 5367 2845 5437 qui
2877 5378 3067 5423 sancto
3087 5367 3489 5433 ministrabant.

1920 5475 2067 5519 veste
2092 5473 2146 5517 et
2172 5462 2343 5518 forma
2386 5464 2622 5532 seipsum
2662 5473 2892 5524 mutans,
2949 5475 3069 5516 cum
3102 5469 3322 5515 sanctus
3368 5469 3494 5514 tunc

1919 5558 2249 5620 comederet,
2301 5557 2574 5612 lucernam
2607 5557 2655 5611 ei
2710 5555 3034 5623 apponebat.
3091 5553 3295 5608 Deinde
3329 5553 3490 5608 etiam

1923 5651 2205 5707 videbatur
2243 5649 2368 5705 talia
2404 5662 2602 5705 canere
2636 5665 2648 5702 :
2690 5665 2707 5699 ι
2754 5645 2901 5704 Beati
2932 5646 3261 5703 immaculati
3299 5647 3351 5700 in
3377 5644 3486 5710 via,
