4212 6440
733 401 800 458 63
2036 390 2312 451 ΜΕΝΞΙΞ
2352 389 2396 444 .\l

2352 389 2696 452 MARTIUS
3916 386 3977 446 54

736 516 828 583 qui
886 511 1162 564 ambulant
1201 525 1252 561 in
1286 509 1400 575 lege
1429 506 1630 559 domini
1669 507 1734 561 ".
1777 525 1792 557 ι
1829 503 1925 559 Hic
1951 514 2154 564 autem,
2184 514 2308 554 vere
2334 497 2386 556 Δ

2334 497 2386 556 Α
2412 499 2556 552 ἄδειν
2589 518 2654 552 τα
2684 499 2909 552 τοιαῦτα
2955 498 3157 550 ἐδόκει·
3207 522 3227 553 ι
3261 498 3538 564 Μακάριοι
3571 498 3617 549 οἱ
3673 498 3895 566 ἄμωμοι
3927 501 3982 548 ὲν

739 603 947 663 beatus,
978 607 1096 654 erat
1120 599 1279 667 plane
1324 598 1546 654 surdus,
1590 606 1646 649 ut
1681 595 1770 664 qui
1803 609 1960 649 aures
1984 595 2048 648 ad
2076 594 2187 646 brec
2207 591 2304 646 ub—

739 699 992 754 strueret,
1051 691 1224 744 donec
1276 690 1504 756 sumpsit
1555 688 1681 741 illud
1726 687 1992 740 modicum
2023 684 2149 738 cibi.
2183 683 2308 736 Post

741 786 880 840 hanc
908 793 1087 836 autem
1119 797 1341 851 parvam
1377 781 1619 852 corporis
1642 780 2001 842 curationem,
2026 777 2204 830 crucis
2236 776 2308 830 si-

738 894 843 946 gno
870 879 1145 930 munitus:
1174 875 1228 930 Si
1263 877 1470 939 beatos,
1509 874 1701 943 inquit,
1742 871 1884 926 ηοειί
1937 885 2051 933 eos,
2087 869 2175 937 qui
2223 871 2304 922 dio

740 970 912 1036 Iigunt
950 970 1253 1030 Dominum,
1307 983 1404 1020 cur
1432 983 1539 1020 non
1598 980 1780 1020 cessas
1809 964 2023 1017 assidue
2048 962 2127 1016 eis
2158 960 2312 1014 exhi-

742 1061 872 1115 bere
903 1060 1238 1114 molestiam?
1266 1061 1358 1114 IIIe
1395 1071 1575 1113 autem
1610 1059 1961 1126 respondens,
1997 1055 2079 1110 vel
2113 1055 2312 1107 invitus

745 1167 896 1208 suam
953 1151 1242 1206 conﬁtetur
1273 1150 1557 1214 malitiam,
1589 1159 1642 1204 et
1694 1149 1822 1202 dicit
1854 1166 1867 1200 :
1903 1147 2170 1213 Quoniam
2217 1159 2310 1199 eos

743 1245 939 1298 bonum
974 1259 1232 1298 exercere
1267 1243 1442 1304 video,
1478 1254 1574 1296 nec
1603 1257 1816 1310 possum
1849 1240 1958 1311 pati
2007 1240 2059 1294 id
2105 1238 2307 1293 videre.

741 1334 867 1391 Hec
895 1352 1018 1393 cum
1048 1336 1295 1400 dixisset,
1330 1337 1512 1389 statim
1537 1332 1693 1388 abiit.

813 1595 950 1649 XVI.
980 1593 1228 1649 Nondum
1257 1605 1435 1649 autem
1460 1595 1700 1663 quinque
1730 1594 1842 1647 dies
1867 1594 2307 1656 intercesserant,

742 1701 861 1740 cum
895 1687 1073 1739 denuo
1097 1701 1216 1739 eum
1251 1685 1562 1754 aggreditur
1611 1684 1694 1735 hic
1726 1697 1898 1738 saevus
1966 1684 2134 1737 hostis
2186 1698 2307 1738 cum

743 1778 998 1848 maligna,
1029 1792 1147 1844 qua
1169 1786 1288 1830 erat
1322 1776 1466 1828 circa
1496 1775 1692 1840 ipsum,
1726 1786 1964 1838 caterva,
1989 1783 2042 1827 et
2086 1789 2310 1828 consue-

743 1870 811 1922 tis
839 1870 951 1924 suis
974 1868 1242 1921 machinis
1276 1878 1330 1921 et
1368 1866 1798 1934 importunitate.
1839 1864 2172 1919 Videbantur
2211 1880 2309 1919 au-

743 1972 850 2014 tem
905 1961 1124 2014 funibus
1171 1959 1550 2014 domunculam
1606 1961 1751 2013 omni
1783 1975 1847 2014 ex
1885 1971 2038 2028 parte
2067 1975 2306 2028 compre-

743 2053 1020 2115 hendisse,
1048 2062 1100 2105 et
1123 2053 1248 2106 totis
1280 2052 1528 2108 manibus
1567 2066 1691 2105 eam
1734 2054 1972 2116 trahere,
2004 2063 2057 2104 et
2090 2068 2147 2105 se
2179 2054 2312 2105 invi-

740 2160 859 2199 cem
891 2145 1188 2209 adhortari,
1232 2155 1289 2198 ut
1313 2144 1428 2197 ﬁeri
1451 2147 1584 2198 solet
1611 2145 1662 2196 in
1687 2143 2030 2195 multitudine
2058 2160 2072 2195 :
2102 2142 2312 2206 Videte,

741 2238 1010 2297 dicentes.
1042 2250 1096 2289 ut
1121 2252 1242 2291 eum
1280 2238 1345 2289 de
1397 2236 1698 2302 propinquo
1736 2235 2088 2303 projiciamus
2117 2237 2314 2303 pra‘ci-

741 2331 893 2396 pilio.
937 2329 1027 2381 Ille
1062 2339 1242 2381 autem
1278 2327 1344 2392 (Ο
1374 2328 1680 2380 interritum
1709 2329 1968 2386 animum.
2008 2327 2051 2382 Ο
2083 2343 2314 2396 genero-

741 2434 861 2473 sum
893 2419 1166 2486 spiritum)
1202 2434 1269 2471 ne
1306 2421 1384 2475 sic
1413 2419 1626 2486 quidem
1655 2417 2311 2486 pertimuitimportunum

742 2513 1019 2564 inventum
1052 2529 1067 2564 :
1100 2512 1194 2565 sed
1232 2512 1448 2565 dicebat
1479 2527 1490 2564 :
1522 2529 1540 2562 ι
1575 2511 2064 2565 Circumdederunt
2104 2525 2210 2572 me,
2243 2512 2316 2564 si-

741 2613 830 2661 cut
858 2621 984 2673 apes
1005 2604 1185 2658 favum
1216 2625 1228 2659 :
1258 2615 1312 2659 et
1334 2616 1660 2660 exarserunt
1684 2605 1822 2657 sicut
1852 2605 1992 2672 ignis
2016 2603 2068 2656 in
2093 2603 2262 2672 spinis
2299 2620 2312 2656 ι

739 2707 794 2751 et
830 2698 879 2750 in
946 2697 1161 2750 nomine
1193 2697 1403 2749 Domini
1440 2698 1585 2750 ultus
1618 2713 1733 2749 sum
1777 2713 1872 2750 eos
1912 2699 1976 2749 ".
2017 2714 2035 2746 ›
2075 2694 2197 2748 Haec
2229 2695 2314 2748 ille

740 2788 956 2864 quidem
991 2787 1128 2853 apud
1163 2801 1220 2837 se
1254 2786 1490 2838 dicebat.
1525 2785 1604 2836 Illi
1651 2795 1827 2837 autem
1856 2799 1976 2835 cum
2009 2797 2204 2850 magno
2238 2782 2317 2833 luo

744 2881 852 2947 gati
880 2888 1004 2931 sunt
1037 2880 1250 2938 timore,
1288 2887 1542 2945 tanquam
1571 2877 1774 2951 egregii
1821 2876 2051 2942 alicujus
2080 2877 2316 2944 impera-

745 2972 898 3029 toris,
936 2988 1000 3024 ne
1031 2971 1202 3024 minas
1232 2971 1446 3037 quidem
1477 2970 1619 3022 solas
1657 2971 2007 3023 sustinentes.
2032 2969 2204 3034 Atque
2237 2967 2315 3020 sic

745 3063 962 3129 quidem
1012 3070 1393 3116 sacrosanctus
1446 3060 1758 3123 Abramius,
1799 3060 1888 3125 qui
1935 3061 2000 3110 ad
2057 3058 2316 3124 spiritalis

745 3153 1102 3221 pliil050phiaa
1126 3162 1331 3205 tantam
1368 3155 1686 3205 ascenderat
1721 3152 2079 3204 altitudinem.

813 3328 978 3384 XVII.
1006 3327 1176 3382 Porro
1208 3337 1386 3382 autem
1440 3329 1490 3381 in
1523 3328 1605 3390 iis,
1642 3344 1760 3396 qua:
1790 3331 1852 3383 de
1887 3329 1975 3382 illo
2005 3337 2310 3391 narrantur,

745 3421 858 3474 haec
889 3434 1105 3489 quoque
1140 3422 1338 3472 addere
1368 3428 1606 3488 oportet,
1675 3436 1812 3486 qure,
1855 3420 1994 3486 quod
2027 3421 2215 3472 attinet
2251 3421 2313 3472 ad

743 3515 1180 3572 admirationem,
1217 3512 1346 3563 nulli
1387 3513 1584 3563 cedunt
1609 3527 1670 3564 ex
1709 3512 2002 3579 prioribus,
2039 3514 2176 3578 quod
2211 3513 2317 3566 sci-

745 3605 870 3658 licet
896 3620 1001 3656 non
1029 3605 1202 3656 solum
1239 3603 1416 3655 betum
1443 3605 1650 3662 radium
1686 3619 1899 3668 semper
1925 3619 1953 3655 e
1978 3603 2122 3656 vultu
2157 3604 2315 3656 emit-

746 3704 902 3756 teret,
939 3695 1042 3748 etsi
1079 3711 1185 3747 non
1211 3707 1359 3749 esset
1383 3694 1607 3746 robusto
1643 3709 1888 3761 corpore,
1921 3696 2026 3748 imo
2060 3713 2087 3746 a
2125 3709 2311 3763 magna

745 3786 1076 3839 abstinentia
1138 3787 1413 3836 videretur
1442 3796 1819 3850 consumptus,
1853 3796 1903 3836 et
1942 3785 2263 3851 liquefactus
2298 3802 2310 3836 :

746 3879 838 3932 sed
863 3877 1050 3940 etiam,
1081 3877 1222 3943 quod
1253 3885 1494 3948 tempore
1537 3876 1738 3929 ultimae
1771 3876 2105 3944 migrationis
2140 3887 2194 3931 et
2227 3892 2314 3930 re-

745 3968 1034 4020 solutionis
1056 3969 1103 4019 is
1137 3967 1320 4030 rubor,
1345 3983 1506 4034 quem
1541 3967 1730 4018 habuit
1761 3967 1812 4017 in
1836 3967 2138 4032 juventute,
2163 3982 2314 4022 suam

746 4076 856 4114 non
884 4061 1158 4126 ignoraret
1216 4067 1488 4122 naturam,
1529 4073 1650 4110 cum
1683 4059 1858 4111 adhuc
1891 4059 2113 4124 vigeret,
2143 4072 2196 4113 et
2220 4061 2317 4114 Ilo-

746 4153 898 4207 ridus
923 4154 972 4205 in
998 4155 1151 4221 genis
1185 4153 1445 4206 insideret
1478 4161 1574 4205 :et
1603 4150 1744 4220 quod
1772 4161 1853 4204 est
1879 4152 1960 4205 his
1995 4151 2152 4222 longe
2201 4151 2318 4222 pul-

746 4244 953 4305 chrius,
1011 4242 1195 4311 panni,
1246 4243 1444 4310 quibus
1473 4254 1592 4298 erat
1641 4244 1880 4308 indutus,
1913 4255 2024 4298 toto
2055 4245 2145 4298 illo
2180 4254 2317 4297 tem-

746 4351 897 4404 pore,
931 4351 1036 4403 quo
1063 4351 1118 4387 se
1143 4336 1386 4390 exercuit
1422 4337 1497 4403 (in
1527 4337 1912 4388 exercitatione
1964 4345 2143 4389 autem
2186 4337 2321 4389 vixit

745 4429 1039 4482 Abramius
1071 4429 1458 4496 quinquaginta
1493 4431 1686 4497 annos)
1724 4443 1827 4481 non
1875 4439 2154 4484 cesserunt
2196 4445 2316 4496 pro-

747 4519 941 4570 Iixirati
970 4519 1249 4582 temporis,
1283 4534 1380 4571 nec
1423 4517 1775 4581 emuxerunt,
1807 4520 1900 4573 sed
1935 4532 2190 4587 perpetuo
2216 4520 2315 4574 llo-

750 4610 851 4662 ridi
885 4623 950 4662 ac
997 4619 1242 4660 recentes
1276 4610 1526 4675 tegebant
1570 4611 1742 4661 sancti
1794 4624 2014 4678 corpus.
2051 4611 2199 4664 Nunc
2228 4630 2314 4663 au-

751 4706 858 4752 tem
894 4707 1106 4765 tempus
1149 4707 1233 4749 est
1293 4699 1604 4752 transeundi
1642 4699 1708 4753 ad
1744 4699 2115 4756 admirabilem
2173 4703 2316 4756 illam

751 4789 1147 4853 narrationem,
1174 4804 1292 4856 qua:
1321 4790 1438 4856 ejus
1472 4806 1540 4845 ex
1595 4792 1702 4846 Deo
1754 4793 1875 4855 zeli,
1909 4804 1962 4846 et
1997 4795 2320 4859 apostolico-

749 4894 870 4932 rum
897 4880 1186 4942 viscerum,
1209 4889 1262 4931 et
1289 4878 1441 4932 bona:
1471 4880 1770 4936 aﬂ‘eCtionis
1812 4894 1894 4937 est
1924 4885 2156 4938 maxime
2190 4887 2320 4941 insi-

750 4984 877 5039 gne.
909 4969 963 5023 Id
992 4979 1169 5024 autem
1214 4971 1485 5040 principio
1530 4974 1745 5042 quidem
1777 4978 1992 5032 tristitia
2037 4989 2092 5032 et
2137 4981 2321 5035 dolore

753 5061 951 5117 aﬂlciet
982 5063 1294 5118 auditores:
1327 5075 1599 5132 postremo
1631 5078 1808 5124 autem
1836 5071 2002 5124 multa
2027 5072 2320 5143 voluptate,

754 5169 808 5211 et
828 5161 993 5214 animi
1019 5163 1412 5231 tranquillitate
1436 5164 1649 5219 animas
1679 5164 1924 5236 implebit
1959 5187 1972 5222 :
2002 5179 2056 5222 et
2090 5186 2318 5239 persua-

756 5250 905 5305 debit
954 5268 1020 5306 ne
1055 5253 1348 5320 desperent
1393 5257 1657 5318 homines,
1699 5262 1906 5316 etiamsi
1939 5264 2004 5315 ad
2059 5280 2322 5320 summam

757 5342 976 5398 deducti
1010 5341 1212 5398 fuerint
1242 5345 1662 5413 improbitatem.
1693 5349 1763 5403 Ita
1797 5365 1972 5405 autem
2008 5355 2165 5410 habet
2203 5377 2212 5409 :

830 5515 1018 5571 XVIII.
1051 5516 1294 5572 Mortuus
1338 5531 1420 5577 est
1455 5523 1693 5578 Abramii
1757 5528 2053 5579 secundum
2103 5543 2319 5584 carnem

757 5607 964 5664 frater:
1000 5621 1246 5666 mortuus
1291 5625 1373 5668 est
1424 5617 1624 5677 autem,
1660 5618 1818 5672 unica
1879 5620 2060 5674 relicta
2089 5623 2214 5677 ﬁlia.
2251 5624 2323 5676 Ea

832 5770 873 5798 “
917 5769 1056 5822 Psal.
1084 5786 1273 5835 cxvm,
1313 5772 1360 5824 I.
1445 5774 1485 5803 "
1517 5771 1654 5826 Psal.
1684 5788 1889 5841 cum,
1931 5775 2012 5827 I‘Z.

2409 596 2529 665 ὀδῷ,
2569 598 2619 648 o!
2647 595 3003 665 πορευόμενοι
3040 597 3093 646 έν
3117 595 3514 663 νόμῳΚυρίου.
3554 612 3571 644 ι
3609 596 3715 645 Καὶ
3743 596 3770 643 ὁ
3803 595 3984 662 μακά-

2411 705 2525 757 ριος
2557 689 2723 750 ὅντως
2758 690 2966 750 ἐκεῖνος
3029 687 3208 754 κωφὸς
3255 682 3322 755 ἦν
3353 687 3488 755 πρὸς
3526 684 3697 738 ταῦτα
3735 685 3877 754 βύων
3916 686 3984 739 τὰ

2410 773 2547 840 ὦτα,
2597 781 2700 842 ἕως
2731 783 2831 850 τῆς
2861 779 3120 848 βραχείας
3170 777 3386 845 ἐκείνης
3434 777 3726 846 μετείληφε
3751 778 3981 848 τροφῆς.

2411 873 2562 923 Μετὰ
2589 871 2644 923 δὲ
2676 871 2772 942 τὴν
2801 871 2999 938 μικρὰν
3033 871 3237 938 ταύτην
3267 870 3361 920 τοῦ
3394 871 3651 937 σώματος
3686 870 3983 937 θεραπείαν

2413 963 2489 1032 τῷ
2519 964 2609 1016 τοῦ
2642 963 2876 1032 σταυροῦ
2913 962 3124 1030 σημείῳ
3153 961 3531 1030 φραξάμενος·
3569 960 3629 1012 Et
3678 961 3984 1030 μακαρίους

2412 1049 2580 1116 οἶδας,
2610 1055 2764 1124 φησι,
2795 1053 2921 1114 τοὺς
2949 1054 3282 1118 ἀγαπῶντας
3324 1053 3418 1104 τὸν
3450 1052 3675 1119 Κύριον,
3707 1053 3758 1105 τί
3781 1053 3983 1120 δήποτε

2415 1146 2671 1214 παρέχων
2699 1146 2756 1196 οὑ
2783 1144 2930 1213 παύῃ
2968 1144 3178 1203 τούτοις
3205 1143 3452 1212 ὀχλήσεις
3476 1143 3560 1194 ἀεὶ
3604 1145 3697 1196 καὶ
3725 1147 3986 1210 πράγμα-

2412 1252 2511 1298 τα;
2546 1236 2809 1294 Κάκεῖνος
2833 1233 3119 1286 ὑπολαϐὼν
3151 1234 3246 1299 τὴν
3266 1230 3460 1283 ἑαυτοῦ
3491 1231 3692 1283 κακίαν
3719 1234 3811 1283 καὶ
3837 1233 3986 1284 ἄκων

2413 1325 2664 1392 ὁμολογεῖ
2696 1325 2788 1375 καί
2817 1341 2981 1393 φησιν
3007 1343 3018 1355 ο
3053 1326 3284 1390 ’Ὁτιπερ
3317 1324 3513 1384 αὐτοὺς
3547 1324 3659 1391 6ρῶ
3691 1325 3748 1375 τὺ
3780 1325 3987 1389 ἀγαθὸν

2417 1417 2722 1484 μετιόντας,
2774 1419 2870 1468 καὶ¹
2931 1415 3072 1486 δρῶν
3108 1416 3206 1466 οὑκ
3253 1414 3538 1482 ἀνέχομαι.
3575 1416 3760 1467 Ταῦτα
3792 1416 3984 1477 εἰπὼν,

2413 1510 2573 1568 εὐθὺς
2605 1507 2796 1579 ᾤχετο.

2484 1599 2600 1667 ΚΓ.
2636 1601 2793 1656 Οὕτω
2823 1601 2880 1653 δὲ
2917 1601 3144 1669 πέμπτη
3178 1601 3381 1670 μεταξὺ
3413 1601 3626 1669 διῆλθεν
3677 1600 3856 1668 ἡμέρα
3897 1601 3990 1650 καὶ

2415 1692 2742 1762 προσϐάλλει
2774 1694 2933 1744 πάλιν
2964 1695 2990 1743 ὁ
3023 1695 3256 1762 χαλεπὸς
3283 1688 3437 1754 οὗτος
3465 1694 3536 1763 τῷ
3563 1694 3702 1758 ἁγίῳ
3730 1691 3991 1758 πολέμιος

2420 1786 2556 1852 μετᾶ
2584 1787 2677 1836 τοῦ
2713 1786 2948 1854 πονηροῦ
2981 1787 3108 1846 περὶ
3141 1786 3304 1838 αὑτὸν
3350 1786 3574 1853 στίφους
3611 1784 3828 1850 καὶτῆς
3860 1800 3990 1833 συν-

2418 1877 2580 1943 ήθους
2609 1877 2822 1944 ἐκείνης
2858 1877 3105 1945 μηχανῆς
3144 1877 3241 1928 καὶ
3275 1877 3628 1943 σκαιότητος·
3677 1873 3897 1925 ἐδόκουν
3931 1873 3987 1925 δὲ

2417 1968 2669 2034 σχοινίοις
2699 1965 2962 2017 πάντοθεν
2993 1966 3084 2016 τὸν
3125 1965 3368 2017 οίκίσκον
3399 1964 3769 2026 διαλαϐόντες,
3807 1963 3992 2016 ἕλκειν

2413 2074 2472 2108 τε
2517 2058 2678 2112 αὑτὸν
2729 2058 2878 2119 ὅλαις
2933 2059 3088 2127 χερσὶ
3132 2059 3225 2108 καὶ
3257 2057 3507 2125 ἀλλήλοις
3551 2055 3990 2120 ἐπικελεύεσθαι,

2416 2148 2668 2216 καθάπερ
2705 2149 2763 2200 ὲν
2795 2148 2987 2216 πλήθει
3026 2147 3170 2215 φιλεῖ
3221 2147 3509 2213 γίνεσθαι·
3554 2147 3772 2214 Ὁρᾶτε,
3807 2148 3995 2212 λέγον-

2415 2256 2527 2302 τες,
2563 2241 2704 2290 κατὰ
2752 2239 2842 2291 τοῦ
2894 2240 3308 2307 παρακειμένου
3341 2237 3592 2307 κρημνοῦ
3622 2238 3868 2306 ῥίψωμεν
3900 2238 3994 2288 τὸν

2429 2328 2746 2398 Ἀϐράμιον.
2794 2329 2850 2382 Ὀ
2882 2329 2937 2380 δὲ
2976 2328 3056 2398 (ὢ
3100 2329 3276 2396 ψυχῆς
3307 2329 3613 2396 ἁπτοήτουι
3663 2327 3706 2379 ὦ
3738 2328 3992 2394 γενναίου

2417 2422 2760 2488 φρονήματος
2787 2421 2797 2470 !
2877 2421 2996 2472 οὐδὲ
3030 2418 3164 2487 πρὸς
3208 2417 3349 2470 οὕτω
3385 2420 3714 2486 σκαιοτάτην
3749 2420 3998 2470 ἐπίνοιαν

2417 2510 2602 2561 ἐδεδίει
2637 2512 2728 2561 καὶ
2763 2511 3214 2579 καταπέπληκτο,
3244 2511 3360 2563 ἀλλ’
3383 2526 3396 2540 ·
3455 2532 3469 2558 ιι
3557 2509 3892 2563 Εκύκλωσάν
3925 2527 3991 2578 με

2415 2601 2545 2653 ὡσεὶ
2595 2602 2844 2669 μέλισσαι
2914 2604 3128 2670 κηρίον,
3185 2625 3200 2652 ι
3270 2605 3453 2672 ἡρέμα
3497 2603 3793 2670 ὑπέψαλλε,
3852 2622 3870 2654 ς
3905 2604 3996 2655 καὶ

2417 2696 2788 2763 ἐξεκαύθησαν
2850 2695 2923 2754 ὼς
2955 2694 3064 2762 πῦρ
3098 2697 3152 2746 ἐν
3186 2695 3471 2758 ἀκάνθαις,
3524 2696 3618 2747 καὶ
3651 2695 3725 2762 τῷ
3764 2695 3999 2761 ὀνόματι

2420 2789 2624 2856 Κυρίου
2652 2787 2946 2856 ἠμυνάμην
2983 2787 3200 2846 αὑτούς.
3246 2807 3262 2836 ν
3303 2788 3485 2838 Ταῦτα
3524 2789 3550 2838 ὀ
3585 2787 3682 2854 μὲν
3706 2788 3828 2839 καθ’
3861 2789 3998 2838 ἑαυ-

2419 2882 2509 2933 τὶν
2547 2881 2854 2947 ὑπεφώνειο
2904 2880 2952 2932 οἱ
2984 2879 3038 2931 δὲ
3075 2878 3212 2946 μετὰ
3267 2878 3464 2930 πολλοῦ
3502 2878 3595 2930 τοῦ
3635 2879 3785 2940 δέους
3823 2879 3999 2947 ἠλαύ-

2419 2988 2595 3034 νοντο,
2654 2972 2904 3038 καθάπερ
2963 2971 3106 3031 τινὸς
3160 2971 3469 3040 στρατηγοῦ
3521 2970 3793 3038 γενναίου,
3857 2971 3996 3035 μηδὲ

2420 3063 2580 3131 ψιλὴν
2609 3063 2833 3133 ἀπειλὴν
2865 3065 3279 3131 ὑπομείναντες.
3331 3063 3513 3123 Οὕτως
3547 3065 3643 3128 μὲν
3671 3063 3761 3114 οὑν
3785 3065 3810 3113 ὁ
3851 3063 3996 3131 ἱερὸς

2343 3155 2387 3214 C
2421 3151 2574 3218 οὗτος
2614 3156 2909 3225 Ἀδραμιος
2940 3157 3033 3207 καὶ
3069 3155 3203 3222 πρὸς
3243 3155 3494 3204 τοσοῦτον
3534 3153 3664 3219 ὕψος
3694 3155 3784 3221 τῆς
3825 3171 3994 3206 πνευ-

2420 3249 2654 3317 ματικῆς
2693 3249 2898 3313 ἀνέπτη
2939 3245 3286 3312 φιλοσοφίας.

2491 3336 2584 3388 ΙΖ’.
2616 3337 2854 3387 Κάκείνα
2886 3335 2937 3386 δὲ
2969 3351 3073 3404 χρη
3123 3335 3232 3393 τοῖς
3269 3331 3395 3400 περὶ
3450 3330 3614 3381 αὑτοῦ
3652 3331 3835 3382 λοιπὸν
3871 3333 3996 3385 ἐπι-

2420 3427 2764 3497 σημήνασθαι
2795 3425 3148 3494 διηγήμασιν,
3180 3421 3392 3483 οὑδενὺς
3428 3424 3504 3481 είς
3534 3420 3808 3487 θαύματος
3834 3421 3997 3481 λόγον

2421 3521 2532 3573 τῶν
2587 3519 2970 3588 προλαϐόντων
3006 3517 3325 3582 λειπόμενα,
3373 3513 3446 3574 ὡς
3482 3513 3542 3562 οὐ
3585 3513 3742 3579 μόνον
3797 3514 3999 3563 ἀκτῖνα

2418 3613 2626 3678 πέμποι
2674 3611 2759 3662 ἀεὶ
2808 3609 3040 3676 φαιδρὰν
3079 3607 3186 3660 ἀπὸ
3233 3606 3328 3658 τοῦ
3351 3604 3670 3674 προσώπου,
3703 3603 3882 3654 καίτοι
3916 3605 3995 3670 μὴ

2417 3702 2746 3773 ἐρρωμένως
2781 3700 2918 3770 ἔχων
2951 3699 3044 3752 τοῦ
3081 3699 3353 3768 σώματος,
3398 3697 3514 3749 ἀλλ’
3575 3696 3679 3749 ὑπὸ
3726 3697 3819 3765 τῆς
3854 3696 4001 3762 ἄγαν

2419 3794 2745 3861 ἐγκρατείας
2783 3793 3032 3859 τακερῶς
3097 3809 3154 3842 τε
3210 3795 3301 3842 καὶ
3357 3789 3744 3856 ταλαιπώρως,
3775 3789 4000 3842 ἀλλ’ὅτι

2419 3885 2520 3938 κάν
2547 3884 2623 3951 τῷ
2653 3883 2827 3950 καιρῷ
2865 3885 2962 3950 τῆς
2988 3881 3220 3951 ἐσχάτης
3247 3881 3518 3950 ἐκδημίας
3553 3884 3646 3933 καὶ
3680 3881 4004 3945 ἀναλύσεως

2419 3976 2477 4028 τὸ
2503 3975 2745 4028 τοιοῦτον
2770 3974 3022 4045 ἐρύθημα
3053 3975 3151 4044 τὴν
3183 3975 3392 4027 οἰκείαν
3419 3975 3521 4025 οὑκ
3546 3975 3779 4042 ἠγνόησε
3811 3974 4003 4042 φύσιν,

2417 4069 2533 4124 ἀλλ’
2562 4072 2796 4139 ἀκμαῖον
2821 4069 2899 4121 ἔτι
2935 4071 3026 4121 καὶ
3060 4068 3295 4139 ἀνθηρὸν
3325 4069 3446 4130 ταῖς
3484 4071 3742 4137 παρειαῖς
3792 4067 4002 4118 ἐπεκὰ-

2420 4159 2551 4230 οητο
2569 4178 2583 4192 ·
2610 4165 2704 4213 κα)⁵
2733 4162 2794 4212 τὸ
2821 4161 2884 4229 δὴ
2907 4160 3112 4212 τούτων
3143 4159 3322 4228 πολλῷ
3348 4159 3724 4228 χαριέστερον,
3745 4159 3823 4209 ὅτι
3844 4157 3939 4209 καὶ
3966 4157 4004 4211 ἃ.

2419 4252 2780 4324 περιϐέϐλητο
2841 4255 2982 4322 ῥάκη
3040 4254 3164 4320 παρ’
3205 4252 3324 4302 ὅλον
3366 4250 3516 4316 αὑτῷ
3555 4251 3647 4300 τὸν
3699 4249 4004 4318 ἀσκητικὸν

2418 4344 2625 4395 ἐκεῖνον
2661 4344 3081 4412 ὑπηρετήσαντα
3137 4342 3254 4413 βίον
3287 4343 3442 4411 (ἔτος
3490 4343 3546 4396 δὲ
3580 4343 3946 4410 πεντηκοστὸν
3975 4346 4002 4393 ὁ

2434 4435 2732 4505 Ἀὗράμιος
2759 4437 3008 4506 ἤσκητο)
3065 4438 3164 4489 οὑκ
3197 4434 3307 4500 εἶξε
3344 4436 3420 4505 τῷ
3460 4436 3554 4488 τοῦ
3589 4437 3782 4505 χρόνου
3829 4438 4001 4505 μήκει

2423 4528 2513 4578 και
2541 4527 2786 4597 διερρύη,
2807 4528 2920 4579 ἀλλ’
2943 4529 2998 4579 ὲν
3027 4529 3114 4596 ιση
3145 4528 3231 4578 διὰ
3255 4527 3453 4586 παντὸς
3484 4510 3556 4595 ἦ-ἲ
3576 4529 3725 4594 ἀκμῇ
3759 4529 3854 4578 και
3879 4527 4002 4577 νεό-

2415 4637 2559 4688 τητι,
2592 4622 2654 4672 τὸ
2687 4621 2845 4688 σῶμα
2882 4620 2959 4685 τῷ
2993 4619 3130 4687 ἁγίῳ
3164 4617 3664 4687 περικαλύπτοντα.
3710 4617 3914 4686 Καιρδς
3944 4617 4004 4668 δὲ

2417 4711 2605 4764 λοιπὸν
2643 4712 2734 4763 ἐπὶ
2762 4711 2822 4762 τὸ
2858 4710 2997 4779 μέγα
3029 4711 3120 4762 καὶ
3146 4709 3461 4778 θαυμαστὸν
3486 4712 3662 4762 ὲκεῖνο
3695 4709 4004 4778 μεταϐῆναι

2416 4801 2681 4874 διήγημα,
2739 4801 2830 4854 καὶ
2874 4802 2901 4852 ὃ
2925 4800 3018 4853 τοῦ
3052 4800 3194 4852 κατὰ
3225 4800 3358 4851 Θεὸν
3384 4800 3570 4868 ζήλου,
3611 4802 3706 4852 καὶ
3737 4801 3844 4852 τῶν
3868 4802 4005 4853 ἀπο·

2419 4896 2682 4946 στολικῶν
2745 4891 2911 4944 αὑτοῦ
2949 4892 3297 4960 σπλάγχνων,
3360 4893 3577 4960 καὶτῆς
3614 4893 4002 4961 φιλοστοργέας

2421 4987 2514 5038 ἐπὶ
2573 4986 2634 5037 τδ
2681 4985 3121 5053 ὲπισημὸτατον’
3180 4984 3337 5034 τοῦτο
3368 4985 3424 5034 δὲ
3487 4985 3577 5034 καὶ
3614 4984 3774 5050 μόνον
3809 4982 4002 5050 λεχθὲν

2419 5076 2722 5146 κατηφείας
2757 5077 2852 5145 μὲν
2890 5076 3004 5143 ἃμα
3041 5075 3132 5127 καὶ
3165 5074 3372 5135 πάθους
3420 5075 3687 5144 πρότερον
3745 5073 3842 5138 τὰς
3876 5075 3999 5141 φιλ-

2421 5170 2744 5240 ανθρώπους
2781 5168 3064 5236 πληρώσει
3101 5166 3302 5236 ψυχας,
3340 5167 3532 5235 ἡδονῆς
3562 5166 3618 5219 δὲ
3671 5168 3830 5219 πάλιν
3885 5165 4002 5217 ἀπὸ

2420 5262 2514 5314 τοῦ
2551 5261 2735 5320 τέλους
2768 5261 2858 5311 καὶ
2913 5258 3148 5326 εὑθυμία
3190 5298 3202 5318 ,
3239 5260 3330 5308 καὶ
3387 5259 3564 5308 πείσει
3614 5259 3686 5326 μὴ
3720 5255 3998 5322 ἀπογινώ-

2426 5369 2577 5403 σκειν
2603 5350 2809 5401 ἑαυτῶν
2844 5350 2947 5400 κᾶν
2980 5352 3058 5410 εἰς
3085 5348 3313 5416 ἔσχατον
3339 5349 3536 5407 κακίας
3572 5346 3998 5414 κατενεχθῶσιν.

2429 5443 2582 5510 Ἔχει
2607 5441 2662 5492 δὲ
2692 5438 2862 5501 οὕτως
2890 5457 2901 5470 ⁸

2502 5534 2607 5586 1Η’.
2653 5532 3034 5600 Ἐτελεύτησεν
3064 5531 3286 5597 ἁδελφὸς
3321 5530 3459 5579 κατὰ
3496 5528 3671 5597 σάρκα
3694 5528 3768 5597 τῷ
3797 5527 4002 5594 Ἀϐρα-

2435 5627 2538 5696 μίῳ
2560 5643 2571 5656 ο
2602 5626 2919 5693 ἐτελεύτησε
2961 5625 3013 5676 δὲ
3040 5626 3130 5674 ἐπι
3163 5623 3393 5691 Ουγατρπ.
3427 5625 3517 5673 καὶ
3617 5624 3734 5680 παῖς
3771 5618 4004 5686 κομιδὴν
