4212 6440
726 412 793 474 6'1
2003 407 2291 466 MENSlS
2333 406 2689 466 MARTIUS
3925 411 3994 473 58

722 539 1060 596 corporeque
1112 523 1315 594 polluta
1369 532 1423 577 et
1481 522 1708 577 animo?
1739 521 1836 576 llei
1887 522 2040 588 mihi,
2078 523 2206 592 quid
2242 525 2305 577 de

2424 522 2624 594 μυχήνς
2670 521 2850 591 Οτμοι,
2879 521 2959 584 τίς
3012 521 3290 592 γένωμαις
3320 526 3411 577 ποῖ
3461 527 3796 596 τράπωμαις
3853 531 3993 582 ίνατῐ

725 634 812 673 me
847 616 977 671 fiet?
1002 616 1120 681 Quo
1147 632 1232 670 me
1254 626 1460 669 vertam
1484 614 1506 666 ‘l
1527 614 1636 667 Cur
1661 629 1778 666 sum
1800 613 1975 668 adhuc
1990 614 2305 682 Superstes?

727 712 934 766 utinam
971 723 1116 762 mors
1145 710 1209 761 ad
1234 723 1318 762 me
1345 708 1582 762 venisset
1604 719 1728 764 ante
1751 707 2050 761 libidinem.
2087 705 2304 760 Utinam

724 807 880 876 prius
941 811 1090 872 rapta
1125 801 1349 857 fuissem
1405 817 1470 855 ex
1509 816 1754 870 corpore,
1799 811 1855 854 ut
1885 801 2074 854 mortis
2104 803 2305 855 donum

725 897 980 951 haberem
1019 894 1315 965 puritatem
1358 894 1623 962 corporis.
1657 891 1811 946 Nunc
1854 902 2034 947 autem
2083 894 2305 962 quinam

725 988 905 1043 fontes
972 987 1336 1058 lacrymarutn
1404 985 1533 1038 tnihi
1595 995 1850 1053 poterunt
1905 995 2082 1039 tantas
2115 987 2306 1039 sordes

724 1081 948 1136 abluere
973 1081 1146 1134 ‘lEam
1180 1081 1259 1134 sic
1314 1079 1510 1132 acerbe
1540 1077 1847 1140 deflentem,
1879 1094 1975 1147 per
2009 1093 2133 1132 eum
2161 1079 2306 1133 dolo-

727 1186 841 1225 rem
889 1174 1159 1241 malignus
1205 1172 1400 1240 arripit
1446 1174 1510 1225 ad
1545 1173 2003 1239 desperationem,
2034 1173 2195 1225 veluti
2236 1173 2306 1226 tl-

725 1279 904 1324 ntens,
936 1274 994 1316 ut
1026 1260 1286 1326 arbitror,
1329 1277 1394 1315 ne
1431 1277 1526 1331 per
1555 1263 1930 1332 paenitentiam
1954 1263 2104 1316 fieret
2128 1277 2310 1330 prom-

726 1357 890 1427 ptiori
947 1367 997 1414 et
1030 1356 1284 1410 alacriori
1335 1357 1540 1418 animo,
1571 1365 1625 1410 et
1662 1356 1821 1426 longe
1850 1356 2024 1424 magis
2053 1365 2108 1409 et
2142 1356 2308 1410 vehe-

727 1452 969 1506 mentius
1027 1451 1320 1514 reluccret,
1383 1464 1547 1516 quant
1595 1449 1769 1516 prius.
1825 1447 2128 1516 Desperans
2181 1461 2309 1516 ergo

727 1558 882 1599 suam
911 1543 1164 1604 salutem,
1196 1542 1402 1609 aufugit
1435 1543 1486 1594 in
1507 1542 1784 1595 civitatem
1821 1541 2111 1610 quamdam
2139 1542 2309 1595 Asum

729 1635 967 1698 nomine,
997 1649 1114 1701 qua:
1141 1636 1330 1688 aberat
1371 1634 1604 1689 duorunt
1639 1635 1850 1688 dierum
1882 1634 2106 1687 itinere:
2141 1642 2194 1685 et
2231 1633 2311 1687 di-

729 1741 956 1782 versans
998 1728 1049 1779 in
1075 1727 1310 1792 quodam
1347 1726 1673 1787 diversorio,
1703 1740 1823 1777 cum
1857 1734 2127 1778 mutasset
2152 1725 2310 1778 babi-

731 1829 866 1884 tum,
901 1826 955 1872 et
1006 1829 1210 1873 vestem
1247 1817 1567 1884 sumpsisset
1625 1816 1964 1880 saecularem,
1992 1827 2109 1870 erat
2139 1817 2311 1871 cuivis

731 1913 932 1967 volenti
966 1915 1214 1980 prompta
1241 1912 1487 1964 ministra
1521 1911 1733 1964 acerbae
1758 1909 2074 1978 voluptatis.

803 2001 922 2060 XX.
951 2004 1086 2057 Cum
1117 2002 1206 2057 illa
1237 2017 1366 2069 ergo
1397 2001 1477 2054 sic
1507 2016 1565 2054 se
1589 2002 1832 2063 haberet,
1881 2001 1983 2052 etsi
2024 2007 2167 2053 esset
2190 2013 2314 2066 pro-

733 2097 906 2166 posita
960 2097 1026 2148 ad
1059 2095 1293 2148 lascivos
1323 2092 1626 2146 illiciendos
1665 2091 1874 2155 oculos,
1909 2091 2168 2145 Abramio
2191 2091 2314 2160 qui-

732 2186 946 2242 escenti
973 2187 1026 2239 in
1057 2185 1318 2239 interiore
1341 2183 1474 2240 cella
1510 2185 1728 2239 exsistit
1749 2181 1853 2236 tale
1881 2183 2154 2238 somnium
2185 2200 2197 2236 :
2224 2180 2315 2238 Vi-

737 2278 968 2333 debatur
989 2279 1037 2331 ei
1062 2279 1227 2332 draco
1281 2277 1516 2345 ingentis
1565 2277 1976 2346 magnitudinis,
2008 2288 2062 2330 et
2093 2285 2313 2344 aspectu

734 2369 1032 2432 horribilis,
1069 2383 1098 2420 a
1131 2384 1224 2422 sua
1252 2384 1481 2421 caverna
1519 2369 1873 2438 prorepsisse,
1903 2377 1956 2422 et
1995 2370 2219 2422 veniens
2252 2368 2316 2419 ad

738 2463 860 2533 ejus
884 2462 1292 2526 domunculam,
1321 2476 1442 2528 qua:
1473 2462 1617 2515 intus
1647 2469 1786 2520 erat,
1808 2459 2118 2513 columbam
2154 2460 2316 2511 devo-

738 2572 891 2610 rasse
925 2572 939 2608 :
978 2555 1172 2607 deinde
1220 2569 1409 2606 rursus
1437 2563 1590 2606 suam
1646 2551 1932 2621 repetiisse
1980 2550 2313 2619 speluncam.

739 2648 835 2703 Ille
883 2662 1014 2716 ergo
1072 2644 1347 2701 excitatus
1380 2659 1489 2714 prie
1525 2645 1740 2708 timore,
1780 2642 1923 2697 tristi
1957 2642 2141 2696 animo
2181 2651 2316 2705 erat,

737 2751 796 2795 et
823 2739 1148 2796 conturbata
1183 2758 1195 2792 :
1229 2750 1283 2792 et
1327 2740 1609 2805 snSpicans
1641 2737 1786 2790 illam
1825 2736 2086 2809 visionem
2117 2733 2323 2800 εἰειιίίὶ-

740 2845 870 2888 care
926 2833 1364 2901 persecutionem
1422 2830 1659 2898 aliquam
1692 2829 1954 2880 adversus
1999 2826 2317 2890 Ecclesiatn,

742 2926 809 2979 de
837 2936 1038 2979 caetero
1081 2934 1202 2977 erat
1261 2925 1637 2978 vehementius
1681 2921 1923 2975 intentus
1955 2915 2209 2987 orationi,
2236 2935 2321 2975 ro-

741 3031 878 3087 gans
928 3027 986 3071 ut
1017 3016 1066 3072 ei
1105 3023 1292 3085 aperte
1318 3016 1653 3070 revelaretur
1672 3016 1830 3070 visio.
1852 3011 1968 3068 Non
1999 3015 2088 3067 diu
2138 3025 2318 3066 autent

744 3105 1233 3164 tardaviteventus
1270 3129 1283 3164 :
1318 3111 1411 3164 sed
1458 3111 1620 3165 tertio
1665 3109 1751 3163 die
1813 3116 2001 3179 postea
2043 3108 2324 3159 videbatur

2409 618 2488 672 Ετι
2512 617 2790 686 περίειμι;
2819 616 3010 684 ὄφελον
3037 616 3241 684 ἐπῆλθέ
3277 634 3365 684 μοι
3415 619 3517 686 πρὸ
3552 620 3649 687 τῆς
3695 621 3996 687 ἐπιθυμίας

2408 713 2436 764 ὁ
2475 712 2736 773 θάνατοςί
2770 710 2964 777 ὄφελον
3015 709 3487 780 προανηρπάσθην
3546 711 3635 762 τοῦ
3670 713 3990 780 πτώματος,

2412 803 2499 857 ἵνα
2531 803 2630 857 κᾶν
2659 803 2887 856 θανάτου
2943 802 3115 870 δῶρον
3165 797 3332 870 εἶχον,
3374 803 3474 869 τὴν
3504 803 3726 869 ἁγνείαν
3763 804 3856 856 τοῦ
3887 806 3994 856 σώ-

2414 897 2616 967 ματοςί
2651 895 2765 948 Νῦν
2795 893 2850 946 δὲ
2884 897 3032 947 ποῖαί
3087 912 3175 963 μοι
3225 895 3402 962 πηγαὶ
3452 895 3704 964 δακρύων
3740 896 3995 948 τοσοῦτον

2410 987 2718 1043 ἀποπλῦναι
2773 987 2948 1056 ῥύπον
2989 987 3351 1054 δυνήσονταις
3407 985 3598 1038 Ταῦτα
3644 988 3737 1038 καὶ
3767 988 3993 1039 τοιαῦτα

2411 1084 2623 1154 πικρῶς
2658 1082 3072 1152 ἀποδυρομένην
3107 1081 3454 1151 προαρπάζει
3498 1081 3585 1133 διὰ
3619 1081 3711 1132 τού
3749 1081 3994 1133 τοιούτου

2411 1177 2619 1239 πάθους
2679 1176 2850 1244 αὑτὴν
2902 1177 2929 1226 ὁ
2959 1175 3192 1243 πονηρὸς
3228 1177 3307 1234 είς
3345 1175 3685 1240 ἀπόγνωσιν,
3741 1175 3996 1243 καθάπερ

2411 1269 2842 1340 οἷμαιδεδοικὼς
2874 1269 2948 1339 μὴ
2981 1271 3314 1338 σφοδροτέρᾳ
3340 1269 3612 1337 χρήσηται
3653 1267 3740 1319 διὰ
3771 1269 3868 1334 τῆς
3901 1284 3998 1335 μι-

2411 1363 2630 1426 τανοίας
2663 1367 2728 1430 τῇ
2766 1362 3048 1432 προθυμία
3088 1365 3181 1414 καὶ
3234 1363 3416 1430 μεῖζον
3452 1361 3640 1429 λάμψῃ
3669 1359 3762 1412 τοῦ
3796 1360 3996 1428 προτέ-

2415 1473 2512 1526 ρου
2547 1456 2698 1524 παρά
2730 1455 2863 1507 πολὺ
2904 1457 2998 1507 καὶ
3037 1454 3424 1524 σφοδρότερον
3457 1453 3772 1518 ἀπογνοῦσα
3817 1451 4000 1504 τοίνυν

2410 1549 2515 1618 τὴν
2546 1547 2750 1615 ἑαυτῆς
2785 1545 3083 1616 σωτηρίαν,
3111 1547 3190 1606 είς
3247 1543 3402 1596 Ἀσόν
3456 1560 3577 1594 τινα
3622 1542 3777 1594 πόλιν
3809 1541 3997 1593 ἀποδι-

2411 1642 2661 1712 δράσκει,
2710 1641 2856 1692 δυεῖν
2894 1640 3011 1691 ὁδὸν
3070 1638 3296 1708 ἡμερῶν
3349 1637 3669 1703 ἀπέχουσαν
3697 1651 3709 1664 ⁶
3739 1635 3834 1686 καὶ
3861 1633 4001 1702 πρός

2412 1753 2522 1787 τινι
2559 1733 2915 1787 καταλύσασα
2940 1731 3243 1801 πανδοχείῳ
3270 1731 3330 1781 τὸ
3354 1729 3542 1797 σχῆμά
3573 1745 3630 1779 τε
3660 1727 4004 1796 διαμείψασα

2415 1829 2510 1881 καὶ
2543 1828 2816 1896 κοσμικὴν
2875 1825 3081 1893 ἐσθῆτα
3137 1820 3545 1891 μεταϐαλοῦσα,
3604 1820 3896 1890 πρόχειρος
3935 1813 4007 1888 ἦν

2415 1919 2494 1988 τῷ
2529 1919 2838 1988 βουλομένῳ
2866 1918 3052 1977 παντὶ,
3089 1915 3293 1983 πικρᾶς
3328 1913 3522 1981 ἡδονῆς
3550 1911 3842 1979 ὑπηρέτις.

2489 2011 2574 2062 K'.
2606 2007 2796 2080 Ταύτῃ
2838 2007 3019 2060 τοίνυν
3069 2007 3290 2074 ἐκείνης
3325 2002 3558 2072 ἐχούσης
3594 2005 3688 2055 καὶ
3723 2002 4002 2070 θήρατρον

2419 2101 2560 2155 οὕτω
2590 2101 2791 2171 λίχνοις
2835 2099 3133 2168 ὀφθαλμοῖς
3169 2094 3566 2166 προκειμένης,
3627 2095 3839 2160 γίνεται
3867 2093 4005 2161 δναρ

2417 2196 2498 2256 είς
2549 2193 2641 2244 τὸν
2704 2192 2968 2260 ἐνδοτέρω
3030 2189 3274 2241 οἰκίσκον
3326 2185 3661 2256 ἡσυχάζοντι.
3713 2183 4003 2253 Ἀϐραμίιρ

2417 2285 2696 2336 τοιοῦτον·
2760 2284 2934 2335 ἐδόκει
2993 2283 3208 2349 δράκων
3241 2284 3390 2351 αύτῴ
3459 2286 3682 2350 μεγέθει
3743 2284 4006 2351 μέγιστος

2423 2377 2515 2428 καὶ
2542 2375 2712 2427 δεινὸν
2747 2374 3068 2426 ὑποϐλέπων
3107 2374 3216 2426 τῶν
3259 2376 3476 2426 οἰκείων
3508 2375 3731 2443 φωλεῶν
3761 2376 4004 2446 ἀνερπύ-

2423 2483 2520 2529 σας
2555 2465 2649 2518 καὶ
2677 2465 2828 2536 παρά
2861 2467 2949 2517 τὸν
2982 2464 3148 2517 αὑτοῦ
3180 2463 3424 2516 οἰκίσκον
3450 2463 3624 2515 ἐλθὼν
3669 2463 4007 2532 περιστερὰν

2423 2559 2569 2612 ἔνδον
2603 2554 2771 2612 οὖσαν
2822 2561 3115 2610 καταπιεῖν
3137 2572 3148 2585 ⁶
3203 2551 3321 2608 εἶτα
3353 2556 3489 2626 πρὸς
3520 2557 3804 2625 χηραμοὺς
3846 2551 4008 2614 αὖθις

2421 2655 2548 2712 τοὺς
2575 2652 2771 2703 ἑαυτοῦ
2804 2650 3104 2702 καταδῦναι
3127 2667 3141 2682 ο
3177 2650 3517 2711 διυπνισθεὶς
3542 2644 3634 2701 οὖν
3667 2651 3872 2710 ἐκεῖνος
3900 2646 4008 2699 ὑπὸ

2425 2739 2518 2791 τοῦ
2575 2740 2888 2807 δείγματος,
2932 2740 3138 2806 ἄθυμος
3173 2736 3239 2808 ἦν
3303 2744 3394 2791 καὶ
3426 2741 3859 2808 τεταραγμένος,
3910 2739 4010 2789 καὶ

2425 2832 2523 2902 τὴν
2550 2832 2673 2901 ὄψιν
2703 2832 2943 2902 διωγμόν
2969 2849 3089 2883 τινα
3152 2835 3550 2902 προσημαίνειν
3587 2833 3725 2884 κατά
3746 2834 3841 2901 τῆς
3887 2831 4012 2883 Ἐκε

2426 2922 2655 2992 κλησίας
2705 2920 3016 2986 ὑπολαϐὼν,
3049 2922 3182 2990 εὐχῇ
3232 2921 3326 2972 τοῦ
3384 2921 3576 2972 λοιποῦ
3629 2920 4012 2987 συντονωτέρᾳ

2426 3017 2769 3086 προσέκειτο,
2797 3017 3208 3084 ὲκκαλυφθῆναι
3261 3015 3446 3082 σαφῶς
3482 3014 3736 3080 δεόμενος
3762 3011 3908 3081 αὑτῷ
3940 3013 4014 3062 τὰ

2425 3108 2524 3178 τῆς
2544 3108 2718 3177 ὅψεως
2741 3123 2754 3137 ·
2783 3111 2926 3178 καὶὴ
2955 3109 3177 3171 ἐκὸασις
3208 3109 3306 3161 οὑκ
3339 3107 3628 3177 ἐϐράδυνεν
3651 3121 3664 3134 ·
3706 3105 3842 3159 ἀλλά
3870 3105 4015 3173 μετὰ

743 3219 933 3256 rursus
971 3203 1155 3254 videre
1185 3201 1332 3253 illum
1359 3202 1651 3253 draconem
1678 3199 1969 3251 emersisse
1998 3211 2061 3248 ex
2088 3210 2154 3249 eo
2181 3195 2319 3258 loco,

2426 3205 2614 3274 τρίτην
2664 3205 2722 3271 ἐξ
2770 3205 2976 3258 ἐκείνου
3035 3204 3252 3274 ἡμέραν
3302 3203 3478 3254 ἐδόκει
3535 3201 3805 3270 δράκοντα
3847 3197 4015 3249 πάλιν

744 3304 906 3359 quem
971 3289 1212 3342 subierat
1254 3297 1355 3341 :et
1405 3304 1525 3341 cum
1578 3289 1644 3340 ad
1692 3301 1814 3340 enm
1866 3286 2325 3356 prorepsisset,et

743 3383 862 3452 ejus
893 3384 1117 3452 pedibus
1140 3393 1302 3451 caput
1333 3383 1701 3444 submisisset,
1739 3381 1886 3435 illum
1915 3383 2135 3450 quidem
2160 3381 2327 3449 proti-

744 3490 846 3528 nus
865 3490 984 3528 esse
1011 3476 1317 3541 disruptuut
1347 3491 1358 3527 :
1395 3473 1700 3527 columbam
1737 3484 1938 3536 autem,
1970 3489 2131 3542 quam
2156 3472 2324 3526 fuisse

743 3565 888 3618 abeo
918 3565 1227 3619 devoratam
1252 3567 1562 3631 praecedens
1582 3563 1897 3616 ostenderat
1924 3564 2216 3621 somnium,
2246 3571 2326 3613 to-

746 3659 854 3713 iam
889 3671 1077 3723 puram
1132 3665 1187 3708 et
1234 3655 1635 3708 immaculatam
1694 3668 1724 3708 e
1760 3653 1937 3707 medio
1982 3653 2096 3720 ejus
2138 3663 2326 3706 ventre

745 3745 1010 3799 evolasse.
1036 3745 1292 3799 Hzrccum
1323 3747 1564 3812 vidisset,
1591 3747 2032 3800 etexistimasset
2061 3746 2321 3798 visionem

746 3839 1057 3908 signiﬁcare
1083 3839 1317 3904 aliquem
1360 3839 1569 3904 lapsum
1614 3839 1808 3888 animae
1848 3837 1969 3888 lilia:
2007 3837 2187 3889 fratris
2216 3837 2323 3900 sui,

746 3931 1182 3990 conturbatus,et
1212 3929 1380 3981 animi
1406 3928 1724 3996 aegritudine
1747 3927 1973 3980 allectus
1993 3927 2328 3995 prospiciens

748 4036 777 4074 e
810 4020 1087 4076 fenestra:
1125 4019 1318 4086 Maria,
1372 4021 1538 4075 Maria
1581 4036 1724 4086 mea,
1775 4021 1969 4090 inquit,
2007 4021 2133 4088 quid
2162 4027 2264 4082 est,
2296 4032 2329 4072 0

750 4113 883 4178 filia,
915 4117 1057 4182 quod
1115 4116 1208 4169 tibi
1267 4124 1472 4166 tantam
1526 4114 1712 4166 attulit
1737 4114 2065 4177 socordiam,
2099 4125 2156 4165 ut
2189 4122 2329 4166 totos

751 4207 850 4259 ltos
890 4207 1024 4260 duos
1055 4206 1168 4259 dies
1195 4221 1298 4259 non
1329 4204 1562 4259 moveris
1587 4219 1646 4258 os
1672 4205 1737 4257 ad
1777 4204 1984 4267 laudes,
2014 4221 2117 4257 nott
2156 4204 2330 4257 reddi—

749 4294 896 4350 deris
923 4308 1210 4350 consuetas
1252 4295 1699 4366 glorificationes,
1740 4311 1845 4348 non
1886 4295 2102 4363 petieris
2132 4295 2332 4350 doetri-

749 4403 900 4451 nam,
932 4403 1038 4439 non
1071 4387 1414 4456 eloquiorum
1447 4387 1658 4440 illorum
1684 4387 2038 4440 auditionem.
2061 4401 2179 4454 quae
2216 4385 2330 4439 fue-

750 4486 881 4530 runt
908 4475 1066 4529 melle
1099 4486 1155 4529 et
1187 4476 1307 4528 favo
1335 4476 1416 4528 ori
1449 4485 1540 4529 tuo
1567 4476 1851 4529 dulciora?

2428 3300 2634 3350 ἐκεῖνον
2691 3299 2845 3367 ὁρᾷν,
2907 3296 3114 3347 ἐκεῖθεν
3156 3296 3289 3346 ὅπου
3342 3293 3537 3344 κατέδυ
3579 3293 3844 3360 πρότερον
3881 3291 4019 3339 ἀνα-

2426 3390 2593 3444 δύντα
2629 3392 2722 3441 καὶ
2759 3388 2889 3456 παρ’
2910 3390 3073 3438 αὑτὸν
3107 3385 3421 3454 ἑρπύσαντα
3454 3387 3564 3442 τοῖς
3604 3379 3770 3434 αὑτοῦ
3800 3397 3859 3430 τε
3883 3381 4018 3429 ποσί

2428 3478 2671 3549 κεφαλὴν
2725 3477 3055 3546 ὑποσχόντα,
3085 3475 3176 3525 τὸν
3237 3473 3334 3542 μὲν
3369 3473 3571 3523 αὐτίκα
3608 3471 3753 3539 μάλα
3784 3471 4018 3540 διαρραι-

2429 3571 2614 3636 γῆναι,
2649 3568 2745 3638 τῆν
2796 3567 2852 3619 δὲ
2913 3565 3267 3636 περιστερὰν,
3325 3563 3391 3633 ἣν
3444 3564 3739 3614 καταπιεῖν
3787 3562 3947 3613 αὑτὸν
3986 3561 4017 3610 ὁ

2429 3663 2718 3731 προλαϐὼν
2782 3661 3059 3722 ὑπέδειξεν
3119 3661 3347 3726 ὄνειρος,
3410 3659 3656 3727 ἂρῤυπον
3734 3657 3863 3723 ὅλην
3913 3654 4017 3705 καὶ

2428 3754 2676 3821 καθαρὰν
2724 3755 2787 3803 ὲκ
2843 3753 3012 3818 μέσης
3050 3749 3214 3801 αὑτοῦ
3263 3751 3362 3817 τῆς
3394 3750 3634 3816 γαστρὸς
3662 3747 3966 3810 ἀναπτῆναι
3995 3761 4011 3777 ο

2427 3846 2603 3899 ταῦτα
2639 3843 2760 3896 ἰδὼν
2786 3843 2878 3894 καί
2909 3858 3028 3893 τινα
3062 3840 3256 3908 κρίνας
3291 3843 3385 3905 τῆς
3414 3838 3637 3904 ἀνεψιᾶς
3666 3835 3876 3886 ὄλισθον
3910 3835 4020 3903 ψυ-

2429 3940 2530 4007 χῆς
2553 3939 2876 4005 ὑποφαίνειν
2906 3937 3002 4008 τὴν
3058 3935 3212 3994 θέαν,
3260 3931 3490 4000 θορύϐου
3524 3945 3579 3980 τε
3625 3929 3718 3980 καὶ
3775 3927 4018 3998 ἀθυμίας

2431 4031 2632 4090 εὐθέως
2667 4029 3036 4098 ὑποπλησθεὶς
3077 4027 3172 4080 καὶ
3197 4023 3369 4087 οὑτως
3398 4023 3471 4086 ὡς
3508 4018 3621 4092 εἶχε
3659 4021 4014 4090 τεταραγμέ-

2432 4136 2536 4182 νως
2587 4120 2683 4187 τῆς
2734 4117 2948 4184 θυρίδος
3011 4117 3300 4186 προκύψας
3399 4115 3584 4182 Μαρία
3640 4130 3762 4182 μου,
3822 4110 4018 4177 Μαρία

2436 4227 2562 4280 μου,
2606 4210 2759 4281 φησι,
2787 4213 2838 4264 τί
2868 4228 2968 4275 σοι,
2998 4208 3043 4266 ὦ
3076 4210 3286 4276 τέκνον,
3346 4213 3460 4263 ἐστὶ
3493 4212 3550 4262 τὸ
3583 4205 3857 4278 ρᾳθυμίαν
3907 4205 4016 4273 ἐμ-

2433 4303 2671 4372 ποιῆσαν
2704 4304 3086 4373 τοσαύτην,ὼς
3124 4305 3250 4372 παρ’
3284 4304 3411 4363 ὅλας
3435 4302 3528 4352 δύο
3557 4298 3758 4358 ταύτας
3796 4296 4014 4366 ἡμέρας

2435 4399 2511 4468 μὴ
2550 4399 2724 4463 στόμα
2759 4398 2975 4464 κινῆσαι
3020 4396 3157 4465 πρὸς
3206 4395 3438 4457 αἴνεσιν,
3502 4392 3575 4463 μὴ
3625 4393 3721 4453 τάς
3761 4390 4019 4460 συνήθεις

2433 4487 2727 4540 ἀποδοῦναι
2752 4488 3084 4556 δοξολογίας,
3119 4489 3192 4558 μὴ
3218 4485 3542 4558 προσελθεῖν
3683 4482 3881 4554 θυρίδι,
3937 4480 4019 4550 μὴ

748 4569 1100 4628 διδασκαλίαν
1129 4573 1372 4643 αἰτῆσαι,
1424 4571 1500 4642 μὴ
1544 4571 1743 4640 λογίων
1777 4575 2007 4630 ἐκείνων
2039 4579 2328 4650 ἀκρόασιν,
2369 4583 2404 4638 ἀ
2435 4586 2527 4639 καὶ
2591 4586 2903 4658 γλυκύτερα
2969 4587 3108 4657 ὑπὲρ
3137 4584 3262 4657 μέλι
3311 4585 3405 4638 καὶ
3439 4583 3629 4654 κηρίον
3673 4580 3748 4650 τῷ
3785 4578 4020 4648 στόματί

751 4682 847 4720 σου
881 4666 1207 4719 καθίσταντο
1230 4685 1245 4732 ς

823 4759 968 4815 XXI.
995 4759 1130 4814 Cum
1167 4762 1280 4815 lianc
1333 4762 1564 4817 dixisset
1608 4763 1796 4818 fratris
1830 4766 1971 4833 ﬁliae,
2011 4778 2062 4822 et
2096 4767 2230 4822 nihil
2262 4771 2320 4828 ab

2507 4775 2637 4827 ΚΜ.
2673 4770 2858 4823 Ταῦτα
2909 4769 3046 4839 πρὸς
3108 4768 3206 4838 τὴν
3262 4764 3490 4834 ἀνεψιὰν
3529 4762 3689 4832 δῆθεν
3719 4764 3888 4814 είπὼν
3919 4762 4020 4813 καὶ⁵

752 4865 816 4906 ea
847 4851 1144 4907 audivisset
1177 4854 1468 4924 (quomodo
1506 4857 1673 4921 enim,
1702 4871 1826 4911 cum
1871 4858 1960 4911 illa
2003 4859 2056 4914 ln
2090 4862 2334 4917 diverso-

755 4941 839 4999 rio
895 4953 1208 4998 versaretur
1265 4947 1315 4998 in
1372 4947 1650 5002 amoribus
1701 4956 1754 5001 et
1785 4953 2331 5026 contessationibus?)

753 5044 942 5106 aperte
971 5040 1226 5105 cognovit
1250 5037 1514 5092 visionem
1544 5041 1608 5093 de
1640 5057 1702 5094 ea
1739 5041 2050 5111 significare
2084 5064 2097 5100 :
2128 5059 2178 5100 et
2213 5063 2336 5117 pro-

754 5127 901 5182 tinus
949 5129 1274 5199 gravissimo
1332 5131 1520 5186 dolore
1576 5132 1823 5198 affectus,
1869 5145 1924 5192 et
1953 5136 2004 5189 in
2038 5137 2336 5194 visceribus

753 5233 915 5288 supra
979 5222 1198 5275 modum
1243 5224 1541 5289 cruciatus,
1595 5224 1829 5292 suspirio
1876 5228 2040 5281 veluti
2092 5232 2324 5296 quodam

757 5310 904 5368 fumo
928 5327 990 5366 ex
1056 5314 1268 5368 interna
1298 5313 1516 5370 ﬂamma
1548 5319 1769 5382 emisso,
1803 5318 1966 5373 Deum
1995 5321 2244 5390 rogabat,
2272 5333 2330 5377 ut

758 5417 820 5458 ca
874 5406 1226 5474 resipisceret
1247 5420 1304 5462 et
1325 5420 1660 5478 exsurgeret,
1693 5419 1748 5464 et
1769 5413 1969 5466 rediret
2001 5413 2065 5464 ad
2091 5415 2324 5482 priorem

755 5496 938 5562 probae
967 5496 1087 5550 vita:
1111 5497 1526 5556 institutionem.
1567 5499 1701 5556 Nam
1741 5504 1842 5557 etsi
1879 5513 2005 5559 tunc
2033 5505 2333 5574 ignorabat,

756 5591 1027 5671 quomodo
1057 5591 1436 5658 abscessisset,
1461 5604 1516 5647 et
1549 5594 1747 5662 locum,
1783 5594 1834 5648 in
1872 5613 1978 5666 quo
2007 5598 2173 5652 Maria
2219 5616 2339 5655 vcr-

756 5683 1189 5752 sabatur:quod
1249 5695 1429 5741 tamen
1484 5685 1716 5742 latenter
1765 5691 2106 5753 recessisset.
2138 5703 2189 5745 et
2217 5708 2340 5760 pro-

756 5779 876 5843 pter
898 5775 1160 5832 visionem
1195 5776 1362 5844 illam,
1407 5796 1528 5851 qua).
1581 5792 1939 5850 apparuerat,
1979 5797 2084 5837 non
2144 5784 2335 5838 bonant

754 5883 906 5942 spem
935 5871 1000 5926 de
1029 5887 1091 5926 ea
1134 5883 1476 5942 conceperat.
1509 5875 1654 5931 Duos
1711 5874 1895 5945 itaque
1941 5891 2108 5931 annos
2170 5876 2333 5932 Deum

2435 4865 2605 4935 μηδὲν
2665 4862 2798 4934 παρ’
2852 4862 3024 4932 αὐτῆς
3059 4861 3299 4921 ἀκούσας
3352 4857 3371 4927 (
3398 4856 3507 4920 πῶς
3539 4858 3679 4926 γάρς
3711 4856 3924 4923 ἐκείνης
3955 4854 4016 4904 ὲν

2433 4956 2512 5027 τῷ
2544 4957 2846 5025 πανδοκείῳ
2875 4953 3006 5022 περὶ
3039 4953 3250 5020 ἔρωτας
3275 4951 3369 5002 καὶ
3404 4948 3621 5018 κώμους
3663 4944 4016 5015 ἀσχαλουμέ-

2435 5049 2577 5121 νης),
2630 5049 2770 5116 ἔγνω
2809 5046 3018 5112 σαφῶς,
3045 5044 3144 5111 τὴν
3175 5043 3298 5111 δψιν
3329 5042 3459 5113 περὶ
3496 5041 3664 5110 αὑτῆς
3698 5038 4021 5092 ὑπαινίττε-

2436 5141 2560 5194 σθαι
2611 5142 2709 5191 καὶ
2774 5135 3146 5206 ὀδυνηρὸτατα
3206 5135 3549 5204 παραχρῆμα
3613 5129 3883 5190 διατεθεὶς
3945 5129 4018 5182 τὰ

2439 5231 2724 5300 σπλάγχνα
2789 5247 2846 5281 τε
2899 5229 3287 5299 ὑπεραλγήσας
3346 5228 3440 5281 καὶ
3492 5226 3816 5292 στεναγμὸν,
3850 5222 4018 5276 οἱονεί

2435 5339 2556 5380 τινα
2588 5325 2795 5377 καπνὸν
2830 5323 2926 5390 τῆς
2967 5321 3178 5374 ἔνδοθεν
3212 5320 3428 5389 φλογὸς,
3461 5318 3814 5385 ἀναπέμψας,
3846 5316 4020 5368 ἐδεῖτο

2433 5419 2526 5472 τοῦ
2561 5418 2696 5471 Θεοῦ
2730 5418 2790 5469 τὸ
2839 5417 3047 5480 λοιπὸν,
3087 5415 3226 5468 ὥστε
3289 5413 3562 5481 ἀνανῆψαι
3599 5411 3757 5463 πάλιν
3817 5409 4016 5476 αὑτὴν,

2431 5510 2528 5562 καὶ
2551 5507 2925 5575 διαναστῆναι,
2957 5509 3050 5558 καὶ
3104 5507 3182 5568 είς
3237 5505 3332 5576 τὴν
3370 5503 3641 5574 προτέραν
3694 5501 4019 5555 ἐπανελθεῖν

2434 5599 2790 5668 εὐδοκίμησιν
2812 5614 2824 5627 ⁶
2856 5600 2905 5650 εί
2933 5601 3040 5666 γάρ
3071 5600 3162 5648 καὶ
3212 5599 3302 5648 τὸν
3331 5598 3530 5666 τρόπον
3565 5597 3701 5654 τέως
3747 5597 3846 5663 τῆς
3877 5591 4020 5642 ἀπο-

2434 5692 2634 5761 δημίας
2660 5690 2869 5760 ἠγνόει,
2895 5693 2988 5742 καὶ
3015 5691 3104 5742 τὸν
3134 5690 3322 5753 τόπον,
3350 5691 3405 5740 ὲν
3426 5683 3468 5755 ᾧ
3494 5687 3794 5756 τηνικαῦτα
3825 5684 4021 5752 Μαρία

2434 5785 2728 5855 διέτριϐεν,
2764 5785 2898 5836 ἀλλά
2926 5784 2986 5835 τὸ
3031 5783 3258 5853 λεληθὸς
3293 5786 3388 5852 τῆς
3422 5783 3828 5853 ὑποχωρήσεως
3857 5782 3955 5837 καὶ
3984 5783 4021 5849 ἡ

2437 5879 2670 5945 φανεῖσα
2690 5875 2810 5944 ὄψις
2840 5873 3026 5944 ἐκείνη
3052 5875 3148 5926 οὑκ
3180 5874 3390 5943 ἀγαθὰς
3426 5877 3687 5944 παρεῖχεν
3709 5873 3857 5943 αὐτῷ
3891 5874 4024 5941 περὶ
