  <div class='ocr_page' id='page_1' title='image "/cluster/home/n/w/nwhite01/storage/ocr_20150623/115/nnc1.0046980261/042.png"; bbox 0 0 4212 6440; ppageno 0'>
   <div class='ocr_carea' id='block_1_1' title="bbox 195 411 1789 494">
    <p class='ocr_par' dir='ltr' id='par_1_1' title="bbox 195 418 1789 494">
     <span class='ocr_line' id='line_1_1' title="bbox 195 418 1789 494; baseline -0.013 0"><span class='ocrx_word' id='word_1_1' title='bbox 195 434 270 494; x_wconf 79' lang='lat'><em>60</em></span> <span class='ocrx_word' id='word_1_2' title='bbox 1466 418 1647 479; x_wconf 78' lang='lat' dir='ltr'><strong>VITA</strong></span> <span class='ocrx_word' id='word_1_3' title='bbox 1686 418 1747 479; x_wconf 89' lang='lat' dir='ltr'><strong>S.</strong></span> <span class='ocrx_word' id='word_1_4' title='bbox 1786 467 1789 473; x_wconf 19' lang='grc' dir='ltr'><strong>ι</strong></span> 
     </span>
    </p>
   </div>
   <div class='ocr_carea' id='block_1_2' title="bbox 1893 411 3471 494">
    <p class='ocr_par' dir='ltr' id='par_1_2' title="bbox 1893 411 3471 474">
     <span class='ocr_line' id='line_1_2' title="bbox 1893 411 3471 474; baseline 0 0"><span class='ocrx_word' id='word_1_5' title='bbox 1893 411 2144 474; x_wconf 77' lang='lat' dir='ltr'><strong>RAMII.</strong></span> <span class='ocrx_word' id='word_1_6' title='bbox 3399 411 3471 474; x_wconf 83' lang='lat'><strong>&#39;70</strong></span> 
     </span>
    </p>
   </div>
   <div class='ocr_carea' id='block_1_3' title="bbox 195 509 1789 613">
    <p class='ocr_par' dir='ltr' id='par_1_3' title="bbox 195 526 1789 613">
     <span class='ocr_line' id='line_1_3' title="bbox 195 526 1789 613; baseline -0.013 -14"><span class='ocrx_word' id='word_1_7' title='bbox 195 544 372 613; x_wconf 72' lang='grc' dir='ltr'>αὐτῆς</span> <span class='ocrx_word' id='word_1_8' title='bbox 397 540 495 603; x_wconf 72' lang='grc' dir='ltr'>τὰς</span> <span class='ocrx_word' id='word_1_9' title='bbox 526 538 770 599; x_wconf 74' lang='grc' dir='ltr'>ἐλπίδας.</span> <span class='ocrx_word' id='word_1_10' title='bbox 813 536 936 589; x_wconf 76' lang='grc' dir='ltr'>Ἐπὶ</span> <span class='ocrx_word' id='word_1_11' title='bbox 972 534 1091 586; x_wconf 65' lang='grc' dir='ltr'>δυσὶ</span> <span class='ocrx_word' id='word_1_12' title='bbox 1130 533 1229 602; x_wconf 78' lang='grc' dir='ltr'><strong>μὲν</strong></span> <span class='ocrx_word' id='word_1_13' title='bbox 1268 526 1358 583; x_wconf 69' lang='grc' dir='ltr'><strong>οὖν</strong></span> <span class='ocrx_word' id='word_1_14' title='bbox 1394 532 1569 583; x_wconf 70' lang='grc' dir='ltr'>ἔτεσιν</span> <span class='ocrx_word' id='word_1_15' title='bbox 1621 529 1789 581; x_wconf 77' lang='grc' dir='ltr'>ἐδεῖτο</span> 
     </span>
    </p>
   </div>
   <div class='ocr_carea' id='block_1_4' title="bbox 1893 509 3471 613">
    <p class='ocr_par' dir='ltr' id='par_1_4' title="bbox 1897 509 3471 592">
     <span class='ocr_line' id='line_1_4' title="bbox 1897 509 3471 592; baseline 0.003 -19"><span class='ocrx_word' id='word_1_16' title='bbox 1897 540 1994 592; x_wconf 89' lang='lat' dir='ltr'><strong>pro</strong></span> <span class='ocrx_word' id='word_1_17' title='bbox 2018 537 2079 577; x_wconf 90' lang='lat' dir='ltr'><strong>ea</strong></span> <span class='ocrx_word' id='word_1_18' title='bbox 2112 519 2339 591; x_wconf 76' lang='lat' dir='ltr'><strong>rogavit.</strong></span> <span class='ocrx_word' id='word_1_19' title='bbox 2374 518 2582 573; x_wconf 90' lang='lat' dir='ltr'><strong>Somnii</strong></span> <span class='ocrx_word' id='word_1_20' title='bbox 2610 516 2751 572; x_wconf 88' lang='lat' dir='ltr'><strong>enim</strong></span> <span class='ocrx_word' id='word_1_21' title='bbox 2778 517 2967 586; x_wconf 81' lang='lat' dir='ltr'><strong>duplex</strong></span> <span class='ocrx_word' id='word_1_22' title='bbox 3000 509 3157 587; x_wconf 68' lang='lat' dir='ltr'><strong>visio,</strong></span> <span class='ocrx_word' id='word_1_23' title='bbox 3201 520 3471 577; x_wconf 73' lang='lat' dir='ltr'><strong>biennium</strong></span> 
     </span>
    </p>
   </div>
   <div class='ocr_carea' id='block_1_5' title="bbox 199 620 1792 708">
    <p class='ocr_par' dir='ltr' id='par_1_5' title="bbox 199 620 1792 708">
     <span class='ocr_line' id='line_1_5' title="bbox 199 620 1792 708; baseline -0.011 -19"><span class='ocrx_word' id='word_1_24' title='bbox 199 638 332 708; x_wconf 77' lang='grc' dir='ltr'>περὶ</span> <span class='ocrx_word' id='word_1_25' title='bbox 378 632 549 701; x_wconf 78' lang='grc' dir='ltr'>αὐτῆς</span> <span class='ocrx_word' id='word_1_26' title='bbox 606 630 699 683; x_wconf 75' lang='grc' dir='ltr'>τοῦ</span> <span class='ocrx_word' id='word_1_27' title='bbox 736 629 872 681; x_wconf 76' lang='grc' dir='ltr'>Θεοῦ</span> <span class='ocrx_word' id='word_1_28' title='bbox 897 646 911 661; x_wconf 80' lang='grc' dir='ltr'><strong><em>ο</em></strong></span> <span class='ocrx_word' id='word_1_29' title='bbox 961 628 993 699; x_wconf 80' lang='grc' dir='ltr'>ἡ</span> <span class='ocrx_word' id='word_1_30' title='bbox 1028 628 1136 696; x_wconf 62' lang='grc' dir='ltr'><strong>γὰρ</strong></span> <span class='ocrx_word' id='word_1_31' title='bbox 1170 625 1334 694; x_wconf 78' lang='grc' dir='ltr'>διπλὴ</span> <span class='ocrx_word' id='word_1_32' title='bbox 1370 622 1461 676; x_wconf 76' lang='grc' dir='ltr'>τοῦ</span> <span class='ocrx_word' id='word_1_33' title='bbox 1512 620 1792 691; x_wconf 77' lang='grc' dir='ltr'><strong>ὀνείρατος</strong></span> 
     </span>
    </p>
   </div>
   <div class='ocr_carea' id='block_1_6' title="bbox 196 712 1793 798">
    <p class='ocr_par' dir='ltr' id='par_1_6' title="bbox 196 712 1793 798">
     <span class='ocr_line' id='line_1_6' title="bbox 196 712 1793 798; baseline -0.011 -17"><span class='ocrx_word' id='word_1_34' title='bbox 196 730 323 798; x_wconf 68' lang='grc' dir='ltr'>ὄψις</span> <span class='ocrx_word' id='word_1_35' title='bbox 356 726 418 777; x_wconf 78' lang='grc' dir='ltr'>τὸ</span> <span class='ocrx_word' id='word_1_36' title='bbox 448 724 541 777; x_wconf 81' lang='grc' dir='ltr'>τοῦ</span> <span class='ocrx_word' id='word_1_37' title='bbox 566 722 762 794; x_wconf 86' lang='grc' dir='ltr'>χρόνου</span> <span class='ocrx_word' id='word_1_38' title='bbox 798 721 971 782; x_wconf 81' lang='grc' dir='ltr'>διετὲς</span> <span class='ocrx_word' id='word_1_39' title='bbox 1003 719 1351 786; x_wconf 77' lang='grc' dir='ltr'><strong>ὑπεσήμαινε</strong></span> <span class='ocrx_word' id='word_1_40' title='bbox 1374 733 1387 745; x_wconf 90' lang='grc'><strong>·</strong></span> <span class='ocrx_word' id='word_1_41' title='bbox 1444 715 1573 783; x_wconf 70' lang='grc' dir='ltr'>περὶ</span> <span class='ocrx_word' id='word_1_42' title='bbox 1614 713 1670 765; x_wconf 70' lang='grc' dir='ltr'>δὲ</span> <span class='ocrx_word' id='word_1_43' title='bbox 1692 712 1793 781; x_wconf 75' lang='grc' dir='ltr'>τὴν</span> 
     </span>
    </p>
   </div>
   <div class='ocr_carea' id='block_1_7' title="bbox 196 804 1790 887">
    <p class='ocr_par' dir='ltr' id='par_1_7' title="bbox 196 804 1790 887">
     <span class='ocr_line' id='line_1_7' title="bbox 196 804 1790 887; baseline -0.01 -15"><span class='ocrx_word' id='word_1_44' title='bbox 196 819 295 872; x_wconf 82' lang='grc' dir='ltr'>τοῦ</span> <span class='ocrx_word' id='word_1_45' title='bbox 330 816 587 887; x_wconf 78' lang='grc' dir='ltr'><strong>δευτέρου</strong></span> <span class='ocrx_word' id='word_1_46' title='bbox 612 815 762 875; x_wconf 76' lang='grc' dir='ltr'>ἔτους</span> <span class='ocrx_word' id='word_1_47' title='bbox 788 812 1047 877; x_wconf 75' lang='grc' dir='ltr'>τελευτὴν</span> <span class='ocrx_word' id='word_1_48' title='bbox 1073 808 1323 862; x_wconf 77' lang='grc' dir='ltr'>ἐπάνεισί</span> <span class='ocrx_word' id='word_1_49' title='bbox 1344 825 1427 870; x_wconf 87' lang='grc' dir='ltr'><strong>τις</strong></span> <span class='ocrx_word' id='word_1_50' title='bbox 1452 805 1561 858; x_wconf 87' lang='grc' dir='ltr'><strong>τῶν</strong></span> <span class='ocrx_word' id='word_1_51' title='bbox 1596 804 1790 872; x_wconf 73' lang='grc' dir='ltr'>φίλων,</span> 
     </span>
    </p>
   </div>
   <div class='ocr_carea' id='block_1_8' title="bbox 196 896 1793 976">
    <p class='ocr_par' dir='ltr' id='par_1_8' title="bbox 196 896 1793 976">
     <span class='ocr_line' id='line_1_8' title="bbox 196 896 1793 976; baseline -0.011 -15"><span class='ocrx_word' id='word_1_52' title='bbox 196 909 257 971; x_wconf 79' lang='grc' dir='ltr'>ὃς</span> <span class='ocrx_word' id='word_1_53' title='bbox 293 908 558 976; x_wconf 68' lang='grc' dir='ltr'>ἐτύγχανε</span> <span class='ocrx_word' id='word_1_54' title='bbox 599 904 728 972; x_wconf 87' lang='grc' dir='ltr'>παρ’</span> <span class='ocrx_word' id='word_1_55' title='bbox 780 899 943 953; x_wconf 69' lang='grc' dir='ltr'>αὑτοῦ</span> <span class='ocrx_word' id='word_1_56' title='bbox 977 899 1121 952; x_wconf 84' lang='grc' dir='ltr'><strong>κατά</strong></span> <span class='ocrx_word' id='word_1_57' title='bbox 1151 899 1378 966; x_wconf 73' lang='grc' dir='ltr'>ζήτησιν</span> <span class='ocrx_word' id='word_1_58' title='bbox 1418 896 1633 965; x_wconf 77' lang='grc' dir='ltr'><strong>ἐκείνης</strong></span> <span class='ocrx_word' id='word_1_59' title='bbox 1686 896 1793 945; x_wconf 74' lang='grc' dir='ltr'>ἀπο</span> 
     </span>
    </p>
   </div>
   <div class='ocr_carea' id='block_1_9' title="bbox 199 986 1793 1066">
    <p class='ocr_par' dir='ltr' id='par_1_9' title="bbox 199 986 1793 1066">
     <span class='ocr_line' id='line_1_9' title="bbox 199 986 1793 1066; baseline -0.009 -14"><span class='ocrx_word' id='word_1_60' title='bbox 199 1000 556 1066; x_wconf 76' lang='grc' dir='ltr'>εσταλμὲνος,</span> <span class='ocrx_word' id='word_1_61' title='bbox 622 996 744 1047; x_wconf 85' lang='grc' dir='ltr'>ὅποι</span> <span class='ocrx_word' id='word_1_62' title='bbox 798 1009 859 1045; x_wconf 85' lang='grc' dir='ltr'><strong>τε</strong></span> <span class='ocrx_word' id='word_1_63' title='bbox 891 994 923 1061; x_wconf 78' lang='grc' dir='ltr'>ἠ</span> <span class='ocrx_word' id='word_1_64' title='bbox 980 988 1178 1059; x_wconf 75' lang='grc' dir='ltr'>ἀνεψιὰ</span> <span class='ocrx_word' id='word_1_65' title='bbox 1211 988 1479 1057; x_wconf 74' lang='grc' dir='ltr'>διατρίϐει</span> <span class='ocrx_word' id='word_1_66' title='bbox 1513 988 1609 1040; x_wconf 77' lang='grc' dir='ltr'>καὶ</span> <span class='ocrx_word' id='word_1_67' title='bbox 1645 986 1793 1054; x_wconf 82' lang='grc' dir='ltr'><strong>παρά</strong></span> 
     </span>
    </p>
   </div>
   <div class='ocr_carea' id='block_1_10' title="bbox 197 1078 1786 1153">
    <p class='ocr_par' dir='ltr' id='par_1_10' title="bbox 197 1078 1786 1153">
     <span class='ocr_line' id='line_1_10' title="bbox 197 1078 1786 1153; baseline -0.009 -10"><span class='ocrx_word' id='word_1_68' title='bbox 197 1091 307 1143; x_wconf 87' lang='grc' dir='ltr'>τίνι</span> <span class='ocrx_word' id='word_1_69' title='bbox 334 1091 428 1143; x_wconf 81' lang='grc' dir='ltr'>καὶ</span> <span class='ocrx_word' id='word_1_70' title='bbox 449 1091 620 1149; x_wconf 82' lang='grc' dir='ltr'>ὅπως,</span> <span class='ocrx_word' id='word_1_71' title='bbox 662 1084 851 1153; x_wconf 71' lang='grc' dir='ltr'>σαφῶς</span> <span class='ocrx_word' id='word_1_72' title='bbox 906 1084 1087 1137; x_wconf 89' lang='grc' dir='ltr'>πάντα</span> <span class='ocrx_word' id='word_1_73' title='bbox 1119 1081 1341 1152; x_wconf 82' lang='grc' dir='ltr'><strong>μηνύων</strong></span> <span class='ocrx_word' id='word_1_74' title='bbox 1364 1080 1441 1150; x_wconf 83' lang='grc' dir='ltr'>τῷ</span> <span class='ocrx_word' id='word_1_75' title='bbox 1476 1078 1786 1149; x_wconf 73' lang='grc' dir='ltr'>Ἀὖραμίῳ·</span> 
     </span>
    </p>
   </div>
   <div class='ocr_carea' id='block_1_11' title="bbox 199 1170 1792 1250">
    <p class='ocr_par' dir='ltr' id='par_1_11' title="bbox 199 1170 1792 1250">
     <span class='ocr_line' id='line_1_11' title="bbox 199 1170 1792 1250; baseline -0.008 -17"><span class='ocrx_word' id='word_1_76' title='bbox 199 1183 296 1233; x_wconf 80' lang='grc' dir='ltr'><strong>καὶ</strong></span> <span class='ocrx_word' id='word_1_77' title='bbox 330 1179 675 1249; x_wconf 80' lang='grc' dir='ltr'>παραχρῆμα</span> <span class='ocrx_word' id='word_1_78' title='bbox 732 1174 807 1244; x_wconf 82' lang='grc' dir='ltr'>μὴ</span> <span class='ocrx_word' id='word_1_79' title='bbox 863 1175 1142 1244; x_wconf 80' lang='grc' dir='ltr'>μελλήσας</span> <span class='ocrx_word' id='word_1_80' title='bbox 1183 1175 1390 1234; x_wconf 78' lang='grc' dir='ltr'>ἐκεῖνος</span> <span class='ocrx_word' id='word_1_81' title='bbox 1433 1172 1624 1250; x_wconf 67' lang='grc' dir='ltr'>μηδὲν,</span> <span class='ocrx_word' id='word_1_82' title='bbox 1670 1170 1792 1239; x_wconf 77' lang='grc' dir='ltr'>μηδ’</span> 
     </span>
    </p>
   </div>
   <div class='ocr_carea' id='block_1_12' title="bbox 198 1264 1790 1340">
    <p class='ocr_par' dir='ltr' id='par_1_12' title="bbox 198 1264 1790 1340">
     <span class='ocr_line' id='line_1_12' title="bbox 198 1264 1790 1340; baseline -0.01 -14"><span class='ocrx_word' id='word_1_83' title='bbox 198 1271 661 1338; x_wconf 66' lang='grc' dir='ltr'>ἀναϐαλλόμενος,</span> <span class='ocrx_word' id='word_1_84' title='bbox 693 1268 829 1321; x_wconf 75' lang='grc' dir='ltr'><strong>ἀλλά</strong></span> <span class='ocrx_word' id='word_1_85' title='bbox 860 1268 1051 1338; x_wconf 79' lang='grc' dir='ltr'>μακρά</span> <span class='ocrx_word' id='word_1_86' title='bbox 1084 1268 1298 1340; x_wconf 74' lang='grc' dir='ltr'>χαίρειν</span> <span class='ocrx_word' id='word_1_87' title='bbox 1317 1264 1483 1316; x_wconf 81' lang='grc' dir='ltr'>εἰπὼν</span> <span class='ocrx_word' id='word_1_88' title='bbox 1507 1264 1601 1315; x_wconf 75' lang='grc' dir='ltr'><strong>καὶ</strong></span> <span class='ocrx_word' id='word_1_89' title='bbox 1626 1264 1790 1333; x_wconf 80' lang='grc' dir='ltr'>γήρᾳ,</span> 
     </span>
    </p>
   </div>
   <div class='ocr_carea' id='block_1_13' title="bbox 198 1356 1790 1433">
    <p class='ocr_par' dir='ltr' id='par_1_13' title="bbox 198 1356 1790 1433">
     <span class='ocr_line' id='line_1_13' title="bbox 198 1356 1790 1433; baseline -0.007 -15"><span class='ocrx_word' id='word_1_90' title='bbox 198 1368 295 1419; x_wconf 71' lang='grc' dir='ltr'><strong>καὶ</strong></span> <span class='ocrx_word' id='word_1_91' title='bbox 317 1363 537 1433; x_wconf 73' lang='grc' dir='ltr'>ἡσυχία,</span> <span class='ocrx_word' id='word_1_92' title='bbox 573 1363 666 1415; x_wconf 64' lang='grc' dir='ltr'>καὶ</span> <span class='ocrx_word' id='word_1_93' title='bbox 699 1360 984 1431; x_wconf 82' lang='grc' dir='ltr'>μοναχικῷ</span> <span class='ocrx_word' id='word_1_94' title='bbox 1012 1362 1105 1413; x_wconf 73' lang='grc' dir='ltr'><strong>καὶ</strong></span> <span class='ocrx_word' id='word_1_95' title='bbox 1132 1360 1371 1429; x_wconf 79' lang='grc' dir='ltr'>σχήματι</span> <span class='ocrx_word' id='word_1_96' title='bbox 1398 1356 1493 1409; x_wconf 72' lang='grc' dir='ltr'><strong>καὶ</strong></span> <span class='ocrx_word' id='word_1_97' title='bbox 1523 1357 1790 1424; x_wconf 77' lang='grc' dir='ltr'><strong>μνήματι,</strong></span> 
     </span>
    </p>
   </div>
   <div class='ocr_carea' id='block_1_14' title="bbox 194 1446 1791 1523">
    <p class='ocr_par' dir='ltr' id='par_1_14' title="bbox 194 1446 1791 1523">
     <span class='ocr_line' id='line_1_14' title="bbox 194 1446 1791 1523; baseline -0.006 -17"><span class='ocrx_word' id='word_1_98' title='bbox 194 1455 345 1516; x_wconf 86' lang='grc' dir='ltr'>ὅπως</span> <span class='ocrx_word' id='word_1_99' title='bbox 386 1453 563 1523; x_wconf 73' lang='grc' dir='ltr'>ψυχὴν</span> <span class='ocrx_word' id='word_1_100' title='bbox 616 1451 725 1504; x_wconf 83' lang='grc' dir='ltr'><strong>τῶν</strong></span> <span class='ocrx_word' id='word_1_101' title='bbox 778 1451 1014 1503; x_wconf 77' lang='grc' dir='ltr'><strong>δικτύων</strong></span> <span class='ocrx_word' id='word_1_102' title='bbox 1068 1450 1335 1519; x_wconf 77' lang='grc' dir='ltr'>ὲξελκύσῃ</span> <span class='ocrx_word' id='word_1_103' title='bbox 1375 1446 1469 1498; x_wconf 83' lang='grc' dir='ltr'>τοῦ</span> <span class='ocrx_word' id='word_1_104' title='bbox 1511 1446 1791 1508; x_wconf 77' lang='grc' dir='ltr'>διαϐόλου,</span> 
     </span>
    </p>
   </div>
   <div class='ocr_carea' id='block_1_15' title="bbox 194 1538 1796 1617">
    <p class='ocr_par' dir='ltr' id='par_1_15' title="bbox 194 1538 1796 1617">
     <span class='ocr_line' id='line_1_15' title="bbox 194 1538 1796 1617; baseline -0.006 -18"><span class='ocrx_word' id='word_1_105' title='bbox 194 1547 296 1600; x_wconf 77' lang='grc' dir='ltr'>καὶ</span> <span class='ocrx_word' id='word_1_106' title='bbox 327 1548 699 1617; x_wconf 78' lang='grc' dir='ltr'><strong>στρατιωτικῇ</strong></span> <span class='ocrx_word' id='word_1_107' title='bbox 742 1544 840 1614; x_wconf 68' lang='grc' dir='ltr'>μὲν</span> <span class='ocrx_word' id='word_1_108' title='bbox 874 1546 1224 1613; x_wconf 76' lang='grc' dir='ltr'>χρησάμενος</span> <span class='ocrx_word' id='word_1_109' title='bbox 1249 1544 1313 1610; x_wconf 78' lang='grc' dir='ltr'>τῇ</span> <span class='ocrx_word' id='word_1_110' title='bbox 1351 1539 1535 1609; x_wconf 80' lang='grc' dir='ltr'>στολῇ,</span> <span class='ocrx_word' id='word_1_111' title='bbox 1567 1538 1796 1607; x_wconf 72' lang='grc' dir='ltr'>ἐνθέμε-</span> 
     </span>
    </p>
   </div>
   <div class='ocr_carea' id='block_1_16' title="bbox 192 1629 1793 1705">
    <p class='ocr_par' dir='ltr' id='par_1_16' title="bbox 192 1629 1793 1705">
     <span class='ocr_line' id='line_1_16' title="bbox 192 1629 1793 1705; baseline -0.006 -16"><span class='ocrx_word' id='word_1_112' title='bbox 192 1654 287 1698; x_wconf 82' lang='grc' dir='ltr'><strong>νος</strong></span> <span class='ocrx_word' id='word_1_113' title='bbox 332 1636 390 1688; x_wconf 68' lang='grc' dir='ltr'>δὲ</span> <span class='ocrx_word' id='word_1_114' title='bbox 445 1636 521 1705; x_wconf 79' lang='grc' dir='ltr'>τῷ</span> <span class='ocrx_word' id='word_1_115' title='bbox 582 1636 770 1704; x_wconf 83' lang='grc' dir='ltr'>κόλπῳ</span> <span class='ocrx_word' id='word_1_116' title='bbox 812 1637 908 1686; x_wconf 75' lang='grc' dir='ltr'>καὶ</span> <span class='ocrx_word' id='word_1_117' title='bbox 957 1634 1201 1704; x_wconf 83' lang='grc' dir='ltr'>νόμισμα</span> <span class='ocrx_word' id='word_1_118' title='bbox 1257 1631 1313 1683; x_wconf 78' lang='grc' dir='ltr'>ἓν</span> <span class='ocrx_word' id='word_1_119' title='bbox 1358 1630 1649 1698; x_wconf 81' lang='grc' dir='ltr'>(τοσούτου</span> <span class='ocrx_word' id='word_1_120' title='bbox 1684 1629 1793 1698; x_wconf 79' lang='grc' dir='ltr'><strong>γάρ</strong></span> 
     </span>
    </p>
   </div>
   <div class='ocr_carea' id='block_1_17' title="bbox 192 1707 1793 1798">
    <p class='ocr_par' dir='ltr' id='par_1_17' title="bbox 192 1707 1793 1798">
     <span class='ocr_line' id='line_1_17' title="bbox 192 1707 1793 1798; baseline -0.004 -20"><span class='ocrx_word' id='word_1_121' title='bbox 192 1728 494 1798; x_wconf 73' lang='grc' dir='ltr'>ὶτύγχανεν</span> <span class='ocrx_word' id='word_1_122' title='bbox 542 1727 849 1797; x_wconf 75' lang='grc' dir='ltr'>εὐπορῶν),</span> <span class='ocrx_word' id='word_1_123' title='bbox 914 1726 1084 1777; x_wconf 78' lang='grc' dir='ltr'>ἵππον</span> <span class='ocrx_word' id='word_1_124' title='bbox 1111 1741 1169 1775; x_wconf 90' lang='grc' dir='ltr'><strong>τε</strong></span> <span class='ocrx_word' id='word_1_125' title='bbox 1203 1707 1645 1792; x_wconf 60' lang='grc' dir='ltr'>μισθωσάμενος,</span> <span class='ocrx_word' id='word_1_126' title='bbox 1697 1724 1793 1773; x_wconf 85' lang='grc' dir='ltr'>καὶ</span> 
     </span>
    </p>
   </div>
   <div class='ocr_carea' id='block_1_18' title="bbox 190 1811 1790 1888">
    <p class='ocr_par' dir='ltr' id='par_1_18' title="bbox 190 1811 1790 1888">
     <span class='ocr_line' id='line_1_18' title="bbox 190 1811 1790 1888; baseline -0.004 -16"><span class='ocrx_word' id='word_1_127' title='bbox 190 1822 394 1872; x_wconf 84' lang='grc' dir='ltr'>τούτου</span> <span class='ocrx_word' id='word_1_128' title='bbox 421 1820 483 1872; x_wconf 75' lang='grc' dir='ltr'>τὸ</span> <span class='ocrx_word' id='word_1_129' title='bbox 512 1822 673 1888; x_wconf 81' lang='grc' dir='ltr'>τάχος</span> <span class='ocrx_word' id='word_1_130' title='bbox 708 1821 925 1883; x_wconf 75' lang='grc' dir='ltr'>ὲπιδὰς,</span> <span class='ocrx_word' id='word_1_131' title='bbox 960 1818 1101 1871; x_wconf 83' lang='grc' dir='ltr'>κατὰ</span> <span class='ocrx_word' id='word_1_132' title='bbox 1129 1818 1221 1869; x_wconf 82' lang='grc' dir='ltr'><strong>τὸν</strong></span> <span class='ocrx_word' id='word_1_133' title='bbox 1246 1816 1467 1888; x_wconf 90' lang='grc' dir='ltr'>πρῶτον</span> <span class='ocrx_word' id='word_1_134' title='bbox 1502 1817 1595 1869; x_wconf 81' lang='grc' dir='ltr'>καὶ</span> <span class='ocrx_word' id='word_1_135' title='bbox 1632 1811 1790 1876; x_wconf 82' lang='grc' dir='ltr'>οὗτος</span> 
     </span>
    </p>
   </div>
   <div class='ocr_carea' id='block_1_19' title="bbox 203 1908 1789 1983">
    <p class='ocr_par' dir='ltr' id='par_1_19' title="bbox 203 1908 1789 1983">
     <span class='ocr_line' id='line_1_19' title="bbox 203 1908 1789 1983; baseline -0.003 -17"><span class='ocrx_word' id='word_1_136' title='bbox 203 1914 462 1983; x_wconf 76' lang='grc' dir='ltr'>Ἀϐραὰμ</span> <span class='ocrx_word' id='word_1_137' title='bbox 486 1914 583 1982; x_wconf 84' lang='grc' dir='ltr'>τῆς</span> <span class='ocrx_word' id='word_1_138' title='bbox 606 1913 700 1965; x_wconf 70' lang='grc' dir='ltr'><strong>ἐπὶ</strong></span> <span class='ocrx_word' id='word_1_139' title='bbox 728 1912 790 1964; x_wconf 68' lang='grc' dir='ltr'>τὸ</span> <span class='ocrx_word' id='word_1_140' title='bbox 825 1912 1141 1980; x_wconf 79' lang='grc' dir='ltr'>πανδοχεῖον</span> <span class='ocrx_word' id='word_1_141' title='bbox 1176 1909 1452 1978; x_wconf 78' lang='grc' dir='ltr'>φερούσης</span> <span class='ocrx_word' id='word_1_142' title='bbox 1490 1908 1686 1980; x_wconf 67' lang='grc' dir='ltr'>ἥψατο.</span> <span class='ocrx_word' id='word_1_143' title='bbox 1731 1910 1789 1962; x_wconf 87' lang='lat'><strong>&#39;0</strong></span> 
     </span>
    </p>
   </div>
   <div class='ocr_carea' id='block_1_20' title="bbox 192 2001 1787 2076">
    <p class='ocr_par' dir='ltr' id='par_1_20' title="bbox 192 2001 1787 2076">
     <span class='ocr_line' id='line_1_20' title="bbox 192 2001 1787 2076; baseline -0.003 -19"><span class='ocrx_word' id='word_1_144' title='bbox 192 2007 296 2074; x_wconf 84' lang='grc' dir='ltr'>μὲν</span> <span class='ocrx_word' id='word_1_145' title='bbox 333 2008 442 2076; x_wconf 70' lang='grc' dir='ltr'><strong>γὰρ</strong></span> <span class='ocrx_word' id='word_1_146' title='bbox 492 2004 633 2057; x_wconf 86' lang='grc' dir='ltr'><strong>κατά</strong></span> <span class='ocrx_word' id='word_1_147' title='bbox 687 2004 797 2056; x_wconf 88' lang='grc' dir='ltr'><strong>τῶν</strong></span> <span class='ocrx_word' id='word_1_148' title='bbox 850 2004 1015 2056; x_wconf 79' lang='grc' dir='ltr'>πέντε</span> <span class='ocrx_word' id='word_1_149' title='bbox 1073 2002 1343 2071; x_wconf 81' lang='grc' dir='ltr'>βασιλέων</span> <span class='ocrx_word' id='word_1_150' title='bbox 1372 2001 1787 2070; x_wconf 78' lang='grc' dir='ltr'>ἐκστρατεύσας</span> 
     </span>
    </p>
   </div>
   <div class='ocr_carea' id='block_1_21' title="bbox 187 2093 1789 2161">
    <p class='ocr_par' dir='ltr' id='par_1_21' title="bbox 187 2093 1789 2161">
     <span class='ocr_line' id='line_1_21' title="bbox 187 2093 1789 2161; baseline -0.001 -14"><span class='ocrx_word' id='word_1_151' title='bbox 187 2095 315 2147; x_wconf 83' lang='grc' dir='ltr'><strong>Λὼτ</strong></span> <span class='ocrx_word' id='word_1_152' title='bbox 342 2100 434 2148; x_wconf 73' lang='grc' dir='ltr'><strong>τὶν</strong></span> <span class='ocrx_word' id='word_1_153' title='bbox 464 2095 655 2146; x_wconf 87' lang='grc' dir='ltr'>τούτου</span> <span class='ocrx_word' id='word_1_154' title='bbox 685 2095 1003 2161; x_wconf 81' lang='grc' dir='ltr'>ἀδελφιδοῦν</span> <span class='ocrx_word' id='word_1_155' title='bbox 1028 2093 1343 2145; x_wconf 82' lang='grc' dir='ltr'>ἀνεσώσατο</span> <span class='ocrx_word' id='word_1_156' title='bbox 1368 2094 1465 2157; x_wconf 82' lang='grc' dir='ltr'>τῆς</span> <span class='ocrx_word' id='word_1_157' title='bbox 1498 2093 1789 2161; x_wconf 79' lang='grc' dir='ltr'>αίχμαλω-</span> 
     </span>
    </p>
   </div>
   <div class='ocr_carea' id='block_1_22' title="bbox 190 2183 1790 2255">
    <p class='ocr_par' dir='ltr' id='par_1_22' title="bbox 190 2183 1790 2255">
     <span class='ocr_line' id='line_1_22' title="bbox 190 2183 1790 2255; baseline -0.001 -17"><span class='ocrx_word' id='word_1_158' title='bbox 190 2187 333 2248; x_wconf 87' lang='grc' dir='ltr'>σίας,</span> <span class='ocrx_word' id='word_1_159' title='bbox 370 2188 397 2238; x_wconf 90' lang='lat'><strong>6</strong></span> <span class='ocrx_word' id='word_1_160' title='bbox 421 2186 477 2237; x_wconf 84' lang='grc' dir='ltr'>δὲ</span> <span class='ocrx_word' id='word_1_161' title='bbox 512 2185 645 2255; x_wconf 79' lang='grc' dir='ltr'>πρὸς</span> <span class='ocrx_word' id='word_1_162' title='bbox 677 2185 856 2253; x_wconf 81' lang='grc' dir='ltr'>πάλην</span> <span class='ocrx_word' id='word_1_163' title='bbox 892 2184 970 2252; x_wconf 80' lang='grc' dir='ltr'>τῷ</span> <span class='ocrx_word' id='word_1_164' title='bbox 996 2183 1363 2251; x_wconf 80' lang='grc' dir='ltr'>ἀντικειμένῳ</span> <span class='ocrx_word' id='word_1_165' title='bbox 1395 2186 1656 2253; x_wconf 76' lang='grc' dir='ltr'>χωρήσας</span> <span class='ocrx_word' id='word_1_166' title='bbox 1692 2187 1790 2237; x_wconf 73' lang='grc' dir='ltr'>καὶ</span> 
     </span>
    </p>
   </div>
   <div class='ocr_carea' id='block_1_23' title="bbox 190 2272 1784 2346">
    <p class='ocr_par' dir='ltr' id='par_1_23' title="bbox 190 2272 1784 2346">
     <span class='ocr_line' id='line_1_23' title="bbox 190 2272 1784 2346; baseline 0.003 -20"><span class='ocrx_word' id='word_1_167' title='bbox 190 2277 334 2328; x_wconf 81' lang='grc' dir='ltr'><strong>κατά</strong></span> <span class='ocrx_word' id='word_1_168' title='bbox 371 2276 568 2346; x_wconf 79' lang='grc' dir='ltr'>κράτος</span> <span class='ocrx_word' id='word_1_169' title='bbox 617 2272 806 2328; x_wconf 78' lang='grc' dir='ltr'>τοῦτον</span> <span class='ocrx_word' id='word_1_170' title='bbox 864 2273 1023 2342; x_wconf 77' lang='grc' dir='ltr'>ἑλὼν,</span> <span class='ocrx_word' id='word_1_171' title='bbox 1069 2272 1170 2343; x_wconf 79' lang='grc' dir='ltr'>τὴν</span> <span class='ocrx_word' id='word_1_172' title='bbox 1228 2272 1439 2326; x_wconf 82' lang='grc' dir='ltr'>οἰκείαν</span> <span class='ocrx_word' id='word_1_173' title='bbox 1489 2274 1784 2345; x_wconf 73' lang='grc' dir='ltr'>ἀδελφιδὴν</span> 
     </span>
    </p>
   </div>
   <div class='ocr_carea' id='block_1_24' title="bbox 189 2371 421 2436">
    <p class='ocr_par' dir='ltr' id='par_1_24' title="bbox 189 2371 421 2436">
     <span class='ocr_line' id='line_1_24' title="bbox 189 2371 421 2436; baseline 0.009 -18"><span class='ocrx_word' id='word_1_174' title='bbox 189 2371 421 2436; x_wconf 65' lang='grc' dir='ltr'>ᾗγαγεν.</span> 
     </span>
    </p>
   </div>
   <div class='ocr_carea' id='block_1_25' title="bbox 263 2458 1789 2530">
    <p class='ocr_par' dir='ltr' id='par_1_25' title="bbox 263 2458 1789 2530">
     <span class='ocr_line' id='line_1_25' title="bbox 263 2458 1789 2530; baseline 0.001 -15"><span class='ocrx_word' id='word_1_175' title='bbox 263 2460 390 2515; x_wconf 79' lang='lat' dir='ltr'><strong>KB’.</strong></span> <span class='ocrx_word' id='word_1_176' title='bbox 433 2460 773 2515; x_wconf 77' lang='grc' dir='ltr'>Καταλαδὼν</span> <span class='ocrx_word' id='word_1_177' title='bbox 828 2461 1008 2514; x_wconf 82' lang='grc' dir='ltr'>τοίνυν</span> <span class='ocrx_word' id='word_1_178' title='bbox 1063 2460 1123 2513; x_wconf 80' lang='grc' dir='ltr'><strong>τὸ</strong></span> <span class='ocrx_word' id='word_1_179' title='bbox 1166 2462 1508 2530; x_wconf 82' lang='grc' dir='ltr'>πανδοχεῖον,</span> <span class='ocrx_word' id='word_1_180' title='bbox 1564 2458 1653 2517; x_wconf 69' lang='grc' dir='ltr'>οἶά</span> <span class='ocrx_word' id='word_1_181' title='bbox 1706 2484 1789 2529; x_wconf 78' lang='grc' dir='ltr'><strong>τις</strong></span> 
     </span>
    </p>
   </div>
   <div class='ocr_carea' id='block_1_26' title="bbox 189 2552 1789 2626">
    <p class='ocr_par' dir='ltr' id='par_1_26' title="bbox 189 2552 1789 2626">
     <span class='ocr_line' id='line_1_26' title="bbox 189 2552 1789 2626; baseline -0.001 -19"><span class='ocrx_word' id='word_1_182' title='bbox 189 2557 457 2626; x_wconf 75' lang='grc' dir='ltr'>ἔμπειρος</span> <span class='ocrx_word' id='word_1_183' title='bbox 498 2554 749 2623; x_wconf 82' lang='grc' dir='ltr'>θηρατὴς</span> <span class='ocrx_word' id='word_1_184' title='bbox 781 2556 877 2605; x_wconf 77' lang='grc' dir='ltr'><strong>καὶ</strong></span> <span class='ocrx_word' id='word_1_185' title='bbox 931 2552 1193 2614; x_wconf 84' lang='grc' dir='ltr'>πολλάκις</span> <span class='ocrx_word' id='word_1_186' title='bbox 1225 2553 1483 2619; x_wconf 76' lang='grc' dir='ltr'>τοιαύτης</span> <span class='ocrx_word' id='word_1_187' title='bbox 1533 2553 1706 2622; x_wconf 87' lang='grc' dir='ltr'>θήρας</span> <span class='ocrx_word' id='word_1_188' title='bbox 1739 2574 1789 2607; x_wconf 93' lang='grc' dir='ltr'><strong>τι</strong></span> 
     </span>
    </p>
   </div>
   <div class='ocr_carea' id='block_1_27' title="bbox 188 2641 1792 2715">
    <p class='ocr_par' dir='ltr' id='par_1_27' title="bbox 188 2641 1792 2715">
     <span class='ocr_line' id='line_1_27' title="bbox 188 2641 1792 2715; baseline 0 -19"><span class='ocrx_word' id='word_1_189' title='bbox 188 2647 391 2715; x_wconf 81' lang='grc' dir='ltr'>τυχὼν,</span> <span class='ocrx_word' id='word_1_190' title='bbox 428 2646 733 2714; x_wconf 81' lang='grc' dir='ltr'>παρετήρει</span> <span class='ocrx_word' id='word_1_191' title='bbox 770 2643 897 2711; x_wconf 79' lang='grc' dir='ltr'>τῇδε</span> <span class='ocrx_word' id='word_1_192' title='bbox 927 2642 1175 2703; x_wconf 82' lang='grc' dir='ltr'>κάκεῖσε,</span> <span class='ocrx_word' id='word_1_193' title='bbox 1211 2641 1267 2692; x_wconf 81' lang='grc' dir='ltr'><strong>εί</strong></span> <span class='ocrx_word' id='word_1_194' title='bbox 1294 2660 1395 2694; x_wconf 87' lang='grc' dir='ltr'><strong>που</strong></span> <span class='ocrx_word' id='word_1_195' title='bbox 1426 2642 1625 2712; x_wconf 69' lang='grc' dir='ltr'>μικρὸν</span> <span class='ocrx_word' id='word_1_196' title='bbox 1658 2645 1792 2695; x_wconf 83' lang='grc' dir='ltr'>ὑπο-</span> 
     </span>
    </p>
   </div>
   <div class='ocr_carea' id='block_1_28' title="bbox 190 2732 1792 2807">
    <p class='ocr_par' dir='ltr' id='par_1_28' title="bbox 190 2732 1792 2807">
     <span class='ocr_line' id='line_1_28' title="bbox 190 2732 1792 2807; baseline -0.003 -15"><span class='ocrx_word' id='word_1_197' title='bbox 190 2739 387 2807; x_wconf 70' lang='grc' dir='ltr'>ὀλέψαι</span> <span class='ocrx_word' id='word_1_198' title='bbox 422 2736 677 2803; x_wconf 75' lang='grc' dir='ltr'>δυνηθείη</span> <span class='ocrx_word' id='word_1_199' title='bbox 712 2734 771 2785; x_wconf 70' lang='grc' dir='ltr'>τὸ</span> <span class='ocrx_word' id='word_1_200' title='bbox 806 2734 1066 2802; x_wconf 79' lang='grc' dir='ltr'>θήραμα’</span> <span class='ocrx_word' id='word_1_201' title='bbox 1104 2732 1226 2785; x_wconf 71' lang='grc' dir='ltr'>ἐπεὶ</span> <span class='ocrx_word' id='word_1_202' title='bbox 1258 2733 1314 2785; x_wconf 82' lang='grc' dir='ltr'>δὲ</span> <span class='ocrx_word' id='word_1_203' title='bbox 1340 2735 1507 2795; x_wconf 71' lang='grc' dir='ltr'>πολὺς</span> <span class='ocrx_word' id='word_1_204' title='bbox 1542 2734 1792 2805; x_wconf 74' lang='grc' dir='ltr'>ἐτρίϐετο</span> 
     </span>
    </p>
   </div>
   <div class='ocr_carea' id='block_1_29' title="bbox 190 2822 1794 2898">
    <p class='ocr_par' dir='ltr' id='par_1_29' title="bbox 190 2822 1794 2898">
     <span class='ocr_line' id='line_1_29' title="bbox 190 2822 1794 2898; baseline 0.001 -20"><span class='ocrx_word' id='word_1_205' title='bbox 190 2828 385 2898; x_wconf 78' lang='grc' dir='ltr'>χρόνος</span> <span class='ocrx_word' id='word_1_206' title='bbox 414 2825 585 2893; x_wconf 69' lang='grc' dir='ltr'>αὐτῷ,</span> <span class='ocrx_word' id='word_1_207' title='bbox 621 2826 711 2875; x_wconf 70' lang='grc' dir='ltr'>καὶ</span> <span class='ocrx_word' id='word_1_208' title='bbox 764 2824 864 2876; x_wconf 83' lang='grc' dir='ltr'><strong>οὐκ</strong></span> <span class='ocrx_word' id='word_1_209' title='bbox 926 2822 1098 2894; x_wconf 73' lang='grc' dir='ltr'>εἶχεν,</span> <span class='ocrx_word' id='word_1_210' title='bbox 1144 2826 1291 2889; x_wconf 80' lang='grc' dir='ltr'>ὅπως</span> <span class='ocrx_word' id='word_1_211' title='bbox 1324 2826 1421 2895; x_wconf 80' lang='grc' dir='ltr'><strong>τὴν</strong></span> <span class='ocrx_word' id='word_1_212' title='bbox 1448 2825 1794 2896; x_wconf 80' lang='grc' dir='ltr'>ζητουμένην</span> 
     </span>
    </p>
   </div>
   <div class='ocr_carea' id='block_1_30' title="bbox 190 2916 1797 2987">
    <p class='ocr_par' dir='ltr' id='par_1_30' title="bbox 190 2916 1797 2987">
     <span class='ocr_line' id='line_1_30' title="bbox 190 2916 1797 2987; baseline -0.001 -16"><span class='ocrx_word' id='word_1_213' title='bbox 190 2920 462 2986; x_wconf 73' lang='grc' dir='ltr'>θεάσηται</span> <span class='ocrx_word' id='word_1_214' title='bbox 500 2934 511 2945; x_wconf 63' lang='grc' dir='ltr'>ί</span> <span class='ocrx_word' id='word_1_215' title='bbox 546 2917 925 2985; x_wconf 80' lang='grc' dir='ltr'>τοσουτῳ¹γὰρ</span> <span class='ocrx_word' id='word_1_216' title='bbox 957 2917 1139 2986; x_wconf 78' lang='grc' dir='ltr'>ἐκείνη</span> <span class='ocrx_word' id='word_1_217' title='bbox 1166 2916 1450 2987; x_wconf 85' lang='grc' dir='ltr'>σώφρονας</span> <span class='ocrx_word' id='word_1_218' title='bbox 1481 2917 1797 2986; x_wconf 76' lang='grc' dir='ltr'>ὀφθαλμοϋς</span> 
     </span>
    </p>
   </div>
   <div class='ocr_carea' id='block_1_31' title="bbox 189 3007 1793 3079">
    <p class='ocr_par' dir='ltr' id='par_1_31' title="bbox 189 3007 1793 3079">
     <span class='ocr_line' id='line_1_31' title="bbox 189 3007 1793 3079; baseline -0.002 -17"><span class='ocrx_word' id='word_1_219' title='bbox 189 3010 552 3079; x_wconf 68' lang='grc' dir='ltr'>ἐφυλάττετο,</span> <span class='ocrx_word' id='word_1_220' title='bbox 585 3010 696 3078; x_wconf 84' lang='grc' dir='ltr'><strong>ὅσῳ</strong></span> <span class='ocrx_word' id='word_1_221' title='bbox 727 3008 1042 3060; x_wconf 74' lang='grc' dir='ltr'>τούναντίον</span> <span class='ocrx_word' id='word_1_222' title='bbox 1090 3007 1293 3077; x_wconf 82' lang='grc' dir='ltr'>λίχνοις</span> <span class='ocrx_word' id='word_1_223' title='bbox 1326 3008 1421 3059; x_wconf 69' lang='grc' dir='ltr'><strong>καὶ</strong></span> <span class='ocrx_word' id='word_1_224' title='bbox 1468 3007 1793 3069; x_wconf 81' lang='grc' dir='ltr'>ἀκολάστοις</span> 
     </span>
    </p>
   </div>
   <div class='ocr_carea' id='block_1_32' title="bbox 190 3097 1792 3175">
    <p class='ocr_par' dir='ltr' id='par_1_32' title="bbox 190 3097 1792 3175">
     <span class='ocr_line' id='line_1_32' title="bbox 190 3097 1792 3175; baseline -0.004 -18"><span class='ocrx_word' id='word_1_225' title='bbox 190 3107 525 3175; x_wconf 73' lang='grc' dir='ltr'>ἐπέτρεχεν·</span> <span class='ocrx_word' id='word_1_226' title='bbox 601 3105 723 3153; x_wconf 75' lang='grc' dir='ltr'>ἐπεὶ</span> <span class='ocrx_word' id='word_1_227' title='bbox 783 3102 969 3151; x_wconf 82' lang='grc' dir='ltr'>τοίνυν</span> <span class='ocrx_word' id='word_1_228' title='bbox 1008 3100 1184 3161; x_wconf 75' lang='grc' dir='ltr'>οὕτως</span> <span class='ocrx_word' id='word_1_229' title='bbox 1219 3097 1334 3169; x_wconf 74' lang='grc' dir='ltr'>εἷχε</span> <span class='ocrx_word' id='word_1_230' title='bbox 1382 3102 1480 3153; x_wconf 60' lang='grc' dir='ltr'><strong>καὶ⁸</strong></span> <span class='ocrx_word' id='word_1_231' title='bbox 1530 3104 1659 3173; x_wconf 77' lang='grc' dir='ltr'>περὶ</span> <span class='ocrx_word' id='word_1_232' title='bbox 1696 3102 1792 3173; x_wconf 80' lang='grc' dir='ltr'>τὴν</span> 
     </span>
    </p>
   </div>
   <div class='ocr_carea' id='block_1_33' title="bbox 190 3188 1794 3260">
    <p class='ocr_par' dir='ltr' id='par_1_33' title="bbox 190 3188 1794 3260">
     <span class='ocr_line' id='line_1_33' title="bbox 190 3188 1794 3260; baseline -0.001 -13"><span class='ocrx_word' id='word_1_233' title='bbox 190 3196 325 3247; x_wconf 81' lang='grc' dir='ltr'>Θέαν</span> <span class='ocrx_word' id='word_1_234' title='bbox 352 3193 526 3260; x_wconf 78' lang='grc' dir='ltr'>αὐτῆς</span> <span class='ocrx_word' id='word_1_235' title='bbox 559 3190 861 3253; x_wconf 81' lang='grc' dir='ltr'>ἀδυνάτως,</span> <span class='ocrx_word' id='word_1_236' title='bbox 914 3188 1217 3242; x_wconf 82' lang='grc' dir='ltr'>ὲπινοεῖταί</span> <span class='ocrx_word' id='word_1_237' title='bbox 1256 3207 1307 3242; x_wconf 91' lang='grc' dir='ltr'><strong>τι</strong></span> <span class='ocrx_word' id='word_1_238' title='bbox 1345 3194 1597 3260; x_wconf 77' lang='grc' dir='ltr'>πρᾶγμα,</span> <span class='ocrx_word' id='word_1_239' title='bbox 1646 3194 1673 3245; x_wconf 86' lang='grc' dir='ltr'><strong>δ</strong></span> <span class='ocrx_word' id='word_1_240' title='bbox 1703 3194 1794 3245; x_wconf 78' lang='grc' dir='ltr'>καὶ</span> 
     </span>
    </p>
   </div>
   <div class='ocr_carea' id='block_1_34' title="bbox 1901 609 3472 683">
    <p class='ocr_par' dir='ltr' id='par_1_34' title="bbox 1901 609 3472 683">
     <span class='ocr_line' id='line_1_34' title="bbox 1901 609 3472 683; baseline -0.001 -14"><span class='ocrx_word' id='word_1_241' title='bbox 1901 614 2159 683; x_wconf 87' lang='lat' dir='ltr'><strong>temporis</strong></span> <span class='ocrx_word' id='word_1_242' title='bbox 2192 610 2552 681; x_wconf 75' lang='lat' dir='ltr'><strong>significabat.</strong></span> <span class='ocrx_word' id='word_1_243' title='bbox 2584 609 2744 664; x_wconf 89' lang='lat' dir='ltr'><strong>Circa</strong></span> <span class='ocrx_word' id='word_1_244' title='bbox 2782 610 2941 664; x_wconf 83' lang='lat' dir='ltr'><strong>linem</strong></span> <span class='ocrx_word' id='word_1_245' title='bbox 3008 622 3187 665; x_wconf 88' lang='lat' dir='ltr'><strong>autem</strong></span> <span class='ocrx_word' id='word_1_246' title='bbox 3248 618 3472 669; x_wconf 82' lang='lat' dir='ltr'><strong>secundi</strong></span> 
     </span>
    </p>
   </div>
   <div class='ocr_carea' id='block_1_35' title="bbox 1899 701 3477 772">
    <p class='ocr_par' dir='ltr' id='par_1_35' title="bbox 1899 701 3477 772">
     <span class='ocr_line' id='line_1_35' title="bbox 1899 701 3477 772; baseline -0.001 -11"><span class='ocrx_word' id='word_1_247' title='bbox 1899 706 2025 761; x_wconf 91' lang='lat' dir='ltr'><strong>anni</strong></span> <span class='ocrx_word' id='word_1_248' title='bbox 2053 704 2343 759; x_wconf 73' lang='lat' dir='ltr'><strong>revertitur</strong></span> <span class='ocrx_word' id='word_1_249' title='bbox 2367 702 2582 770; x_wconf 91' lang='lat' dir='ltr'><strong>quidam</strong></span> <span class='ocrx_word' id='word_1_250' title='bbox 2621 701 2849 764; x_wconf 88' lang='lat' dir='ltr'><strong>amicus,</strong></span> <span class='ocrx_word' id='word_1_251' title='bbox 2884 702 2972 768; x_wconf 91' lang='lat' dir='ltr'><strong>qui</strong></span> <span class='ocrx_word' id='word_1_252' title='bbox 2996 701 3059 755; x_wconf 88' lang='lat' dir='ltr'><strong>ad</strong></span> <span class='ocrx_word' id='word_1_253' title='bbox 3084 718 3201 756; x_wconf 90' lang='lat' dir='ltr'><strong>eam</strong></span> <span class='ocrx_word' id='word_1_254' title='bbox 3226 720 3477 772; x_wconf 77' lang='lat' dir='ltr'><strong>quaeren-</strong></span> 
     </span>
    </p>
   </div>
   <div class='ocr_carea' id='block_1_36' title="bbox 1897 795 3477 863">
    <p class='ocr_par' dir='ltr' id='par_1_36' title="bbox 1897 795 3477 863">
     <span class='ocr_line' id='line_1_36' title="bbox 1897 795 3477 863; baseline -0.002 -11"><span class='ocrx_word' id='word_1_255' title='bbox 1897 799 2016 853; x_wconf 88' lang='lat' dir='ltr'><strong>dam</strong></span> <span class='ocrx_word' id='word_1_256' title='bbox 2050 797 2223 851; x_wconf 80' lang='lat' dir='ltr'><strong>fuerat</strong></span> <span class='ocrx_word' id='word_1_257' title='bbox 2249 798 2317 850; x_wconf 87' lang='lat' dir='ltr'><strong>ab</strong></span> <span class='ocrx_word' id='word_1_258' title='bbox 2352 796 2466 863; x_wconf 90' lang='lat' dir='ltr'><strong>ipso</strong></span> <span class='ocrx_word' id='word_1_259' title='bbox 2500 795 2723 859; x_wconf 89' lang='lat' dir='ltr'><strong>missus,</strong></span> <span class='ocrx_word' id='word_1_260' title='bbox 2755 796 2971 849; x_wconf 84' lang='lat' dir='ltr'><strong>ubinam</strong></span> <span class='ocrx_word' id='word_1_261' title='bbox 3023 810 3331 851; x_wconf 71' lang='lat' dir='ltr'><strong>versaretur</strong></span> <span class='ocrx_word' id='word_1_262' title='bbox 3365 797 3477 851; x_wconf 82' lang='lat' dir='ltr'><strong>fra-</strong></span> 
     </span>
    </p>
   </div>
   <div class='ocr_carea' id='block_1_37' title="bbox 1899 886 3475 957">
    <p class='ocr_par' dir='ltr' id='par_1_37' title="bbox 1899 886 3475 957">
     <span class='ocr_line' id='line_1_37' title="bbox 1899 886 3475 957; baseline -0.001 -14"><span class='ocrx_word' id='word_1_263' title='bbox 1899 890 1997 945; x_wconf 91' lang='lat' dir='ltr'><strong>tris</strong></span> <span class='ocrx_word' id='word_1_264' title='bbox 2031 888 2163 952; x_wconf 82' lang='lat' dir='ltr'><strong>ﬁlia,</strong></span> <span class='ocrx_word' id='word_1_265' title='bbox 2192 897 2246 942; x_wconf 90' lang='lat' dir='ltr'><strong>et</strong></span> <span class='ocrx_word' id='word_1_266' title='bbox 2276 886 2415 955; x_wconf 83' lang='lat' dir='ltr'><strong>apud</strong></span> <span class='ocrx_word' id='word_1_267' title='bbox 2447 901 2634 955; x_wconf 88' lang='lat' dir='ltr'><strong>quem,</strong></span> <span class='ocrx_word' id='word_1_268' title='bbox 2667 893 2723 938; x_wconf 88' lang='lat' dir='ltr'><strong>et</strong></span> <span class='ocrx_word' id='word_1_269' title='bbox 2750 887 3040 955; x_wconf 91' lang='lat' dir='ltr'><strong>quomodo,</strong></span> <span class='ocrx_word' id='word_1_270' title='bbox 3074 887 3253 939; x_wconf 84' lang='lat' dir='ltr'><strong>omnia</strong></span> <span class='ocrx_word' id='word_1_271' title='bbox 3288 899 3475 957; x_wconf 80' lang='lat' dir='ltr'><strong>aperte</strong></span> 
     </span>
    </p>
   </div>
   <div class='ocr_carea' id='block_1_38' title="bbox 1896 977 3475 1050">
    <p class='ocr_par' dir='ltr' id='par_1_38' title="bbox 1896 977 3475 1050">
     <span class='ocr_line' id='line_1_38' title="bbox 1896 977 3475 1050; baseline -0.003 -15"><span class='ocrx_word' id='word_1_272' title='bbox 1896 982 2209 1050; x_wconf 71' lang='lat' dir='ltr'><strong>signiﬁcans</strong></span> <span class='ocrx_word' id='word_1_273' title='bbox 2246 980 2524 1031; x_wconf 81' lang='lat' dir='ltr'><strong>Abramio.</strong></span> <span class='ocrx_word' id='word_1_274' title='bbox 2569 977 2659 1031; x_wconf 83' lang='lat' dir='ltr'><strong>ille</strong></span> <span class='ocrx_word' id='word_1_275' title='bbox 2690 992 2817 1030; x_wconf 90' lang='lat' dir='ltr'><strong>vero</strong></span> <span class='ocrx_word' id='word_1_276' title='bbox 2844 979 3033 1031; x_wconf 87' lang='lat' dir='ltr'><strong>statim</strong></span> <span class='ocrx_word' id='word_1_277' title='bbox 3063 979 3195 1031; x_wconf 84' lang='lat' dir='ltr'><strong>nihil</strong></span> <span class='ocrx_word' id='word_1_278' title='bbox 3248 982 3475 1036; x_wconf 72' lang='lat' dir='ltr'><strong>cuneta-</strong></span> 
     </span>
    </p>
   </div>
   <div class='ocr_carea' id='block_1_39' title="bbox 1897 1069 3475 1137">
    <p class='ocr_par' dir='ltr' id='par_1_39' title="bbox 1897 1069 3475 1137">
     <span class='ocr_line' id='line_1_39' title="bbox 1897 1069 3475 1137; baseline -0.003 -10"><span class='ocrx_word' id='word_1_279' title='bbox 1897 1082 2005 1137; x_wconf 87' lang='lat' dir='ltr'><strong>tus,</strong></span> <span class='ocrx_word' id='word_1_280' title='bbox 2029 1070 2122 1126; x_wconf 92' lang='lat' dir='ltr'><strong>sed</strong></span> <span class='ocrx_word' id='word_1_281' title='bbox 2140 1071 2363 1124; x_wconf 84' lang='lat' dir='ltr'><strong>multum</strong></span> <span class='ocrx_word' id='word_1_282' title='bbox 2391 1070 2571 1123; x_wconf 85' lang='lat' dir='ltr'><strong>valere</strong></span> <span class='ocrx_word' id='word_1_283' title='bbox 2594 1070 2784 1137; x_wconf 74' lang='lat' dir='ltr'><strong>iubens</strong></span> <span class='ocrx_word' id='word_1_284' title='bbox 2808 1078 2860 1122; x_wconf 90' lang='lat' dir='ltr'><strong>et</strong></span> <span class='ocrx_word' id='word_1_285' title='bbox 2878 1069 3111 1135; x_wconf 85' lang='lat' dir='ltr'><strong>senium,</strong></span> <span class='ocrx_word' id='word_1_286' title='bbox 3141 1081 3195 1123; x_wconf 89' lang='lat' dir='ltr'><strong>et</strong></span> <span class='ocrx_word' id='word_1_287' title='bbox 3221 1072 3475 1124; x_wconf 85' lang='lat' dir='ltr'><strong>exercita-</strong></span> 
     </span>
    </p>
   </div>
   <div class='ocr_carea' id='block_1_40' title="bbox 1898 1160 3479 1229">
    <p class='ocr_par' dir='ltr' id='par_1_40' title="bbox 1898 1160 3479 1229">
     <span class='ocr_line' id='line_1_40' title="bbox 1898 1160 3479 1229; baseline -0.003 -8"><span class='ocrx_word' id='word_1_288' title='bbox 1898 1166 2125 1228; x_wconf 83' lang='lat' dir='ltr'><strong>tionem,</strong></span> <span class='ocrx_word' id='word_1_289' title='bbox 2158 1175 2211 1217; x_wconf 91' lang='lat' dir='ltr'><strong>et</strong></span> <span class='ocrx_word' id='word_1_290' title='bbox 2245 1163 2545 1226; x_wconf 83' lang='lat' dir='ltr'><strong>silentium,</strong></span> <span class='ocrx_word' id='word_1_291' title='bbox 2598 1160 3070 1229; x_wconf 86' lang='lat' dir='ltr'><strong>monasticumque</strong></span> <span class='ocrx_word' id='word_1_292' title='bbox 3127 1165 3371 1217; x_wconf 85' lang='lat' dir='ltr'><strong>habitum</strong></span> <span class='ocrx_word' id='word_1_293' title='bbox 3426 1175 3479 1218; x_wconf 86' lang='lat' dir='ltr'><strong>et</strong></span> 
     </span>
    </p>
   </div>
   <div class='ocr_carea' id='block_1_41' title="bbox 1896 1252 3478 1321">
    <p class='ocr_par' dir='ltr' id='par_1_41' title="bbox 1896 1252 3478 1321">
     <span class='ocr_line' id='line_1_41' title="bbox 1896 1252 3478 1321; baseline -0.002 -10"><span class='ocrx_word' id='word_1_294' title='bbox 1896 1257 2195 1319; x_wconf 81' lang='lat' dir='ltr'><strong>incessunt,</strong></span> <span class='ocrx_word' id='word_1_295' title='bbox 2237 1266 2293 1307; x_wconf 92' lang='lat' dir='ltr'><strong>ut</strong></span> <span class='ocrx_word' id='word_1_296' title='bbox 2350 1255 2605 1307; x_wconf 83' lang='lat' dir='ltr'><strong>liberaret</strong></span> <span class='ocrx_word' id='word_1_297' title='bbox 2662 1254 2899 1305; x_wconf 87' lang='lat' dir='ltr'><strong>animam</strong></span> <span class='ocrx_word' id='word_1_298' title='bbox 2932 1268 2959 1305; x_wconf 89' lang='lat' dir='ltr'><strong>a</strong></span> <span class='ocrx_word' id='word_1_299' title='bbox 2996 1252 3207 1321; x_wconf 86' lang='lat' dir='ltr'><strong>laqueis</strong></span> <span class='ocrx_word' id='word_1_300' title='bbox 3254 1255 3478 1320; x_wconf 88' lang='lat' dir='ltr'><strong>diaboli,</strong></span> 
     </span>
    </p>
   </div>
   <div class='ocr_carea' id='block_1_42' title="bbox 1897 1346 3479 1410">
    <p class='ocr_par' dir='ltr' id='par_1_42' title="bbox 1897 1346 3479 1410">
     <span class='ocr_line' id='line_1_42' title="bbox 1897 1346 3479 1410; baseline -0.004 -4"><span class='ocrx_word' id='word_1_301' title='bbox 1897 1365 2020 1406; x_wconf 90' lang='lat' dir='ltr'><strong>cum</strong></span> <span class='ocrx_word' id='word_1_302' title='bbox 2061 1358 2266 1402; x_wconf 84' lang='lat' dir='ltr'><strong>vestem</strong></span> <span class='ocrx_word' id='word_1_303' title='bbox 2293 1347 2555 1399; x_wconf 75' lang='lat' dir='ltr'><strong>induisset</strong></span> <span class='ocrx_word' id='word_1_304' title='bbox 2588 1346 2901 1410; x_wconf 83' lang='lat' dir='ltr'><strong>militarem,</strong></span> <span class='ocrx_word' id='word_1_305' title='bbox 2939 1356 2990 1399; x_wconf 89' lang='lat' dir='ltr'><strong>et</strong></span> <span class='ocrx_word' id='word_1_306' title='bbox 3024 1346 3074 1398; x_wconf 89' lang='lat' dir='ltr'><strong>in</strong></span> <span class='ocrx_word' id='word_1_307' title='bbox 3106 1346 3281 1399; x_wconf 87' lang='lat' dir='ltr'><strong>sinum</strong></span> <span class='ocrx_word' id='word_1_308' title='bbox 3320 1362 3479 1399; x_wconf 81' lang='lat' dir='ltr'><strong>num-</strong></span> 
     </span>
    </p>
   </div>
   <div class='ocr_carea' id='block_1_43' title="bbox 1898 1438 3479 1510">
    <p class='ocr_par' dir='ltr' id='par_1_43' title="bbox 1898 1438 3479 1510">
     <span class='ocr_line' id='line_1_43' title="bbox 1898 1438 3479 1510; baseline -0.004 -14"><span class='ocrx_word' id='word_1_309' title='bbox 1898 1457 2047 1496; x_wconf 87' lang='lat' dir='ltr'><strong>mum</strong></span> <span class='ocrx_word' id='word_1_310' title='bbox 2076 1456 2238 1494; x_wconf 89' lang='lat' dir='ltr'><strong>unum</strong></span> <span class='ocrx_word' id='word_1_311' title='bbox 2278 1438 2594 1492; x_wconf 85' lang='lat' dir='ltr'><strong>immisisset</strong></span> <span class='ocrx_word' id='word_1_312' title='bbox 2638 1438 2867 1506; x_wconf 89' lang='lat' dir='ltr'><strong>(tantum</strong></span> <span class='ocrx_word' id='word_1_313' title='bbox 2897 1440 3040 1490; x_wconf 90' lang='lat' dir='ltr'><strong>enim</strong></span> <span class='ocrx_word' id='word_1_314' title='bbox 3089 1446 3206 1493; x_wconf 90' lang='lat' dir='ltr'><strong>erat</strong></span> <span class='ocrx_word' id='word_1_315' title='bbox 3237 1439 3287 1493; x_wconf 87' lang='lat' dir='ltr'><strong>ei</strong></span> <span class='ocrx_word' id='word_1_316' title='bbox 3322 1440 3479 1510; x_wconf 82' lang='lat' dir='ltr'><strong>opus)</strong></span> 
     </span>
    </p>
   </div>
   <div class='ocr_carea' id='block_1_44' title="bbox 1897 1531 3484 1599">
    <p class='ocr_par' dir='ltr' id='par_1_44' title="bbox 1897 1531 3484 1599">
     <span class='ocr_line' id='line_1_44' title="bbox 1897 1531 3484 1599; baseline -0.002 -13"><span class='ocrx_word' id='word_1_317' title='bbox 1897 1544 1952 1586; x_wconf 87' lang='lat' dir='ltr'><strong>et</strong></span> <span class='ocrx_word' id='word_1_318' title='bbox 2008 1548 2206 1599; x_wconf 89' lang='lat' dir='ltr'><strong>equum</strong></span> <span class='ocrx_word' id='word_1_319' title='bbox 2259 1531 2628 1595; x_wconf 81' lang='lat' dir='ltr'><strong>conduxisset,</strong></span> <span class='ocrx_word' id='word_1_320' title='bbox 2680 1539 2733 1583; x_wconf 86' lang='lat' dir='ltr'><strong>et</strong></span> <span class='ocrx_word' id='word_1_321' title='bbox 2761 1545 2881 1583; x_wconf 87' lang='lat' dir='ltr'><strong>eum</strong></span> <span class='ocrx_word' id='word_1_322' title='bbox 2918 1531 3317 1597; x_wconf 79' lang='lat' dir='ltr'><strong>quamprimum</strong></span> <span class='ocrx_word' id='word_1_323' title='bbox 3348 1546 3484 1583; x_wconf 84' lang='lat' dir='ltr'><strong>con-</strong></span> 
     </span>
    </p>
   </div>
   <div class='ocr_carea' id='block_1_45' title="bbox 1895 1619 3479 1690">
    <p class='ocr_par' dir='ltr' id='par_1_45' title="bbox 1895 1619 3479 1690">
     <span class='ocr_line' id='line_1_45' title="bbox 1895 1619 3479 1690; baseline -0.003 -12"><span class='ocrx_word' id='word_1_324' title='bbox 1895 1623 2218 1687; x_wconf 86' lang='lat' dir='ltr'><strong>scendissct,</strong></span> <span class='ocrx_word' id='word_1_325' title='bbox 2280 1622 2395 1688; x_wconf 87' lang='lat' dir='ltr'><strong>ipse</strong></span> <span class='ocrx_word' id='word_1_326' title='bbox 2421 1636 2638 1690; x_wconf 87' lang='lat' dir='ltr'><strong>quoque</strong></span> <span class='ocrx_word' id='word_1_327' title='bbox 2668 1622 2840 1674; x_wconf 90' lang='lat' dir='ltr'><strong>instar</strong></span> <span class='ocrx_word' id='word_1_328' title='bbox 2863 1620 3021 1687; x_wconf 84' lang='lat' dir='ltr'><strong>primi</strong></span> <span class='ocrx_word' id='word_1_329' title='bbox 3058 1619 3309 1684; x_wconf 70' lang='lat' dir='ltr'><strong>Abrahae,</strong></span> <span class='ocrx_word' id='word_1_330' title='bbox 3338 1621 3479 1673; x_wconf 79' lang='lat' dir='ltr'><strong>viam</strong></span> 
     </span>
    </p>
   </div>
   <div class='ocr_carea' id='block_1_46' title="bbox 1896 1713 3485 1784">
    <p class='ocr_par' dir='ltr' id='par_1_46' title="bbox 1896 1713 3485 1784">
     <span class='ocr_line' id='line_1_46' title="bbox 1896 1713 3485 1784; baseline -0.001 -16"><span class='ocrx_word' id='word_1_331' title='bbox 1896 1716 2037 1777; x_wconf 90' lang='lat' dir='ltr'><strong>iniit,</strong></span> <span class='ocrx_word' id='word_1_332' title='bbox 2091 1730 2210 1783; x_wconf 62' lang='lat' dir='ltr'><strong>qua</strong></span> <span class='ocrx_word' id='word_1_333' title='bbox 2251 1714 2484 1767; x_wconf 85' lang='lat' dir='ltr'><strong>ducebat</strong></span> <span class='ocrx_word' id='word_1_334' title='bbox 2530 1716 2595 1765; x_wconf 87' lang='lat' dir='ltr'><strong>ad</strong></span> <span class='ocrx_word' id='word_1_335' title='bbox 2649 1716 3033 1767; x_wconf 78' lang='lat' dir='ltr'><strong>diversorium.</strong></span> <span class='ocrx_word' id='word_1_336' title='bbox 3075 1713 3209 1768; x_wconf 81' lang='lat' dir='ltr'><strong>Nam</strong></span> <span class='ocrx_word' id='word_1_337' title='bbox 3248 1715 3337 1770; x_wconf 90' lang='lat' dir='ltr'><strong>ille</strong></span> <span class='ocrx_word' id='word_1_338' title='bbox 3362 1716 3485 1784; x_wconf 85' lang='lat' dir='ltr'><strong>qui-</strong></span> 
     </span>
    </p>
   </div>
   <div class='ocr_carea' id='block_1_47' title="bbox 1898 1806 3479 1877">
    <p class='ocr_par' dir='ltr' id='par_1_47' title="bbox 1898 1806 3479 1877">
     <span class='ocr_line' id='line_1_47' title="bbox 1898 1806 3479 1877; baseline -0.003 -14"><span class='ocrx_word' id='word_1_339' title='bbox 1898 1810 2016 1864; x_wconf 86' lang='lat' dir='ltr'><strong>dem</strong></span> <span class='ocrx_word' id='word_1_340' title='bbox 2042 1809 2386 1877; x_wconf 76' lang='lat' dir='ltr'><strong>expeditione</strong></span> <span class='ocrx_word' id='word_1_341' title='bbox 2413 1817 2663 1875; x_wconf 79' lang='lat' dir='ltr'><strong>suscepta</strong></span> <span class='ocrx_word' id='word_1_342' title='bbox 2711 1810 2974 1859; x_wconf 82' lang='lat' dir='ltr'><strong>adversus</strong></span> <span class='ocrx_word' id='word_1_343' title='bbox 3014 1806 3256 1874; x_wconf 87' lang='lat' dir='ltr'><strong>quinque</strong></span> <span class='ocrx_word' id='word_1_344' title='bbox 3304 1820 3479 1875; x_wconf 71' lang='lat' dir='ltr'><strong>reges,</strong></span> 
     </span>
    </p>
   </div>
   <div class='ocr_carea' id='block_1_48' title="bbox 1897 1901 3481 1968">
    <p class='ocr_par' dir='ltr' id='par_1_48' title="bbox 1897 1901 3481 1968">
     <span class='ocr_line' id='line_1_48' title="bbox 1897 1901 3481 1968; baseline -0.003 -9"><span class='ocrx_word' id='word_1_345' title='bbox 1897 1906 2001 1959; x_wconf 83' lang='lat' dir='ltr'><strong>Lot</strong></span> <span class='ocrx_word' id='word_1_346' title='bbox 2038 1906 2223 1957; x_wconf 81' lang='lat' dir='ltr'><strong>fratris</strong></span> <span class='ocrx_word' id='word_1_347' title='bbox 2260 1904 2427 1956; x_wconf 80' lang='lat' dir='ltr'><strong>lilium</strong></span> <span class='ocrx_word' id='word_1_348' title='bbox 2460 1901 2692 1954; x_wconf 78' lang='lat' dir='ltr'><strong>servavit</strong></span> <span class='ocrx_word' id='word_1_349' title='bbox 2716 1918 2742 1953; x_wconf 91' lang='lat' dir='ltr'><strong>a</strong></span> <span class='ocrx_word' id='word_1_350' title='bbox 2771 1901 3106 1968; x_wconf 77' lang='lat' dir='ltr'><strong>captivitate.</strong></span> <span class='ocrx_word' id='word_1_351' title='bbox 3146 1901 3244 1955; x_wconf 83' lang='lat' dir='ltr'><strong>Hic</strong></span> <span class='ocrx_word' id='word_1_352' title='bbox 3276 1911 3481 1966; x_wconf 89' lang='lat' dir='ltr'><strong>autem,</strong></span> 
     </span>
    </p>
   </div>
   <div class='ocr_carea' id='block_1_49' title="bbox 1899 1993 3481 2061">
    <p class='ocr_par' dir='ltr' id='par_1_49' title="bbox 1899 1993 3481 2061">
     <span class='ocr_line' id='line_1_49' title="bbox 1899 1993 3481 2061; baseline -0.003 -11"><span class='ocrx_word' id='word_1_353' title='bbox 1899 2010 2019 2051; x_wconf 88' lang='lat' dir='ltr'><strong>cum</strong></span> <span class='ocrx_word' id='word_1_354' title='bbox 2065 1998 2116 2048; x_wconf 92' lang='lat' dir='ltr'><strong>iu</strong></span> <span class='ocrx_word' id='word_1_355' title='bbox 2147 2002 2423 2048; x_wconf 86' lang='lat' dir='ltr'><strong>certamen</strong></span> <span class='ocrx_word' id='word_1_356' title='bbox 2457 1993 2820 2061; x_wconf 85' lang='lat' dir='ltr'><strong>processisset</strong></span> <span class='ocrx_word' id='word_1_357' title='bbox 2868 2003 3056 2046; x_wconf 86' lang='lat' dir='ltr'><strong>contra</strong></span> <span class='ocrx_word' id='word_1_358' title='bbox 3088 1993 3481 2056; x_wconf 83' lang='lat' dir='ltr'><strong>adversarium.</strong></span> 
     </span>
    </p>
   </div>
   <div class='ocr_carea' id='block_1_50' title="bbox 1896 2084 3482 2157">
    <p class='ocr_par' dir='ltr' id='par_1_50' title="bbox 1896 2084 3482 2157">
     <span class='ocr_line' id='line_1_50' title="bbox 1896 2084 3482 2157; baseline -0.003 -12"><span class='ocrx_word' id='word_1_359' title='bbox 1896 2101 1951 2145; x_wconf 87' lang='lat' dir='ltr'><strong>et</strong></span> <span class='ocrx_word' id='word_1_360' title='bbox 1985 2106 2106 2142; x_wconf 81' lang='lat' dir='ltr'><strong>cum</strong></span> <span class='ocrx_word' id='word_1_361' title='bbox 2142 2091 2189 2141; x_wconf 85' lang='lat' dir='ltr'><strong>vi</strong></span> <span class='ocrx_word' id='word_1_362' title='bbox 2220 2098 2602 2157; x_wconf 77' lang='lat' dir='ltr'><strong>expugnasset,</strong></span> <span class='ocrx_word' id='word_1_363' title='bbox 2649 2087 2861 2140; x_wconf 86' lang='lat' dir='ltr'><strong>reduxit</strong></span> <span class='ocrx_word' id='word_1_364' title='bbox 2894 2086 2977 2140; x_wconf 90' lang='lat' dir='ltr'><strong>sui</strong></span> <span class='ocrx_word' id='word_1_365' title='bbox 3012 2084 3198 2139; x_wconf 79' lang='lat' dir='ltr'><strong>fratris</strong></span> <span class='ocrx_word' id='word_1_366' title='bbox 3226 2086 3391 2139; x_wconf 82' lang='lat' dir='ltr'><strong>tiliam</strong></span> <span class='ocrx_word' id='word_1_367' title='bbox 3413 2086 3482 2140; x_wconf 86' lang='lat' dir='ltr'><strong>ad</strong></span> 
     </span>
    </p>
   </div>
   <div class='ocr_carea' id='block_1_51' title="bbox 1898 2178 2890 2253">
    <p class='ocr_par' dir='ltr' id='par_1_51' title="bbox 1898 2178 2890 2253">
     <span class='ocr_line' id='line_1_51' title="bbox 1898 2178 2890 2253; baseline -0.002 -17"><span class='ocrx_word' id='word_1_368' title='bbox 1898 2184 2133 2253; x_wconf 85' lang='lat' dir='ltr'><strong>priorem</strong></span> <span class='ocrx_word' id='word_1_369' title='bbox 2158 2182 2376 2231; x_wconf 78' lang='lat' dir='ltr'><strong>virtutis</strong></span> <span class='ocrx_word' id='word_1_370' title='bbox 2413 2178 2890 2233; x_wconf 78' lang='lat' dir='ltr'><strong>exercitationem.</strong></span> 
     </span>
    </p>
   </div>
   <div class='ocr_carea' id='block_1_52' title="bbox 1825 2268 3471 2351">
    <p class='ocr_par' dir='ltr' id='par_1_52' title="bbox 1825 2268 3471 2351">
     <span class='ocr_line' id='line_1_52' title="bbox 1825 2268 3471 2351; baseline 0.001 -30"><span class='ocrx_word' id='word_1_371' title='bbox 1825 2276 1962 2351; x_wconf 79' lang='grc' dir='ltr'>πρὸς</span> <span class='ocrx_word' id='word_1_372' title='bbox 2026 2272 2124 2343; x_wconf 81' lang='grc' dir='ltr'>τὴν</span> <span class='ocrx_word' id='word_1_373' title='bbox 2152 2270 2425 2341; x_wconf 78' lang='grc' dir='ltr'>προτέραν</span> <span class='ocrx_word' id='word_1_374' title='bbox 2485 2268 2660 2337; x_wconf 79' lang='grc' dir='ltr'>αὐτῆς</span> <span class='ocrx_word' id='word_1_375' title='bbox 2731 2269 2936 2339; x_wconf 80' lang='grc' dir='ltr'>ἀρετῆς</span> <span class='ocrx_word' id='word_1_376' title='bbox 3003 2269 3239 2339; x_wconf 77' lang='grc' dir='ltr'>ἄσκησιν</span> <span class='ocrx_word' id='word_1_377' title='bbox 3302 2271 3471 2323; x_wconf 72' lang='grc' dir='ltr'>ἐπαν-</span> 
     </span>
    </p>
   </div>
   <div class='ocr_carea' id='block_1_53' title="bbox 1966 2457 3483 2528">
    <p class='ocr_par' dir='ltr' id='par_1_53' title="bbox 1966 2457 3483 2528">
     <span class='ocr_line' id='line_1_53' title="bbox 1966 2457 3483 2528; baseline 0.001 -13"><span class='ocrx_word' id='word_1_378' title='bbox 1966 2460 2131 2516; x_wconf 75' lang='lat' dir='ltr'><strong>XXII.</strong></span> <span class='ocrx_word' id='word_1_379' title='bbox 2180 2458 2314 2514; x_wconf 91' lang='lat' dir='ltr'><strong>Cum</strong></span> <span class='ocrx_word' id='word_1_380' title='bbox 2351 2459 2686 2528; x_wconf 83' lang='lat' dir='ltr'><strong>pervenisset</strong></span> <span class='ocrx_word' id='word_1_381' title='bbox 2743 2457 2923 2526; x_wconf 80' lang='lat' dir='ltr'><strong>itaque</strong></span> <span class='ocrx_word' id='word_1_382' title='bbox 2977 2458 3043 2513; x_wconf 92' lang='lat' dir='ltr'><strong>ad</strong></span> <span class='ocrx_word' id='word_1_383' title='bbox 3094 2458 3483 2517; x_wconf 62' lang='lat' dir='ltr'><strong>diversorium.</strong></span> 
     </span>
    </p>
   </div>
   <div class='ocr_carea' id='block_1_54' title="bbox 1893 2552 3484 2620">
    <p class='ocr_par' dir='ltr' id='par_1_54' title="bbox 1893 2552 3484 2620">
     <span class='ocr_line' id='line_1_54' title="bbox 1893 2552 3484 2620; baseline 0 -13"><span class='ocrx_word' id='word_1_384' title='bbox 1893 2570 1998 2607; x_wconf 91' lang='lat' dir='ltr'><strong>non</strong></span> <span class='ocrx_word' id='word_1_385' title='bbox 2021 2568 2179 2607; x_wconf 85' lang='lat' dir='ltr'><strong>secus</strong></span> <span class='ocrx_word' id='word_1_386' title='bbox 2203 2568 2267 2605; x_wconf 88' lang='lat' dir='ltr'><strong>ac</strong></span> <span class='ocrx_word' id='word_1_387' title='bbox 2291 2561 2520 2605; x_wconf 85' lang='lat' dir='ltr'><strong>venator</strong></span> <span class='ocrx_word' id='word_1_388' title='bbox 2537 2552 2769 2620; x_wconf 88' lang='lat' dir='ltr'><strong>peritus,</strong></span> <span class='ocrx_word' id='word_1_389' title='bbox 2795 2552 2899 2605; x_wconf 91' lang='lat' dir='ltr'><strong>huc</strong></span> <span class='ocrx_word' id='word_1_390' title='bbox 2925 2561 2977 2605; x_wconf 87' lang='lat' dir='ltr'><strong>ct</strong></span> <span class='ocrx_word' id='word_1_391' title='bbox 2994 2552 3117 2607; x_wconf 89' lang='lat' dir='ltr'><strong>illuc</strong></span> <span class='ocrx_word' id='word_1_392' title='bbox 3140 2554 3484 2618; x_wconf 82' lang='lat' dir='ltr'><strong>observabat,</strong></span> 
     </span>
    </p>
   </div>
   <div class='ocr_carea' id='block_1_55' title="bbox 1890 2644 3484 2714">
    <p class='ocr_par' dir='ltr' id='par_1_55' title="bbox 1890 2644 3484 2714">
     <span class='ocr_line' id='line_1_55' title="bbox 1890 2644 3484 2714; baseline 0 -14"><span class='ocrx_word' id='word_1_393' title='bbox 1890 2646 2063 2702; x_wconf 84' lang='lat' dir='ltr'><strong>sicubi</strong></span> <span class='ocrx_word' id='word_1_394' title='bbox 2114 2651 2301 2712; x_wconf 88' lang='lat' dir='ltr'><strong>posset</strong></span> <span class='ocrx_word' id='word_1_395' title='bbox 2356 2644 2592 2711; x_wconf 76' lang='lat' dir='ltr'><strong>praedam</strong></span> <span class='ocrx_word' id='word_1_396' title='bbox 2645 2658 2940 2712; x_wconf 87' lang='lat' dir='ltr'><strong>parumper</strong></span> <span class='ocrx_word' id='word_1_397' title='bbox 2972 2647 3240 2714; x_wconf 84' lang='lat' dir='ltr'><strong>aspicere.</strong></span> <span class='ocrx_word' id='word_1_398' title='bbox 3284 2645 3484 2702; x_wconf 79' lang='lat' dir='ltr'><strong>Verum</strong></span> 
     </span>
    </p>
   </div>
   <div class='ocr_carea' id='block_1_56' title="bbox 1894 2733 3480 2806">
    <p class='ocr_par' dir='ltr' id='par_1_56' title="bbox 1894 2733 3480 2806">
     <span class='ocr_line' id='line_1_56' title="bbox 1894 2733 3480 2806; baseline -0.003 -16"><span class='ocrx_word' id='word_1_399' title='bbox 1894 2746 2107 2806; x_wconf 83' lang='lat' dir='ltr'><strong>tempus</strong></span> <span class='ocrx_word' id='word_1_400' title='bbox 2142 2733 2209 2787; x_wconf 87' lang='lat' dir='ltr'><strong>ab</strong></span> <span class='ocrx_word' id='word_1_401' title='bbox 2239 2748 2305 2788; x_wconf 93' lang='lat' dir='ltr'><strong>eo</strong></span> <span class='ocrx_word' id='word_1_402' title='bbox 2349 2735 2651 2795; x_wconf 85' lang='lat' dir='ltr'><strong>terebatur,</strong></span> <span class='ocrx_word' id='word_1_403' title='bbox 2701 2740 2756 2786; x_wconf 90' lang='lat' dir='ltr'><strong>ct</strong></span> <span class='ocrx_word' id='word_1_404' title='bbox 2802 2748 2946 2797; x_wconf 86' lang='lat' dir='ltr'><strong>eam,</strong></span> <span class='ocrx_word' id='word_1_405' title='bbox 2989 2750 3149 2801; x_wconf 85' lang='lat' dir='ltr'><strong>quam</strong></span> <span class='ocrx_word' id='word_1_406' title='bbox 3185 2738 3480 2802; x_wconf 75' lang='lat' dir='ltr'><strong>quaerebat,</strong></span> 
     </span>
    </p>
   </div>
   <div class='ocr_carea' id='block_1_57' title="bbox 1896 2823 3483 2897">
    <p class='ocr_par' dir='ltr' id='par_1_57' title="bbox 1896 2823 3483 2897">
     <span class='ocr_line' id='line_1_57' title="bbox 1896 2823 3483 2897; baseline -0.001 -15"><span class='ocrx_word' id='word_1_407' title='bbox 1896 2844 2001 2882; x_wconf 92' lang='lat' dir='ltr'><strong>non</strong></span> <span class='ocrx_word' id='word_1_408' title='bbox 2031 2837 2242 2897; x_wconf 88' lang='lat' dir='ltr'><strong>poterat</strong></span> <span class='ocrx_word' id='word_1_409' title='bbox 2274 2827 2538 2896; x_wconf 76' lang='lat' dir='ltr'><strong>aspicere.</strong></span> <span class='ocrx_word' id='word_1_410' title='bbox 2574 2823 2670 2879; x_wconf 89' lang='lat' dir='ltr'><strong>llla</strong></span> <span class='ocrx_word' id='word_1_411' title='bbox 2731 2825 2872 2880; x_wconf 85' lang='lat' dir='ltr'><strong>enim</strong></span> <span class='ocrx_word' id='word_1_412' title='bbox 2911 2826 3133 2895; x_wconf 88' lang='lat' dir='ltr'><strong>pudicos</strong></span> <span class='ocrx_word' id='word_1_413' title='bbox 3166 2837 3371 2880; x_wconf 89' lang='lat' dir='ltr'><strong>tantum</strong></span> <span class='ocrx_word' id='word_1_414' title='bbox 3404 2828 3483 2880; x_wconf 86' lang='lat' dir='ltr'><strong>vi-</strong></span> 
     </span>
    </p>
   </div>
   <div class='ocr_carea' id='block_1_58' title="bbox 1896 2920 3481 2990">
    <p class='ocr_par' dir='ltr' id='par_1_58' title="bbox 1896 2920 3481 2990">
     <span class='ocr_line' id='line_1_58' title="bbox 1896 2920 3481 2990; baseline 0.001 -18"><span class='ocrx_word' id='word_1_415' title='bbox 1896 2922 2045 2974; x_wconf 81' lang='lat' dir='ltr'><strong>tabat</strong></span> <span class='ocrx_word' id='word_1_416' title='bbox 2076 2920 2285 2985; x_wconf 92' lang='lat' dir='ltr'><strong>oculos,</strong></span> <span class='ocrx_word' id='word_1_417' title='bbox 2318 2930 2581 2990; x_wconf 89' lang='lat' dir='ltr'><strong>quantum</strong></span> <span class='ocrx_word' id='word_1_418' title='bbox 2613 2928 2800 2974; x_wconf 87' lang='lat' dir='ltr'><strong>contra</strong></span> <span class='ocrx_word' id='word_1_419' title='bbox 2834 2921 3159 2974; x_wconf 84' lang='lat' dir='ltr'><strong>accurrebat</strong></span> <span class='ocrx_word' id='word_1_420' title='bbox 3201 2922 3266 2975; x_wconf 89' lang='lat' dir='ltr'><strong>ad</strong></span> <span class='ocrx_word' id='word_1_421' title='bbox 3316 2922 3481 2977; x_wconf 83' lang='lat' dir='ltr'><strong>lasci-</strong></span> 
     </span>
    </p>
   </div>
   <div class='ocr_carea' id='block_1_59' title="bbox 1895 3008 3484 3079">
    <p class='ocr_par' dir='ltr' id='par_1_59' title="bbox 1895 3008 3484 3079">
     <span class='ocr_line' id='line_1_59' title="bbox 1895 3008 3484 3079; baseline 0.003 -18"><span class='ocrx_word' id='word_1_422' title='bbox 1895 3025 1987 3063; x_wconf 86' lang='lat' dir='ltr'><strong>vos</strong></span> <span class='ocrx_word' id='word_1_423' title='bbox 2012 3021 2066 3063; x_wconf 90' lang='lat' dir='ltr'><strong>et</strong></span> <span class='ocrx_word' id='word_1_424' title='bbox 2093 3011 2416 3077; x_wconf 89' lang='lat' dir='ltr'><strong>impudicos.</strong></span> <span class='ocrx_word' id='word_1_425' title='bbox 2450 3008 2584 3062; x_wconf 89' lang='lat' dir='ltr'><strong>Cum</strong></span> <span class='ocrx_word' id='word_1_426' title='bbox 2625 3025 2755 3077; x_wconf 84' lang='lat' dir='ltr'><strong>ergo</strong></span> <span class='ocrx_word' id='word_1_427' title='bbox 2782 3009 2861 3062; x_wconf 92' lang='lat' dir='ltr'><strong>sic</strong></span> <span class='ocrx_word' id='word_1_428' title='bbox 2890 3023 3009 3062; x_wconf 88' lang='lat' dir='ltr'><strong>eam</strong></span> <span class='ocrx_word' id='word_1_429' title='bbox 3046 3027 3154 3063; x_wconf 90' lang='lat' dir='ltr'><strong>non</strong></span> <span class='ocrx_word' id='word_1_430' title='bbox 3182 3022 3364 3079; x_wconf 80' lang='lat' dir='ltr'><strong>posset</strong></span> <span class='ocrx_word' id='word_1_431' title='bbox 3403 3015 3484 3065; x_wconf 90' lang='lat' dir='ltr'><strong>in-</strong></span> 
     </span>
    </p>
   </div>
   <div class='ocr_carea' id='block_1_60' title="bbox 1897 3099 3484 3171">
    <p class='ocr_par' dir='ltr' id='par_1_60' title="bbox 1897 3099 3484 3171">
     <span class='ocr_line' id='line_1_60' title="bbox 1897 3099 3484 3171; baseline 0.001 -16"><span class='ocrx_word' id='word_1_432' title='bbox 1897 3101 2055 3165; x_wconf 83' lang='lat' dir='ltr'><strong>tueri,</strong></span> <span class='ocrx_word' id='word_1_433' title='bbox 2121 3102 2393 3169; x_wconf 82' lang='lat' dir='ltr'><strong>excogitat</strong></span> <span class='ocrx_word' id='word_1_434' title='bbox 2435 3114 2546 3153; x_wconf 90' lang='lat' dir='ltr'><strong>rem</strong></span> <span class='ocrx_word' id='word_1_435' title='bbox 2595 3099 2912 3168; x_wconf 81' lang='lat' dir='ltr'><strong>quamdam,</strong></span> <span class='ocrx_word' id='word_1_436' title='bbox 2958 3115 3078 3169; x_wconf 74' lang='lat' dir='ltr'><strong>qua:</strong></span> <span class='ocrx_word' id='word_1_437' title='bbox 3113 3103 3193 3155; x_wconf 91' lang='lat' dir='ltr'><strong>vel</strong></span> <span class='ocrx_word' id='word_1_438' title='bbox 3240 3104 3353 3154; x_wconf 84' lang='lat' dir='ltr'><strong>sola</strong></span> <span class='ocrx_word' id='word_1_439' title='bbox 3389 3118 3484 3171; x_wconf 91' lang='lat' dir='ltr'><strong>po-</strong></span> 
     </span>
    </p>
   </div>
   <div class='ocr_carea' id='block_1_61' title="bbox 1896 3179 3481 3262">
    <p class='ocr_par' dir='ltr' id='par_1_61' title="bbox 1896 3179 3481 3262">
     <span class='ocr_line' id='line_1_61' title="bbox 1896 3179 3481 3262; baseline 0 -15"><span class='ocrx_word' id='word_1_440' title='bbox 1896 3204 2004 3248; x_wconf 89' lang='lat' dir='ltr'><strong>test</strong></span> <span class='ocrx_word' id='word_1_441' title='bbox 2070 3194 2359 3247; x_wconf 89' lang='lat' dir='ltr'><strong>ostendere</strong></span> <span class='ocrx_word' id='word_1_442' title='bbox 2414 3208 2667 3262; x_wconf 80' lang='lat' dir='ltr'><strong>magnum</strong></span> <span class='ocrx_word' id='word_1_443' title='bbox 2699 3179 2845 3247; x_wconf 87' lang='lat' dir='ltr'><strong>illius</strong></span> <span class='ocrx_word' id='word_1_444' title='bbox 2878 3194 3080 3256; x_wconf 77' lang='lat' dir='ltr'><strong>zelum,</strong></span> <span class='ocrx_word' id='word_1_445' title='bbox 3114 3201 3168 3246; x_wconf 89' lang='lat' dir='ltr'><strong>et</strong></span> <span class='ocrx_word' id='word_1_446' title='bbox 3220 3195 3481 3262; x_wconf 89' lang='lat' dir='ltr'><strong>quemad-</strong></span> 
     </span>
    </p>
   </div>
   <div class='ocr_carea' id='block_1_62' title="bbox 196 3267 1789 3353">
    <p class='ocr_par' dir='ltr' id='par_1_62' title="bbox 196 3279 1789 3353">
     <span class='ocr_line' id='line_1_62' title="bbox 196 3279 1789 3353; baseline -0.001 -16"><span class='ocrx_word' id='word_1_447' title='bbox 196 3286 362 3353; x_wconf 77' lang='grc' dir='ltr'>μόνον</span> <span class='ocrx_word' id='word_1_448' title='bbox 428 3282 618 3335; x_wconf 75' lang='grc' dir='ltr'>ἱκανὸν</span> <span class='ocrx_word' id='word_1_449' title='bbox 680 3281 1039 3350; x_wconf 77' lang='grc' dir='ltr'>παραστῆσαι</span> <span class='ocrx_word' id='word_1_450' title='bbox 1082 3280 1173 3333; x_wconf 67' lang='grc' dir='ltr'><strong>τὸν</strong></span> <span class='ocrx_word' id='word_1_451' title='bbox 1210 3279 1379 3333; x_wconf 68' lang='grc' dir='ltr'>πολὺν</span> <span class='ocrx_word' id='word_1_452' title='bbox 1409 3281 1578 3333; x_wconf 77' lang='grc' dir='ltr'>αὑτοῦ</span> <span class='ocrx_word' id='word_1_453' title='bbox 1629 3282 1789 3348; x_wconf 76' lang='grc' dir='ltr'>ζῆλον</span> 
     </span>
    </p>
   </div>
   <div class='ocr_carea' id='block_1_63' title="bbox 1893 3267 3478 3353">
    <p class='ocr_par' dir='ltr' id='par_1_63' title="bbox 1898 3285 3478 3351">
     <span class='ocr_line' id='line_1_63' title="bbox 1898 3285 3478 3351; baseline 0.002 -13"><span class='ocrx_word' id='word_1_454' title='bbox 1898 3288 2138 3351; x_wconf 88' lang='lat' dir='ltr'><strong>modum,</strong></span> <span class='ocrx_word' id='word_1_455' title='bbox 2166 3296 2221 3339; x_wconf 91' lang='lat' dir='ltr'><strong>ut</strong></span> <span class='ocrx_word' id='word_1_456' title='bbox 2259 3295 2503 3340; x_wconf 80' lang='lat' dir='ltr'><strong>servaret</strong></span> <span class='ocrx_word' id='word_1_457' title='bbox 2530 3286 2791 3350; x_wconf 89' lang='lat' dir='ltr'><strong>animam,</strong></span> <span class='ocrx_word' id='word_1_458' title='bbox 2822 3300 2851 3337; x_wconf 92' lang='lat' dir='ltr'><strong>a</strong></span> <span class='ocrx_word' id='word_1_459' title='bbox 2885 3285 3031 3339; x_wconf 89' lang='lat' dir='ltr'><strong>nulla</strong></span> <span class='ocrx_word' id='word_1_460' title='bbox 3064 3301 3121 3338; x_wconf 91' lang='lat' dir='ltr'><strong>re</strong></span> <span class='ocrx_word' id='word_1_461' title='bbox 3140 3289 3363 3341; x_wconf 90' lang='lat' dir='ltr'><strong>omnino</strong></span> <span class='ocrx_word' id='word_1_462' title='bbox 3384 3286 3478 3341; x_wconf 82' lang='lat' dir='ltr'><strong>ab-</strong></span> 
     </span>
    </p>
   </div>
   <div class='ocr_carea' id='block_1_64' title="bbox 192 3371 1793 3443">
    <p class='ocr_par' dir='ltr' id='par_1_64' title="bbox 192 3371 1793 3443">
     <span class='ocr_line' id='line_1_64' title="bbox 192 3371 1793 3443; baseline -0.001 -16"><span class='ocrx_word' id='word_1_463' title='bbox 192 3378 405 3429; x_wconf 70' lang='grc' dir='ltr'>ὲκεῖνον</span> <span class='ocrx_word' id='word_1_464' title='bbox 430 3376 522 3427; x_wconf 72' lang='grc' dir='ltr'><strong>καὶ</strong></span> <span class='ocrx_word' id='word_1_465' title='bbox 552 3375 702 3435; x_wconf 78' lang='grc' dir='ltr'>ὅπως</span> <span class='ocrx_word' id='word_1_466' title='bbox 739 3373 879 3443; x_wconf 75' lang='grc' dir='ltr'>ὑπὲρ</span> <span class='ocrx_word' id='word_1_467' title='bbox 913 3373 1009 3425; x_wconf 74' lang='grc' dir='ltr'>τοῦ</span> <span class='ocrx_word' id='word_1_468' title='bbox 1055 3373 1230 3426; x_wconf 81' lang='grc' dir='ltr'>σῶσαι</span> <span class='ocrx_word' id='word_1_469' title='bbox 1277 3371 1459 3442; x_wconf 75' lang='grc' dir='ltr'>ψυχὴν</span> <span class='ocrx_word' id='word_1_470' title='bbox 1488 3373 1703 3435; x_wconf 71' lang='grc' dir='ltr'>οὐδενὸς</span> <span class='ocrx_word' id='word_1_471' title='bbox 1734 3374 1793 3425; x_wconf 80' lang='grc' dir='ltr'>τὸ</span> 
     </span>
    </p>
   </div>
   <div class='ocr_carea' id='block_1_65' title="bbox 193 3464 1793 3535">
    <p class='ocr_par' dir='ltr' id='par_1_65' title="bbox 193 3464 1793 3535">
     <span class='ocr_line' id='line_1_65' title="bbox 193 3464 1793 3535; baseline 0.001 -20"><span class='ocrx_word' id='word_1_472' title='bbox 193 3466 465 3534; x_wconf 83' lang='grc' dir='ltr'>παράπαν</span> <span class='ocrx_word' id='word_1_473' title='bbox 498 3465 789 3532; x_wconf 73' lang='grc' dir='ltr'>ἀπείχετοο</span> <span class='ocrx_word' id='word_1_474' title='bbox 832 3464 1125 3516; x_wconf 79' lang='grc' dir='ltr'>πλάττεται</span> <span class='ocrx_word' id='word_1_475' title='bbox 1168 3465 1268 3532; x_wconf 77' lang='grc' dir='ltr'>μὲν</span> <span class='ocrx_word' id='word_1_476' title='bbox 1299 3466 1407 3535; x_wconf 80' lang='grc' dir='ltr'>γὰρ</span> <span class='ocrx_word' id='word_1_477' title='bbox 1433 3464 1665 3535; x_wconf 73' lang='grc' dir='ltr'>ἐραστοῦ</span> <span class='ocrx_word' id='word_1_478' title='bbox 1699 3465 1793 3517; x_wconf 74' lang='grc' dir='ltr'><strong>καὶ</strong></span> 
     </span>
    </p>
   </div>
   <div class='ocr_carea' id='block_1_66' title="bbox 193 3555 1794 3629">
    <p class='ocr_par' dir='ltr' id='par_1_66' title="bbox 193 3555 1794 3629">
     <span class='ocr_line' id='line_1_66' title="bbox 193 3555 1794 3629; baseline -0.001 -18"><span class='ocrx_word' id='word_1_479' title='bbox 193 3560 384 3629; x_wconf 75' lang='grc' dir='ltr'>σχῆμα</span> <span class='ocrx_word' id='word_1_480' title='bbox 416 3559 510 3610; x_wconf 77' lang='grc' dir='ltr'><strong>καὶ</strong></span> <span class='ocrx_word' id='word_1_481' title='bbox 534 3558 761 3622; x_wconf 77' lang='grc' dir='ltr'>τρόπον,</span> <span class='ocrx_word' id='word_1_482' title='bbox 800 3558 827 3607; x_wconf 86' lang='grc'>6</span> <span class='ocrx_word' id='word_1_483' title='bbox 859 3555 1061 3624; x_wconf 81' lang='grc' dir='ltr'>μικροῦ</span> <span class='ocrx_word' id='word_1_484' title='bbox 1095 3558 1192 3624; x_wconf 79' lang='grc' dir='ltr'>τῆς</span> <span class='ocrx_word' id='word_1_485' title='bbox 1227 3557 1337 3609; x_wconf 83' lang='grc' dir='ltr'><strong>τῶν</strong></span> <span class='ocrx_word' id='word_1_486' title='bbox 1396 3557 1649 3624; x_wconf 81' lang='grc' dir='ltr'>ἀγγέλων</span> <span class='ocrx_word' id='word_1_487' title='bbox 1692 3576 1794 3609; x_wconf 84' lang='grc' dir='ltr'>πα-</span> 
     </span>
    </p>
   </div>
   <div class='ocr_carea' id='block_1_67' title="bbox 196 3645 1793 3720">
    <p class='ocr_par' dir='ltr' id='par_1_67' title="bbox 196 3645 1793 3720">
     <span class='ocr_line' id='line_1_67' title="bbox 196 3645 1793 3720; baseline -0.004 -16"><span class='ocrx_word' id='word_1_488' title='bbox 196 3650 542 3720; x_wconf 78' lang='grc' dir='ltr'>ραπτόμενος</span> <span class='ocrx_word' id='word_1_489' title='bbox 570 3646 790 3710; x_wconf 83' lang='grc' dir='ltr'>ἀῡλίας,</span> <span class='ocrx_word' id='word_1_490' title='bbox 824 3646 1005 3715; x_wconf 80' lang='grc' dir='ltr'>ἔρωτά</span> <span class='ocrx_word' id='word_1_491' title='bbox 1026 3662 1085 3696; x_wconf 82' lang='grc' dir='ltr'><strong>τε</strong></span> <span class='ocrx_word' id='word_1_492' title='bbox 1125 3645 1385 3716; x_wconf 82' lang='grc' dir='ltr'>σαρκικὸν</span> <span class='ocrx_word' id='word_1_493' title='bbox 1408 3648 1539 3716; x_wconf 77' lang='grc' dir='ltr'>ὲρᾷν</span> <span class='ocrx_word' id='word_1_494' title='bbox 1560 3648 1793 3715; x_wconf 71' lang='grc' dir='ltr'>ὑποκρί-</span> 
     </span>
    </p>
   </div>
   <div class='ocr_carea' id='block_1_68' title="bbox 189 3737 1795 3808">
    <p class='ocr_par' dir='ltr' id='par_1_68' title="bbox 189 3737 1795 3808">
     <span class='ocr_line' id='line_1_68' title="bbox 189 3737 1795 3808; baseline -0.002 -13"><span class='ocrx_word' id='word_1_495' title='bbox 189 3759 348 3795; x_wconf 83' lang='grc' dir='ltr'>νεται</span> <span class='ocrx_word' id='word_1_496' title='bbox 376 3758 389 3772; x_wconf 76' lang='grc' dir='ltr'><strong><em>ο</em></strong></span> <span class='ocrx_word' id='word_1_497' title='bbox 428 3742 521 3791; x_wconf 72' lang='grc' dir='ltr'>καὶ</span> <span class='ocrx_word' id='word_1_498' title='bbox 550 3739 736 3808; x_wconf 75' lang='grc' dir='ltr'>ἡρέμα</span> <span class='ocrx_word' id='word_1_499' title='bbox 768 3738 847 3808; x_wconf 85' lang='grc' dir='ltr'>τῷ</span> <span class='ocrx_word' id='word_1_500' title='bbox 888 3738 1147 3807; x_wconf 79' lang='grc' dir='ltr'>πανδοχεῖ</span> <span class='ocrx_word' id='word_1_501' title='bbox 1189 3737 1540 3808; x_wconf 77' lang='grc' dir='ltr'>προσελθώνο</span> <span class='ocrx_word' id='word_1_502' title='bbox 1586 3739 1795 3791; x_wconf 72' lang='grc' dir='ltr'>Ἀκούω</span> 
     </span>
    </p>
   </div>
   <div class='ocr_carea' id='block_1_69' title="bbox 191 3830 1795 3904">
    <p class='ocr_par' dir='ltr' id='par_1_69' title="bbox 191 3830 1795 3904">
     <span class='ocr_line' id='line_1_69' title="bbox 191 3830 1795 3904; baseline -0.001 -17"><span class='ocrx_word' id='word_1_503' title='bbox 191 3835 367 3902; x_wconf 80' lang='grc' dir='ltr'>κόρην</span> <span class='ocrx_word' id='word_1_504' title='bbox 402 3830 526 3884; x_wconf 72' lang='grc' dir='ltr'>τινα</span> <span class='ocrx_word' id='word_1_505' title='bbox 552 3833 701 3901; x_wconf 62' lang='grc' dir='ltr'>παρα</span> <span class='ocrx_word' id='word_1_506' title='bbox 755 3832 861 3895; x_wconf 74' lang='grc' dir='ltr'>σοὶ,</span> <span class='ocrx_word' id='word_1_507' title='bbox 894 3834 1051 3902; x_wconf 76' lang='grc' dir='ltr'>φησὶ,</span> <span class='ocrx_word' id='word_1_508' title='bbox 1101 3831 1287 3885; x_wconf 86' lang='grc' dir='ltr'>κάλλει</span> <span class='ocrx_word' id='word_1_509' title='bbox 1323 3832 1645 3904; x_wconf 67' lang='grc' dir='ltr'>περιφανῶς</span> <span class='ocrx_word' id='word_1_510' title='bbox 1678 3833 1795 3887; x_wconf 89' lang='grc' dir='ltr'>δια-</span> 
     </span>
    </p>
   </div>
   <div class='ocr_carea' id='block_1_70' title="bbox 192 3923 1791 3995">
    <p class='ocr_par' dir='ltr' id='par_1_70' title="bbox 192 3923 1791 3995">
     <span class='ocr_line' id='line_1_70' title="bbox 192 3923 1791 3995; baseline -0.001 -19"><span class='ocrx_word' id='word_1_511' title='bbox 192 3926 517 3995; x_wconf 84' lang='grc' dir='ltr'>πρέπουσαν</span> <span class='ocrx_word' id='word_1_512' title='bbox 549 3925 642 3977; x_wconf 73' lang='grc' dir='ltr'><strong>τοῦ</strong></span> <span class='ocrx_word' id='word_1_513' title='bbox 672 3923 992 3993; x_wconf 83' lang='grc' dir='ltr'>πανδοχείου</span> <span class='ocrx_word' id='word_1_514' title='bbox 1032 3924 1467 3995; x_wconf 58' lang='grc' dir='ltr'>προϊσταμένῳ,</span> <span class='ocrx_word' id='word_1_515' title='bbox 1497 3925 1791 3995; x_wconf 75' lang='grc' dir='ltr'>ἑταιρικῶς</span> 
     </span>
    </p>
   </div>
   <div class='ocr_carea' id='block_1_71' title="bbox 189 4015 1790 4087">
    <p class='ocr_par' dir='ltr' id='par_1_71' title="bbox 189 4015 1790 4087">
     <span class='ocr_line' id='line_1_71' title="bbox 189 4015 1790 4087; baseline -0.002 -17"><span class='ocrx_word' id='word_1_516' title='bbox 189 4019 323 4079; x_wconf 78' lang='grc' dir='ltr'>τοὺς</span> <span class='ocrx_word' id='word_1_517' title='bbox 382 4018 739 4087; x_wconf 69' lang='grc' dir='ltr'>βουλομένους</span> <span class='ocrx_word' id='word_1_518' title='bbox 796 4015 1047 4084; x_wconf 75' lang='grc' dir='ltr'>δέχεσθαι</span> <span class='ocrx_word' id='word_1_519' title='bbox 1079 4032 1093 4046; x_wconf 89' lang='grc'><strong>·</strong></span> <span class='ocrx_word' id='word_1_520' title='bbox 1144 4016 1351 4084; x_wconf 86' lang='grc' dir='ltr'>ταύτης</span> <span class='ocrx_word' id='word_1_521' title='bbox 1412 4016 1568 4084; x_wconf 85' lang='grc' dir='ltr'><strong>κάγὼ</strong></span> <span class='ocrx_word' id='word_1_522' title='bbox 1615 4018 1790 4069; x_wconf 72' lang='grc' dir='ltr'>τοίιυν</span> 
     </span>
    </p>
   </div>
   <div class='ocr_carea' id='block_1_72' title="bbox 191 4109 1790 4181">
    <p class='ocr_par' dir='ltr' id='par_1_72' title="bbox 191 4109 1790 4181">
     <span class='ocr_line' id='line_1_72' title="bbox 191 4109 1790 4181; baseline -0.002 -18"><span class='ocrx_word' id='word_1_523' title='bbox 191 4111 337 4181; x_wconf 64' lang='grc' dir='ltr'>ἐρῶν</span> <span class='ocrx_word' id='word_1_524' title='bbox 369 4113 671 4178; x_wconf 65' lang='grc' dir='ltr'>ἀεξικομην.</span> <span class='ocrx_word' id='word_1_525' title='bbox 732 4110 839 4160; x_wconf 78' lang='grc' dir='ltr'>Καὶ</span> <span class='ocrx_word' id='word_1_526' title='bbox 866 4110 893 4159; x_wconf 90' lang='lat'><strong>6</strong></span> <span class='ocrx_word' id='word_1_527' title='bbox 929 4109 1233 4178; x_wconf 76' lang='grc' dir='ltr'>πανδοχεὺς</span> <span class='ocrx_word' id='word_1_528' title='bbox 1270 4111 1407 4179; x_wconf 64' lang='grc' dir='ltr'>πρὸς</span> <span class='ocrx_word' id='word_1_529' title='bbox 1460 4110 1559 4179; x_wconf 77' lang='grc' dir='ltr'>τὴν</span> <span class='ocrx_word' id='word_1_530' title='bbox 1594 4109 1790 4161; x_wconf 67' lang='grc' dir='ltr'>πολιὰν</span> 
     </span>
    </p>
   </div>
   <div class='ocr_carea' id='block_1_73' title="bbox 194 4198 1789 4271">
    <p class='ocr_par' dir='ltr' id='par_1_73' title="bbox 194 4198 1789 4271">
     <span class='ocr_line' id='line_1_73' title="bbox 194 4198 1789 4271; baseline -0.001 -18"><span class='ocrx_word' id='word_1_531' title='bbox 194 4201 401 4271; x_wconf 74' lang='grc' dir='ltr'>βλέψας</span> <span class='ocrx_word' id='word_1_532' title='bbox 460 4200 556 4253; x_wconf 72' lang='grc' dir='ltr'>τοῦ</span> <span class='ocrx_word' id='word_1_533' title='bbox 603 4198 927 4269; x_wconf 78' lang='grc' dir='ltr'>Ἀδραμίου,</span> <span class='ocrx_word' id='word_1_534' title='bbox 996 4200 1222 4266; x_wconf 83' lang='grc' dir='ltr'>ἄγνοιαν</span> <span class='ocrx_word' id='word_1_535' title='bbox 1264 4199 1321 4253; x_wconf 72' lang='grc' dir='ltr'>δὲ</span> <span class='ocrx_word' id='word_1_536' title='bbox 1371 4199 1464 4252; x_wconf 76' lang='grc' dir='ltr'>τοῦ</span> <span class='ocrx_word' id='word_1_537' title='bbox 1514 4199 1789 4270; x_wconf 85' lang='grc' dir='ltr'>δράματος</span> 
     </span>
    </p>
   </div>
   <div class='ocr_carea' id='block_1_74' title="bbox 190 4291 1785 4363">
    <p class='ocr_par' dir='ltr' id='par_1_74' title="bbox 190 4291 1785 4363">
     <span class='ocr_line' id='line_1_74' title="bbox 190 4291 1785 4363; baseline -0.001 -18"><span class='ocrx_word' id='word_1_538' title='bbox 190 4294 331 4363; x_wconf 72' lang='grc' dir='ltr'>ἔχων</span> <span class='ocrx_word' id='word_1_539' title='bbox 361 4295 455 4347; x_wconf 75' lang='grc' dir='ltr'>καὶ</span> <span class='ocrx_word' id='word_1_540' title='bbox 485 4294 584 4345; x_wconf 84' lang='grc' dir='ltr'><strong>ούκ</strong></span> <span class='ocrx_word' id='word_1_541' title='bbox 610 4292 767 4351; x_wconf 73' lang='grc' dir='ltr'>εἰδὼς</span> <span class='ocrx_word' id='word_1_542' title='bbox 804 4294 856 4343; x_wconf 79' lang='grc' dir='ltr'><strong>τί</strong></span> <span class='ocrx_word' id='word_1_543' title='bbox 892 4292 1223 4359; x_wconf 73' lang='grc' dir='ltr'>βουλόμενος</span> <span class='ocrx_word' id='word_1_544' title='bbox 1279 4292 1412 4361; x_wconf 80' lang='grc' dir='ltr'>ἐρᾷν</span> <span class='ocrx_word' id='word_1_545' title='bbox 1440 4291 1785 4361; x_wconf 73' lang='grc' dir='ltr'>ὑπεκρίνετο,</span> 
     </span>
    </p>
   </div>
   <div class='ocr_carea' id='block_1_75' title="bbox 187 4381 1789 4453">
    <p class='ocr_par' dir='ltr' id='par_1_75' title="bbox 187 4381 1789 4453">
     <span class='ocr_line' id='line_1_75' title="bbox 187 4381 1789 4453; baseline -0.002 -14"><span class='ocrx_word' id='word_1_546' title='bbox 187 4386 533 4453; x_wconf 73' lang='grc' dir='ltr'>ἐμυσάττετο</span> <span class='ocrx_word' id='word_1_547' title='bbox 573 4384 672 4453; x_wconf 82' lang='grc' dir='ltr'>μὲν</span> <span class='ocrx_word' id='word_1_548' title='bbox 704 4382 869 4436; x_wconf 76' lang='grc' dir='ltr'>αὑτὸν</span> <span class='ocrx_word' id='word_1_549' title='bbox 922 4385 987 4452; x_wconf 77' lang='grc' dir='ltr'>τῇ</span> <span class='ocrx_word' id='word_1_550' title='bbox 1020 4382 1167 4451; x_wconf 71' lang='grc' dir='ltr'>ψυχῇ</span> <span class='ocrx_word' id='word_1_551' title='bbox 1204 4382 1299 4434; x_wconf 79' lang='grc' dir='ltr'>καὶ</span> <span class='ocrx_word' id='word_1_552' title='bbox 1336 4381 1539 4451; x_wconf 79' lang='grc' dir='ltr'>πολλὴν</span> <span class='ocrx_word' id='word_1_553' title='bbox 1586 4383 1789 4436; x_wconf 60' lang='lat' dir='ltr'><strong>auola-</strong></span> 
     </span>
    </p>
   </div>
   <div class='ocr_carea' id='block_1_76' title="bbox 190 4474 1789 4545">
    <p class='ocr_par' dir='ltr' id='par_1_76' title="bbox 190 4474 1789 4545">
     <span class='ocr_line' id='line_1_76' title="bbox 190 4474 1789 4545; baseline -0.001 -16"><span class='ocrx_word' id='word_1_554' title='bbox 190 4479 319 4529; x_wconf 80' lang='grc' dir='ltr'>σίαν</span> <span class='ocrx_word' id='word_1_555' title='bbox 376 4478 539 4529; x_wconf 77' lang='grc' dir='ltr'>αὑτοῦ</span> <span class='ocrx_word' id='word_1_556' title='bbox 583 4478 679 4529; x_wconf 77' lang='grc' dir='ltr'><strong>καὶ</strong></span> <span class='ocrx_word' id='word_1_557' title='bbox 732 4476 1030 4542; x_wconf 77' lang='grc' dir='ltr'>ἀσέλγειαν</span> <span class='ocrx_word' id='word_1_558' title='bbox 1093 4474 1523 4543; x_wconf 81' lang='grc' dir='ltr'>κατεγίνωσκεν,</span> <span class='ocrx_word' id='word_1_559' title='bbox 1556 4477 1637 4528; x_wconf 81' lang='grc' dir='ltr'><strong>ὅτι</strong></span> <span class='ocrx_word' id='word_1_560' title='bbox 1667 4474 1789 4545; x_wconf 82' lang='grc' dir='ltr'>μηδ’</span> 
     </span>
    </p>
   </div>
   <div class='ocr_carea' id='block_1_77' title="bbox 1896 3375 3481 3445">
    <p class='ocr_par' dir='ltr' id='par_1_77' title="bbox 1896 3375 3481 3445">
     <span class='ocr_line' id='line_1_77' title="bbox 1896 3375 3481 3445; baseline 0.001 -16"><span class='ocrx_word' id='word_1_561' title='bbox 1896 3375 2152 3429; x_wconf 87' lang='lat' dir='ltr'><strong>stinebat.</strong></span> <span class='ocrx_word' id='word_1_562' title='bbox 2203 3375 2475 3426; x_wconf 81' lang='lat' dir='ltr'><strong>Amatoris</strong></span> <span class='ocrx_word' id='word_1_563' title='bbox 2528 3376 2746 3442; x_wconf 89' lang='lat' dir='ltr'><strong>quidem</strong></span> <span class='ocrx_word' id='word_1_564' title='bbox 2788 3376 3011 3427; x_wconf 87' lang='lat' dir='ltr'><strong>simulat</strong></span> <span class='ocrx_word' id='word_1_565' title='bbox 3041 3386 3097 3429; x_wconf 89' lang='lat' dir='ltr'><strong>et</strong></span> <span class='ocrx_word' id='word_1_566' title='bbox 3131 3378 3399 3445; x_wconf 80' lang='lat' dir='ltr'><strong>habitum,</strong></span> <span class='ocrx_word' id='word_1_567' title='bbox 3426 3389 3481 3431; x_wconf 87' lang='lat' dir='ltr'><strong>et</strong></span> 
     </span>
    </p>
   </div>
   <div class='ocr_carea' id='block_1_78' title="bbox 1898 3467 3477 3538">
    <p class='ocr_par' dir='ltr' id='par_1_78' title="bbox 1898 3467 3477 3538">
     <span class='ocr_line' id='line_1_78' title="bbox 1898 3467 3477 3538; baseline 0.001 -19"><span class='ocrx_word' id='word_1_568' title='bbox 1898 3482 2097 3531; x_wconf 88' lang='lat' dir='ltr'><strong>mores,</strong></span> <span class='ocrx_word' id='word_1_569' title='bbox 2146 3467 2236 3535; x_wconf 91' lang='lat' dir='ltr'><strong>qui</strong></span> <span class='ocrx_word' id='word_1_570' title='bbox 2268 3480 2335 3519; x_wconf 91' lang='lat' dir='ltr'><strong>eo</strong></span> <span class='ocrx_word' id='word_1_571' title='bbox 2382 3475 2725 3533; x_wconf 87' lang='lat' dir='ltr'><strong>pervenerat,</strong></span> <span class='ocrx_word' id='word_1_572' title='bbox 2763 3473 2819 3517; x_wconf 90' lang='lat' dir='ltr'><strong>ut</strong></span> <span class='ocrx_word' id='word_1_573' title='bbox 2864 3475 3047 3537; x_wconf 69' lang='lat' dir='ltr'><strong>esset,</strong></span> <span class='ocrx_word' id='word_1_574' title='bbox 3104 3469 3243 3520; x_wconf 90' lang='lat' dir='ltr'><strong>sicut</strong></span> <span class='ocrx_word' id='word_1_575' title='bbox 3277 3470 3477 3538; x_wconf 77' lang='lat' dir='ltr'><strong>angeli,</strong></span> 
     </span>
    </p>
   </div>
   <div class='ocr_carea' id='block_1_79' title="bbox 1897 3555 3478 3628">
    <p class='ocr_par' dir='ltr' id='par_1_79' title="bbox 1897 3555 3478 3628">
     <span class='ocr_line' id='line_1_79' title="bbox 1897 3555 3478 3628; baseline 0.001 -17"><span class='ocrx_word' id='word_1_576' title='bbox 1897 3574 2064 3628; x_wconf 89' lang='lat' dir='ltr'><strong>prope</strong></span> <span class='ocrx_word' id='word_1_577' title='bbox 2109 3572 2307 3627; x_wconf 80' lang='lat' dir='ltr'><strong>expers</strong></span> <span class='ocrx_word' id='word_1_578' title='bbox 2369 3556 2610 3611; x_wconf 73' lang='lat' dir='ltr'><strong>materia:</strong></span> <span class='ocrx_word' id='word_1_579' title='bbox 2644 3566 2739 3611; x_wconf 90' lang='lat' dir='ltr'><strong>:et</strong></span> <span class='ocrx_word' id='word_1_580' title='bbox 2768 3555 2919 3627; x_wconf 79' lang='lat' dir='ltr'><strong>ﬁngit</strong></span> <span class='ocrx_word' id='word_1_581' title='bbox 2966 3571 3026 3612; x_wconf 87' lang='lat' dir='ltr'><strong>se</strong></span> <span class='ocrx_word' id='word_1_582' title='bbox 3075 3572 3261 3613; x_wconf 81' lang='lat' dir='ltr'><strong>atnare</strong></span> <span class='ocrx_word' id='word_1_583' title='bbox 3290 3574 3478 3614; x_wconf 88' lang='lat' dir='ltr'><strong>amore</strong></span> 
     </span>
    </p>
   </div>
   <div class='ocr_carea' id='block_1_80' title="bbox 1896 3650 3482 3719">
    <p class='ocr_par' dir='ltr' id='par_1_80' title="bbox 1896 3650 3482 3719">
     <span class='ocr_line' id='line_1_80' title="bbox 1896 3650 3482 3719; baseline 0.002 -16"><span class='ocrx_word' id='word_1_584' title='bbox 1896 3652 2120 3705; x_wconf 85' lang='lat' dir='ltr'><strong>carnali.</strong></span> <span class='ocrx_word' id='word_1_585' title='bbox 2148 3650 2336 3719; x_wconf 88' lang='lat' dir='ltr'><strong>Itaque</strong></span> <span class='ocrx_word' id='word_1_586' title='bbox 2374 3651 2572 3703; x_wconf 89' lang='lat' dir='ltr'><strong>sensim</strong></span> <span class='ocrx_word' id='word_1_587' title='bbox 2607 3650 2875 3705; x_wconf 83' lang='lat' dir='ltr'><strong>accedens</strong></span> <span class='ocrx_word' id='word_1_588' title='bbox 2900 3652 2967 3705; x_wconf 86' lang='lat' dir='ltr'><strong>ad</strong></span> <span class='ocrx_word' id='word_1_589' title='bbox 2987 3651 3267 3705; x_wconf 89' lang='lat' dir='ltr'><strong>dominum</strong></span> <span class='ocrx_word' id='word_1_590' title='bbox 3302 3654 3482 3708; x_wconf 75' lang='lat' dir='ltr'><strong>diver-</strong></span> 
     </span>
    </p>
   </div>
   <div class='ocr_carea' id='block_1_81' title="bbox 1896 3742 3478 3816">
    <p class='ocr_par' dir='ltr' id='par_1_81' title="bbox 1896 3742 3478 3816">
     <span class='ocr_line' id='line_1_81' title="bbox 1896 3742 3478 3816; baseline 0.004 -21"><span class='ocrx_word' id='word_1_591' title='bbox 1896 3742 2027 3795; x_wconf 89' lang='lat' dir='ltr'><strong>sorii</strong></span> <span class='ocrx_word' id='word_1_592' title='bbox 2068 3757 2081 3794; x_wconf 88' lang='lat'><strong>:</strong></span> <span class='ocrx_word' id='word_1_593' title='bbox 2124 3742 2319 3805; x_wconf 82' lang='lat' dir='ltr'><strong>Audio,</strong></span> <span class='ocrx_word' id='word_1_594' title='bbox 2355 3742 2548 3809; x_wconf 89' lang='lat' dir='ltr'><strong>inquit,</strong></span> <span class='ocrx_word' id='word_1_595' title='bbox 2586 3743 2727 3810; x_wconf 89' lang='lat' dir='ltr'><strong>apud</strong></span> <span class='ocrx_word' id='word_1_596' title='bbox 2756 3752 2807 3796; x_wconf 89' lang='lat' dir='ltr'><strong>te</strong></span> <span class='ocrx_word' id='word_1_597' title='bbox 2847 3758 2969 3795; x_wconf 85' lang='lat' dir='ltr'><strong>esse</strong></span> <span class='ocrx_word' id='word_1_598' title='bbox 2996 3744 3227 3811; x_wconf 89' lang='lat' dir='ltr'><strong>puellam</strong></span> <span class='ocrx_word' id='word_1_599' title='bbox 3280 3746 3478 3816; x_wconf 82' lang='lat' dir='ltr'><strong>insigni</strong></span> 
     </span>
    </p>
   </div>
   <div class='ocr_carea' id='block_1_82' title="bbox 1897 3832 3478 3903">
    <p class='ocr_par' dir='ltr' id='par_1_82' title="bbox 1897 3832 3478 3903">
     <span class='ocr_line' id='line_1_82' title="bbox 1897 3832 3478 3903; baseline 0.004 -17"><span class='ocrx_word' id='word_1_600' title='bbox 1897 3832 2317 3903; x_wconf 86' lang='lat' dir='ltr'><strong>pulchritudine,</strong></span> <span class='ocrx_word' id='word_1_601' title='bbox 2369 3848 2490 3903; x_wconf 69' lang='lat' dir='ltr'><strong>qua:</strong></span> <span class='ocrx_word' id='word_1_602' title='bbox 2539 3844 2740 3903; x_wconf 63' lang='lat' dir='ltr'><strong>praeest</strong></span> <span class='ocrx_word' id='word_1_603' title='bbox 2771 3833 3095 3901; x_wconf 85' lang='lat' dir='ltr'><strong>diversorio,</strong></span> <span class='ocrx_word' id='word_1_604' title='bbox 3126 3842 3181 3888; x_wconf 90' lang='lat' dir='ltr'><strong>et</strong></span> <span class='ocrx_word' id='word_1_605' title='bbox 3233 3838 3478 3893; x_wconf 79' lang='lat' dir='ltr'><strong>volentes</strong></span> 
     </span>
    </p>
   </div>
   <div class='ocr_carea' id='block_1_83' title="bbox 1896 3924 3475 3997">
    <p class='ocr_par' dir='ltr' id='par_1_83' title="bbox 1896 3924 3475 3997">
     <span class='ocr_line' id='line_1_83' title="bbox 1896 3924 3475 3997; baseline 0.004 -18"><span class='ocrx_word' id='word_1_606' title='bbox 1896 3927 2134 3981; x_wconf 88' lang='lat' dir='ltr'><strong>admittit</strong></span> <span class='ocrx_word' id='word_1_607' title='bbox 2151 3936 2447 3981; x_wconf 89' lang='lat' dir='ltr'><strong>amatores.</strong></span> <span class='ocrx_word' id='word_1_608' title='bbox 2468 3924 2615 3981; x_wconf 89' lang='lat' dir='ltr'><strong>Illius</strong></span> <span class='ocrx_word' id='word_1_609' title='bbox 2638 3927 2799 3996; x_wconf 75' lang='lat' dir='ltr'><strong>igitur</strong></span> <span class='ocrx_word' id='word_1_610' title='bbox 2819 3943 3031 3996; x_wconf 87' lang='lat' dir='ltr'><strong>quoque</strong></span> <span class='ocrx_word' id='word_1_611' title='bbox 3053 3940 3242 3997; x_wconf 89' lang='lat' dir='ltr'><strong>captus</strong></span> <span class='ocrx_word' id='word_1_612' title='bbox 3266 3946 3475 3992; x_wconf 90' lang='lat' dir='ltr'><strong>amore.</strong></span> 
     </span>
    </p>
   </div>
   <div class='ocr_carea' id='block_1_84' title="bbox 1896 4016 3477 4077">
    <p class='ocr_par' dir='ltr' id='par_1_84' title="bbox 1896 4016 3477 4077">
     <span class='ocr_line' id='line_1_84' title="bbox 1896 4016 3477 4077; baseline 0.004 -6"><span class='ocrx_word' id='word_1_613' title='bbox 1896 4018 2003 4071; x_wconf 83' lang='lat' dir='ltr'><strong>huc</strong></span> <span class='ocrx_word' id='word_1_614' title='bbox 2036 4018 2265 4071; x_wconf 86' lang='lat' dir='ltr'><strong>accessi.</strong></span> <span class='ocrx_word' id='word_1_615' title='bbox 2321 4016 2614 4070; x_wconf 60' lang='lat' dir='ltr'><strong>Pratl‘ectus</strong></span> <span class='ocrx_word' id='word_1_616' title='bbox 2670 4029 2850 4071; x_wconf 88' lang='lat' dir='ltr'><strong>autem</strong></span> <span class='ocrx_word' id='word_1_617' title='bbox 2912 4020 3204 4075; x_wconf 85' lang='lat' dir='ltr'><strong>diversorii</strong></span> <span class='ocrx_word' id='word_1_618' title='bbox 3258 4022 3477 4077; x_wconf 83' lang='lat' dir='ltr'><strong>intuens</strong></span> 
     </span>
    </p>
   </div>
   <div class='ocr_carea' id='block_1_85' title="bbox 1896 4108 3477 4181">
    <p class='ocr_par' dir='ltr' id='par_1_85' title="bbox 1896 4108 3477 4181">
     <span class='ocr_line' id='line_1_85' title="bbox 1896 4108 3477 4181; baseline 0.006 -21"><span class='ocrx_word' id='word_1_619' title='bbox 1896 4110 1961 4161; x_wconf 86' lang='lat' dir='ltr'><strong>ad</strong></span> <span class='ocrx_word' id='word_1_620' title='bbox 1995 4124 2161 4163; x_wconf 91' lang='lat' dir='ltr'><strong>canos</strong></span> <span class='ocrx_word' id='word_1_621' title='bbox 2184 4108 2447 4176; x_wconf 80' lang='lat' dir='ltr'><strong>Abramii,</strong></span> <span class='ocrx_word' id='word_1_622' title='bbox 2490 4124 2602 4163; x_wconf 90' lang='lat' dir='ltr'><strong>rem</strong></span> <span class='ocrx_word' id='word_1_623' title='bbox 2638 4125 2765 4166; x_wconf 89' lang='lat' dir='ltr'><strong>vero</strong></span> <span class='ocrx_word' id='word_1_624' title='bbox 2818 4111 3100 4181; x_wconf 79' lang='lat' dir='ltr'><strong>ignorans,</strong></span> <span class='ocrx_word' id='word_1_625' title='bbox 3126 4122 3181 4168; x_wconf 91' lang='lat' dir='ltr'><strong>et</strong></span> <span class='ocrx_word' id='word_1_626' title='bbox 3226 4115 3477 4171; x_wconf 88' lang='lat' dir='ltr'><strong>nesciens</strong></span> 
     </span>
    </p>
   </div>
   <div class='ocr_carea' id='block_1_86' title="bbox 1892 4202 3476 4274">
    <p class='ocr_par' dir='ltr' id='par_1_86' title="bbox 1892 4202 3476 4274">
     <span class='ocr_line' id='line_1_86' title="bbox 1892 4202 3476 4274; baseline 0.004 -20"><span class='ocrx_word' id='word_1_627' title='bbox 1892 4202 2155 4272; x_wconf 81' lang='lat' dir='ltr'><strong>quidnam</strong></span> <span class='ocrx_word' id='word_1_628' title='bbox 2214 4202 2316 4257; x_wconf 81' lang='lat' dir='ltr'><strong>sibi</strong></span> <span class='ocrx_word' id='word_1_629' title='bbox 2361 4202 2543 4257; x_wconf 87' lang='lat' dir='ltr'><strong>volens</strong></span> <span class='ocrx_word' id='word_1_630' title='bbox 2596 4218 2655 4258; x_wconf 88' lang='lat' dir='ltr'><strong>se</strong></span> <span class='ocrx_word' id='word_1_631' title='bbox 2708 4219 2893 4257; x_wconf 87' lang='lat' dir='ltr'><strong>amare</strong></span> <span class='ocrx_word' id='word_1_632' title='bbox 2953 4205 3256 4274; x_wconf 82' lang='lat' dir='ltr'><strong>simularet,</strong></span> <span class='ocrx_word' id='word_1_633' title='bbox 3290 4208 3476 4261; x_wconf 87' lang='lat' dir='ltr'><strong>animo</strong></span> 
     </span>
    </p>
   </div>
   <div class='ocr_carea' id='block_1_87' title="bbox 1893 4294 3474 4364">
    <p class='ocr_par' dir='ltr' id='par_1_87' title="bbox 1893 4294 3474 4364">
     <span class='ocr_line' id='line_1_87' title="bbox 1893 4294 3474 4364; baseline 0.002 -18"><span class='ocrx_word' id='word_1_634' title='bbox 1893 4294 2114 4361; x_wconf 88' lang='lat' dir='ltr'><strong>quidem</strong></span> <span class='ocrx_word' id='word_1_635' title='bbox 2146 4308 2268 4346; x_wconf 89' lang='lat' dir='ltr'><strong>eum</strong></span> <span class='ocrx_word' id='word_1_636' title='bbox 2304 4294 2740 4358; x_wconf 87' lang='lat' dir='ltr'><strong>abominabatur,</strong></span> <span class='ocrx_word' id='word_1_637' title='bbox 2771 4304 2825 4347; x_wconf 91' lang='lat' dir='ltr'><strong>et</strong></span> <span class='ocrx_word' id='word_1_638' title='bbox 2850 4311 2973 4348; x_wconf 90' lang='lat' dir='ltr'><strong>eum</strong></span> <span class='ocrx_word' id='word_1_639' title='bbox 3012 4310 3219 4364; x_wconf 61' lang='lat' dir='ltr'><strong>magna</strong></span> <span class='ocrx_word' id='word_1_640' title='bbox 3246 4298 3474 4351; x_wconf 80' lang='lat' dir='ltr'><strong>danma-</strong></span> 
     </span>
    </p>
   </div>
   <div class='ocr_carea' id='block_1_88' title="bbox 1895 4384 3471 4456">
    <p class='ocr_par' dir='ltr' id='par_1_88' title="bbox 1895 4384 3471 4456">
     <span class='ocr_line' id='line_1_88' title="bbox 1895 4384 3471 4456; baseline 0.003 -18"><span class='ocrx_word' id='word_1_641' title='bbox 1895 4384 1986 4438; x_wconf 92' lang='lat' dir='ltr'><strong>bat</strong></span> <span class='ocrx_word' id='word_1_642' title='bbox 2023 4384 2369 4456; x_wconf 66' lang='lat' dir='ltr'><strong>impudicitia</strong></span> <span class='ocrx_word' id='word_1_643' title='bbox 2392 4394 2446 4441; x_wconf 89' lang='lat' dir='ltr'><strong>et</strong></span> <span class='ocrx_word' id='word_1_644' title='bbox 2468 4387 2920 4454; x_wconf 67' lang='lat' dir='ltr'><strong>intemperantiae,</strong></span> <span class='ocrx_word' id='word_1_645' title='bbox 2942 4387 3083 4455; x_wconf 88' lang='lat' dir='ltr'><strong>quod</strong></span> <span class='ocrx_word' id='word_1_646' title='bbox 3115 4401 3217 4441; x_wconf 90' lang='lat' dir='ltr'><strong>nec</strong></span> <span class='ocrx_word' id='word_1_647' title='bbox 3249 4390 3300 4441; x_wconf 83' lang='lat' dir='ltr'><strong>in</strong></span> <span class='ocrx_word' id='word_1_648' title='bbox 3324 4392 3471 4442; x_wconf 81' lang='lat' dir='ltr'><strong>tanta</strong></span> 
     </span>
    </p>
   </div>
   <div class='ocr_carea' id='block_1_89' title="bbox 1894 4475 3475 4549">
    <p class='ocr_par' dir='ltr' id='par_1_89' title="bbox 1894 4475 3475 4549">
     <span class='ocr_line' id='line_1_89' title="bbox 1894 4475 3475 4549; baseline 0.003 -21"><span class='ocrx_word' id='word_1_649' title='bbox 1894 4475 2117 4545; x_wconf 89' lang='lat' dir='ltr'><strong>quidem</strong></span> <span class='ocrx_word' id='word_1_650' title='bbox 2152 4488 2430 4531; x_wconf 78' lang='lat' dir='ltr'><strong>senectute</strong></span> <span class='ocrx_word' id='word_1_651' title='bbox 2456 4486 2510 4529; x_wconf 88' lang='lat' dir='ltr'><strong>et</strong></span> <span class='ocrx_word' id='word_1_652' title='bbox 2538 4478 2737 4531; x_wconf 84' lang='lat' dir='ltr'><strong>canitie</strong></span> <span class='ocrx_word' id='word_1_653' title='bbox 2782 4477 3076 4531; x_wconf 81' lang='lat' dir='ltr'><strong>sustineret</strong></span> <span class='ocrx_word' id='word_1_654' title='bbox 3114 4493 3235 4533; x_wconf 85' lang='lat' dir='ltr'><strong>esse</strong></span> <span class='ocrx_word' id='word_1_655' title='bbox 3269 4488 3475 4549; x_wconf 85' lang='lat' dir='ltr'><strong>tempe-</strong></span> 
     </span>
    </p>
   </div>
   <div class='ocr_carea' id='block_1_90' title="bbox 186 4567 1789 4658">
    <p class='ocr_par' dir='ltr' id='par_1_90' title="bbox 186 4567 1785 4638">
     <span class='ocr_line' id='line_1_90' title="bbox 186 4567 1785 4638; baseline -0.001 -17"><span class='ocrx_word' id='word_1_656' title='bbox 186 4572 250 4621; x_wconf 69' lang='grc' dir='ltr'>ιν</span> <span class='ocrx_word' id='word_1_657' title='bbox 280 4569 426 4638; x_wconf 79' lang='grc' dir='ltr'>γήρα</span> <span class='ocrx_word' id='word_1_658' title='bbox 478 4567 718 4636; x_wconf 79' lang='grc' dir='ltr'>τοσούτῳ</span> <span class='ocrx_word' id='word_1_659' title='bbox 775 4568 870 4620; x_wconf 77' lang='grc' dir='ltr'><strong>καὶ</strong></span> <span class='ocrx_word' id='word_1_660' title='bbox 932 4567 1096 4636; x_wconf 76' lang='grc' dir='ltr'>πολιᾷ</span> <span class='ocrx_word' id='word_1_661' title='bbox 1150 4570 1456 4636; x_wconf 79' lang='grc' dir='ltr'>σωφρονεῖν</span> <span class='ocrx_word' id='word_1_662' title='bbox 1516 4569 1785 4638; x_wconf 83' lang='grc' dir='ltr'>ἀνέχοιτο,</span> 
     </span>
    </p>
   </div>
   <div class='ocr_carea' id='block_1_91' title="bbox 1893 4567 3467 4658">
    <p class='ocr_par' dir='ltr' id='par_1_91' title="bbox 1894 4568 3467 4637">
     <span class='ocr_line' id='line_1_91' title="bbox 1894 4568 3467 4637; baseline -0.001 -13"><span class='ocrx_word' id='word_1_663' title='bbox 1894 4583 2042 4635; x_wconf 87' lang='lat' dir='ltr'><strong>rans,</strong></span> <span class='ocrx_word' id='word_1_664' title='bbox 2093 4568 2189 4624; x_wconf 90' lang='lat' dir='ltr'><strong>sed</strong></span> <span class='ocrx_word' id='word_1_665' title='bbox 2238 4569 2356 4637; x_wconf 82' lang='lat' dir='ltr'><strong>ejus</strong></span> <span class='ocrx_word' id='word_1_666' title='bbox 2404 4582 2582 4623; x_wconf 84' lang='lat' dir='ltr'><strong>mores</strong></span> <span class='ocrx_word' id='word_1_667' title='bbox 2615 4570 2752 4622; x_wconf 88' lang='lat' dir='ltr'><strong>adeo</strong></span> <span class='ocrx_word' id='word_1_668' title='bbox 2786 4568 3169 4636; x_wconf 84' lang='lat' dir='ltr'><strong>discreparent</strong></span> <span class='ocrx_word' id='word_1_669' title='bbox 3192 4569 3261 4621; x_wconf 88' lang='lat' dir='ltr'><strong>ab</strong></span> <span class='ocrx_word' id='word_1_670' title='bbox 3285 4579 3467 4623; x_wconf 83' lang='lat' dir='ltr'><strong>aetate.</strong></span> 
     </span>
    </p>
   </div>
   <div class='ocr_carea' id='block_1_92' title="bbox 187 4657 1783 4729">
    <p class='ocr_par' dir='ltr' id='par_1_92' title="bbox 187 4657 1783 4729">
     <span class='ocr_line' id='line_1_92' title="bbox 187 4657 1783 4729; baseline 0.001 -18"><span class='ocrx_word' id='word_1_671' title='bbox 187 4659 307 4712; x_wconf 78' lang='grc' dir='ltr'>ἀλλ’</span> <span class='ocrx_word' id='word_1_672' title='bbox 365 4657 541 4722; x_wconf 82' lang='grc' dir='ltr'>οὕτως</span> <span class='ocrx_word' id='word_1_673' title='bbox 599 4658 824 4728; x_wconf 76' lang='grc' dir='ltr'>ἀπᾴδων</span> <span class='ocrx_word' id='word_1_674' title='bbox 882 4657 1019 4710; x_wconf 82' lang='grc' dir='ltr'>πολὺ</span> <span class='ocrx_word' id='word_1_675' title='bbox 1082 4657 1181 4727; x_wconf 87' lang='grc' dir='ltr'><strong>τῆς</strong></span> <span class='ocrx_word' id='word_1_676' title='bbox 1242 4657 1461 4726; x_wconf 78' lang='grc' dir='ltr'>ἡλικίας</span> <span class='ocrx_word' id='word_1_677' title='bbox 1501 4660 1783 4729; x_wconf 85' lang='grc' dir='ltr'>ὁτρόπος.</span> 
     </span>
    </p>
   </div>
   <div class='ocr_carea' id='block_1_93' title="bbox 188 4748 1786 4821">
    <p class='ocr_par' dir='ltr' id='par_1_93' title="bbox 188 4748 1786 4821">
     <span class='ocr_line' id='line_1_93' title="bbox 188 4748 1786 4821; baseline -0.001 -20"><span class='ocrx_word' id='word_1_678' title='bbox 188 4750 391 4810; x_wconf 74' lang='grc' dir='ltr'>Ὀιως</span> <span class='ocrx_word' id='word_1_679' title='bbox 436 4749 493 4800; x_wconf 84' lang='grc' dir='ltr'>δὲ</span> <span class='ocrx_word' id='word_1_680' title='bbox 538 4749 613 4817; x_wconf 79' lang='grc' dir='ltr'>μὴ</span> <span class='ocrx_word' id='word_1_681' title='bbox 650 4751 758 4801; x_wconf 87' lang='grc' dir='ltr'><strong>τῶν</strong></span> <span class='ocrx_word' id='word_1_682' title='bbox 791 4748 884 4800; x_wconf 66' lang='grc' dir='ltr'><strong>ἐπὶ</strong></span> <span class='ocrx_word' id='word_1_683' title='bbox 935 4752 1000 4817; x_wconf 76' lang='grc' dir='ltr'>τῇ</span> <span class='ocrx_word' id='word_1_684' title='bbox 1034 4748 1173 4819; x_wconf 77' lang='grc' dir='ltr'>κόρη</span> <span class='ocrx_word' id='word_1_685' title='bbox 1210 4748 1423 4817; x_wconf 81' lang='grc' dir='ltr'>μισθῶν</span> <span class='ocrx_word' id='word_1_686' title='bbox 1468 4750 1786 4821; x_wconf 79' lang='grc' dir='ltr'>ἀποστερη-</span> 
     </span>
    </p>
   </div>
   <div class='ocr_carea' id='block_1_94' title="bbox 190 4837 1787 4909">
    <p class='ocr_par' dir='ltr' id='par_1_94' title="bbox 190 4837 1787 4909">
     <span class='ocr_line' id='line_1_94' title="bbox 190 4837 1787 4909; baseline -0.001 -17"><span class='ocrx_word' id='word_1_687' title='bbox 190 4840 339 4907; x_wconf 82' lang='grc' dir='ltr'>θείη,</span> <span class='ocrx_word' id='word_1_688' title='bbox 391 4838 718 4909; x_wconf 76' lang='grc' dir='ltr'>διερεθίζειν</span> <span class='ocrx_word' id='word_1_689' title='bbox 778 4838 944 4907; x_wconf 82' lang='grc' dir='ltr'>δῆθεν</span> <span class='ocrx_word' id='word_1_690' title='bbox 980 4837 1161 4890; x_wconf 75' lang='grc' dir='ltr'>ἐδόκει</span> <span class='ocrx_word' id='word_1_691' title='bbox 1194 4838 1289 4889; x_wconf 68' lang='grc' dir='ltr'><strong>καὶ</strong></span> <span class='ocrx_word' id='word_1_692' title='bbox 1317 4837 1655 4903; x_wconf 76' lang='grc' dir='ltr'>ὁποκνίζειν,</span> <span class='ocrx_word' id='word_1_693' title='bbox 1693 4838 1787 4891; x_wconf 78' lang='grc' dir='ltr'>καὶ</span> 
     </span>
    </p>
   </div>
   <div class='ocr_carea' id='block_1_95' title="bbox 188 4928 1787 5001">
    <p class='ocr_par' dir='ltr' id='par_1_95' title="bbox 188 4928 1787 5001">
     <span class='ocr_line' id='line_1_95' title="bbox 188 4928 1787 5001; baseline -0.002 -15"><span class='ocrx_word' id='word_1_694' title='bbox 188 4936 270 4995; x_wconf 83' lang='grc' dir='ltr'><strong>είς</strong></span> <span class='ocrx_word' id='word_1_695' title='bbox 308 4932 533 4983; x_wconf 72' lang='grc' dir='ltr'>πλείονα</span> <span class='ocrx_word' id='word_1_696' title='bbox 594 4932 686 4982; x_wconf 70' lang='grc' dir='ltr'><strong>τὸν</strong></span> <span class='ocrx_word' id='word_1_697' title='bbox 743 4929 897 4999; x_wconf 78' lang='grc' dir='ltr'>ἆγιον</span> <span class='ocrx_word' id='word_1_698' title='bbox 922 4931 1023 5001; x_wconf 78' lang='grc' dir='ltr'>τὴν</span> <span class='ocrx_word' id='word_1_699' title='bbox 1060 4928 1359 4997; x_wconf 76' lang='grc' dir='ltr'>ἐπιθυμίαν</span> <span class='ocrx_word' id='word_1_700' title='bbox 1398 4931 1661 4993; x_wconf 79' lang='grc' dir='ltr'>ἐκκαίειν,</span> <span class='ocrx_word' id='word_1_701' title='bbox 1688 4928 1787 5000; x_wconf 80' lang='grc' dir='ltr'>τὴν</span> 
     </span>
    </p>
   </div>
   <div class='ocr_carea' id='block_1_96' title="bbox 188 5017 1785 5096">
    <p class='ocr_par' dir='ltr' id='par_1_96' title="bbox 188 5017 1785 5096">
     <span class='ocr_line' id='line_1_96' title="bbox 188 5017 1785 5096; baseline -0.002 -18"><span class='ocrx_word' id='word_1_702' title='bbox 188 5026 367 5096; x_wconf 76' lang='grc' dir='ltr'>κόρην</span> <span class='ocrx_word' id='word_1_703' title='bbox 426 5023 499 5093; x_wconf 79' lang='grc' dir='ltr'>μὴ</span> <span class='ocrx_word' id='word_1_704' title='bbox 550 5024 740 5084; x_wconf 74' lang='grc' dir='ltr'>ἁπλῶς</span> <span class='ocrx_word' id='word_1_705' title='bbox 796 5023 1009 5093; x_wconf 83' lang='grc' dir='ltr'>ὡραίαν</span> <span class='ocrx_word' id='word_1_706' title='bbox 1068 5022 1163 5074; x_wconf 75' lang='grc' dir='ltr'><strong>καὶ</strong></span> <span class='ocrx_word' id='word_1_707' title='bbox 1194 5020 1365 5092; x_wconf 75' lang='grc' dir='ltr'>καλὴν</span> <span class='ocrx_word' id='word_1_708' title='bbox 1415 5017 1555 5074; x_wconf 76' lang='grc' dir='ltr'>εἶναι</span> <span class='ocrx_word' id='word_1_709' title='bbox 1587 5021 1785 5088; x_wconf 76' lang='grc' dir='ltr'>λέγων,</span> 
     </span>
    </p>
   </div>
   <div class='ocr_carea' id='block_1_97' title="bbox 189 5112 1783 5182">
    <p class='ocr_par' dir='ltr' id='par_1_97' title="bbox 189 5112 1783 5182">
     <span class='ocr_line' id='line_1_97' title="bbox 189 5112 1783 5182; baseline -0.002 -14"><span class='ocrx_word' id='word_1_710' title='bbox 189 5119 330 5169; x_wconf 64' lang='grc' dir='ltr'>ἀλλὰ</span> <span class='ocrx_word' id='word_1_711' title='bbox 372 5115 466 5167; x_wconf 74' lang='grc' dir='ltr'>καὶ</span> <span class='ocrx_word' id='word_1_712' title='bbox 499 5115 606 5165; x_wconf 88' lang='grc' dir='ltr'><strong>τῶν</strong></span> <span class='ocrx_word' id='word_1_713' title='bbox 639 5112 815 5167; x_wconf 71' lang='grc' dir='ltr'>ἄλλων</span> <span class='ocrx_word' id='word_1_714' title='bbox 875 5112 1156 5180; x_wconf 87' lang='grc' dir='ltr'>γυναικῶν</span> <span class='ocrx_word' id='word_1_715' title='bbox 1213 5112 1468 5166; x_wconf 83' lang='grc' dir='ltr'>τοσοῦτον</span> <span class='ocrx_word' id='word_1_716' title='bbox 1499 5114 1783 5182; x_wconf 88' lang='grc' dir='ltr'>ἀμείνονα,</span> 
     </span>
    </p>
   </div>
   <div class='ocr_carea' id='block_1_98' title="bbox 186 5204 1781 5275">
    <p class='ocr_par' dir='ltr' id='par_1_98' title="bbox 186 5204 1781 5275">
     <span class='ocr_line' id='line_1_98' title="bbox 186 5204 1781 5275; baseline -0.002 -14"><span class='ocrx_word' id='word_1_717' title='bbox 186 5211 301 5274; x_wconf 75' lang='grc' dir='ltr'><strong>ὅσῳ</strong></span> <span class='ocrx_word' id='word_1_718' title='bbox 338 5208 431 5259; x_wconf 73' lang='grc' dir='ltr'>καὶ</span> <span class='ocrx_word' id='word_1_719' title='bbox 462 5206 569 5257; x_wconf 87' lang='grc' dir='ltr'><strong>τῶν</strong></span> <span class='ocrx_word' id='word_1_720' title='bbox 601 5205 807 5257; x_wconf 77' lang='grc' dir='ltr'>λοιπῶν</span> <span class='ocrx_word' id='word_1_721' title='bbox 836 5204 1047 5258; x_wconf 78' lang='grc' dir='ltr'>ἀνθέων</span> <span class='ocrx_word' id='word_1_722' title='bbox 1096 5205 1155 5257; x_wconf 75' lang='grc' dir='ltr'>τὸ</span> <span class='ocrx_word' id='word_1_723' title='bbox 1204 5206 1356 5274; x_wconf 67' lang='grc' dir='ltr'>ῥόδον</span> <span class='ocrx_word' id='word_1_724' title='bbox 1388 5206 1746 5275; x_wconf 82' lang='grc' dir='ltr'>φαιδρότερον</span> <span class='ocrx_word' id='word_1_725' title='bbox 1770 5222 1781 5235; x_wconf 72' lang='grc'><strong><em>⁸</em></strong></span> 
     </span>
    </p>
   </div>
   <div class='ocr_carea' id='block_1_99' title="bbox 186 5297 864 5367">
    <p class='ocr_par' dir='ltr' id='par_1_99' title="bbox 186 5297 864 5367">
     <span class='ocr_line' id='line_1_99' title="bbox 186 5297 864 5367; baseline -0.004 -16"><span class='ocrx_word' id='word_1_726' title='bbox 186 5302 364 5367; x_wconf 72' lang='grc' dir='ltr'>δνομα</span> <span class='ocrx_word' id='word_1_727' title='bbox 392 5300 449 5350; x_wconf 79' lang='grc' dir='ltr'>δὲ</span> <span class='ocrx_word' id='word_1_728' title='bbox 482 5299 620 5367; x_wconf 81' lang='grc' dir='ltr'>αύτῂ</span> <span class='ocrx_word' id='word_1_729' title='bbox 654 5297 864 5365; x_wconf 78' lang='grc' dir='ltr'>Μαρία.</span> 
     </span>
    </p>
   </div>
   <div class='ocr_carea' id='block_1_100' title="bbox 267 5390 1783 5460">
    <p class='ocr_par' dir='ltr' id='par_1_100' title="bbox 267 5390 1783 5460">
     <span class='ocr_line' id='line_1_100' title="bbox 267 5390 1783 5460; baseline -0.001 -14"><span class='ocrx_word' id='word_1_730' title='bbox 267 5394 394 5446; x_wconf 76' lang='lat' dir='ltr'><strong>Kl&quot;.</strong></span> <span class='ocrx_word' id='word_1_731' title='bbox 433 5391 620 5446; x_wconf 79' lang='grc' dir='ltr'>Ταῦτα</span> <span class='ocrx_word' id='word_1_732' title='bbox 645 5391 738 5444; x_wconf 79' lang='grc' dir='ltr'>τοῦ</span> <span class='ocrx_word' id='word_1_733' title='bbox 774 5390 1086 5460; x_wconf 81' lang='grc' dir='ltr'>πανδοχέως</span> <span class='ocrx_word' id='word_1_734' title='bbox 1115 5391 1388 5457; x_wconf 79' lang='grc' dir='ltr'>εἰπόντος,</span> <span class='ocrx_word' id='word_1_735' title='bbox 1422 5390 1664 5454; x_wconf 87' lang='grc' dir='ltr'>ἀκούσας</span> <span class='ocrx_word' id='word_1_736' title='bbox 1689 5394 1783 5445; x_wconf 83' lang='grc' dir='ltr'>τοῦ</span> 
     </span>
    </p>
   </div>
   <div class='ocr_carea' id='block_1_101' title="bbox 189 5472 1784 5553">
    <p class='ocr_par' dir='ltr' id='par_1_101' title="bbox 189 5472 1784 5553">
     <span class='ocr_line' id='line_1_101' title="bbox 189 5472 1784 5553; baseline -0.003 -14"><span class='ocrx_word' id='word_1_737' title='bbox 189 5472 463 5553; x_wconf 68' lang='grc' dir='ltr'>ὀνόματος</span> <span class='ocrx_word' id='word_1_738' title='bbox 497 5486 525 5535; x_wconf 91' lang='lat'><strong>6</strong></span> <span class='ocrx_word' id='word_1_739' title='bbox 568 5484 888 5552; x_wconf 76' lang='grc' dir='ltr'>’Δὸράμιος,</span> <span class='ocrx_word' id='word_1_740' title='bbox 942 5482 1087 5549; x_wconf 66' lang='grc' dir='ltr'>ἔγνω</span> <span class='ocrx_word' id='word_1_741' title='bbox 1126 5482 1335 5552; x_wconf 85' lang='grc' dir='ltr'>ταύτην</span> <span class='ocrx_word' id='word_1_742' title='bbox 1390 5484 1605 5551; x_wconf 75' lang='grc' dir='ltr'>ἐκείνην</span> <span class='ocrx_word' id='word_1_743' title='bbox 1641 5480 1784 5537; x_wconf 79' lang='grc' dir='ltr'>εἶναι</span> 
     </span>
    </p>
   </div>
   <div class='ocr_carea' id='block_1_102' title="bbox 192 5572 1783 5647">
    <p class='ocr_par' dir='ltr' id='par_1_102' title="bbox 192 5572 1783 5647">
     <span class='ocr_line' id='line_1_102' title="bbox 192 5572 1783 5647; baseline -0.001 -17"><span class='ocrx_word' id='word_1_744' title='bbox 192 5576 384 5647; x_wconf 80' lang='grc' dir='ltr'>σαφῶς</span> <span class='ocrx_word' id='word_1_745' title='bbox 440 5575 537 5627; x_wconf 76' lang='grc' dir='ltr'>καὶ</span> <span class='ocrx_word' id='word_1_746' title='bbox 598 5577 783 5629; x_wconf 76' lang='grc' dir='ltr'>οὐκέτι</span> <span class='ocrx_word' id='word_1_747' title='bbox 832 5574 1159 5637; x_wconf 74' lang='grc' dir='ltr'>ἐπιδοιάζων</span> <span class='ocrx_word' id='word_1_748' title='bbox 1222 5572 1313 5646; x_wconf 83' lang='grc' dir='ltr'>ἦν,</span> <span class='ocrx_word' id='word_1_749' title='bbox 1346 5575 1463 5628; x_wconf 79' lang='grc' dir='ltr'>ἀλλ’</span> <span class='ocrx_word' id='word_1_750' title='bbox 1519 5576 1548 5628; x_wconf 87' lang='lat'><strong>6</strong></span> <span class='ocrx_word' id='word_1_751' title='bbox 1587 5576 1783 5638; x_wconf 73' lang='grc' dir='ltr'>κόλπος</span> 
     </span>
    </p>
   </div>
   <div class='ocr_carea' id='block_1_103' title="bbox 191 5663 1783 5738">
    <p class='ocr_par' dir='ltr' id='par_1_103' title="bbox 191 5663 1783 5738">
     <span class='ocr_line' id='line_1_103' title="bbox 191 5663 1783 5738; baseline -0.001 -18"><span class='ocrx_word' id='word_1_752' title='bbox 191 5670 355 5731; x_wconf 67' lang='grc' dir='ltr'>εὐθὺς</span> <span class='ocrx_word' id='word_1_753' title='bbox 407 5663 521 5735; x_wconf 78' lang='grc' dir='ltr'>εἶχε</span> <span class='ocrx_word' id='word_1_754' title='bbox 556 5667 655 5736; x_wconf 77' lang='grc' dir='ltr'><strong>τὴν</strong></span> <span class='ocrx_word' id='word_1_755' title='bbox 682 5669 839 5737; x_wconf 79' lang='grc' dir='ltr'>χεῖρα</span> <span class='ocrx_word' id='word_1_756' title='bbox 889 5667 986 5719; x_wconf 76' lang='grc' dir='ltr'>καὶ</span> <span class='ocrx_word' id='word_1_757' title='bbox 1020 5667 1080 5719; x_wconf 80' lang='grc' dir='ltr'><strong>τὸ</strong></span> <span class='ocrx_word' id='word_1_758' title='bbox 1106 5666 1354 5736; x_wconf 87' lang='grc' dir='ltr'>νόμισμα</span> <span class='ocrx_word' id='word_1_759' title='bbox 1397 5667 1479 5738; x_wconf 78' lang='grc' dir='ltr'><strong>τῷ</strong></span> <span class='ocrx_word' id='word_1_760' title='bbox 1520 5666 1783 5736; x_wconf 80' lang='grc' dir='ltr'>ξενοδόχῳ</span> 
     </span>
    </p>
   </div>
   <div class='ocr_carea' id='block_1_104' title="bbox 192 5757 1782 5831">
    <p class='ocr_par' dir='ltr' id='par_1_104' title="bbox 192 5757 1782 5831">
     <span class='ocr_line' id='line_1_104' title="bbox 192 5757 1782 5831; baseline -0.001 -18"><span class='ocrx_word' id='word_1_761' title='bbox 192 5757 545 5819; x_wconf 62' lang='grc' dir='ltr'>καταϐαλῶν,</span> <span class='ocrx_word' id='word_1_762' title='bbox 586 5758 801 5811; x_wconf 76' lang='grc' dir='ltr'>δεῖπνόν</span> <span class='ocrx_word' id='word_1_763' title='bbox 855 5775 911 5811; x_wconf 83' lang='grc' dir='ltr'><strong>τε</strong></span> <span class='ocrx_word' id='word_1_764' title='bbox 966 5758 1301 5829; x_wconf 78' lang='grc' dir='ltr'>παραθεῖναι</span> <span class='ocrx_word' id='word_1_765' title='bbox 1344 5760 1438 5811; x_wconf 78' lang='grc' dir='ltr'><strong>καὶ</strong></span> <span class='ocrx_word' id='word_1_766' title='bbox 1486 5758 1583 5829; x_wconf 83' lang='grc' dir='ltr'>τὴν</span> <span class='ocrx_word' id='word_1_767' title='bbox 1614 5764 1782 5831; x_wconf 73' lang='grc' dir='ltr'>κόρην</span> 
     </span>
    </p>
   </div>
   <div class='ocr_carea' id='block_1_105' title="bbox 195 5850 1779 5921">
    <p class='ocr_par' dir='ltr' id='par_1_105' title="bbox 195 5850 1779 5921">
     <span class='ocr_line' id='line_1_105' title="bbox 195 5850 1779 5921; baseline 0 -15"><span class='ocrx_word' id='word_1_768' title='bbox 195 5852 291 5908; x_wconf 59' lang='grc' dir='ltr'>ἀντὶ</span> <span class='ocrx_word' id='word_1_769' title='bbox 353 5851 415 5906; x_wconf 68' lang='grc' dir='ltr'>τὸ</span> <span class='ocrx_word' id='word_1_770' title='bbox 472 5852 687 5906; x_wconf 78' lang='grc' dir='ltr'>δεῖπνον</span> <span class='ocrx_word' id='word_1_771' title='bbox 748 5851 1041 5921; x_wconf 73' lang='grc' dir='ltr'>ὶξαγαγεῖν</span> <span class='ocrx_word' id='word_1_772' title='bbox 1096 5852 1421 5921; x_wconf 81' lang='grc' dir='ltr'>ἐπιτρέπει·</span> <span class='ocrx_word' id='word_1_773' title='bbox 1475 5850 1779 5916; x_wconf 83' lang='grc' dir='ltr'>πολυτελῶς</span> 
     </span>
    </p>
   </div>
   <div class='ocr_carea' id='block_1_106' title="bbox 1889 4660 3465 4729">
    <p class='ocr_par' dir='ltr' id='par_1_106' title="bbox 1889 4660 3465 4729">
     <span class='ocr_line' id='line_1_106' title="bbox 1889 4660 3465 4729; baseline -0.003 -13"><span class='ocrx_word' id='word_1_774' title='bbox 1889 4660 1969 4716; x_wconf 83' lang='lat' dir='ltr'><strong>Ne</strong></span> <span class='ocrx_word' id='word_1_775' title='bbox 1998 4671 2177 4716; x_wconf 82' lang='lat' dir='ltr'><strong>autem</strong></span> <span class='ocrx_word' id='word_1_776' title='bbox 2202 4663 2508 4728; x_wconf 78' lang='lat' dir='ltr'><strong>privaretur</strong></span> <span class='ocrx_word' id='word_1_777' title='bbox 2536 4660 2805 4722; x_wconf 88' lang='lat' dir='ltr'><strong>mercede,</strong></span> <span class='ocrx_word' id='word_1_778' title='bbox 2843 4674 3004 4728; x_wconf 87' lang='lat' dir='ltr'><strong>quam</strong></span> <span class='ocrx_word' id='word_1_779' title='bbox 3056 4670 3272 4729; x_wconf 89' lang='lat' dir='ltr'><strong>propter</strong></span> <span class='ocrx_word' id='word_1_780' title='bbox 3312 4660 3465 4727; x_wconf 88' lang='lat' dir='ltr'><strong>puel-</strong></span> 
     </span>
    </p>
   </div>
   <div class='ocr_carea' id='block_1_107' title="bbox 1889 4750 3467 4820">
    <p class='ocr_par' dir='ltr' id='par_1_107' title="bbox 1889 4750 3467 4820">
     <span class='ocr_line' id='line_1_107' title="bbox 1889 4750 3467 4820; baseline -0.001 -14"><span class='ocrx_word' id='word_1_781' title='bbox 1889 4752 1999 4807; x_wconf 86' lang='lat' dir='ltr'><strong>lam</strong></span> <span class='ocrx_word' id='word_1_782' title='bbox 2032 4762 2150 4806; x_wconf 89' lang='lat' dir='ltr'><strong>erat</strong></span> <span class='ocrx_word' id='word_1_783' title='bbox 2181 4750 2483 4814; x_wconf 77' lang='lat' dir='ltr'><strong>habiturus,</strong></span> <span class='ocrx_word' id='word_1_784' title='bbox 2521 4750 2691 4805; x_wconf 87' lang='lat' dir='ltr'><strong>visum</strong></span> <span class='ocrx_word' id='word_1_785' title='bbox 2724 4761 2806 4805; x_wconf 88' lang='lat' dir='ltr'><strong>est</strong></span> <span class='ocrx_word' id='word_1_786' title='bbox 2834 4751 2906 4803; x_wconf 89' lang='lat' dir='ltr'><strong>illi</strong></span> <span class='ocrx_word' id='word_1_787' title='bbox 2944 4766 3129 4806; x_wconf 80' lang='lat' dir='ltr'><strong>senem</strong></span> <span class='ocrx_word' id='word_1_788' title='bbox 3172 4765 3467 4820; x_wconf 86' lang='lat' dir='ltr'><strong>provocare</strong></span> 
     </span>
    </p>
   </div>
   <div class='ocr_carea' id='block_1_108' title="bbox 1890 4844 3465 4915">
    <p class='ocr_par' dir='ltr' id='par_1_108' title="bbox 1890 4844 3465 4915">
     <span class='ocr_line' id='line_1_108' title="bbox 1890 4844 3465 4915; baseline 0.001 -16"><span class='ocrx_word' id='word_1_789' title='bbox 1890 4856 1945 4899; x_wconf 87' lang='lat' dir='ltr'><strong>et</strong></span> <span class='ocrx_word' id='word_1_790' title='bbox 1978 4845 2229 4910; x_wconf 89' lang='lat' dir='ltr'><strong>incitare,</strong></span> <span class='ocrx_word' id='word_1_791' title='bbox 2263 4854 2425 4915; x_wconf 88' lang='lat' dir='ltr'><strong>atque</strong></span> <span class='ocrx_word' id='word_1_792' title='bbox 2458 4845 2523 4898; x_wconf 86' lang='lat' dir='ltr'><strong>ad</strong></span> <span class='ocrx_word' id='word_1_793' title='bbox 2553 4845 2810 4913; x_wconf 84' lang='lat' dir='ltr'><strong>majorem</strong></span> <span class='ocrx_word' id='word_1_794' title='bbox 2845 4846 3141 4899; x_wconf 87' lang='lat' dir='ltr'><strong>accendere</strong></span> <span class='ocrx_word' id='word_1_795' title='bbox 3168 4844 3465 4908; x_wconf 71' lang='lat' dir='ltr'><strong>libidinem.</strong></span> 
     </span>
    </p>
   </div>
   <div class='ocr_carea' id='block_1_109' title="bbox 1890 4926 3463 5006">
    <p class='ocr_par' dir='ltr' id='par_1_109' title="bbox 1890 4926 3463 5006">
     <span class='ocr_line' id='line_1_109' title="bbox 1890 4926 3463 5006; baseline -0.004 -13"><span class='ocrx_word' id='word_1_796' title='bbox 1890 4938 2080 4993; x_wconf 89' lang='lat' dir='ltr'><strong>dicens</strong></span> <span class='ocrx_word' id='word_1_797' title='bbox 2102 4952 2223 4991; x_wconf 85' lang='lat' dir='ltr'><strong>esse</strong></span> <span class='ocrx_word' id='word_1_798' title='bbox 2252 4926 2467 5006; x_wconf 78' lang='lat' dir='ltr'><strong>quidem</strong></span> <span class='ocrx_word' id='word_1_799' title='bbox 2503 4936 2733 5003; x_wconf 87' lang='lat' dir='ltr'><strong>puellam</strong></span> <span class='ocrx_word' id='word_1_800' title='bbox 2763 4939 3060 5005; x_wconf 77' lang='lat' dir='ltr'><strong>elegantem</strong></span> <span class='ocrx_word' id='word_1_801' title='bbox 3081 4945 3133 4988; x_wconf 91' lang='lat' dir='ltr'><strong>et</strong></span> <span class='ocrx_word' id='word_1_802' title='bbox 3157 4936 3463 5003; x_wconf 85' lang='lat' dir='ltr'><strong>pulchram,</strong></span> 
     </span>
    </p>
   </div>
   <div class='ocr_carea' id='block_1_110' title="bbox 1892 5028 3470 5098">
    <p class='ocr_par' dir='ltr' id='par_1_110' title="bbox 1892 5028 3470 5098">
     <span class='ocr_line' id='line_1_110' title="bbox 1892 5028 3470 5098; baseline -0.001 -15"><span class='ocrx_word' id='word_1_803' title='bbox 1892 5038 1948 5083; x_wconf 91' lang='lat' dir='ltr'><strong>et</strong></span> <span class='ocrx_word' id='word_1_804' title='bbox 1983 5030 2104 5084; x_wconf 85' lang='lat' dir='ltr'><strong>aliis</strong></span> <span class='ocrx_word' id='word_1_805' title='bbox 2134 5028 2347 5083; x_wconf 80' lang='lat' dir='ltr'><strong>leininis</strong></span> <span class='ocrx_word' id='word_1_806' title='bbox 2377 5037 2585 5082; x_wconf 84' lang='lat' dir='ltr'><strong>tantum</strong></span> <span class='ocrx_word' id='word_1_807' title='bbox 2614 5029 3072 5098; x_wconf 65' lang='lat' dir='ltr'><strong>prastantiorem,</strong></span> <span class='ocrx_word' id='word_1_808' title='bbox 3092 5038 3352 5097; x_wconf 82' lang='lat' dir='ltr'><strong>quantum</strong></span> <span class='ocrx_word' id='word_1_809' title='bbox 3383 5037 3470 5081; x_wconf 86' lang='lat' dir='ltr'><strong>est</strong></span> 
     </span>
    </p>
   </div>
   <div class='ocr_carea' id='block_1_111' title="bbox 1890 5119 3466 5177">
    <p class='ocr_par' dir='ltr' id='par_1_111' title="bbox 1890 5119 3466 5177">
     <span class='ocr_line' id='line_1_111' title="bbox 1890 5119 3466 5177; baseline -0.003 -1"><span class='ocrx_word' id='word_1_810' title='bbox 1890 5137 2017 5177; x_wconf 83' lang='lat' dir='ltr'><strong>rosa</strong></span> <span class='ocrx_word' id='word_1_811' title='bbox 2044 5122 2215 5177; x_wconf 61' lang='lat' dir='ltr'><strong>latior</strong></span> <span class='ocrx_word' id='word_1_812' title='bbox 2244 5121 2457 5177; x_wconf 74' lang='lat' dir='ltr'><strong>caeteris</strong></span> <span class='ocrx_word' id='word_1_813' title='bbox 2482 5119 2706 5175; x_wconf 82' lang='lat' dir='ltr'><strong>tioribus</strong></span> <span class='ocrx_word' id='word_1_814' title='bbox 2738 5139 2750 5176; x_wconf 91' lang='lat'><strong>:</strong></span> <span class='ocrx_word' id='word_1_815' title='bbox 2783 5136 2977 5177; x_wconf 90' lang='lat' dir='ltr'><strong>nomen</strong></span> <span class='ocrx_word' id='word_1_816' title='bbox 3028 5130 3208 5176; x_wconf 86' lang='lat' dir='ltr'><strong>autem</strong></span> <span class='ocrx_word' id='word_1_817' title='bbox 3258 5119 3308 5175; x_wconf 91' lang='lat' dir='ltr'><strong>ei</strong></span> <span class='ocrx_word' id='word_1_818' title='bbox 3343 5132 3466 5173; x_wconf 81' lang='lat' dir='ltr'><strong>esse</strong></span> 
     </span>
    </p>
   </div>
   <div class='ocr_carea' id='block_1_112' title="bbox 1888 5211 2139 5267">
    <p class='ocr_par' dir='ltr' id='par_1_112' title="bbox 1888 5211 2139 5267">
     <span class='ocr_line' id='line_1_112' title="bbox 1888 5211 2139 5267; baseline -0.008 0"><span class='ocrx_word' id='word_1_819' title='bbox 1888 5211 2139 5267; x_wconf 74' lang='lat' dir='ltr'><strong>Mariam.</strong></span> 
     </span>
    </p>
   </div>
   <div class='ocr_carea' id='block_1_113' title="bbox 1962 5390 3463 5457">
    <p class='ocr_par' dir='ltr' id='par_1_113' title="bbox 1962 5390 3463 5457">
     <span class='ocr_line' id='line_1_113' title="bbox 1962 5390 3463 5457; baseline 0.003 -13"><span class='ocrx_word' id='word_1_820' title='bbox 1962 5390 2157 5447; x_wconf 78' lang='lat' dir='ltr'><strong>XXlll.</strong></span> <span class='ocrx_word' id='word_1_821' title='bbox 2190 5390 2315 5447; x_wconf 68' lang='lat' dir='ltr'><strong>Haec</strong></span> <span class='ocrx_word' id='word_1_822' title='bbox 2352 5406 2473 5445; x_wconf 90' lang='lat' dir='ltr'><strong>cum</strong></span> <span class='ocrx_word' id='word_1_823' title='bbox 2506 5393 2734 5447; x_wconf 83' lang='lat' dir='ltr'><strong>dixisset</strong></span> <span class='ocrx_word' id='word_1_824' title='bbox 2760 5392 3008 5446; x_wconf 89' lang='lat' dir='ltr'><strong>dominus</strong></span> <span class='ocrx_word' id='word_1_825' title='bbox 3037 5392 3343 5457; x_wconf 86' lang='lat' dir='ltr'><strong>diversorii,</strong></span> <span class='ocrx_word' id='word_1_826' title='bbox 3366 5408 3463 5448; x_wconf 88' lang='lat' dir='ltr'><strong>au-</strong></span> 
     </span>
    </p>
   </div>
   <div class='ocr_carea' id='block_1_114' title="bbox 1888 5483 3464 5552">
    <p class='ocr_par' dir='ltr' id='par_1_114' title="bbox 1888 5483 3464 5552">
     <span class='ocr_line' id='line_1_114' title="bbox 1888 5483 3464 5552; baseline -0.001 -13"><span class='ocrx_word' id='word_1_827' title='bbox 1888 5484 2001 5539; x_wconf 90' lang='lat' dir='ltr'><strong>dito</strong></span> <span class='ocrx_word' id='word_1_828' title='bbox 2054 5485 2295 5549; x_wconf 85' lang='lat' dir='ltr'><strong>nomine,</strong></span> <span class='ocrx_word' id='word_1_829' title='bbox 2330 5483 2616 5538; x_wconf 85' lang='lat' dir='ltr'><strong>Abramius</strong></span> <span class='ocrx_word' id='word_1_830' title='bbox 2667 5493 2852 5552; x_wconf 86' lang='lat' dir='ltr'><strong>aperte</strong></span> <span class='ocrx_word' id='word_1_831' title='bbox 2895 5483 3145 5551; x_wconf 75' lang='lat' dir='ltr'><strong>cognovit</strong></span> <span class='ocrx_word' id='word_1_832' title='bbox 3178 5486 3317 5536; x_wconf 86' lang='lat' dir='ltr'><strong>banc</strong></span> <span class='ocrx_word' id='word_1_833' title='bbox 3343 5497 3464 5538; x_wconf 78' lang='lat' dir='ltr'><strong>esse</strong></span> 
     </span>
    </p>
   </div>
   <div class='ocr_carea' id='block_1_115' title="bbox 1884 5575 3463 5645">
    <p class='ocr_par' dir='ltr' id='par_1_115' title="bbox 1884 5575 3463 5645">
     <span class='ocr_line' id='line_1_115' title="bbox 1884 5575 3463 5645; baseline -0.002 -13"><span class='ocrx_word' id='word_1_834' title='bbox 1884 5576 2057 5641; x_wconf 79' lang='lat' dir='ltr'><strong>illam,</strong></span> <span class='ocrx_word' id='word_1_835' title='bbox 2091 5590 2267 5643; x_wconf 90' lang='lat' dir='ltr'><strong>neque</strong></span> <span class='ocrx_word' id='word_1_836' title='bbox 2291 5575 2574 5630; x_wconf 86' lang='lat' dir='ltr'><strong>dubitabat</strong></span> <span class='ocrx_word' id='word_1_837' title='bbox 2605 5576 2854 5645; x_wconf 86' lang='lat' dir='ltr'><strong>amplius.</strong></span> <span class='ocrx_word' id='word_1_838' title='bbox 2889 5575 3045 5629; x_wconf 75' lang='lat' dir='ltr'><strong>Manu</strong></span> <span class='ocrx_word' id='word_1_839' title='bbox 3095 5576 3259 5643; x_wconf 76' lang='lat' dir='ltr'><strong>igitur</strong></span> <span class='ocrx_word' id='word_1_840' title='bbox 3308 5577 3359 5629; x_wconf 93' lang='lat' dir='ltr'><strong>in</strong></span> <span class='ocrx_word' id='word_1_841' title='bbox 3389 5578 3463 5631; x_wconf 85' lang='lat' dir='ltr'><strong>sl-</strong></span> 
     </span>
    </p>
   </div>
   <div class='ocr_carea' id='block_1_116' title="bbox 1889 5666 3460 5733">
    <p class='ocr_par' dir='ltr' id='par_1_116' title="bbox 1889 5666 3460 5733">
     <span class='ocr_line' id='line_1_116' title="bbox 1889 5666 3460 5733; baseline -0.001 -12"><span class='ocrx_word' id='word_1_842' title='bbox 1889 5683 2013 5721; x_wconf 89' lang='lat' dir='ltr'><strong>num</strong></span> <span class='ocrx_word' id='word_1_843' title='bbox 2044 5666 2312 5733; x_wconf 87' lang='lat' dir='ltr'><strong>immissa,</strong></span> <span class='ocrx_word' id='word_1_844' title='bbox 2344 5676 2397 5721; x_wconf 90' lang='lat' dir='ltr'><strong>et</strong></span> <span class='ocrx_word' id='word_1_845' title='bbox 2434 5682 2657 5721; x_wconf 87' lang='lat' dir='ltr'><strong>nummo</strong></span> <span class='ocrx_word' id='word_1_846' title='bbox 2701 5668 2876 5722; x_wconf 88' lang='lat' dir='ltr'><strong>soluto</strong></span> <span class='ocrx_word' id='word_1_847' title='bbox 2905 5668 3121 5723; x_wconf 86' lang='lat' dir='ltr'><strong>domino</strong></span> <span class='ocrx_word' id='word_1_848' title='bbox 3151 5668 3460 5733; x_wconf 85' lang='lat' dir='ltr'><strong>diversorii,</strong></span> 
     </span>
    </p>
   </div>
   <div class='ocr_carea' id='block_1_117' title="bbox 1880 5759 3461 5830">
    <p class='ocr_par' dir='ltr' id='par_1_117' title="bbox 1880 5759 3461 5830">
     <span class='ocr_line' id='line_1_117' title="bbox 1880 5759 3461 5830; baseline 0.004 -19"><span class='ocrx_word' id='word_1_849' title='bbox 1880 5760 2033 5829; x_wconf 86' lang='lat' dir='ltr'><strong>jubet</strong></span> <span class='ocrx_word' id='word_1_850' title='bbox 2084 5760 2262 5828; x_wconf 86' lang='lat' dir='ltr'><strong>parari</strong></span> <span class='ocrx_word' id='word_1_851' title='bbox 2322 5774 2559 5824; x_wconf 71' lang='lat' dir='ltr'><strong>cumam,</strong></span> <span class='ocrx_word' id='word_1_852' title='bbox 2622 5771 2669 5812; x_wconf 88' lang='lat' dir='ltr'><strong>et</strong></span> <span class='ocrx_word' id='word_1_853' title='bbox 2701 5760 2968 5815; x_wconf 90' lang='lat' dir='ltr'><strong>introduci</strong></span> <span class='ocrx_word' id='word_1_854' title='bbox 2998 5760 3251 5830; x_wconf 84' lang='lat' dir='ltr'><strong>puellam.</strong></span> <span class='ocrx_word' id='word_1_855' title='bbox 3289 5759 3461 5817; x_wconf 65' lang='lat' dir='ltr'><strong>Cena</strong></span> 
     </span>
    </p>
   </div>
   <div class='ocr_carea' id='block_1_118' title="bbox 1889 5850 3462 5922">
    <p class='ocr_par' dir='ltr' id='par_1_118' title="bbox 1889 5850 3462 5922">
     <span class='ocr_line' id='line_1_118' title="bbox 1889 5850 3462 5922; baseline -0.001 -15"><span class='ocrx_word' id='word_1_856' title='bbox 1889 5854 2074 5921; x_wconf 87' lang='lat' dir='ltr'><strong>itaque</strong></span> <span class='ocrx_word' id='word_1_857' title='bbox 2138 5851 2361 5922; x_wconf 89' lang='lat' dir='ltr'><strong>opipare</strong></span> <span class='ocrx_word' id='word_1_858' title='bbox 2392 5862 2601 5922; x_wconf 89' lang='lat' dir='ltr'><strong>parata,</strong></span> <span class='ocrx_word' id='word_1_859' title='bbox 2643 5853 2924 5909; x_wconf 85' lang='lat' dir='ltr'><strong>diversorii</strong></span> <span class='ocrx_word' id='word_1_860' title='bbox 2972 5852 3221 5909; x_wconf 83' lang='lat' dir='ltr'><strong>dominus</strong></span> <span class='ocrx_word' id='word_1_861' title='bbox 3246 5850 3311 5906; x_wconf 86' lang='lat' dir='ltr'><strong>ad</strong></span> <span class='ocrx_word' id='word_1_862' title='bbox 3336 5864 3462 5906; x_wconf 86' lang='lat' dir='ltr'><strong>eum</strong></span> 
     </span>
    </p>
   </div>
  </div>
