4212 6440
722 399 790 463 71
2012 397 2305 458 MENSIS
2342 396 2714 457 MARTIUS.
3933 397 4006 462 72

725 517 909 575 educit
965 514 1219 585 puellam,
1260 527 1380 582 quae
1421 514 1579 567 valde
1615 519 1735 567 erat
1763 512 2018 576 delicata,
2051 513 2229 568 mollis
2259 522 2312 567 et

2426 513 2706 582 τοιγαροῦν
2736 511 2794 563 τὸ
2818 511 3034 564 δεῖπνον
3055 513 3082 563 6
3110 511 3406 580 πανδοκεὺς
3440 509 3788 580 εὐτρεπίσας.
3815 513 4003 583 ἐξάγει

727 613 1009 672 dissoluta.
1048 609 1222 675 Quam
1259 624 1380 662 cum
1433 608 1660 661 vidisset
1685 609 1763 662 sic
1806 609 2111 663 meretricie
2141 622 2310 661 orna-

729 714 835 760 tam
887 705 1200 763 Abramius.
1231 702 1396 755 corde
1421 701 1598 753 medio
1643 700 1920 754 sauciatur
1949 717 1963 753 :
1993 709 2046 754 et
2076 700 2309 754 conaba-

732 807 819 851 tur
845 795 1061 861 quidem
1089 793 1347 846 cohibere
1378 790 1666 860 lacrymas,
1693 805 1758 843 ne
1785 801 1965 843 actum
1997 794 2307 858 prodentes,

730 886 960 957 puellam
1011 884 1336 952 eﬂugarent,
1384 896 1570 936 earum
1607 893 1784 936 tamen
1841 882 2065 935 minime
2093 890 2309 946 poterat

731 981 924 1033 sistere
953 977 1269 1040 ﬂuxionem,
1296 976 1471 1028 victus
1499 990 1528 1027 a
1562 975 1763 1028 doloris
1791 978 2135 1041 necessitate,
2169 976 2310 1031 unde

731 1074 896 1127 etiam
961 1071 1212 1138 guttatim
1266 1068 1690 1138 lacrymabatur,
1731 1069 1782 1121 in
1841 1067 2062 1121 alteram
2104 1079 2308 1137 partem

732 1175 1055 1216 convertens
1085 1160 1304 1226 faciem,
1337 1171 1389 1212 et
1443 1177 1468 1212 τι
1516 1161 1668 1228 genis
1701 1161 1965 1226 repellens
2021 1160 2306 1228 laerymas.

733 1256 808 1310 Ut
852 1265 1026 1308 autem
1087 1257 1246 1323 hujus
1280 1255 1352 1306 rei
1401 1269 1612 1306 onmem
1646 1252 1883 1305 auferret
1917 1252 2297 1322 suspicionem,

732 1349 1012 1403 amatoriis
1047 1349 1186 1414 apud
1219 1363 1339 1398 eam
1375 1348 1551 1399 verbis
1612 1347 1882 1408 utebatur,
1931 1346 2311 1412 annnebatquc

729 1451 786 1496 et
815 1443 1054 1495 suaviter
1103 1440 1400 1502 arridebat,
1435 1449 1485 1490 et
1532 1438 1637 1490 alia
1692 1438 1873 1490 omnia
1905 1437 2160 1501 faciebat,
2192 1450 2310 1504 mite

729 1543 954 1600 possunt
1019 1545 1334 1599 provocare,
1368 1539 1422 1581 et
1470 1529 1534 1581 ad
1584 1541 1824 1580 amorem
1855 1528 2174 1581 accendere.
2215 1526 2308 1579 llla

730 1634 910 1676 autem
955 1623 1191 1676 vicissim
1211 1619 1471 1675 Abramio
1515 1619 1770 1673 offerebat
1803 1619 2137 1678 osculum,et
2163 1628 2311 1671 arcte

733 1714 925 1769 collum
961 1717 1074 1782 ejus
1105 1713 1550 1779 amplectebatur.
1615 1713 1833 1766 lntcrim
1865 1727 1992 1764 vero
2025 1726 2146 1763 cum
2187 1727 2310 1763 sen-

729 1808 832 1863 sim
863 1809 1192 1861 redolentem
1222 1819 1498 1861 castorum
1530 1817 1581 1858 et
1605 1803 1981 1857 exercitationi
2005 1803 2307 1854 deditorum

735 1903 1100 1952 membrorum
1164 1898 1510 1965 tragrantiam
1563 1898 1838 1958 sensisset,
1875 1905 1929 1947 et
1961 1895 2078 1947 vita:
2114 1893 2308 1962 prioris

731 2003 877 2046 esset
910 1993 1195 2045 recordata.
1220 2002 1278 2045 et
1318 1990 1444 2043 boni
1483 1990 1772 2052 castitatis,
1812 1999 1862 2039 et
1887 2004 1915 2040 a
1968 1989 2182 2054 quantis
2214 1989 2345 2039 ὶ›ο-·

729 2085 815 2137 nis
842 2084 1135 2136 excidisset
1165 2085 1382 2146 misera,
1419 2084 1570 2134 valde
1629 2080 2037 2149 lacrymabatur
2073 2089 2127 2132 et
2165 2079 2313 2148 inge-

730 2175 1016 2237 niiscebat,
1077 2172 1285 2227 et:Vee
1336 2175 1464 2226 milii
1517 2174 1748 2236 miserae,
1779 2174 2019 2233 dicebat,
2050 2187 2126 2224 ναι
2155 2171 2310 2236 mihi,

732 2283 850 2335 quae
897 2284 1016 2320 sum
1077 2266 1350 2334 impiicata
1393 2275 1468 2319 tot
1530 2265 1750 2318 funibus
1813 2275 2182 2333 peccatorum.
2217 2261 2313 2316 llei

735 2359 890 2419 milii,
925 2357 1051 2425 quid
1086 2355 1280 2426 agam?
1313 2355 1596 2420 Quomodo
1629 2371 1713 2406 me
1744 2369 1885 2405 nunc
1912 2364 2056 2405 terra
2090 2368 2196 2404 non
2226 2353 2316 2405 de-

733 2449 929 2502 vorat?
972 2449 1200 2515 Propter
1227 2464 1345 2512 quae
1381 2448 1433 2498 in
1466 2460 1714 2514 magnam
1740 2446 2002 2497 adductus
2026 2444 2318 2495 dubitatio-

731 2559 853 2596 nem
883 2543 1138 2595 dominus
1166 2539 1473 2603 diversorii,
1516 2547 1573 2590 ut
1621 2539 1711 2606 qui
1742 2537 1871 2589 nihil
1930 2537 2093 2590 sciret
2125 2549 2312 2588 eorum

730 2652 851 2705 quae
895 2643 1284 2703 prmi-essem“
1335 2650 1346 2685 :
1398 2633 1579 2696 Maria,
1609 2630 1826 2685 domina
1883 2644 2022 2692 mea,
2081 2627 2313 2693 dicebat,

733 2727 835 2780 hoc
868 2736 1038 2778 totum
1073 2724 1274 2776 biennii
1316 2732 1526 2792 tempus
1552 2721 1663 2790 jam
1694 2730 1874 2774 tecum
1927 2722 2146 2785 degens,
2175 2734 2316 2769 nun-

733 2833 898 2887 quam
928 2826 978 2868 te
1014 2811 1218 2868 vidi'ad
1253 2824 1454 2867 tantam
1486 2815 1771 2865 adductam
1803 2811 2078 2863 tristitiam
2105 2819 2158 2862 et
2192 2809 2313 2860 ani-

735 2909 806 2961 mi
833 2900 1233 2975 tegritudinem.
1258 2902 1373 2955 Prae
1410 2902 1744 2956 dubitatione
1796 2902 1980 2968 itaque
2030 2899 2221 2953 deﬁcio
2263 2907 2318 2952 et

737 3001 1123 3064 contremisco,
1165 2999 1431 3064 cogitans,
1461 2997 1733 3050 undenam
1789 3005 1842 3049 et
1872 3009 2104 3064 quonam
2159 2993 2317 3046 modo

736 3097 848 3148 tunc
879 3093 1061 3146 dicere
1098 3090 1192 3143 tibi
1224 3093 1435 3143 venerit
1467 3090 1518 3140 in
1553 3097 1813 3144 mentem.
1847 3087 1937 3140 llla
1963 3097 2164 3148 autem,
2201 3096 2318 3137 tan—

735 3202 894 3255 quam
921 3186 967 3238 ci
995 3198 1217 3237 causam
1243 3181 1593 3250 signitlcans:
1624 3179 1860 3243 Utinam,
1895 3180 2086 3245 inquit,
2108 3178 2318 3230 duobus

738 3278 896 3330 annis
930 3287 1056 3329 ante
1091 3273 1471 3328 decessissem.
1507 3271 1596 3327 Sic
1646 3272 1790 3326 enim
1828 3270 2049 3324 fuissem
2099 3269 2320 3322 omnino

738 3372 881 3425 inter
916 3369 1129 3423 beatas.

808 3543 1000 3598 XXlV.
1040 3543 1266 3611 Propter
1323 3542 1436 3595 baec
1487 3541 1691 3595 veritus
1749 3539 1965 3592 divinus
2007 3538 2322 3602 Abramius,

739 3653 806 3693 ne
839 3641 954 3708 ipse
981 3637 1241 3690 evaderet
1269 3633 1609 3695 manifestus,
1653 3631 1845 3684 deinde
1878 3630 2159 3700 aufugeret
2213 3626 2319 3684 ﬁlia

739 3733 862 3798 ejus
903 3729 1115 3794 fratris,
1147 3737 1207 3783 ut
1255 3741 1417 3796 quam
1479 3740 1668 3794 magna
1726 3724 1812 3779 illa
1848 3724 2118 3780 morderet
2149 3725 2323 3792 poeni-

741 3827 933 3886 tentia,
961 3834 1015 3878 et
1078 3838 1197 3889 qua:
1249 3836 1359 3873 non
1413 3821 1643 3884 amplius
1705 3818 1873 3871 ferret
1935 3834 2056 3871 eum
2105 3819 2322 3879 intueri.

741 3915 896 3979 cujus
948 3921 1212 3980 praecepta
1274 3921 1381 3961 tam
1428 3918 1616 3975 aperte
1672 3907 2106 3974 contempsisset,
2161 3916 2216 3960 et
2245 3909 2327 3960 sic

744 4005 1031 4074 aufugeret
1060 4004 1241 4072 prada
1265 4017 1329 4055 ex
1357 4003 1549 4055 mediis
1568 4002 1684 4070 ejus
1713 4000 1982 4061 manibus.
2009 4001 2324 4069 priusquam

741 4107 911 4154 totam
951 4109 1132 4151 escam
1160 4101 1468 4158 devoraret;
1502 4105 1556 4147 et
1589 4099 1876 4161 propterea
1897 4094 2083 4145 volens
2109 4108 2325 4145 omnem

747 4189 961 4244 auferre
996 4187 1382 4254 suspicionem,
1418 4185 1808 4254 petulantiores
1844 4197 2026 4236 mores
2070 4184 2328 4235 amatoris

747 4281 1050 4350 suscipiens
1080 4296 1094 4334 :
1129 4279 1405 4347 Reprime,
1439 4278 1673 4340 dicebat,
1705 4291 1738 4329 ο
1771 4274 1983 4341 mulier,
2010 4275 2124 4331 hinc
2152 4273 2327 4328 tristia

747 4372 934 4424 verba.
989 4368 1106 4421 Non
1138 4370 1282 4421 enim
1322 4368 1444 4419 ideo
1483 4368 1585 4418 liuc
1627 4367 2002 4428 convenimus,
2048 4377 2106 4418 ut
2147 4379 2330 4418 recor-

747 4463 958 4516 dareris
993 4475 1206 4525 eorum,
1238 4472 1358 4526 quae
1404 4457 1600 4512 fecisti.
1641 4456 1702 4510 Et
1733 4472 2026 4511 conversus
2065 4456 2131 4509 ad
2159 4457 2332 4511 domi-

2421 607 2519 674 τὴθ
2549 606 2719 675 κόρην
2743 605 2828 656 ἐπ’
2861 604 3014 669 αὐτὸ,
3046 604 3362 675 θρυπτικῶς
3408 603 3466 657 εὖ
3512 606 3658 673 μάλα
3689 608 3783 661 καὶ
3815 607 4006 678 ἀερῶς

2419 712 2478 748 τε
2510 697 2603 746 καὶ¹
2629 696 2935 765 ἀνειμένως
2962 695 3217 764 ἔχουσαν,
3249 697 3316 765 ἦν
3354 694 3476 748 ἰδὼν
3500 694 3673 759 οὕτως
3708 698 4007 768 ἑταιρικῶς

2419 788 2885 856 διεσκευασμένην
2929 787 3250 857 Ἀὅράμιος,
3282 789 3456 858 μέσην
3499 789 3865 856 τιτρώσκεται
3906 790 4007 861 τὴν

2419 881 2649 950 καρδίαν
2681 883 2774 932 καὶ
2812 883 2939 951 σιγῇ
2973 887 3074 946 μὲν
3109 882 3328 949 ἐπέχειν
3378 882 3637 950 ἐπειρᾶτο
3671 881 3740 933 τὰ
3765 880 4005 951 δάκρυα.

2423 974 2495 1043 μὴ
2531 972 2916 1040 φυγαδεύσωσι
2962 973 3062 1042 τὴν
3096 975 3266 1043 κόρην
3307 972 3366 1025 τὸ
3418 972 3602 1042 δρᾶμα
3641 973 3962 1042 μηνύσαντα
3990 991 4005 1003 .

2421 1066 2489 1115 τα
2510 1065 2567 1116 δὲ
2603 1067 2750 1134 ὅμως
2794 1067 2993 1132 στῆσαι
3024 1066 3122 1135 τὴν
3156 1067 3287 1135 ῥοὴν
3315 1065 3416 1118 οὐκ
3462 1066 3691 1134 ἠδύνατο
3725 1066 4010 1136 νικώμενα

2424 1157 2485 1224 τῇ
2525 1153 2620 1206 τοῦ
2676 1153 2884 1214 πάθους
2913 1153 3150 1224 ἀνάγκῃ,
3206 1153 3329 1205 ὃθεν
3355 1154 3624 1222 ἐδάκρυεν
3659 1153 3919 1213 ἀστακτι,
3949 1152 4012 1204 τὸ

2423 1249 2712 1317 πρόσωπον
2762 1246 2856 1298 ἐπὶ
2892 1246 3097 1316 θάτερα
3146 1248 3395 1315 στρέφων
3429 1247 3524 1298 καὶ
3561 1247 3627 1298 τὰ
3658 1247 3870 1316 δάκρυα
3897 1246 4007 1298 τῶν

2419 1338 2663 1407 παρειῶν
2719 1339 3131 1409 ἀπωθούμενος.
3193 1339 3309 1392 Ἷνα
3372 1339 3428 1390 δὲ
3470 1339 3643 1409 κλέψῃ
3690 1342 3874 1392 πᾶσαν
3911 1338 4010 1392 ἰπὶ

2419 1430 2628 1480 τούτων
2661 1430 2944 1493 ὑπόνοιαν,
2982 1431 3077 1483 καὶ
3105 1433 3298 1498 λόγους
3327 1431 3463 1501 αὐτῇ
3497 1431 3778 1498 προσῆγεν
3813 1434 4014 1500 ἐρωτι-

2421 1521 2569 1581 κοὺς,
2608 1520 2823 1572 ὲνένευέ
2855 1538 2936 1585 τε,
2970 1525 3064 1574 καὶ
3091 1523 3191 1591 ἡδὺ
3223 1523 3552 1589 προσεγέλα,
3605 1527 3700 1577 καὶ
3753 1524 3873 1577 λίαν
3911 1526 4014 1576 ἑπ-

2420 1610 2636 1677 αγωγὺν
2676 1610 2916 1680 ἐμειδία,
2968 1613 3064 1662 καὶ
3121 1607 3292 1664 τᾶλλα
3348 1615 3526 1666 πάντα
3569 1615 3765 1678 ἐποίει,
3800 1616 4013 1681 ὅσαπερ

2420 1701 2711 1753 ὑποκνίσαι
2744 1704 2837 1753 καὶ
2866 1701 3167 1768 ἁναφλέξαι
3201 1701 3337 1770 πρὸς
3372 1703 3551 1770 ἔρωτα
3603 1703 3847 1756 δύναται.
3897 1706 4015 1756 Κά-

2422 1795 2573 1864 κείνη
2625 1795 2786 1848 πὰλιν
2849 1796 3164 1863 ἀντεπῆγεν
3226 1793 3512 1862 Ἀδραμίῳ
3559 1796 3618 1845 τὸ
3672 1797 3885 1864 φίλημα
3915 1798 4014 1849 καὶ

2352 1887 2384 1944 Β
2419 1885 2823 1954 περιπλακεῖσα
2841 1886 3138 1953 προσφυῶς
3165 1885 3254 1935 τὸν
3287 1886 3564 1955 τράχηλον
3595 1888 4012 1956 κατησπάζετο·

2418 1979 2473 2029 ὲν
2503 1978 2675 2045 τούτῳ
2697 1978 2752 2029 δὲ
2787 1979 2884 2044 τῆς
2914 1977 3226 2044 ἀποζούσης
3253 1979 3359 2031 τῶν
3385 1980 3564 2044 ἁγνῶν
3599 1997 3658 2030 τε
3707 1983 3799 2030 καὶ
3831 1981 4015 2048 ἀσκη-

2418 2071 2586 2121 τικῶν
2621 2069 2802 2138 μελῶν
2859 2069 3091 2131 εὐωδίας
3139 2071 3324 2138 ἡρέμα
3385 2069 3786 2139 ὑπαισθομένη,
3819 2070 3918 2138 τῆς
3951 2087 4018 2123 τε

2420 2166 2698 2236 προτέρας
2762 2165 3041 2226 πολιτείας
3119 2164 3536 2233 ἀναμνησθεῖσα
3601 2166 3697 2216 καὶ
3767 2165 3861 2219 τοῦ
3913 2165 4018 2234 τῆς

2419 2257 2640 2323 ἁγνείας
2668 2256 2834 2308 καλοῦ
2871 2257 2964 2307 καὶ
2994 2255 3124 2307 οἵων
3175 2258 3207 2324 ἡ
3239 2257 3509 2323 δυστυχὴς
3567 2255 3826 2320 ἐξέπεσεν
3874 2259 4017 2323 ἀγα-

2422 2345 2550 2408 θὼν,
2585 2347 2811 2414 ἐδάκρυε
2845 2345 2988 2413 μάλα
3023 2343 3253 2413 θερμὸν,
3285 2348 3379 2397 καὶ
3417 2347 3702 2408 ὑπέστενε,
3736 2347 4018 2410 καί,Οὺαί

2423 2456 2533 2506 μοι,
2564 2437 2739 2503 ἔλεγε,
2774 2440 2841 2505 τῇ
2866 2436 3068 2506 ἁθλίᾳῐ
3109 2437 3232 2488 οὐαί
3271 2455 3384 2504 μοι,
3420 2441 3483 2506 τῇ
3521 2438 3792 2490 τοσούτων
3828 2441 4018 2507 ἁμαρ·

2419 2533 2679 2600 ’πημάτων
2708 2531 2917 2600 σχοινία
2940 2532 3306 2602 περικειμένῃ
3328 2532 3339 2581 i
3365 2530 3535 2599 οἴμοι,
3571 2531 3620 2583 τί
3645 2533 3827 2598 δράσω
3852 2550 3864 2593 ;
3894 2532 4018 2594 πῶς

2419 2626 2518 2676 οὐκ
2555 2625 2618 2676 ἄν
2650 2640 2717 2690 με
2749 2623 2843 2676 νῦν
2880 2625 2910 2691 ἡ
2961 2623 3032 2690 γῆ
3066 2624 3356 2685 καταπίοι;
3393 2623 3508 2690 'Ezg’
3540 2618 3620 2684 οἷς
3648 2625 3674 2673 6
3710 2624 4019 2692 πανδκχεὺς

2419 2716 2820 2783 ἀπορούμενος,
2857 2709 2944 2766 οἶα
2978 2714 3111 2782 μηδὲ
3149 2715 3305 2777 εἰδώς
3361 2733 3411 2766 τι
3443 2716 3551 2770 των
3583 2716 3970 2782 προλαδάντων
4001 2734 4015 2746 ο

2421 2810 2634 2879 Μαρία,
2672 2811 2883 2878 Μαρία,
2943 2808 3131 2876 κυρία,
3170 2809 3345 2874 ἔλεγε,
3380 2809 3528 2877 διετῆ
3563 2811 3624 2878 δὴ
3669 2810 3856 2861 τοῦτον
3884 2809 4017 2876 ἄρτι

2422 2901 2724 2966 συνδιαγων
2762 2917 2843 2951 σοι
2887 2900 3107 2968 χρόνον,
3147 2900 3404 2951 οὐδέποτέ
3439 2917 3494 2951 σε
3553 2901 3688 2969 πρὸς
3742 2900 4019 2967 τοσαύτην

2423 2993 2728 3061 κατήφειαν
2763 2992 2858 3042 καὶ
2888 2990 3127 3058 ἀθυμίαν
3162 2985 3298 3040 εἶδον
3329 2991 3748 3059 κατενεχθεῖσαν
3772 3005 3782 3016 ·
3818 2990 4016 3042 ἐκλύο-

2426 3101 2525 3152 μαι
2556 3082 2650 3135 οὖν
2689 3083 2791 3134 ὑπὸ
2831 3083 2928 3149 τῆς
2958 3083 3194 3150 ἀπορίας
3226 3084 3320 3135 καὶ
3343 3083 3554 3151 τρέμω,
3587 3083 3752 3133 πόθεν
3785 3083 3894 3152 ἄρα
3915 3083 4021 3134 καὶ

2423 3182 2570 3242 ὅπως
2601 3180 2823 3232 τοιαῦτα
2855 3178 3032 3244 λέγειν
3053 3176 3254 3246 ἐπῆλθέ
3289 3194 3391 3228 σοι.
3435 3177 3497 3227 Ἢ
3529 3177 3604 3242 δὲ,
3639 3175 3828 3244 ὡσπερ
3861 3174 4018 3243 αὑτῷ

2424 3273 2766 3342 γνωρίζουσα
2822 3273 2921 3340 τὴν
2957 3271 3138 3321 αἰτίαν
3165 3285 3178 3298 ο
3229 3268 3373 3320 Διότι
3402 3267 3492 3337 [Τί
3519 3267 3686 3337 ὅτιη.
3725 3268 3882 3336 φησι,
3934 3270 4018 3336 μὴ

2428 3365 2534 3432 πρὸ
2571 3365 2710 3414 δύων
2753 3363 2958 3414 τούτων
2993 3362 3328 3428 ὲτελεύτησα
3358 3359 3601 3428 χρόνωνί
3635 3358 3777 3411 οῦτω
3805 3360 3908 3429 γὰρ
3942 3360 4016 3413 ἂν

2432 3458 2579 3525 ήμην
2606 3457 2822 3515 παντως
2850 3455 2907 3504 ὲν
2945 3453 3271 3520 μακαρίαις.

2499 3550 2621 3600 KA'.
2663 3546 2804 3617 Πρὸς
2839 3545 3012 3598 ταῦτα.
3049 3544 3245 3607 δείσας
3299 3545 3326 3596 6
3361 3542 3504 3615 ἱερὸς
3553 3542 3869 3614 Ἀὅροὶμιος,
3938 3547 4022 3613 μὴ

2425 3641 2516 3692 καὶ
2545 3641 2704 3700 αὐτὸς
2737 3639 2948 3704 γένοιτο
2970 3637 3149 3702 δῆλος,
3174 3631 3293 3686 εἶτα
3317 3637 3499 3703 φυγὰς
3529 3638 3784 3706 οἴχοντοὴ
3815 3639 4021 3706 ἀνεψιὰ

2427 3733 2533 3783 ὑπὸ
2570 3733 2666 3798 τῆς
2693 3729 2896 3797 πολλῆς
2921 3728 3139 3794 ἐκείνης
3171 3727 3482 3796 δακνομένη
3519 3728 3890 3796 μεταμελείας
3918 3730 4022 3781 καὶ

2432 3823 2624 3892 μηκέτι
2651 3823 2892 3893 φέρουσα
2946 3820 3170 3892 βλέπειν
3215 3820 3402 3883 αὑτὸν,
3451 3816 3512 3873 οὗ
3536 3820 3633 3881 τὰς
3661 3818 3882 3882 ἐντολὰς
3905 3817 4020 3874 οἶδε

2430 3915 2678 3982 φανερῶς
2709 3914 3022 3982 ἀθετήσασα
3077 3916 3170 3964 καὶ
3195 3913 3369 3975 οὕτως
3399 3915 3462 3965 ὲκ
3497 3916 3677 3981 μέσων
3705 3914 3869 3967 αὑτὸν
3902 3934 4019 3986 χει-

2433 4004 2542 4072 ρῶν
2601 4005 2661 4055 τὸ
2717 4005 2939 4074 θήραμα
2991 4004 3245 4072 διαφύγοι
3289 4005 3419 4075 πρὶν
3469 4005 3588 4059 ὅλον
3630 4009 3890 4063 καταπίοι
3959 4011 4023 4060 τὸ

2429 4098 2653 4167 δέλεαρ,
2682 4098 2775 4149 καὶ
2803 4099 2985 4149 πᾶσαν
3014 4099 3103 4152 διὰ
3124 4098 3282 4152 τοῦτο
3306 4099 3630 4169 βουλόμενος
3651 4101 3860 4155 ἀνελεῖν
3882 4103 4024 4156 ὑπο-

2429 4189 2584 4257 ψίαν,
2608 4191 2689 4252 είς
2713 4189 3114 4262 αὐθαδέστερον
3146 4191 3388 4258 ἐραστοῦ
3432 4193 3632 4260 τρόπον
3658 4192 3984 4260 μεταϐαλών
4005 4209 4020 4224 ο

2436 4282 2658 4344 Ἐασον,
2717 4281 2923 4350 ἔλεγεν,
2979 4284 3205 4352 ἐπίσχες
3261 4284 3329 4334 τὰ
3368 4283 3670 4352 σκυθρωπὰ
3701 4285 3857 4335 ταυτὶ
3916 4287 4022 4354 ρήο

2435 4391 2602 4444 ματα,
2634 4373 2799 4441 γύναι
2819 4388 2834 4404 ο
2855 4373 2917 4424 οὐ
2972 4374 3080 4440 γὰρ
3110 4374 3204 4424 ἐπὶ
3233 4373 3410 4441 τούτῳ
3462 4373 3822 4441 συνήλθομεν,
3874 4374 4022 4426 ὥστε

2435 4481 2494 4515 σε
2526 4467 2767 4533 τήμερον
2805 4462 3217 4532 ἀναμνησθῆναι
3271 4464 3381 4517 τῶν
3437 4466 3868 4534 πεπραγμένων.
3907 4468 4022 4520 Καὶ

750 4571 876 4609 num
904 4553 1190 4606 diversorii
1225 4570 1238 4604 :
1268 4552 1475 4612 Amice,
1506 4551 1704 4616 inquit,
1745 4551 1884 4603 aﬂ‘cr
1911 4551 2070 4605 nobis
2084 4551 2193 4605 cito
2212 4564 2320 4617 qua

2438 4557 2573 4626 πρὸς
2620 4557 2718 4625 ,τδν
2766 4560 3040 4628 πανδοχὲα
3099 4558 3289 4612 λοιπὸν
3339 4559 3710 4630 ἐπιστρέψαςο
3777 4559 4021 4632 Ἑταῖρε,

749 4646 976 4715 parasti,
1015 4655 1072 4698 ut
1107 4643 1267 4696 ambo
1325 4641 1697 4710 collmtemur;
1733 4655 1763 4695 θ
1819 4642 2114 4709 longinquo
2162 4643 2330 4707 enim,

750 4749 810 4792 ut
846 4738 1020 4799 vides,
1048 4737 1251 4790 accessi
1283 4745 1503 4804 propter
1535 4735 1726 4801 ipsam.
1755 4732 1929 4787 Lauto
1969 4734 2151 4800 itaque
2179 4733 2334 4789 exhi-

751 4831 867 4886 bito
906 4829 1180 4894 convivio,
1207 4830 1298 4896 qui
1333 4838 1472 4880 tctus
1505 4825 1892 4894 quinquaginta
1938 4839 2115 4878 annos
2151 4840 2217 4877 ne
2244 4841 2336 4878 su-

752 4923 1024 4977 stinuerat
1055 4921 1271 4987 quidem
1297 4920 1542 4986 aspicere
1587 4919 1892 4980 mulierem,
1924 4927 1979 4969 et
2007 4932 2103 4969 nec
2142 4933 2332 4983 panem

752 5013 995 5080 quidem,
1032 5026 1129 5064 nec
1159 5025 1378 5079 aquam,
1415 5025 1532 5076 qua
1559 5019 1686 5061 sunt
1731 5010 1964 5060 maxime
2001 5010 2330 5070 necessaria,

753 5115 1060 5172 sumpserat
1087 5104 1155 5156 ad
1209 5103 1542 5165 satietatem,
1599 5101 1785 5154 vinum
1817 5103 1967 5162 bibit.
1994 5112 2047 5154 et
2096 5102 2334 5156 vescitur

754 5198 1035 5258 carnibus,
1061 5206 1112 5247 et
1146 5197 1463 5250 convivatur
1504 5210 1624 5246 cum
1679 5195 1982 5248 meretrice.
2029 5192 2159 5246 Nam
2209 5196 2335 5248 bea-

760 5300 871 5342 tum
928 5301 1144 5357 quoque
1192 5285 1669 5348 sciebatPaulum,
1706 5287 1771 5338 ad
1816 5301 1974 5354 quem
2007 5287 2119 5352 ipse
2161 5289 2337 5340 intue-

761 5382 941 5444 batur,
973 5387 1028 5432 et
1077 5378 1234 5446 cujus
1295 5379 1565 5432 viscerum
1600 5387 1652 5430 et
1705 5377 1800 5430 zeli
1835 5378 2196 5431 contendebat
2219 5392 2338 5431 esse

762 5475 1026 5538 imitator,
1078 5485 1137 5525 se
1199 5471 1489 5538 aliquando
1536 5469 1870 5538 puriﬁcasse,
1900 5480 1956 5524 et
1978 5479 2144 5537 caput
2172 5473 2335 5525 etiam

767 5567 984 5632 rasisse,
1013 5567 1358 5623 Timotheum
1389 5567 1552 5619 etiam
1603 5566 2033 5630 circumcidisse,
2064 5575 2119 5622 et
2172 5569 2242 5622 ita
2272 5582 2340 5622 ne

764 5660 1044 5716 Judaismo
1094 5659 1312 5729 quidem
1363 5661 1720 5730 perpercisse,
1756 5666 1815 5713 ut
1838 5660 2083 5716 inﬁdeles
2129 5661 2341 5718 animas

771 5755 1073 5809 attraheret
1097 5756 1162 5807 ad
1195 5755 1478 5822 pietatem.

846 5841 1012 5897 XXV.
1041 5843 1175 5899 Cum
1213 5846 1288 5899 sic
1311 5861 1440 5913 ergo
1466 5857 1648 5901 essent
1697 5847 1988 5913 convivati,
2014 5863 2072 5904 se
2105 5849 2339 5903 invicem

2439 4649 2602 4700 πότον
2629 4650 2751 4702 τινὰ
2779 4652 2872 4702 καὶ
2902 4647 3060 4712 αὖθις
3091 4652 3227 4719 ἡμῖν
3270 4653 3669 4720 συγκρότησον,
3704 4652 3830 4722 ἔφη,
3868 4654 4024 4716 ὅπως

2439 4742 2755 4810 ἀμφότεροι.
2796 4743 3230 4810 συνησθείημενο
3277 4743 3559 4814 πόρρωθεν
3597 4746 3723 4815 γὰρ,
3759 4745 3832 4806 ὡς
3862 4747 4020 4815 δρᾷς,

2440 4833 2672 4901 πάρειμι
2705 4829 2770 4882 δι’
2810 4833 3012 4902 αὑτήν·
3050 4833 3144 4884 τοῦ
3180 4833 3343 4886 πότου
3377 4835 3673 4906 τοιγαροῦν
3707 4837 4022 4900 πολυτελῶς

2441 4925 2811 4990 τελεσθέντος,
2861 4930 2887 4979 6
2946 4928 3074 4996 παρ’
3130 4928 3282 4990 ὅλους
3366 4931 3707 4997 πεντήκοντα
3793 4931 4024 5000 χρόνους

2446 5017 2581 5084 μηδὲ
2663 5021 2922 5086 γυναικὸς
2984 5022 3371 5089 ἀνασχόμενος
3434 5021 3592 5090 ὄψιν,
3649 5023 3783 5091 μηδὲ
3856 5023 4027 5093 ἄρτου

2441 5111 2571 5160 ποτὲ
2653 5112 2788 5177 μηδὲ
2875 5111 3064 5173 ὓδατος
3131 5113 3238 5163 τῶν
3330 5115 3781 5180 ἀναγκαιοτάτων
3848 5131 4024 5182 μετα-

2443 5201 2585 5272 σχὼν
2610 5202 2734 5272 ἄχρι
2766 5203 2950 5273 κόρου,
2993 5204 3137 5255 οἴνου
3169 5207 3262 5255 καὶ
3298 5206 3476 5274 κρεῶν
3519 5207 3767 5256 κοινωνεί
3795 5210 3890 5259 καὶ
3925 5225 4026 5275 γυ-

2443 5297 2592 5348 ναικὶ
2611 5297 2784 5368 πόρνῃ
2805 5299 3170 5359 συνεστιᾶται,
3203 5299 3327 5350 ἐπεὶ
3368 5298 3461 5352 καὶ
3499 5300 3865 5366 ἁγνισάμενον
3903 5301 4024 5370 ᾔδει

2444 5392 2573 5440 ποτὲ
2589 5391 2682 5440 καὶ
2698 5392 2788 5439 τὸν
2810 5390 3080 5459 μακάριον
3105 5390 3341 5453 Παῦλον,
3363 5390 3499 5443 ἀλλὰ
3519 5395 3613 5440 καὶ
3632 5389 3778 5458 ξυρῷ
3799 5393 3936 5461 πρδς
3952 5397 4020 5463 τῇ

2443 5483 2653 5552 κεφαλῇ
2677 5484 3039 5553 χρησάμενον,
3061 5485 3196 5554 πρδς
3217 5483 3274 5536 ὃν
3296 5478 3446 5546 οὗτος
3465 5483 3610 5554 ἑώρα
3635 5486 3728 5536 καὶ
3747 5479 3808 5538 οὗ
3846 5503 4026 5555 μιμη-

2445 5574 2541 5640 τὴς
2561 5575 2668 5627 τῶν
2687 5576 3008 5645 σπλάγχνων
3028 5580 3117 5629 καὶ
3140 5575 3230 5629 τοῦ
3247 5577 3407 5648 ζήλου
3433 5578 3846 5641 καθίστατο,καὶ
3864 5593 4028 5649 περι-

2445 5662 2677 5730 τεμόντα
2707 5663 2968 5732 Τιμόθεον
2993 5668 3084 5717 καὶ
3113 5665 3285 5728 οὕτως
3331 5666 3668 5737 Ἰουδαϊσμοῦ
3701 5669 3776 5738 μὴ
3826 5670 4028 5735 φεισά-

2449 5771 2628 5823 μενον,
2657 5755 2743 5806 ἵνα
2773 5754 2948 5825 ψυχὰς
2978 5757 3245 5822 ἀπίστους
3271 5757 3471 5830 ἑλκύσῃ
3508 5762 3644 5831 πρὸς
3686 5759 4024 5817 θεοσέϐειαν.

2518 5847 2645 5901 κε’.
2675 5846 2832 5900 Οὕτω
2885 5851 3177 5919 τοιγαροῦν
3231 5854 3697 5920 συνεστιαθέντες,
3730 5852 4026 5928 λαϐόμενοι
