  <div class='ocr_page' id='page_1' title='image "/cluster/home/n/w/nwhite01/storage/ocr_20150623/115/nnc1.0046980261/044.png"; bbox 0 0 4212 6440; ppageno 0'>
   <div class='ocr_carea' id='block_1_1' title="bbox 157 358 3432 448">
    <p class='ocr_par' dir='ltr' id='par_1_1' title="bbox 157 358 3432 448">
     <span class='ocr_line' id='line_1_1' title="bbox 157 358 3432 448; baseline -0.015 0"><span class='ocrx_word' id='word_1_1' title='bbox 157 388 241 448; x_wconf 82' lang='lat'>73</span> <span class='ocrx_word' id='word_1_2' title='bbox 1492 370 1671 432; x_wconf 77' lang='lat' dir='ltr'>VlTA</span> <span class='ocrx_word' id='word_1_3' title='bbox 1712 368 1775 426; x_wconf 86' lang='lat' dir='ltr'>s.</span> <span class='ocrx_word' id='word_1_4' title='bbox 1816 360 2164 424; x_wconf 76' lang='lat' dir='ltr'>ABRAMII.</span> <span class='ocrx_word' id='word_1_5' title='bbox 3360 358 3432 421; x_wconf 63' lang='grc' dir='ltr'><strong><em>τι</em></strong></span> 
     </span>
    </p>
   </div>
   <div class='ocr_carea' id='block_1_2' title="bbox 163 469 1758 571">
    <p class='ocr_par' dir='ltr' id='par_1_2' title="bbox 163 484 1758 571">
     <span class='ocr_line' id='line_1_2' title="bbox 163 484 1758 571; baseline -0.006 -23"><span class='ocrx_word' id='word_1_6' title='bbox 163 501 267 570; x_wconf 75' lang='grc' dir='ltr'>τῆς</span> <span class='ocrx_word' id='word_1_7' title='bbox 289 498 472 571; x_wconf 71' lang='grc' dir='ltr'>χειρὸς</span> <span class='ocrx_word' id='word_1_8' title='bbox 496 494 744 564; x_wconf 66' lang='grc' dir='ltr'>ἀλλήλων</span> <span class='ocrx_word' id='word_1_9' title='bbox 773 492 851 555; x_wconf 79' lang='grc' dir='ltr'>εἰς</span> <span class='ocrx_word' id='word_1_10' title='bbox 885 490 971 544; x_wconf 78' lang='grc' dir='ltr'>τὸν</span> <span class='ocrx_word' id='word_1_11' title='bbox 999 488 1265 543; x_wconf 78' lang='grc' dir='ltr'>ἐνδοτάτω</span> <span class='ocrx_word' id='word_1_12' title='bbox 1295 487 1540 540; x_wconf 73' lang='grc' dir='ltr'>οἰκίσκον</span> <span class='ocrx_word' id='word_1_13' title='bbox 1579 484 1758 555; x_wconf 84' lang='grc' dir='ltr'>εἰσέρ-</span> 
     </span>
    </p>
   </div>
   <div class='ocr_carea' id='block_1_3' title="bbox 1864 469 3433 571">
    <p class='ocr_par' dir='ltr' id='par_1_3' title="bbox 1866 469 3433 546">
     <span class='ocr_line' id='line_1_3' title="bbox 1866 469 3433 546; baseline -0.005 -13"><span class='ocrx_word' id='word_1_14' title='bbox 1866 495 2026 534; x_wconf 89' lang='lat' dir='ltr'><strong>manu</strong></span> <span class='ocrx_word' id='word_1_15' title='bbox 2059 474 2414 546; x_wconf 85' lang='lat' dir='ltr'><strong>accipientes,</strong></span> <span class='ocrx_word' id='word_1_16' title='bbox 2441 474 2494 528; x_wconf 94' lang='lat' dir='ltr'><strong>in</strong></span> <span class='ocrx_word' id='word_1_17' title='bbox 2528 472 2771 526; x_wconf 90' lang='lat' dir='ltr'><strong>intimam</strong></span> <span class='ocrx_word' id='word_1_18' title='bbox 2799 469 3174 538; x_wconf 73' lang='lat' dir='ltr'><strong>ingrediuntur</strong></span> <span class='ocrx_word' id='word_1_19' title='bbox 3202 472 3433 526; x_wconf 83' lang='lat' dir='ltr'><strong>domuu-</strong></span> 
     </span>
    </p>
   </div>
   <div class='ocr_carea' id='block_1_4' title="bbox 160 576 1747 663">
    <p class='ocr_par' dir='ltr' id='par_1_4' title="bbox 160 576 1747 663">
     <span class='ocr_line' id='line_1_4' title="bbox 160 576 1747 663; baseline -0.006 -19"><span class='ocrx_word' id='word_1_20' title='bbox 160 607 354 663; x_wconf 83' lang='grc' dir='ltr'>χονται</span> <span class='ocrx_word' id='word_1_21' title='bbox 378 603 391 617; x_wconf 71' lang='grc' dir='ltr'>ο</span> <span class='ocrx_word' id='word_1_22' title='bbox 427 587 645 657; x_wconf 81' lang='grc' dir='ltr'>ἑστήκει</span> <span class='ocrx_word' id='word_1_23' title='bbox 679 586 734 637; x_wconf 74' lang='grc' dir='ltr'>δέ</span> <span class='ocrx_word' id='word_1_24' title='bbox 769 601 850 645; x_wconf 86' lang='grc' dir='ltr'>τις</span> <span class='ocrx_word' id='word_1_25' title='bbox 881 584 938 634; x_wconf 85' lang='grc' dir='ltr'>ἐν</span> <span class='ocrx_word' id='word_1_26' title='bbox 973 579 1146 651; x_wconf 83' lang='grc' dir='ltr'>τούτῳ</span> <span class='ocrx_word' id='word_1_27' title='bbox 1175 580 1352 650; x_wconf 83' lang='grc' dir='ltr'>κλίνη,</span> <span class='ocrx_word' id='word_1_28' title='bbox 1400 581 1659 651; x_wconf 80' lang='grc' dir='ltr'>μαλακῶς</span> <span class='ocrx_word' id='word_1_29' title='bbox 1689 576 1747 635; x_wconf 80' lang='grc' dir='ltr'>εὖ</span> 
     </span>
    </p>
   </div>
   <div class='ocr_carea' id='block_1_5' title="bbox 163 675 1753 751">
    <p class='ocr_par' dir='ltr' id='par_1_5' title="bbox 163 675 1753 751">
     <span class='ocr_line' id='line_1_5' title="bbox 163 675 1753 751; baseline -0.004 -15"><span class='ocrx_word' id='word_1_30' title='bbox 163 684 315 751; x_wconf 69' lang='grc' dir='ltr'>μάλα</span> <span class='ocrx_word' id='word_1_31' title='bbox 345 686 436 733; x_wconf 76' lang='grc' dir='ltr'>τὸν</span> <span class='ocrx_word' id='word_1_32' title='bbox 467 677 865 734; x_wconf 73' lang='grc' dir='ltr'>κατακλιθέντα.</span> <span class='ocrx_word' id='word_1_33' title='bbox 897 675 1172 745; x_wconf 75' lang='grc' dir='ltr'>δυναμένη</span> <span class='ocrx_word' id='word_1_34' title='bbox 1224 675 1596 729; x_wconf 77' lang='grc' dir='ltr'>διαναπαῦσαι</span> <span class='ocrx_word' id='word_1_35' title='bbox 1618 694 1632 707; x_wconf 80' lang='grc'><strong>⁸</strong></span> <span class='ocrx_word' id='word_1_36' title='bbox 1667 679 1753 746; x_wconf 79' lang='grc' dir='ltr'>ἐφ’</span> 
     </span>
    </p>
   </div>
   <div class='ocr_carea' id='block_1_6' title="bbox 159 767 1751 844">
    <p class='ocr_par' dir='ltr' id='par_1_6' title="bbox 159 767 1751 844">
     <span class='ocr_line' id='line_1_6' title="bbox 159 767 1751 844; baseline -0.003 -18"><span class='ocrx_word' id='word_1_37' title='bbox 159 771 232 844; x_wconf 79' lang='grc' dir='ltr'>ἧς</span> <span class='ocrx_word' id='word_1_38' title='bbox 257 775 583 835; x_wconf 76' lang='grc' dir='ltr'>καθίσαντος</span> <span class='ocrx_word' id='word_1_39' title='bbox 605 771 787 841; x_wconf 69' lang='grc' dir='ltr'>ἁϐρῶς</span> <span class='ocrx_word' id='word_1_40' title='bbox 822 767 1257 838; x_wconf 80' lang='grc' dir='ltr'>Ἀϐραμίου,τοῦ</span> <span class='ocrx_word' id='word_1_41' title='bbox 1287 773 1542 840; x_wconf 80' lang='grc' dir='ltr'>στρωμνῇ</span> <span class='ocrx_word' id='word_1_42' title='bbox 1570 771 1656 822; x_wconf 73' lang='grc' dir='ltr'>ἀεὶ</span> <span class='ocrx_word' id='word_1_43' title='bbox 1686 774 1751 842; x_wconf 83' lang='grc' dir='ltr'>τῇ</span> 
     </span>
    </p>
   </div>
   <div class='ocr_carea' id='block_1_7' title="bbox 162 861 1756 935">
    <p class='ocr_par' dir='ltr' id='par_1_7' title="bbox 162 861 1756 935">
     <span class='ocr_line' id='line_1_7' title="bbox 162 861 1756 935; baseline -0.001 -17"><span class='ocrx_word' id='word_1_44' title='bbox 162 869 238 935; x_wconf 79' lang='grc' dir='ltr'>γῇ</span> <span class='ocrx_word' id='word_1_45' title='bbox 296 867 680 934; x_wconf 72' lang='grc' dir='ltr'>κεχρημένον·</span> <span class='ocrx_word' id='word_1_46' title='bbox 752 861 991 927; x_wconf 73' lang='grc' dir='ltr'>Ἐπίδος,</span> <span class='ocrx_word' id='word_1_47' title='bbox 1045 863 1077 931; x_wconf 85' lang='grc' dir='ltr'>ἠ</span> <span class='ocrx_word' id='word_1_48' title='bbox 1136 861 1270 931; x_wconf 85' lang='grc' dir='ltr'>κόρη</span> <span class='ocrx_word' id='word_1_49' title='bbox 1311 863 1463 931; x_wconf 78' lang='grc' dir='ltr'>φησὶ,</span> <span class='ocrx_word' id='word_1_50' title='bbox 1500 862 1756 918; x_wconf 76' lang='grc' dir='ltr'>ὑπολύσω</span> 
     </span>
    </p>
   </div>
   <div class='ocr_carea' id='block_1_8' title="bbox 163 952 1758 1024">
    <p class='ocr_par' dir='ltr' id='par_1_8' title="bbox 163 952 1758 1024">
     <span class='ocr_line' id='line_1_8' title="bbox 163 952 1758 1024; baseline -0.001 -12"><span class='ocrx_word' id='word_1_51' title='bbox 163 974 266 1012; x_wconf 86' lang='grc' dir='ltr'>σου</span> <span class='ocrx_word' id='word_1_52' title='bbox 295 960 362 1009; x_wconf 81' lang='grc' dir='ltr'>τὰ</span> <span class='ocrx_word' id='word_1_53' title='bbox 404 957 752 1024; x_wconf 78' lang='grc' dir='ltr'>ὑποδήματα.</span> <span class='ocrx_word' id='word_1_54' title='bbox 800 955 859 1006; x_wconf 85' lang='grc'>’0</span> <span class='ocrx_word' id='word_1_55' title='bbox 890 955 946 1007; x_wconf 79' lang='grc' dir='ltr'>δὲ</span> <span class='ocrx_word' id='word_1_56' title='bbox 975 954 1071 1021; x_wconf 78' lang='grc' dir='ltr'>τὴν</span> <span class='ocrx_word' id='word_1_57' title='bbox 1114 952 1284 1022; x_wconf 83' lang='grc' dir='ltr'>Θύραν</span> <span class='ocrx_word' id='word_1_58' title='bbox 1329 953 1550 1022; x_wconf 82' lang='grc' dir='ltr'>μοχλοῖς</span> <span class='ocrx_word' id='word_1_59' title='bbox 1581 957 1758 1024; x_wconf 75' lang='grc' dir='ltr'>ἀσφαο</span> 
     </span>
    </p>
   </div>
   <div class='ocr_carea' id='block_1_9' title="bbox 161 1045 1756 1117">
    <p class='ocr_par' dir='ltr' id='par_1_9' title="bbox 161 1045 1756 1117">
     <span class='ocr_line' id='line_1_9' title="bbox 161 1045 1756 1117; baseline 0.001 -17"><span class='ocrx_word' id='word_1_60' title='bbox 161 1046 421 1102; x_wconf 80' lang='grc' dir='ltr'>λισασθαι</span> <span class='ocrx_word' id='word_1_61' title='bbox 444 1048 708 1117; x_wconf 79' lang='grc' dir='ltr'>πρότερον</span> <span class='ocrx_word' id='word_1_62' title='bbox 735 1047 1034 1108; x_wconf 73' lang='grc' dir='ltr'>ἐπιτάττει,</span> <span class='ocrx_word' id='word_1_63' title='bbox 1059 1045 1317 1112; x_wconf 86' lang='grc' dir='ltr'>κάκείνης</span> <span class='ocrx_word' id='word_1_64' title='bbox 1341 1047 1409 1098; x_wconf 70' lang='grc' dir='ltr'>τὰ</span> <span class='ocrx_word' id='word_1_65' title='bbox 1430 1046 1756 1117; x_wconf 79' lang='grc' dir='ltr'>ὑποδήματα</span> 
     </span>
    </p>
   </div>
   <div class='ocr_carea' id='block_1_10' title="bbox 168 1139 1759 1211">
    <p class='ocr_par' dir='ltr' id='par_1_10' title="bbox 168 1139 1759 1211">
     <span class='ocr_line' id='line_1_10' title="bbox 168 1139 1759 1211; baseline 0.001 -20"><span class='ocrx_word' id='word_1_66' title='bbox 168 1143 373 1211; x_wconf 72' lang='grc' dir='ltr'>μᾶλλον</span> <span class='ocrx_word' id='word_1_67' title='bbox 430 1139 698 1193; x_wconf 75' lang='grc' dir='ltr'>ὑπολῦσαι</span> <span class='ocrx_word' id='word_1_68' title='bbox 733 1139 1091 1208; x_wconf 69' lang='grc' dir='ltr'>σφοδρότερον</span> <span class='ocrx_word' id='word_1_69' title='bbox 1133 1139 1484 1208; x_wconf 79' lang='grc' dir='ltr'>ἐγκειμένης,</span> <span class='ocrx_word' id='word_1_70' title='bbox 1516 1141 1543 1191; x_wconf 84' lang='grc' dir='ltr'>ὀ</span> <span class='ocrx_word' id='word_1_71' title='bbox 1578 1141 1759 1209; x_wconf 84' lang='grc' dir='ltr'>μακά-</span> 
     </span>
    </p>
   </div>
   <div class='ocr_carea' id='block_1_11' title="bbox 167 1227 1757 1301">
    <p class='ocr_par' dir='ltr' id='par_1_11' title="bbox 167 1227 1757 1301">
     <span class='ocr_line' id='line_1_11' title="bbox 167 1227 1757 1301; baseline 0 -18"><span class='ocrx_word' id='word_1_72' title='bbox 167 1247 284 1300; x_wconf 84' lang='grc' dir='ltr'>ριος</span> <span class='ocrx_word' id='word_1_73' title='bbox 311 1229 418 1282; x_wconf 76' lang='grc' dir='ltr'>οὐκ</span> <span class='ocrx_word' id='word_1_74' title='bbox 437 1232 704 1300; x_wconf 71' lang='grc' dir='ltr'>ἠνείχετο.</span> <span class='ocrx_word' id='word_1_75' title='bbox 758 1230 1053 1282; x_wconf 80' lang='grc' dir='ltr'>Πεισθεῖσα</span> <span class='ocrx_word' id='word_1_76' title='bbox 1101 1227 1284 1281; x_wconf 83' lang='grc' dir='ltr'>τοίνυν</span> <span class='ocrx_word' id='word_1_77' title='bbox 1310 1231 1495 1298; x_wconf 86' lang='grc' dir='ltr'>ἐκείνη</span> <span class='ocrx_word' id='word_1_78' title='bbox 1535 1231 1626 1283; x_wconf 76' lang='grc' dir='ltr'>καὶ</span> <span class='ocrx_word' id='word_1_79' title='bbox 1659 1230 1757 1301; x_wconf 76' lang='grc' dir='ltr'>τὴν</span> 
     </span>
    </p>
   </div>
   <div class='ocr_carea' id='block_1_12' title="bbox 163 1321 1756 1392">
    <p class='ocr_par' dir='ltr' id='par_1_12' title="bbox 163 1321 1756 1392">
     <span class='ocr_line' id='line_1_12' title="bbox 163 1321 1756 1392; baseline -0.001 -17"><span class='ocrx_word' id='word_1_80' title='bbox 163 1323 348 1392; x_wconf 82' lang='grc' dir='ltr'>θύραν,</span> <span class='ocrx_word' id='word_1_81' title='bbox 368 1323 628 1391; x_wconf 79' lang='grc' dir='ltr'>ἀσφαλῶς</span> <span class='ocrx_word' id='word_1_82' title='bbox 661 1321 1118 1390; x_wconf 81' lang='grc' dir='ltr'>ἑπικλεισαμένη,</span> <span class='ocrx_word' id='word_1_83' title='bbox 1151 1321 1547 1390; x_wconf 76' lang='grc' dir='ltr'>περιπλέκεται</span> <span class='ocrx_word' id='word_1_84' title='bbox 1585 1339 1756 1392; x_wconf 84' lang='grc' dir='ltr'>προσ-</span> 
     </span>
    </p>
   </div>
   <div class='ocr_carea' id='block_1_13' title="bbox 159 1407 1755 1484">
    <p class='ocr_par' dir='ltr' id='par_1_13' title="bbox 159 1407 1755 1484">
     <span class='ocr_line' id='line_1_13' title="bbox 159 1407 1755 1484; baseline 0.002 -23"><span class='ocrx_word' id='word_1_85' title='bbox 159 1413 322 1476; x_wconf 65' lang='grc' dir='ltr'>φυῶς</span> <span class='ocrx_word' id='word_1_86' title='bbox 353 1413 432 1483; x_wconf 80' lang='grc' dir='ltr'>τῷ</span> <span class='ocrx_word' id='word_1_87' title='bbox 465 1414 628 1484; x_wconf 81' lang='grc' dir='ltr'>ἁγίῳ.</span> <span class='ocrx_word' id='word_1_88' title='bbox 676 1413 831 1466; x_wconf 77' lang='grc' dir='ltr'>Ἐπεὶ</span> <span class='ocrx_word' id='word_1_89' title='bbox 860 1412 919 1465; x_wconf 82' lang='grc' dir='ltr'>δὲ</span> <span class='ocrx_word' id='word_1_90' title='bbox 944 1407 1086 1465; x_wconf 83' lang='grc' dir='ltr'>εἶδεν</span> <span class='ocrx_word' id='word_1_91' title='bbox 1126 1414 1182 1464; x_wconf 89' lang='grc' dir='ltr'>ἐν</span> <span class='ocrx_word' id='word_1_92' title='bbox 1218 1412 1450 1482; x_wconf 78' lang='grc' dir='ltr'>ἀφύκτῳ</span> <span class='ocrx_word' id='word_1_93' title='bbox 1489 1414 1755 1484; x_wconf 78' lang='grc' dir='ltr'>ἐχομένην</span> 
     </span>
    </p>
   </div>
   <div class='ocr_carea' id='block_1_14' title="bbox 170 1502 1755 1576">
    <p class='ocr_par' dir='ltr' id='par_1_14' title="bbox 170 1502 1755 1576">
     <span class='ocr_line' id='line_1_14' title="bbox 170 1502 1755 1576; baseline 0.001 -20"><span class='ocrx_word' id='word_1_94' title='bbox 170 1504 479 1576; x_wconf 73' lang='grc' dir='ltr'>Ἀϐράμιος</span> <span class='ocrx_word' id='word_1_95' title='bbox 519 1508 614 1558; x_wconf 74' lang='grc' dir='ltr'>καὶ</span> <span class='ocrx_word' id='word_1_96' title='bbox 646 1505 820 1566; x_wconf 76' lang='grc' dir='ltr'>οὕτως</span> <span class='ocrx_word' id='word_1_97' title='bbox 851 1504 1002 1566; x_wconf 76' lang='grc' dir='ltr'>ἐντὸς</span> <span class='ocrx_word' id='word_1_98' title='bbox 1025 1502 1250 1574; x_wconf 82' lang='grc' dir='ltr'>ἀρκύων</span> <span class='ocrx_word' id='word_1_99' title='bbox 1274 1504 1334 1556; x_wconf 81' lang='grc' dir='ltr'>τὸ</span> <span class='ocrx_word' id='word_1_100' title='bbox 1365 1504 1609 1576; x_wconf 77' lang='grc' dir='ltr'>Θήραμα,</span> <span class='ocrx_word' id='word_1_101' title='bbox 1635 1507 1755 1558; x_wconf 82' lang='grc' dir='ltr'>τότε</span> 
     </span>
    </p>
   </div>
   <div class='ocr_carea' id='block_1_15' title="bbox 161 1597 1757 1669">
    <p class='ocr_par' dir='ltr' id='par_1_15' title="bbox 161 1597 1757 1669">
     <span class='ocr_line' id='line_1_15' title="bbox 161 1597 1757 1669; baseline 0.001 -18"><span class='ocrx_word' id='word_1_102' title='bbox 161 1598 229 1668; x_wconf 68' lang='grc' dir='ltr'>δὴ</span> <span class='ocrx_word' id='word_1_103' title='bbox 261 1601 323 1652; x_wconf 89' lang='grc' dir='ltr'>τὸ</span> <span class='ocrx_word' id='word_1_104' title='bbox 358 1599 452 1651; x_wconf 78' lang='grc' dir='ltr'>τοῦ</span> <span class='ocrx_word' id='word_1_105' title='bbox 484 1598 718 1669; x_wconf 77' lang='grc' dir='ltr'>ἐραστοῦ</span> <span class='ocrx_word' id='word_1_106' title='bbox 752 1599 1098 1666; x_wconf 80' lang='grc' dir='ltr'>προσωπεῖον</span> <span class='ocrx_word' id='word_1_107' title='bbox 1122 1597 1417 1651; x_wconf 75' lang='grc' dir='ltr'>ἀποϐαλὼν</span> <span class='ocrx_word' id='word_1_108' title='bbox 1451 1602 1543 1651; x_wconf 76' lang='grc' dir='ltr'>καὶ</span> <span class='ocrx_word' id='word_1_109' title='bbox 1577 1601 1757 1654; x_wconf 81' lang='grc' dir='ltr'>πᾶσαν</span> 
     </span>
    </p>
   </div>
   <div class='ocr_carea' id='block_1_16' title="bbox 160 1692 1758 1765">
    <p class='ocr_par' dir='ltr' id='par_1_16' title="bbox 160 1692 1758 1765">
     <span class='ocr_line' id='line_1_16' title="bbox 160 1692 1758 1765; baseline 0.005 -23"><span class='ocrx_word' id='word_1_110' title='bbox 160 1692 390 1762; x_wconf 73' lang='grc' dir='ltr'>ἐκείνην</span> <span class='ocrx_word' id='word_1_111' title='bbox 449 1696 548 1762; x_wconf 74' lang='grc' dir='ltr'>τὴν</span> <span class='ocrx_word' id='word_1_112' title='bbox 611 1693 818 1763; x_wconf 81' lang='grc' dir='ltr'>σκηνὴν</span> <span class='ocrx_word' id='word_1_113' title='bbox 850 1693 944 1743; x_wconf 74' lang='grc' dir='ltr'>καὶ</span> <span class='ocrx_word' id='word_1_114' title='bbox 977 1692 1077 1760; x_wconf 76' lang='grc' dir='ltr'>τὴν</span> <span class='ocrx_word' id='word_1_115' title='bbox 1119 1692 1414 1763; x_wconf 79' lang='grc' dir='ltr'>ὑπόκρισιν</span> <span class='ocrx_word' id='word_1_116' title='bbox 1449 1695 1634 1765; x_wconf 65' lang='grc' dir='ltr'>ῥίψας,</span> <span class='ocrx_word' id='word_1_117' title='bbox 1664 1697 1758 1750; x_wconf 70' lang='grc' dir='ltr'>τὸν</span> 
     </span>
    </p>
   </div>
   <div class='ocr_carea' id='block_1_17' title="bbox 161 1781 1755 1857">
    <p class='ocr_par' dir='ltr' id='par_1_17' title="bbox 161 1781 1755 1857">
     <span class='ocr_line' id='line_1_17' title="bbox 161 1781 1755 1857; baseline 0.004 -26"><span class='ocrx_word' id='word_1_118' title='bbox 161 1781 316 1832; x_wconf 77' lang='grc' dir='ltr'>ἔνδον</span> <span class='ocrx_word' id='word_1_119' title='bbox 368 1782 508 1851; x_wconf 79' lang='grc' dir='ltr'>αὐτῇ</span> <span class='ocrx_word' id='word_1_120' title='bbox 565 1783 950 1844; x_wconf 70' lang='grc' dir='ltr'>ἀνακαλύπτει</span> <span class='ocrx_word' id='word_1_121' title='bbox 984 1782 1415 1850; x_wconf 70' lang='grc' dir='ltr'>Ἀδράμιον,καὶ</span> <span class='ocrx_word' id='word_1_122' title='bbox 1446 1785 1536 1838; x_wconf 76' lang='grc' dir='ltr'>τὸν</span> <span class='ocrx_word' id='word_1_123' title='bbox 1576 1787 1664 1838; x_wconf 75' lang='grc' dir='ltr'>ἐπὶ</span> <span class='ocrx_word' id='word_1_124' title='bbox 1690 1789 1755 1857; x_wconf 79' lang='grc' dir='ltr'>τῇ</span> 
     </span>
    </p>
   </div>
   <div class='ocr_carea' id='block_1_18' title="bbox 1860 562 3437 633">
    <p class='ocr_par' dir='ltr' id='par_1_18' title="bbox 1860 562 3437 633">
     <span class='ocr_line' id='line_1_18' title="bbox 1860 562 3437 633; baseline -0.004 -8"><span class='ocrx_word' id='word_1_125' title='bbox 1860 571 2056 625; x_wconf 82' lang='lat' dir='ltr'><strong>cuiam.</strong></span> <span class='ocrx_word' id='word_1_126' title='bbox 2097 567 2154 622; x_wconf 90' lang='lat' dir='ltr'><strong>ln</strong></span> <span class='ocrx_word' id='word_1_127' title='bbox 2194 583 2253 623; x_wconf 86' lang='lat' dir='ltr'><strong>ea</strong></span> <span class='ocrx_word' id='word_1_128' title='bbox 2292 577 2472 620; x_wconf 86' lang='lat' dir='ltr'><strong>autem</strong></span> <span class='ocrx_word' id='word_1_129' title='bbox 2510 565 2691 620; x_wconf 89' lang='lat' dir='ltr'><strong>stabat</strong></span> <span class='ocrx_word' id='word_1_130' title='bbox 2715 563 2932 633; x_wconf 88' lang='lat' dir='ltr'><strong>quidam</strong></span> <span class='ocrx_word' id='word_1_131' title='bbox 2969 562 3167 626; x_wconf 88' lang='lat' dir='ltr'><strong>lectus,</strong></span> <span class='ocrx_word' id='word_1_132' title='bbox 3201 563 3437 618; x_wconf 73' lang='lat' dir='ltr'>molliter</span> 
     </span>
    </p>
   </div>
   <div class='ocr_carea' id='block_1_19' title="bbox 1859 654 3442 727">
    <p class='ocr_par' dir='ltr' id='par_1_19' title="bbox 1859 654 3442 727">
     <span class='ocr_line' id='line_1_19' title="bbox 1859 654 3442 727; baseline -0.005 -12"><span class='ocrx_word' id='word_1_133' title='bbox 1859 671 2066 716; x_wconf 83' lang='lat' dir='ltr'><strong>stratus</strong></span> <span class='ocrx_word' id='word_1_134' title='bbox 2094 661 2162 713; x_wconf 93' lang='lat' dir='ltr'><strong>ad</strong></span> <span class='ocrx_word' id='word_1_135' title='bbox 2201 657 2479 727; x_wconf 85' lang='lat' dir='ltr'><strong>quietem:</strong></span> <span class='ocrx_word' id='word_1_136' title='bbox 2523 658 2576 711; x_wconf 92' lang='lat' dir='ltr'><strong>in</strong></span> <span class='ocrx_word' id='word_1_137' title='bbox 2619 669 2726 724; x_wconf 91' lang='lat' dir='ltr'>quo</span> <span class='ocrx_word' id='word_1_138' title='bbox 2777 669 2897 710; x_wconf 91' lang='lat' dir='ltr'>cum</span> <span class='ocrx_word' id='word_1_139' title='bbox 2939 654 3172 708; x_wconf 91' lang='lat' dir='ltr'><strong>molliter</strong></span> <span class='ocrx_word' id='word_1_140' title='bbox 3207 656 3442 710; x_wconf 77' lang='lat' dir='ltr'>sedisset</span> 
     </span>
    </p>
   </div>
   <div class='ocr_carea' id='block_1_20' title="bbox 1859 753 3434 822">
    <p class='ocr_par' dir='ltr' id='par_1_20' title="bbox 1859 753 3434 822">
     <span class='ocr_line' id='line_1_20' title="bbox 1859 753 3434 822; baseline -0.002 -13"><span class='ocrx_word' id='word_1_141' title='bbox 1859 754 2174 818; x_wconf 80' lang='lat' dir='ltr'><strong>Abramins,</strong></span> <span class='ocrx_word' id='word_1_142' title='bbox 2201 753 2291 822; x_wconf 87' lang='lat' dir='ltr'>qui</span> <span class='ocrx_word' id='word_1_143' title='bbox 2327 765 2540 821; x_wconf 83' lang='lat' dir='ltr'><strong>semper</strong></span> <span class='ocrx_word' id='word_1_144' title='bbox 2585 758 2729 804; x_wconf 89' lang='lat' dir='ltr'><strong>terra</strong></span> <span class='ocrx_word' id='word_1_145' title='bbox 2782 763 2910 804; x_wconf 92' lang='lat' dir='ltr'><strong>usus</strong></span> <span class='ocrx_word' id='word_1_146' title='bbox 2935 759 3051 802; x_wconf 91' lang='lat' dir='ltr'><strong>erat</strong></span> <span class='ocrx_word' id='word_1_147' title='bbox 3084 763 3180 817; x_wconf 89' lang='lat' dir='ltr'><strong>pro</strong></span> <span class='ocrx_word' id='word_1_148' title='bbox 3214 759 3388 806; x_wconf 86' lang='lat' dir='ltr'><strong>strato</strong></span> <span class='ocrx_word' id='word_1_149' title='bbox 3421 770 3434 806; x_wconf 93' lang='lat'><strong>:</strong></span> 
     </span>
    </p>
   </div>
   <div class='ocr_carea' id='block_1_21' title="bbox 1861 840 3442 914">
    <p class='ocr_par' dir='ltr' id='par_1_21' title="bbox 1861 840 3442 914">
     <span class='ocr_line' id='line_1_21' title="bbox 1861 840 3442 914; baseline -0.003 -14"><span class='ocrx_word' id='word_1_150' title='bbox 1861 845 2011 911; x_wconf 86' lang='lat' dir='ltr'>Sine,</span> <span class='ocrx_word' id='word_1_151' title='bbox 2044 844 2218 914; x_wconf 91' lang='lat' dir='ltr'><strong>inquit</strong></span> <span class='ocrx_word' id='word_1_152' title='bbox 2250 842 2449 913; x_wconf 89' lang='lat' dir='ltr'><strong>puella,</strong></span> <span class='ocrx_word' id='word_1_153' title='bbox 2481 851 2538 895; x_wconf 89' lang='lat' dir='ltr'><strong>ut</strong></span> <span class='ocrx_word' id='word_1_154' title='bbox 2567 841 2666 895; x_wconf 84' lang='lat' dir='ltr'>tibi</span> <span class='ocrx_word' id='word_1_155' title='bbox 2699 842 2902 896; x_wconf 79' lang='lat' dir='ltr'><strong>solvant</strong></span> <span class='ocrx_word' id='word_1_156' title='bbox 2954 840 3182 896; x_wconf 83' lang='lat' dir='ltr'>calceos.</span> <span class='ocrx_word' id='word_1_157' title='bbox 3215 841 3308 896; x_wconf 90' lang='lat' dir='ltr'><strong>Ille</strong></span> <span class='ocrx_word' id='word_1_158' title='bbox 3343 859 3442 896; x_wconf 85' lang='lat' dir='ltr'>au-</span> 
     </span>
    </p>
   </div>
   <div class='ocr_carea' id='block_1_22' title="bbox 1864 933 3440 1007">
    <p class='ocr_par' dir='ltr' id='par_1_22' title="bbox 1864 933 3440 1007">
     <span class='ocr_line' id='line_1_22' title="bbox 1864 933 3440 1007; baseline -0.002 -15"><span class='ocrx_word' id='word_1_159' title='bbox 1864 947 1973 992; x_wconf 89' lang='lat' dir='ltr'><strong>tem</strong></span> <span class='ocrx_word' id='word_1_160' title='bbox 2034 938 2192 1007; x_wconf 87' lang='lat' dir='ltr'><strong>jubet</strong></span> <span class='ocrx_word' id='word_1_161' title='bbox 2226 937 2377 1004; x_wconf 88' lang='lat' dir='ltr'><strong>prius</strong></span> <span class='ocrx_word' id='word_1_162' title='bbox 2424 945 2629 989; x_wconf 90' lang='lat' dir='ltr'><strong>vectem</strong></span> <span class='ocrx_word' id='word_1_163' title='bbox 2661 934 2783 987; x_wconf 87' lang='lat' dir='ltr'><strong>obdi</strong></span> <span class='ocrx_word' id='word_1_164' title='bbox 2819 933 3049 989; x_wconf 84' lang='lat' dir='ltr'>foribus.</span> <span class='ocrx_word' id='word_1_165' title='bbox 3078 935 3320 1004; x_wconf 82' lang='lat' dir='ltr'>Cumque</span> <span class='ocrx_word' id='word_1_166' title='bbox 3351 936 3440 989; x_wconf 91' lang='lat' dir='ltr'><strong>illa</strong></span> 
     </span>
    </p>
   </div>
   <div class='ocr_carea' id='block_1_23' title="bbox 1861 1028 3440 1098">
    <p class='ocr_par' dir='ltr' id='par_1_23' title="bbox 1861 1028 3440 1098">
     <span class='ocr_line' id='line_1_23' title="bbox 1861 1028 3440 1098; baseline 0.003 -14"><span class='ocrx_word' id='word_1_167' title='bbox 1861 1030 2091 1084; x_wconf 84' lang='lat' dir='ltr'><strong>instarc&#39;t</strong></span> <span class='ocrx_word' id='word_1_168' title='bbox 2113 1029 2503 1090; x_wconf 82' lang='lat' dir='ltr'><strong>vehementius,</strong></span> <span class='ocrx_word' id='word_1_169' title='bbox 2534 1039 2594 1082; x_wconf 91' lang='lat' dir='ltr'><strong>ut</strong></span> <span class='ocrx_word' id='word_1_170' title='bbox 2619 1028 2765 1097; x_wconf 91' lang='lat' dir='ltr'><strong>prius</strong></span> <span class='ocrx_word' id='word_1_171' title='bbox 2796 1029 3032 1086; x_wconf 88' lang='lat' dir='ltr'><strong>solveret</strong></span> <span class='ocrx_word' id='word_1_172' title='bbox 3052 1034 3288 1098; x_wconf 78' lang='lat' dir='ltr'>calceos,</span> <span class='ocrx_word' id='word_1_173' title='bbox 3311 1035 3440 1090; x_wconf 85' lang='lat' dir='ltr'><strong>bea-</strong></span> 
     </span>
    </p>
   </div>
   <div class='ocr_carea' id='block_1_24' title="bbox 1862 1123 3439 1198">
    <p class='ocr_par' dir='ltr' id='par_1_24' title="bbox 1862 1123 3439 1198">
     <span class='ocr_line' id='line_1_24' title="bbox 1862 1123 3439 1198; baseline 0.003 -20"><span class='ocrx_word' id='word_1_174' title='bbox 1862 1133 1945 1178; x_wconf 89' lang='lat' dir='ltr'><strong>tus</strong></span> <span class='ocrx_word' id='word_1_175' title='bbox 1973 1123 2261 1178; x_wconf 87' lang='lat' dir='ltr'><strong>Abramius</strong></span> <span class='ocrx_word' id='word_1_176' title='bbox 2293 1137 2396 1177; x_wconf 91' lang='lat' dir='ltr'>non</span> <span class='ocrx_word' id='word_1_177' title='bbox 2419 1124 2696 1179; x_wconf 74' lang='lat' dir='ltr'>sustinuit.</span> <span class='ocrx_word' id='word_1_178' title='bbox 2727 1123 2965 1180; x_wconf 85' lang='lat' dir='ltr'>Tandem</span> <span class='ocrx_word' id='word_1_179' title='bbox 2987 1140 3117 1196; x_wconf 82' lang='lat' dir='ltr'><strong>ergo</strong></span> <span class='ocrx_word' id='word_1_180' title='bbox 3149 1141 3439 1198; x_wconf 86' lang='lat' dir='ltr'><strong>persuasa,</strong></span> 
     </span>
    </p>
   </div>
   <div class='ocr_carea' id='block_1_25' title="bbox 1861 1217 3442 1285">
    <p class='ocr_par' dir='ltr' id='par_1_25' title="bbox 1861 1217 3442 1285">
     <span class='ocr_line' id='line_1_25' title="bbox 1861 1217 3442 1285; baseline 0.004 -12"><span class='ocrx_word' id='word_1_181' title='bbox 1861 1233 1985 1273; x_wconf 92' lang='lat' dir='ltr'>cum</span> <span class='ocrx_word' id='word_1_182' title='bbox 2012 1219 2208 1273; x_wconf 89' lang='lat' dir='ltr'><strong>ostium</strong></span> <span class='ocrx_word' id='word_1_183' title='bbox 2245 1227 2359 1273; x_wconf 90' lang='lat' dir='ltr'><strong>tuto</strong></span> <span class='ocrx_word' id='word_1_184' title='bbox 2409 1217 2716 1285; x_wconf 73' lang='lat' dir='ltr'><strong>clausisset,</strong></span> <span class='ocrx_word' id='word_1_185' title='bbox 2774 1222 2838 1274; x_wconf 89' lang='lat' dir='ltr'>ad</span> <span class='ocrx_word' id='word_1_186' title='bbox 2885 1231 3130 1276; x_wconf 87' lang='lat' dir='ltr'><strong>sanctum</strong></span> <span class='ocrx_word' id='word_1_187' title='bbox 3183 1225 3442 1279; x_wconf 87' lang='lat' dir='ltr'><strong>accessit.</strong></span> 
     </span>
    </p>
   </div>
   <div class='ocr_carea' id='block_1_26' title="bbox 1859 1311 3445 1385">
    <p class='ocr_par' dir='ltr' id='par_1_26' title="bbox 1859 1311 3445 1385">
     <span class='ocr_line' id='line_1_26' title="bbox 1859 1311 3445 1385; baseline 0.003 -19"><span class='ocrx_word' id='word_1_188' title='bbox 1859 1311 2152 1383; x_wconf 74' lang='lat' dir='ltr'><strong>PostQuam</strong></span> <span class='ocrx_word' id='word_1_189' title='bbox 2187 1327 2317 1368; x_wconf 87' lang='lat' dir='ltr'><strong>vero</strong></span> <span class='ocrx_word' id='word_1_190' title='bbox 2347 1327 2464 1368; x_wconf 87' lang='lat' dir='ltr'><strong>eam</strong></span> <span class='ocrx_word' id='word_1_191' title='bbox 2500 1330 2594 1384; x_wconf 91' lang='lat' dir='ltr'><strong>per</strong></span> <span class='ocrx_word' id='word_1_192' title='bbox 2623 1330 2840 1369; x_wconf 87' lang='lat' dir='ltr'><strong>manum</strong></span> <span class='ocrx_word' id='word_1_193' title='bbox 2881 1317 3024 1385; x_wconf 93' lang='lat' dir='ltr'><strong>cepit</strong></span> <span class='ocrx_word' id='word_1_194' title='bbox 3063 1317 3352 1372; x_wconf 80' lang='lat' dir='ltr'><strong>Abramius</strong></span> <span class='ocrx_word' id='word_1_195' title='bbox 3389 1325 3445 1372; x_wconf 93' lang='lat' dir='ltr'><strong>et</strong></span> 
     </span>
    </p>
   </div>
   <div class='ocr_carea' id='block_1_27' title="bbox 1858 1403 3442 1479">
    <p class='ocr_par' dir='ltr' id='par_1_27' title="bbox 1858 1403 3442 1479">
     <span class='ocr_line' id='line_1_27' title="bbox 1858 1403 3442 1479; baseline 0.003 -23"><span class='ocrx_word' id='word_1_196' title='bbox 1858 1403 1993 1456; x_wconf 86' lang='lat' dir='ltr'><strong>vidit</strong></span> <span class='ocrx_word' id='word_1_197' title='bbox 2015 1418 2133 1457; x_wconf 87' lang='lat' dir='ltr'><strong>eam</strong></span> <span class='ocrx_word' id='word_1_198' title='bbox 2157 1420 2264 1458; x_wconf 84' lang='lat' dir='ltr'>non</span> <span class='ocrx_word' id='word_1_199' title='bbox 2295 1419 2453 1473; x_wconf 90' lang='lat' dir='ltr'><strong>posse</strong></span> <span class='ocrx_word' id='word_1_200' title='bbox 2470 1405 2700 1474; x_wconf 87' lang='lat' dir='ltr'><strong>amplius</strong></span> <span class='ocrx_word' id='word_1_201' title='bbox 2724 1405 2979 1476; x_wconf 72' lang='lat' dir='ltr'><strong>effugere,</strong></span> <span class='ocrx_word' id='word_1_202' title='bbox 2999 1417 3046 1463; x_wconf 90' lang='lat' dir='ltr'><strong>et</strong></span> <span class='ocrx_word' id='word_1_203' title='bbox 3069 1407 3180 1477; x_wconf 87' lang='lat' dir='ltr'>jam</span> <span class='ocrx_word' id='word_1_204' title='bbox 3207 1411 3442 1479; x_wconf 61' lang='lat' dir='ltr'><strong>pradam</strong></span> 
     </span>
    </p>
   </div>
   <div class='ocr_carea' id='block_1_28' title="bbox 1856 1495 3442 1570">
    <p class='ocr_par' dir='ltr' id='par_1_28' title="bbox 1856 1495 3442 1570">
     <span class='ocr_line' id='line_1_28' title="bbox 1856 1495 3442 1570; baseline 0.004 -20"><span class='ocrx_word' id='word_1_205' title='bbox 1856 1507 1977 1550; x_wconf 84' lang='lat' dir='ltr'><strong>esse</strong></span> <span class='ocrx_word' id='word_1_206' title='bbox 2005 1495 2207 1549; x_wconf 76' lang='lat' dir='ltr'><strong>retibus</strong></span> <span class='ocrx_word' id='word_1_207' title='bbox 2241 1497 2536 1564; x_wconf 73' lang='lat' dir='ltr'><strong>irretitum,</strong></span> <span class='ocrx_word' id='word_1_208' title='bbox 2573 1507 2700 1553; x_wconf 91' lang='lat' dir='ltr'><strong>tunc</strong></span> <span class='ocrx_word' id='word_1_209' title='bbox 2733 1501 2990 1554; x_wconf 81' lang='lat' dir='ltr'><strong>amatoris</strong></span> <span class='ocrx_word' id='word_1_210' title='bbox 3027 1515 3313 1570; x_wconf 85' lang='lat' dir='ltr'><strong>personam</strong></span> <span class='ocrx_word' id='word_1_211' title='bbox 3347 1502 3442 1556; x_wconf 83' lang='lat' dir='ltr'>de-</span> 
     </span>
    </p>
   </div>
   <div class='ocr_carea' id='block_1_29' title="bbox 1859 1587 3443 1657">
    <p class='ocr_par' dir='ltr' id='par_1_29' title="bbox 1859 1587 3443 1657">
     <span class='ocr_line' id='line_1_29' title="bbox 1859 1587 3443 1657; baseline 0.007 -19"><span class='ocrx_word' id='word_1_212' title='bbox 1859 1600 2090 1655; x_wconf 87' lang='lat' dir='ltr'><strong>ponens,</strong></span> <span class='ocrx_word' id='word_1_213' title='bbox 2119 1595 2173 1640; x_wconf 91' lang='lat' dir='ltr'>et</span> <span class='ocrx_word' id='word_1_214' title='bbox 2221 1587 2484 1657; x_wconf 88' lang='lat' dir='ltr'><strong>abjiciens</strong></span> <span class='ocrx_word' id='word_1_215' title='bbox 2533 1605 2750 1646; x_wconf 90' lang='lat' dir='ltr'><strong>omnem</strong></span> <span class='ocrx_word' id='word_1_216' title='bbox 2789 1606 3009 1647; x_wconf 82' lang='lat' dir='ltr'><strong>scenam</strong></span> <span class='ocrx_word' id='word_1_217' title='bbox 3049 1603 3102 1648; x_wconf 91' lang='lat' dir='ltr'><strong>et</strong></span> <span class='ocrx_word' id='word_1_218' title='bbox 3135 1594 3443 1650; x_wconf 88' lang='lat' dir='ltr'><strong>simulatio-</strong></span> 
     </span>
    </p>
   </div>
   <div class='ocr_carea' id='block_1_30' title="bbox 1861 1681 3439 1758">
    <p class='ocr_par' dir='ltr' id='par_1_30' title="bbox 1861 1681 3439 1758">
     <span class='ocr_line' id='line_1_30' title="bbox 1861 1681 3439 1758; baseline 0.006 -24"><span class='ocrx_word' id='word_1_219' title='bbox 1861 1696 2006 1744; x_wconf 89' lang='lat' dir='ltr'><strong>nem,</strong></span> <span class='ocrx_word' id='word_1_220' title='bbox 2059 1681 2149 1750; x_wconf 80' lang='lat' dir='ltr'><strong>qiii</strong></span> <span class='ocrx_word' id='word_1_221' title='bbox 2209 1683 2536 1740; x_wconf 81' lang='lat' dir='ltr'><strong>intrinsecus</strong></span> <span class='ocrx_word' id='word_1_222' title='bbox 2585 1684 2808 1752; x_wconf 80' lang='lat' dir='ltr'><strong>latebat,</strong></span> <span class='ocrx_word' id='word_1_223' title='bbox 2864 1688 3037 1758; x_wconf 90' lang='lat' dir='ltr'><strong>aperit</strong></span> <span class='ocrx_word' id='word_1_224' title='bbox 3067 1687 3439 1744; x_wconf 79' lang='lat' dir='ltr'><strong>Abramium:</strong></span> 
     </span>
    </p>
   </div>
   <div class='ocr_carea' id='block_1_31' title="bbox 1861 1772 3445 1853">
    <p class='ocr_par' dir='ltr' id='par_1_31' title="bbox 1861 1772 3445 1853">
     <span class='ocr_line' id='line_1_31' title="bbox 1861 1772 3445 1853; baseline 0.008 -27"><span class='ocrx_word' id='word_1_225' title='bbox 1861 1782 1914 1827; x_wconf 94' lang='lat' dir='ltr'><strong>et</strong></span> <span class='ocrx_word' id='word_1_226' title='bbox 1943 1772 2122 1828; x_wconf 87' lang='lat' dir='ltr'><strong>ablato</strong></span> <span class='ocrx_word' id='word_1_227' title='bbox 2157 1775 2317 1844; x_wconf 89' lang='lat' dir='ltr'><strong>pileo,</strong></span> <span class='ocrx_word' id='word_1_228' title='bbox 2347 1791 2507 1846; x_wconf 89' lang='lat' dir='ltr'><strong>quem</strong></span> <span class='ocrx_word' id='word_1_229' title='bbox 2531 1777 2764 1832; x_wconf 82' lang='lat' dir='ltr'>habebat</span> <span class='ocrx_word' id='word_1_230' title='bbox 2810 1779 2860 1832; x_wconf 89' lang='lat' dir='ltr'>in</span> <span class='ocrx_word' id='word_1_231' title='bbox 2895 1781 3095 1848; x_wconf 82' lang='lat' dir='ltr'><strong>capite,</strong></span> <span class='ocrx_word' id='word_1_232' title='bbox 3123 1792 3177 1836; x_wconf 90' lang='lat' dir='ltr'><strong>et</strong></span> <span class='ocrx_word' id='word_1_233' title='bbox 3204 1785 3445 1853; x_wconf 74' lang='lat' dir='ltr'><strong>graviter</strong></span> 
     </span>
    </p>
   </div>
   <div class='ocr_carea' id='block_1_32' title="bbox 163 1863 1758 1947">
    <p class='ocr_par' dir='ltr' id='par_1_32' title="bbox 163 1872 1753 1947">
     <span class='ocr_line' id='line_1_32' title="bbox 163 1872 1753 1947; baseline 0.003 -22"><span class='ocrx_word' id='word_1_234' title='bbox 163 1872 381 1942; x_wconf 58' lang='grc' dir='ltr'>κεςραλῇ</span> <span class='ocrx_word' id='word_1_235' title='bbox 441 1877 538 1944; x_wconf 83' lang='grc' dir='ltr'>τῆς</span> <span class='ocrx_word' id='word_1_236' title='bbox 576 1875 805 1944; x_wconf 60' lang='grc' dir='ltr'>ἀνεψιᾶς</span> <span class='ocrx_word' id='word_1_237' title='bbox 840 1875 1047 1944; x_wconf 84' lang='grc' dir='ltr'>κόσμον</span> <span class='ocrx_word' id='word_1_238' title='bbox 1089 1874 1359 1945; x_wconf 73' lang='grc' dir='ltr'>περιελὼν</span> <span class='ocrx_word' id='word_1_239' title='bbox 1399 1877 1492 1929; x_wconf 86' lang='grc' dir='ltr'>καί</span> <span class='ocrx_word' id='word_1_240' title='bbox 1528 1877 1753 1947; x_wconf 76' lang='grc' dir='ltr'>τι.βαρὺ</span> 
     </span>
    </p>
   </div>
   <div class='ocr_carea' id='block_1_33' title="bbox 1864 1863 3446 1947">
    <p class='ocr_par' dir='ltr' id='par_1_33' title="bbox 1864 1867 3446 1946">
     <span class='ocr_line' id='line_1_33' title="bbox 1864 1867 3446 1946; baseline 0.009 -28"><span class='ocrx_word' id='word_1_241' title='bbox 1864 1867 2181 1936; x_wconf 83' lang='lat' dir='ltr'><strong>suSpirans:</strong></span> <span class='ocrx_word' id='word_1_242' title='bbox 2219 1869 2324 1922; x_wconf 86' lang='lat' dir='ltr'>Cor</span> <span class='ocrx_word' id='word_1_243' title='bbox 2372 1883 2573 1935; x_wconf 91' lang='lat' dir='ltr'><strong>meum,</strong></span> <span class='ocrx_word' id='word_1_244' title='bbox 2620 1871 2816 1942; x_wconf 87' lang='lat' dir='ltr'><strong>inquit,</strong></span> <span class='ocrx_word' id='word_1_245' title='bbox 2854 1871 3044 1940; x_wconf 82' lang='lat' dir='ltr'><strong>Maria,</strong></span> <span class='ocrx_word' id='word_1_246' title='bbox 3081 1878 3263 1931; x_wconf 87' lang='lat' dir='ltr'><strong>nescis</strong></span> <span class='ocrx_word' id='word_1_247' title='bbox 3295 1877 3446 1946; x_wconf 59' lang='lat' dir='ltr'><strong>quis-</strong></span> 
     </span>
    </p>
   </div>
   <div class='ocr_carea' id='block_1_34' title="bbox 164 1965 1753 2038">
    <p class='ocr_par' dir='ltr' id='par_1_34' title="bbox 164 1965 1753 2038">
     <span class='ocr_line' id='line_1_34' title="bbox 164 1965 1753 2038; baseline 0.003 -22"><span class='ocrx_word' id='word_1_248' title='bbox 164 1968 261 2017; x_wconf 69' lang='grc' dir='ltr'>καὶ</span> <span class='ocrx_word' id='word_1_249' title='bbox 295 1967 602 2034; x_wconf 74' lang='grc' dir='ltr'>περιπαθὲς</span> <span class='ocrx_word' id='word_1_250' title='bbox 631 1965 944 2034; x_wconf 78' lang='grc' dir='ltr'>ἀνοιμώξας</span> <span class='ocrx_word' id='word_1_251' title='bbox 966 1981 978 1994; x_wconf 75' lang='grc'><em>³</em></span> <span class='ocrx_word' id='word_1_252' title='bbox 1006 1966 1326 2034; x_wconf 75' lang='grc' dir='ltr'>Σπλάγχνον</span> <span class='ocrx_word' id='word_1_253' title='bbox 1378 1985 1507 2036; x_wconf 86' lang='grc' dir='ltr'>μου,</span> <span class='ocrx_word' id='word_1_254' title='bbox 1542 1969 1753 2038; x_wconf 84' lang='grc' dir='ltr'>Μαρία,</span> 
     </span>
    </p>
   </div>
   <div class='ocr_carea' id='block_1_35' title="bbox 165 2051 1756 2123">
    <p class='ocr_par' dir='ltr' id='par_1_35' title="bbox 165 2051 1756 2123">
     <span class='ocr_line' id='line_1_35' title="bbox 165 2051 1756 2123; baseline 0.003 -17"><span class='ocrx_word' id='word_1_255' title='bbox 165 2057 325 2122; x_wconf 63' lang='grc' dir='ltr'>φησι,</span> <span class='ocrx_word' id='word_1_256' title='bbox 389 2056 490 2106; x_wconf 71' lang='grc' dir='ltr'>οὐκ</span> <span class='ocrx_word' id='word_1_257' title='bbox 545 2051 687 2115; x_wconf 75' lang='grc' dir='ltr'>οἶδας</span> <span class='ocrx_word' id='word_1_258' title='bbox 723 2057 871 2117; x_wconf 81' lang='grc' dir='ltr'>ὅστις</span> <span class='ocrx_word' id='word_1_259' title='bbox 902 2055 1048 2121; x_wconf 58' lang='lat' dir='ltr'>tm;</span> <span class='ocrx_word' id='word_1_260' title='bbox 1104 2057 1204 2108; x_wconf 79' lang='grc' dir='ltr'>οὐκ</span> <span class='ocrx_word' id='word_1_261' title='bbox 1246 2058 1640 2123; x_wconf 75' lang='grc' dir='ltr'>ἐπιγινώσκεις</span> <span class='ocrx_word' id='word_1_262' title='bbox 1667 2060 1756 2111; x_wconf 66' lang='grc' dir='ltr'>τὸν</span> 
     </span>
    </p>
   </div>
   <div class='ocr_carea' id='block_1_36' title="bbox 165 2146 1757 2218">
    <p class='ocr_par' dir='ltr' id='par_1_36' title="bbox 165 2146 1757 2218">
     <span class='ocr_line' id='line_1_36' title="bbox 165 2146 1757 2218; baseline 0.004 -20"><span class='ocrx_word' id='word_1_263' title='bbox 165 2146 449 2214; x_wconf 71' lang='grc' dir='ltr'>συγγενῆ;</span> <span class='ocrx_word' id='word_1_264' title='bbox 491 2148 555 2199; x_wconf 88' lang='grc' dir='ltr'>Τί</span> <span class='ocrx_word' id='word_1_265' title='bbox 589 2163 669 2199; x_wconf 90' lang='grc' dir='ltr'>σοι</span> <span class='ocrx_word' id='word_1_266' title='bbox 706 2147 836 2216; x_wconf 78' lang='grc' dir='ltr'>ἄρα,</span> <span class='ocrx_word' id='word_1_267' title='bbox 869 2147 1016 2218; x_wconf 70' lang='grc' dir='ltr'>ψυχὴ</span> <span class='ocrx_word' id='word_1_268' title='bbox 1047 2147 1179 2218; x_wconf 77' lang='grc' dir='ltr'>ἐμὴ,</span> <span class='ocrx_word' id='word_1_269' title='bbox 1201 2148 1260 2200; x_wconf 75' lang='grc' dir='ltr'>τὸ</span> <span class='ocrx_word' id='word_1_270' title='bbox 1310 2149 1526 2216; x_wconf 75' lang='grc' dir='ltr'>συμϐάν</span> <span class='ocrx_word' id='word_1_271' title='bbox 1552 2167 1564 2214; x_wconf 92' lang='lat'>;</span> <span class='ocrx_word' id='word_1_272' title='bbox 1595 2150 1675 2213; x_wconf 88' lang='grc' dir='ltr'>τίς</span> <span class='ocrx_word' id='word_1_273' title='bbox 1729 2151 1757 2204; x_wconf 82' lang='grc' dir='ltr'><strong>ὁ</strong></span> 
     </span>
    </p>
   </div>
   <div class='ocr_carea' id='block_1_37' title="bbox 165 2236 1759 2310">
    <p class='ocr_par' dir='ltr' id='par_1_37' title="bbox 165 2236 1759 2310">
     <span class='ocr_line' id='line_1_37' title="bbox 165 2236 1759 2310; baseline 0.005 -23"><span class='ocrx_word' id='word_1_274' title='bbox 165 2236 308 2306; x_wconf 73' lang='grc' dir='ltr'>πρὸς</span> <span class='ocrx_word' id='word_1_275' title='bbox 339 2237 622 2291; x_wconf 85' lang='grc' dir='ltr'>ἀπώλειαν</span> <span class='ocrx_word' id='word_1_276' title='bbox 659 2238 948 2308; x_wconf 82' lang='grc' dir='ltr'>ύποσύρας</span> <span class='ocrx_word' id='word_1_277' title='bbox 979 2255 1038 2291; x_wconf 91' lang='grc' dir='ltr'>σε</span> <span class='ocrx_word' id='word_1_278' title='bbox 1064 2255 1076 2304; x_wconf 90' lang='grc'><strong>;</strong></span> <span class='ocrx_word' id='word_1_279' title='bbox 1115 2241 1222 2292; x_wconf 83' lang='grc' dir='ltr'>ποῦ</span> <span class='ocrx_word' id='word_1_280' title='bbox 1251 2242 1344 2292; x_wconf 79' lang='grc' dir='ltr'>νῦν</span> <span class='ocrx_word' id='word_1_281' title='bbox 1371 2242 1432 2293; x_wconf 85' lang='grc' dir='ltr'>τὸ</span> <span class='ocrx_word' id='word_1_282' title='bbox 1467 2242 1759 2310; x_wconf 66' lang='grc' dir='ltr'>ἀγγελικον</span> 
     </span>
    </p>
   </div>
   <div class='ocr_carea' id='block_1_38' title="bbox 165 2330 1761 2405">
    <p class='ocr_par' dir='ltr' id='par_1_38' title="bbox 165 2330 1761 2405">
     <span class='ocr_line' id='line_1_38' title="bbox 165 2330 1761 2405; baseline 0.006 -25"><span class='ocrx_word' id='word_1_283' title='bbox 165 2330 349 2382; x_wconf 73' lang='grc' dir='ltr'>ἐκεῖνο</span> <span class='ocrx_word' id='word_1_284' title='bbox 384 2331 572 2400; x_wconf 77' lang='grc' dir='ltr'>σχῆμα</span> <span class='ocrx_word' id='word_1_285' title='bbox 622 2333 721 2397; x_wconf 75' lang='grc' dir='ltr'>τῆς</span> <span class='ocrx_word' id='word_1_286' title='bbox 757 2331 1080 2400; x_wconf 77' lang='grc' dir='ltr'>παρθενίας,</span> <span class='ocrx_word' id='word_1_287' title='bbox 1139 2333 1242 2385; x_wconf 89' lang='grc' dir='ltr'>ποῦ</span> <span class='ocrx_word' id='word_1_288' title='bbox 1278 2336 1303 2386; x_wconf 85' lang='grc' dir='ltr'>ὁ</span> <span class='ocrx_word' id='word_1_289' title='bbox 1339 2334 1761 2405; x_wconf 75' lang='grc' dir='ltr'>ἐσταυρωμένος</span> 
     </span>
    </p>
   </div>
   <div class='ocr_carea' id='block_1_39' title="bbox 169 2422 1759 2493">
    <p class='ocr_par' dir='ltr' id='par_1_39' title="bbox 169 2422 1759 2493">
     <span class='ocr_line' id='line_1_39' title="bbox 169 2422 1759 2493; baseline 0.003 -20"><span class='ocrx_word' id='word_1_290' title='bbox 169 2422 326 2490; x_wconf 57' lang='lat' dir='ltr'>pm;</span> <span class='ocrx_word' id='word_1_291' title='bbox 383 2424 487 2474; x_wconf 84' lang='grc' dir='ltr'>ποῦ</span> <span class='ocrx_word' id='word_1_292' title='bbox 529 2424 588 2475; x_wconf 73' lang='grc' dir='ltr'>τὸ</span> <span class='ocrx_word' id='word_1_293' title='bbox 625 2426 722 2493; x_wconf 78' lang='grc' dir='ltr'>τῆς</span> <span class='ocrx_word' id='word_1_294' title='bbox 760 2423 1109 2486; x_wconf 69' lang='grc' dir='ltr'>κατανύξεως</span> <span class='ocrx_word' id='word_1_295' title='bbox 1161 2426 1437 2492; x_wconf 80' lang='grc' dir='ltr'>δάκρυον;</span> <span class='ocrx_word' id='word_1_296' title='bbox 1477 2428 1596 2488; x_wconf 85' lang='grc' dir='ltr'>πῶς</span> <span class='ocrx_word' id='word_1_297' title='bbox 1650 2429 1759 2480; x_wconf 85' lang='grc' dir='ltr'>ἀπὸ</span> 
     </span>
    </p>
   </div>
   <div class='ocr_carea' id='block_1_40' title="bbox 164 2515 1758 2587">
    <p class='ocr_par' dir='ltr' id='par_1_40' title="bbox 164 2515 1758 2587">
     <span class='ocr_line' id='line_1_40' title="bbox 164 2515 1758 2587; baseline 0.004 -23"><span class='ocrx_word' id='word_1_298' title='bbox 164 2515 430 2566; x_wconf 79' lang='grc' dir='ltr'>τοσούτου</span> <span class='ocrx_word' id='word_1_299' title='bbox 482 2515 588 2566; x_wconf 86' lang='grc' dir='ltr'>τῶν</span> <span class='ocrx_word' id='word_1_300' title='bbox 651 2516 861 2583; x_wconf 79' lang='grc' dir='ltr'>ἀρετῶν</span> <span class='ocrx_word' id='word_1_301' title='bbox 919 2515 1088 2581; x_wconf 64' lang='grc' dir='ltr'>ὕψους</span> <span class='ocrx_word' id='word_1_302' title='bbox 1144 2515 1490 2584; x_wconf 66' lang='grc' dir='ltr'>εξςέσχατον</span> <span class='ocrx_word' id='word_1_303' title='bbox 1541 2518 1758 2587; x_wconf 81' lang='grc' dir='ltr'>ἀπάτης</span> 
     </span>
    </p>
   </div>
   <div class='ocr_carea' id='block_1_41' title="bbox 168 2602 1759 2676">
    <p class='ocr_par' dir='ltr' id='par_1_41' title="bbox 168 2602 1759 2676">
     <span class='ocr_line' id='line_1_41' title="bbox 168 2602 1759 2676; baseline 0.005 -23"><span class='ocrx_word' id='word_1_304' title='bbox 168 2603 448 2671; x_wconf 65' lang='grc' dir='ltr'>βάραθρον</span> <span class='ocrx_word' id='word_1_305' title='bbox 480 2603 823 2672; x_wconf 79' lang='grc' dir='ltr'>κατηνέχθης</span> <span class='ocrx_word' id='word_1_306' title='bbox 851 2620 865 2668; x_wconf 89' lang='grc'><strong>;</strong></span> <span class='ocrx_word' id='word_1_307' title='bbox 895 2602 1036 2656; x_wconf 89' lang='grc' dir='ltr'>διατί</span> <span class='ocrx_word' id='word_1_308' title='bbox 1068 2604 1142 2673; x_wconf 83' lang='grc' dir='ltr'>μή</span> <span class='ocrx_word' id='word_1_309' title='bbox 1178 2621 1267 2674; x_wconf 85' lang='grc' dir='ltr'>μοι</span> <span class='ocrx_word' id='word_1_310' title='bbox 1301 2607 1399 2675; x_wconf 75' lang='grc' dir='ltr'>τὴν</span> <span class='ocrx_word' id='word_1_311' title='bbox 1444 2607 1759 2676; x_wconf 69' lang='grc' dir='ltr'>ἀκήρυκτον</span> 
     </span>
    </p>
   </div>
   <div class='ocr_carea' id='block_1_42' title="bbox 168 2695 1761 2772">
    <p class='ocr_par' dir='ltr' id='par_1_42' title="bbox 168 2695 1761 2772">
     <span class='ocr_line' id='line_1_42' title="bbox 168 2695 1761 2772; baseline 0.006 -27"><span class='ocrx_word' id='word_1_312' title='bbox 168 2697 392 2763; x_wconf 83' lang='grc' dir='ltr'>ἐκείνην</span> <span class='ocrx_word' id='word_1_313' title='bbox 439 2695 533 2746; x_wconf 84' lang='grc' dir='ltr'>τοῦ</span> <span class='ocrx_word' id='word_1_314' title='bbox 581 2696 777 2769; x_wconf 79' lang='grc' dir='ltr'>ἐχθροῦ</span> <span class='ocrx_word' id='word_1_315' title='bbox 816 2697 994 2766; x_wconf 76' lang='grc' dir='ltr'>μάχην</span> <span class='ocrx_word' id='word_1_316' title='bbox 1027 2697 1366 2769; x_wconf 71' lang='grc' dir='ltr'>ἐγνώρισις;</span> <span class='ocrx_word' id='word_1_317' title='bbox 1406 2702 1559 2754; x_wconf 82' lang='grc' dir='ltr'>Διατί</span> <span class='ocrx_word' id='word_1_318' title='bbox 1592 2702 1666 2772; x_wconf 79' lang='grc' dir='ltr'>μὴ</span> <span class='ocrx_word' id='word_1_319' title='bbox 1701 2701 1761 2754; x_wconf 76' lang='grc' dir='ltr'>τὺ</span> 
     </span>
    </p>
   </div>
   <div class='ocr_carea' id='block_1_43' title="bbox 169 2787 1759 2863">
    <p class='ocr_par' dir='ltr' id='par_1_43' title="bbox 169 2787 1759 2863">
     <span class='ocr_line' id='line_1_43' title="bbox 169 2787 1759 2863; baseline 0.004 -24"><span class='ocrx_word' id='word_1_320' title='bbox 169 2787 412 2857; x_wconf 68' lang='grc' dir='ltr'>χαλεπὸν</span> <span class='ocrx_word' id='word_1_321' title='bbox 469 2790 647 2842; x_wconf 76' lang='grc' dir='ltr'>ἐκεῖνο</span> <span class='ocrx_word' id='word_1_322' title='bbox 684 2789 884 2860; x_wconf 84' lang='grc' dir='ltr'>πτῶμα</span> <span class='ocrx_word' id='word_1_323' title='bbox 925 2791 1079 2860; x_wconf 79' lang='grc' dir='ltr'>παρά</span> <span class='ocrx_word' id='word_1_324' title='bbox 1114 2792 1279 2853; x_wconf 82' lang='grc' dir='ltr'>πόδας</span> <span class='ocrx_word' id='word_1_325' title='bbox 1310 2793 1472 2853; x_wconf 68' lang='grc' dir='ltr'>εὐθὺς</span> <span class='ocrx_word' id='word_1_326' title='bbox 1527 2794 1759 2863; x_wconf 70' lang='grc' dir='ltr'>ἐθριάμ-</span> 
     </span>
    </p>
   </div>
   <div class='ocr_carea' id='block_1_44' title="bbox 168 2881 1760 2954">
    <p class='ocr_par' dir='ltr' id='par_1_44' title="bbox 168 2881 1760 2954">
     <span class='ocr_line' id='line_1_44' title="bbox 168 2881 1760 2954; baseline 0.002 -22"><span class='ocrx_word' id='word_1_327' title='bbox 168 2881 414 2948; x_wconf 55' lang='lat' dir='ltr'><strong>Gustu;</strong></span> <span class='ocrx_word' id='word_1_328' title='bbox 460 2884 678 2946; x_wconf 79' lang='grc' dir='ltr'>πάντως</span> <span class='ocrx_word' id='word_1_329' title='bbox 731 2883 796 2936; x_wconf 84' lang='grc' dir='ltr'>ἂν</span> <span class='ocrx_word' id='word_1_330' title='bbox 827 2883 938 2951; x_wconf 76' lang='grc' dir='ltr'>ἐγώ</span> <span class='ocrx_word' id='word_1_331' title='bbox 974 2901 1055 2936; x_wconf 89' lang='grc' dir='ltr'>σοι</span> <span class='ocrx_word' id='word_1_332' title='bbox 1108 2884 1200 2936; x_wconf 75' lang='grc' dir='ltr'>καὶ</span> <span class='ocrx_word' id='word_1_333' title='bbox 1261 2886 1287 2936; x_wconf 83' lang='grc' dir='ltr'>ὁ</span> <span class='ocrx_word' id='word_1_334' title='bbox 1322 2884 1472 2952; x_wconf 70' lang='grc' dir='ltr'>φίλος</span> <span class='ocrx_word' id='word_1_335' title='bbox 1521 2884 1760 2954; x_wconf 62' lang='grc' dir='ltr'>Ἐφραὶμ</span> 
     </span>
    </p>
   </div>
   <div class='ocr_carea' id='block_1_45' title="bbox 167 2973 1758 3046">
    <p class='ocr_par' dir='ltr' id='par_1_45' title="bbox 167 2973 1758 3046">
     <span class='ocr_line' id='line_1_45' title="bbox 167 2973 1758 3046; baseline 0.003 -21"><span class='ocrx_word' id='word_1_336' title='bbox 167 2973 405 3044; x_wconf 75' lang='grc' dir='ltr'>δάκρυσι</span> <span class='ocrx_word' id='word_1_337' title='bbox 432 2977 523 3026; x_wconf 78' lang='grc' dir='ltr'>καὶ</span> <span class='ocrx_word' id='word_1_338' title='bbox 554 2975 770 3042; x_wconf 71' lang='grc' dir='ltr'>δεήσεσι</span> <span class='ocrx_word' id='word_1_339' title='bbox 812 2976 879 3026; x_wconf 78' lang='grc' dir='ltr'>τὰ</span> <span class='ocrx_word' id='word_1_340' title='bbox 913 2977 1048 3042; x_wconf 78' lang='grc' dir='ltr'>πρὸς</span> <span class='ocrx_word' id='word_1_341' title='bbox 1078 2975 1169 3027; x_wconf 83' lang='grc' dir='ltr'>τὸν</span> <span class='ocrx_word' id='word_1_342' title='bbox 1216 2976 1349 3029; x_wconf 66' lang='grc' dir='ltr'>Θεὸν</span> <span class='ocrx_word' id='word_1_343' title='bbox 1405 2977 1758 3046; x_wconf 78' lang='grc' dir='ltr'>διεπρεσόευ·</span> 
     </span>
    </p>
   </div>
   <div class='ocr_carea' id='block_1_46' title="bbox 170 3065 1762 3137">
    <p class='ocr_par' dir='ltr' id='par_1_46' title="bbox 170 3065 1762 3137">
     <span class='ocr_line' id='line_1_46' title="bbox 170 3065 1762 3137; baseline 0.004 -22"><span class='ocrx_word' id='word_1_344' title='bbox 170 3067 422 3133; x_wconf 68' lang='grc' dir='ltr'>σάμεθα·</span> <span class='ocrx_word' id='word_1_345' title='bbox 454 3067 592 3118; x_wconf 82' lang='grc' dir='ltr'>ίνατί</span> <span class='ocrx_word' id='word_1_346' title='bbox 621 3065 876 3117; x_wconf 82' lang='grc' dir='ltr'>τοσοῦτον</span> <span class='ocrx_word' id='word_1_347' title='bbox 913 3066 1240 3136; x_wconf 77' lang='grc' dir='ltr'>ἑμάκρννας</span> <span class='ocrx_word' id='word_1_348' title='bbox 1281 3067 1375 3134; x_wconf 77' lang='grc' dir='ltr'>ἀφ’</span> <span class='ocrx_word' id='word_1_349' title='bbox 1428 3069 1621 3137; x_wconf 75' lang='grc' dir='ltr'>ἡμῶνς</span> <span class='ocrx_word' id='word_1_350' title='bbox 1671 3069 1762 3121; x_wconf 77' lang='grc' dir='ltr'>καὶ</span> 
     </span>
    </p>
   </div>
   <div class='ocr_carea' id='block_1_47' title="bbox 171 3159 1759 3230">
    <p class='ocr_par' dir='ltr' id='par_1_47' title="bbox 171 3159 1759 3230">
     <span class='ocr_line' id='line_1_47' title="bbox 171 3159 1759 3230; baseline -0.001 -18"><span class='ocrx_word' id='word_1_351' title='bbox 171 3161 321 3212; x_wconf 77' lang='grc' dir='ltr'>ἱνατί</span> <span class='ocrx_word' id='word_1_352' title='bbox 347 3160 654 3230; x_wconf 73' lang='grc' dir='ltr'>ἐπελήσοην</span> <span class='ocrx_word' id='word_1_353' title='bbox 686 3160 792 3211; x_wconf 72' lang='grc' dir='ltr'>ἀπὸ</span> <span class='ocrx_word' id='word_1_354' title='bbox 834 3159 950 3223; x_wconf 83' lang='grc' dir='ltr'>σοῦ,</span> <span class='ocrx_word' id='word_1_355' title='bbox 997 3160 1069 3220; x_wconf 83' lang='grc' dir='ltr'>ὡς</span> <span class='ocrx_word' id='word_1_356' title='bbox 1106 3160 1213 3212; x_wconf 80' lang='grc' dir='ltr'>ἀπὸ</span> <span class='ocrx_word' id='word_1_357' title='bbox 1256 3159 1480 3228; x_wconf 77' lang='grc' dir='ltr'>καρδίας</span> <span class='ocrx_word' id='word_1_358' title='bbox 1532 3160 1759 3228; x_wconf 83' lang='grc' dir='ltr'>νεκρός;</span> 
     </span>
    </p>
   </div>
   <div class='ocr_carea' id='block_1_48' title="bbox 169 3252 1761 3322">
    <p class='ocr_par' dir='ltr' id='par_1_48' title="bbox 169 3252 1761 3322">
     <span class='ocr_line' id='line_1_48' title="bbox 169 3252 1761 3322; baseline -0.002 -16"><span class='ocrx_word' id='word_1_359' title='bbox 169 3255 241 3307; x_wconf 75' lang='grc' dir='ltr'>Τί</span> <span class='ocrx_word' id='word_1_360' title='bbox 267 3252 526 3306; x_wconf 83' lang='grc' dir='ltr'>τοσοῦτον</span> <span class='ocrx_word' id='word_1_361' title='bbox 556 3254 728 3316; x_wconf 78' lang='grc' dir='ltr'>ἐάλως</span> <span class='ocrx_word' id='word_1_362' title='bbox 778 3256 842 3322; x_wconf 78' lang='grc' dir='ltr'>τῇ</span> <span class='ocrx_word' id='word_1_363' title='bbox 890 3252 1223 3320; x_wconf 80' lang='grc' dir='ltr'>ἀπογνώσει,</span> <span class='ocrx_word' id='word_1_364' title='bbox 1259 3253 1378 3322; x_wconf 82' lang='grc' dir='ltr'>ἥτις</span> <span class='ocrx_word' id='word_1_365' title='bbox 1418 3252 1534 3304; x_wconf 75' lang='grc' dir='ltr'>ἐστὶ</span> <span class='ocrx_word' id='word_1_366' title='bbox 1572 3257 1634 3304; x_wconf 81' lang='grc' dir='ltr'>τὸ</span> <span class='ocrx_word' id='word_1_367' title='bbox 1666 3253 1761 3304; x_wconf 91' lang='grc' dir='ltr'>τοῦ</span> 
     </span>
    </p>
   </div>
   <div class='ocr_carea' id='block_1_49' title="bbox 169 3339 1762 3415">
    <p class='ocr_par' dir='ltr' id='par_1_49' title="bbox 169 3339 1762 3415">
     <span class='ocr_line' id='line_1_49' title="bbox 169 3339 1762 3415; baseline -0.003 -17"><span class='ocrx_word' id='word_1_368' title='bbox 169 3345 415 3415; x_wconf 75' lang='grc' dir='ltr'>πονηροῦ</span> <span class='ocrx_word' id='word_1_369' title='bbox 479 3345 720 3411; x_wconf 54' lang='grc' dir='ltr'>ἄφυκτον</span> <span class='ocrx_word' id='word_1_370' title='bbox 779 3343 1098 3412; x_wconf 73' lang='grc' dir='ltr'>ἄγκιστρον,</span> <span class='ocrx_word' id='word_1_371' title='bbox 1160 3342 1236 3405; x_wconf 80' lang='grc' dir='ltr'>ὡς</span> <span class='ocrx_word' id='word_1_372' title='bbox 1292 3342 1437 3414; x_wconf 12' lang='grc' dir='ltr'>μηδὲ,</span> <span class='ocrx_word' id='word_1_373' title='bbox 1483 3339 1762 3410; x_wconf 81' lang='grc' dir='ltr'>φείδεσθαι</span> 
     </span>
    </p>
   </div>
   <div class='ocr_carea' id='block_1_50' title="bbox 170 3433 1763 3506">
    <p class='ocr_par' dir='ltr' id='par_1_50' title="bbox 170 3433 1763 3506">
     <span class='ocr_line' id='line_1_50' title="bbox 170 3433 1763 3506; baseline -0.004 -17"><span class='ocrx_word' id='word_1_374' title='bbox 170 3437 364 3490; x_wconf 62' lang='grc' dir='ltr'>λοιπον</span> <span class='ocrx_word' id='word_1_375' title='bbox 400 3436 620 3506; x_wconf 78' lang='grc' dir='ltr'>ἐαυτῆς,</span> <span class='ocrx_word' id='word_1_376' title='bbox 656 3437 792 3488; x_wconf 77' lang='grc' dir='ltr'>ἀλλὰ</span> <span class='ocrx_word' id='word_1_377' title='bbox 825 3435 892 3487; x_wconf 77' lang='grc' dir='ltr'>τὰ</span> <span class='ocrx_word' id='word_1_378' title='bbox 927 3435 1037 3485; x_wconf 85' lang='grc' dir='ltr'>τῶν</span> <span class='ocrx_word' id='word_1_379' title='bbox 1081 3435 1381 3504; x_wconf 70' lang='grc' dir='ltr'>αἰσχίστων</span> <span class='ocrx_word' id='word_1_380' title='bbox 1417 3433 1610 3502; x_wconf 85' lang='grc' dir='ltr'>ἀνέδην</span> <span class='ocrx_word' id='word_1_381' title='bbox 1640 3433 1763 3486; x_wconf 82' lang='grc' dir='ltr'>τολ-</span> 
     </span>
    </p>
   </div>
   <div class='ocr_carea' id='block_1_51' title="bbox 173 3524 1762 3598">
    <p class='ocr_par' dir='ltr' id='par_1_51' title="bbox 173 3524 1762 3598">
     <span class='ocr_line' id='line_1_51' title="bbox 173 3524 1762 3598; baseline -0.001 -19"><span class='ocrx_word' id='word_1_382' title='bbox 173 3530 286 3598; x_wconf 78' lang='grc' dir='ltr'>μᾷν</span> <span class='ocrx_word' id='word_1_383' title='bbox 320 3529 414 3580; x_wconf 64' lang='grc' dir='ltr'>καὶ</span> <span class='ocrx_word' id='word_1_384' title='bbox 471 3530 592 3590; x_wconf 88' lang='grc' dir='ltr'>ταῖς</span> <span class='ocrx_word' id='word_1_385' title='bbox 645 3528 793 3595; x_wconf 83' lang='grc' dir='ltr'>παρά</span> <span class='ocrx_word' id='word_1_386' title='bbox 830 3525 923 3577; x_wconf 87' lang='grc' dir='ltr'>τοῦ</span> <span class='ocrx_word' id='word_1_387' title='bbox 975 3524 1174 3594; x_wconf 81' lang='grc' dir='ltr'>ἐχθροῦ</span> <span class='ocrx_word' id='word_1_388' title='bbox 1211 3525 1449 3593; x_wconf 69' lang='grc' dir='ltr'>πληγαῖς</span> <span class='ocrx_word' id='word_1_389' title='bbox 1488 3524 1585 3586; x_wconf 74' lang='grc' dir='ltr'>τὰς</span> <span class='ocrx_word' id='word_1_390' title='bbox 1631 3527 1762 3595; x_wconf 84' lang='grc' dir='ltr'>παρ’</span> 
     </span>
    </p>
   </div>
   <div class='ocr_carea' id='block_1_52' title="bbox 169 3612 1765 3685">
    <p class='ocr_par' dir='ltr' id='par_1_52' title="bbox 169 3612 1765 3685">
     <span class='ocr_line' id='line_1_52' title="bbox 169 3612 1765 3685; baseline 0 -16"><span class='ocrx_word' id='word_1_391' title='bbox 169 3617 349 3685; x_wconf 69' lang='grc' dir='ltr'>αὐτῆς</span> <span class='ocrx_word' id='word_1_392' title='bbox 408 3616 778 3683; x_wconf 73' lang='grc' dir='ltr'>προστιοὲναι,</span> <span class='ocrx_word' id='word_1_393' title='bbox 840 3614 958 3666; x_wconf 83' lang='grc' dir='ltr'>δέον</span> <span class='ocrx_word' id='word_1_394' title='bbox 1013 3614 1368 3677; x_wconf 78' lang='grc' dir='ltr'>διαναστῆναι</span> <span class='ocrx_word' id='word_1_395' title='bbox 1428 3612 1628 3681; x_wconf 77' lang='grc' dir='ltr'>μᾶλλον</span> <span class='ocrx_word' id='word_1_396' title='bbox 1669 3618 1765 3669; x_wconf 73' lang='grc' dir='ltr'>καὶ</span> 
     </span>
    </p>
   </div>
   <div class='ocr_carea' id='block_1_53' title="bbox 169 3705 1762 3780">
    <p class='ocr_par' dir='ltr' id='par_1_53' title="bbox 169 3705 1762 3780">
     <span class='ocr_line' id='line_1_53' title="bbox 169 3705 1762 3780; baseline -0.001 -19"><span class='ocrx_word' id='word_1_397' title='bbox 169 3709 379 3780; x_wconf 74' lang='grc' dir='ltr'>πολλὴν</span> <span class='ocrx_word' id='word_1_398' title='bbox 406 3709 500 3760; x_wconf 78' lang='grc' dir='ltr'>ἐπὶ</span> <span class='ocrx_word' id='word_1_399' title='bbox 528 3711 639 3770; x_wconf 84' lang='grc' dir='ltr'>τοῖς</span> <span class='ocrx_word' id='word_1_400' title='bbox 672 3705 989 3775; x_wconf 74' lang='grc' dir='ltr'>τολμηθεῖσι</span> <span class='ocrx_word' id='word_1_401' title='bbox 1026 3707 1124 3776; x_wconf 80' lang='grc' dir='ltr'>τὴν</span> <span class='ocrx_word' id='word_1_402' title='bbox 1158 3707 1532 3777; x_wconf 83' lang='grc' dir='ltr'>μεταμέλειαν</span> <span class='ocrx_word' id='word_1_403' title='bbox 1556 3708 1762 3760; x_wconf 81' lang='grc' dir='ltr'>ἐπιδεί-</span> 
     </span>
    </p>
   </div>
   <div class='ocr_carea' id='block_1_54' title="bbox 171 3794 1764 3868">
    <p class='ocr_par' dir='ltr' id='par_1_54' title="bbox 171 3794 1764 3868">
     <span class='ocr_line' id='line_1_54' title="bbox 171 3794 1764 3868; baseline -0.001 -14"><span class='ocrx_word' id='word_1_404' title='bbox 171 3801 404 3866; x_wconf 63' lang='lat' dir='ltr'><strong>ﬁuctan</strong></span> <span class='ocrx_word' id='word_1_405' title='bbox 444 3800 557 3852; x_wconf 86' lang='grc' dir='ltr'>Οῦκ</span> <span class='ocrx_word' id='word_1_406' title='bbox 584 3794 732 3863; x_wconf 74' lang='grc' dir='ltr'>οἶδας</span> <span class='ocrx_word' id='word_1_407' title='bbox 762 3802 830 3852; x_wconf 89' lang='grc' dir='ltr'>τά</span> <span class='ocrx_word' id='word_1_408' title='bbox 853 3798 946 3852; x_wconf 88' lang='grc' dir='ltr'>τοῦ</span> <span class='ocrx_word' id='word_1_409' title='bbox 976 3798 1112 3851; x_wconf 87' lang='grc' dir='ltr'>Θεοῦ</span> <span class='ocrx_word' id='word_1_410' title='bbox 1144 3800 1434 3868; x_wconf 79' lang='grc' dir='ltr'>σπλάγχνα</span> <span class='ocrx_word' id='word_1_411' title='bbox 1467 3800 1595 3867; x_wconf 68' lang='grc' dir='ltr'>περὶ</span> <span class='ocrx_word' id='word_1_412' title='bbox 1619 3801 1764 3868; x_wconf 66' lang='grc' dir='ltr'>ἡμᾶς</span> 
     </span>
    </p>
   </div>
   <div class='ocr_carea' id='block_1_55' title="bbox 156 3893 1763 3965">
    <p class='ocr_par' dir='ltr' id='par_1_55' title="bbox 156 3893 1763 3965">
     <span class='ocr_line' id='line_1_55' title="bbox 156 3893 1763 3965; baseline 0.002 -19"><span class='ocrx_word' id='word_1_413' title='bbox 156 3896 268 3946; x_wconf 69' lang='grc' dir='ltr'>,καὶ</span> <span class='ocrx_word' id='word_1_414' title='bbox 297 3894 445 3955; x_wconf 78' lang='grc' dir='ltr'>ὅπως</span> <span class='ocrx_word' id='word_1_415' title='bbox 465 3893 583 3945; x_wconf 78' lang='grc' dir='ltr'>ἐστὶ</span> <span class='ocrx_word' id='word_1_416' title='bbox 613 3894 818 3964; x_wconf 71' lang='grc' dir='ltr'>μητρὸς</span> <span class='ocrx_word' id='word_1_417' title='bbox 847 3894 1383 3965; x_wconf 76' lang='grc' dir='ltr'>κηδεμονικώτερος,</span> <span class='ocrx_word' id='word_1_418' title='bbox 1409 3895 1585 3958; x_wconf 76' lang='grc' dir='ltr'>οὕτως</span> <span class='ocrx_word' id='word_1_419' title='bbox 1613 3897 1763 3965; x_wconf 76' lang='grc' dir='ltr'>ἡμᾶς</span> 
     </span>
    </p>
   </div>
   <div class='ocr_carea' id='block_1_56' title="bbox 169 3985 1760 4056">
    <p class='ocr_par' dir='ltr' id='par_1_56' title="bbox 169 3985 1760 4056">
     <span class='ocr_line' id='line_1_56' title="bbox 169 3985 1760 4056; baseline 0.001 -17"><span class='ocrx_word' id='word_1_420' title='bbox 169 3988 434 4054; x_wconf 75' lang='grc' dir='ltr'>συνάγειν</span> <span class='ocrx_word' id='word_1_421' title='bbox 474 3986 673 4037; x_wconf 75' lang='grc' dir='ltr'>ἐθέλων</span> <span class='ocrx_word' id='word_1_422' title='bbox 704 3985 833 4053; x_wconf 75' lang='grc' dir='ltr'>(καὶ</span> <span class='ocrx_word' id='word_1_423' title='bbox 863 3985 1038 4037; x_wconf 81' lang='grc' dir='ltr'>ταῦτα</span> <span class='ocrx_word' id='word_1_424' title='bbox 1071 3985 1593 4056; x_wconf 66' lang='grc' dir='ltr'>καταψρονούμενος</span> <span class='ocrx_word' id='word_1_425' title='bbox 1628 3989 1760 4040; x_wconf 85' lang='grc' dir='ltr'>πολ-</span> 
     </span>
    </p>
   </div>
   <div class='ocr_carea' id='block_1_57' title="bbox 166 4073 1764 4149">
    <p class='ocr_par' dir='ltr' id='par_1_57' title="bbox 166 4073 1764 4149">
     <span class='ocr_line' id='line_1_57' title="bbox 166 4073 1764 4149; baseline 0.002 -20"><span class='ocrx_word' id='word_1_426' title='bbox 166 4076 331 4139; x_wconf 73' lang='grc' dir='ltr'>λάκις</span> <span class='ocrx_word' id='word_1_427' title='bbox 365 4077 460 4129; x_wconf 77' lang='grc' dir='ltr'>καὶ</span> <span class='ocrx_word' id='word_1_428' title='bbox 489 4073 881 4144; x_wconf 71' lang='grc' dir='ltr'>παρορώμενος</span> <span class='ocrx_word' id='word_1_429' title='bbox 906 4076 995 4144; x_wconf 73' lang='grc' dir='ltr'>ὑφ’</span> <span class='ocrx_word' id='word_1_430' title='bbox 1040 4076 1237 4146; x_wconf 81' lang='grc' dir='ltr'>ήμῶν)</span> <span class='ocrx_word' id='word_1_431' title='bbox 1273 4078 1526 4149; x_wconf 79' lang='grc' dir='ltr'>καθάπερ</span> <span class='ocrx_word' id='word_1_432' title='bbox 1558 4080 1625 4132; x_wconf 74' lang='grc' dir='ltr'>τὰ</span> <span class='ocrx_word' id='word_1_433' title='bbox 1646 4096 1764 4132; x_wconf 86' lang='grc' dir='ltr'>νοσ-</span> 
     </span>
    </p>
   </div>
   <div class='ocr_carea' id='block_1_58' title="bbox 169 4165 1761 4240">
    <p class='ocr_par' dir='ltr' id='par_1_58' title="bbox 169 4165 1761 4240">
     <span class='ocr_line' id='line_1_58' title="bbox 169 4165 1761 4240; baseline 0.001 -19"><span class='ocrx_word' id='word_1_434' title='bbox 169 4170 268 4222; x_wconf 90' lang='grc' dir='ltr'>σία</span> <span class='ocrx_word' id='word_1_435' title='bbox 300 4170 448 4240; x_wconf 73' lang='grc' dir='ltr'>ὄρνις</span> <span class='ocrx_word' id='word_1_436' title='bbox 479 4166 583 4219; x_wconf 74' lang='grc' dir='ltr'>ὑπὸ</span> <span class='ocrx_word' id='word_1_437' title='bbox 612 4167 710 4228; x_wconf 80' lang='grc' dir='ltr'>τὰς</span> <span class='ocrx_word' id='word_1_438' title='bbox 737 4168 1050 4238; x_wconf 77' lang='grc' dir='ltr'>πτέρυγαςς</span> <span class='ocrx_word' id='word_1_439' title='bbox 1094 4168 1192 4218; x_wconf 81' lang='grc' dir='ltr'>Διά</span> <span class='ocrx_word' id='word_1_440' title='bbox 1219 4165 1392 4221; x_wconf 90' lang='grc' dir='ltr'>ταῦτα</span> <span class='ocrx_word' id='word_1_441' title='bbox 1432 4169 1564 4235; x_wconf 91' lang='grc' dir='ltr'>γοῦν</span> <span class='ocrx_word' id='word_1_442' title='bbox 1625 4169 1761 4238; x_wconf 77' lang='grc' dir='ltr'>ἅψαι</span> 
     </span>
    </p>
   </div>
   <div class='ocr_carea' id='block_1_59' title="bbox 169 4259 1757 4332">
    <p class='ocr_par' dir='ltr' id='par_1_59' title="bbox 169 4259 1757 4332">
     <span class='ocr_line' id='line_1_59' title="bbox 169 4259 1757 4332; baseline -0.001 -18"><span class='ocrx_word' id='word_1_443' title='bbox 169 4261 487 4331; x_wconf 81' lang='grc' dir='ltr'>παρακαλῶ</span> <span class='ocrx_word' id='word_1_444' title='bbox 509 4259 608 4329; x_wconf 80' lang='grc' dir='ltr'>τῆς</span> <span class='ocrx_word' id='word_1_445' title='bbox 642 4260 736 4311; x_wconf 78' lang='grc' dir='ltr'>ἐπὶ</span> <span class='ocrx_word' id='word_1_446' title='bbox 764 4261 832 4312; x_wconf 67' lang='grc' dir='ltr'>τὰ</span> <span class='ocrx_word' id='word_1_447' title='bbox 867 4261 1104 4328; x_wconf 75' lang='grc' dir='ltr'>κρείττω</span> <span class='ocrx_word' id='word_1_448' title='bbox 1131 4259 1428 4331; x_wconf 85' lang='grc' dir='ltr'>φερούσης,</span> <span class='ocrx_word' id='word_1_449' title='bbox 1464 4261 1556 4313; x_wconf 81' lang='grc' dir='ltr'>καὶ</span> <span class='ocrx_word' id='word_1_450' title='bbox 1617 4262 1757 4332; x_wconf 79' lang='grc' dir='ltr'>πρὸς</span> 
     </span>
    </p>
   </div>
   <div class='ocr_carea' id='block_1_60' title="bbox 165 4353 1761 4424">
    <p class='ocr_par' dir='ltr' id='par_1_60' title="bbox 165 4353 1761 4424">
     <span class='ocr_line' id='line_1_60' title="bbox 165 4353 1761 4424; baseline 0.002 -19"><span class='ocrx_word' id='word_1_451' title='bbox 165 4356 272 4424; x_wconf 74' lang='grc' dir='ltr'>τῆς</span> <span class='ocrx_word' id='word_1_452' title='bbox 296 4355 437 4424; x_wconf 84' lang='grc' dir='ltr'>ἐμῆς</span> <span class='ocrx_word' id='word_1_453' title='bbox 466 4354 681 4419; x_wconf 83' lang='grc' dir='ltr'>πολιᾶς,</span> <span class='ocrx_word' id='word_1_454' title='bbox 710 4354 798 4405; x_wconf 72' lang='grc' dir='ltr'>ναὶ</span> <span class='ocrx_word' id='word_1_455' title='bbox 832 4353 964 4420; x_wconf 67' lang='grc' dir='ltr'>πρὸς</span> <span class='ocrx_word' id='word_1_456' title='bbox 988 4353 1096 4404; x_wconf 84' lang='grc' dir='ltr'>τῶν</span> <span class='ocrx_word' id='word_1_457' title='bbox 1117 4353 1206 4404; x_wconf 79' lang='grc' dir='ltr'>ἐπὶ</span> <span class='ocrx_word' id='word_1_458' title='bbox 1236 4353 1318 4405; x_wconf 74' lang='lat' dir='ltr'><strong>col.</strong></span> <span class='ocrx_word' id='word_1_459' title='bbox 1346 4353 1525 4406; x_wconf 78' lang='grc' dir='ltr'>πόνων</span> <span class='ocrx_word' id='word_1_460' title='bbox 1545 4354 1637 4408; x_wconf 71' lang='grc' dir='ltr'>καὶ</span> <span class='ocrx_word' id='word_1_461' title='bbox 1654 4353 1761 4408; x_wconf 86' lang='grc' dir='ltr'>τῶν</span> 
     </span>
    </p>
   </div>
   <div class='ocr_carea' id='block_1_61' title="bbox 166 4441 1762 4516">
    <p class='ocr_par' dir='ltr' id='par_1_61' title="bbox 166 4441 1762 4516">
     <span class='ocr_line' id='line_1_61' title="bbox 166 4441 1762 4516; baseline -0.003 -18"><span class='ocrx_word' id='word_1_462' title='bbox 166 4447 472 4516; x_wconf 78' lang='grc' dir='ltr'>ἀφορήτων</span> <span class='ocrx_word' id='word_1_463' title='bbox 503 4449 600 4515; x_wconf 71' lang='grc' dir='ltr'>τῆς</span> <span class='ocrx_word' id='word_1_464' title='bbox 629 4443 809 4513; x_wconf 64' lang='grc' dir='ltr'>ψυχῆς</span> <span class='ocrx_word' id='word_1_465' title='bbox 841 4441 1044 4495; x_wconf 77' lang='grc' dir='ltr'>ὀδυνῶν</span> <span class='ocrx_word' id='word_1_466' title='bbox 1076 4444 1301 4496; x_wconf 86' lang='grc' dir='ltr'>ἐκείνων</span> <span class='ocrx_word' id='word_1_467' title='bbox 1324 4444 1419 4496; x_wconf 73' lang='grc' dir='ltr'>καὶ</span> <span class='ocrx_word' id='word_1_468' title='bbox 1444 4446 1543 4514; x_wconf 83' lang='grc' dir='ltr'>τῆς</span> <span class='ocrx_word' id='word_1_469' title='bbox 1563 4444 1762 4514; x_wconf 79' lang='grc' dir='ltr'>πολλῆς</span> 
     </span>
    </p>
   </div>
   <div class='ocr_carea' id='block_1_62' title="bbox 1861 1959 3445 2036">
    <p class='ocr_par' dir='ltr' id='par_1_62' title="bbox 1861 1959 3445 2036">
     <span class='ocr_line' id='line_1_62' title="bbox 1861 1959 3445 2036; baseline 0.009 -26"><span class='ocrx_word' id='word_1_470' title='bbox 1861 1972 1984 2010; x_wconf 88' lang='lat' dir='ltr'><strong>nam</strong></span> <span class='ocrx_word' id='word_1_471' title='bbox 2017 1973 2116 2028; x_wconf 89' lang='lat' dir='ltr'>ego</span> <span class='ocrx_word' id='word_1_472' title='bbox 2154 1960 2299 2012; x_wconf 89' lang='lat' dir='ltr'><strong>sim?</strong></span> <span class='ocrx_word' id='word_1_473' title='bbox 2332 1959 2449 2015; x_wconf 87' lang='lat' dir='ltr'>Non</span> <span class='ocrx_word' id='word_1_474' title='bbox 2502 1965 2750 2032; x_wconf 79' lang='lat' dir='ltr'><strong>agnoscis</strong></span> <span class='ocrx_word' id='word_1_475' title='bbox 2806 1967 3138 2035; x_wconf 82' lang='lat' dir='ltr'><strong>cognatum?</strong></span> <span class='ocrx_word' id='word_1_476' title='bbox 3173 1967 3311 2036; x_wconf 86' lang='lat' dir='ltr'><strong>Quid</strong></span> <span class='ocrx_word' id='word_1_477' title='bbox 3342 1980 3445 2035; x_wconf 88' lang='lat' dir='ltr'><strong>est,</strong></span> 
     </span>
    </p>
   </div>
   <div class='ocr_carea' id='block_1_63' title="bbox 1860 2049 3443 2131">
    <p class='ocr_par' dir='ltr' id='par_1_63' title="bbox 1860 2049 3443 2131">
     <span class='ocr_line' id='line_1_63' title="bbox 1860 2049 3443 2131; baseline 0.011 -31"><span class='ocrx_word' id='word_1_478' title='bbox 1860 2049 2040 2101; x_wconf 85' lang='lat' dir='ltr'><strong>anima</strong></span> <span class='ocrx_word' id='word_1_479' title='bbox 2069 2062 2210 2114; x_wconf 88' lang='lat' dir='ltr'><strong>mea,</strong></span> <span class='ocrx_word' id='word_1_480' title='bbox 2246 2055 2387 2118; x_wconf 88' lang='lat' dir='ltr'><strong>quod</strong></span> <span class='ocrx_word' id='word_1_481' title='bbox 2423 2054 2517 2107; x_wconf 89' lang='lat' dir='ltr'><strong>tibi</strong></span> <span class='ocrx_word' id='word_1_482' title='bbox 2549 2057 2794 2111; x_wconf 83' lang='lat' dir='ltr'><strong>accidit?</strong></span> <span class='ocrx_word' id='word_1_483' title='bbox 2831 2059 2962 2124; x_wconf 87' lang='lat' dir='ltr'><strong>Quis</strong></span> <span class='ocrx_word' id='word_1_484' title='bbox 2999 2070 3103 2124; x_wconf 88' lang='lat' dir='ltr'><strong>est,</strong></span> <span class='ocrx_word' id='word_1_485' title='bbox 3133 2063 3225 2131; x_wconf 92' lang='lat' dir='ltr'>qui</span> <span class='ocrx_word' id='word_1_486' title='bbox 3254 2071 3306 2117; x_wconf 88' lang='lat' dir='ltr'><strong>te</strong></span> <span class='ocrx_word' id='word_1_487' title='bbox 3335 2073 3443 2117; x_wconf 80' lang='lat' dir='ltr'><strong>tra-</strong></span> 
     </span>
    </p>
   </div>
   <div class='ocr_carea' id='block_1_64' title="bbox 1860 2140 3440 2220">
    <p class='ocr_par' dir='ltr' id='par_1_64' title="bbox 1860 2140 3440 2220">
     <span class='ocr_line' id='line_1_64' title="bbox 1860 2140 3440 2220; baseline 0.011 -27"><span class='ocrx_word' id='word_1_488' title='bbox 1860 2140 1939 2193; x_wconf 83' lang='lat' dir='ltr'>xit</span> <span class='ocrx_word' id='word_1_489' title='bbox 1975 2140 2039 2193; x_wconf 91' lang='lat' dir='ltr'>ad</span> <span class='ocrx_word' id='word_1_490' title='bbox 2073 2140 2395 2195; x_wconf 89' lang='lat' dir='ltr'><strong>interitum?</strong></span> <span class='ocrx_word' id='word_1_491' title='bbox 2429 2142 2526 2198; x_wconf 90' lang='lat' dir='ltr'>Ubi</span> <span class='ocrx_word' id='word_1_492' title='bbox 2559 2160 2706 2200; x_wconf 92' lang='lat' dir='ltr'><strong>nunc</strong></span> <span class='ocrx_word' id='word_1_493' title='bbox 2738 2158 2822 2202; x_wconf 89' lang='lat' dir='ltr'><strong>est</strong></span> <span class='ocrx_word' id='word_1_494' title='bbox 2847 2149 2934 2202; x_wconf 90' lang='lat' dir='ltr'><strong>ille</strong></span> <span class='ocrx_word' id='word_1_495' title='bbox 2965 2153 3242 2220; x_wconf 84' lang='lat' dir='ltr'><strong>angelicus</strong></span> <span class='ocrx_word' id='word_1_496' title='bbox 3283 2155 3440 2210; x_wconf 89' lang='lat' dir='ltr'><strong>babi-</strong></span> 
     </span>
    </p>
   </div>
   <div class='ocr_carea' id='block_1_65' title="bbox 1865 2234 3440 2304">
    <p class='ocr_par' dir='ltr' id='par_1_65' title="bbox 1865 2234 3440 2304">
     <span class='ocr_line' id='line_1_65' title="bbox 1865 2234 3440 2304; baseline 0.011 -18"><span class='ocrx_word' id='word_1_497' title='bbox 1865 2241 1949 2287; x_wconf 91' lang='lat' dir='ltr'><strong>tus</strong></span> <span class='ocrx_word' id='word_1_498' title='bbox 2009 2234 2374 2303; x_wconf 84' lang='lat' dir='ltr'><strong>virginitatis?</strong></span> <span class='ocrx_word' id='word_1_499' title='bbox 2418 2234 2515 2291; x_wconf 89' lang='lat' dir='ltr'>Ubi</span> <span class='ocrx_word' id='word_1_500' title='bbox 2547 2247 2630 2294; x_wconf 82' lang='lat' dir='ltr'><strong>est</strong></span> <span class='ocrx_word' id='word_1_501' title='bbox 2667 2241 2774 2294; x_wconf 87' lang='lat' dir='ltr'><strong>vita</strong></span> <span class='ocrx_word' id='word_1_502' title='bbox 2807 2241 2955 2297; x_wconf 87' lang='lat' dir='ltr'><strong>cruci</strong></span> <span class='ocrx_word' id='word_1_503' title='bbox 3000 2244 3197 2300; x_wconf 71' lang='lat' dir='ltr'><strong>allisa?</strong></span> <span class='ocrx_word' id='word_1_504' title='bbox 3224 2245 3322 2301; x_wconf 89' lang='lat' dir='ltr'><strong>Ubi</strong></span> <span class='ocrx_word' id='word_1_505' title='bbox 3355 2259 3440 2304; x_wconf 88' lang='lat' dir='ltr'>est</span> 
     </span>
    </p>
   </div>
   <div class='ocr_carea' id='block_1_66' title="bbox 1863 2325 3442 2401">
    <p class='ocr_par' dir='ltr' id='par_1_66' title="bbox 1863 2325 3442 2401">
     <span class='ocr_line' id='line_1_66' title="bbox 1863 2325 3442 2401; baseline 0.013 -23"><span class='ocrx_word' id='word_1_506' title='bbox 1863 2325 2098 2397; x_wconf 85' lang='lat' dir='ltr'><strong>lacryma</strong></span> <span class='ocrx_word' id='word_1_507' title='bbox 2122 2331 2600 2398; x_wconf 79' lang='lat' dir='ltr'><strong>compunctionis?</strong></span> <span class='ocrx_word' id='word_1_508' title='bbox 2637 2333 2918 2401; x_wconf 85' lang='lat' dir='ltr'><strong>Quomodo</strong></span> <span class='ocrx_word' id='word_1_509' title='bbox 2949 2345 3225 2393; x_wconf 85' lang='lat' dir='ltr'><strong>tantarum</strong></span> <span class='ocrx_word' id='word_1_510' title='bbox 3260 2345 3442 2398; x_wconf 87' lang='lat' dir='ltr'><strong>virtu-</strong></span> 
     </span>
    </p>
   </div>
   <div class='ocr_carea' id='block_1_67' title="bbox 1866 2421 3443 2492">
    <p class='ocr_par' dir='ltr' id='par_1_67' title="bbox 1866 2421 3443 2492">
     <span class='ocr_line' id='line_1_67' title="bbox 1866 2421 3443 2492; baseline 0.015 -23"><span class='ocrx_word' id='word_1_511' title='bbox 1866 2429 1975 2471; x_wconf 85' lang='lat' dir='ltr'>tum</span> <span class='ocrx_word' id='word_1_512' title='bbox 2043 2421 2332 2479; x_wconf 80' lang='lat' dir='ltr'><strong>altitudine</strong></span> <span class='ocrx_word' id='word_1_513' title='bbox 2371 2425 2696 2482; x_wconf 82' lang='lat' dir='ltr'><strong>descendisti</strong></span> <span class='ocrx_word' id='word_1_514' title='bbox 2729 2429 2795 2482; x_wconf 91' lang='lat' dir='ltr'><strong>ad</strong></span> <span class='ocrx_word' id='word_1_515' title='bbox 2849 2429 3093 2486; x_wconf 89' lang='lat' dir='ltr'><strong>ultimum</strong></span> <span class='ocrx_word' id='word_1_516' title='bbox 3127 2433 3443 2492; x_wconf 88' lang='lat' dir='ltr'><strong>barathrum</strong></span> 
     </span>
    </p>
   </div>
   <div class='ocr_carea' id='block_1_68' title="bbox 1862 2507 3448 2592">
    <p class='ocr_par' dir='ltr' id='par_1_68' title="bbox 1862 2507 3448 2592">
     <span class='ocr_line' id='line_1_68' title="bbox 1862 2507 3448 2592; baseline 0.016 -36"><span class='ocrx_word' id='word_1_517' title='bbox 1862 2507 2232 2578; x_wconf 83' lang='lat' dir='ltr'><strong>deceptionis?</strong></span> <span class='ocrx_word' id='word_1_518' title='bbox 2256 2513 2366 2566; x_wconf 90' lang='lat' dir='ltr'>Cur</span> <span class='ocrx_word' id='word_1_519' title='bbox 2416 2517 2547 2569; x_wconf 84' lang='lat' dir='ltr'><strong>mihi</strong></span> <span class='ocrx_word' id='word_1_520' title='bbox 2581 2533 2683 2571; x_wconf 93' lang='lat' dir='ltr'>non</span> <span class='ocrx_word' id='word_1_521' title='bbox 2719 2523 2904 2575; x_wconf 74' lang='lat' dir='ltr'><strong>statim</strong></span> <span class='ocrx_word' id='word_1_522' title='bbox 2943 2524 3264 2592; x_wconf 80' lang='lat' dir='ltr'><strong>signiﬁcasti</strong></span> <span class='ocrx_word' id='word_1_523' title='bbox 3302 2539 3448 2582; x_wconf 84' lang='lat' dir='ltr'><strong>atro-</strong></span> 
     </span>
    </p>
   </div>
   <div class='ocr_carea' id='block_1_69' title="bbox 1863 2601 3448 2685">
    <p class='ocr_par' dir='ltr' id='par_1_69' title="bbox 1863 2601 3448 2685">
     <span class='ocr_line' id='line_1_69' title="bbox 1863 2601 3448 2685; baseline 0.011 -30"><span class='ocrx_word' id='word_1_524' title='bbox 1863 2601 1979 2655; x_wconf 80' lang='lat' dir='ltr'>cem</span> <span class='ocrx_word' id='word_1_525' title='bbox 2027 2603 2170 2656; x_wconf 84' lang='lat' dir='ltr'><strong>illam</strong></span> <span class='ocrx_word' id='word_1_526' title='bbox 2225 2620 2461 2674; x_wconf 83' lang='lat' dir='ltr'><strong>pugnam</strong></span> <span class='ocrx_word' id='word_1_527' title='bbox 2523 2607 2768 2662; x_wconf 89' lang='lat' dir='ltr'><strong>inimici?</strong></span> <span class='ocrx_word' id='word_1_528' title='bbox 2799 2611 2912 2664; x_wconf 90' lang='lat' dir='ltr'>Cur</span> <span class='ocrx_word' id='word_1_529' title='bbox 2959 2629 3066 2667; x_wconf 85' lang='lat' dir='ltr'>non</span> <span class='ocrx_word' id='word_1_530' title='bbox 3093 2617 3153 2668; x_wconf 90' lang='lat' dir='ltr'>de</span> <span class='ocrx_word' id='word_1_531' title='bbox 3181 2620 3332 2685; x_wconf 83' lang='lat' dir='ltr'><strong>gravi</strong></span> <span class='ocrx_word' id='word_1_532' title='bbox 3359 2619 3448 2673; x_wconf 86' lang='lat' dir='ltr'><strong>illo</strong></span> 
     </span>
    </p>
   </div>
   <div class='ocr_carea' id='block_1_70' title="bbox 1865 2693 3446 2776">
    <p class='ocr_par' dir='ltr' id='par_1_70' title="bbox 1865 2693 3446 2776">
     <span class='ocr_line' id='line_1_70' title="bbox 1865 2693 3446 2776; baseline 0.01 -29"><span class='ocrx_word' id='word_1_533' title='bbox 1865 2693 2018 2761; x_wconf 87' lang='lat' dir='ltr'><strong>lapsu</strong></span> <span class='ocrx_word' id='word_1_534' title='bbox 2052 2709 2082 2748; x_wconf 90' lang='lat' dir='ltr'><strong>e</strong></span> <span class='ocrx_word' id='word_1_535' title='bbox 2113 2695 2341 2765; x_wconf 82' lang='lat' dir='ltr'><strong>vestigio</strong></span> <span class='ocrx_word' id='word_1_536' title='bbox 2394 2697 2742 2767; x_wconf 81' lang='lat' dir='ltr'><strong>triumpliasti</strong></span> <span class='ocrx_word' id='word_1_537' title='bbox 2771 2700 2794 2753; x_wconf 84' lang='lat'><strong>?</strong></span> <span class='ocrx_word' id='word_1_538' title='bbox 2821 2699 3058 2758; x_wconf 90' lang='lat' dir='ltr'><strong>Omnino</strong></span> <span class='ocrx_word' id='word_1_539' title='bbox 3093 2721 3194 2776; x_wconf 88' lang='lat' dir='ltr'>ego</span> <span class='ocrx_word' id='word_1_540' title='bbox 3233 2717 3286 2762; x_wconf 92' lang='lat' dir='ltr'><strong>et</strong></span> <span class='ocrx_word' id='word_1_541' title='bbox 3313 2710 3446 2764; x_wconf 88' lang='lat' dir='ltr'><strong>cba—</strong></span> 
     </span>
    </p>
   </div>
   <div class='ocr_carea' id='block_1_71' title="bbox 1867 2788 3444 2873">
    <p class='ocr_par' dir='ltr' id='par_1_71' title="bbox 1867 2788 3444 2873">
     <span class='ocr_line' id='line_1_71' title="bbox 1867 2788 3444 2873; baseline 0.011 -33"><span class='ocrx_word' id='word_1_542' title='bbox 1867 2788 2115 2843; x_wconf 80' lang='lat' dir='ltr'><strong>tissimus</strong></span> <span class='ocrx_word' id='word_1_543' title='bbox 2161 2789 2410 2858; x_wconf 74' lang='lat' dir='ltr'><strong>prrtem</strong></span> <span class='ocrx_word' id='word_1_544' title='bbox 2437 2790 2693 2862; x_wconf 88' lang='lat' dir='ltr'><strong>lacrymis</strong></span> <span class='ocrx_word' id='word_1_545' title='bbox 2729 2804 2783 2850; x_wconf 89' lang='lat' dir='ltr'><strong>et</strong></span> <span class='ocrx_word' id='word_1_546' title='bbox 2816 2798 3067 2866; x_wconf 86' lang='lat' dir='ltr'><strong>precibus</strong></span> <span class='ocrx_word' id='word_1_547' title='bbox 3107 2817 3202 2870; x_wconf 91' lang='lat' dir='ltr'><strong>pro</strong></span> <span class='ocrx_word' id='word_1_548' title='bbox 3231 2813 3281 2856; x_wconf 92' lang='lat' dir='ltr'>te</span> <span class='ocrx_word' id='word_1_549' title='bbox 3305 2807 3444 2873; x_wconf 80' lang='lat' dir='ltr'><strong>apud</strong></span> 
     </span>
    </p>
   </div>
   <div class='ocr_carea' id='block_1_72' title="bbox 1869 2877 3446 2966">
    <p class='ocr_par' dir='ltr' id='par_1_72' title="bbox 1869 2877 3446 2966">
     <span class='ocr_line' id='line_1_72' title="bbox 1869 2877 3446 2966; baseline 0.015 -38"><span class='ocrx_word' id='word_1_550' title='bbox 1869 2877 2034 2931; x_wconf 84' lang='lat' dir='ltr'><strong>Deum</strong></span> <span class='ocrx_word' id='word_1_551' title='bbox 2073 2881 2597 2937; x_wconf 89' lang='lat' dir='ltr'><strong>intercessissemus.</strong></span> <span class='ocrx_word' id='word_1_552' title='bbox 2636 2884 2746 2939; x_wconf 88' lang='lat' dir='ltr'>Cur</span> <span class='ocrx_word' id='word_1_553' title='bbox 2787 2896 2837 2941; x_wconf 90' lang='lat' dir='ltr'><strong>te</strong></span> <span class='ocrx_word' id='word_1_554' title='bbox 2875 2898 3078 2944; x_wconf 87' lang='lat' dir='ltr'><strong>tantum</strong></span> <span class='ocrx_word' id='word_1_555' title='bbox 3132 2893 3393 2966; x_wconf 85' lang='lat' dir='ltr'><strong>elongasti</strong></span> <span class='ocrx_word' id='word_1_556' title='bbox 3419 2915 3446 2950; x_wconf 76' lang='grc' dir='ltr'>ιι</span> 
     </span>
    </p>
   </div>
   <div class='ocr_carea' id='block_1_73' title="bbox 1868 2963 3444 3056">
    <p class='ocr_par' dir='ltr' id='par_1_73' title="bbox 1868 2963 3444 3056">
     <span class='ocr_line' id='line_1_73' title="bbox 1868 2963 3444 3056; baseline 0.014 -36"><span class='ocrx_word' id='word_1_557' title='bbox 1868 2967 2046 3034; x_wconf 82' lang='lat' dir='ltr'><strong>nobis,</strong></span> <span class='ocrx_word' id='word_1_558' title='bbox 2084 2977 2137 3022; x_wconf 87' lang='lat' dir='ltr'><strong>ct</strong></span> <span class='ocrx_word' id='word_1_559' title='bbox 2169 2963 2267 3024; x_wconf 70' lang='lat' dir='ltr'><strong>cui-</strong></span> <span class='ocrx_word' id='word_1_560' title='bbox 2298 2987 2326 3022; x_wconf 89' lang='lat' dir='ltr'>a</span> <span class='ocrx_word' id='word_1_561' title='bbox 2367 2981 2418 3025; x_wconf 91' lang='lat' dir='ltr'><strong>te</strong></span> <span class='ocrx_word' id='word_1_562' title='bbox 2467 2974 2723 3029; x_wconf 88' lang='lat' dir='ltr'><strong>oblivioni</strong></span> <span class='ocrx_word' id='word_1_563' title='bbox 2774 2978 2932 3032; x_wconf 89' lang='lat' dir='ltr'><strong>datus</strong></span> <span class='ocrx_word' id='word_1_564' title='bbox 2987 2997 3124 3044; x_wconf 81' lang='lat' dir='ltr'><strong>sum.</strong></span> <span class='ocrx_word' id='word_1_565' title='bbox 3188 2963 3444 3056; x_wconf 80' lang='lat' dir='ltr'><strong>tanquam</strong></span> 
     </span>
    </p>
   </div>
   <div class='ocr_carea' id='block_1_74' title="bbox 1865 3062 3445 3146">
    <p class='ocr_par' dir='ltr' id='par_1_74' title="bbox 1865 3062 3445 3146">
     <span class='ocr_line' id='line_1_74' title="bbox 1865 3062 3445 3146; baseline 0.013 -32"><span class='ocrx_word' id='word_1_566' title='bbox 1865 3070 2114 3116; x_wconf 88' lang='lat' dir='ltr'><strong>mortuus</strong></span> <span class='ocrx_word' id='word_1_567' title='bbox 2148 3077 2176 3114; x_wconf 91' lang='lat' dir='ltr'><strong>a</strong></span> <span class='ocrx_word' id='word_1_568' title='bbox 2211 3063 2414 3117; x_wconf 79' lang='lat' dir='ltr'><strong>corde?</strong></span> <span class='ocrx_word' id='word_1_569' title='bbox 2470 3062 2578 3119; x_wconf 89' lang='lat' dir='ltr'>Cur</span> <span class='ocrx_word' id='word_1_570' title='bbox 2633 3076 2684 3122; x_wconf 92' lang='lat' dir='ltr'><strong>te</strong></span> <span class='ocrx_word' id='word_1_571' title='bbox 2736 3069 2872 3125; x_wconf 90' lang='lat' dir='ltr'><strong>adeo</strong></span> <span class='ocrx_word' id='word_1_572' title='bbox 2920 3073 3063 3142; x_wconf 89' lang='lat' dir='ltr'><strong>cepit</strong></span> <span class='ocrx_word' id='word_1_573' title='bbox 3113 3074 3445 3146; x_wconf 81' lang='lat' dir='ltr'><strong>desperatio,</strong></span> 
     </span>
    </p>
   </div>
   <div class='ocr_carea' id='block_1_75' title="bbox 1868 3157 3446 3242">
    <p class='ocr_par' dir='ltr' id='par_1_75' title="bbox 1868 3157 3446 3242">
     <span class='ocr_line' id='line_1_75' title="bbox 1868 3157 3446 3242; baseline 0.015 -36"><span class='ocrx_word' id='word_1_574' title='bbox 1868 3169 1987 3222; x_wconf 75' lang='lat' dir='ltr'><strong>qua:</strong></span> <span class='ocrx_word' id='word_1_575' title='bbox 2025 3165 2104 3211; x_wconf 88' lang='lat' dir='ltr'><strong>cst</strong></span> <span class='ocrx_word' id='word_1_576' title='bbox 2137 3157 2356 3224; x_wconf 82' lang='lat' dir='ltr'><strong>maligni</strong></span> <span class='ocrx_word' id='word_1_577' title='bbox 2393 3159 2584 3213; x_wconf 91' lang='lat' dir='ltr'><strong>bamus</strong></span> <span class='ocrx_word' id='word_1_578' title='bbox 2618 3160 2969 3233; x_wconf 85' lang='lat' dir='ltr'><strong>inevitabilis,</strong></span> <span class='ocrx_word' id='word_1_579' title='bbox 3007 3181 3062 3220; x_wconf 93' lang='lat' dir='ltr'><strong>ut</strong></span> <span class='ocrx_word' id='word_1_580' title='bbox 3089 3185 3186 3224; x_wconf 92' lang='lat' dir='ltr'><strong>nec</strong></span> <span class='ocrx_word' id='word_1_581' title='bbox 3210 3173 3446 3242; x_wconf 90' lang='lat' dir='ltr'><strong>tibiqui-</strong></span> 
     </span>
    </p>
   </div>
   <div class='ocr_carea' id='block_1_76' title="bbox 1870 3245 3446 3318">
    <p class='ocr_par' dir='ltr' id='par_1_76' title="bbox 1870 3245 3446 3318">
     <span class='ocr_line' id='line_1_76' title="bbox 1870 3245 3446 3318; baseline 0.014 -21"><span class='ocrx_word' id='word_1_582' title='bbox 1870 3245 1991 3298; x_wconf 90' lang='lat' dir='ltr'>dem</span> <span class='ocrx_word' id='word_1_583' title='bbox 2031 3248 2340 3314; x_wconf 88' lang='lat' dir='ltr'><strong>peperceris</strong></span> <span class='ocrx_word' id='word_1_584' title='bbox 2376 3249 2649 3318; x_wconf 84' lang='lat' dir='ltr'><strong>deinceps,</strong></span> <span class='ocrx_word' id='word_1_585' title='bbox 2693 3255 2788 3306; x_wconf 86' lang='lat' dir='ltr'><strong>sed</strong></span> <span class='ocrx_word' id='word_1_586' title='bbox 2853 3254 3216 3313; x_wconf 90' lang='lat' dir='ltr'><strong>inverecunde</strong></span> <span class='ocrx_word' id='word_1_587' title='bbox 3245 3261 3446 3318; x_wconf 77' lang='lat' dir='ltr'><strong>feceris</strong></span> 
     </span>
    </p>
   </div>
   <div class='ocr_carea' id='block_1_77' title="bbox 1867 3340 3444 3425">
    <p class='ocr_par' dir='ltr' id='par_1_77' title="bbox 1867 3340 3444 3425">
     <span class='ocr_line' id='line_1_77' title="bbox 1867 3340 3444 3425; baseline 0.015 -36"><span class='ocrx_word' id='word_1_588' title='bbox 1867 3350 1927 3390; x_wconf 86' lang='lat' dir='ltr'>ea</span> <span class='ocrx_word' id='word_1_589' title='bbox 1957 3353 2076 3406; x_wconf 80' lang='lat' dir='ltr'><strong>qua:</strong></span> <span class='ocrx_word' id='word_1_590' title='bbox 2099 3348 2224 3391; x_wconf 84' lang='lat' dir='ltr'><strong>sunt</strong></span> <span class='ocrx_word' id='word_1_591' title='bbox 2250 3340 2584 3408; x_wconf 90' lang='lat' dir='ltr'><strong>turpissima,</strong></span> <span class='ocrx_word' id='word_1_592' title='bbox 2619 3353 2672 3396; x_wconf 86' lang='lat' dir='ltr'><strong>et</strong></span> <span class='ocrx_word' id='word_1_593' title='bbox 2701 3343 2904 3399; x_wconf 89' lang='lat' dir='ltr'><strong>inimici</strong></span> <span class='ocrx_word' id='word_1_594' title='bbox 2936 3347 3109 3419; x_wconf 82' lang='lat' dir='ltr'><strong>plagis</strong></span> <span class='ocrx_word' id='word_1_595' title='bbox 3140 3361 3260 3408; x_wconf 86' lang='lat' dir='ltr'><strong>ruas</strong></span> <span class='ocrx_word' id='word_1_596' title='bbox 3289 3356 3444 3425; x_wconf 86' lang='lat' dir='ltr'><strong>adje-</strong></span> 
     </span>
    </p>
   </div>
   <div class='ocr_carea' id='block_1_78' title="bbox 1868 3430 3451 3517">
    <p class='ocr_par' dir='ltr' id='par_1_78' title="bbox 1868 3430 3451 3517">
     <span class='ocr_line' id='line_1_78' title="bbox 1868 3430 3451 3517; baseline 0.013 -35"><span class='ocrx_word' id='word_1_597' title='bbox 1868 3430 2009 3483; x_wconf 88' lang='lat' dir='ltr'><strong>ceris</strong></span> <span class='ocrx_word' id='word_1_598' title='bbox 2041 3444 2056 3483; x_wconf 89' lang='lat'><strong>:</strong></span> <span class='ocrx_word' id='word_1_599' title='bbox 2094 3445 2214 3484; x_wconf 91' lang='lat' dir='ltr'>cum</span> <span class='ocrx_word' id='word_1_600' title='bbox 2237 3442 2520 3501; x_wconf 89' lang='lat' dir='ltr'><strong>oporteret</strong></span> <span class='ocrx_word' id='word_1_601' title='bbox 2553 3435 2732 3504; x_wconf 86' lang='lat' dir='ltr'><strong>potius</strong></span> <span class='ocrx_word' id='word_1_602' title='bbox 2796 3451 3111 3510; x_wconf 80' lang='lat' dir='ltr'><strong>exsurgere,</strong></span> <span class='ocrx_word' id='word_1_603' title='bbox 3143 3453 3197 3497; x_wconf 90' lang='lat' dir='ltr'><strong>et</strong></span> <span class='ocrx_word' id='word_1_604' title='bbox 3229 3457 3451 3517; x_wconf 84' lang='lat' dir='ltr'><strong>propter</strong></span> 
     </span>
    </p>
   </div>
   <div class='ocr_carea' id='block_1_79' title="bbox 1865 3523 3451 3603">
    <p class='ocr_par' dir='ltr' id='par_1_79' title="bbox 1865 3523 3451 3603">
     <span class='ocr_line' id='line_1_79' title="bbox 1865 3523 3451 3603; baseline 0.01 -25"><span class='ocrx_word' id='word_1_605' title='bbox 1865 3537 1930 3578; x_wconf 90' lang='lat' dir='ltr'><strong>ea</strong></span> <span class='ocrx_word' id='word_1_606' title='bbox 1956 3539 2075 3592; x_wconf 76' lang='lat' dir='ltr'>qua:</span> <span class='ocrx_word' id='word_1_607' title='bbox 2093 3523 2414 3590; x_wconf 83' lang='lat' dir='ltr'><strong>admiseras,</strong></span> <span class='ocrx_word' id='word_1_608' title='bbox 2436 3541 2690 3597; x_wconf 85' lang='lat' dir='ltr'><strong>magnam</strong></span> <span class='ocrx_word' id='word_1_609' title='bbox 2725 3533 3010 3588; x_wconf 86' lang='lat' dir='ltr'><strong>ostendere</strong></span> <span class='ocrx_word' id='word_1_610' title='bbox 3025 3534 3401 3603; x_wconf 69' lang='lat' dir='ltr'><strong>paenitentiam</strong></span> <span class='ocrx_word' id='word_1_611' title='bbox 3428 3542 3451 3594; x_wconf 80' lang='lat'><strong>?</strong></span> 
     </span>
    </p>
   </div>
   <div class='ocr_carea' id='block_1_80' title="bbox 1867 3613 3446 3694">
    <p class='ocr_par' dir='ltr' id='par_1_80' title="bbox 1867 3613 3446 3694">
     <span class='ocr_line' id='line_1_80' title="bbox 1867 3613 3446 3694; baseline 0.015 -28"><span class='ocrx_word' id='word_1_612' title='bbox 1867 3613 1983 3668; x_wconf 86' lang='lat' dir='ltr'>Non</span> <span class='ocrx_word' id='word_1_613' title='bbox 2025 3615 2164 3668; x_wconf 87' lang='lat' dir='ltr'><strong>nosti</strong></span> <span class='ocrx_word' id='word_1_614' title='bbox 2204 3616 2294 3669; x_wconf 86' lang='lat' dir='ltr'>Dei</span> <span class='ocrx_word' id='word_1_615' title='bbox 2331 3617 2380 3668; x_wconf 90' lang='lat' dir='ltr'>in</span> <span class='ocrx_word' id='word_1_616' title='bbox 2433 3633 2532 3670; x_wconf 87' lang='lat' dir='ltr'>nos</span> <span class='ocrx_word' id='word_1_617' title='bbox 2593 3620 2823 3687; x_wconf 80' lang='lat' dir='ltr'><strong>viscera,</strong></span> <span class='ocrx_word' id='word_1_618' title='bbox 2886 3633 2940 3677; x_wconf 92' lang='lat' dir='ltr'><strong>et</strong></span> <span class='ocrx_word' id='word_1_619' title='bbox 2995 3630 3446 3694; x_wconf 87' lang='lat' dir='ltr'><strong>quemadmodum</strong></span> 
     </span>
    </p>
   </div>
   <div class='ocr_carea' id='block_1_81' title="bbox 1868 3707 3451 3791">
    <p class='ocr_par' dir='ltr' id='par_1_81' title="bbox 1868 3707 3451 3791">
     <span class='ocr_line' id='line_1_81' title="bbox 1868 3707 3451 3791; baseline 0.014 -33"><span class='ocrx_word' id='word_1_620' title='bbox 1868 3707 2037 3760; x_wconf 74' lang='lat' dir='ltr'><strong>nosui</strong></span> <span class='ocrx_word' id='word_1_621' title='bbox 2101 3720 2285 3760; x_wconf 85' lang='lat' dir='ltr'><strong>curam</strong></span> <span class='ocrx_word' id='word_1_622' title='bbox 2322 3709 2459 3778; x_wconf 85' lang='lat' dir='ltr'><strong>gerit</strong></span> <span class='ocrx_word' id='word_1_623' title='bbox 2487 3710 2660 3777; x_wconf 80' lang='lat' dir='ltr'><strong>magis</strong></span> <span class='ocrx_word' id='word_1_624' title='bbox 2689 3726 2848 3781; x_wconf 87' lang='lat' dir='ltr'><strong>quam</strong></span> <span class='ocrx_word' id='word_1_625' title='bbox 2907 3725 3096 3783; x_wconf 90' lang='lat' dir='ltr'><strong>mater,</strong></span> <span class='ocrx_word' id='word_1_626' title='bbox 3130 3728 3184 3773; x_wconf 92' lang='lat' dir='ltr'><strong>ut</strong></span> <span class='ocrx_word' id='word_1_627' title='bbox 3230 3724 3323 3791; x_wconf 87' lang='lat' dir='ltr'>qui</span> <span class='ocrx_word' id='word_1_628' title='bbox 3351 3741 3451 3782; x_wconf 83' lang='lat' dir='ltr'><strong>nos</strong></span> 
     </span>
    </p>
   </div>
   <div class='ocr_carea' id='block_1_82' title="bbox 1869 3799 3448 3877">
    <p class='ocr_par' dir='ltr' id='par_1_82' title="bbox 1869 3799 3448 3877">
     <span class='ocr_line' id='line_1_82' title="bbox 1869 3799 3448 3877; baseline 0.014 -25"><span class='ocrx_word' id='word_1_629' title='bbox 1869 3799 1997 3853; x_wconf 82' lang='lat' dir='ltr'><strong>velit</strong></span> <span class='ocrx_word' id='word_1_630' title='bbox 2027 3815 2354 3870; x_wconf 82' lang='lat' dir='ltr'><strong>congregare</strong></span> <span class='ocrx_word' id='word_1_631' title='bbox 2384 3803 2572 3870; x_wconf 90' lang='lat' dir='ltr'><strong>(idque</strong></span> <span class='ocrx_word' id='word_1_632' title='bbox 2617 3820 2739 3859; x_wconf 92' lang='lat' dir='ltr'><strong>cum</strong></span> <span class='ocrx_word' id='word_1_633' title='bbox 2773 3823 2916 3877; x_wconf 64' lang='lat' dir='ltr'><strong>saepe</strong></span> <span class='ocrx_word' id='word_1_634' title='bbox 2949 3825 2976 3863; x_wconf 89' lang='lat' dir='ltr'><strong>a</strong></span> <span class='ocrx_word' id='word_1_635' title='bbox 3029 3815 3186 3869; x_wconf 92' lang='lat' dir='ltr'><strong>nobis</strong></span> <span class='ocrx_word' id='word_1_636' title='bbox 3261 3827 3448 3874; x_wconf 74' lang='lat' dir='ltr'><strong>conte~</strong></span> 
     </span>
    </p>
   </div>
   <div class='ocr_carea' id='block_1_83' title="bbox 1870 3893 3453 3978">
    <p class='ocr_par' dir='ltr' id='par_1_83' title="bbox 1870 3893 3453 3978">
     <span class='ocr_line' id='line_1_83' title="bbox 1870 3893 3453 3978; baseline 0.016 -36"><span class='ocrx_word' id='word_1_637' title='bbox 1870 3901 2113 3950; x_wconf 88' lang='lat' dir='ltr'><strong>mnatur.</strong></span> <span class='ocrx_word' id='word_1_638' title='bbox 2141 3901 2196 3944; x_wconf 89' lang='lat' dir='ltr'><strong>et</strong></span> <span class='ocrx_word' id='word_1_639' title='bbox 2223 3893 2575 3964; x_wconf 85' lang='lat' dir='ltr'><strong>despiciatur)</strong></span> <span class='ocrx_word' id='word_1_640' title='bbox 2609 3912 2716 3951; x_wconf 88' lang='lat' dir='ltr'>non</span> <span class='ocrx_word' id='word_1_641' title='bbox 2775 3914 2933 3954; x_wconf 82' lang='lat' dir='ltr'><strong>secus</strong></span> <span class='ocrx_word' id='word_1_642' title='bbox 2965 3917 3028 3956; x_wconf 91' lang='lat' dir='ltr'><strong>ac</strong></span> <span class='ocrx_word' id='word_1_643' title='bbox 3051 3905 3246 3974; x_wconf 86' lang='lat' dir='ltr'><strong>gallina</strong></span> <span class='ocrx_word' id='word_1_644' title='bbox 3279 3911 3453 3978; x_wconf 87' lang='lat' dir='ltr'><strong>pullos</strong></span> 
     </span>
    </p>
   </div>
   <div class='ocr_carea' id='block_1_84' title="bbox 1867 3982 3448 4070">
    <p class='ocr_par' dir='ltr' id='par_1_84' title="bbox 1867 3982 3448 4070">
     <span class='ocr_line' id='line_1_84' title="bbox 1867 3982 3448 4070; baseline 0.014 -33"><span class='ocrx_word' id='word_1_645' title='bbox 1867 3996 1996 4037; x_wconf 87' lang='lat' dir='ltr'><strong>suos</strong></span> <span class='ocrx_word' id='word_1_646' title='bbox 2051 3983 2150 4038; x_wconf 83' lang='lat' dir='ltr'><strong>sub</strong></span> <span class='ocrx_word' id='word_1_647' title='bbox 2185 3982 2643 4056; x_wconf 70' lang='lat' dir='ltr'><strong>alisiPmpterea</strong></span> <span class='ocrx_word' id='word_1_648' title='bbox 2703 4002 2833 4061; x_wconf 88' lang='lat' dir='ltr'><strong>ergo</strong></span> <span class='ocrx_word' id='word_1_649' title='bbox 2889 4008 3018 4063; x_wconf 83' lang='lat' dir='ltr'><strong>rogo</strong></span> <span class='ocrx_word' id='word_1_650' title='bbox 3061 4007 3134 4065; x_wconf 90' lang='lat' dir='ltr'><strong>te,</strong></span> <span class='ocrx_word' id='word_1_651' title='bbox 3178 4001 3251 4054; x_wconf 93' lang='lat' dir='ltr'>ini</span> <span class='ocrx_word' id='word_1_652' title='bbox 3286 4003 3448 4070; x_wconf 89' lang='lat' dir='ltr'><strong>viam,</strong></span> 
     </span>
    </p>
   </div>
   <div class='ocr_carea' id='block_1_85' title="bbox 1867 4075 3450 4163">
    <p class='ocr_par' dir='ltr' id='par_1_85' title="bbox 1867 4075 3450 4163">
     <span class='ocr_line' id='line_1_85' title="bbox 1867 4075 3450 4163; baseline 0.017 -36"><span class='ocrx_word' id='word_1_653' title='bbox 1867 4090 1986 4144; x_wconf 72' lang='lat' dir='ltr'><strong>quan</strong></span> <span class='ocrx_word' id='word_1_654' title='bbox 2047 4075 2197 4130; x_wconf 90' lang='lat' dir='ltr'><strong>ducit</strong></span> <span class='ocrx_word' id='word_1_655' title='bbox 2267 4078 2334 4132; x_wconf 84' lang='lat' dir='ltr'><strong>ad</strong></span> <span class='ocrx_word' id='word_1_656' title='bbox 2396 4081 2646 4135; x_wconf 88' lang='lat' dir='ltr'><strong>meliora.</strong></span> <span class='ocrx_word' id='word_1_657' title='bbox 2697 4081 2869 4154; x_wconf 76' lang='lat' dir='ltr'><strong>Rogo,</strong></span> <span class='ocrx_word' id='word_1_658' title='bbox 2901 4089 3138 4158; x_wconf 87' lang='lat' dir='ltr'><strong>inquam,</strong></span> <span class='ocrx_word' id='word_1_659' title='bbox 3175 4109 3270 4163; x_wconf 92' lang='lat' dir='ltr'><strong>per</strong></span> <span class='ocrx_word' id='word_1_660' title='bbox 3301 4113 3450 4153; x_wconf 85' lang='lat' dir='ltr'><strong>meos</strong></span> 
     </span>
    </p>
   </div>
   <div class='ocr_carea' id='block_1_86' title="bbox 1868 4168 3453 4249">
    <p class='ocr_par' dir='ltr' id='par_1_86' title="bbox 1868 4168 3453 4249">
     <span class='ocr_line' id='line_1_86' title="bbox 1868 4168 3453 4249; baseline 0.016 -32"><span class='ocrx_word' id='word_1_661' title='bbox 1868 4179 2055 4231; x_wconf 87' lang='lat' dir='ltr'><strong>canos,</strong></span> <span class='ocrx_word' id='word_1_662' title='bbox 2130 4180 2226 4234; x_wconf 90' lang='lat' dir='ltr'><strong>per</strong></span> <span class='ocrx_word' id='word_1_663' title='bbox 2289 4168 2504 4224; x_wconf 86' lang='lat' dir='ltr'><strong>labores</strong></span> <span class='ocrx_word' id='word_1_664' title='bbox 2548 4183 2770 4240; x_wconf 88' lang='lat' dir='ltr'><strong>propter</strong></span> <span class='ocrx_word' id='word_1_665' title='bbox 2820 4185 2871 4229; x_wconf 91' lang='lat' dir='ltr'>te</span> <span class='ocrx_word' id='word_1_666' title='bbox 2917 4192 3218 4249; x_wconf 85' lang='lat' dir='ltr'><strong>susceptos,</strong></span> <span class='ocrx_word' id='word_1_667' title='bbox 3249 4197 3302 4238; x_wconf 89' lang='lat' dir='ltr'><strong>et</strong></span> <span class='ocrx_word' id='word_1_668' title='bbox 3332 4189 3453 4243; x_wconf 85' lang='lat' dir='ltr'><strong>illas</strong></span> 
     </span>
    </p>
   </div>
   <div class='ocr_carea' id='block_1_87' title="bbox 1869 4257 3448 4346">
    <p class='ocr_par' dir='ltr' id='par_1_87' title="bbox 1869 4257 3448 4346">
     <span class='ocr_line' id='line_1_87' title="bbox 1869 4257 3448 4346; baseline 0.015 -34"><span class='ocrx_word' id='word_1_669' title='bbox 1869 4257 2239 4314; x_wconf 82' lang='lat' dir='ltr'><strong>intolerabiles</strong></span> <span class='ocrx_word' id='word_1_670' title='bbox 2270 4261 2435 4316; x_wconf 88' lang='lat' dir='ltr'><strong>animi</strong></span> <span class='ocrx_word' id='word_1_671' title='bbox 2463 4265 2837 4334; x_wconf 67' lang='lat' dir='ltr'><strong>aegritudines,</strong></span> <span class='ocrx_word' id='word_1_672' title='bbox 2871 4276 2927 4322; x_wconf 92' lang='lat' dir='ltr'><strong>et</strong></span> <span class='ocrx_word' id='word_1_673' title='bbox 2973 4271 3115 4328; x_wconf 83' lang='lat' dir='ltr'><strong>hunc</strong></span> <span class='ocrx_word' id='word_1_674' title='bbox 3137 4289 3448 4346; x_wconf 73' lang='lat' dir='ltr'><strong>mmrorem.</strong></span> 
     </span>
    </p>
   </div>
   <div class='ocr_carea' id='block_1_88' title="bbox 1867 4352 3449 4428">
    <p class='ocr_par' dir='ltr' id='par_1_88' title="bbox 1867 4352 3449 4428">
     <span class='ocr_line' id='line_1_88' title="bbox 1867 4352 3449 4428; baseline 0.015 -23"><span class='ocrx_word' id='word_1_675' title='bbox 1867 4361 1922 4406; x_wconf 87' lang='lat' dir='ltr'><strong>et</strong></span> <span class='ocrx_word' id='word_1_676' title='bbox 1963 4352 2363 4416; x_wconf 77' lang='lat' dir='ltr'><strong>confusionem,</strong></span> <span class='ocrx_word' id='word_1_677' title='bbox 2395 4355 2506 4408; x_wconf 89' lang='lat' dir='ltr'><strong>redi</strong></span> <span class='ocrx_word' id='word_1_678' title='bbox 2539 4357 2603 4408; x_wconf 90' lang='lat' dir='ltr'><strong>ad</strong></span> <span class='ocrx_word' id='word_1_679' title='bbox 2631 4359 2867 4426; x_wconf 89' lang='lat' dir='ltr'><strong>priorem</strong></span> <span class='ocrx_word' id='word_1_680' title='bbox 2910 4361 3122 4419; x_wconf 83' lang='lat' dir='ltr'>vivendi</span> <span class='ocrx_word' id='word_1_681' title='bbox 3159 4369 3449 4428; x_wconf 85' lang='lat' dir='ltr'><strong>rationem.</strong></span> 
     </span>
    </p>
   </div>
   <div class='ocr_carea' id='block_1_89' title="bbox 1867 4442 3446 4521">
    <p class='ocr_par' dir='ltr' id='par_1_89' title="bbox 1867 4442 3446 4521">
     <span class='ocr_line' id='line_1_89' title="bbox 1867 4442 3446 4521; baseline 0.013 -25"><span class='ocrx_word' id='word_1_682' title='bbox 1867 4442 2115 4497; x_wconf 81' lang='lat' dir='ltr'><strong>Cancede</strong></span> <span class='ocrx_word' id='word_1_683' title='bbox 2166 4444 2320 4511; x_wconf 87' lang='lat' dir='ltr'><strong>mihi,</strong></span> <span class='ocrx_word' id='word_1_684' title='bbox 2353 4453 2410 4497; x_wconf 91' lang='lat' dir='ltr'><strong>ut</strong></span> <span class='ocrx_word' id='word_1_685' title='bbox 2473 4446 2748 4514; x_wconf 86' lang='lat' dir='ltr'><strong>paululum</strong></span> <span class='ocrx_word' id='word_1_686' title='bbox 2807 4452 3089 4521; x_wconf 83' lang='lat' dir='ltr'><strong>respirem,</strong></span> <span class='ocrx_word' id='word_1_687' title='bbox 3142 4464 3196 4509; x_wconf 88' lang='lat' dir='ltr'><strong>et</strong></span> <span class='ocrx_word' id='word_1_688' title='bbox 3230 4473 3296 4513; x_wconf 91' lang='lat' dir='ltr'><strong>ne</strong></span> <span class='ocrx_word' id='word_1_689' title='bbox 3323 4475 3446 4516; x_wconf 89' lang='lat' dir='ltr'><strong>cum</strong></span> 
     </span>
    </p>
   </div>
   <div class='ocr_carea' id='block_1_90' title="bbox 165 4533 1758 4612">
    <p class='ocr_par' dir='ltr' id='par_1_90' title="bbox 165 4533 1758 4608">
     <span class='ocr_line' id='line_1_90' title="bbox 165 4533 1758 4608; baseline 0 -18"><span class='ocrx_word' id='word_1_690' title='bbox 165 4538 378 4606; x_wconf 79' lang='grc' dir='ltr'>ταύτης</span> <span class='ocrx_word' id='word_1_691' title='bbox 395 4537 632 4606; x_wconf 78' lang='grc' dir='ltr'>ἀθυμίας</span> <span class='ocrx_word' id='word_1_692' title='bbox 647 4551 708 4587; x_wconf 88' lang='grc' dir='ltr'>τε</span> <span class='ocrx_word' id='word_1_693' title='bbox 731 4537 822 4586; x_wconf 76' lang='grc' dir='ltr'>καὶ</span> <span class='ocrx_word' id='word_1_694' title='bbox 842 4535 1180 4606; x_wconf 81' lang='grc' dir='ltr'>συγχύσεως,</span> <span class='ocrx_word' id='word_1_695' title='bbox 1204 4533 1338 4602; x_wconf 72' lang='grc' dir='ltr'>ἅψαι</span> <span class='ocrx_word' id='word_1_696' title='bbox 1362 4538 1461 4606; x_wconf 78' lang='grc' dir='ltr'>τῆς</span> <span class='ocrx_word' id='word_1_697' title='bbox 1487 4538 1758 4608; x_wconf 84' lang='grc' dir='ltr'>προτέρας</span> 
     </span>
    </p>
   </div>
   <div class='ocr_carea' id='block_1_91' title="bbox 1864 4533 3443 4612">
    <p class='ocr_par' dir='ltr' id='par_1_91' title="bbox 1869 4536 3443 4610">
     <span class='ocr_line' id='line_1_91' title="bbox 1869 4536 3443 4610; baseline 0.011 -22"><span class='ocrx_word' id='word_1_698' title='bbox 1869 4536 2053 4591; x_wconf 88' lang='lat' dir='ltr'><strong>dolore</strong></span> <span class='ocrx_word' id='word_1_699' title='bbox 2118 4551 2290 4591; x_wconf 88' lang='lat' dir='ltr'><strong>meam</strong></span> <span class='ocrx_word' id='word_1_700' title='bbox 2353 4549 2687 4595; x_wconf 83' lang='lat' dir='ltr'><strong>senectutem</strong></span> <span class='ocrx_word' id='word_1_701' title='bbox 2733 4545 3076 4603; x_wconf 76' lang='lat' dir='ltr'><strong>transmittas</strong></span> <span class='ocrx_word' id='word_1_702' title='bbox 3101 4551 3169 4604; x_wconf 88' lang='lat' dir='ltr'><strong>ad</strong></span> <span class='ocrx_word' id='word_1_703' title='bbox 3216 4549 3443 4610; x_wconf 77' lang='lat' dir='ltr'><strong>inferos.</strong></span> 
     </span>
    </p>
   </div>
   <div class='ocr_carea' id='block_1_92' title="bbox 167 4624 1756 4698">
    <p class='ocr_par' dir='ltr' id='par_1_92' title="bbox 167 4624 1756 4698">
     <span class='ocr_line' id='line_1_92' title="bbox 167 4624 1756 4698; baseline -0.003 -16"><span class='ocrx_word' id='word_1_704' title='bbox 167 4628 489 4696; x_wconf 82' lang='grc' dir='ltr'>διαγωγῆς’</span> <span class='ocrx_word' id='word_1_705' title='bbox 535 4629 638 4682; x_wconf 65' lang='grc' dir='ltr'>καὶ</span> <span class='ocrx_word' id='word_1_706' title='bbox 695 4628 783 4690; x_wconf 84' lang='grc' dir='ltr'>δός</span> <span class='ocrx_word' id='word_1_707' title='bbox 829 4643 917 4697; x_wconf 89' lang='grc' dir='ltr'>μοι</span> <span class='ocrx_word' id='word_1_708' title='bbox 946 4627 1142 4696; x_wconf 80' lang='grc' dir='ltr'>μικρὸν</span> <span class='ocrx_word' id='word_1_709' title='bbox 1182 4624 1523 4679; x_wconf 86' lang='grc' dir='ltr'>ἀναπνεῦσαι</span> <span class='ocrx_word' id='word_1_710' title='bbox 1553 4629 1646 4679; x_wconf 72' lang='grc' dir='ltr'>καὶ</span> <span class='ocrx_word' id='word_1_711' title='bbox 1680 4628 1756 4698; x_wconf 81' lang='grc' dir='ltr'>μὴ</span> 
     </span>
    </p>
   </div>
   <div class='ocr_carea' id='block_1_93' title="bbox 172 4717 1755 4792">
    <p class='ocr_par' dir='ltr' id='par_1_93' title="bbox 172 4717 1755 4792">
     <span class='ocr_line' id='line_1_93' title="bbox 172 4717 1755 4792; baseline -0.002 -17"><span class='ocrx_word' id='word_1_712' title='bbox 172 4725 319 4792; x_wconf 73' lang='grc' dir='ltr'>μετὰ</span> <span class='ocrx_word' id='word_1_713' title='bbox 342 4718 519 4788; x_wconf 83' lang='grc' dir='ltr'>λύπης</span> <span class='ocrx_word' id='word_1_714' title='bbox 545 4721 624 4779; x_wconf 83' lang='grc' dir='ltr'>εἰς</span> <span class='ocrx_word' id='word_1_715' title='bbox 657 4719 784 4788; x_wconf 81' lang='grc' dir='ltr'>ᾆδον</span> <span class='ocrx_word' id='word_1_716' title='bbox 813 4720 874 4770; x_wconf 81' lang='grc' dir='ltr'>τὸ</span> <span class='ocrx_word' id='word_1_717' title='bbox 896 4720 1071 4789; x_wconf 79' lang='grc' dir='ltr'>γῆρας</span> <span class='ocrx_word' id='word_1_718' title='bbox 1097 4718 1158 4771; x_wconf 80' lang='grc' dir='ltr'>τὸ</span> <span class='ocrx_word' id='word_1_719' title='bbox 1188 4717 1322 4786; x_wconf 78' lang='grc' dir='ltr'>ὲμδν</span> <span class='ocrx_word' id='word_1_720' title='bbox 1353 4718 1755 4790; x_wconf 77' lang='grc' dir='ltr'>παραπέμψῃς.</span> 
     </span>
    </p>
   </div>
   <div class='ocr_carea' id='block_1_94' title="bbox 243 4807 1756 4880">
    <p class='ocr_par' dir='ltr' id='par_1_94' title="bbox 243 4807 1756 4880">
     <span class='ocr_line' id='line_1_94' title="bbox 243 4807 1756 4880; baseline -0.003 -13"><span class='ocrx_word' id='word_1_721' title='bbox 243 4810 396 4880; x_wconf 66' lang='lat' dir='ltr'><strong>KQ”.</strong></span> <span class='ocrx_word' id='word_1_722' title='bbox 434 4809 621 4864; x_wconf 83' lang='grc' dir='ltr'>Ταῦτα</span> <span class='ocrx_word' id='word_1_723' title='bbox 658 4808 792 4879; x_wconf 85' lang='grc' dir='ltr'>πρὸς</span> <span class='ocrx_word' id='word_1_724' title='bbox 833 4810 929 4877; x_wconf 79' lang='grc' dir='ltr'>τὴν</span> <span class='ocrx_word' id='word_1_725' title='bbox 966 4809 1194 4879; x_wconf 69' lang='grc' dir='ltr'>ἀνεψιὰν</span> <span class='ocrx_word' id='word_1_726' title='bbox 1219 4809 1394 4877; x_wconf 79' lang='grc' dir='ltr'>λέγων</span> <span class='ocrx_word' id='word_1_727' title='bbox 1435 4807 1756 4880; x_wconf 78' lang='grc' dir='ltr'>Ἀϐράμιος,</span> 
     </span>
    </p>
   </div>
   <div class='ocr_carea' id='block_1_95' title="bbox 167 4901 1759 4977">
    <p class='ocr_par' dir='ltr' id='par_1_95' title="bbox 167 4901 1759 4977">
     <span class='ocr_line' id='line_1_95' title="bbox 167 4901 1759 4977; baseline -0.004 -17"><span class='ocrx_word' id='word_1_728' title='bbox 167 4907 328 4977; x_wconf 76' lang='grc' dir='ltr'>παρά</span> <span class='ocrx_word' id='word_1_729' title='bbox 361 4906 545 4975; x_wconf 66' lang='grc' dir='ltr'>κωφὸν</span> <span class='ocrx_word' id='word_1_730' title='bbox 590 4904 739 4975; x_wconf 81' lang='grc' dir='ltr'>ᾄδειν</span> <span class='ocrx_word' id='word_1_731' title='bbox 789 4901 1001 4958; x_wconf 78' lang='grc' dir='ltr'>ἐδόκει·</span> <span class='ocrx_word' id='word_1_732' title='bbox 1040 4903 1280 4955; x_wconf 82' lang='grc' dir='ltr'>νεύσασα</span> <span class='ocrx_word' id='word_1_733' title='bbox 1333 4902 1441 4972; x_wconf 85' lang='grc' dir='ltr'>γὰρ</span> <span class='ocrx_word' id='word_1_734' title='bbox 1487 4904 1638 4956; x_wconf 85' lang='grc' dir='ltr'>κάτω</span> <span class='ocrx_word' id='word_1_735' title='bbox 1664 4903 1759 4956; x_wconf 79' lang='grc' dir='ltr'>καὶ</span> 
     </span>
    </p>
   </div>
   <div class='ocr_carea' id='block_1_96' title="bbox 166 4993 1759 5068">
    <p class='ocr_par' dir='ltr' id='par_1_96' title="bbox 166 4993 1759 5068">
     <span class='ocr_line' id='line_1_96' title="bbox 166 4993 1759 5068; baseline -0.003 -17"><span class='ocrx_word' id='word_1_736' title='bbox 166 5001 270 5067; x_wconf 81' lang='grc' dir='ltr'>τὴν</span> <span class='ocrx_word' id='word_1_737' title='bbox 293 4998 479 5068; x_wconf 67' lang='grc' dir='ltr'>φωνὴν</span> <span class='ocrx_word' id='word_1_738' title='bbox 511 4998 614 5048; x_wconf 77' lang='grc' dir='ltr'>ὑπὸ</span> <span class='ocrx_word' id='word_1_739' title='bbox 634 4998 730 5065; x_wconf 74' lang='grc' dir='ltr'>τῆς</span> <span class='ocrx_word' id='word_1_740' title='bbox 765 4993 963 5064; x_wconf 78' lang='grc' dir='ltr'>πολλῆς</span> <span class='ocrx_word' id='word_1_741' title='bbox 993 4995 1206 5064; x_wconf 78' lang='grc' dir='ltr'>ἐκείνης</span> <span class='ocrx_word' id='word_1_742' title='bbox 1240 4994 1499 5065; x_wconf 73' lang='grc' dir='ltr'>αἰσχύνης</span> <span class='ocrx_word' id='word_1_743' title='bbox 1534 4996 1759 5064; x_wconf 86' lang='grc' dir='ltr'>ἐπισχε-</span> 
     </span>
    </p>
   </div>
   <div class='ocr_carea' id='block_1_97' title="bbox 169 5089 1760 5162">
    <p class='ocr_par' dir='ltr' id='par_1_97' title="bbox 169 5089 1760 5162">
     <span class='ocr_line' id='line_1_97' title="bbox 169 5089 1760 5162; baseline -0.001 -17"><span class='ocrx_word' id='word_1_744' title='bbox 169 5093 353 5157; x_wconf 78' lang='grc' dir='ltr'>οείσα,</span> <span class='ocrx_word' id='word_1_745' title='bbox 402 5093 624 5158; x_wconf 70' lang='grc' dir='ltr'>ἑστήκει</span> <span class='ocrx_word' id='word_1_746' title='bbox 656 5092 840 5161; x_wconf 79' lang='grc' dir='ltr'>ὁρῶσα</span> <span class='ocrx_word' id='word_1_747' title='bbox 873 5092 954 5154; x_wconf 82' lang='grc' dir='ltr'>είς</span> <span class='ocrx_word' id='word_1_748' title='bbox 1000 5090 1103 5158; x_wconf 79' lang='grc' dir='ltr'>γῆν</span> <span class='ocrx_word' id='word_1_749' title='bbox 1132 5092 1228 5142; x_wconf 73' lang='grc' dir='ltr'>καὶ</span> <span class='ocrx_word' id='word_1_750' title='bbox 1263 5090 1433 5143; x_wconf 80' lang='grc' dir='ltr'>πολλὰ</span> <span class='ocrx_word' id='word_1_751' title='bbox 1457 5089 1550 5143; x_wconf 89' lang='grc' dir='ltr'>τοῦ</span> <span class='ocrx_word' id='word_1_752' title='bbox 1588 5108 1760 5162; x_wconf 80' lang='grc' dir='ltr'>προσ-</span> 
     </span>
    </p>
   </div>
   <div class='ocr_carea' id='block_1_98' title="bbox 167 5176 1757 5253">
    <p class='ocr_par' dir='ltr' id='par_1_98' title="bbox 167 5176 1757 5253">
     <span class='ocr_line' id='line_1_98' title="bbox 167 5176 1757 5253; baseline -0.003 -14"><span class='ocrx_word' id='word_1_753' title='bbox 167 5186 328 5239; x_wconf 73' lang='grc' dir='ltr'>ῶπου</span> <span class='ocrx_word' id='word_1_754' title='bbox 386 5185 612 5252; x_wconf 71' lang='grc' dir='ltr'>ἀφιεῖσα</span> <span class='ocrx_word' id='word_1_755' title='bbox 641 5183 930 5251; x_wconf 84' lang='grc' dir='ltr'>χρώματα,</span> <span class='ocrx_word' id='word_1_756' title='bbox 987 5182 1047 5247; x_wconf 81' lang='grc' dir='ltr'>ἐξ</span> <span class='ocrx_word' id='word_1_757' title='bbox 1079 5176 1151 5235; x_wconf 81' lang='grc' dir='ltr'>ῶν</span> <span class='ocrx_word' id='word_1_758' title='bbox 1190 5181 1224 5251; x_wconf 75' lang='grc' dir='ltr'>ἢ</span> <span class='ocrx_word' id='word_1_759' title='bbox 1263 5198 1320 5232; x_wconf 84' lang='grc' dir='ltr'>τε</span> <span class='ocrx_word' id='word_1_760' title='bbox 1356 5183 1567 5249; x_wconf 85' lang='grc' dir='ltr'>ἀγωνία</span> <span class='ocrx_word' id='word_1_761' title='bbox 1600 5186 1693 5236; x_wconf 78' lang='grc' dir='ltr'>καὶ</span> <span class='ocrx_word' id='word_1_762' title='bbox 1725 5185 1757 5253; x_wconf 85' lang='grc' dir='ltr'>ή</span> 
     </span>
    </p>
   </div>
   <div class='ocr_carea' id='block_1_99' title="bbox 169 5267 1760 5348">
    <p class='ocr_par' dir='ltr' id='par_1_99' title="bbox 169 5267 1760 5348">
     <span class='ocr_line' id='line_1_99' title="bbox 169 5267 1760 5348; baseline -0.001 -17"><span class='ocrx_word' id='word_1_763' title='bbox 169 5276 392 5347; x_wconf 74' lang='grc' dir='ltr'>ταραχὴ</span> <span class='ocrx_word' id='word_1_764' title='bbox 428 5274 524 5348; x_wconf 77' lang='grc' dir='ltr'>τῆς</span> <span class='ocrx_word' id='word_1_765' title='bbox 574 5274 757 5344; x_wconf 70' lang='grc' dir='ltr'>ψυχῆς</span> <span class='ocrx_word' id='word_1_766' title='bbox 819 5273 1109 5342; x_wconf 78' lang='grc' dir='ltr'>ἐδηλοῦτο·</span> <span class='ocrx_word' id='word_1_767' title='bbox 1139 5273 1226 5344; x_wconf 80' lang='grc' dir='ltr'>ἐφ’</span> <span class='ocrx_word' id='word_1_768' title='bbox 1268 5267 1346 5337; x_wconf 75' lang='grc' dir='ltr'>οἷς</span> <span class='ocrx_word' id='word_1_769' title='bbox 1379 5277 1585 5340; x_wconf 76' lang='grc' dir='ltr'>ἐκεῖνος</span> <span class='ocrx_word' id='word_1_770' title='bbox 1615 5275 1760 5330; x_wconf 76' lang='grc' dir='ltr'>οὕτω</span> 
     </span>
    </p>
   </div>
   <div class='ocr_carea' id='block_1_100' title="bbox 172 5350 1760 5441">
    <p class='ocr_par' dir='ltr' id='par_1_100' title="bbox 172 5350 1760 5441">
     <span class='ocr_line' id='line_1_100' title="bbox 172 5350 1760 5441; baseline -0.001 -19"><span class='ocrx_word' id='word_1_771' title='bbox 172 5350 547 5438; x_wconf 72' lang='grc' dir='ltr'>συγχυῦεῖσαν</span> <span class='ocrx_word' id='word_1_772' title='bbox 580 5369 749 5437; x_wconf 74' lang='grc' dir='ltr'>αὐτὴν</span> <span class='ocrx_word' id='word_1_773' title='bbox 793 5368 1206 5436; x_wconf 78' lang='grc' dir='ltr'>ἀνακτώμενος,</span> <span class='ocrx_word' id='word_1_774' title='bbox 1248 5369 1387 5438; x_wconf 74' lang='grc' dir='ltr'>μετὰ</span> <span class='ocrx_word' id='word_1_775' title='bbox 1426 5369 1627 5439; x_wconf 80' lang='grc' dir='ltr'>πολλῆς</span> <span class='ocrx_word' id='word_1_776' title='bbox 1661 5369 1760 5441; x_wconf 83' lang='grc' dir='ltr'>τῆς</span> 
     </span>
    </p>
   </div>
   <div class='ocr_carea' id='block_1_101' title="bbox 169 5454 1758 5533">
    <p class='ocr_par' dir='ltr' id='par_1_101' title="bbox 169 5454 1758 5533">
     <span class='ocr_line' id='line_1_101' title="bbox 169 5454 1758 5533; baseline -0.003 -15"><span class='ocrx_word' id='word_1_777' title='bbox 169 5464 487 5533; x_wconf 82' lang='grc' dir='ltr'>πραότητος</span> <span class='ocrx_word' id='word_1_778' title='bbox 543 5464 635 5515; x_wconf 62' lang='grc' dir='ltr'>καὶ</span> <span class='ocrx_word' id='word_1_779' title='bbox 681 5461 782 5530; x_wconf 78' lang='grc' dir='ltr'>τῆς</span> <span class='ocrx_word' id='word_1_780' title='bbox 843 5458 1183 5523; x_wconf 81' lang='grc' dir='ltr'>ἐπιεικείας·</span> <span class='ocrx_word' id='word_1_781' title='bbox 1244 5462 1418 5525; x_wconf 86' lang='grc' dir='ltr'>Διατί,</span> <span class='ocrx_word' id='word_1_782' title='bbox 1465 5454 1510 5514; x_wconf 76' lang='grc' dir='ltr'>ὦ</span> <span class='ocrx_word' id='word_1_783' title='bbox 1547 5463 1758 5528; x_wconf 81' lang='grc' dir='ltr'>τέκνον,</span> 
     </span>
    </p>
   </div>
   <div class='ocr_carea' id='block_1_102' title="bbox 169 5545 1761 5625">
    <p class='ocr_par' dir='ltr' id='par_1_102' title="bbox 169 5545 1761 5625">
     <span class='ocr_line' id='line_1_102' title="bbox 169 5545 1761 5625; baseline 0 -16"><span class='ocrx_word' id='word_1_784' title='bbox 169 5558 297 5611; x_wconf 73' lang='grc' dir='ltr'>οὐδὲ</span> <span class='ocrx_word' id='word_1_785' title='bbox 332 5555 604 5624; x_wconf 74' lang='grc' dir='ltr'>ἀποκρίνῃ</span> <span class='ocrx_word' id='word_1_786' title='bbox 645 5567 778 5623; x_wconf 82' lang='grc' dir='ltr'>μοι;</span> <span class='ocrx_word' id='word_1_787' title='bbox 815 5552 951 5623; x_wconf 75' lang='grc' dir='ltr'>ἔφη·</span> <span class='ocrx_word' id='word_1_788' title='bbox 981 5555 1082 5607; x_wconf 79' lang='grc' dir='ltr'>οὑκ</span> <span class='ocrx_word' id='word_1_789' title='bbox 1133 5545 1305 5616; x_wconf 75' lang='grc' dir='ltr'>οἶδας,</span> <span class='ocrx_word' id='word_1_790' title='bbox 1344 5555 1424 5608; x_wconf 84' lang='grc' dir='ltr'>ὅτι</span> <span class='ocrx_word' id='word_1_791' title='bbox 1463 5552 1551 5608; x_wconf 81' lang='grc' dir='ltr'>διά</span> <span class='ocrx_word' id='word_1_792' title='bbox 1581 5553 1639 5607; x_wconf 70' lang='lat' dir='ltr'>at</span> <span class='ocrx_word' id='word_1_793' title='bbox 1663 5557 1761 5625; x_wconf 82' lang='grc' dir='ltr'>τὴν</span> 
     </span>
    </p>
   </div>
   <div class='ocr_carea' id='block_1_103' title="bbox 167 5641 1760 5717">
    <p class='ocr_par' dir='ltr' id='par_1_103' title="bbox 167 5641 1760 5717">
     <span class='ocr_line' id='line_1_103' title="bbox 167 5641 1760 5717; baseline 0.001 -19"><span class='ocrx_word' id='word_1_794' title='bbox 167 5648 448 5716; x_wconf 79' lang='grc' dir='ltr'>τοσαύτην</span> <span class='ocrx_word' id='word_1_795' title='bbox 502 5645 621 5696; x_wconf 66' lang='grc' dir='ltr'>ὁδὸν</span> <span class='ocrx_word' id='word_1_796' title='bbox 673 5643 1005 5714; x_wconf 77' lang='grc' dir='ltr'>ἐστειλάμην</span> <span class='ocrx_word' id='word_1_797' title='bbox 1033 5661 1048 5709; x_wconf 85' lang='lat'>;</span> <span class='ocrx_word' id='word_1_798' title='bbox 1102 5645 1204 5698; x_wconf 79' lang='grc' dir='ltr'>οὐκ</span> <span class='ocrx_word' id='word_1_799' title='bbox 1239 5641 1408 5711; x_wconf 74' lang='grc' dir='ltr'>οἶδας,</span> <span class='ocrx_word' id='word_1_800' title='bbox 1441 5646 1524 5699; x_wconf 81' lang='grc' dir='ltr'>ὅτι</span> <span class='ocrx_word' id='word_1_801' title='bbox 1551 5645 1640 5699; x_wconf 83' lang='grc' dir='ltr'>διὰ</span> <span class='ocrx_word' id='word_1_802' title='bbox 1661 5646 1760 5717; x_wconf 78' lang='grc' dir='ltr'>τὴν</span> 
     </span>
    </p>
   </div>
   <div class='ocr_carea' id='block_1_104' title="bbox 172 5733 1759 5812">
    <p class='ocr_par' dir='ltr' id='par_1_104' title="bbox 172 5733 1759 5812">
     <span class='ocr_line' id='line_1_104' title="bbox 172 5733 1759 5812; baseline 0.003 -23"><span class='ocrx_word' id='word_1_803' title='bbox 172 5738 277 5809; x_wconf 74' lang='grc' dir='ltr'>σὴν</span> <span class='ocrx_word' id='word_1_804' title='bbox 308 5735 483 5790; x_wconf 88' lang='grc' dir='ltr'>ταῦτα</span> <span class='ocrx_word' id='word_1_805' title='bbox 533 5735 714 5787; x_wconf 82' lang='grc' dir='ltr'>πάντα</span> <span class='ocrx_word' id='word_1_806' title='bbox 745 5733 1022 5805; x_wconf 85' lang='grc' dir='ltr'>σωτηρίαν</span> <span class='ocrx_word' id='word_1_807' title='bbox 1056 5733 1468 5808; x_wconf 83' lang='grc' dir='ltr'>ὑπεκρινάμην,</span> <span class='ocrx_word' id='word_1_808' title='bbox 1497 5737 1557 5791; x_wconf 76' lang='grc' dir='ltr'>τὸ</span> <span class='ocrx_word' id='word_1_809' title='bbox 1590 5755 1759 5812; x_wconf 85' lang='grc' dir='ltr'>στρα-</span> 
     </span>
    </p>
   </div>
   <div class='ocr_carea' id='block_1_105' title="bbox 170 5825 1759 5899">
    <p class='ocr_par' dir='ltr' id='par_1_105' title="bbox 170 5825 1759 5899">
     <span class='ocr_line' id='line_1_105' title="bbox 170 5825 1759 5899; baseline 0.002 -19"><span class='ocrx_word' id='word_1_810' title='bbox 170 5828 433 5886; x_wconf 68' lang='grc' dir='ltr'>τιωτικὸν</span> <span class='ocrx_word' id='word_1_811' title='bbox 453 5827 552 5898; x_wconf 81' lang='grc' dir='ltr'>τῆς</span> <span class='ocrx_word' id='word_1_812' title='bbox 581 5825 797 5892; x_wconf 72' lang='grc' dir='ltr'>στολῆς,</span> <span class='ocrx_word' id='word_1_813' title='bbox 829 5827 919 5876; x_wconf 78' lang='grc' dir='ltr'>τὸν</span> <span class='ocrx_word' id='word_1_814' title='bbox 953 5825 1151 5894; x_wconf 70' lang='grc' dir='ltr'>ἔρωτα,</span> <span class='ocrx_word' id='word_1_815' title='bbox 1175 5827 1275 5895; x_wconf 75' lang='grc' dir='ltr'>τὴν</span> <span class='ocrx_word' id='word_1_816' title='bbox 1299 5828 1676 5899; x_wconf 75' lang='grc' dir='ltr'>κρεωφαγίαν,</span> <span class='ocrx_word' id='word_1_817' title='bbox 1701 5827 1759 5883; x_wconf 79' lang='grc' dir='ltr'>δν</span> 
     </span>
    </p>
   </div>
   <div class='ocr_carea' id='block_1_106' title="bbox 587 5921 1250 5990">
    <p class='ocr_par' dir='ltr' id='par_1_106' title="bbox 587 5921 1250 5990">
     <span class='ocr_line' id='line_1_106' title="bbox 587 5921 1250 5990; baseline 0.002 -9"><span class='ocrx_word' id='word_1_818' title='bbox 587 5923 858 5981; x_wconf 71' lang='grc' dir='ltr'>Ριτιοῐ..</span> <span class='ocrx_word' id='word_1_819' title='bbox 907 5922 1026 5983; x_wconf 76' lang='lat' dir='ltr'>Gn.</span> <span class='ocrx_word' id='word_1_820' title='bbox 1069 5921 1250 5990; x_wconf 72' lang='lat' dir='ltr'>CXV.</span> 
     </span>
    </p>
   </div>
   <div class='ocr_carea' id='block_1_107' title="bbox 1929 4787 3448 4878">
    <p class='ocr_par' dir='ltr' id='par_1_107' title="bbox 1929 4787 3448 4878">
     <span class='ocr_line' id='line_1_107' title="bbox 1929 4787 3448 4878; baseline 0.012 -26"><span class='ocrx_word' id='word_1_821' title='bbox 1929 4794 2130 4855; x_wconf 74' lang='lat' dir='ltr'><strong>XXVI.</strong></span> <span class='ocrx_word' id='word_1_822' title='bbox 2163 4798 2290 4855; x_wconf 66' lang='lat' dir='ltr'><strong>llatc</strong></span> <span class='ocrx_word' id='word_1_823' title='bbox 2339 4799 2461 4856; x_wconf 73' lang='lat' dir='ltr'><strong>tiliae</strong></span> <span class='ocrx_word' id='word_1_824' title='bbox 2494 4787 2680 4858; x_wconf 75' lang='lat' dir='ltr'><strong>fratris</strong></span> <span class='ocrx_word' id='word_1_825' title='bbox 2725 4800 2912 4860; x_wconf 84' lang='lat' dir='ltr'><strong>dicens</strong></span> <span class='ocrx_word' id='word_1_826' title='bbox 2949 4805 3258 4878; x_wconf 84' lang='lat' dir='ltr'><strong>Abramius,</strong></span> <span class='ocrx_word' id='word_1_827' title='bbox 3297 4814 3448 4870; x_wconf 86' lang='lat' dir='ltr'><strong>vidc-</strong></span> 
     </span>
    </p>
   </div>
   <div class='ocr_carea' id='block_1_108' title="bbox 1866 4890 3447 4962">
    <p class='ocr_par' dir='ltr' id='par_1_108' title="bbox 1866 4890 3447 4962">
     <span class='ocr_line' id='line_1_108' title="bbox 1866 4890 3447 4962; baseline 0.011 -18"><span class='ocrx_word' id='word_1_828' title='bbox 1866 4890 2024 4944; x_wconf 88' lang='lat' dir='ltr'><strong>batur</strong></span> <span class='ocrx_word' id='word_1_829' title='bbox 2046 4893 2210 4946; x_wconf 90' lang='lat' dir='ltr'><strong>surdo</strong></span> <span class='ocrx_word' id='word_1_830' title='bbox 2236 4906 2448 4946; x_wconf 89' lang='lat' dir='ltr'><strong>canere.</strong></span> <span class='ocrx_word' id='word_1_831' title='bbox 2484 4890 2750 4950; x_wconf 86' lang='lat' dir='ltr'><strong>Deorsum</strong></span> <span class='ocrx_word' id='word_1_832' title='bbox 2785 4897 2929 4950; x_wconf 90' lang='lat' dir='ltr'><strong>enim</strong></span> <span class='ocrx_word' id='word_1_833' title='bbox 2963 4899 3018 4953; x_wconf 92' lang='lat' dir='ltr'><strong>in</strong></span> <span class='ocrx_word' id='word_1_834' title='bbox 3056 4910 3259 4958; x_wconf 79' lang='lat' dir='ltr'><strong>terram</strong></span> <span class='ocrx_word' id='word_1_835' title='bbox 3286 4905 3447 4962; x_wconf 82' lang='lat' dir='ltr'><strong>incli-</strong></span> 
     </span>
    </p>
   </div>
   <div class='ocr_carea' id='block_1_109' title="bbox 1865 4982 3449 5064">
    <p class='ocr_par' dir='ltr' id='par_1_109' title="bbox 1865 4982 3449 5064">
     <span class='ocr_line' id='line_1_109' title="bbox 1865 4982 3449 5064; baseline 0.011 -26"><span class='ocrx_word' id='word_1_836' title='bbox 1865 4995 1990 5038; x_wconf 89' lang='lat' dir='ltr'><strong>nata</strong></span> <span class='ocrx_word' id='word_1_837' title='bbox 2014 4982 2175 5048; x_wconf 81' lang='lat' dir='ltr'><strong>facie,</strong></span> <span class='ocrx_word' id='word_1_838' title='bbox 2211 4994 2263 5038; x_wconf 91' lang='lat' dir='ltr'><strong>et</strong></span> <span class='ocrx_word' id='word_1_839' title='bbox 2287 4999 2396 5054; x_wconf 86' lang='lat' dir='ltr'><strong>prae</strong></span> <span class='ocrx_word' id='word_1_840' title='bbox 2433 5001 2628 5056; x_wconf 82' lang='lat' dir='ltr'><strong>magno</strong></span> <span class='ocrx_word' id='word_1_841' title='bbox 2667 4987 2758 5042; x_wconf 93' lang='lat' dir='ltr'><strong>illo</strong></span> <span class='ocrx_word' id='word_1_842' title='bbox 2806 4989 3012 5060; x_wconf 92' lang='lat' dir='ltr'><strong>pudore</strong></span> <span class='ocrx_word' id='word_1_843' title='bbox 3049 4993 3167 5064; x_wconf 83' lang='lat' dir='ltr'><strong>ejus</strong></span> <span class='ocrx_word' id='word_1_844' title='bbox 3199 5012 3328 5054; x_wconf 92' lang='lat' dir='ltr'><strong>voce</strong></span> <span class='ocrx_word' id='word_1_845' title='bbox 3364 5014 3449 5055; x_wconf 60' lang='lat' dir='ltr'>re-</span> 
     </span>
    </p>
   </div>
   <div class='ocr_carea' id='block_1_110' title="bbox 1866 5077 3448 5161">
    <p class='ocr_par' dir='ltr' id='par_1_110' title="bbox 1866 5077 3448 5161">
     <span class='ocr_line' id='line_1_110' title="bbox 1866 5077 3448 5161; baseline 0.006 -31"><span class='ocrx_word' id='word_1_846' title='bbox 1866 5091 2078 5146; x_wconf 85' lang='lat' dir='ltr'><strong>pressa,</strong></span> <span class='ocrx_word' id='word_1_847' title='bbox 2132 5077 2314 5132; x_wconf 90' lang='lat' dir='ltr'><strong>stabat</strong></span> <span class='ocrx_word' id='word_1_848' title='bbox 2343 5087 2544 5131; x_wconf 88' lang='lat' dir='ltr'><strong>terram</strong></span> <span class='ocrx_word' id='word_1_849' title='bbox 2596 5079 2860 5135; x_wconf 86' lang='lat' dir='ltr'><strong>intuens:</strong></span> <span class='ocrx_word' id='word_1_850' title='bbox 2892 5098 2956 5136; x_wconf 83' lang='lat' dir='ltr'><strong>ex</strong></span> <span class='ocrx_word' id='word_1_851' title='bbox 3006 5085 3202 5150; x_wconf 87' lang='lat' dir='ltr'><strong>quibus</strong></span> <span class='ocrx_word' id='word_1_852' title='bbox 3245 5087 3448 5161; x_wconf 76' lang='lat' dir='ltr'><strong>signiﬁ-</strong></span> 
     </span>
    </p>
   </div>
   <div class='ocr_carea' id='block_1_111' title="bbox 1867 5170 3447 5245">
    <p class='ocr_par' dir='ltr' id='par_1_111' title="bbox 1867 5170 3447 5245">
     <span class='ocr_line' id='line_1_111' title="bbox 1867 5170 3447 5245; baseline 0.009 -22"><span class='ocrx_word' id='word_1_853' title='bbox 1867 5171 2094 5224; x_wconf 87' lang='lat' dir='ltr'><strong>cabatur</strong></span> <span class='ocrx_word' id='word_1_854' title='bbox 2145 5184 2316 5240; x_wconf 82' lang='lat' dir='ltr'><strong>angor</strong></span> <span class='ocrx_word' id='word_1_855' title='bbox 2368 5179 2424 5224; x_wconf 88' lang='lat' dir='ltr'>et</span> <span class='ocrx_word' id='word_1_856' title='bbox 2475 5170 2642 5226; x_wconf 88' lang='lat' dir='ltr'><strong>animi</strong></span> <span class='ocrx_word' id='word_1_857' title='bbox 2683 5174 3038 5242; x_wconf 79' lang='lat' dir='ltr'><strong>perturbatio.</strong></span> <span class='ocrx_word' id='word_1_858' title='bbox 3083 5177 3447 5245; x_wconf 87' lang='lat' dir='ltr'><strong>Quamobrem</strong></span> 
     </span>
    </p>
   </div>
   <div class='ocr_carea' id='block_1_112' title="bbox 1867 5258 3447 5338">
    <p class='ocr_par' dir='ltr' id='par_1_112' title="bbox 1867 5258 3447 5338">
     <span class='ocr_line' id='line_1_112' title="bbox 1867 5258 3447 5338; baseline 0.008 -21"><span class='ocrx_word' id='word_1_859' title='bbox 1867 5261 1958 5317; x_wconf 90' lang='lat' dir='ltr'><strong>ille</strong></span> <span class='ocrx_word' id='word_1_860' title='bbox 1976 5277 2096 5317; x_wconf 90' lang='lat' dir='ltr'><strong>eam</strong></span> <span class='ocrx_word' id='word_1_861' title='bbox 2127 5263 2206 5316; x_wconf 91' lang='lat' dir='ltr'><strong>sic</strong></span> <span class='ocrx_word' id='word_1_862' title='bbox 2233 5258 2515 5316; x_wconf 80' lang='lat' dir='ltr'><strong>confusam</strong></span> <span class='ocrx_word' id='word_1_863' title='bbox 2549 5277 2825 5328; x_wconf 83' lang='lat' dir='ltr'><strong>recreans,</strong></span> <span class='ocrx_word' id='word_1_864' title='bbox 2849 5279 2973 5319; x_wconf 90' lang='lat' dir='ltr'><strong>cum</strong></span> <span class='ocrx_word' id='word_1_865' title='bbox 3005 5282 3195 5338; x_wconf 81' lang='lat' dir='ltr'><strong>magna</strong></span> <span class='ocrx_word' id='word_1_866' title='bbox 3223 5269 3447 5329; x_wconf 87' lang='lat' dir='ltr'><strong>lenitate</strong></span> 
     </span>
    </p>
   </div>
   <div class='ocr_carea' id='block_1_113' title="bbox 1867 5355 3446 5426">
    <p class='ocr_par' dir='ltr' id='par_1_113' title="bbox 1867 5355 3446 5426">
     <span class='ocr_line' id='line_1_113' title="bbox 1867 5355 3446 5426; baseline 0.005 -14"><span class='ocrx_word' id='word_1_867' title='bbox 1867 5368 1928 5412; x_wconf 87' lang='lat' dir='ltr'><strong>et</strong></span> <span class='ocrx_word' id='word_1_868' title='bbox 1956 5356 2328 5411; x_wconf 86' lang='lat' dir='ltr'><strong>moderatione</strong></span> <span class='ocrx_word' id='word_1_869' title='bbox 2361 5374 2374 5410; x_wconf 92' lang='lat'><strong>:</strong></span> <span class='ocrx_word' id='word_1_870' title='bbox 2408 5355 2540 5423; x_wconf 89' lang='lat' dir='ltr'><strong>Cur,</strong></span> <span class='ocrx_word' id='word_1_871' title='bbox 2596 5357 2788 5426; x_wconf 87' lang='lat' dir='ltr'><strong>inquit,</strong></span> <span class='ocrx_word' id='word_1_872' title='bbox 2842 5373 2873 5413; x_wconf 89' lang='grc' dir='ltr'>ο</span> <span class='ocrx_word' id='word_1_873' title='bbox 2913 5357 3044 5422; x_wconf 82' lang='lat' dir='ltr'><strong>tilia,</strong></span> <span class='ocrx_word' id='word_1_874' title='bbox 3087 5369 3143 5414; x_wconf 91' lang='lat' dir='ltr'><strong>tu</strong></span> <span class='ocrx_word' id='word_1_875' title='bbox 3174 5363 3303 5417; x_wconf 87' lang='lat' dir='ltr'><strong>mihi</strong></span> <span class='ocrx_word' id='word_1_876' title='bbox 3337 5380 3446 5420; x_wconf 89' lang='lat' dir='ltr'><strong>non</strong></span> 
     </span>
    </p>
   </div>
   <div class='ocr_carea' id='block_1_114' title="bbox 1867 5448 3451 5523">
    <p class='ocr_par' dir='ltr' id='par_1_114' title="bbox 1867 5448 3451 5523">
     <span class='ocr_line' id='line_1_114' title="bbox 1867 5448 3451 5523; baseline 0.006 -18"><span class='ocrx_word' id='word_1_877' title='bbox 1867 5450 2209 5520; x_wconf 80' lang='lat' dir='ltr'><strong>respondes?</strong></span> <span class='ocrx_word' id='word_1_878' title='bbox 2259 5448 2445 5506; x_wconf 83' lang='lat' dir='ltr'><strong>Nescis</strong></span> <span class='ocrx_word' id='word_1_879' title='bbox 2484 5465 2570 5505; x_wconf 83' lang='lat' dir='ltr'><strong>me</strong></span> <span class='ocrx_word' id='word_1_880' title='bbox 2605 5465 2827 5523; x_wconf 87' lang='lat' dir='ltr'><strong>propter</strong></span> <span class='ocrx_word' id='word_1_881' title='bbox 2859 5461 2910 5506; x_wconf 89' lang='lat' dir='ltr'><strong>te</strong></span> <span class='ocrx_word' id='word_1_882' title='bbox 2942 5462 3147 5509; x_wconf 91' lang='lat' dir='ltr'><strong>tantum</strong></span> <span class='ocrx_word' id='word_1_883' title='bbox 3185 5455 3285 5510; x_wconf 82' lang='lat' dir='ltr'><strong>iter</strong></span> <span class='ocrx_word' id='word_1_884' title='bbox 3327 5473 3451 5515; x_wconf 82' lang='lat' dir='ltr'><strong>esse</strong></span> 
     </span>
    </p>
   </div>
   <div class='ocr_carea' id='block_1_115' title="bbox 1868 5543 3448 5615">
    <p class='ocr_par' dir='ltr' id='par_1_115' title="bbox 1868 5543 3448 5615">
     <span class='ocr_line' id='line_1_115' title="bbox 1868 5543 3448 5615; baseline 0.002 -14"><span class='ocrx_word' id='word_1_885' title='bbox 1868 5543 2226 5615; x_wconf 80' lang='lat' dir='ltr'><strong>ingressum?</strong></span> <span class='ocrx_word' id='word_1_886' title='bbox 2266 5543 2456 5600; x_wconf 79' lang='lat' dir='ltr'><strong>Nescis</strong></span> <span class='ocrx_word' id='word_1_887' title='bbox 2503 5560 2587 5599; x_wconf 92' lang='lat' dir='ltr'><strong>me</strong></span> <span class='ocrx_word' id='word_1_888' title='bbox 2638 5555 2858 5615; x_wconf 90' lang='lat' dir='ltr'><strong>propter</strong></span> <span class='ocrx_word' id='word_1_889' title='bbox 2910 5554 2980 5610; x_wconf 90' lang='lat' dir='ltr'><strong>te,</strong></span> <span class='ocrx_word' id='word_1_890' title='bbox 3017 5553 3235 5615; x_wconf 84' lang='lat' dir='ltr'><strong>propter</strong></span> <span class='ocrx_word' id='word_1_891' title='bbox 3295 5558 3448 5608; x_wconf 80' lang='lat' dir='ltr'><strong>tuam</strong></span> 
     </span>
    </p>
   </div>
   <div class='ocr_carea' id='block_1_116' title="bbox 1868 5639 3444 5711">
    <p class='ocr_par' dir='ltr' id='par_1_116' title="bbox 1868 5639 3444 5711">
     <span class='ocr_line' id='line_1_116' title="bbox 1868 5639 3444 5711; baseline 0.004 -15"><span class='ocrx_word' id='word_1_892' title='bbox 1868 5641 2099 5697; x_wconf 86' lang='lat' dir='ltr'><strong>salutem</strong></span> <span class='ocrx_word' id='word_1_893' title='bbox 2144 5640 2260 5696; x_wconf 66' lang='lat' dir='ltr'><strong>base</strong></span> <span class='ocrx_word' id='word_1_894' title='bbox 2312 5639 2497 5694; x_wconf 89' lang='lat' dir='ltr'><strong>omnia</strong></span> <span class='ocrx_word' id='word_1_895' title='bbox 2559 5640 2868 5706; x_wconf 82' lang='lat' dir='ltr'><strong>simulasse,</strong></span> <span class='ocrx_word' id='word_1_896' title='bbox 2900 5652 3107 5697; x_wconf 84' lang='lat' dir='ltr'><strong>vestem</strong></span> <span class='ocrx_word' id='word_1_897' title='bbox 3131 5641 3444 5711; x_wconf 83' lang='lat' dir='ltr'><strong>militarem,</strong></span> 
     </span>
    </p>
   </div>
   <div class='ocr_carea' id='block_1_117' title="bbox 1871 5732 3448 5804">
    <p class='ocr_par' dir='ltr' id='par_1_117' title="bbox 1871 5732 3448 5804">
     <span class='ocr_line' id='line_1_117' title="bbox 1871 5732 3448 5804; baseline 0.004 -17"><span class='ocrx_word' id='word_1_898' title='bbox 1871 5747 2135 5803; x_wconf 81' lang='lat' dir='ltr'><strong>amorem,</strong></span> <span class='ocrx_word' id='word_1_899' title='bbox 2155 5747 2307 5786; x_wconf 89' lang='lat' dir='ltr'><strong>esum</strong></span> <span class='ocrx_word' id='word_1_900' title='bbox 2331 5733 2601 5801; x_wconf 86' lang='lat' dir='ltr'><strong>carnium,</strong></span> <span class='ocrx_word' id='word_1_901' title='bbox 2623 5745 2784 5804; x_wconf 89' lang='lat' dir='ltr'><strong>quem</strong></span> <span class='ocrx_word' id='word_1_902' title='bbox 2823 5733 2932 5789; x_wconf 82' lang='lat' dir='ltr'><strong>scis</strong></span> <span class='ocrx_word' id='word_1_903' title='bbox 2957 5732 3089 5788; x_wconf 80' lang='lat' dir='ltr'><strong>nihil</strong></span> <span class='ocrx_word' id='word_1_904' title='bbox 3102 5733 3248 5790; x_wconf 90' lang='lat' dir='ltr'><strong>aliud</strong></span> <span class='ocrx_word' id='word_1_905' title='bbox 3269 5750 3448 5804; x_wconf 90' lang='lat' dir='ltr'><strong>nosse,</strong></span> 
     </span>
    </p>
   </div>
   <div class='ocr_carea' id='block_1_118' title="bbox 1866 5825 3446 5901">
    <p class='ocr_par' dir='ltr' id='par_1_118' title="bbox 1866 5825 3446 5901">
     <span class='ocr_line' id='line_1_118' title="bbox 1866 5825 3446 5901; baseline 0.002 -17"><span class='ocrx_word' id='word_1_906' title='bbox 1866 5836 2060 5900; x_wconf 68' lang='lat' dir='ltr'><strong>prater</strong></span> <span class='ocrx_word' id='word_1_907' title='bbox 2111 5825 2299 5882; x_wconf 80' lang='lat' dir='ltr'><strong>cellam</strong></span> <span class='ocrx_word' id='word_1_908' title='bbox 2331 5837 2389 5884; x_wconf 87' lang='lat' dir='ltr'><strong>et</strong></span> <span class='ocrx_word' id='word_1_909' title='bbox 2443 5825 2764 5884; x_wconf 83' lang='lat' dir='ltr'><strong>silentium?</strong></span> <span class='ocrx_word' id='word_1_910' title='bbox 2791 5825 2904 5883; x_wconf 77' lang='lat' dir='ltr'><strong>Non</strong></span> <span class='ocrx_word' id='word_1_911' title='bbox 2936 5837 3023 5884; x_wconf 84' lang='lat' dir='ltr'><strong>est</strong></span> <span class='ocrx_word' id='word_1_912' title='bbox 3050 5828 3214 5884; x_wconf 89' lang='lat' dir='ltr'><strong>ullum</strong></span> <span class='ocrx_word' id='word_1_913' title='bbox 3251 5845 3446 5901; x_wconf 81' lang='lat' dir='ltr'><strong>pecca-</strong></span> 
     </span>
    </p>
   </div>
   <div class='ocr_carea' id='block_1_119' title="bbox 3092 5919 3125 5980">
    <p class='ocr_par' dir='ltr' id='par_1_119' title="bbox 3092 5919 3125 5980">
     <span class='ocr_line' id='line_1_119' title="bbox 3092 5919 3125 5980; baseline 0 0"><span class='ocrx_word' id='word_1_914' title='bbox 3092 5919 3125 5980; x_wconf 90' lang='lat'><strong><em>3</em></strong></span> 
     </span>
    </p>
   </div>
  </div>
