4212 6440
757 423 830 488 79
2085 415 2369 482 MENSIS
2411 419 2747 484 APRlLIS.
3964 426 4034 488 80

761 563 777 593 ι
820 541 974 596 Finis
995 537 1249 608 praecepti
1273 549 1353 590 est
1385 533 1626 590 cliaritas
1652 533 1714 599 ‘;
1755 550 1772 583 ι
1813 531 2006 587 merito
2031 532 2214 602 Agape
2241 548 2338 586 νο·
2368 541 2419 600 Α
2449 544 2522 599 tu,
2564 535 2851 608 Eutycbia,
2884 535 3035 605 quid,
3080 535 3207 591 ais?
3252 535 3421 603 Idem,
3465 537 3639 608 inquit
3691 538 3802 602 illa,
3841 550 3893 594 et
3933 555 4035 609 ego

757 638 1002 692 cabatur.
1046 633 1154 687 Hoc
1177 632 1321 686 enim
1351 628 1568 683 nomine
1596 626 1769 681 Graeci
1801 626 2128 680 cliaritatem
2161 626 2341 695 appel-

757 734 893 785 lant.
928 727 1110 780 Altera
1151 737 1346 792 purum
1385 736 1446 774 ac
1478 718 1819 788 splendidum
1858 718 2199 787 baptismatis
2261 717 2342 770 iii-

763 836 935 878 torem
964 833 1212 877 servans,
1248 816 1319 868 ita
1351 824 1407 866 ιιι
1437 815 1500 868 de
1532 815 1644 883 ipsa
1679 813 2054 882 prOplieticum
2085 811 2208 864 illud
2235 812 2339 864 dici

756 925 942 985 posset
974 930 985 964 :
1017 931 1032 961 ι
1060 909 1293 965 Lavabis
1322 924 1427 970 me,
1462 915 1515 959 et
1537 920 1697 973 super
1722 907 1898 957 nivem
1949 904 2240 956 dealbahor
2261 904 2335 968 ⁵,)

760 1024 789 1058 a
822 1005 940 1057 nive
1001 1016 1196 1054 nomen
1245 996 1489 1065 accepit;
1550 995 1779 1048 Cliiouia
1830 996 1972 1048 enim
2039 993 2339 1046 dicebatur.

759 1099 942 1152 Tertia
996 1093 1292 1148 Salvatoris
1319 1101 1370 1144 et
1402 1089 1493 1143 Dei
1523 1087 1694 1141 nostri
1728 1089 1949 1149 donum,
1985 1086 2089 1139 hoc
2118 1095 2220 1149 est,
2255 1100 2343 1153 pa-

756 1207 873 1246 rem
918 1189 968 1241 in
1000 1202 1057 1240 se
1088 1185 1313 1246 habens,
1348 1192 1399 1234 et
1431 1181 1484 1233 in
1521 1193 1711 1232 omnes
1744 1193 2026 1240 exercens,
2079 1174 2342 1242 quemad-

757 1284 979 1339 modum
1021 1277 1276 1332 Dominus
1302 1275 1429 1326 dixit
1465 1287 1477 1324 :
1513 1288 1537 1322 ς
1573 1270 1765 1324 Pacem
1805 1284 1980 1323 meam
2005 1270 2072 1320 do
2097 1266 2334 1332 vobis°,i

756 1383 914 1437 lrenc
944 1382 1010 1434 ab
1049 1379 1300 1433 omnibus
1333 1375 1648 1438 vocabatur,
1696 1388 1724 1424 a
1775 1386 1906 1442 pace
1943 1383 2138 1423 nomen
2196 1367 2340 1421 acci-

756 1479 930 1547 piens.
967 1475 1075 1529 llas
1118 1487 1227 1528 tres
1260 1472 1491 1526 feminas
1532 1486 1653 1524 cum
1713 1470 1778 1522 ad
1827 1483 1884 1521 se
1917 1468 2125 1530 ductas,
2180 1476 2229 1518 et
2271 1467 2340 1518 ita

756 1574 982 1627 affectas
1011 1570 1359 1638 magistratus
1381 1565 1626 1628 vidisset,
1661 1572 1719 1617 ut
1747 1562 1848 1618 diis
1865 1560 2129 1636 sacrificia
2149 1557 2344 1612 oll'crre

757 1663 987 1722 nollent,
1023 1660 1142 1727 igne
1171 1657 1494 1711 cremandas
1522 1669 1643 1708 esse
1677 1651 1934 1712 decrevit,
1957 1659 2011 1701 ut
2037 1663 2131 1715 per
2164 1648 2341 1717 ignem

756 1755 936 1826 exigui
979 1751 1262 1818 temporis,
1298 1748 1406 1814 igni
1445 1747 1718 1816 subjectos
1770 1744 2044 1796 diabolum
2102 1755 2345 1794 omnem-

757 1863 861 1916 que
902 1848 1205 1898 daemonum
1245 1851 1543 1902 catervam,
1591 1837 1758 1905 ipsius
1794 1833 1989 1886 diaboli
2019 1832 2340 1893 exercitum,

2452 631 2573 682 diro
2611 647 2623 682 :
2666 629 2808 683 malo
2833 639 2887 682 et
2912 630 3027 698 ipsa
3059 630 3221 695 mori,
3253 645 3414 701 quam
3457 628 3637 684 facere
3664 631 3807 700 quod
3849 631 4031 697 jubes.

2449 723 2539 776 Ait
2575 722 2648 775 illi
2683 738 2880 790 praeses
2907 740 2920 776 :
2951 722 3082 776 Num
3115 725 3289 776 virum
3328 721 3817 788 habes?Mortnus,
3857 724 4037 792 inquit

2451 813 2734 883 Eutycbia,
2771 816 2858 869 ille
2890 825 2992 870 est.
3027 815 3232 869 Prteses
3269 831 3394 869 vero
3428 832 3442 868 :
3483 815 3862 883 Qnauipridem
3888 829 4036 868 mor-

2452 915 2574 961 tuus
2602 908 2722 962 est?
2753 910 2891 963 Ante
2923 924 3136 963 nienses
3162 908 3274 964 fere
3295 920 3524 978 septem,
3555 909 3726 977 inquit
3749 909 4034 978 Eulycliia.

2452 995 2602 1050 Tunc
2632 998 2716 1050 ille
2750 1015 2762 1050 :
2803 998 2867 1051 Et
2899 992 3169 1052 undcnam
3203 1001 3370 1067 igitur
3399 999 3615 1068 gravida
3645 999 3788 1051 facta
3826 998 3926 1051 es?
3956 998 4036 1050 Ex

2451 1104 2535 1152 eo.
2578 1090 2747 1157 inquit
2781 1091 2889 1156 illa,
2924 1092 3061 1156 viro,
3090 1107 3251 1159 quem
3286 1091 3435 1144 dedit
3471 1091 3599 1143 milii
3633 1090 3794 1143 Deus.
3825 1090 4038 1144 Praeses

2452 1193 2631 1233 autem
2660 1197 2674 1232 :
2706 1179 2904 1234 llortor
2937 1193 3013 1245 te,
3045 1182 3326 1251 Entycltia,
3357 1191 3414 1235 ut
3447 1181 3515 1234 ab
3563 1182 3664 1234 ista
3709 1182 3918 1235 insania
3945 1183 4042 1233 de-

2451 1276 2644 1328 sistere
2682 1275 2834 1340 velis,
2867 1286 2921 1328 et
2971 1278 3036 1328 ad
3078 1277 3343 1329 humanas
3401 1274 3757 1342 cogitationes
3824 1275 4037 1327 redeas.

2452 1365 2588 1431 Quid
2615 1365 2727 1418 ais?
2761 1369 2908 1418 visne
2937 1368 3098 1435 regali
3132 1369 3307 1423 edicto
3330 1365 3561 1435 parere?
3590 1365 3829 1431 Minime,
3864 1367 4042 1434 inquit

2455 1458 2742 1527 Eutycliia,
2773 1474 2871 1526 ego
2906 1475 3096 1526 parere
3142 1460 3282 1525 volo,
3345 1475 3462 1514 sum
3509 1461 3652 1512 enim
3705 1460 4038 1520 Christiana,

2452 1547 2546 1601 Dei
2573 1551 2957 1617 omnipateulis
2998 1564 3180 1601 serva.
3211 1548 3344 1601 Tum
3382 1550 3507 1602 ille:
3558 1553 3822 1614 Queniam
3872 1548 4043 1616 Euty-

2452 1642 2572 1694 cliia
2609 1640 2828 1709 gravida
2862 1651 2966 1704 εει,
3011 1641 3212 1694 interea
3255 1651 3500 1693 servetur
3555 1641 3607 1693 in
3657 1654 3877 1692 carcere
3932 1640 4035 1705 (5).

2453 1734 2630 1800 Atque
2657 1735 2770 1785 haec
2802 1730 3010 1783 addidit
3040 1747 3054 1783 :
3091 1728 3168 1782 Tu
3199 1745 3344 1793 vero,
3374 1730 3576 1798 Agaue,
3612 1732 3838 1798 quiilais
3869 1729 3890 1781 ?
3929 1729 4045 1780 Viso

2457 1839 2523 1878 ne
2549 1824 2730 1878 omnia
2763 1824 2850 1876 illa
2893 1823 3093 1885 facere,
3125 1838 3245 1891 qua:
3273 1838 3371 1876 nos
3412 1825 3642 1876 dominis
3692 1821 4044 1889 imperatori-

757 1913 850 2010 qui
879 1940 977 1990 sub
1013 1935 1152 1995 coelo
1183 1942 1288 1998 est,
1340 1939 1685 1998 superantes,
1745 1927 2117 1993 incorruptam
2167 1920 2348 1992 gloria:
2378 1921 2422 1976 Β
2454 1917 2551 1970 bus
2580 1931 2640 1970 ac
2665 1915 2971 1970 Caesaribus
3020 1921 3222 1969 nostris
3277 1916 3456 1967 devoti
3495 1913 3761 1966 facimus?
3795 1913 4041 1974 Minime.

759 2046 1014 2085 coronam
1048 2024 1296 2094 adipisci,
1331 2037 1395 2074 ac
1429 2022 1594 2074 Deum
1638 2019 1835 2088 ipsum,
1860 2029 1891 2069 a
1927 2031 2033 2082 quo
2061 2014 2238 2082 gratia
2265 2011 2344 2066 eis

759 2124 949 2176 collata
984 2130 1090 2183 est,
1125 2113 1486 2183 cumangelis
1544 2117 1805 2181 perpetuo
1865 2106 2178 2160 collaudare
2222 2119 2345 2172 pos-

759 2225 898 2267 sent.
932 2209 1062 2274 Quae
1100 2222 1227 2260 vero
1261 2204 1326 2257 ab
1357 2204 1462 2256 illis
1486 2211 1636 2271 gesta
1665 2207 1812 2262 sunt,
1852 2212 1915 2251 ea
1946 2196 2186 2250 breviter
2219 2207 2346 2244 nar-

767 2305 1034 2361 rabimus.

831 2397 917 2447 Ill.
943 2396 1076 2446 Cum
1107 2390 1422 2457 praesideret
1445 2388 1725 2441 Dulcetius
1747 2386 1846 2446 l2),
1867 2380 2206 2436 Artemensis
2241 2379 2340 2452 [αι.

766 2482 1114 2555 Artemisius]
1162 2483 1342 2537 scriba
1383 2481 1517 2535 dixit
1546 2498 1558 2534 :
1588 2478 1966 2548 Cognitionem
2007 2477 2072 2529 de
2097 2477 2200 2536 his,
2247 2473 2341 2543 qui

764 2591 1054 2648 prmscntcs
1072 2589 1219 2635 sunt,
1236 2594 1261 2627 a
1282 2574 1600 2632 stationario
1621 2575 1867 2635 missam,
1891 2573 1931 2624 si
1948 2571 2130 2642 jubc's.
2152 2571 2349 2637 legam.

763 2669 1162 2736 .lubeo.inquit
1199 2667 1475 2720 Dulcetius
1520 2679 1740 2734 priL'SCS,
1765 2674 1814 2718 te
1855 2665 2051 2730 legere.
2091 2661 2242 2714 Tunc
2279 2659 2350 2712 ait

765 2763 944 2816 scriba
969 2778 982 2817 :
1010 2759 1214 2813 Ordine
1241 2760 1334 2812 tibi
1365 2774 1482 2812 meo
1507 2758 1733 2810 domino
1762 2756 1970 2813 omnia,
2006 2768 2125 2820 qua!
2154 2749 2352 2817 scripta

763 2864 914 2913 sunt,
943 2855 1206 2905 recitabo.
1233 2852 1539 2904 Cassander
1559 2845 1945 2901 beneficiarios
1968 2847 2079 2897 haec
2100 2841 2352 2909 scripsit:

764 2943 936 3003 Scito,
966 2938 1033 2992 nii
1087 2938 1323 2996 domine,
1358 2935 1722 3001 Agathonem,
1761 2933 1998 2997 Agapen,
2035 2930 2346 2995 Chioniam,

763 3036 982 3094 lrcneu,
1014 3030 1256 3090 Casiam,
1286 3025 1615 3094 Philippum,
1647 3037 1698 3078 et
1729 3022 2052 3091 Eutycliiam
2091 3022 2230 3075 nolle
2264 3023 2348 3076 liis

764 3128 937 3186 vesci,
968 3139 1086 3189 qttze
1117 3123 1222 3174 diis
1255 3131 1380 3171 sunt
1412 3118 1709 3170 immolata.
1746 3117 1846 3166 Eas
1871 3116 2034 3182 igitur
2080 3116 2144 3164 ad
2202 3125 2345 3166 ruam

767 3216 1176 3290 amplitudinem
1233 3209 1579 3265 adducendas
1611 3221 1732 3259 esse
1786 3205 1993 3258 curavi.
2029 3202 2180 3257 Tune
2229 3203 2352 3256 Dul-

764 3318 938 3367 cetius
996 3322 1196 3376 przeses
1235 3306 1308 3356 illi
1336 3303 1473 3357 dixit
1533 3316 1546 3352 :
1598 3298 1853 3364 Qiuenarn
1903 3308 1986 3352 est
2034 3298 2133 3351 ista
2172 3308 2346 3352 vestra

768 3416 917 3461 tanta
954 3401 1160 3455 insania
1185 3439 1197 3461 ,
1233 3407 1289 3449 ut
1327 3395 1509 3449 nolitis
1570 3393 1990 3462 religiosissimis
2037 3401 2348 3446 noalrorum

765 3500 1154 3566 imperatorum
1189 3501 1240 3544 et
1277 3490 1551 3541 Caesarum
1582 3487 1749 3551 jussis
1778 3483 2042 3535 obedire?
2077 3484 2349 3550 Agatlioni

766 3584 1218 3649 aliteszuare,
1274 3580 1468 3647 inquit,
1528 3588 1579 3632 tu
1632 3577 1698 3630 ad
1753 3593 1907 3631 sacra
1969 3575 2347 3646 proficiscens,

763 3678 1224 3750 quemadmodum
1270 3681 1689 3730 consueverunt.
1726 3673 1816 3739 qui
1883 3671 1985 3724 diis
2035 3671 2348 3725 consecrati

764 3785 914 3834 sunt,
952 3787 1056 3824 non
1093 3769 1177 3823 his
1209 3767 1378 3820 sacris
1416 3781 1544 3815 usus
1572 3764 1670 3816 es?
1712 3765 2010 3829 Respondit
2062 3768 2274 3830 Agatho
2327 3777 2342 3813 :

765 3865 1030 3929 Quoniam
1051 3859 1396 3913 Christianus
1423 3872 1520 3922 ego
1547 3870 1686 3905 sum.
1715 3851 1848 3904 Tum
1873 3851 2146 3905 Dulce-tios
2173 3869 2186 3905 :
2210 3851 2348 3906 Num

766 3967 821 4007 tu
882 3956 1044 4007 etiam
1107 3949 1373 4003 hodierno
1403 3948 1488 3999 die
1523 3947 1575 3998 in
1613 3960 1676 3998 eo
1709 3947 1985 4012 proposito
2022 3944 2351 4012 perinanes?

767 4049 1025 4107 Maxime,
1063 4045 1236 4108 inquit
1272 4042 1507 4106 Agatho.
1546 4041 1614 4089 At
1649 4039 1778 4087 ille:
1821 4035 1900 4086 Tu
1962 4051 2109 4096 vero,
2147 4039 2348 4105 Agape,

765 4143 893 4209 quid
923 4135 1042 4189 ais?
1075 4131 1371 4200 licSpondit
1400 4146 1412 4182 :
1453 4131 1560 4200 Ego
1591 4128 1697 4180 Ι)υο
1733 4127 1930 4179 viventi
1958 4130 2141 4190 credo,
2176 4140 2351 4194 neque

763 4235 884 4286 volo
918 4240 1060 4284 recte
1095 4226 1361 4283 factorum
1415 4224 1806 4274 Conscienttam
1867 4234 2042 4274 meam
2100 4221 2347 4287 perdere.

765 4329 918 4381 Tunc
947 4336 1146 4387 praeses
1178 4339 1188 4367 :
1219 4316 1296 4369 Tu
1317 4330 1494 4369 autem
1526 4316 1652 4383 quid
1676 4317 1740 4364 ad
1767 4316 1878 4365 lucc
1897 4315 2055 4375 dicis,
2085 4312 2352 4366 Citionia?

763 4418 854 4471 Ait
886 4414 972 4466 illa
1011 4427 1022 4462 :
1060 4409 1194 4463 Cum
1231 4411 1336 4464 Dco
1365 4409 1487 4460 vivo
1518 4406 1758 4468 credam,
1792 4410 1859 4457 ob
1882 4404 1930 4456 id
1960 4405 2104 4457 nolui
2147 4402 2347 4469 facere,

762 4509 908 4576 quod
945 4508 1101 4557 dicis.
1138 4505 1212 4554 Ad
1252 4501 1443 4561 irencn
1485 4514 1617 4550 vero
1644 4512 1943 4552 cOnversus
1984 4513 2202 4566 praeses,
2239 4503 2349 4550 ait:

2453 2009 2628 2078 inquit
2663 2010 2863 2078 Agape,
2898 2009 3051 2062 decet
3086 2008 3303 2060 Salaria:
3334 2011 3582 2062 devorant
3635 2023 3719 2060 me
3755 2021 3895 2059 esse.
3947 2004 4044 2058 His

2451 2104 2633 2157 verbis
2666 2117 2815 2156 mens
2851 2115 2970 2154 mea
3023 2117 3126 2155 non
3182 2103 3469 2154 abducitur
3531 2118 3545 2154 :
3597 2100 4044 2169 inexpugnabilis

2453 2194 2593 2248 enirn
2620 2193 2706 2244 illa
2736 2201 2838 2246 est.
2869 2190 3022 2244 Tunc
3051 2207 3249 2258 praeses
3285 2191 3360 2244 ait
3392 2210 3405 2243 :
3439 2191 3505 2243 Et
3534 2201 3609 2249 tu.
3636 2190 3889 2253 Chionia,
3911 2191 4045 2256 quid

2455 2284 2518 2336 ad
2550 2283 2662 2335 haec
2695 2281 2868 2335 dicis?
2897 2279 3127 2334 Mentem
3152 2292 3417 2344 nostram,
3459 2282 3633 2347 inquit
3659 2280 3908 2341 Chionia,
3943 2294 4045 2333 ne-

2455 2389 2543 2428 mo
2570 2383 2748 2442 pOtcst
2775 2381 3107 2444 pervertere.
3145 2373 3214 2424 At
3246 2387 3447 2440 praeses
3478 2389 3492 2425 :
3522 2369 3658 2424 Num
3688 2371 3865 2438 aliqua
3899 2372 4047 2438 apud

2455 2480 2549 2520 vos
2574 2476 2698 2519 sunt
2724 2467 3009 2532 impiorum
3050 2463 3484 2517 Christianorum
3518 2466 3929 2525 enmtnentaria,
3958 2459 4046 2513 vel

2454 2562 2785 2613 membrana:
2815 2560 3030 2625 aliquae,
3074 2556 3154 2610 vel
3202 2555 3360 2610 libri?
3418 2555 3715 2623 Respondit
3756 2554 3986 2607 Cliionia
4028 2568 4045 2606 :

2456 2649 2632 2716 Nulla,
2668 2665 2698 2701 ο
2731 2665 2953 2718 prmses,
2985 2649 3140 2701 nobis
3167 2658 3291 2703 sunt
3315 2667 3329 2714 ;
3353 2650 3533 2702 omnia
3563 2649 3646 2700 illa
3685 2649 4047 2715 imperatores

2457 2747 2546 2813 qui
2579 2758 2723 2797 nunc
2749 2752 2896 2805 sunt,
2919 2758 2946 2794 a
2978 2742 3134 2796 nobis
3174 2742 3535 2795 abstulerunt.
3575 2743 3782 2795 l’raases
3815 2752 3998 2793 autem
4027 2755 4040 2790 :

2456 2837 2717 2903 Quisnam
2783 2836 2920 2889 lianc
2982 2847 3216 2888 mentem
3276 2834 3427 2886 vobis
3467 2831 4048 2898 dedit?0mnipotens

2458 2932 2626 2993 Deus,
2661 2931 2832 2998 inquit
2861 2930 2972 2982 illa.
3001 2928 3142 2981 Dixit
3169 2938 3348 2981 autem
3371 2940 3611 2996 praeses:
3640 2915 3867 2992 Quinam
3891 2933 4050 2989 sunt,

2455 3026 2544 3091 qui
2577 3023 2730 3076 vobis
2753 3031 3000 3076 auctores
3015 3021 3248 3085 fuerunt,
3271 3033 3327 3076 ut
3351 3023 3417 3076 ad
3445 3022 3600 3075 istam
3633 3019 3921 3074 stultitiam
3949 3033 4051 3074 ve-

2457 3117 2687 3170 niretis?
2714 3114 2876 3174 Deus.
2907 3116 3078 3183 inquit
3110 3115 3359 3180 Cliionia,
3399 3116 3745 3183 omnipotens
3772 3125 3822 3167 et
3850 3113 4047 3181 unige-

2461 3210 2604 3262 nitus
2632 3209 2750 3278 ejus
2789 3209 2981 3274 Filius,
3015 3210 3271 3262 Dominus
3303 3219 3486 3260 noster
3537 3207 3698 3260 Jesus
3759 3206 4044 3260 Christus.

2459 3300 2730 3355 Dulcetius
2775 3301 2893 3352 ait:
2943 3298 3282 3352 Manifestum
3329 3299 3458 3350 illud
3506 3307 3609 3361 est,
3659 3301 3798 3365 quod
3854 3310 4050 3350 omnes

2454 3407 2553 3447 vos
2589 3393 2863 3448 devotioni
2917 3403 3227 3446 n0strorum
3293 3390 3591 3461 petentium
3649 3391 4050 3456 imperatorum

2457 3503 2520 3541 ac
2552 3486 2824 3542 Caesarum
2854 3487 3128 3557 subjectos
3167 3501 3289 3541 esse
3323 3495 3554 3554 oportet.
3594 3483 3863 3548 Quoniam
3916 3496 4053 3535 vero

2456 3592 2577 3652 post
2611 3593 2719 3636 tam
2770 3583 2994 3636 multum
3047 3592 3279 3650 tempus,
3327 3592 3448 3649 post
3499 3587 3580 3633 tot
3622 3577 4050 3638 admonitiones,

2458 3687 2642 3743 t0tqne
2667 3676 2841 3729 edicta
2869 3676 3166 3741 proposita,
3195 3685 3247 3727 et
3285 3675 3418 3727 tales
3450 3673 3626 3726 minas
3658 3672 3905 3738 injectus,
3946 3685 4048 3723 vos

2456 3771 2764 3824 temeritate
2791 3767 3021 3836 qnadam
3059 3778 3115 3819 et
3142 3769 3365 3820 audacia
3400 3767 3574 3828 elatre,
3607 3767 3841 3833 ipsorum
3872 3765 4049 3830 impe-

2457 3874 2694 3917 ratorum
2724 3879 2786 3917 ac
2818 3862 3264 3931 Caesarumjusta
3305 3861 3458 3928 jussa
3509 3859 3936 3926 contempsistis,
3993 3858 4045 3910 in

2455 3957 2888 4012 Christianorum
2919 3958 3084 4024 impio
3112 3955 3329 4008 nomine
3355 3965 3735 4023 permanentes
3765 3970 3778 4005 :
3808 3964 4050 4016 cumque

2456 4053 2521 4104 ad
2554 4052 2872 4103 hodiernum
2911 4050 3054 4100 diem
3086 4048 3249 4114 iussae
3293 4063 3321 4100 a
3384 4048 3720 4101 stationariis
3752 4061 3812 4098 ac
3850 4048 4047 4113 primis

2459 4137 2738 4204 militibus,
2780 4140 2983 4194 ChriSti
3052 4140 3394 4205 negationem
3449 4127 3733 4205 scriptam'
3772 4137 4044 4204 proliteri,

2454 4231 2634 4289 facere
2663 4236 2713 4288 id
2752 4235 3037 4298 recusetis,
3067 4244 3352 4300 propterea
3381 4247 3595 4300 .prenas
3645 4231 3800 4282 vobis
3847 4233 4046 4295 dignas

2456 4330 2704 4395 accipite.
2748 4326 2799 4377 Id
2833 4340 2953 4376 eum
2986 4327 3232 4386 dixisset,
3285 4325 3613 4374 sententiam
3663 4321 3924 4388 scriptam
3968 4320 4048 4374 le-

2457 4423 2571 4488 git:
2607 4422 2824 4483 Agapen
2850 4425 2902 4468 et
2926 4414 3235 4474 Chionium,
3260 4412 3512 4481 quoniam
3543 4413 3746 4482 iniquis
3769 4415 4045 4468 mentibus

2458 4523 2508 4567 et
2531 4510 2818 4564 contrariis
2853 4511 3136 4563 sententiis
3173 4510 3345 4570 elatae,
3377 4519 3565 4563 contra
3619 4507 3862 4561 divinum
3922 4507 4045 4559 edi-

764 4602 1034 4667 Quidnam
1069 4604 1123 4648 tu
1158 4596 1221 4646 ad
1252 4589 1411 4646 haec?
1473 4605 1569 4643 cur
1610 4605 1719 4643 non
1759 4591 2002 4658 piissimo
2040 4604 2346 4643 nostrorum

2457 4613 2601 4656 Clum
2630 4603 2974 4654 dominorum
3006 4602 3372 4664 Augustorum
3397 4613 3448 4651 et
3471 4602 3743 4652 Caesarum
3771 4599 4044 4663 fecerunt,

764 4695 1154 4760 imperatorum
1208 4697 1261 4739 ct
1303 4684 1582 4738 Caesarqu
1630 4684 1804 4749 jnssui
1867 4683 2352 4751 obtemperavisti?

765 4784 944 4838 Divini
977 4780 1186 4832 timoris
1207 4787 1390 4842 Causa,
1417 4775 1595 4843 inquit
1625 4776 1796 4829 lrene.
1832 4773 1963 4830 Dein
1990 4793 2188 4845 ιιι-ωερε
2218 4796 2230 4831 ;
2269 4777 2347 4832 Tu

763 4893 918 4943 vero,
945 4875 1128 4938 Casia,
1159 4873 1288 4942 quid
1324 4866 1442 4922 ais?
1473 4869 1722 4920 Animam
1754 4869 2146 4936 meam,inqnit
2168 4871 2346 4932 Casia,

762 4983 985 5026 scrvare
1042 4965 1182 5018 volo.
1223 4963 1429 5016 Pra'ses
1477 4971 1658 5014 autem
1696 4977 1710 5012 :
1743 4958 2014 5029 Numquid
2062 4976 2345 5015 sacrorum

760 5070 845 5123 vis
875 5080 996 5120 esse
1028 5057 1348 5134 particeps?
1379 5057 1618 5122 Minime,
1656 5057 1828 5126 inquit
1863 5055 1973 5109 illa.
2008 5054 2158 5111 Tunc
2212 5073 2346 5126 prae-

763 5175 850 5217 ses
878 5175 892 5212 :
927 5159 1007 5212 'fu
1038 5171 1190 5219 vero,
1227 5151 1498 5220 Philippa,
1534 5147 1668 5218 quid
1686 5149 1863 5202 dicis?
1893 5149 2192 5219 ReSpondit
2216 5152 2302 5204 illa
2330 5167 2345 5204 ε

763 5253 913 5308 Idem
939 5261 993 5304 et
1013 5263 1112 5318 ego
1136 5248 1278 5299 dico.
1308 5246 1600 5310 Quidnam,
1626 5241 1798 5311 inquit
1820 5256 2047 5311 praeses,
2076 5243 2175 5296 hoc
2207 5242 2349 5326 idem

761 5354 868 5408 est,
901 5343 1044 5410 quod
1075 5337 1252 5392 dicis?
1307 5334 1385 5391 llli
1445 5348 1626 5388 autem
1682 5334 1927 5405 Philippa
1968 5351 1982 5384 τ
2014 5334 2148 5389 Mori
2186 5336 2345 5402 malo,

768 5450 937 5504 quam
993 5432 1191 5486 veSIris
1219 5428 1505 5484 sacriliciis
1537 5426 1707 5482 vesci.
1765 5425 1919 5482 Tunc
1954 5443 2157 5496 praeses
2194 5446 2207 5483 :
2247 5430 2354 5486 Sed

834 5591 905 5644 ⁵1
945 5592 1087 5645 Tim.
1126 5607 1164 5654 ι,
1193 5591 1245 5645 5.
1323 5591 1342 5621 ³
1379 5589 1520 5644 Psal.
1555 5589 1680 5654 1.,9.
1761 5591 1781 5621 '
1812 5591 1971 5645 Joan.
2009 5605 2116 5652 xiv,
2146 5587 2234 5640 27.

836 5750 912 5815 (Ξ)
954 5753 1109 5802 Anno
1160 5747 1281 5802 304.
1329 5745 1457 5800 Vide
1480 5747 1796 5800 Baronium.

837 5823 914 5888 t5}
950 5821 1088 5887 Lege
1141 5824 1284 5871 enim
1350 5821 1699 5890 vetitnm‘dcr
1732 5817 2137 5887 praegnantibus
2203 5821 2340 5871 sumi

764 5896 1085 5963 suppliCtunt
1114 5894 1272 5945 docet
1317 5889 1640 5944 Plutarchus
1668 5889 1730 5942 de
1762 5893 1840 5942 his
1867 5892 1954 5963 qui
1997 5908 2110 5944 sero
2163 5909 2191 5944 η
2244 5902 2342 5943 ttu-

2458 4703 2510 4747 et
2545 4710 2686 4746 nunc
2725 4695 2888 4743 etiam
2925 4693 3294 4756 temerariam,
3332 4707 3522 4747 vanam
3564 4701 3617 4744 et
3653 4693 3753 4758 piis
3787 4694 4046 4745 omnibus

2456 4785 2850 4840 exsecrabilem
2871 4783 3305 4836 Christianorum
3341 4785 3655 4854 religionem
3687 4784 3899 4844 colunt,
3926 4783 4040 4851 igni

2461 4877 2747 4928 tradendus
2774 4876 2956 4944 jubco.
2989 4875 3187 4942 Hisque
3224 4875 3404 4936 dictis,
3459 4875 3738 4942 Subjunxit
3772 4890 3785 4924 :
3827 4875 4046 4939 Agatho

2456 4975 2661 5027 autem,
2699 4964 2882 5024 Casia,
2937 4961 3181 5032 Philippa
3231 4973 3287 5016 et
3339 4963 3512 5026 lreue,
3546 4962 3722 5030 quoad
3757 4962 3888 5014 milii
3921 4961 4047 5029 pla-

2456 5059 2649 5119 cuerit,
2687 5067 2969 5111 serventur
3002 5059 3052 5110 in
3086 5070 3326 5111 carcere.

2525 5145 2613 5201 IV.
2648 5146 2841 5200 Postea
2872 5161 3017 5210 vero,
3051 5160 3212 5216 quam
3250 5145 3614 5205 sanctissima:
3649 5144 3910 5200 mulieres
3930 5144 4044 5214 igni

2453 5249 2844 5296 consummata:
2866 5250 3014 5300 sunt,
3039 5255 3160 5293 cuin
3184 5254 3374 5293 rursus
3395 5247 3582 5294 sancta
3609 5236 3760 5292 lrene
3796 5239 3862 5290 ad
3896 5251 4044 5304 pra:-

2455 5335 2626 5387 sidem
2659 5334 2818 5384 ducta
2852 5333 3062 5398 fuisset,
3099 5331 3373 5387 Dulcetius
3402 5334 3482 5387 sic
3508 5330 3871 5386 illamall‘atus
3903 5338 3986 5383 est
4025 5347 4040 5382 :

2457 5423 2587 5480 Tua!
2621 5426 2845 5481 insanire
2881 5428 3215 5496 propositum
3263 5441 3328 5481 ex
3368 5409 3478 5495 liis,
3507 5441 3624 5495 qua:
3659 5423 3816 5489 facis,
3861 5423 4046 5478 mani-

2458 5748 2596 5801 mine
2628 5747 2938 5814 puniuntur.
2976 5745 3079 5800 Sed
3119 5759 3214 5795 nee
3246 5744 3311 5799 de
3341 5745 3419 5796 eis
3451 5744 3634 5797 haberi
3676 5741 4036 5811 qumsliooem

2456 5821 2686 5874 allii-mat
2717 5819 2979 5890 Ulpianus
3013 5819 3053 5872 l.
3089 5817 3424 5888 Ρναδθηιιηιίδ
3457 5816 3511 5870 ιι.
3558 5815 3632 5870 De
3661 5817 3858 5885 pinnis.
