4212 6440
177 436 245 498 8i
1209 430 1392 494 VITA
1429 430 1534 491 SS.
1576 424 1868 489 AGAPES
1908 427 2006 488 ΕΤ
2046 429 2464 492 SOCIARUM.
3374 424 3447 489 82

179 547 324 600 festo
348 550 598 613 apparet,
626 556 746 613 qua:
768 550 847 598 tot
876 543 1238 610 membranas,
1286 542 1478 609 libros,
1513 542 1761 610 tabellas,
1792 543 1841 601 Δ
1871 549 1965 595 cut
2023 556 2050 594 a
2076 542 2349 612 principio
2393 554 2849 597 consueveramus
2905 554 3078 610 usque
3136 542 3202 596 ad
3249 556 3449 598 annum

178 634 459 691 codicillos
516 644 569 689 et
612 636 835 705 paginas
868 634 1297 705 Scripturarum,
1330 651 1449 705 quae
1483 643 1611 690 sunt
1662 634 1764 687 im-

180 730 397 797 piorum
429 728 891 798 Christianorum,
916 728 1006 798 qui
1044 744 1281 799 unquam
1307 728 1544 789 fuerunt,
1578 726 1645 779 ad
1670 725 1767 780 bo-

180 821 433 876 diernum
490 836 658 888 usque
704 822 842 876 diem
883 837 1104 876 servare
1170 820 1388 875 voluisti
1424 837 1437 873 :
1474 833 1597 886 quas
1642 832 1765 872 cum

179 915 393 985 prolata
424 924 631 979 essent,
666 929 728 967 ea
761 915 1084 981 cognovisti,
1120 914 1366 981 quamvis
1392 912 1635 981 quotidie
1664 924 1763 965 ne-

180 1010 417 1078 gaveris,
453 1023 550 1062 vos
586 1007 847 1073 ejusmodi
882 1009 1087 1076 scripta
1139 1007 1439 1076 possidere,
1483 1019 1589 1057 non
1635 1017 1767 1056 con-

183 1110 334 1155 tenta
364 1114 538 1169 neque
570 1114 817 1153 sororum
852 1110 1066 1154 tuarum
1117 1114 1301 1169 pmna,
1361 1111 1538 1165 neque
1582 1094 1770 1148 mortis

182 1202 388 1245 metum
418 1206 525 1260 prae
547 1192 720 1246 oculis
746 1193 976 1246 habens.
1010 1191 1372 1259 Quamobrem
1402 1188 1497 1243 tibi
1552 1201 1768 1255 poenam

183 1281 366 1337 atferri
391 1298 615 1337 necesse
633 1293 736 1337 est.
771 1284 875 1337 Sed
908 1283 1143 1337 alienum
1174 1293 1357 1337 tamen
1392 1295 1498 1334 non
1527 1280 1769 1342 videtur,

180 1378 347 1431 etiam
395 1392 537 1429 nunc
568 1375 922 1441 benignitatis
961 1386 1169 1443 partem
1213 1374 1454 1441 aliquam
1504 1372 1599 1425 tibi
1639 1386 1769 1426 con-

182 1468 404 1531 donari,
428 1480 484 1519 ut
511 1469 553 1521 si
586 1468 818 1521 volueris
851 1482 994 1521 nunc
1024 1467 1214 1521 saltem
1261 1467 1388 1519 deos
1446 1480 1764 1535 agnoscere,

183 1560 428 1629 impunis
452 1570 500 1613 et
528 1560 594 1613 ab
622 1561 770 1613 omni
795 1559 1062 1627 supplicio
1087 1560 1436 1628 periculoque
1456 1559 1622 1613 libera
1649 1574 1773 1615 esse

179 1655 384 1721 possis.
419 1651 557 1719 Quid
590 1653 755 1723 igitur
786 1653 960 1707 dicis?
1021 1652 1245 1707 Facisne
1286 1653 1429 1720 quod
1479 1653 1775 1724 imperato-

181 1760 275 1799 res
311 1747 479 1799 nostri
515 1755 569 1799 et
620 1747 863 1801 Caesares
919 1745 1237 1816 jusserunt?
1288 1745 1424 1799 Num
1483 1756 1669 1813 parata
1716 1762 1776 1804 es

183 1838 475 1892 sacrificiis
507 1842 669 1899 vesci,
699 1849 750 1893 et
782 1840 885 1893 diis
930 1840 1250 1893 immolare?
1304 1839 1547 1905 Minime,
1602 1842 1773 1911 inquit

1875 633 2236 702 superiorem.
2292 649 2397 701 quo
2447 641 2502 688 et
2558 632 2651 687 illa
2706 632 3120 688 occultavimus.
3179 631 3454 688 Dulcetius

1874 724 2547 794 praeses.dicit:Sorores
2590 726 2808 793 quidem
2863 736 2965 779 tum
3020 739 3212 794 pmnas
3268 735 3453 780 nostro

1870 816 2025 885 jussu
2067 817 2313 871 decretas
2360 816 2743 880 exsolverunt;
2799 826 2851 870 te
2887 831 3034 873 vero.
3093 816 3190 869 etsi
3263 828 3452 871 antea-

1875 928 2037 984 quam
2074 912 2400 983 aufugisses,
2440 924 2726 984 propterea
2755 916 2896 983 quod
2951 915 3147 977 scripta
3185 929 3246 965 ac
3284 929 3457 965 mem-

1876 1004 2076 1059 branas
2100 1007 2236 1060 istas
2265 1004 2657 1066 occultaveras,
2691 1005 2880 1057 mortis
2914 1016 3074 1070 poena
3109 1003 3201 1053 tihi
3231 1002 3448 1055 decreta

1876 1096 2077 1159 fuerat,
2109 1112 2214 1150 non
2251 1107 2428 1150 tamen
2463 1097 2648 1150 eodem
2684 1096 2841 1149 modo
2871 1094 3037 1161 juheo
3067 1112 3097 1150 e
3118 1096 3225 1148 vita
3261 1095 3340 1148 sic
3370 1110 3452 1148 re-

1876 1201 2040 1260 pente
2071 1191 2349 1245 discedere
2383 1208 2396 1244 :
2435 1206 2623 1244 verum
2662 1202 2754 1258 per
2781 1188 3044 1242 satellites
3068 1188 3234 1257 ipsos,
3272 1199 3323 1241 et
3352 1185 3455 1239 Zo-

1879 1283 2075 1339 simum
2105 1283 2374 1349 puhlicum
2408 1283 2722 1336 carnificem
2758 1280 2812 1335 in
2844 1282 3088 1347 lupanari
3114 1284 3309 1333 nudam
3345 1289 3456 1334 sta-

1882 1378 1957 1431 tui
1987 1377 2262 1446 praecipio,
2285 1390 2314 1429 e
2338 1374 2558 1443 pallario
2594 1374 2819 1444 singulis
2846 1374 3036 1428 diebus
3061 1390 3250 1444 panem
3284 1389 3450 1427 unum

1879 1478 2204 1530 Sumentem,
2236 1466 2560 1522 satellitibus
2591 1466 2722 1536 ipsis
2778 1481 2887 1522 non
2925 1469 3363 1536 permittentibus
3402 1475 3455 1519 te

1879 1558 2030 1613 illinc
2056 1560 2353 1613 discedere.

1954 1650 2038 1705 Vl.
2072 1651 2204 1705 Cum
2239 1652 2405 1726 igitur
2433 1652 2692 1706 satellites
2719 1664 2767 1705 et
2800 1651 3056 1705 Zosimus
3091 1650 3334 1720 publicus
3352 1651 3454 1701 nii-

1884 1747 2051 1803 nister
2102 1758 2299 1817 praesto
2351 1756 2578 1802 essent:
2609 1747 2769 1808 Illud,
2810 1748 2986 1817 inquit
3024 1761 3248 1816 praeses,
3303 1744 3456 1797 vobis

1884 1852 2069 1894 natum
2096 1842 2346 1909 sit,quod
2375 1841 2419 1896 si
2446 1842 2574 1895 mihi
2603 1842 2961 1911 signiﬁcatum
2993 1839 3173 1904 fuerit,
3207 1838 3284 1889 vel
3312 1840 3456 1895 liora

184 1930 367 1994 Ireue,
406 1930 626 1984 minime
662 1946 757 1998 per
788 1931 955 1985 Deum
991 1933 1139 1985 illum
1178 1933 1626 2002 omnipotentem,
1679 1934 1768 2000 qui
1805 1903 1851 1962 Β
1882 1933 2110 2000 alicuius
2137 1947 2409 1989 momento
2441 1935 2595 1990 istam
2620 1950 2685 1990 ex
2716 1949 2780 1988 eo
2807 1934 2924 1988 loco
2952 1945 3151 1984 metam
3187 1930 3373 1994 fuisse,
3404 1931 3453 1982 in

181 2020 393 2071 creavit
429 2018 623 2072 caelum
651 2029 705 2073 et
734 2029 957 2078 terram.
1010 2034 1161 2072 mare
1210 2029 1265 2072 et
1319 2020 1521 2081 omnia,
1556 2034 1675 2086 qua:
1714 2020 1766 2073 in

183 2110 268 2163 eis
300 2120 447 2162 sunt.
484 2109 707 2164 Summa
736 2112 878 2163 enim
912 2110 1055 2163 illius
1084 2111 1221 2178 ignis
1259 2111 1575 2178 sempiterni
1607 2127 1767 2178 paena

182 2204 461 2271 proposita
490 2203 573 2257 his
602 2216 705 2267 est,
742 2203 832 2270 qui
878 2202 1059 2257 Iesum
1106 2204 1200 2258 Dei
1250 2202 1485 2257 Verbum
1537 2219 1770 2276 negave-

182 2292 317 2345 rint.
358 2293 631 2347 Dulcetius
670 2308 796 2347 vero
828 2310 842 2345 :
880 2294 1139 2359 Quisnam
1175 2292 1269 2349 tibi
1318 2305 1507 2349 auctor
1544 2295 1663 2362 fuit,
1714 2306 1773 2351 ut

186 2384 538 2437 membranas
575 2384 708 2440 istas
749 2397 911 2454 atque
948 2384 1260 2454 Scripturas
1322 2388 1387 2439 ad
1450 2388 1768 2444 hodiernum

183 2491 361 2546 usque
436 2480 575 2531 diem
620 2479 958 2533 custodires!
995 2478 1106 2540 Ille,
1167 2477 1341 2547 inquit
1394 2478 1567 2547 lrene,
1632 2482 1769 2537 Deus

178 2570 557 2637 omnipotens,
600 2572 689 2637 qui
712 2571 871 2638 jussit
897 2585 997 2623 nos
1031 2571 1095 2622 ad
1122 2583 1350 2627 mortem
1385 2588 1556 2641 usque
1591 2575 1768 2643 ipsum

183 2662 411 2727 diligere
446 2680 460 2713 :
494 2678 596 2730 qua
641 2664 706 2716 de
739 2678 903 2717 causa
932 2679 1035 2717 non
1064 2680 1209 2719 ausa:
1236 2682 1421 2720 sumus
1455 2683 1576 2721 eum
1641 2685 1768 2739 pro-

181 2750 366 2805 dere:
406 2754 499 2807 sed
541 2754 830 2808 maluimus
895 2766 989 2809 aut
1037 2759 1281 2813 viventes
1331 2760 1597 2824 comburi,
1652 2770 1766 2827 aut,

181 2858 523 2911 quaecunque
556 2845 658 2899 alia
687 2848 841 2902 nobis
868 2848 1189 2913 acciderint,
1226 2852 1454 2921 perpeti,
1488 2866 1650 2921 quam
1687 2862 1769 2905 ta-

182 2935 257 2989 lia
294 2938 499 2999 scripta
538 2941 785 3006 prodere.

266 3028 336 3085 ν.
370 3030 507 3083 Tum
538 3048 738 3097 praeses
769 3050 782 3085 :
811 3033 1093 3098 Quisnam,
1125 3035 1316 3102 inquit,
1351 3039 1598 3091 conscius
1651 3044 1770 3092 erat

184 3125 303 3175 haec
334 3121 386 3175 in
421 3123 574 3174 domu
606 3123 691 3176 illa
723 3138 841 3177 esse
892 3125 941 3178 in
978 3141 1085 3194 qua
1114 3128 1443 3182 habitabas?
1473 3127 1768 3195 Respondit

1872 2038 1979 2092 quo
2004 2024 2422 2091 essejussimus.
2458 2036 2582 2081 tunc
2642 2041 2736 2081 vos
2785 2038 3048 2093 suprema:
3094 2037 3268 2093 poenas
3321 2023 3453 2077 sub-

1869 2113 2001 2181 jecti
2036 2114 2214 2169 eritis.
2253 2112 2464 2180 Scripta
2499 2130 2628 2169 vero
2662 2118 2775 2184 ipsa
2820 2130 2849 2167 a
2885 2114 3107 2168 scriniis
3161 2124 3213 2166 et
3250 2110 3451 2165 arculis

1875 2204 2056 2259 Ircues
2087 2206 2455 2274 proferantur.
2510 2205 2643 2260 Cum
2695 2206 2857 2276 igitur
2900 2204 3360 2275 quemadmodum
3422 2218 3449 2255 ι

1877 2300 2105 2368 praeside
2144 2299 2281 2368 jussi
2313 2298 2549 2362 fuerant,
2588 2314 2706 2353 eam
2743 2298 2817 2352 illi
2875 2300 2938 2351 ad
2975 2298 3245 2367 publicum
3296 2296 3451 2363 lupa-

1877 2406 1973 2442 nar
2000 2391 2305 2454 duxissent,
2343 2400 2397 2445 et
2428 2399 2641 2460 propter
2698 2389 2932 2458 Spiritus
2977 2387 3149 2441 sancti
3199 2386 3451 2455 gratiam,

1874 2497 1991 2549 quce
2023 2484 2191 2552 ipsam
2221 2483 2555 2552 protegebat,
2592 2491 2645 2537 et
2674 2482 3045 2536 universorum
3081 2478 3311 2536 DOlItInf)
3342 2478 3452 2533 Deo

1872 2589 2063 2643 puram
2100 2584 2261 2642 atque
2293 2575 2548 2627 intactam
2582 2576 2854 2637 servabat,
2911 2589 2979 2628 ne
3034 2588 3175 2630 unus
3230 2572 3448 2643 Qttidem

1875 2667 1941 2719 ad
1977 2681 2094 2719 eam
2125 2665 2408 2728 accedere,
2436 2666 2516 2719 vel
2553 2675 2706 2734 turpe
2730 2664 2931 2732 aliquid
2982 2666 3034 2717 in
3089 2679 3206 2717 eam
3268 2664 3451 2717 facere

1872 2766 1963 2810 aut
1986 2757 2171 2811 dicere
2203 2772 2368 2811 ausus
2416 2754 2627 2821 fuisset,
2673 2754 3076 2811 sancrissimam
3109 2753 3253 2808 illam
3289 2751 3444 2811 femi-

1872 2865 1996 2903 nam
2033 2850 2306 2906 Dulcetius
2342 2866 2541 2920 praeses
2586 2849 2881 2913 revocavit,
2928 2858 2983 2905 et
3027 2857 3154 2904 ante
3209 2844 3444 2901 tribunal

1870 2942 2240 3010 sistijussam,
2281 2944 2362 2997 sic
2410 2940 2604 2997 affatus
2659 2952 2743 2995 est
2777 2958 2791 2994 :
2828 2939 3096 3009 Numquid
3152 2939 3204 2994 in
3256 2938 3445 2993 eadem

1872 3031 2049 3086 adhuc
2088 3034 2392 3085 temeritate
2419 3031 2703 3099 persistis?
2754 3029 2993 3095 Minime,
3040 3030 3213 3099 inquit
3268 3029 3448 3094 lrene,

1876 3125 2175 3199 temeritas,
2208 3127 2299 3178 sed
2328 3122 2419 3177 Dei
2456 3123 2628 3194 pietas
2657 3131 2763 3186 est,
2795 3121 2847 3175 iu
2875 3137 2979 3190 qua
3038 3122 3294 3191 persisto.
3348 3118 3448 3174 Cui

182 3212 344 3265 Irene
372 3230 382 3264 :
418 3212 542 3268 Ilaec
568 3215 701 3268 vidit
735 3216 873 3271 Deus
901 3218 1262 3285 omnipotens,
1284 3221 1371 3288 qui
1396 3222 1573 3274 omnia
1629 3224 1763 3289 scit;
1794 3250 1837 3311 ρ
1876 3222 2151 3284 respondit
2187 3218 2455 3271 Dulcetius
2481 3231 2682 3285 ρτεεςθε
2716 3232 2729 3268 ε
2760 3213 2825 3267 Ei
2870 3230 2933 3269 εἰ
2990 3217 3169 3284 priore
3216 3224 3303 3267 ιυο
3368 3227 3452 3267 το-

181 3318 447 3376 praeterea
476 3326 649 3363 nemo.
688 3309 908 3366 Nostros
932 3314 1074 3366 enim
1107 3314 1354 3370 homines
1393 3317 1623 3371 inimicis
1667 3332 1763 3386 pe-

178 3400 332 3467 jnrcs
359 3401 608 3454 duxlnms
640 3418 704 3453 ne
735 3400 870 3455 forte
919 3420 1014 3455 nos
1040 3404 1333 3460 deferrent.
1388 3407 1576 3477 Itaque
1633 3411 1764 3465 nulli

184 3492 306 3545 hcc
350 3491 705 3544 ostendimus.
750 3491 1043 3558 Superiore
1087 3510 1251 3558 anno,
1314 3496 1489 3565 inquit
1543 3515 1765 3567 praeses,

183 3596 312 3632 cum
340 3582 575 3633 edictum
609 3581 733 3636 illud
761 3583 885 3647 tale,
918 3599 979 3639 ac
1006 3588 1150 3655 pium
1174 3587 1389 3657 jussum
1424 3589 1765 3647 dominorum

183 3673 581 3737 imperatorum
615 3690 679 3730 ac
714 3678 985 3731 Caesarum
1039 3681 1213 3749 primo
1261 3681 1359 3736 fuit
1404 3682 1764 3755 divulgatum,

183 3764 415 3818 Ubinam
440 3782 535 3821 vos
569 3768 813 3822 latuisti?
848 3772 926 3823 Ad
958 3773 1070 3826 haec
1107 3775 1261 3829 Ireue
1299 3789 1314 3830 :
1350 3775 1485 3841 Illic,
1510 3778 1597 3831 ubi
1629 3780 1768 3835 Deus

181 3857 383 3909 voluit.
419 3857 471 3909 In
510 3860 781 3913 montibus
810 3862 934 3931 (scit
957 3861 1115 3931 Deus)
1137 3866 1237 3919 sub
1258 3866 1344 3919 dio
1371 3866 1590 3922 fuimus.
1623 3868 1768 3925 Prte-

179 3958 280 3997 ses
306 3960 435 3998 vero
460 3965 473 3999 :
501 3948 651 4014 Apud
686 3966 845 4019 quem
874 3952 1128 4005 vixistis?
1161 3952 1273 4007 Sub
1305 3956 1413 4015 dio,
1448 3958 1621 4025 inquit
1654 3959 1764 4022 illa,

182 4035 330 4088 alias
364 4036 416 4089 in
450 4037 568 4091 aliis
601 4042 875 4095 montibus
905 4057 1210 4099 versantes.
1251 4046 1312 4098 At
1338 4062 1540 4117 praeses
1579 4066 1594 4105 :
1634 4052 1768 4119 Qui-

185 4142 319 4180 nam
346 4139 525 4192 erant.
552 4136 640 4199 qui
671 4136 824 4189 vobis
853 4150 1046 4204 panem
1078 4140 1539 4207 suppeditabant?
1603 4142 1765 4210 Deus,

183 4219 369 4286 inquit
414 4220 586 4287 lrene,
619 4223 709 4289 qui
732 4227 981 4278 omnibus
1036 4242 1213 4280 escam
1258 4234 1583 4297 suppeditat.
1630 4232 1766 4287 Tum

180 4326 439 4381 prases:
481 4314 677 4369 Eratne
713 4324 865 4385 pater
900 4326 1078 4372 vester
1164 4320 1353 4377 harum
1404 4339 1582 4379 rerum
1633 4342 1769 4381 con-

180 4406 376 4458 scius?
401 4408 469 4460 At
499 4406 651 4461 Irene
679 4426 691 4461 :
733 4409 971 4477 Minime,
996 4428 1090 4480 per
1116 4413 1282 4468 Deum
1315 4419 1766 4489 omnipotentem,

179 4498 444 4551 canscius
472 4511 587 4551 erat
617 4500 723 4565 ille,
748 4503 839 4568 qui
871 4517 937 4556 ue
959 4505 1103 4555 novit
1128 4506 1342 4570 quidem
1378 4508 1491 4560 hare
1522 4510 1767 4564 omnino.

1872 3325 2068 3380 sponso
2102 3309 2386 3362 manifeste
2420 3310 2709 3363 ostendisti
2747 3320 2797 3363 te
2831 3309 3219 3375 imperatorum
3270 3304 3446 3373 jttssui

1872 3403 2014 3459 nolle
2037 3418 2189 3474 aquo
2219 3403 2398 3456 animo
2426 3416 2638 3473 parere,
2673 3410 2730 3457 et
2756 3416 2897 3456 nunc
2925 3414 3141 3471 quoque
3167 3398 3220 3453 in
3253 3397 3443 3454 eadem

1872 3498 2179 3565 arrogantia
2210 3497 2590 3565 persistentem
2648 3504 2701 3548 te
2745 3494 2898 3549 video
2950 3511 2963 3548 :
3015 3507 3187 3562 quare
3232 3492 3445 3557 dignam

1872 3605 2088 3660 poenam
2123 3592 2417 3659 persolves.
2451 3587 2697 3657 Cumque
2724 3590 2968 3641 chartam
3021 3586 3291 3655 petiisset,
3323 3599 3446 3639 sen-

1872 3680 2098 3734 tentiam
2132 3680 2270 3734 banc
2287 3688 2472 3733 contra
2501 3679 2671 3746 ipsam
2706 3677 2927 3744 scripsit
2956 3691 2971 3729 :
3002 3674 3269 3741 Quoniam
3296 3671 3448 3726 Ireno

1875 3773 2260 3842 imperatorum
2289 3772 2464 3843 jussui
2498 3785 2707 3839 parere,
2740 3770 2950 3837 diisque
3003 3764 3287 3819 immutare
3348 3778 3447 3817 no-

1876 3853 1995 3928 luit,
2024 3865 2269 3934 quinimo
2305 3878 2448 3918 nunc
2499 3876 2711 3932 quoque
2766 3861 2819 3914 in
2873 3857 3310 3912 Christianorum
3357 3870 3449 3910 or-

1872 3957 1997 4009 dine
2030 3972 2091 4007 ac
2122 3956 2379 4025 religione
2414 3962 2723 4024 perseverat
2760 3971 2774 4007 :
2810 3953 2911 4006 hac
2940 3952 3003 4003 de
3026 3964 3210 4013 causa,
3246 3937 3306 4001 ut
3352 3962 3450 4001 an-

1874 4057 1955 4101 tea
1978 4044 2113 4100 duas
2143 4047 2258 4110 ejus
2287 4059 2540 4111 sorores,
2566 4044 2640 4098 ita
2686 4052 2741 4097 et
2776 4043 2948 4114 ipsam
2981 4043 3255 4095 viventem
3306 4054 3450 4094 nunc

1873 4138 2118 4197 comburi
2146 4138 2332 4207 jubeo.

1948 4231 2056 4285 \‘ll.
2085 4232 2208 4287 Haec
2250 4232 2516 4285 sententia
2564 4244 2687 4282 cum
2728 4244 2756 4281 a
2796 4230 3025 4299 praeside
3064 4228 3174 4281 lata
3221 4228 3439 4290 fuisset,

1875 4321 2074 4380 milites
2103 4322 2293 4378 Irencn
2350 4322 2797 4389 comprehensam
2832 4322 2883 4375 in
2929 4319 3219 4390 quemdam
3276 4318 3448 4376 subli-

1876 4434 2015 4474 mem
2044 4419 2220 4471 locum
2276 4417 2568 4477 duxerunt,
2604 4416 2691 4469 ubi
2740 4426 2792 4469 et
2845 4414 2965 4483 ejus
3022 4430 3241 4470 sorores
3292 4425 3448 4470 antea

1876 4511 2193 4580 martyrium
2224 4522 2396 4576 passae
2431 4509 2662 4561 fuerant.
2700 4510 2833 4561 Cum
2860 4519 3037 4560 autem
3077 4522 3325 4577 magnum
3357 4521 3447 4561 ro-

179 4588 399 4644 Prmes
424 4590 504 4642 ait
530 4608 542 4641 :
570 4590 701 4655 Quis
732 4593 893 4661 igitur
923 4607 1227 4649 vestrorum
1264 4597 1561 4651 vicinorum
1589 4599 1638 4652 id
1664 4616 1763 4653 no-
1800 4593 1844 4650 D
1875 4618 1998 4674 gum
2020 4601 2420 4660 accendisseut.
2446 4599 2721 4667 iusserunt
2744 4598 2912 4669 ipsam
2946 4599 2999 4654 in
3025 4613 3147 4653 eum
3184 4611 3451 4658 conscen-

182 4684 379 4737 verat!
412 4680 649 4747 Vicinos,
675 4684 849 4754 inquit
876 4687 1054 4751 lrene,
1084 4689 1378 4761 interroga,
1420 4699 1473 4743 et
1516 4691 1633 4744 loca
1689 4693 1769 4745 in-

181 4776 369 4844 quire,
400 4774 483 4827 vel
517 4792 608 4829 eos
642 4779 729 4845 qui
767 4790 984 4842 norunt,
1026 4781 1111 4831 ubi
1140 4796 1236 4833 nos
1279 4796 1517 4837 eramus.
1566 4782 1771 4841 Przeses

182 4872 329 4923 dixit
358 4885 369 4920 :
408 4869 697 4939 Postquam
732 4886 761 4925 e
788 4884 969 4925 monte
1002 4888 1230 4927 reversa:
1269 4873 1469 4941 fuistis,
1505 4888 1564 4931 ut
1590 4887 1643 4931 tu
1690 4880 1774 4933 di-

177 4965 287 5023 cis,
322 4962 653 5030 legebatisne
685 4966 884 5031 scripta
912 4966 1037 5032 ista,
1072 4979 1333 5036 praesente
1360 4970 1579 5041 aliquo?
1613 4972 1767 5027 Domi

182 5066 392 5111 nostra:
423 5064 603 5120 erant,
644 5057 819 5127 inquit
855 5058 1027 5125 lrene,
1064 5076 1240 5129 neque
1294 5064 1625 5117 audebamus
1678 5064 1766 5118 illa

180 5146 385 5200 efferre
416 5164 431 5199 :
466 5152 817 5216 quamobrem
854 5167 1179 5223 magnopere
1227 5155 1577 5223 angebamur.
1626 5157 1767 5227 quod

180 5254 297 5294 non
326 5250 645 5311 poteramus
678 5254 839 5299 nocte
873 5260 936 5300 ac
969 5245 1056 5301 die
1083 5246 1193 5303 illis
1221 5260 1439 5317 operam
1493 5248 1645 5316 dare,
1693 5250 1765 5304 si-

1878 4696 2025 4749 dcre.
2060 4693 2245 4761 Itaque
2268 4705 2455 4746 sancta
2495 4694 2651 4747 lrene
2680 4693 2916 4763 psalmos
2972 4709 3195 4757 canens,
3254 4703 3307 4746 et
3356 4691 3449 4745 Dei

1876 4786 2101 4857 gloriam
2170 4784 2467 4847 celebrans,
2506 4785 2557 4836 in
2611 4799 2799 4853 rogum
2858 4797 2919 4836 se
2959 4783 3197 4852 canjecit
3234 4800 3246 4835 :
3283 4792 3451 4843 atque

1874 4881 1952 4935 ita
1979 4890 2353 4935 consummata
2378 4887 2461 4931 est
2487 4878 2538 4930 in
2570 4876 2854 4932 consulatu
2883 4876 3197 4933 Diocletiani
3225 4875 3449 4946 Auguin

1877 4989 2040 5038 nono,
2090 4971 2398 5029 Maximiani
2435 4982 2615 5026 autem
2652 4970 2876 5039 Augusti
2927 4978 3140 5034 octavo,
3194 4966 3451 5023 Kalendis

1876 5064 2100 5133 Aprilis,
2136 5074 2396 5132 regnante
2433 5064 2483 5116 in
2522 5062 2718 5117 saecula
2772 5061 2990 5117 Christo
3038 5060 3163 5114 Jesu
3221 5059 3450 5113 Domino

1874 5169 2060 5214 nostro
2088 5198 2103 5225 ,
2138 5174 2261 5213 cum
2298 5172 2407 5227 quo
2428 5156 2576 5210 Patri
2609 5163 2691 5209 est
2738 5156 2909 5223 gloria
2954 5166 3253 5226 sanctoque
3321 5152 3451 5224 Spi-

1872 5250 1999 5305 ritui
2027 5253 2077 5306 in
2115 5250 2309 5306 szecula
2340 5250 2683 5306 saeculorum.
2730 5246 2925 5303 Amen.
