4212 6440
801 431 871 491 83
2102 426 2382 485 MENSIS
2425 426 2751 489 APRlLlS.
3987 441 4055 500 34

1667 585 1860 600 ’,ρ-..-

1864 583 4033 608 W

1308 755 1655 868 VITA
1742 753 1860 863 S.
1956 751 2609 864 VIRGINIS
2694 752 3517 867 THEODOR/E

1956 975 2058 1036 ET
2110 975 2404 1036 DIDYMI
2448 977 2865 1038 MARTYBIS
2910 1030 2918 1038 .

805 1159 966 1215 (Anno
986 1154 1092 1209 280,
1119 1155 1149 1201 Α
1163 1151 1305 1213 prilis
1332 1151 1379 1198 5.
1405 1175 1464 1185 —
1488 1148 1656 1215 Latina
1679 1147 1877 1215 quidem
1903 1147 2248 1215 Martyrologia
2272 1144 2498 1215 “habent
2523 1145 2646 1192 hanc
2691 1146 2946 1215 historiam
2970 1148 3031 1215 2A8
3058 1149 3260 1208 Aprilis,
3299 1151 3554 1215 _a_iuntqne
3600 1155 3908 1203 Theodoram
3959 1171 4054 1204 una

860 1232 967 1266 cum
995 1207 1202 1274 Didynio
1229 1211 1657 1274 percussampsed
1685 1207 2389 1274 eunritletaphrasteshabeat
2412 1208 2672 1274 Didymum
2700 1207 2852 1274 Noois
2872 1212 2904 1255 Α
2919 1211 3055 1274 prilis
3080 1207 3604 1274 rmsutn,'l'hcoilor-,im
3629 1226 3790 1265 μιιιρηι
3818 1221 4054 1270 evasisse,

860 1294 950 1328 nos
979 1270 1286 1335 eam'quin'to
1314 1272 1492 1335 Aprilis
1521 1271 1601 1322 die
1628 1286 1737 1322 cum
1764 1272 2101 1333 Metapbraste
2136 1270 2505 1318 collocavimus.
2533 1293 2592 1302 —-
2618 1270 2788 1317 Latine
2817 1272 2944 1330 apud
2991 1271 3204 1321 Surium.
3265 1273 3423 1321 Deest
3475 1277 3523 1322 itt
3566 1278 3820 1326 codicibus
3872 1278 4058 1328 (iv-teis

863 1342 922 1390 Pa
933 1337 1278 1399 risicnsibus.)

866 1599 906 1651 ι.
969 1598 1303 1652 Diocletiano
1353 1605 1406 1650 et
1460 1595 1789 1651 Maximiano
1849 1597 2266 1664 imperatoribus
2318 1604 2369 1650 et
2400 1601 2443 1654 Α
2476 1597 2575 1651 hoc
2611 1599 2822 1665 quidem
2871 1614 2960 1663 per
2989 1600 3089 1652 vim
3153 1613 3214 1652 ac
3258 1610 3621 1666 potestatem,
3653 1617 3811 1666 quam
3843 1601 4008 1656 habes
4039 1645 4054 1666 ,

797 1692 1024 1760 praeside
1069 1689 1446 1744 Alexandrina:
1480 1688 1711 1741 civitatis
1757 1687 2093 1752 Eustrathio,
2130 1686 2366 1739 edictum

795 1784 1062 1852 quoddam
1165 1781 1425 1834 adversus
1491 1778 1832 1832 Christianos
1911 1778 2132 1830 missum
2225 1776 2364 1836 fuit,

799 1884 853 1926 ut
889 1873 968 1926 vel
1001 1872 1105 1925 diis
1138 1870 1484 1924 intmolarcnt
1517 1910 1530 1932 ,
1569 1869 1650 1920 vel
1694 1866 1955 1934 snpplicio
2005 1865 2368 1920 afﬁcerentur.

797 1968 931 2020 Cum
965 1979 1093 2019 vero
1126 1978 1324 2031 praeses
1358 1961 1446 2014 ille
1479 1976 1576 2028 pro
1611 1959 1861 2014 tribunali
1892 1959 2103 2012 sederet
2151 1958 2201 2010 iit
2259 1973 2372 2012 nta-

794 2072 897 2126 gna
936 2053 1424 2109 Alexandrinorum
1461 2051 1701 2114 civitate,
1744 2050 1905 2119 jussit
1952 2053 2229 2103 cohortem
2281 2065 2372 2103 ac-

795 2148 996 2203 ccrsire
1045 2144 1384 2199 Theodoram
1436 2143 1696 2212 virginem
1747 2185 1760 2207 ,
1817 2159 1935 2210 quae
1987 2158 2158 2211 nuper
2213 2151 2368 2211 capta

797 2239 994 2302 fuerat,
1031 2248 1084 2291 et
1117 2239 1168 2290 in
1204 2251 1425 2290 carcere
1454 2235 1790 2288 servabatur.
1826 2237 1996 2300 Quam
2027 2252 2146 2290 cmn
2186 2237 2373 2288 duxis-

794 2342 909 2385 set:
943 2331 1169 2392 Praesto,
1201 2330 1372 2399 inquit
1425 2329 1668 2392 cohors,
1718 2337 1797 2381 est
1845 2327 2150 2382 Theodoro.
2202 2325 2369 2379 Judex

797 2423 992 2491 igitur:
1033 2421 1326 2489 Cujnsnam
1355 2423 1517 2474 sortis
1541 2435 1625 2483 es,
1656 2419 1893 2472 mulier?
1934 2419 2259 2483 Christiana,
2292 2419 2372 2472 iit-

792 2513 906 2580 quit
930 2512 1237 2579 Theodora,
1267 2528 1365 2583 ego
1397 2529 1536 2566 sum.
1569 2512 1764 2566 Atille:
1793 2512 2075 2579 Liberane,
2097 2531 2162 2568 an
2190 2530 2366 2570 serva.

794 2605 915 2661 Dixi
941 2606 1078 2676 jam,
1119 2607 1293 2676 inquit
1332 2608 1468 2676 ipsa,
1501 2606 1867 2661 Christianam
1904 2623 1986 2661 me
2030 2623 2184 2663 esse:
2214 2608 2372 2661 Citri-

793 2710 910 2755 stus
958 2699 1103 2753 enim
1149 2701 1412 2765 veniens,
1454 2713 1482 2751 a
1527 2711 1744 2768 peccato
1786 2713 1870 2753 nte
1914 2700 2178 2754 liberavit.
2219 2700 2369 2766 Quod

790 2806 923 2846 vero
953 2801 1006 2845 et
1039 2792 1104 2846 ad
1137 2806 1331 2846 vanam
1362 2801 1524 2860 atque
1557 2791 1773 2844 inanem
1831 2791 2015 2843 mundi
2050 2791 2208 2859 hujus
2262 2794 2372 2860 glo-

795 2883 931 2938 riam
957 2884 1169 2949 attinet,
1201 2884 1359 2938 claris
1392 2883 1709 2953 parentibus
1732 2892 1847 2936 orta
1873 2899 2012 2937 smn.
2040 2883 2367 2949 Tnncjudex

797 2987 1124 3046 quaestorem
1158 2977 1413 3031 accersiri
1450 2976 1627 3046 jussit.
1662 2977 1829 3042 Quem
1864 2991 1984 3029 cum
2013 2980 2208 3030 cohors
2237 2993 2366 3046 prie-

791 3078 874 3123 sto
906 3083 1024 3123 esse
1055 3069 1314 3122 dixisset:
1344 3069 1456 3131 Dic,
1493 3070 1684 3137 inquit,
1721 3067 1851 3122 Luci
1889 3086 1901 3120 :
1941 3068 2157 3121 nostine
2190 3068 2367 3122 Theo-

791 3159 978 3212 doram
1021 3160 1325 3228 virginem?
1369 3158 1461 3211 Cui
1511 3157 1746 3212 Lucius:
1782 3160 1885 3212 Per
1918 3169 2083 3220 tuam,
2125 3173 2323 3226 prmscs
2352 3198 2365 3221 ,

788 3252 1056 3304 valentem
1083 3253 1243 3303 vitam
1269 3267 1329 3304 ac
1356 3251 1717 3314 splendorem,
1746 3251 2076 3306 nobilissima
2100 3263 2201 3317 est,
2229 3252 2367 3304 ntul-

789 3353 964 3413 tteqne
985 3345 1404 3398 existimationis
1433 3352 1485 3396 et
1511 3345 1665 3412 primi
1692 3347 1901 3413 generis
1931 3345 2140 3401 mulier.
2165 3344 2364 3410 Quare,

793 3439 972 3505 inquit
1005 3438 1197 3506 judcx,
1230 3452 1348 3494 cum
1382 3437 1457 3491 sis
1499 3438 1568 3490 ita
1598 3438 1812 3497 nobilis,
1842 3439 2052 3504 nuptias
2085 3438 2369 3490 recusasti?

790 3526 1077 3584 Theodora
1113 3531 1426 3599 respondit:
1460 3529 1660 3582 Christi
1718 3544 1879 3580 causa
1937 3529 2138 3582 nubere
2198 3528 2364 3582 nolui.

793 3621 929 3675 Cum
961 3624 1103 3676 enim
1148 3623 1235 3677 ille
1288 3624 1450 3677 hamo
1483 3621 1656 3675 factus
1691 3621 1741 3673 in
1778 3624 1975 3674 mundo
2009 3636 2317 3676 versaretur
2351 3665 2365 3687 ,

792 3714 860 3768 ab
892 3727 978 3780 ea,
1019 3731 1137 3783 quae
1170 3730 1386 3783 semper
1437 3716 1585 3784 virgo
1617 3726 1669 3768 et
1701 3713 1791 3767 Dei
1841 3715 2010 3766 Mater
2046 3716 2141 3767 fuit
2166 3753 2179 3778 ,
2213 3717 2364 3781 getti-

791 3816 880 3862 tus
906 3848 922 3872 ,
958 3823 984 3860 a
1015 3807 1364 3872 corruptione
1405 3821 1499 3858 nos
1543 3806 1811 3868 removit,
1864 3817 1918 3858 et
1984 3806 2365 3873 sempiternam

791 3901 958 3953 vitam
993 3899 1147 3953 nobis
1178 3898 1444 3966 promisit.
1480 3896 1663 3966 Itaque
1715 3898 1829 3951 l'ore
1862 3899 1990 3951 mihi
2022 3903 2317 3966 persuadeo
2351 3941 2364 3963 ,

792 3993 925 4046 utin
954 3992 1068 4058 ejus
1101 3989 1204 4043 (ide
1239 4003 1602 4057 permanens,
1637 3987 1700 4042 ad
1726 3989 1886 4041 ﬁnem
1922 4005 2090 4057 usque
2122 3993 2366 4047 incorru-

793 4092 879 4153 pta
917 4093 969 4135 et
1000 4082 1201 4135 intacta
1234 4081 1358 4134 sim.

862 4173 922 4228 ll.
955 4174 1104 4227 Tunc
1130 4173 1291 4241 jndex
1320 4173 1456 4226 dixit
1483 4191 1495 4225 :
1526 4174 1884 4242 Imperatores
1915 4175 2207 4241 jusserunt,
2249 4191 2364 4242 vos,

2477 1685 2651 1738 facere
2683 1688 2903 1754 poteris.
2939 1684 3200 1740 Similiter
3230 1688 3471 1756 lupanari
3522 1689 3738 1749 tradar,
3773 1704 3961 1751 necne,
4001 1692 4054 1742 in

2474 1777 2685 1832 arbitrii
2721 1780 2821 1831 inci
2863 1788 3128 1847 potestate
3156 1796 3258 1833 non
3293 1792 3393 1845 est,
3429 1779 3521 1833 sed
3553 1781 3602 1833 in
3631 1796 3790 1834 manu
3824 1792 3931 1842 tua.
3965 1785 4054 1836 cui

2472 1888 2569 1942 per
2601 1874 2883 1941 impcrimn
2920 1875 3021 1926 vim
3056 1874 3178 1927 licet
3215 1873 3432 1927 inferre.
3460 1872 3611 1938 Quod
3645 1889 3773 1927 vero
3797 1875 3860 1924 ad
3885 1875 4053 1926 animi

2475 1968 2581 2021 mei
2618 1972 2953 2037 propositum
2989 1970 3202 2031 attinet,
3243 1978 3446 2023 certum
3476 1979 3554 2023 est
3593 1968 3701 2022 Dco
3731 1970 3826 2038 ipsi
3882 1969 4058 2023 casti-

2476 2063 2600 2116 tatis
2626 2079 2755 2116 mere
2789 2062 3178 2133 professionem
3213 2077 3466 2117 servare:
3500 2063 3570 2117 illi
3605 2063 3747 2116 enim
3775 2064 4054 2130 virginitas

2475 2171 2588 2208 mea
2629 2155 2798 2209 dicata
2829 2165 2942 2222 est;
2975 2155 3062 2208 ille
3103 2167 3280 2208 certus
3320 2155 3481 2221 hujus
3527 2156 3601 2209 rei
3638 2156 3887 2210 dominus
3926 2167 4052 2209 est:

2475 2247 2580 2311 ille,
2617 2249 2657 2300 si
2689 2249 2934 2310 voluerit,
2967 2249 3332 2314 virginitatem
3363 2248 3500 2300 hanc
3530 2262 3723 2309 meam,
3751 2248 4057 2314 possessio.

2476 2356 2594 2394 nem
2632 2356 2807 2402 suam,
2847 2341 3168 2394 incolumem
3199 2350 3359 2408 atque
3400 2340 3657 2392 intactam
3690 2340 3947 2392 servabit.

2547 2431 2633 2486 Ill.
2666 2431 2835 2486 Judex
2864 2449 2991 2486 vero
3018 2436 3126 2486 ait:
3156 2434 3296 2493 Noli,
3324 2430 3628 2494 Theodora,
3661 2441 3867 2485 aetatem
3903 2441 4053 2484 tuatn

2475 2527 2700 2579 honeste
2738 2535 2933 2590 actam,
2972 2536 3136 2580 totam
3167 2527 3373 2596 injurire
3410 2537 3462 2579 et
3510 2525 3726 2593 probris
3777 2522 4052 2591 objiccrc:

2473 2632 2596 2670 nam
2629 2629 2684 2671 ut
2715 2618 2862 2671 urbis
2896 2630 3131 2686 quaestor
3163 2622 3389 2671 testatus
3428 2625 3510 2669 est
3541 2656 3554 2679 ,
3612 2617 3693 2669 his
3735 2615 4056 2684 parentibus

2472 2721 2589 2765 orta
2615 2726 2691 2773 es,
2717 2713 2803 2779 qui
2844 2711 3120 2765 nobilitate
3155 2721 3312 2778 atque
3343 2708 3744 2765 existimatione
3775 2724 3895 2761 cum
3933 2709 4053 2773 pri-

2474 2802 2575 2854 mis
2603 2801 2892 2855 exccllunl.
2938 2802 3016 2853 Ad
3075 2802 3188 2854 lucc
3243 2799 3566 2852 Theodora:
3614 2799 3929 2859 Christum,
3971 2797 4056 2847 in-

2477 2893 2592 2960 quit
2623 2932 2636 2954 ,
2669 2895 2901 2961 primunt
2933 2890 3178 2944 conﬁteri
3210 2891 3377 2943 debeo
3405 2928 3417 2949 ,
3457 2889 3542 2955 qui
3572 2899 3622 2939 et
3676 2889 3810 2939 Deus
3845 2895 3960 2950 est,
4001 2897 4061 2938 et

2475 2985 2654 3039 omnis
2727 2979 3019 3039 nobilitatis
3091 2982 3423 3048 honorisque
3471 2989 3698 3044 auctor,
3748 2980 3836 3047 qui
3871 2978 3972 3030 scit
4002 2990 4054 3031 et

2473 3093 2558 3130 me
2592 3076 2894 3132 columbam
2930 3091 3081 3129 suam
3136 3091 3322 3142 puram
3353 3082 3404 3127 et
3456 3073 3756 3125 incolumen
3789 3072 3850 3124 ad
3887 3070 4053 3124 ﬁnem

2473 3187 2643 3237 usque
2681 3187 2915 3223 servare.
2952 3169 3084 3222 Tum
3115 3170 3274 3238 jndex
3306 3168 3474 3220 dixit:
3506 3167 3739 3219 Curnant
3791 3181 3938 3218 erras
3971 3205 3987 3225 ,
4023 3181 4056 3216 0

2474 3263 2800 3318 Theodora?
2837 3263 3040 3316 Eumnc
3076 3262 3238 3314 Deum
3266 3260 3443 3313 credis
3472 3300 3484 3320 ,
3523 3259 3607 3324 qui
3659 3257 3758 3310 fuit
3804 3257 3853 3309 in
3889 3271 4056 3310 cruce

2474 3353 2735 3407 sniiixus?
2768 3354 2846 3405 An
2882 3353 2970 3420 qui
3013 3351 3132 3407 talis
3163 3361 3264 3414 cst,
3298 3359 3346 3402 te
3380 3349 3430 3401 in
3465 3350 3688 3415 lupanar
3723 3347 4051 3413 conjec-tam,

2475 3447 2733 3497 intactam
2760 3459 2973 3495 scrvm'e
3007 3443 3199 3510 poterit
3234 3483 3246 3504 ,
3287 3441 3353 3494 ab
3403 3440 3482 3492 his
3527 3439 3820 3506 praesertim
3869 3437 4030 3510 vitis,

2474 3534 2562 3604 qui
2620 3533 2903 3585 n'tttliet‘um
2961 3532 3236 3585 amoribus
3281 3531 3516 3583 insanire
3563 3530 3707 3583 soliti
3762 3529 3926 3582 sunt?
3965 3527 4054 3581 Fi—

2472 3629 2614 3689 dem,
2653 3626 2825 3695 inquit
2861 3624 3141 3680 TltCodora
3172 3666 3185 3687 ,
3216 3635 3266 3678 et
3298 3639 3444 3691 spem
3487 3623 3657 3677 habet)
3691 3624 3742 3674 in
3778 3622 4033 3694 Christo,

2472 3717 2559 3784 qni
2596 3731 2808 3768 crucem
2843 3731 3132 3783 perpessus
3164 3713 3263 3766 fuit
3294 3715 3389 3765 sub
3423 3713 3611 3764 Pontio
3662 3713 3831 3762 Pilato
3858 3749 3872 3771 ,
3935 3709 4052 3762 fore

2474 3820 2525 3860 ttt
2552 3824 2638 3862 me
2674 3809 2739 3861 ab
2775 3810 2974 3877 iniquis
3006 3809 3125 3861 istis
3151 3808 3280 3861 viris
3305 3807 3520 3869 eripiat,
3545 3810 3592 3854 et
3624 3820 3650 3855 a
3682 3805 3796 3856 labe
3827 3805 4052 3856 omnino

2471 3901 2694 3954 liberam
2736 3907 2914 3951 servet
2942 3939 2956 3964 ,
2997 3898 3047 3951 iit
3090 3896 3206 3965 ejus
3252 3896 3354 3950 ﬁde
3401 3904 3839 3963 pcrnnrnentem,
3875 3908 4054 3961 neque

2471 4009 2706 4061 unquam
2741 4007 2860 4044 cum
2893 4001 3198 4060 negantem.
3229 3989 3399 4045 Judcx
3447 4004 3606 4041 vero:
3643 3987 3827 4039 Adhuc.
3859 3997 3909 4039 te
3949 4002 4051 4039 nn—

2470 4093 2684 4151 gantem
2735 4083 2951 4149 patior,
3008 4083 3234 4132 necdum
3284 4079 3451 4146 jubeo
3496 4078 3779 4130 tormentis
3830 4077 4045 4144 subjici.

2470 4174 2598 4227 Atsi
2631 4173 2956 4226 rontendcre
2991 4189 3091 4226 non
3125 4173 3418 4236 dcsritcris,
3457 4182 3510 4224 ttt
3545 4172 3789 4224 ancillam
3813 4170 4048 4237 aliquam

791 4282 910 4336 quae
947 4267 1308 4336 virginitatem
1337 4281 1551 4335 semper
1599 4269 1826 4321 servatis
1851 4307 1864 4331 ,
1910 4277 2004 4322 aut
2035 4269 2138 4322 diis
2169 4270 2361 4321 immo-
2390 4282 2434 4344 ο
2468 4279 2518 4324 te
2548 4279 2918 4337 prosternens,
2957 4267 3150 4321 faciam
3185 4269 3325 4338 quod
3363 4266 3563 4319 domini
3620 4276 3779 4330 atque
3816 4264 4053 4327 impera-

795 4359 931 4425 lare,
956 4368 1048 4411 aut
1080 4359 1393 4425 iniuriosius
1424 4359 1662 4410 tractari.
1691 4359 1958 4420 Arbitror,
1999 4360 2166 4428 inQuit
2187 4359 2364 4414 Theo-

791 4453 941 4516 dora,
981 4458 1032 4505 te
1069 4465 1172 4503 non
1245 4451 1491 4520 ignorare
1518 4489 1532 4515 ,
1588 4451 1821 4504 hominis
1865 4453 2199 4517 propositum
2260 4454 2366 4506 Deo

791 4544 895 4612 ipsi
938 4546 988 4597 in
1027 4546 1214 4612 primis
1246 4556 1457 4612 gratum
1491 4559 1610 4597 esse
1641 4561 1652 4597 :
1686 4545 1731 4596 is
1759 4561 1885 4598 vero
1918 4545 2158 4598 animum
2189 4562 2362 4599 meum

794 4647 952 4703 atque
978 4637 1309 4704 propositum
1346 4646 1552 4688 castum
1586 4652 1702 4689 esse
1728 4637 1998 4704 cognovit.
2032 4638 2250 4701 Quodsi
2283 4653 2364 4689 me

795 4729 847 4783 id
881 4730 1010 4796 pati,
1037 4727 1180 4797 quod
1211 4727 1366 4794 dicis,
1397 4736 1448 4782 et
1477 4728 1658 4781 violari
1692 4730 1954 4796 coegeris,
1984 4745 2087 4782 non
2125 4731 2226 4782 erit
2250 4733 2363 4785 inec

793 4822 1152 4890 impudicitia,
1188 4823 1281 4876 sed
1327 4823 1406 4876 vis
1446 4832 1495 4876 ct
1524 4823 1736 4892 injuria.
1772 4822 1937 4877 Judex
1986 4835 2193 4878 autem:
2230 4824 2362 4879 Cum

794 4923 846 4985 te
869 4914 1153 4982 ingenuam
1186 4929 1305 4970 esse
1337 4915 1577 4967 noverim
1608 4954 1622 4979 ,
1655 4926 1705 4967 et
1744 4916 1816 4967 tni
1851 4918 2107 4971 rationem
2167 4921 2364 4972 habere

793 5003 1030 5070 cupiam,
1055 5005 1342 5066 admoneo,
1367 5021 1431 5058 ne
1461 5007 1902 5059 contumeliosius
1934 5017 1982 5060 te
2016 5025 2202 5078 geras;
2234 5012 2361 5064 nihil

792 5098 936 5150 enim
970 5095 1238 5166 proﬁcies.
1275 5096 1404 5150 Nam
1437 5111 1530 5165 per
1572 5096 1703 5149 deos
1756 5113 1942 5150 omnes
1971 5143 1982 5161 ,
2040 5101 2360 5153 sententiam

793 5187 935 5240 hanc
969 5190 1322 5257 imperatores
1357 5189 1614 5242 tulerunt.
1655 5188 1805 5242 Tunc
1835 5191 1907 5243 illi
1945 5190 2223 5246 Theo-dera
2253 5209 2264 5249 :
2299 5194 2364 5247 lit

795 5279 968 5346 prius,
1000 5280 1171 5345 inquit
1202 5321 1215 5345 ,
1256 5279 1346 5340 tibi
1385 5281 1490 5332 dixi
1520 5321 1532 5341 ,
1562 5282 1795 5335 hominis
1842 5285 2168 5349 propositum
2205 5297 2364 5352 atque

796 5373 1035 5430 animum
1073 5370 1178 5428 Dco
1216 5383 1422 5440 gratum
1477 5387 1616 5426 esse.
1664 5373 1795 5425 Cum
1852 5377 1994 5427 enim
2045 5377 2226 5429 omnia
2278 5377 2365 5430 iile

794 5475 1106 5534 pernoscat,
1127 5464 1353 5531 cogitata
1373 5465 1534 5519 etiam
1561 5473 1739 5520 nostra
1767 5466 1888 5528 scit,
1917 5478 1967 5519 et
1994 5479 2199 5521 mentes
2220 5469 2364 5536 ipsas

792 5557 1072 5626 perspicit.
1104 5556 1461 5622 Quamobrem
1515 5559 1556 5611 si
1595 5570 1777 5612 coacta
1812 5558 1963 5612 {uero
1999 5559 2177 5615 facere
2222 5562 2362 5629 quod

2473 4372 2615 4413 tores
2670 4359 2835 4410 nostri
2892 4358 3212 4425 jusserunt,
3266 4365 3398 4408 utet
3447 4356 3666 4424 reliquis
3729 4354 4051 4406 mulierilnts

2471 4449 2771 4518 cxcmpinm
2827 4449 2942 4504 tias.
3004 4449 3086 4503 Ad
3148 4449 3261 4504 htec
3313 4449 3592 4502 Theodora
3635 4468 3644 4502 :
3689 4447 3875 4500 Parata
3926 4461 4047 4499 Sum

2475 4557 2665 4612 corpus
2701 4558 2873 4596 meum
2903 4584 2917 4606 ,
2952 4543 3106 4612 cujus
3152 4552 3475 4611 potestatem
3530 4542 3730 4604 habes,
3783 4541 3874 4593 tibi
3932 4549 4050 4592 tra-

2470 4638 2639 4690 dere:
2679 4639 2854 4688 anima
2888 4650 3013 4687 vero
3062 4636 3175 4701 ipsa
3213 4635 3261 4686 in
3296 4634 3460 4686 solius
3497 4632 3585 4684 Dei
3627 4647 3784 4684 manu
3838 4642 3920 4686 est
3984 4650 4049 4685 ac

2472 4739 2762 4801 potestate.
2800 4727 2935 4778 Tum
2968 4726 3168 4795 judcx:
3216 4727 3495 4781 ['Ixcmcatc
3533 4727 3678 4782 illam
3731 4728 3934 4790 statim,
3971 4728 4050 4778 ci-

2471 4837 2572 4890 que
2604 4821 2782 4882 dicite,
2816 4834 2881 4872 nc
2918 4819 3155 4873 insanire
3191 4819 3420 4889 amplius
3453 4820 3618 4880 velit,
3652 4821 3742 4871 scd
3773 4820 3961 4871 cedere
3994 4829 4049 4870 et

2469 4915 2571 4969 diis
2609 4913 2733 4981 ipsis
2772 4911 3072 4965 imit-.olare.
3105 4910 3342 4974 Minime,
3390 4911 3561 4978 inquit
3591 4909 3869 4964 Theodora
3899 4953 3913 4974 ,
3951 4927 4050 4980 per

2472 5007 2639 5061 Deum
2686 5008 2859 5074 ipsum
2919 5004 3252 5056 daemonibus
3301 5003 3625 5058 sacriﬁcium
3687 5014 3777 5056 ant
3836 5006 4048 5057 cultum

2471 5100 2665 5154 afferre
2719 5098 2872 5163 volo,
2932 5112 3052 5150 cum
3101 5095 3264 5150 Demn
3325 5097 3622 5162 adiutorem
3684 5094 3928 5152 habeam.
3965 5097 4048 5150 Ad

2473 5190 2583 5248 haec
2616 5191 2810 5261 judcx:
2850 5190 2986 5256 Quid
3022 5205 3104 5243 me
3161 5191 3308 5258 Cogis
3339 5190 3431 5243 tibi
3469 5188 3859 5242 honestissima:
3892 5188 4048 5241 feriri—

2471 5302 2551 5339 nae
2582 5285 2832 5354 injuriam
2875 5283 3088 5335 facere?
3121 5282 3374 5333 Auscuita
3412 5281 3561 5343 mihi,
3597 5296 3627 5334 ο
3659 5281 3842 5343 Stulta,
3876 5296 3942 5332 ne
3990 5279 4046 5332 in

2473 5385 2674 5431 tantum
2716 5375 2921 5426 tntbam
2977 5372 3178 5424 incidas
3205 5388 3428 5434 eorum,
3463 5373 3550 5436 qui
3595 5371 3920 5425 sententiam
3953 5385 4052 5425 ex-

2471 5475 2715 5537 spectant
2764 5481 2884 5534 qna:
2941 5475 3124 5519 contra
3163 5475 3213 5516 te
3255 5463 3479 5518 ferat-ur.
3511 5463 3624 5517 Non
3661 5479 3776 5517 sum
3817 5479 4004 5519 amens
4030 5505 4045 5529 ,

2473 5562 2646 5630 inquit
2701 5559 2980 5613 Theodoro
3006 5600 3020 5622 ,
3075 5575 3192 5626 qua:
3230 5560 3390 5612 Deum
3430 5561 3695 5612 c0nliteor
3723 5597 3737 5621 ,
3771 5571 3822 5613 et
3870 5561 4048 5627 ipsum

794 5651 952 5713 dicis,
988 5649 1312 5719 impudicam
1348 5663 1432 5701 me
1460 5648 1651 5703 factam
1691 5665 1964 5718 nunquam
2021 5653 2359 5707 exisrimabo.
2397 5629 2441 5685 θ
2469 5654 2768 5719 adjutoret'n
2800 5652 2989 5705 habeo.
3029 5649 3197 5715 Quam
3236 5653 3377 5704 enim
3436 5652 3687 5720 injuriam
3749 5654 3876 5706 mihi
3931 5651 4052 5706 fore

794 5745 922 5799 Sive
966 5743 1111 5799 enim
1153 5752 1312 5812 caput
1340 5756 1519 5796 meum
1546 5782 1560 5805 ,
1619 5744 1731 5798 sive
1784 5759 1976 5798 manus
2007 5785 2019 5809 ,
2053 5745 2164 5798 sive
2202 5749 2361 5814 pedes

791 5836 1105 5895 abscindere
1127 5880 1139 5903 ,
1173 5837 1287 5896 sive
1319 5846 1487 5895 t0tunt
1518 5851 1722 5908 corpus
1748 5837 2040 5895 dilacerare
2084 5838 2316 5893 volueris
2346 5879 2359 5901 ,

2473 5757 2664 5816 putas,
2727 5760 2789 5798 ea
2845 5762 2930 5798 res
2977 5745 3234 5798 honorem
3280 5755 3330 5798 ct
3378 5746 3601 5815 gloriam
3660 5747 4048 5816 sempiternam

2478 5839 2606 5894 mihi
2637 5837 2987 5908 comparabit.
3031 5835 3164 5889 Tum
3206 5835 3400 5905 judcx:
3446 5838 3551 5909 Ego
3599 5854 3703 5893 non
3741 5837 3969 5909 amplius
3996 5849 4054 5895 te
