4212 6440
173 450 243 509 85
1402 447 1578 508 νΙΤΑ
1615 445 1655 505 S
1713 443 2177 506 ΤΗΕΟΒΟΒΑΞ.
3373 450 3441 510 86

173 569 372 628 teram,
399 565 494 618 sed
531 566 914 631 imperatorum
960 564 1114 632 jussa
1165 579 1469 634 exsequar:
1525 565 1760 619 futurum
1793 561 1840 618 A

170 659 318 712 enim
359 658 679 711 exiStimaus
727 667 784 711 ut
843 660 1155 726 persuaderi
1199 675 1383 727 posses
1412 704 1426 726 ,
1465 659 1662 716 diutius
1712 671 1761 715 te

171 750 440 805 ferebam.
477 751 629 816 Quod
665 751 706 804 si
745 752 836 805 tibi
892 768 1125 818 parcens
1153 794 1167 815 ,
1203 754 1253 806 id
1305 754 1478 806 minus
1523 755 1756 820 curabo,

177 845 326 910 quod
361 845 544 912 jussus
593 843 690 907 fui,
722 844 1078 911 imperatores
1127 855 1475 903 contemnere
1519 849 1759 902 videbor.

171 934 248 990 Illi
285 947 463 990 autem
500 937 783 991 Theodora
827 938 901 990 ita
937 942 1248 1008 respondit:
1308 940 1463 996 Sicut
1517 944 1628 1011 ipse
1659 943 1760 996 im—

168 1040 451 1097 peratores
488 1032 706 1093 tuetuis,
764 1032 1016 1100 quodque
1055 1034 1122 1088 ab
1176 1033 1278 1088 illis
1323 1036 1505 1104 jussus
1555 1041 1650 1100 est,
1711 1036 1759 1090 id

172 1119 358 1173 facere
382 1120 590 1184 studes;
639 1120 709 1175 ita
747 1133 799 1175 et
833 1137 931 1191 ego
963 1123 1152 1176 studeo
1199 1141 1303 1177 non
1359 1141 1554 1196 negare
1595 1129 1758 1181 Deum

171 1227 376 1274 meum,
403 1213 568 1266 timeo
597 1216 741 1267 enim
774 1225 828 1267 et
855 1216 965 1282 ipsa
992 1231 1172 1269 verum
1203 1217 1349 1269 illum
1379 1219 1758 1284 imperatorem

170 1302 346 1359 Deum
383 1317 751 1361 contemnere.
782 1306 1136 1363 Contentiosc
1164 1350 1177 1371 ,
1213 1312 1385 1379 inquit
1415 1311 1609 1378 judex,
1646 1329 1759 1366 me-

169 1410 295 1449 cum
324 1399 460 1466 agis,
491 1409 548 1474 et
567 1408 892 1453 aeternorum
915 1402 1301 1469 imperatorum
1324 1403 1474 1471 jusaa
1507 1407 1754 1473 negligis,

171 1497 224 1541 et
259 1503 368 1549 me,
405 1501 676 1558 tamquam
709 1491 974 1545 imbellem
998 1493 1229 1562 aliquem
1258 1495 1515 1562 despicis.
1570 1497 1759 1551 Adhuc

171 1581 337 1634 trium
380 1581 589 1636 dieruut
637 1592 853 1652 tempus
888 1585 982 1638 tibi
1033 1585 1281 1640 condono
1312 1628 1328 1652 ,
1375 1603 1434 1643 ac
1487 1605 1580 1657 per
1631 1591 1759 1644 deos

168 1687 386 1736 omnes,
412 1675 514 1727 nisi
545 1675 782 1728 animum
817 1688 994 1729 mutes
1028 1687 1082 1730 et
1111 1679 1407 1740 saeriﬁces.
1447 1680 1500 1732 in
1529 1680 1759 1745 lupanar

173 1768 224 1816 te
259 1768 490 1830 tradam,
529 1778 587 1820 ut
622 1769 877 1821 mulieres
907 1783 1096 1822 omnes
1123 1778 1174 1822 te
1203 1771 1275 1823 ita
1318 1773 1534 1824 tractari
1568 1773 1759 1827 viden-

1945 561 2006 617 Υ.
2037 561 2229 617 Turba:
2254 572 2430 616 autem
2455 561 2558 615 illa:
2579 576 2722 626 eam,
2749 571 2805 614 ut
2832 561 2940 631 lupi
2965 579 3178 629 agnam,
3207 565 3443 622 circum~

1870 655 2056 710 dantes
2082 698 2096 722 ,
2129 656 2376 711 certatim
2407 653 2700 710 studebant
2749 670 2845 723 pro
2875 670 2934 709 se
2963 657 3193 724 quisque
3221 657 3288 713 ad
3321 675 3438 713 eam

1870 749 2100 819 ingredi,
2139 759 2190 803 et
2225 758 2281 802 ut
2309 763 2470 805 canes
2499 747 2548 800 in
2581 747 2752 802 teram
2785 747 3044 816 aliquant,
3077 758 3130 803 et
3154 752 3444 820 accipitres

1870 843 1920 896 in
1952 843 2256 896 columbam
2285 884 2299 907 ,
2337 843 2408 895 ita
2441 842 2491 894 in
2520 857 2634 895 eam
2687 843 2857 896 turbae
2911 843 3181 898 inhiantes
3238 846 3442 910 ingredi

1868 935 2217 989 festinabant.
2247 935 2511 990 Caeterum
2545 948 2720 1002 neque
2755 943 2881 988 tunc
2909 935 3158 988 Christus
3187 937 3297 1004 ipse
3326 951 3444 993 ces-

1866 1030 2038 1093 sabat,
2073 1032 2164 1085 sed
2194 1047 2312 1084 cum
2337 1029 2627 1097 quemdam
2654 1044 2717 1082 ex
2753 1025 3030 1081 Fratribus
3059 1043 3441 1098 przeparasset,

1871 1125 1937 1176 ad
1971 1139 2087 1175 eam
2124 1123 2269 1176 illum
2302 1123 2467 1176 misit.
2519 1121 2746 1186 Quidam
2806 1122 2950 1174 enim
3009 1121 3445 1191 t‘eligiOsissituus

1866 1211 2077 1272 Frater.
2110 1215 2200 1282 qui
2239 1214 2331 1268 Dei
2369 1213 2582 1278 negotia
2619 1222 2853 1266 tractare
2905 1215 3106 1281 optime
3140 1215 3403 1270 didicerat
3426 1258 3440 1278 ,

1865 1314 1916 1357 et
1952 1307 2407 1372 quemadmodum
2437 1306 2670 1376 aliquem
2699 1322 2761 1360 ex
2798 1307 2886 1360 Dei
2925 1307 3201 1362 voluntate
3225 1309 3442 1364 divitem

1869 1397 1980 1450 ﬁeri
2013 1397 2253 1461 deceret,
2287 1398 2424 1452 bene
2459 1410 2723 1463 noverat,
2762 1398 2992 1456 illecum
3025 1415 3054 1454 e
3079 1402 3236 1454 rebus
3287 1401 3446 1456 bonis

1866 1505 2075 1559 semper
2098 1493 2293 1560 aliquid
2323 1491 2551 1559 amplius
2579 1501 2876 1558 appeteret,
2919 1493 3082 1546 etsihi
3117 1509 3436 1562 comparare

1865 1584 2128 1644 studeret,
2151 1585 2415 1652 duplicem
2442 1584 2684 1654 martyrii
2712 1599 2966 1637 coronam
2991 1586 3087 1637 sibi
3113 1587 3444 1649 conciliavit,

1864 1683 1918 1727 et
1959 1691 2186 1742 regnum
2238 1675 2498 1728 ccelorum
2556 1677 2658 1729 hoc
2708 1677 2866 1729 modo
2908 1678 3104 1744 rapuit.
3142 1676 3275 1732 Cum
3305 1681 3446 1732 enim

1863 1767 2080 1819 militari
2115 1767 2300 1822 habitu
2335 1784 2390 1820 se
2435 1768 2721 1828 induisset.
2753 1769 2958 1836 primus
2995 1771 3060 1822 ad
3097 1785 3213 1823 eam
3242 1772 3448 1840 ingres-

172 1861 277 1920 tes,
329 1859 661 1926 turpitudine
720 1873 806 1915 tua
852 1864 1203 1931 castigentur.
1260 1865 1328 1919 At
1371 1867 1655 1924 Thodora;
1695 1868 1760 1922 Et
1792 1902 1836 1962 Β
1866 1878 1957 1916 sus
1979 1876 2081 1926 est,
2122 1865 2273 1933 quasi
2310 1880 2447 1918 unus
2480 1879 2544 1917 ex
2577 1863 2968 1932 impudentium
2997 1875 3048 1918 et
3080 1864 3448 1932 intemperan-

171 1965 322 2003 nunc
357 1951 498 2005 idem
539 1955 676 2008 Deus
705 1965 807 2020 est,
846 1968 898 2011 et
923 1972 1157 2027 semper,
1191 1960 1281 2029 qui
1317 1976 1420 2014 non
1455 1965 1754 2031 permittet,

171 2050 230 2094 ut
259 2057 383 2096 eum
417 2047 808 2116 derelinquam.
861 2048 992 2103 Peto
1024 2062 1202 2106 autem
1274 2064 1333 2106 ut
1375 2055 1630 2108 intactam
1695 2073 1756 2112 ac

171 2149 363 2200 puram
399 2151 482 2190 me
515 2138 718 2190 servari
751 2137 959 2204 iubeas,
987 2143 1162 2209 quoad
1189 2145 1518 2198 sententiam
1547 2147 1756 2202 tuleris.

176 2225 336 2281 Tunc
366 2228 532 2296 judex
566 2230 642 2282 ait
669 2248 683 2284 :
713 2228 1055 2285 Theodoram
1092 2237 1192 2288 sub
1222 2245 1331 2289 tuta
1373 2238 1615 2291 custodia
1645 2254 1760 2293 ser-

173 2334 298 2376 vate
328 2339 498 2392 usque
527 2327 590 2377 ad
625 2336 738 2380 tres
771 2329 885 2382 dies
908 2367 922 2390 ,
974 2329 1018 2382 si
1044 2327 1186 2384 forte
1241 2332 1570 2399 resipiscens
1598 2375 1612 2398 ,
1656 2334 1758 2388 sibi

173 2416 290 2480 ipsa
323 2420 675 2482 persuaserit,
710 2429 818 2472 uta
846 2421 936 2473 tali
970 2423 1311 2478 contentione
1343 2426 1586 2480 desistat.
1618 2423 1757 2490 Quin

177 2516 238 2558 et-
267 2509 540 2576 przecipio,
579 2525 642 2562 ne
677 2515 996 2576 permittatis
1031 2515 1262 2581 aliquem
1298 2517 1362 2570 ad
1390 2530 1506 2567 eam
1547 2517 1754 2584 ingredi

170 2607 226 2650 et
264 2613 388 2650 cum
450 2599 562 2668 ipsa
602 2606 824 2668 versari,
858 2614 1141 2671 propterea
1185 2605 1326 2673 quod
1365 2605 1564 2659 familia
1594 2607 1758 2661 nobili

177 2699 233 2743 et
260 2690 485 2743 honesta
528 2705 649 2746 nata
690 2705 793 2748 est.

241 2778 336 2836 IV.
381 2781 508 2837 Post
547 2793 659 2838 tres
693 2787 808 2840 dies
835 2802 955 2840 eum
989 2787 1152 2857 judes
1198 2792 1250 2845 iu
1299 2795 1555 2852 tribunali
1611 2801 1765 2854 sede-

174 2882 302 2926 ret:
334 2873 667 2942 Adducatur,
702 2878 898 2947 inquit,
935 2879 1238 2936 Theodora.
1277 2885 1485 2944 Cohors
1519 2893 1632 2943 ait:
1667 2892 1770 2945 Do-

175 2964 346 3029 mine,
388 2977 584 3040 praesto
613 2979 694 3024 est
723 2968 1036 3028 Theodora.
1067 2975 1201 3029 Tum
1235 2976 1321 3031 ille
1343 2996 1356 3032 :
1382 2977 1436 3032 Si
1469 2981 1766 3050 resipuisti,

171 3069 224 3110 et
251 3059 354 3111 tibi
390 3060 503 3126 jam
537 3064 876 3127 persuasisti,
910 3083 1052 3120 nunc
1106 3071 1351 3126 sacriﬁca
1375 3113 1390 3138 ,
1443 3085 1496 3129 et
1539 3087 1655 3130 esto
1701 3076 1767 3130 ll-

170 3146 343 3212 bera;
399 3159 527 3215 puto
558 3155 704 3206 enim
738 3163 791 3208 te
823 3173 1158 3229 nequaquam
1188 3177 1378 3229 sapere
1403 3208 1417 3231 ,
1492 3169 1543 3220 itt
1572 3173 1761 3226 eodem

1870 1958 2000 2011 titttn
2039 1958 2316 2011 hominum
2346 1973 2569 2011 numero
2613 1967 2780 2012 esset.
2827 1957 2958 2024 Ejus
3005 1958 3169 2027 igitur
3211 1959 3448 2014 hominis

1863 2062 2055 2103 novam
2086 2060 2134 2104 et
2162 2050 2500 2118 peregrinam
2531 2048 2756 2118 ﬁguram
2783 2061 2967 2104 sancta
2992 2052 3079 2104 illa
3101 2052 3251 2121 virgo
3274 2051 3452 2107 Theo-

1862 2141 1992 2194 dora
2019 2159 2140 2194 cum
2191 2143 2459 2205 vidisset,
2513 2141 2614 2195 fuit
2663 2143 2987 2207 perterrita;
3035 2158 3098 2196 ea
3151 2144 3294 2196 enim
3358 2159 3442 2198 res

1864 2234 2087 2286 multum
2103 2233 2308 2301 injuriae
2329 2249 2389 2286 ac
2410 2233 2759 2299 turpitudinis
2779 2249 2889 2300 pra:
2912 2249 2969 2288 se
2994 2234 3220 2289 ferebat.
3243 2234 3446 2302 Quam-

1863 2325 2048 2379 obrem
2097 2327 2318 2397 ancipiti
2365 2335 2419 2378 et
2471 2325 2634 2379 dubio
2690 2325 2872 2379 animo
2933 2331 3170 2381 carceris
3223 2328 3448 2396 angulos

1867 2415 2186 2469 circumibat
2211 2457 2224 2476 .
2260 2431 2442 2471 secum
2486 2417 2731 2486 cogitans
2759 2457 2774 2481 ,
2837 2431 2963 2471 num
3015 2430 3044 2471 a
3081 2415 3301 2472 Christo
3331 2418 3450 2488 ipso

1869 2510 2054 2561 relicta
2082 2519 2248 2566 esset.

1945 2603 2027 2655 Ἠ.
2069 2604 2140 2654 At
2164 2613 2388 2656 sanctus
2417 2601 2676 2672 Didymus
2709 2603 2821 2673 (ita
2853 2600 2996 2656 enim
3031 2601 3367 2671 vocabatur)
3390 2610 3450 2657 ut

1866 2709 2162 2768 germanus
2219 2695 2405 2758 frater,
2456 2695 2720 2759 incipiens
2751 2711 2872 2746 eam
2909 2695 3064 2749 aﬂ'ari
3097 2711 3112 2749 :
3143 2695 3257 2750 Non
3306 2711 3448 2759 sum,

1870 2785 2063 2853 inquit,
2125 2786 2200 2848 id,
2258 2787 2400 2853 quod
2467 2787 2634 2840 vides.
2697 2787 3079 2842 Exstriusecus
3111 2789 3254 2841 enim
3295 2790 3451 2859 lupus

1868 2878 2073 2942 videor,
2101 2879 2243 2932 intus
2273 2893 2404 2932 vero
2437 2895 2553 2933 sum
2589 2879 2706 2934 ovis
2745 2888 3048 2936 mansueta.
3105 2880 3184 2936 Ne
3237 2894 3450 2948 spectes

1868 2973 2199 3023 exteriorem
2247 2971 2388 3024 hanc
2447 2983 2675 3032 vestem,
2708 2971 2800 3024 sed
2834 2971 3149 3024 interiorem
3183 2981 3234 3026 et
3269 2987 3449 3042 prom-

1868 3076 2018 3134 ptum
2053 3065 2215 3117 animi
2269 3063 2520 3118 allectum
2561 3064 2905 3116 consideres.
2939 3061 3131 3117 Frater
3155 3067 3296 3117 enim
3326 3082 3446 3120 sum

1875 3159 1927 3212 itt
1964 3159 2135 3211 aliena
2173 3157 2366 3226 ﬁgura,
2413 3166 2601 3211 contra
2645 3157 2915 3210 diabolum
2977 3159 3211 3225 sapiens,
3261 3173 3447 3213 eorum

173 3237 460 3306 proposito
491 3244 892 3310 persistentem.
921 3248 1521 3318 ResponditTheodora
1546 3273 1559 3311 :
1589 3261 1761 3315 Αηιρε
1794 3268 1837 3324 C
1871 3251 2085 3319 quidem
2114 3261 2260 3302 veste
2304 3250 2544 3314 indutus,
2580 3250 2672 3316 qui
2706 3257 2835 3301 sunt
2883 3248 3024 3304 illius
3082 3251 3313 3304 ministri
3341 3293 3355 3316 ,
3391 3259 3450 3306 ut

175 3331 292 3384 dixi
325 3333 441 3397 tibi,
474 3345 528 3389 et
556 3355 694 3392 nunc
731 3343 922 3396 eadem
958 3344 1140 3400 dicere
1177 3362 1282 3403 non
1335 3366 1524 3406 recuso
1551 3394 1566 3417 ,
1601 3355 1764 3408 casti-

180 3425 310 3476 tatis
350 3441 481 3478 mere
521 3431 912 3502 professionem
938 3475 951 3498 ,
1000 3435 1200 3492 Christi
1244 3456 1405 3496 causa
1457 3457 1760 3513 susceptam

183 3528 332 3576 esse,
357 3517 451 3581 qui
491 3517 588 3570 fuit
614 3521 942 3590 incorrupta;
973 3528 1096 3582 vitae
1125 3534 1460 3600 praedicator,
1487 3553 1764 3606 meamque

174 3604 578 3661 confessionem
642 3612 812 3680 ipsius
869 3617 958 3669 Dei
1015 3624 1185 3686 gratia
1237 3623 1370 3679 fieri.
1423 3627 1554 3696 Ejus
1604 3604 1765 3698 igitur

179 3697 393 3750 Domini
430 3710 480 3751 et
516 3701 607 3755 Dei
644 3705 916 3762 confessio
948 3726 1043 3778 per
1071 3728 1156 3766 me
1188 3720 1530 3783 przedicetur,
1565 3697 1762 3788 etiipse

172 3788 361 3843 videat
395 3792 535 3860 (scit
565 3797 743 3864 enim)
780 3803 1050 3867 quomodo
1086 3820 1236 3859 suam
1284 3809 1540 3878 virginem
1575 3827 1761 3878 puram

177 3896 491 3939 conservet.
530 3887 629 3940 l’er
657 3889 789 3944 deos
822 3892 989 3960 ipsos,
1011 3896 1394 3968 inquitjudex,
1423 3903 1763 3958 dominorum

172 3973 331 4043 jussa
372 3981 596 4041 veritus,
637 3997 704 4033 ne
733 3981 870 4036 forte
905 3987 1010 4040 illis
1034 3987 1138 4040 non
1173 3994 1451 4056 obediens,
1473 3984 1762 4058 pericliter,

180 4068 447 4121 adversus
481 4080 532 4121 te
566 4071 755 4125 faciam
805 4077 946 4144 quod
973 4094 1086 4131 sum
1108 4080 1314 4149 jussus.
1338 4084 1602 4149 Quoniam
1633 4103 1762 4142 vero

174 4160 230 4214 in
276 4159 506 4229 lupanar
545 4166 681 4218 tradi
719 4169 993 4236 maluisti,
1022 4189 1182 4239 quant
1235 4177 1336 4230 diis
1384 4179 1511 4248 ipsis
1551 4184 1764 4237 sacriﬁ—

172 4266 306 4306 care
334 4290 350 4314 ,
381 4253 659 4308 videamus
686 4295 700 4318 ,
735 4275 858 4311 num
879 4271 942 4338 te
982 4277 1160 4318 setvet
1190 4267 1440 4322 Christus
1482 4271 1568 4323 ille
1601 4279 1719 4327 tuus
1748 4315 1762 4338 ,

171 4353 401 4407 propter
425 4359 586 4408 quem
615 4345 668 4398 in
702 4335 1050 4406 contentione
1078 4355 1174 4408 ista
1205 4358 1492 4425 persistere
1519 4362 1756 4419 voluisti.

169 4425 230 4481 ld
259 4445 382 4482 cum
413 4433 580 4499 judex
623 4441 869 4505 dixisset,
903 4447 969 4499 ad
1003 4449 1279 4504 cohortem
1313 4468 1531 4511 versus:
1561 4453 1763 4508 Trada-

169 4530 289 4614 (llr,
322 4526 514 4592 inquit,
552 4529 651 4582 ista
684 4534 735 4584 in
763 4533 1004 4602 lupanar.
1041 4539 1192 4594 Tunc
1222 4543 1624 4602 aitTltcudora:
1663 4548 1762 4614 Tu,

1870 3343 1939 3394 ita
1969 3343 2072 3395 huc
2119 3339 2427 3410 ingrediens
2453 3354 2558 3392 non
2598 3353 2926 3408 agnoscerer
2960 3339 3156 3407 (erant
3181 3342 3322 3394 enim
3359 3343 3449 3411 qui

1868 3433 1974 3486 huc
2015 3432 2317 3487 venientem
2355 3432 2808 3498 speculabantur)
2844 3442 2899 3482 et
2933 3429 3146 3484 Domini
3183 3432 3288 3485 mei
3321 3449 3448 3498 pre-

1869 3527 2057 3580 tiosam
2103 3524 2519 3594 possessionem,
2549 3534 2601 3577 et
2629 3523 2718 3577 Dei
2748 3523 3053 3577 columbam
3077 3540 3196 3578 eam
3226 3541 3449 3580 servare

1869 3637 2102 3693 possem.
2143 3620 2248 3676 Sed
2285 3635 2383 3688 age
2425 3630 2632 3674 vestem
2677 3629 2989 3691 mutemus;
3027 3619 3120 3672 tibi
3160 3619 3300 3672 Deus
3334 3622 3448 3688 ipso

1869 3715 2152 3765 victoriam
2207 3713 2434 3778 largitur
2467 3726 2599 3776 :.me
2645 3727 2775 3765 vero
2831 3721 3059 3766 coronat
3093 3722 3335 3774 sanctus,
3398 3723 3452 3766 et

1867 3805 1956 3874 qui
1991 3805 2105 3857 sine
2143 3804 2347 3857 macula
2384 3811 2486 3868 est,
2527 3804 2710 3872 Agnus
2769 3805 2875 3867 ille,
2903 3805 2992 3872 qui
3047 3805 3182 3856 tollit
3234 3815 3450 3871 peccata

1869 3898 2077 3951 mundi.
2119 3898 2322 3961 Exitu,
2358 3905 2436 3960 et,
2469 3897 2534 3950 ad
2572 3895 2858 3949 Dominum
2896 3896 3014 3950 ito:
3069 3895 3182 3963 Ego
3232 3907 3451 3965 promer

1870 3986 2155 4040 Dominum
2187 3988 2272 4038 hic
2300 3989 2618 4041 remaneho.
2653 3989 2765 4040 "ac
2804 4003 2921 4041 mea
2953 3999 3127 4052 veste,
3186 4005 3346 4054 quam
3377 3991 3447 4045 ti-

1871 4080 2077 4141 mebas,
2117 4079 2378 4134 ittduaris.
2407 4077 2537 4132 Esto
2568 4088 2621 4131 ttt
2651 4093 2744 4146 pro
2769 4095 2871 4141 me,
2905 4089 2962 4130 ιιι
2994 4090 3074 4132 est
3103 4082 3169 4132 ab
3190 4083 3448 4148 Apostolo

1870 4169 2110 4224 dietum‘
2144 4189 2157 4225 :
2195 4189 2213 4221 ι
2252 4172 2437 4226 Estotc
2463 4179 2519 4223 ιιι
2547 4185 2664 4239 ego,
2693 4171 2950 4239 quoniam
2987 4182 3041 4225 et
3065 4185 3163 4238 ego
3196 4181 3252 4223 ut
3280 4185 3395 4226 vos.
3423 4192 3444 4226 s

1871 4260 1963 4314 ltle
1991 4263 2206 4327 quidem
2241 4263 2355 4314 htec
2399 4263 2613 4314 dicebat
2653 4276 2666 4312 :
2703 4261 2986 4312 Theodoro
3041 4274 3169 4316 vero
3217 4262 3452 4316 libenter

1869 4353 1916 4406 ei
1959 4353 2389 4422 obtemperabat.
2419 4352 2576 4407 Novit
2609 4353 2752 4407 enim
2786 4353 2853 4406 ab
2886 4351 2976 4404 illo
3009 4351 3126 4418 ipso
3174 4351 3304 4416 Deo,
3353 4356 3444 4420 qui

1873 4446 2012 4498 misit
2050 4447 2103 4498 in
2136 4447 2309 4499 larunt
2350 4448 2564 4501 leonum
2600 4445 2912 4514 prpphetam
2951 4443 3222 4506 liabacuc,
3259 4456 3314 4497 ut
3344 4446 3448 4500 Da-

1875 4537 1996 4591 nieli
2020 4523 2070 4600 ⁷,
2103 4539 2194 4606 qui
2231 4549 2280 4592 et
2313 4539 2427 4607 ipse
2456 4539 2716 4608 prepheta
2739 4550 2875 4600 erat,
2909 4539 3085 4591 cibum
3115 4538 3442 4606 impartiret,

176 4609 347 4678 Deus,
377 4617 465 4682 qui
493 4621 736 4676 occultas
769 4640 852 4678 res
883 4627 1122 4697 inspicis,
1155 4634 1243 4698 qui
1299 4639 1494 4692 ,ιονίεεί
1539 4609 1761 4709 omnia
1795 4615 1846 4674 D
1876 4629 2073 4697 quique
2104 4639 2154 4681 et
2187 4629 2402 4682 leonum
2432 4644 2524 4682 ora
2551 4627 2844 4692 obstruxit,
2873 4627 3094 4681 militem
3125 4627 3272 4680 illum
3318 4638 3444 4685 tunc

173 4708 497 4776 priusQuam
534 4712 620 4765 illa
649 4713 798 4779 ﬁant,
831 4719 920 4786 qui
969 4723 1032 4774 ad
1061 4723 1379 4779 hodiernuut
1425 4745 1591 4798 usque
1617 4733 1756 4785 diem

175 4799 314 4852 mihi
338 4801 559 4865 at‘l'uisti,
581 4817 635 4858 ct
658 4807 915 4861 intactam
949 4812 1000 4865 in
1025 4831 1085 4868 ea
1115 4832 1172 4870 rc
1205 4833 1288 4872 me
1321 4821 1566 4886 servasti,
1597 4838 1756 4892 quam

174 4889 274 4940 tibi
304 4893 548 4956 promisi,
583 4895 695 4960 ipse
732 4907 783 4951 et
813 4900 1036 4968 posthac
1065 4919 1148 4956 me
1179 4905 1476 4971 custodias,
1505 4920 1558 4962 et
1589 4889 1763 4978 apro-

177 4975 325 5031 fanis
368 4988 423 5032 et
471 4983 666 5049 iniquis
715 5003 902 5042 eorum
963 4995 1210 5047 manibus
1239 5035 1252 5056 ,
1291 4998 1378 5063 qui
1416 5003 1586 5067 parati
1639 4975 1765 5056 sunt.

169 5071 386 5123 ancill:e
413 5081 513 5125 tum
533 5074 782 5143 injuriam
812 5081 1031 5146 inferre,
1063 5086 1384 5143 incolumem
1413 5101 1464 5143 ct
1491 5093 1752 5164 integram

169 5179 382 5218 serves.
419 5165 538 5221 llaec
567 5185 687 5224 cum
725 5171 812 5226 illa
838 5175 1080 5240 dixisset,
1116 5182 1181 5235 ad
1218 5184 1441 5252 lupanar
1463 5186 1617 5239 ducta
1645 5202 1754 5258 est;

171 5257 400 5324 adquod
428 5260 690 5326 ingressa,
718 5268 904 5323 oculos
922 5271 985 5325 ad
1009 5272 1205 5326 emittm
1231 5277 1424 5338 erexit,
1452 5287 1502 5330 et
1524 5281 1592 5331 ait
1619 5257 1755 5343 :Tu,

175 5345 342 5401 Pater
384 5351 587 5405 Domini
617 5359 784 5410 nostri
811 5357 936 5412 Jesu
968 5360 1195 5430 Christi,
1226 5381 1309 5419 me
1343 5368 1556 5436 adjuva,
1601 5381 1658 5423 ut
1689 5373 1756 5428 ab

175 5441 262 5493 his
305 5443 533 5498 canibus
566 5447 786 5516 eripiar.
825 5452 900 5504 Tu
933 5494 945 5516 ,
971 5457 1060 5524 qui
1093 5455 1310 5512 Petrum
1339 5461 1387 5513 iu
1418 5477 1634 5516 carcere
1663 5467 1757 5519 ad-

170 5533 388 5600 juvisti,
421 5549 651 5605 eumque
691 5541 757 5592 ab
789 5541 986 5608 injuria
1020 5549 1248 5602 liberum
1288 5551 1434 5605 illinc
1478 5552 1710 5608 eduxisti
1744 5596 1758 5620 ,

166 5634 222 5676 ct
258 5638 345 5677 me
379 5626 502 5682 hinc
525 5630 595 5684 ab
627 5633 821 5700 injuria
853 5634 1176 5692 incolumem
1207 5642 1425 5707 educas,
1465 5651 1521 5697 ut
1569 5660 1756 5702 omnes

169 5717 416 5783 videant,
446 5735 636 5790 meque
673 5740 881 5780 servam
922 5737 1066 5788 tuam
1115 5746 1234 5786 esse
1258 5749 1604 5802 cognoscant.

231 5894 250 5920 ¹
292 5883 472 5942 Calat.
512 5903 581 5954 ιν,
624 5889 707 5946 ἱΞ.
786 5895 804 5925 ¹
836 5894 972 5948 Dan.
1010 5913 1120 5963 nr,
1148 5897 1215 5951 3‘2
1245 5914 1402 5972 seqq.

1861 4725 1926 4774 ad
1958 4736 2016 4776 se
2051 4723 2294 4786 missum,
2349 4730 2408 4775 ut
2437 4721 2610 4791 ipsius
2642 4722 2826 4774 habitu
2861 4721 3150 4788 occultata,
3202 4729 3255 4774 et
3288 4720 3440 4776 illinc

1861 4824 2042 4880 erepta
2071 4816 2277 4868 servari
2317 4825 2519 4883 posset.

1935 4903 2046 4958 VII.
2109 4905 2202 4960 Illa
2236 4906 2401 4973 igitur
2441 4908 2592 4974 virgo
2644 4906 2832 4958 militis
2882 4902 3124 4956 habitum
3186 4908 3440 4973 sumpsit,

1863 4999 2166 5068 ocreisque,
2195 5001 2387 5068 quibus
2409 5011 2564 5054 antea
2591 4997 2744 5052 miles
2768 4998 2843 5050 uti
2867 5006 3249 5062 consueverat,
3277 5012 3438 5053 crura

1867 5106 1964 5144 sua
1996 5093 2235 5145 contexit
2271 5111 2283 5146 :
2337 5106 2569 5160 cumque
2606 5092 2810 5160 reliqua
2849 5101 2998 5145 veste
3048 5105 3107 5143 se
3157 5090 3436 5156 induisset,

1865 5185 2026 5250 capiti
2063 5182 2267 5253 galeam
2303 5184 2580 5253 imposuit,
2614 5185 2834 5252 ejusque
2866 5182 3033 5234 armis
3059 5183 3316 5248 acceptis,
3347 5181 3438 5238 illo

1865 5277 2004 5345 ipso,
2038 5292 2219 5345 quem,
2253 5277 2344 5345 qui
2368 5278 2416 5330 ei
2448 5279 2691 5331 astiterat
2720 5276 2995 5344 praecepit,
3028 5283 3217 5327 ornatu
3254 5277 3436 5327 induta

1863 5383 2079 5436 egressa
2117 5378 2219 5422 est.
2255 5369 2543 5424 Admonita
2576 5370 2739 5421 etiam
2788 5365 2907 5430 luit,
2943 5382 3010 5419 ne
3034 5380 3200 5435 quem
3231 5364 3436 5432 aspice-

1863 5472 2213 5530 ret,propter
2270 5477 2455 5515 eorum
2521 5463 2767 5528 luporum
2831 5459 3218 5530 impudentiam
3275 5466 3436 5526 atque

1861 5555 2164 5617 audaciam,
2217 5569 2352 5608 neve
2404 5554 2639 5622 aliquem
2687 5553 3102 5620 alloqneretur:
3145 5551 3238 5604 sed
3291 5557 3436 5602 recta

1856 5647 1922 5700 ad
1985 5655 2191 5713 portam
2247 5646 2492 5699 tenderet
2527 5685 2540 5709 ,
2605 5655 2658 5698 et
2715 5645 2898 5700 Jesum
2956 5644 3132 5714 ipsum
3185 5641 3284 5691 vim
3336 5637 3436 5691 du-

1855 5753 1970 5792 cem
2005 5739 2104 5793 sibi
2145 5747 2488 5807 proponeret.
2523 5736 2584 5790 Et
2621 5735 2713 5789 illa
2741 5734 2961 5806 quidem
3008 5731 3160 5786 illinc
3192 5739 3438 5797 egressa,
