4212 6440
773 418 841 479 87
1130 474 1133 477 .
2070 416 2354 479 ΜΕΝὲῐὸ
2388 416 2722 478 APRILIS.
3961 414 4028 475 88

773 541 830 583 ut
867 527 1113 587 columba
1143 528 1383 598 quaedam
1423 528 1537 586 alas
1568 528 1843 595 quatiens,
1874 536 2034 601 atque
2070 528 2122 583 in
2155 530 2346 584 coelum
2382 529 2428 586 Α
2459 528 2624 584 Deum
2652 530 2825 599 ipsum
2860 529 2991 584 satis
3021 528 3269 584 confessa
3299 526 3483 591 fuerit.
3514 526 3714 582 intacta
3768 542 4027 598 perman-

778 623 1026 684 tendens,
1070 636 1134 674 ex
1168 622 1444 690 accipitris
1480 638 1597 687 ore,
1646 622 1726 678 vel
1760 638 1894 694 agna
1924 638 1953 678 e
1984 624 2198 677 leonum
2231 621 2349 675 fau-

775 714 947 777 cibus,
975 714 1169 767 evasit.
1205 713 1397 767 Frater
1430 730 1560 769 vero
1589 715 1679 768 ille
1730 715 1970 781 sedebat,
2031 717 2097 769 de
2158 728 2347 770 sorore

776 819 879 857 non
910 804 1141 872 amplius
1172 805 1459 869 sollicitus,
1502 815 1554 860 et
1584 806 1868 876 spirituale
1919 806 2209 877 prandium
2255 819 2348 858 ex-

777 905 1053 964 spectans.
1084 893 1333 963 Cumque
1387 911 1445 950 se
1484 897 1677 966 capitis
1717 906 2025 967 legumento
2060 896 2346 959 induisset,

777 999 842 1035 eo
879 987 927 1036 in
958 986 1077 1037 loco
1108 985 1349 1040 sedebat.
1392 986 1521 1040 Erat
1553 997 1734 1041 autem
1766 989 1839 1041 ita
1882 998 2195 1049 coronatus,
2223 996 2281 1039 ut
2302 986 2347 1040 si

778 1077 1150 1129 adversarium
1185 1077 1354 1146 ipsum
1390 1078 1630 1133 vicisset.
1682 1076 1969 1132 Intervallo
1998 1086 2179 1132 autem
2213 1087 2351 1130 tem-

780 1169 949 1236 poris,
980 1169 1193 1236 quidam
1227 1184 1291 1223 ex
1318 1170 1704 1224 insanientium
1736 1186 1961 1225 numero
1986 1173 2353 1237 intemperan-

781 1260 869 1313 tia:
904 1275 1111 1325 servus,
1144 1260 1217 1315 ita
1245 1274 1299 1314 ιιι
1333 1273 1449 1317 erat
1497 1264 1803 1333 impudens,
1842 1263 1967 1316 illuc
2001 1272 2253 1331 tanquam
2284 1264 2349 1315 ad

779 1351 1039 1419 virginem
1077 1353 1287 1422 ingredi
1325 1368 1510 1418 ausus,
1573 1369 1692 1406 eum
1760 1354 1933 1407 virum
1987 1370 2082 1422 pro
2145 1354 2352 1422 virgine

776 1442 1117 1507 offendisset,
1167 1456 1347 1498 mente
1395 1446 1675 1513 perculsus
1704 1459 1881 1500 secum
1931 1446 2041 1512 ipse
2091 1446 2347 1501 dicebat:

778 1533 1027 1602 Nunquid
1066 1536 1301 1603 virgines
1329 1538 1379 1589 in
1410 1536 1552 1591 viros
1607 1536 1865 1590 transfert
1893 1536 2047 1591 Jesns
2081 1536 2226 1590 iste?
2262 1535 2355 1589 Mi-

780 1627 855 1681 les
888 1628 998 1692 ille,
1024 1630 1112 1698 qui
1140 1638 1266 1682 ante
1303 1646 1385 1684 me
1409 1630 1516 1686 huc
1546 1631 1822 1699 ingressus
1850 1642 1954 1695 est,
2008 1630 2161 1683 exiit.
2195 1627 2354 1695 Quis-

778 1734 900 1772 nam
936 1721 1099 1788 igitur
1126 1721 1209 1774 hic
1247 1730 1350 1785 est,
1403 1722 1493 1790 qui
1528 1723 1720 1776 sedet?
1758 1722 1988 1775 Ubinam
2041 1721 2189 1791 virgo
2241 1720 2351 1785 illa,

779 1825 899 1878 quae
959 1813 1044 1865 hic
1081 1814 1288 1867 inclusa
1325 1814 1493 1867 erat?
1533 1813 1733 1866 Audivi
1797 1812 2090 1881 aliquando
2139 1828 2168 1866 a
2225 1810 2352 1865 Jesu

779 1902 894 1969 ipso
923 1916 1117 1967 aquam
1139 1904 1191 1955 in
1216 1905 1399 1956 vinum
1428 1918 1742 1957 conversam
1780 1920 1793 1957 :
1825 1920 1965 1957 nunc
1993 1904 2168 1970 majus
2203 1903 2357 1971 quid—

778 1993 901 2045 dam
940 1993 1136 2046 video:
1181 1992 1445 2063 virginem
1478 1996 1620 2048 enim
1655 1995 1707 2048 in
1745 1996 1920 2048 virum
1973 1996 2223 2049 mutavit.
2262 1995 2355 2048 Ti-

779 2098 899 2137 meo
934 2100 1001 2139 ne
1035 2094 1091 2138 et
1119 2100 1202 2139 me
1226 2086 1275 2138 in
1309 2085 1589 2141 mulierem
1616 2097 1916 2142 convertat.
1949 2087 2040 2141 Ille
2074 2103 2199 2141 vero
2232 2102 2352 2141 cum

778 2184 1078 2243 opportune
1107 2191 1349 2229 sororem
1408 2178 1731 2246 eripuisset,
1788 2177 1986 2231 factum
2042 2192 2196 2230 suum
2251 2194 2353 2230 non

777 2267 1077 2323 occultavit
1110 2284 1123 2322 :
1158 2271 1253 2323 sed
1286 2270 1429 2324 clara
1479 2285 1652 2325 voce:
1688 2268 1807 2325 Non
1862 2273 2109 2334 mutavit,
2158 2272 2353 2338 inquit,

781 2374 866 2414 me
918 2360 1202 2423 Dominus,
1265 2362 1357 2414 sed
1411 2369 1465 2415 et
1498 2360 1628 2415 mihi
1662 2369 1715 2415 et
1776 2361 1847 2414 illi
1890 2376 2143 2414 coronam
2190 2362 2351 2417 dedit.

778 2452 947 2513 Quam
977 2452 1137 2520 igitur
1193 2451 1477 2506 habebatis
1504 2491 1518 2519 ,
1550 2467 1669 2505 eam
1704 2468 1807 2507 non
1848 2454 2097 2517 habetis;
2157 2454 2356 2523 quique

779 2542 933 2595 vobis
990 2558 1096 2595 non
1149 2552 1288 2608 erat,
1356 2559 1476 2599 eum
1530 2560 1673 2600 nunc
1734 2546 1963 2600 habetis.
2026 2543 2188 2615 Virgo
2242 2545 2351 2610 illa,

779 2637 927 2703 virgo
961 2644 1065 2700 est,
1090 2644 1324 2689 utantea
1363 2675 1377 2699 ,
1412 2636 1567 2693 miles
1598 2652 1725 2694 vero
1754 2639 1955 2695 Christi
1989 2637 2116 2695 Jesu
2152 2639 2352 2693 athleta

784 2740 929 2781 nunc
960 2740 1064 2782 est.

848 2818 987 2875 VIII.
1022 2818 1286 2895 Egressus
1318 2822 1500 2891 igitur,
1536 2822 1625 2891 qui
1654 2820 1830 2876 fuerat
1884 2821 2043 2891 paqu
2103 2830 2225 2875 ante
2266 2821 2352 2875 in-

777 2928 1019 2982 gressus,
1061 2916 1200 2980 quod
1245 2911 1446 2967 factum
1479 2923 1617 2978 erat,
1649 2914 1934 2967 nuntiavit.
1970 2912 2023 2965 Id
2054 2923 2233 2966 autem
2257 2914 2345 2981 ju-

781 3010 878 3060 dex
908 3007 1159 3071 audiens,
1184 3006 1347 3069 jussit
1384 3022 1505 3061 eum
1556 3014 1682 3061 ante
1713 3006 1948 3060 tribunal
2008 3006 2149 3061 sisti.
2185 3007 2352 3072 Quem

780 3107 1100 3167 praesentem
1158 3114 1292 3152 cum
1354 3099 1602 3163 vidisset,
1668 3114 1789 3151 eum
1846 3100 2187 3163 interrogans
2232 3098 2352 3150 ait:

2451 620 2540 687 sit,
2571 637 2732 691 quam
2788 620 2931 677 Deus
2992 623 3105 689 ipse
3164 621 3488 675 incolumem
3529 629 3582 675 et
3616 635 3644 674 a
3683 619 3800 673 labe
3839 636 4031 689 puram

2452 715 2708 769 servavit.
2744 714 2926 783 Itaque
2956 715 3097 783 quod
3156 717 3353 769 factum
3409 724 3512 777 est,
3570 729 3675 767 non
3723 714 3879 779 mihi,
3935 716 4031 767 sed

2453 806 2560 859 Deo
2587 805 2683 874 ipsi
2728 806 2939 871 tribuo;
2996 808 3248 873 quoniam
3281 807 3577 861 secundum
3634 806 3789 859 fidem
3858 807 4031 872 ipsius

2452 895 2580 949 fecit
2609 896 2681 949 illi
2718 897 2876 961 Deus,
2904 898 3355 963 quemadmodum
3390 907 3441 951 et
3471 899 3585 967 ipse
3608 899 3772 963 nosti,
3800 899 3841 952 si
3876 898 4034 952 fateri

2454 987 2607 1041 velis.
2648 986 2799 1041 Tunc
2831 988 3092 1057 ajtjudex
3129 1005 3141 1041 :
3190 988 3490 1055 Cuiusnam
3561 989 3723 1043 sortis
3773 988 3939 1041 homo
3978 999 4033 1040 tu

2453 1078 2555 1131 es?
2586 1078 2949 1143 Christianus,
2980 1079 3153 1148 inquit
3184 1079 3468 1148 Didymus,
3491 1094 3590 1148 ego
3612 1094 3727 1132 sum
3756 1095 3781 1132 a
3811 1080 4034 1134 Christo

2461 1168 2595 1223 liber
2629 1168 2820 1225 factus.
2850 1172 2917 1222 At
2941 1171 3145 1238 judex:
3179 1167 3431 1225 Cruciate
3481 1173 3642 1224 istum
3678 1172 4032 1226 vehementer

2456 1259 2663 1313 duobus
2691 1262 2886 1325 modis,
2930 1272 3148 1331 propter
3179 1262 3294 1329 ejus
3335 1261 3712 1331 petulantiam.
3748 1262 3913 1327 Peto,
3946 1267 4034 1317 in-

2456 1352 2572 1421 quit
2608 1352 2888 1422 Didymus,
2924 1362 2982 1407 ut
3009 1356 3153 1424 quod
3181 1354 3247 1408 ab
3275 1355 3691 1422 imperatoribus
3717 1354 3822 1408 tuis
3850 1356 4039 1420 jussus

2456 1460 2533 1507 es,
2562 1444 2813 1499 celeriter
2844 1446 3116 1513 expedias.
3156 1445 3256 1500 Cui
3307 1445 3475 1514 judex
3510 1465 3521 1498 :
3557 1445 3660 1499 Per
3705 1446 3833 1499 deos
3863 1445 4038 1512 dupli-

2459 1537 2538 1590 cia
2575 1543 2839 1589 tormenta
2880 1539 2973 1591 tibi
3006 1538 3237 1604 reposita
3272 1547 3399 1590 sunt
3427 1540 3527 1591 nisi
3567 1537 3670 1592 diis
3700 1538 3829 1605 ipsis
3860 1538 4035 1591 sacri-

2460 1626 2611 1682 lices.
2650 1628 2801 1693 Quod
2837 1631 2880 1681 si
2914 1628 3131 1694 feceris,
3167 1629 3314 1697 prius
3353 1628 3482 1681 illud
3518 1629 3732 1681 facinus
3762 1638 3912 1681 tuum
3938 1643 4038 1679 au-

2459 1722 2559 1775 dax
2584 1721 3003 1778 condonabitur.
3037 1721 3166 1788 Ego,
3203 1721 3374 1789 inquit
3406 1720 3691 1789 Didymus.
3726 1720 3903 1788 reipsa
3942 1720 4039 1771 tibi

2459 1815 2693 1878 ostendi,
2735 1830 2818 1868 me
2847 1815 2936 1867 Dei
2967 1814 3222 1867 athletam
3248 1828 3369 1867 esse
3402 1830 3416 1867 :
3453 1810 3671 1882 propter
3700 1812 3860 1865 linem
3890 1811 4039 1864 enim

2463 1907 2590 1961 mihi
2615 1908 2904 1975 repositum
2932 1908 3034 1960 hoc
3064 1906 3242 1959 Iacere
3267 1920 3554 1974 aggressus
3585 1904 3681 1968 fui,
3719 1914 3776 1955 ut
3802 1912 3855 1956 et
3885 1904 4041 1967 virgo

2461 1998 2594 2068 ipsa,
2623 1998 2772 2067 virgo
2802 2005 3129 2059 remaneret,
3166 2005 3217 2048 ct
3252 2011 3351 2063 ego
3383 1996 3472 2047 Dei
3499 1994 3891 2048 confessionem
3924 2006 4043 2043 ma-

2459 2092 2653 2146 nifeste
2685 2091 3004 2159 profiterer;
3041 2104 3167 2143 nam
3199 2089 3252 2142 in
3294 2087 3382 2142 Dei
3425 2088 3526 2141 fide
3546 2100 3893 2155 permanens,
3931 2092 4042 2137 tor-

2462 2195 2637 2238 menta
2690 2199 2791 2237 non
2824 2184 3075 2238 sentiam.
3113 2181 3297 2248 Itaque
3340 2180 3588 2233 celeriter
3624 2179 3727 2240 fac,
3764 2179 3909 2247 quod
3950 2178 4041 2228 vi-

2461 2276 2616 2328 detur
2642 2317 2655 2339 ,
2692 2292 2798 2327 non
2829 2275 2970 2329 enim
3011 2274 3341 2327 daemonibus
3385 2271 3625 2325 immolo.
3660 2268 3790 2321 Nam
3822 2276 3875 2322 et
3898 2269 3939 2322 si
3982 2268 4039 2321 in

2461 2367 2638 2435 ignem
2675 2382 2757 2419 mc
2794 2367 3007 2422 tradere
3036 2365 3289 2431 volueris,
3323 2364 3469 2418 illinc
3520 2363 3683 2417 etiam
3746 2362 3887 2415 Deus
3951 2374 4042 2413 me

2458 2469 2632 2528 potest
2662 2460 2895 2526 eripere.

2528 2550 2619 2605 IX.
2652 2550 2803 2604 Tune
2841 2549 2915 2602 illi
2951 2550 3119 2619 judex
3162 2545 3391 2602 :Tantze
3418 2544 3656 2600 audacire
3689 2558 3848 2597 causa
3876 2552 4043 2609 caput

2461 2643 2555 2695 tibi
2617 2644 2971 2697 abscindetur
3015 2653 3111 2695 :et
3152 2642 3405 2710 quoniam
3471 2638 3813 2692 dominorum
3878 2640 4045 2705 atque.

2460 2733 2853 2800 imperatorum
2915 2740 3229 2785 nostrorum
3264 2739 3591 2797 prmceptnm
3632 2725 4042 2794 contempsisti,

2461 2826 2700 2891 reliquiae
2729 2837 2829 2879 tute
2857 2825 2907 2877 in
2930 2824 3105 2891 ignem
3134 2823 3436 2875 tradentur.
3474 2820 3550 2873 Ad
3585 2820 3695 2871 haec
3737 2817 3999 2885 Didymus
4030 2833 4043 2867 :

2461 2914 2802 2978 Benedictus,
2853 2916 3047 2982 inquit,
3100 2915 3240 2966 Deus
3297 2920 3350 2964 ct
3386 2909 3544 2961 Pater
3598 2906 3810 2960 Domini
3868 2906 4045 2958 nostri

2458 3003 2581 3060 Jesu
2616 3006 2840 3071 Christi,
2890 3006 2976 3075 qui
3020 3003 3306 3058 consilium
3368 3015 3544 3055 meum
3603 3015 3705 3051 non
3766 2996 4046 3066 despexit,

2461 3100 2553 3155 sed
2575 3109 2626 3153 et
2655 3099 2990 3151 Theodoram
3018 3098 3267 3150 ancillam
3302 3110 3451 3152 suam
3482 3094 3745 3161 integram
3779 3091 4046 3147 servavit.

786 3190 1069 3255 Quodnam
1122 3191 1213 3243 tibi
1273 3207 1465 3244 nomen
1514 3190 1641 3243 est?
1676 3188 1956 3261 Didymus,
2022 3190 2196 3261 inquit
2246 3192 2358 3256 ille,
2389 3220 2431 3278 ο
2462 3199 2516 3243 ct
2548 3207 2629 3242 tne
2660 3204 2754 3257 per
2781 3189 2885 3241 duo
2920 3197 3185 3240 tormenta
3251 3182 3552 3239 coronabit.
3610 3180 3852 3246 Cumque
3913 3193 4048 3232 sen-

782 3298 880 3349 ego
909 3283 1168 3349 appellor.
1209 3281 1341 3336 Tum
1374 3283 1545 3352 judex
1575 3302 1587 3336 :
1615 3281 1679 3336 Et
1712 3283 1967 3351 quisnam
2001 3284 2095 3337 tibi
2130 3299 2355 3353 sugges-

782 3374 873 3437 sit,
907 3382 964 3427 ut
996 3375 1136 3427 istud
1170 3373 1399 3438 faceres,
1434 3388 1496 3429 ac
1541 3390 1625 3429 me
1659 3376 2085 3430 contemneres?
2117 3377 2211 3430 Cui
2258 3375 2348 3428 I)i-

782 3465 976 3532 dymus
1013 3482 1025 3517 :
1064 3464 1204 3519 Deus
1239 3479 1323 3519 me
1353 3464 1519 3530 :nisit,
1548 3476 1611 3519 ut
1635 3467 1735 3520 hoc
1775 3468 2031 3521 facerem.
2063 3467 2357 3527 Confitere,

786 3554 960 3621 inquit
988 3556 1173 3622 judex,
1216 3564 1506 3621 antequam
1553 3558 1835 3610 tormentis
1860 3556 2190 3622 subjiciaris.
2226 3556 2358 3611 Ubi-

787 3663 909 3701 nam
935 3658 1017 3701 est
1046 3643 1334 3701 'I‘heodora
1391 3645 1480 3699 illa
1533 3645 1724 3716 virgo?
1761 3646 2056 3717 Respondit
2100 3648 2175 3701 illi
2212 3666 2224 3702 :
2265 3648 2363 3702 Per

785 3738 1055 3793 Christum
1099 3738 1189 3794 Dei
1219 3739 1438 3807 Filium,
1478 3741 1564 3793 ubi
1602 3754 1662 3793 ea
1698 3740 1789 3802 sit,
1825 3742 2028 3795 nescio.
2066 3741 2196 3795 Illud
2228 3742 2362 3803 scio,

784 3846 848 3887 ac
885 3847 1205 3901 persuasum
1261 3833 1453 3900 habeo,
1486 3833 1629 3905 quod
1660 3848 1782 3887 cum
1819 3833 1912 3888 Dei
1958 3836 2030 3887 sit
2082 3850 2260 3896 serva,
2313 3841 2367 3886 et

2473 3281 2695 3335 tentiam
2722 3296 2747 3329 a
2775 3280 2957 3347 judice
2995 3277 3156 3328 latam
3183 3273 3499 3340 accepisset,
3540 3269 3714 3322 securi
3752 3281 4049 3336 percussus

2466 3383 2569 3429 est.
2598 3372 2711 3437 Quo
2733 3370 2896 3435 facto,
2923 3369 3038 3436 ejus
3058 3381 3252 3436 corpus
3278 3365 3328 3418 in
3365 3364 3540 3433 ignem
3573 3360 3672 3413 fuit
3704 3362 4046 3427 conjectum.

2464 3464 2721 3531 Martyrio
2748 3472 2926 3515 autem
2962 3462 3181 3515 functus
3220 3468 3300 3511 est
3332 3462 3553 3510 sanctus
3590 3452 3849 3521 Didymus
3876 3448 4051 3504 Nonis

2465 3555 2687 3622 Aprilis,
2748 3563 3011 3621 regnante
3067 3552 3118 3604 in
3182 3552 3331 3608 caelis
3394 3549 3624 3603 Domino
3676 3551 3860 3599 nostro
3915 3540 4047 3596 Jesu

2466 3646 2685 3702 Christo
2721 3662 2733 3697 :
2766 3644 3018 3712 quoniam
3056 3644 3154 3714 ipsi
3184 3654 3235 3697 et
3265 3642 3431 3713 gloria
3468 3655 3590 3693 cum
3641 3637 3797 3690 Patre
3841 3644 3896 3689 et
3922 3648 4052 3688 san-

2464 3750 2551 3796 eto
2585 3740 2788 3809 Spiritu
2820 3753 2983 3805 nunc,
3014 3748 3066 3791 et
3086 3751 3320 3804 semper,
3356 3743 3412 3789 et
3465 3733 3516 3785 in
3565 3729 3759 3783 saecula
3814 3726 4050 3781 saeculo-

2469 3849 2610 3884 rum.
2646 3834 2836 3885 Amen.

804 3959 4002 3982 W

1493 4132 2367 4247 MARTYRIUM
2458 4134 2578 4246 S.
2672 4135 3349 4249 THEBMES

1340 4346 1441 4407 ET
1524 4344 1965 4405 PHERBUTAS
2040 4344 2223 4403 EJUS
2286 4343 2626 4406 SORORIS
2688 4346 3032 4417 EJUSQUE
3098 4343 3483 4406 ANCILL/E.

1246 4497 1412 4563 (Anno
1444 4495 1556 4547 310.
1584 4522 1641 4533 —-
1665 4494 1808 4556 Apud
1832 4494 2033 4544 Surium
2068 4492 2127 4543 ad
2153 4494 2284 4543 diem
2313 4494 2341 4544 ὅ
2376 4493 2579 4556 Aprilis.
2614 4493 2783 4545 Graece
2807 4506 2903 4543 non
2932 4498 3101 4545 exstat
3132 4493 3181 4543 in
3220 4492 3361 4542 codd.
3397 4490 3579 4552 Paris.)

862 4757 895 4803 ιη
928 4750 1195 4816 Tempore
1228 4751 1426 4800 nostra)
1461 4743 1877 4813 persecutionis,
1909 4742 2091 4813 regina
2139 4754 2359 4811 repente
2394 4750 2439 4809 D
2470 4746 2811 4801 constitutus.
2849 4744 2981 4797 Cum
3010 4748 3186 4793 autem
3215 4744 3399 4791 sancta
3428 4733 3660 4789 Therme
3684 4748 3803 4787 cum
3837 4732 4057 4787 duabus

788 4849 839 4898 in
882 4842 1125 4897 morbum
1182 4839 1404 4903 incidit;
1463 4852 1581 4908 qua:
1629 4851 1749 4891 cum
1810 4835 2117 4891 Judaeoruin
2184 4838 2361 4890 crucis

788 4936 1123 4991 inimicorum
1152 4942 1295 4988 esset
1318 4931 1581 4995 studiosa,
1639 4943 1837 4995 eosque
1871 4929 2097 4979 libenter
2128 4928 2359 4989 audiret,

788 5032 1135 5080 accesserunt
1164 5023 1227 5071 ad
1261 5036 1378 5073 eam
1409 5029 1567 5087 atque
1610 5020 1881 5081 dixerunt,
1938 5015 2210 5070 Sitneonis
2245 5019 2362 5083 epi-

789 5118 958 5187 scopi,
996 5124 1351 5186 cognomento
1408 5112 1721 5182 Jombapbre
1781 5128 2016 5176 sorores,
2073 5123 2131 5164 ttt
2179 5112 2361 5165 fratris

791 5223 976 5263 necem
1004 5210 1413 5271 ulciscerentur,
1450 5217 1709 5259 venenum
1764 5206 1884 5273 ipsi,
1940 5220 2047 5275 quo
2095 5205 2361 5267 interiret,

793 5305 1099 5359 miscuisse.
1134 5303 1285 5368 Quod
1317 5317 1437 5354 cum
1470 5302 1535 5354 ad
1588 5300 1731 5367 regis
1790 5312 1949 5351 aures
2008 5297 2367 5366 pervenisset,

792 5408 980 5451 sancta
1008 5394 1239 5447 Thermo
1275 5392 1455 5448 statim
1490 5406 1607 5444 eum
1646 5404 1831 5443 sorore
1881 5398 1932 5441 et
1996 5388 2187 5441 ancilla
2219 5402 2368 5440 com-

794 5492 1057 5559 prehensa
1106 5495 1206 5544 est.
1238 5485 1362 5538 Erat
1394 5494 1570 5538 autem
1599 5487 1710 5538 haec
1743 5484 1891 5551 virgo
1925 5484 2097 5536 Sacris
2132 5483 2178 5533 in
2212 5482 2369 5535 rebus

795 5584 1085 5637 exercitata
1118 5599 1131 5635 :
1166 5581 1274 5635 imo
1306 5596 1428 5638 vero
1461 5597 1646 5635 omnes
1703 5587 1855 5631 erant
1897 5578 1946 5628 in
1998 5574 2124 5627 .Iesu
2165 5576 2364 5629 Christi

798 5671 901 5729 ﬁde
936 5676 1135 5743 optime
1167 5672 1449 5727 institute.
1484 5674 1671 5726 Habita
1698 5672 1762 5725 de
1790 5672 1893 5724 illis
1922 5669 2145 5737 qurestio
2181 5665 2277 5717 fuit
2313 5667 2360 5718 in

798 5769 1020 5838 palatio.
1058 5768 1267 5835 Maupta
1304 5768 1449 5826 enirn
1479 5766 1754 5835 Magorum
1796 5766 2045 5835 princeps
2079 5776 2201 5815 cum
2230 5759 2365 5812 duo-

801 5868 897 5920 bus
961 5862 1075 5918 aliis
1129 5861 1461 5931 principibus
1528 5858 1667 5933 regis
1700 5858 1951 5915 mandato
1994 5856 2154 5924 iudex
2194 5852 2366 5908 fuerat

2476 4836 2702 4903 reliquis
2732 4836 2785 4885 in
2831 4832 3092 4900 judicium
3123 4838 3270 4885 esset
3304 4829 3556 4888 adducta,
3590 4832 3871 4892 perspecta
3903 4820 4055 4890 judi-

2473 4944 2562 4983 ces
2599 4928 2990 4996 pulchritudine
3028 4927 3195 4992 ipsius
3221 4925 3358 4991 (erat
3388 4919 3527 4974 enim
3564 4917 3733 4970 forma
3758 4914 4055 4973 admodum

2472 5019 2720 5092 venusta)
2762 5020 3002 5088 improbo
3034 5016 3223 5084 singuli
3274 5026 3459 5068 amore
3496 5012 3842 5065 vehementer
3884 5024 4055 5061 exar-

2474 5123 2663 5167 serunt
2704 5131 2716 5165 :
2751 5124 2906 5163 nemo
2933 5119 3112 5161 tamen
3150 5106 3269 5160 aliis
3298 5120 3407 5158 rein
3434 5103 3713 5158 indicavit.
3745 5100 3835 5154 Sic
3880 5100 4051 5169 igitur

2479 5208 2593 5262 illas
2628 5216 2753 5261 sunt
2784 5205 3023 5258 allocuti.

2553 5301 2611 5354 II.
2648 5300 2757 5353 Cur
2783 5298 2930 5351 orbis
2970 5311 3236 5349 terrarum
3270 5294 3466 5361 regina:
3497 5306 3559 5345 ac
3589 5290 3823 5344 domina:
3853 5291 4057 5343 veneti-

2471 5396 2609 5450 cium
2649 5388 2927 5461 parastis?
2979 5388 3095 5454 Quo
3151 5386 3363 5452 quidem
3407 5383 3633 5436 crimine
3694 5382 3867 5446 dignae
3920 5380 4060 5435 estis

2476 5486 2662 5539 mortis
2690 5481 2955 5552 supplicio
3016 5479 3113 5532 Hie
3147 5489 3331 5532 saneta
3388 5475 3625 5531 Thertne
3662 5475 4001 5542 respondens
4041 5491 4054 5524 :

2472 5579 2579 5633 Cur
2608 5592 2723 5635 nos.
2760 5576 2951 5643 inquit,
2987 5573 3037 5625 in
3074 5571 3279 5625 crimen
3318 5571 3543 5623 vocatis.
3577 5565 3717 5647 quod
3764 5581 3790 5616 a
3820 5566 4057 5619 veritate

2476 5666 2629 5717 abest
2665 5678 2825 5730 quam
2863 5657 3216 5728 longissime?
3247 5657 3354 5711 Cur
3381 5658 3533 5711 nobis
3567 5655 3862 5707 calumnias
3887 5652 4059 5705 strtti-

2479 5758 2588 5813 tis?
2618 5754 2672 5810 Si
2709 5754 3026 5824 sanguinem
3084 5760 3324 5805 nostrum
3374 5750 3554 5812 sititis,
3606 5736 3730 5817 quid
3764 5743 3913 5798 vobis
3948 5744 4056 5793 im-

2480 5851 2789 5920 pedimento
2820 5854 2917 5902 est.
2956 5843 3243 5913 quominus
3278 5840 3421 5894 illum
3453 5839 3693 5897 bibatis?
3725 5836 3780 5890 Si
3818 5842 4048 5887 mortem
