4212 6440
237 448 315 512 89
1227 447 1408 507 VlTA
1451 451 1506 506 S.
1550 449 1897 508 THERM/E
1932 451 2027 511 ET
2071 453 2497 516 SOCIARUM.
3427 460 3499 521 90

236 571 483 617 nostram
514 555 736 626 optatis,
767 568 893 610 ecce
924 569 1114 609 manus
1146 565 1338 609 vestrae
1373 557 1616 625 quotidie
1661 560 1818 613 caedi-
1845 559 1895 618 Α
1923 581 1950 618 e
1984 574 2124 619 terra
2165 567 2431 623 tollendas
2465 569 2901 635 pronuntiarunt,
2937 572 3079 636 quod
3106 575 3304 638 reginae
3337 574 3498 640 phar-

234 657 342 709 bus
373 651 790 718 coinquinantur
819 665 832 701 :
867 658 918 701 ct
957 662 1054 701 nos
1077 658 1296 718 propter
1344 648 1509 704 Deum
1572 661 1814 703 nostrum

241 745 516 798 malumus
557 741 717 803 mori,
767 755 924 808 quam
963 739 1137 807 ipsum
1194 739 1498 804 abnegare:
1539 751 1623 794 est
1672 742 1815 793 enim

234 840 351 893 vita
386 849 591 890 nostra.
647 835 712 887 Et
771 832 1226 901 quemadmodum
1287 833 1546 900 scriptum
1596 840 1698 891 est.
1757 840 1815 885 ut

235 946 408 984 unum
440 926 605 981 Deum
641 925 949 986 adoremus,
979 933 1031 975 et
1063 922 1136 975 illi
1167 922 1266 975 soli
1316 921 1620 974 serviamus
1662 922 1699 986 ‘,
1738 922 1817 976 sic

236 1020 402 1073 etiam
435 1018 682 1070 facimus.
718 1013 920 1066 Etcum
952 1012 1075 1064 alibi
1102 1011 1360 1077 scriptum
1394 1012 1462 1068 sit
1497 1028 1512 1064 ε
1554 1029 1572 1062 ι
1617 1011 1818 1064 Malefi-

237 1127 334 1167 cos
367 1126 467 1164 non
517 1110 662 1162 sines
713 1106 891 1158 vivere
917 1105 935 1133 '
964 1146 978 1169 ,
1019 1122 1038 1155 ›
1069 1101 1336 1171 quomodo
1398 1117 1495 1155 nos
1536 1102 1814 1167 maleficae,

236 1220 361 1274 qua:
395 1203 569 1257 scelus
601 1200 650 1252 id
711 1199 930 1268 gravius
957 1210 1120 1265 prope
1151 1194 1244 1246 Dei
1282 1193 1643 1262 abnegatione
1671 1195 1815 1260 judi-

238 1291 473 1360 camns?
507 1291 733 1360 Utrique
773 1288 1015 1359 profecto
1069 1286 1284 1340 crimini
1344 1301 1489 1339 mors
1538 1286 1813 1355 proposita

235 1398 346 1442 est.
380 1386 684 1440 Audiebant
723 1383 934 1451 judices
967 1381 1230 1450 virginem
1288 1394 1410 1434 cum
1441 1379 1714 1449 voluptate
1763 1387 1818 1432 et

239 1497 354 1551 pra:
391 1478 812 1550 pulchritudinis
832 1489 996 1543 atque
1024 1477 1304 1544 sapientiae
1351 1475 1521 1546 ipsius
1577 1475 1816 1535 admira-

238 1574 389 1626 tione
425 1570 566 1638 loqui
617 1586 720 1622 non
755 1579 1028 1638 poterant.
1061 1569 1166 1622 Sed
1199 1566 1430 1635 quisque
1467 1582 1651 1621 secum
1704 1567 1818 1635 ipse

234 1663 317 1715 sic
347 1661 620 1728 cogitabat
667 1677 681 1712 :
712 1657 912 1728 Regem
945 1658 1230 1719 hortabor,
1270 1668 1329 1709 ut
1360 1657 1475 1708 illas
1507 1656 1722 1720 liberet,
1763 1665 1819 1709 et

235 1752 384 1806 banc
439 1752 568 1805 mihi
608 1765 831 1805 uxorem
892 1750 1108 1802 ducam.
1155 1746 1402 1815 Mauptas
1454 1760 1632 1800 autem
1669 1765 1681 1800 :
1717 1747 1816 1801 Vix

234 1844 456 1899 tandem
495 1853 662 1905 recte,
703 1843 898 1909 inquit,
936 1840 1136 1904 dixisti,
1170 1840 1327 1894 vobis
1357 1855 1462 1896 non
1495 1840 1662 1895 licere
1698 1854 1817 1896 esse

237 1935 503 1991 maleﬁcis
535 1951 548 1999 ;
578 1949 764 1987 verum
796 1932 1054 1986 fraternae
1084 1933 1272 1986 mortis
1302 1931 1625 1986 ulciscendae
1651 1947 1814 1986 causa

237 2028 288 2080 id
339 2027 713 2093 perpetrastis.
767 2025 846 2076 Ad
882 2025 993 2075 lizec
1035 2024 1182 2091 virgo
1223 2033 1410 2075 sancta
1483 2025 1763 2091 respondit
1799 2042 1811 2076 :

237 2120 378 2185 Quid
417 2118 542 2170 mali
602 2116 758 2169 fratri
822 2123 1012 2168 nostro
1070 2114 1288 2179 accidit,
1341 2123 1401 2167 ut
1455 2130 1552 2170 nos
1601 2128 1820 2183 propter

237 2213 416 2282 ipsum
447 2225 473 2262 a
509 2209 616 2262 Deo
647 2208 861 2262 vivente
906 2206 1070 2259 vitam
1132 2214 1370 2258 nostram
1407 2206 1688 2274 sejungere
1724 2208 1818 2260 de-

240 2303 511 2358 beamus?
544 2301 803 2367 Quamvis
831 2300 975 2354 enim
1006 2314 1100 2352 vos
1147 2297 1294 2351 illum
1337 2298 1686 2365 improbitate
1728 2311 1818 2351 ve-

240 2407 356 2455 stra
392 2407 447 2449 et
495 2395 840 2454 adnotatione
895 2392 1304 2455 interfeceriiis,
1363 2401 1538 2445 tamen
1585 2393 1734 2456 vivit,
1769 2399 1823 2444 et

239 2491 438 2560 gaudet
464 2489 515 2541 in
539 2502 703 2556 regno
727 2485 932 2539 cmlesti
969 2502 981 2537 :
1019 2484 1156 2550 quod
1181 2483 1396 2549 quidem
1437 2499 1683 2547 regnum,
1723 2498 1820 2547 po-

239 2585 464 2636 tentiam
495 2591 548 2633 ct
571 2579 861 2644 imperium
900 2584 1136 2626 vestrum
1168 2582 1394 2626 evertet.
1427 2572 1552 2636 Qua:
1589 2573 1673 2624 illa
1695 2588 1814 2624 cum

237 2674 470 2736 diceret,
500 2669 783 2738 jusserunt
823 2680 913 2720 eas
948 2666 998 2719 in
1041 2677 1317 2720 carcerem
1357 2665 1500 2731 duci,
1545 2673 1598 2720 et
1643 2678 1823 2720 cuSto-

236 2767 362 2820 diri.

314 2857 402 2911 Ill.
435 2855 680 2910 Dilnculo
711 2864 888 2908 autent
942 2853 1092 2907 misit
1123 2852 1188 2906 ad
1229 2867 1348 2907 eam
1387 2852 1635 2920 Illauptas
1685 2868 1823 2905 nun-

242 2951 401 3015 tium,
445 2950 535 3019 qui
570 2949 817 3003 diceret:
853 2946 908 3000 Si
950 2948 1052 3008 vis,
1091 2956 1260 2999 orabo
1290 2959 1492 3012 regem,
1534 2957 1591 3002 ut
1633 2945 1821 2998 liberet

242 3060 342 3097 vos
369 3059 396 3096 τι
435 3053 626 3104 morte,
662 3050 715 3094 et
738 3041 846 3093 eris
879 3040 1008 3091 mihi
1048 3053 1202 3094 uxor.
1229 3038 1435 3103 Quibus
1461 3039 1641 3092 verbis
1666 3038 1819 3092 audi-

241 3140 336 3200 tis,
370 3146 590 3190 strenua
633 3135 806 3201 virgo,
856 3133 954 3185 etsi
980 3147 1087 3185 non
1116 3134 1288 3199 potuit
1325 3148 1431 3184 non
1469 3134 1819 3205 commoveri,

1922 671 2069 708 maca
2106 669 2522 725 przeparassent,
2565 661 2759 726 quibus
2797 661 3065 714 interiret.
3101 662 3294 716 Statim
3339 667 3500 733 igitur

1921 764 2014 800 rex
2043 750 2179 801 hanc
2204 749 2255 802 in
2294 765 2386 803 eas
2412 755 2736 805 sententiam
2770 753 2913 811 tulit,
2951 763 3005 804 ut
3036 769 3139 819 quo
3183 757 3372 807 mortis
3403 769 3498 818 ge.

1922 855 2050 892 nere
2085 839 2222 908 magi
2255 841 2447 893 vellent
2480 842 2844 896 afﬁcerentur.
2885 843 3166 912 Negabant
3213 846 3356 897 enim
3403 848 3503 900 ho-

1920 933 2094 985 mines
2131 931 2276 999 impii
2327 945 2487 1001 atque
2547 936 2767 1002 impuri,
2825 936 2938 989 fieri
2982 952 3161 1001 posse,
3206 947 3266 988 ut
3313 937 3497 1004 regina

1922 1023 2347 1086 convalesceret,
2381 1023 2483 1077 nisi
2514 1025 2782 1094 virginum
2823 1043 3048 1096 corpora
3084 1028 3218 1081 duas
3244 1030 3291 1079 in
3318 1039 3500 1098 partes

1923 1112 1993 1166 ita
2029 1114 2452 1178 dissecarentur,
2508 1123 2564 1168 ut
2621 1117 2805 1184 regina
2866 1134 2960 1186 per
3011 1118 3246 1170 medium
3287 1117 3496 1170 illarum

1923 1206 2224 1260 incederet.
2261 1205 2366 1260 Sed
2403 1207 2645 1275 Mauptas
2683 1224 3034 1269 rursus,cum
3071 1209 3134 1261 ad
3178 1209 3496 1276 supplicium

1919 1299 2268 1362 ducerentur,
2296 1300 2360 1351 ad
2399 1309 2642 1353 sanctam
2683 1301 2850 1364 misit,
2881 1301 2970 1367 qui
3007 1299 3235 1363 diceret,
3265 1301 3307 1350 si
3342 1298 3500 1352 vellet

1921 1389 2021 1442 sibi
2064 1389 2312 1456 obsequi,
2365 1401 2710 1453 curaturum,
2746 1403 2800 1442 ut
2833 1406 2928 1444 nec
2966 1392 3099 1457 ipsa,
3139 1406 3235 1442 nec
3280 1391 3500 1456 reliquae

1923 1480 2108 1550 puellae
2147 1481 2600 1534 interficerentur.
2633 1484 2701 1534 At
2729 1484 2876 1552 virgo
2897 1495 3105 1540 sancta,
3143 1481 3287 1534 clara
3322 1497 3450 1534 voce
3485 1499 3498 1534 :

1922 1573 2102 1636 Canis,
2127 1571 2323 1641 inquit,
2357 1572 2654 1632 immnnde,
2682 1589 2780 1626 cur
2815 1575 2929 1626 haec
2958 1573 3217 1640 loqueris,
3253 1588 3370 1640 qme
3400 1587 3502 1641 ego

1921 1668 2105 1717 audire
2140 1682 2244 1717 non
2277 1665 2535 1733 possum?
2565 1665 2643 1718 Ad
2667 1665 2824 1717 finem
2862 1667 3005 1717 enim
3039 1665 3200 1731 hujus
3229 1670 3346 1716 vine
3379 1677 3501 1730 perv

1921 1758 2108 1811 venire
2140 1760 2322 1826 cupio,
2366 1767 2416 1809 ut
2445 1769 2707 1825 perpetuo
2746 1758 2944 1810 vivam.
2995 1757 3176 1819 Absit,
3238 1765 3295 1810 ut
3334 1757 3503 1808 cadu-

1924 1866 2040 1904 cam
2095 1851 2232 1903 bane
2272 1850 2400 1903 mihi
2431 1850 2594 1902 vitam
2624 1865 2832 1918 parem,
2897 1864 3000 1917 qua
3059 1859 3235 1903 morte
3286 1862 3501 1917 peream

1924 1946 2275 2014 sempiterna.

2001 2039 2062 2091 V.
2101 2039 2418 2091 Eduxerant
2451 2038 2618 2107 igitur
2655 2036 2774 2103 illas
2809 2045 2960 2090 extra
2989 2036 3287 2097 civitatem,
3323 2045 3378 2086 et
3404 2047 3501 2101 pro

1921 2144 2248 2197 unaquaque
2278 2130 2517 2196 ips:irum
2563 2130 2718 2182 binos
2756 2130 2906 2195 palos
2960 2130 3031 2182 ita
3074 2129 3401 2190 defixerant,
3445 2136 3504 2179 ut

1923 2219 2013 2272 uni
2045 2233 2230 2271 eorum
2266 2219 2485 2280 collum,
2516 2219 2668 2271 alteri
2707 2222 2871 2288 pedes
2907 2235 3094 2272 eorum
3150 2218 3434 2287 alligarent
3483 2234 3498 2271 :

1923 2323 1978 2367 et
2004 2328 2123 2366 cmn
2147 2327 2239 2365 eas
2280 2313 2358 2365 sic
2384 2314 2779 2373 extendissent,
2813 2324 3089 2376 assumpta
3119 2328 3265 2365 serra
3298 2311 3500 2375 fabrili,

1925 2403 2166 2470 singulas
2201 2404 2251 2454 in
2302 2402 2456 2455 binas
2489 2411 2672 2471 partes
2701 2403 3098 2455 dissecuernnt.
3133 2400 3198 2454 Et
3232 2410 3380 2454 terna
3435 2401 3502 2453 ti-

1927 2510 2026 2562 gna
2064 2509 2285 2559 procera
2317 2495 2366 2545 in
2394 2510 2497 2546 una
2537 2507 2690 2563 parte
2725 2495 2842 2558 viae,
2878 2504 3032 2548 terna
3077 2496 3127 2545 in
3158 2495 3326 2546 altera
3373 2508 3503 2547 con-

1923 2587 2241 2649 stituerunt,
2313 2585 2528 2650 illisque
2585 2596 2895 2639 sam-tarum
2957 2586 3223 2654 virginum
3275 2598 3500 2650 corpora

1924 2676 2343 2744 suspenderunt.
2382 2675 2426 2730 Ο
2451 2678 2819 2742 spectaculum
2853 2679 3180 2730 horrendum
3221 2690 3283 2728 ac
3337 2676 3500 2728 mise-

1927 2771 2120 2832 rabile,
2163 2770 2528 2840 spectaculum
2560 2769 2835 2838 lacrymis,
2863 2770 3030 2827 luctu.
3070 2779 3288 2835 stupore
3322 2777 3374 2824 et
3408 2780 3502 2834 ge-

1928 2864 2059 2916 mitu
2109 2864 2570 2931 prosequendum.
2623 2860 2677 2915 Si
2711 2862 2833 2930 quis
2875 2862 3140 2931 Iacrymas
3173 2874 3276 2910 nun
3311 2859 3497 2918 habet,

1926 2955 2169 3014 accedat,
2203 2964 2254 3005 et
2288 2961 2578 3018 erumpent
2603 2969 2666 3005 ex
2693 2951 2864 3005 oculis
2887 2952 3004 3018 ejus
3035 2950 3212 3003 fontes
3237 2949 3505 3016 lacryma-

1926 3064 2066 3102 rum.
2095 3047 2232 3100 Ecce
2262 3061 2484 3112 corpora
2534 3046 2762 3098 candida
2815 3055 2868 3097 et
2907 3056 3093 3096 Sancta
3134 3053 3392 3108 tropaeum
3447 3042 3500 3092 in

1929 3143 2012 3193 via
2041 3141 2468 3200 constituerunt,
2523 3140 2574 3191 in
2611 3138 2806 3204 quibus
2865 3135 2966 3189 illae
3015 3133 3160 3189 omni
3211 3134 3332 3185 vita:
3390 3146 3501 3184 suae

242 3243 423 3284 tamen
454 3230 524 3282 ita
561 3226 881 3297 respondit:
918 3225 992 3280 Os
1035 3236 1185 3279 tuum
1223 3225 1467 3288 obstrue,
1522 3224 1672 3277 canis
1721 3225 1819 3276 im-

1931 3245 2168 3299 lempore
2217 3233 2536 3298 gravitatem
2587 3241 2640 3284 et
2674 3231 3034 3296 virginitatem
3071 3227 3373 3281 coluerunt.
3415 3224 3504 3278 Li-

244 3325 468 3386 munde,
502 3323 717 3376 inimice
745 3321 859 3382 Dei.
887 3331 943 3376 et
973 3321 1151 3373 omnis
1179 3319 1422 3372 veritatis
1451 3331 1600 3384 ;.nec
1623 3318 1822 3372 audeas

247 3420 484 3488 amplius
518 3418 736 3470 verbum
765 3418 1032 3482 impurum
1061 3411 1337 3466 effundere
1371 3413 1419 3464 in
1458 3426 1618 3466 aures
1652 3425 1818 3463 meas.

243 3512 436 3580 Neque
473 3512 616 3566 enim
648 3510 752 3562 ista
793 3508 1058 3575 cegitatio
1093 3507 1237 3561 cadit
1267 3506 1318 3558 in
1356 3507 1586 3558 mentem
1625 3520 1820 3558 meam.

242 3610 424 3661 Absit.
455 3603 633 3658 Semel
661 3603 804 3655 enim
841 3603 1014 3653 dicata
1040 3616 1156 3652 sum
1191 3599 1410 3652 Christo
1455 3597 1708 3659 Domino,
1737 3600 1822 3652 cui

245 3699 618 3770 virginitatem
674 3710 846 3749 meam
903 3707 1082 3758 servo,
1135 3702 1186 3746 et
1227 3692 1384 3745 tidem
1435 3705 1499 3743 ac
1540 3698 1820 3744 veritatem

245 3790 390 3846 tueri
429 3789 620 3842 studeo
649 3804 664 3854 ;
698 3788 844 3842 solus
872 3787 1016 3839 enim
1063 3793 1144 3838 est
1177 3785 1294 3838 sine
1333 3790 1574 3852 peccato,
1601 3792 1656 3835 et
1692 3781 1823 3836 libe-

244 3897 371 3938 rare
409 3899 494 3936 me.
525 3890 700 3952 potest
731 3881 797 3934 ab
830 3877 1125 3934 immundis
1174 3877 1447 3938 manibus,
1501 3888 1554 3930 et
1600 3877 1823 3946 impuris

243 3977 666 4046 Cogitationibus
699 3975 911 4027 vestris.
948 3971 1082 4025 Mori
1119 3987 1224 4025 non
1278 3971 1464 4035 timeo,
1514 3985 1613 4023 nec
1655 3970 1819 4022 ullum

241 4068 409 4123 caedis
431 4079 599 4132 genus
636 4062 956 4117 reformido.
993 4060 1116 4113 Haec
1146 4060 1288 4114 enim
1325 4060 1437 4124 via,
1482 4075 1642 4127 quam
1690 4048 1825 4112 mihi

243 4156 550 4218 adornatis,
577 4171 662 4208 me
689 4154 846 4206 ducet
881 4154 945 4207 ad
978 4152 1356 4206 charissimum
1389 4151 1612 4207 fratrem
1641 4168 1819 4208 meum

244 4253 584 4313 Simeonem,
619 4257 675 4303 ut
702 4247 949 4300 dolorum
986 4254 1040 4299 et
1067 4247 1386 4315 gemituum,
1416 4261 1547 4312 quos
1576 4256 1690 4313 post
1724 4261 1821 4298 ne-

242 4359 362 4400 cem
393 4346 566 4413 ipsius
588 4343 808 4411 pertulit
839 4340 1019 4393 anima
1047 4354 1187 4400 mea,
1212 4336 1464 4392 solatium
1495 4345 1549 4388 et
1573 4337 1820 4391 consula-

242 4437 446 4489 tionem
485 4433 769 4502 accipiam.
815 4429 1074 4481 .‘iliserunt
1128 4428 1312 4481 itidem
1364 4426 1429 4479 ad
1477 4441 1593 4480 eam
1628 4426 1818 4492 reliqui

242 4527 351 4579 duo
386 4525 655 4593 principes
701 4521 917 4573 nuntios
952 4535 965 4572 :
997 4534 1134 4588 quos
1164 4519 1252 4570 illa
1291 4521 1496 4587 pariter
1527 4535 1647 4574 cum
1675 4518 1818 4572 iridi-

1929 3327 2111 3376 bertas
2142 3324 2191 3374 in
2229 3324 2578 3388 ignominiam
2625 3338 2776 3373 versa
2808 3333 2890 3372 est
2925 3336 3132 3381 earum,
3170 3334 3287 3384 qua:
3316 3319 3502 3370 mode-

1926 3417 2082 3469 stiam
2108 3426 2160 3468 et
2186 3418 2498 3483 aequitatem
2539 3415 2590 3466 in
2620 3415 2838 3481 proprio
2874 3413 3110 3464 thalamo
3145 3415 3496 3464 exercebant.

1927 3507 2065 3562 Ecce
2095 3509 2261 3579 gloria
2289 3516 2492 3561 mutata
2555 3517 2637 3559 est
2681 3511 2734 3558 in
2786 3504 3196 3558 Contumeliam.
3249 3501 3502 3568 Quandiu

1927 3605 2170 3670 quiescet
2193 3611 2243 3654 et
2272 3599 2612 3668 exspectabit
2643 3599 2823 3650 divina
2858 3598 3111 3666 justitia?
3149 3598 3251 3650 Sed
3281 3612 3398 3649 cum
3436 3597 3501 3647 ad

1921 3691 2270 3764 judicandum
2330 3702 2607 3760 exsurget,
2675 3706 2781 3744 non
2842 3703 3027 3758 parret
3089 3689 3342 3754 amplius,
3404 3702 3502 3740 nec

1927 3786 2294 3841 miserebitur.
2336 3785 2508 3848 Quam
2550 3785 2714 3835 multa
2747 3786 2912 3835 audet
2946 3787 3196 3851 superbia
3230 3797 3385 3850 :qute
3421 3791 3504 3831 ra-

1927 3894 2050 3932 men
2088 3892 2208 3928 cum
2240 3875 2522 3936 ceciderit,
2554 3888 2656 3927 nec
2684 3883 2996 3937 consurget,
3027 3887 3123 3926 nec
3164 3872 3381 3925 habebit
3415 3871 3504 3926 ubi

1927 3969 2212 4022 consistat.
2267 3967 2388 4019 HiBC
2419 3966 2662 4032 profecto
2721 3975 3029 4021 sanctarum
3090 3965 3228 4030 ligna
3300 3965 3505 4017 fructus

1919 4061 2146 4125 justitia:
2174 4056 2373 4109 ferunt.
2410 4055 2547 4111 Vere
2580 4059 2664 4109 isti
2697 4068 2823 4108 sunt
2853 4058 3065 4111 Arabiae
3095 4058 3196 4123 lupi
3233 4055 3502 4114 crudeles,

1927 4152 2284 4217 bibentesque
2308 4149 2651 4217 sanguinem,
2687 4149 2776 4217 qni
2813 4147 3052 4211 virgines
3083 4149 3179 4200 has
3206 4154 3503 4200 secuerunt

1925 4261 1987 4298 ac
2015 4243 2435 4311 suspenderunt.
2460 4238 2535 4292 De
2562 4240 2692 4308 ipsis
2726 4239 2992 4304 cogitabat
3025 4241 3211 4288 beatus
3233 4235 3504 4301 PrOpheta

1923 4353 2046 4392 cum
2071 4335 2273 4389 diceret
2311 4351 2324 4388 :
2360 4351 2378 4384 ι
2421 4331 2677 4386 Viventes
2711 4331 2895 4399 utique
2927 4327 3332 4383 absorbuisscnt
3372 4341 3492 4379 nos.

1926 4432 2060 4486 (lum
2097 4431 2425 4482 irasceretur
2459 4425 2610 4478 furor
2642 4439 2828 4477 eorum
2875 4423 2928 4476 in
2981 4438 3098 4485 nos,
3131 4424 3378 4474 viventes
3440 4418 3507 4472 ad

1928 4523 2131 4577 inferos
2160 4521 2472 4573 deduxisset
2506 4531 2604 4571 nos
2636 4518 2677 4570 ³.
2719 4534 2736 4568 ι
2775 4516 2905 4582 Quis
2949 4523 3056 4569 tam
3095 4515 3340 4568 horribili
3376 4512 3510 4566 faci-

241 4617 498 4685 gnatione
532 4613 738 4683 rejecit.
783 4611 1147 4678 Quamobrem
1183 4625 1305 4662 cum
1340 4626 1398 4664 se
1435 4613 1608 4666 victos
1641 4615 1706 4668 ab
1732 4612 1818 4664 illa
1857 4604 1898 4659 D
1932 4631 2061 4670 ιιοιορ
2092 4613 2260 4667 tutari
2301 4613 2513 4678 potuit?
2558 4610 2690 4675 Quis
2723 4617 2830 4660 tam
2866 4607 3100 4659 immane
3127 4609 3501 4672 spectaculum

242 4709 641 4779 perspicerent,
695 4715 750 4759 et
809 4705 1158 4774 cupiditatem
1222 4717 1373 4756 suam
1434 4702 1649 4755 inanem
1703 4718 1822 4757 esse

239 4801 766 4859 animadverterent,
803 4798 1088 4853 consilium
1122 4797 1381 4859 inierunt,
1419 4805 1473 4851 et
1507 4795 1702 4850 falsum
1742 4806 1824 4849 at-

237 4910 347 4964 que
378 4894 621 4961 iniquum
661 4891 725 4941 ad
758 4906 935 4957 regem
970 4890 1336 4944 testimonium
1365 4889 1696 4953 detulerunt,
1727 4905 1821 4944 eas

237 5006 362 5048 esse
391 4991 685 5052 iiialeticas,
715 4997 1046 5040 asserentes.

313 5080 404 5137 IV.
440 5082 557 5147 Quo
591 5096 681 5133 rex
720 5077 923 5138 audito,
963 5075 1224 5138 decrevit,
1257 5084 1315 5128 ut
1351 5074 1452 5128 nisi
1481 5074 1593 5129 Soli
1625 5075 1818 5128 immo-

239 5173 446 5236 larcnt,
489 5172 888 5225 occiderentur.
924 5167 1076 5234 Quod
1127 5169 1343 5236 quidem
1379 5168 1654 5221 decretum
1694 5183 1815 5220 cum

239 5267 308 5321 ad
342 5280 434 5320 eas
473 5264 735 5334 perlatum
773 5275 936 5327 esset,
979 5261 1391 5330 responderunt,
1418 5275 1476 5315 se
1505 5259 1812 5314 Demucmli

233 5376 303 5415 ac
340 5370 498 5414 terrae
528 5357 834 5412 effectorem
868 5355 1130 5421 adorare;
1168 5353 1311 5408 nolle
1340 5363 1518 5406 autem
1550 5354 1810 5406 honorem

236 5451 352 5506 Deo
377 5453 638 5513 debitum,
665 5447 778 5503 Soli
805 5450 871 5502 ab
911 5434 1023 5516 ipso
1062 5455 1349 5516 procreato
1391 5447 1630 5499 tribuere
1667 5462 1679 5497 :
1720 5460 1818 5498 nec

237 5542 365 5595 ullis
411 5544 569 5596 minis
599 5556 755 5612 posse
789 5555 817 5593 a
850 5541 1112 5594 cbaritale
1151 5539 1449 5592 Salvatoris
1492 5548 1545 5591 et
1598 5537 1808 5591 Domini

241 5632 334 5690 sui
362 5631 489 5688 Jesu
523 5634 721 5688 Christi
751 5635 1017 5688 revocari.
1051 5631 1181 5700 Qua;
1207 5646 1331 5684 cum
1372 5631 1642 5683 dixissent
1692 5646 1819 5684 san-

237 5741 343 5783 cte
377 5725 634 5796 virgines,
668 5741 772 5782 uno
823 5727 962 5797 magi
1002 5739 1273 5782 consensu
1338 5738 1638 5793 magnaque
1688 5738 1819 5779 voce

314 5904 328 5927 ‘
363 5900 521 5956 Deut.
553 5915 627 5968 vr,
661 5915 712 5954 κ.
794 5903 811 5933 ³
846 5901 1016 5958 Exod.
1043 5917 1225 5968 xxviii,
1261 5902 1340 5956 18.

1423 5898 1439 5935 ⁸
1471 5899 1611 5956 Psal.
1649 5916 1829 5965 cum,
1859 5903 1908 5958 4.

1924 4710 2041 4763 sine
2080 4708 2337 4777 lacrymis
2383 4705 2623 4757 intueri?
2654 4701 2822 4756 Nemo
2856 4700 3119 4768 profecto.
3159 4701 3268 4753 Aut
3309 4701 3352 4750 si
3381 4699 3508 4767 quis

1923 4803 2117 4871 putuit,
2151 4801 2195 4852 is
2225 4801 2290 4851 ab
2319 4800 2557 4852 hominis
2586 4807 2780 4851 natura
2815 4806 2896 4851 est
2920 4797 3153 4861 alienus,
3187 4809 3288 4848 nec
3315 4808 3380 4847 ex
3414 4807 3507 4863 ge-

1925 4914 2049 4954 nere
2073 4897 2240 4950 Adam
2275 4899 2545 4968 profectus
2577 4904 2680 4948 cst.

1994 4987 2078 5042 Vl.
2114 4987 2374 5041 Tulerunt
2427 4987 2589 5055 igitur
2653 4986 2916 5041 infelicem
2985 4982 3265 5052 Reginam,
3298 4996 3417 5050 qua:
3450 4980 3505 5037 in

1928 5095 1989 5135 ea
2020 5082 2101 5132 via
2129 5095 2225 5148 per
2250 5088 2563 5132 sanctarum
2595 5095 2820 5142 corpora
2860 5077 3096 5140 transiit,
3131 5091 3322 5141 magna
3357 5075 3504 5127 illam

1928 5183 2138 5226 caterva
2177 5181 2556 5237 prosequente.
2594 5171 2701 5224 Rex
2736 5173 2878 5224 eiiim
2914 5173 3052 5222 diem
3078 5169 3224 5223 illum
3259 5167 3503 5219 celebra-

1925 5263 2033 5316 bat.
2088 5261 2347 5334 Mariyrio
2396 5274 2653 5317 coronata
2699 5272 2781 5314 est
2825 5269 3008 5314 sancta
3042 5257 3320 5320 Therme,
3379 5271 3500 5310 cum

1923 5370 2110 5410 sorore
2140 5365 2194 5407 et
2218 5355 2436 5412 ancilla,
2473 5353 2642 5407 Nonis
2666 5354 2867 5422 Aprilis
2897 5354 2949 5406 in
2981 5352 3196 5405 Christo
3232 5349 3357 5404 Jesu
3396 5348 3503 5402 Do—

1921 5449 2068 5500 mino
2099 5458 2283 5499 nostro
2314 5463 2326 5511 ;
2367 5447 2449 5499 cui
2496 5449 2665 5516 gloria
2703 5463 2827 5499 cum
2861 5444 3205 5497 sanctissimo
3239 5441 3417 5501 Patre,
3445 5448 3499 5492 et

1921 5540 2312 5607 benignissimo
2374 5541 2540 5607 ipsius
2602 5538 2805 5605 Spiritu
2843 5537 2964 5589 vitm
3011 5537 3287 5602 largitore,
3328 5544 3494 5596 nunc,

1919 5641 1972 5686 et
2000 5646 2235 5703 semper,
2267 5641 2317 5688 et
2374 5633 2425 5685 in
2454 5630 2649 5685 saecula
2677 5630 3024 5687 sectulorum.
3052 5628 3244 5681 Amen.
