4212 6440
690 390 749 454 91
1994 392 2274 452 MENSIS
2310 391 2641 450 APRILIS.
3883 385 3956 447 91

696 548 2429 572 Ww

2439 540 3925 568 MM

1410 731 1566 885 S.
1702 728 2660 885 CALLIOPII
2772 724 3235 879 VlTA

1822 1018 1970 1105 ΕΤ
2044 1015 2825 1105 MARTYRIUM.

1232 1216 1427 1281 (Latine
1452 1216 1583 1281 apud
1607 1213 1806 1265 Surium
1826 1214 1886 1265 ad
1909 1216 2042 1263 diem
2067 1216 2093 1264 7
2130 1213 2335 1276 Aprilis.
2372 1217 2544 1265 Graece
2582 1215 2633 1262 lu
2658 1212 2765 1262 cod.
2791 1209 2949 1261 Paris.
2978 1225 3078 1260 non
3100 1210 3424 1270 invenimus.)

2285 1391 2356 1403 ..-

776 1522 817 1575 l.
852 1519 1104 1574 Theoclia
1162 1520 1354 1574 mulier
1374 1521 1620 1589 quaedam
1653 1522 1758 1587 pia.
1785 1535 1848 1575 ac
1876 1520 2070 1574 timens
2102 1518 2272 1573 Deum
2304 1520 2349 1579 Α
2381 1519 2483 1573 lem
2509 1533 2572 1572 ac
2602 1518 2732 1573 deos
2764 1530 2971 1581 omnes,
3036 1516 3326 1587 praefectus
3373 1516 3573 1586 inquit,
3623 1518 3665 1571 si
3718 1518 3799 1570 vis
3849 1531 3977 1573 esse

701 1628 826 1668 cum
863 1622 971 1664 tota
1002 1610 1203 1663 fantilia
1241 1628 1362 1675 sua,
1404 1611 1606 1665 multas
1640 1611 2281 1682 faciebatelecmosynas,

705 1714 759 1756 et
812 1710 999 1757 sancte
1054 1705 1288 1757 vivebat.
1324 1702 1453 1758 Haec
1491 1702 1605 1758 viro
1654 1705 1834 1772 nupsit
1865 1705 2161 1768 senatorio,
2189 1704 2284 1774 qui

704 1795 885 1850 nullos
928 1812 993 1850 ex
1024 1811 1108 1861 ea,
1140 1798 1398 1865 quoniam
1460 1807 1583 1851 crat
1613 1798 1837 1862 sterilis,
1883 1798 2080 1852 liberos
2108 1799 2286 1853 susci-

702 1890 887 1958 piebat
917 1907 932 1943 :
977 1890 1071 1944 Dei
1125 1902 1308 1947 tamen
1369 1905 1598 1946 munere
1630 1893 1848 1945 tandem
1881 1892 2147 1958 concepit.
2182 1892 2287 1945 Sed

700 1996 823 2033 cum
864 1982 1039 2036 adhuc
1079 1993 1295 2036 uterum
1329 1992 1565 2051 gereret,
1604 1983 1831 2037 maritus
1858 1983 1975 2050 ejus
2006 1980 2290 2037 defunctus

702 2083 810 2125 est.
849 2071 1217 2139 Quamobrem
1247 2076 1299 2128 in
1333 2090 1524 2144 inagna
1556 2076 1834 2144 opulentia
1862 2074 2030 2129 tilium
2058 2077 2286 2143 peperit,

700 2172 754 2215 et
785 2164 1102 2233 Calliopium
1129 2167 1438 2235 appellavit,
1458 2168 1549 2234 qui
1577 2169 1630 2220 in
1662 2168 1810 2221 omni
1835 2167 2145 2221 divinarum
2172 2167 2289 2221 Lit-

706 2263 947 2306 terarum
1000 2256 1269 2324 sapientia
1301 2256 1562 2311 educatus
1596 2266 1699 2312 est.
1735 2258 1866 2311 Erat
1892 2268 2071 2313 autem
2108 2257 2292 2329 Pergae

706 2344 1038 2419 Pamphyliae
1062 2351 1323 2415 patricius
1347 2366 1361 2415 ;
1382 2366 1571 2406 verum
1607 2366 1727 2405 cum
1755 2367 1818 2405 eo
1848 2362 2091 2417 tempore
2120 2353 2294 2407 conti-

704 2440 897 2507 gisset,
931 2450 987 2493 ut
1018 2442 1337 2498 idololatriae
1368 2458 1525 2497 error
1548 2448 1779 2513 vigeret,
1827 2451 1883 2498 et
1938 2446 2139 2499 veritas
2166 2460 2295 2500 con-

707 2532 954 2597 deretur,
986 2544 1043 2586 et
1080 2535 1232 2587 multi
1260 2536 1642 2591 sacriﬁcarent
1676 2536 1859 2601 idolis,
1892 2548 2117 2593 sanctus
2165 2539 2295 2593 Cal-

708 2621 910 2689 liopius
927 2624 1387 2697 assiduejejuniis
1412 2640 1464 2684 et
1494 2631 1900 2699 precationibus
1921 2631 2288 2686 incumbebat.

707 2713 865 2780 Quod
895 2732 1016 2771 cum
1041 2717 1334 2789 adjudices
1354 2722 1589 2775 delatum
1609 2733 1777 2786 esset,
1805 2723 1959 2778 beata
1991 2733 2164 2778 mater
2179 2724 2298 2791 ejus

2388 1613 2509 1683 pius
2533 1621 2586 1666 et
2616 1612 2717 1666 diis
2770 1609 3075 1674 immolare,
3104 1610 3293 1674 tiliam,
3329 1626 3488 1678 quam
3518 1612 3734 1665 unicam
3774 1612 3976 1679 habeo,

2390 1704 2483 1759 tibi
2519 1718 2739 1758 uxorem
2768 1702 2926 1755 dabo.
2963 1700 3018 1754 Si
3048 1712 3295 1766 uxorem,
3328 1703 3503 1770 inquit
3530 1702 3850 1771 Calliopios,
3874 1707 3979 1758 du-

2392 1811 2513 1851 cere
2538 1794 2920 1857 decrevissem,
2941 1809 3045 1848 non
3081 1794 3228 1860 prius
3268 1795 3429 1847 tiliam
3462 1806 3605 1848 tuam
3631 1800 3934 1863 acciperem
3962 1838 3978 1858 ,

2395 1900 2557 1958 quam
2586 1895 2758 1941 mater
2783 1902 2897 1941 mea
2928 1886 2979 1940 id
3011 1887 3176 1941 sciret
3202 1899 3256 1941 et
3281 1886 3628 1955 approbaret.
3661 1888 3861 1942 Verum
3896 1890 3982 1940 sic

2398 1980 2616 2044 habeto,
2657 1996 2745 2035 me
2800 1980 3023 2035 Christo
3078 1994 3200 2032 meo
3229 1980 3551 2045 credidisse,
3589 1986 3645 2033 ct
3698 1980 3982 2049 pulverem

2395 2073 2559 2140 hunc,
2612 2089 2771 2143 quem
2832 2073 2973 2128 Deus
3025 2073 3302 2135 conﬂavit,
3331 2082 3384 2125 et
3436 2072 3500 2125 ad
3562 2073 3983 2129 similitudinem

2395 2182 2547 2219 suam
2583 2166 2732 2229 fecit,
2768 2179 2962 2232 purum
2992 2173 3046 2217 et
3074 2164 3193 2216 sine
3224 2162 3427 2214 macula
3479 2172 3600 2214 ante
3628 2160 3828 2215 Chn’sti
3876 2163 3983 2213 tri-

2396 2258 2559 2313 bunal
2597 2258 2893 2311 sistendum
2925 2271 3061 2310 esse.
3102 2254 3467 2320 Quamobrem
3502 2252 3607 2318 fac,
3634 2268 3753 2318 quae
3781 2254 3873 2307 tibi
3906 2256 3991 2304 vi-

2398 2353 2595 2407 dentur
2627 2370 2639 2406 :
2678 2365 2777 2419 ego
2805 2351 2946 2404 enim
2974 2349 3321 2405 Christianus
3359 2364 3502 2403 sum.

2466 2444 2558 2499 Ill.
2610 2443 3043 2508 SceleStissime,
3100 2443 3275 2513 inquit
3333 2442 3601 2496 Maximus
3662 2441 3985 2509 przefectus,

2401 2537 2703 2592 istiusmodi
2756 2537 2937 2593 verbis
2978 2535 3216 2589 futurum
3249 2547 3424 2604 putas,
3455 2546 3512 2589 ut
3537 2535 3613 2588 ira
3653 2546 3988 2597 commoms,

2401 2638 2456 2683 te
2492 2629 2651 2683 celeri
2684 2628 2950 2697 supplicio
2992 2628 3295 2681 necandum
3342 2644 3523 2683 curem
3550 2629 3573 2682 ?
3598 2628 3846 2684 Falleris.
3878 2626 3993 2682 Nc-

2403 2738 2509 2792 que
2550 2724 2694 2778 enim
2732 2723 2782 2776 id
2817 2720 3009 2776 faciam
3044 2737 3057 2774 :
3094 2722 3185 2775 sed
3219 2734 3415 2789 corpus
3467 2732 3617 2775 tuum
3654 2722 3802 2774 omni
3858 2735 3996 2773 cru—

711 2806 969 2865 Theoclia
1029 2814 1304 2866 consuluit
1341 2814 1473 2879 lilio,
1516 2824 1573 2869 ut
1632 2818 1837 2871 vitandi
1884 2817 2073 2887 judicii
2107 2833 2294 2885 causa,
2327 2814 2641 2913 Beiatuum
2703 2828 2902 2883 genere
2957 2813 3283 2875 confectum,
3330 2812 3383 2864 in
3437 2811 3615 2879 ignem
3676 2812 3995 2877 conjiciam.

712 2918 932 2969 aurum,
1003 2908 1349 2973 vestimenta,
1410 2923 1705 2980 servosque
1750 2922 2009 2978 sumeret,
2056 2923 2112 2968 et
2147 2914 2295 2969 illinc

708 2996 1017 3067 navigaret.
1045 2998 1464 3071 Pompeiopolim
1516 3003 1681 3072 igitur
1712 3004 1916 3061 Cilicia:
1950 3021 2010 3061 se
2042 3008 2293 3074 contulit,

714 3090 805 3142 ubi
858 3104 981 3144 cum
1040 3092 1237 3163 impius
1283 3095 1576 3164 praefectus
1628 3097 1896 3153 Maximus
1921 3097 2297 3170 Bacchanalia,

711 3188 768 3234 et
793 3180 971 3245 ludos,
1004 3192 1060 3234 et
1084 3184 1340 3249 choreas,
1369 3195 1425 3239 et
1484 3186 1733 3240 convivia
1790 3188 1949 3244 idolis
1978 3191 2297 3261 celebraret,

711 3272 1091 3329 admirabatur
1136 3278 1259 3345 pius
1296 3278 1635 3347 adolescens,
1684 3297 1932 3350 quaenam
1974 3284 2062 3337 illa
2091 3295 2297 3342 essent.

714 3365 838 3434 Ipse
870 3370 1014 3423 enim
1036 3371 1261 3440 jejuniis
1301 3386 1561 3442 perpetuo
1611 3380 1856 3432 vacabat.
1881 3379 2085 3435 Abillis
2114 3380 2297 3449 igitur,

715 3460 808 3524 qui
839 3460 1088 3526 aderant,
1130 3475 1482 3529 percontatus
1542 3477 1645 3530 est,
1679 3468 1804 3535 quid
1841 3468 1967 3520 illud
2003 3482 2167 3523 esset.
2199 3470 2300 3535 Qui

714 3564 840 3601 cum
870 3551 1306 3618 respondissent,
1332 3555 1553 3607 deorum
1570 3570 1691 3609 esse
1717 3556 2118 3613 celebritatem:
2149 3559 2301 3625 Veni,

719 3642 994 3710 inquiunt,
1029 3656 1085 3697 et
1140 3657 1213 3711 tu,
1251 3654 1309 3700 ut
1342 3647 1577 3701 convivii
1614 3652 1885 3719 particeps
1912 3650 2029 3705 fias.
2066 3654 2133 3704 At
2165 3651 2250 3705 ille
2286 3668 2300 3706 :

720 3733 1083 3802 Christianus,
1126 3738 1315 3807 inquit,
1354 3758 1495 3801 sum,
1542 3752 1596 3794 et
1633 3742 1907 3795 Christum
1936 3744 2159 3813 jejuniis
2214 3761 2303 3801 ce-

721 3828 897 3891 lebro,
930 3844 1028 3883 nec
1058 3845 1177 3895 quae
1224 3841 1350 3883 sunt
1377 3830 1659 3901 ﬂagitiosis
1689 3845 1851 3904 atque
1887 3836 2115 3905 impuris
2147 3838 2308 3891 idolis

726 3916 1003 3971 immolata
1068 3919 1195 3976 licet
1248 3920 1298 3975 in
1332 3936 1393 3977 os
1425 3937 1636 3989 eorum,
1666 3925 1755 3993 qui
1787 3925 2068 3979 Chrismm
2102 3925 2305 3991 colunt,

724 4005 958 4073 ingredi.

798 4098 864 4153 ll.
910 4098 1033 4154 llam
1065 4116 1185 4153 cum
1205 4102 1270 4155 ad
1301 4119 1459 4159 aures
1496 4107 1735 4174 przL-l'ecti
1770 4111 2171 4178 pervenissent,
2197 4112 2309 4167 ira—

2403 2907 2636 2973 Quanto,
2670 2906 2846 2975 inquit
2884 2904 3199 2973 Calliopius,
3260 2905 3505 2975 pluribus
3559 2918 3647 2957 me
3706 2904 3998 2958 tormentis

2406 3000 2765 3063 excruciabis,
2800 3010 2947 3054 tanto
2983 3000 3200 3054 mihiea
3250 2998 3544 3069 perferenti
3575 3012 3775 3053 corona
3806 2998 3998 3065 splen-

2406 3092 2585 3149 didior
2625 3101 2966 3149 contexctur.
2999 3092 3168 3146 Nemo
3214 3094 3380 3157 enim,
3415 3102 3475 3145 ut
3514 3092 3777 3159 scriptum
3830 3100 3916 3144 est
3953 3091 3998 3153 ί,

2408 3188 2780 3253 coronabitur,
2829 3186 2933 3239 nisi
2991 3184 3233 3255 legitime
3286 3185 3597 3235 certaverit.
3645 3182 3796 3234 Tunc
3826 3181 4003 3235 Mario

2408 3296 2527 3336 mus
2564 3279 2725 3348 jussit
2749 3287 2805 3332 ut
2840 3279 2887 3331 ei
2915 3278 3101 3330 vincto
3140 3274 3431 3338 plumbatis
3458 3272 3625 3339 virgis
3653 3270 3832 3324 omnia
3869 3287 4000 3326 ossa

2410 3373 2906 3439 confringerentur.
2946 3368 3146 3423 Beatus
3177 3378 3359 3423 autem
3390 3364 3709 3434 Calliopius,
3748 3363 3874 3417 dum
3906 3378 4003 3414 va-

2409 3464 2625 3534 pularet
2653 3481 2666 3515 :
2698 3463 2937 3523 Gratias,
2971 3462 3165 3530 inquit,
3217 3476 3315 3530 ago
3347 3459 3466 3524 tibi,
3492 3457 3726 3522 Christe,
3756 3456 3879 3526 quia
3914 3456 4003 3511 di-

2413 3574 2547 3627 gnus
2582 3557 2807 3610 effectus
2839 3570 2979 3620 sum,
3013 3555 3102 3622 qui
3123 3565 3347 3622 propter
3379 3568 3575 3607 nomen
3598 3561 3743 3605 tuum
3770 3551 3997 3605 verbera

2412 3650 2761 3707 sustinerem.
2817 3646 2967 3714 Mihi,
2999 3646 3172 3716 inquit
3238 3646 3504 3700 Maximus
3559 3642 4000 3713 prmfectus,oh-

2416 3753 2651 3812 tempera
2681 3752 2735 3797 et
2764 3742 2869 3797 diis
2928 3740 3171 3802 immola,
3198 3749 3253 3791 ut
3284 3738 3519 3804 patriam
3561 3735 3769 3796 videas,
3799 3744 3854 3785 ct
3880 3748 3996 3784 rna-

2416 3846 2553 3888 trern
2589 3844 2757 3896 tuam,
2783 3843 2837 3885 et
2870 3848 2938 3885 ne
2991 3829 3241 3899 spolieris
3278 3827 3479 3879 divitiis
3510 3842 3573 3879 ac
3603 3825 3836 3878 fortunis
3869 3827 4002 3880 tuis.

2415 3926 2843 3983 Tormentorum
2869 3924 3013 3978 enim
3036 3921 3208 3976 sentis
3234 3920 3608 3975 acerbitatem.
3627 3919 4005 3983 Dulcediucm,

2418 4022 2593 4090 inquit
2628 4018 2941 4084 Calliopius,
2971 4016 3249 4084 promissae
3279 4030 3307 4067 a
3341 4012 3563 4070 Christo
3599 4015 3795 4083 quietis
3830 4016 4005 4080 degu-

2418 4124 2523 4177 sro,
2556 4124 2611 4169 et
2641 4120 2908 4167 tormenta
2949 4125 3052 4166 non
3092 4111 3291 4166 sentio.
3326 4109 3433 4163 Nec
3459 4108 3512 4161 in
3554 4107 3727 4161 aliena
3785 4109 4008 4173 regione

722 4193 921 4246 cundia
950 4193 1162 4263 plenus,
1196 4194 1358 4262 jussit
1382 4214 1504 4253 eum
1529 4200 1802 4271 iujudicio
1828 4204 1968 4261 sisti.
2002 4204 2153 4272 Quod
2182 4224 2306 4263 cum
2337 4216 2388 4281 ο
2420 4225 2503 4265 me
2534 4224 2653 4265 esse
2690 4218 2841 4279 puto,
2873 4221 2995 4260 cum
3050 4203 3266 4257 Domini
3303 4205 3373 4253 sit
3404 4212 3570 4262 terra,
3609 4210 3662 4253 et
3722 4199 4009 4267 plenitudo

723 4294 873 4337 esset
906 4282 1106 4341 factum
1140 4304 1154 4339 :
1188 4287 1429 4356 Ecquod,
1486 4292 1664 4360 inquit
1690 4295 1974 4358 Maximus,
2008 4314 2202 4353 nomen
2228 4311 2312 4355 est

729 4378 874 4430 tibi?
910 4378 1255 4435 Christianus
1290 4399 1430 4447 sum,
1468 4386 1660 4454 inquit,
1686 4399 1739 4441 et
1792 4388 2085 4457 Calliopius
2126 4408 2309 4452 vocor.

723 4470 859 4537 Cur,
893 4473 967 4526 ait
994 4470 1262 4529 Maximus
1288 4474 1597 4545 prmfcctus,
1624 4495 1745 4533 cum
1779 4496 1871 4548 per
1894 4484 2079 4536 orbem
2100 4485 2314 4539 univcr-

729 4580 853 4617 sum
909 4569 1137 4620 deorum
1164 4569 1454 4627 celebritas
1484 4584 1795 4643 peragatur,
1831 4586 1882 4628 tu
1920 4578 1969 4630 iu
1998 4577 2101 4631 isto
2128 4594 2313 4635 errore

732 4657 1026 4725 persistis?
1058 4656 1186 4722 Vos,
1251 4659 1425 4727 inquit
1471 4660 1783 4731 Calliopius,
1822 4682 2008 4721 errore
2043 4670 2315 4724 tenebris-

736 4764 842 4817 que
867 4755 1183 4819 versamini,
1213 4754 1328 4825 qui,
1375 4755 1562 4810 relicto
1590 4757 1696 4811 Deo
1728 4758 1964 4826 vivente,
1993 4763 2080 4828 qui
2115 4764 2313 4818 cmlum

736 4855 791 4897 et
849 4853 1070 4911 terram,
1104 4856 1157 4899 et
1222 4864 1341 4916 qua:
1377 4849 1427 4900 in
1460 4851 1537 4903 eis
1561 4861 1687 4905 sunt
1723 4855 1903 4907 Omnia
1951 4854 2119 4908 verbo
2193 4872 2317 4925 pro-

737 4939 969 5001 creavit,
995 4954 1123 4992 saxa
1157 4953 1349 4995 sensus
1379 4943 1649 5011 expertia,
1678 4954 1731 4998 et
1758 4945 1897 5013 ligna
1931 4948 2164 5014 putrida,
2200 4965 2320 5017 qua:

741 5039 869 5084 sunt
899 5046 1157 5087 manuum
1198 5032 1491 5100 impiarum
1539 5050 1727 5103 opera,
1762 5036 1938 5091 colitis
1972 5050 2026 5091 et
2057 5040 2318 5096 adoratis.

745 5123 1146 5187 Adolescentia.
1184 5126 1361 5194 inquit
1400 5128 1710 5198 praefectus,
1747 5141 1799 5184 te
1831 5132 2162 5200 petulantem
2197 5136 2320 5190 red-

742 5214 845 5278 dit,
878 5224 932 5269 et
973 5231 1199 5285 magnos
1257 5218 1351 5271 tibi
1417 5220 1694 5274 cruciatus
1755 5232 1924 5290 parat.
1964 5220 2265 5294 Dicigitur,
2294 5241 2324 5281 e

739 5323 846 5378 qua
880 5319 1038 5377 gente
1066 5311 1161 5374 sis,
1194 5320 1249 5365 et
1274 5327 1342 5365 ex
1376 5325 1480 5380 quo
1510 5328 1725 5382 genere.
1766 5313 1805 5366 Ε
1833 5314 2142 5387 Pamphylia
2175 5332 2320 5385 sum,

2415 4303 2596 4371 ejus’,
2632 4301 2699 4353 Et
2733 4299 2819 4353 hic
2869 4309 3088 4366 quoque
3146 4292 3376 4360 patriam
3426 4305 3613 4356 cerno,
3668 4298 4011 4360 matremque

2416 4410 2612 4447 meam.
2667 4391 2801 4444 Nam
2848 4398 3017 4442 mater
3076 4401 3213 4451 mea,
3257 4393 3339 4439 est
3377 4383 3581 4439 Christi
3626 4382 3869 4437 Ecclesia
3918 4395 4012 4437 sa-

2418 4494 2701 4540 crosancta
2730 4492 2821 4538 :et
2848 4483 3017 4552 patria
3048 4478 3544 4545 mea,estcoslestis
3574 4478 3659 4530 illa
3683 4476 4009 4531 Jerusalem.

2421 4578 2615 4633 Nostra
2645 4579 2787 4632 enirn
2818 4575 3160 4631 conversatio
3189 4575 3243 4625 in
3280 4573 3432 4626 caelis
3459 4582 3541 4625 est
3562 4572 3603 4625 ³.
3629 4570 3785 4635 Quod
3808 4572 3851 4623 si
3878 4572 4011 4623 mihi

2419 4686 2737 4743 corpoream
2796 4678 3023 4722 matrem
3086 4664 3332 4737 objicias,
3394 4664 3517 4719 audi
3575 4663 3707 4733 quid
3760 4663 4014 4716 Christus

2420 4762 2564 4816 Deus
2597 4775 2748 4814 meus
2784 4759 2970 4813 dicat:
3007 4778 3024 4810 ι
3060 4755 3161 4823 Qui
3194 4763 3342 4812 amat
3396 4767 3603 4824 patrem
3655 4764 3748 4807 aut
3782 4764 4015 4807 matrem

2422 4853 2708 4924 plusquam
2734 4867 2838 4917 tne,
2876 4868 2980 4907 non
3011 4860 3091 4905 est
3119 4866 3203 4903 me
3237 4848 3436 4919 dignus
3468 4848 3509 4903 δ.
3547 4865 3565 4899 ι
3602 4845 3738 4899 Nam
3771 4848 3914 4915 quod
3946 4850 4013 4899 ad

2422 4947 2643 5003 divitias
2676 4949 2927 5017 pertinet,
2954 4960 3047 4999 eas
3073 4945 3309 5014 negligo,
3345 4954 3400 4999 ct
3440 4944 3583 4999 malo
3610 4944 3813 4998 Christi
3850 4960 4017 4999 cruce

2425 5038 2611 5106 aﬂligi,
2642 5052 2803 5108 quam
2840 5036 3060 5092 caducis
3109 5038 3259 5090 stulti
3313 5038 3499 5090 mundi
3533 5037 3744 5089 deliciis
3776 5034 3904 5089 frui.

2498 5128 2589 5184 ιν.
2627 5130 2893 5183 Maximus
2948 5130 3237 5198 praefectus
3271 5147 3283 5183 :
3320 5129 3492 5193 Quam
3539 5136 3645 5193 est,
3684 5127 3879 5205 inquit,
3918 5141 4019 5181 ex-

2426 5237 2567 5277 cors.
2593 5221 2790 5277 Crudis
2820 5221 2998 5276 nervis
3029 5229 3273 5274 ventrem
3320 5220 3440 5287 ejus
3472 5221 3689 5282 czedite,
3720 5220 3964 5275 dicentes
3999 5235 4014 5271 :

2426 5315 2543 5371 Noli
2578 5332 2746 5371 unum
2772 5331 2871 5383 pro
2911 5316 3016 5370 alio
3049 5316 3214 5370 stulte
3265 5317 3611 5381 respondere,
3656 5313 3747 5367 sed
3793 5324 3915 5381 apte
3946 5313 4018 5368 ad

741 5403 919 5471 inquit
951 5401 1267 5472 CalliOpius,
1299 5414 1354 5459 et
1397 5405 1655 5474 patricius
1691 5423 1913 5475 genere,
1946 5420 2020 5472 et,
2052 5411 2193 5478 quod
2232 5426 2327 5463 no-
2406 5410 2778 5492 .inlerrogata.
2813 5408 3021 5469 lnsane,
3047 5407 3223 5476 inquit
3265 5406 3653 5474 Calliopius,et
3674 5405 3869 5474 quavis
3902 5402 4022 5457 fera

738 5492 1070 5550 bilissimum
1103 5504 1207 5562 est,
1235 5495 1599 5551 Christianus.
1631 5496 1725 5552 Dic
1751 5500 1902 5562 mihi,
1930 5500 2215 5567 praefectus
2244 5500 2326 5554 in-

2431 5503 2722 5566 crudelior,
2757 5510 2809 5555 et
2839 5518 2865 5555 a
2894 5500 3095 5555 Christi
3136 5500 3461 5569 pietate,qui
3491 5500 3544 5553 in
3570 5499 3723 5553 ccelis
3750 5506 3855 5558 est,
3880 5497 4020 5552 alie-

745 5586 865 5656 quit
894 5622 910 5651 ,
943 5598 1199 5656 parentes
1225 5589 1435 5644 habes?
1480 5590 1673 5657 Mater,
1708 5592 1982 5659 respondit
2010 5592 2321 5662 Calliopius,
2350 5568 2406 5629 D
2441 5609 2530 5660 ne,
2583 5594 2677 5647 tibi
2736 5592 2983 5648 veritatis
3013 5568 3277 5647 rationem
3309 5605 3541 5660 expono,
3569 5604 3730 5660 quam
3765 5598 3819 5642 tu
3850 5585 4020 5642 animi

746 5692 1040 5753 superest;
1071 5697 1195 5737 nam
1224 5692 1380 5753 pater
1405 5682 1516 5753 jam
1543 5685 1631 5739 diu
1652 5682 1939 5741 defunctus
1968 5694 2070 5741 est.
2104 5683 2207 5739 Per
2240 5702 2329 5742 so—

822 5865 840 5899 ¹
871 5862 919 5924 ll
950 5864 1093 5927 Τιω.
1121 5881 1181 5940 ιι,
1216 5866 1272 5924 5.
1350 5871 1370 5904 ³
1402 5868 1546 5929 Psal.
1610 5884 1765 5942 unt,
1794 5871 1844 5927 i.

1924 5875 1942 5906 ³
1974 5873 2212 5947 Philipp.
2250 5891 2335 5947 tu,
2372 5872 2461 5931 90.

2437 5686 2611 5744 oculis
2670 5701 2776 5742 non
2805 5685 3007 5752 cernis,
3028 5698 3189 5743 aures
3221 5682 3531 5751 occludens,
3567 5696 3635 5740 ne
3665 5681 3875 5741 Domini
3900 5692 4019 5739 ser-

2543 5872 2563 5901 ⁶
2590 5871 2785 5929 Matth.
2818 5888 2873 5941 ι,
2910 5870 3001 5927 37.
