4212 6440
193 479 266 542 93
1464 464 1644 525 VlTA
1685 461 1749 522 S.
1792 456 2172 519 CALLlOPI.
3396 447 3464 513 94

189 602 414 646 mortem
452 586 733 651 exaudias,
761 595 811 637 et
842 593 1027 637 contra
1056 582 1235 652 legum
1269 578 1585 649 praescripta
1612 576 1771 646 jubes
1804 574 1849 630 Λ
1879 580 2058 625 autem
2118 571 2414 638 Calliopius
2473 568 2702 630 catenis,
2739 577 2793 622 et
2847 567 3095 636 corporis
3157 575 3369 621 tumore
3398 582 3463 621 ex

191 696 305 746 me,
350 690 604 747 umquam
660 676 1011 743 homicidam,
1063 670 1636 733 verberariiﬂotam,
1697 670 1777 722 irr-

188 773 310 845 quit
353 770 660 841 praziecurs,
706 770 963 824 collocate
1024 776 1078 822 et
1122 780 1375 834 magnum
1425 766 1601 834 ignem
1650 775 1777 817 suc-

188 864 427 921 cendite.
485 864 636 918 [totae
691 873 837 917 tanta
888 862 936 915 vi
965 862 1216 930 alligatus
1239 870 1321 916 est
1350 857 1684 917 adolescens,
1723 864 1779 909 ιιι

194 966 341 1012 totus
367 957 791 1025 discerperetur.
818 955 935 1021 Quo
961 956 1177 1023 quidem
1205 956 1449 1009 cruciatu
1475 969 1597 1007 cum
1627 968 1778 1006 acer-

190 1047 418 1101 bissirue
453 1055 742 1114 angeretur
767 1061 778 1098 :
806 1046 1042 1108 Christe,
1074 1044 1268 1113 inquit,
1315 1055 1511 1113 prmsto
1549 1045 1626 1097 sis
1660 1058 1778 1096 ser-

191 1152 261 1190 vo
319 1146 431 1198 tuo,
466 1144 529 1188 ut
556 1135 622 1187 ad
660 1135 819 1188 ﬁnem
876 1150 1047 1203 usque
1090 1133 1333 1187 laudetur
1366 1134 1416 1185 iu
1454 1148 1539 1185 me
1575 1147 1776 1185 nomen

194 1241 369 1290 tuum,
420 1227 668 1295 quamvis
718 1226 976 1295 indignus
1028 1226 1126 1278 sim
1158 1241 1348 1279 servus
1385 1235 1548 1278 tuus:
1585 1235 1638 1279 ct
1682 1239 1777 1278 co-

190 1330 458 1383 gnoscent
511 1335 725 1384 omnes,
776 1334 890 1385 eos,
926 1320 1015 1387 qui
1076 1320 1127 1372 in
1165 1329 1215 1373 te
1246 1329 1486 1386 sperant,
1524 1334 1624 1372 non
1655 1333 1778 1371 con-

191 1408 344 1463 fundi
382 1410 434 1463 in
486 1422 770 1465 aeternum.
810 1412 1007 1465 Statim
1071 1412 1231 1481 igitur
1267 1413 1530 1467 accedens
1558 1411 1779 1480 angelus

189 1502 286 1556 Dei
315 1544 329 1565 ,
383 1501 655 1556 ﬂammam
712 1503 1013 1558 carbonum
1050 1504 1314 1559 exstinxit
1352 1520 1365 1561 '.
1403 1514 1459 1558 et
1517 1503 1777 1565 ministri,

193 1609 315 1648 cum
349 1596 547 1651 vellent
576 1607 747 1651 rotant
789 1598 1029 1661 volvere,
1074 1614 1175 1651 non
1227 1607 1495 1667 poterant.
1544 1597 1777 1651 Delicata

190 1695 375 1738 autem
404 1686 569 1755 ipsius
586 1689 826 1741 nrernbra
856 1698 1021 1741 totam
1047 1699 1215 1742 rotam
1239 1689 1501 1757 sanguine
1520 1704 1783 1757 consper-

194 1788 409 1832 seruut.
452 1780 581 1833 Erat
632 1782 775 1834 enim
845 1782 1020 1835 acutis
1073 1781 1266 1851 gladiis
1334 1782 1776 1835 circummrrnita.

192 1867 367 1924 Jussit
420 1883 600 1926 autem
655 1872 945 1942 praefectus
976 1891 1097 1929 eum
1134 1876 1290 1943 solvi,
1319 1886 1373 1928 et
1403 1891 1430 1929 a
1464 1884 1575 1929 rota
1602 1874 1779 1929 dimo-

1882 665 2199 719 verberibus
2230 675 2538 725 contracto,
2563 660 2937 725 cohibebatur,
2971 659 3260 728 quominus
3287 668 3466 725 posset

1881 767 2189 821 assurgere,
2227 762 2279 805 ct
2310 753 2374 804 ad
2430 760 2659 805 matrem
2696 750 2975 803 accedere.
3010 748 3116 803 Sed
3149 750 3216 799 ita
3250 743 3467 802 locutus

1879 855 1967 900 est
1994 862 2006 896 :
2032 843 2343 911 Opportune
2373 843 2587 910 venisti,
2606 854 2805 904 mater,
2835 852 2889 894 ut
2918 842 3068 895 testis
3094 856 3242 896 esses
3262 839 3463 897 Christi

1881 936 2245 991 cruciattmm.
2281 933 2448 987 Mater
2506 946 2684 987 autem
2723 933 2815 986 lilii
2867 946 3064 997 corpus
3089 927 3355 998 aSpicir-ns
3382 928 3465 982 di-

1883 1030 2146 1083 laniatum
2176 1047 2188 1082 :
2225 1027 2382 1081 Beata
2411 1042 2530 1097 ego,
2565 1027 2739 1094 inquit
2766 1029 2832 1082 ad
2859 1025 3266 1077 sanctissimum
3301 1022 3463 1073 lilium

1881 1140 2035 1177 suum
2095 1122 2443 1191 Calliopium,
2476 1128 2527 1173 et
2581 1118 2772 1171 beatus
2825 1117 3031 1170 fructus
3098 1113 3295 1166 ventris
3339 1112 3466 1174 mei,

1881 1214 2160 1283 quoniam,
2198 1225 2253 1265 ιιι
2288 1212 2462 1273 Anna,
2516 1210 2688 1263 dicavi
2750 1222 2798 1262 te
2860 1224 3070 1263 sacrum
3129 1222 3322 1259 munus
3358 1206 3466 1257 Do-

1883 1308 2032 1359 mino
2063 1304 2186 1359 Jesn
2215 1305 2471 1359 Christo:
2510 1313 2568 1356 ut
2599 1302 2731 1355 Sara
2779 1302 2947 1357 obtuli
2983 1312 3032 1353 te
3063 1299 3173 1351 Deo
3213 1298 3469 1349 holocau-

1881 1414 2023 1457 stum
2079 1413 2315 1471 gratum,
2366 1410 2420 1452 et
2490 1408 2767 1466 accepturu
2840 1395 3064 1448 Domino
3116 1392 3466 1445 sacrificium.

1882 1495 2079 1551 Mansit
2133 1504 2307 1547 autem
2368 1502 2532 1544 totam
2593 1501 2805 1543 noctem
2864 1488 3008 1541 illam
3044 1486 3094 1537 in
3153 1496 3370 1536 carcere
3401 1483 3466 1533 ad

1886 1589 2055 1655 ipsius
2105 1585 2267 1655 pedes
2319 1580 2611 1651 prostrata.
2645 1580 2817 1634 Simul
2873 1591 3051 1631 autem
3086 1576 3244 1628 ambo
3279 1586 3467 1642 prcca-

1883 1681 2103 1743 bantur,
2142 1688 2196 1731 et
2255 1676 2545 1729 laudabant
2584 1675 2769 1725 Deum.
2810 1670 2873 1723 Et
2915 1670 3060 1723 circa
3092 1668 3321 1720 medium
3373 1678 3469 1715 no—

1885 1782 2026 1827 ctem
2060 1786 2251 1837 magna
2281 1770 2369 1821 lux
2400 1781 2676 1821 carcerem
2708 1761 3018 1821 illustravit,
3046 1770 3097 1813 et
3132 1773 3233 1811 vox
3263 1771 3356 1809 eos
3385 1753 3469 1807 sic

1886 1865 2114 1917 allocuta
2172 1870 2252 1913 est
2291 1877 2302 1913 :
2348 1857 2453 1912 Vos
2506 1859 2638 1910 estis
2673 1853 2844 1910 sancti
2894 1851 2983 1905 Dei
3014 1863 3064 1905 et
3088 1848 3296 1905 Christi
3332 1862 3467 1901 con-

193 1966 332 2019 veri.
369 1966 717 2035 Spectatores
750 1968 1030 2033 dicebant,
1065 1940 1329 2036 judicium
1371 1970 1499 2025 illud
1536 1972 1777 2037 iniquum

1889 1958 2145 2015 lessores,
2172 1965 2559 2020 eversorcsque
2588 1949 2876 2011 idolorum,
2904 1946 2993 2014 qui
3033 1946 3259 2013 patriam
3294 1951 3347 1994 et
3378 1956 3469 2009 pe.

191 2071 316 2109 esse
343 2074 358 2122 ;
388 2069 444 2111 et
477 2059 754 2123 dolebant,
789 2062 930 2127 quod
959 2062 1083 2113 talis
1103 2061 1418 2114 adolescens
1446 2072 1551 2114 tam
1582 2065 1777 2115 acerbe

194 2161 562 2220 torqueretur.
635 2154 741 2207 Sed
802 2152 1070 2207 Maximus
1104 2172 1115 2207 :
1149 2152 1358 2218 Nonne,
1411 2155 1605 2224 inquit,
1666 2155 1775 2207 dixi

190 2243 313 2306 tibi,
356 2254 406 2297 te
437 2244 803 2300 adolescentia
850 2260 970 2301 esse
1018 2245 1447 2310 petulantem,et
1495 2256 1777 2315 propterea

190 2337 537 2403 gravioribus
572 2339 907 2394 cruciatibus
954 2337 1206 2393 affectum
1245 2339 1359 2393 iri?
1396 2339 1578 2403 Canis,
1608 2341 1778 2409 inquit

186 2426 507 2496 Calliopius.
568 2428 1059 2498 impudentissime,
1096 2440 1150 2483 tu
1205 2445 1290 2483 me
1348 2430 1427 2484 sic
1455 2432 1775 2497 alloqueris,

189 2519 351 2586 quasi
404 2521 783 2575 crudelissima
831 2537 1073 2575 reenscm
1103 2532 1194 2580 aut
1218 2521 1477 2589 deprecer
1506 2531 1775 2575 tormenta

192 2620 307 2664 trra.
335 2611 550 2674 Infelix,
588 2613 759 2681 inquit
799 2613 1109 2681 prtefcclus,
1138 2613 1317 2667 credis
1351 2621 1401 2665 te
1433 2614 1779 2668 contumeliis

191 2702 541 2771 effecturum,
597 2714 654 2757 ut
684 2715 734 2758 te
773 2704 1005 2760 celerius
1042 2705 1395 2761 occidemlrrm
1422 2720 1630 2761 errrem.
1675 2704 1780 2762 γε·

192 2807 320 2846 rum
350 2794 490 2849 haud
530 2797 601 2849 ita
636 2796 761 2850 erit.
796 2797 908 2851 Diis
947 2797 1109 2863 igitur
1154 2796 1391 2858 immola,
1426 2806 1483 2849 nt
1510 2812 1628 2867 qure
1660 2797 1782 2852 reli-

193 2900 305 2954 qua
335 2897 483 2950 sunt,
516 2897 781 2943 tormenta
835 2889 1167 2943 lucr‘il‘acias.
1201 2886 1313 2942 Non
1361 2888 1660 2958 permittet,
1697 2889 1781 2942 in-

194 2980 319 3047 quit
344 2978 665 3049 CalliOpins,
700 2982 955 3038 Christus
981 2998 1156 3046 mens,
1194 2992 1250 3037 ut
1291 2997 1480 3051 puram
1516 2995 1689 3036 meam
1727 2981 1779 3034 in

198 3069 370 3125 Deum
402 3071 559 3125 ﬁdem
585 3078 881 3139 pervertas.
928 3074 1207 3127 Arbitratu
1246 3084 1337 3127 tuo
1366 3090 1562 3142 corpus
1593 3090 1783 3129 excru-

196 3162 309 3224 cia,
334 3174 654 3233 recepturus
683 3182 710 3219 a
748 3165 855 3221 Deo
886 3167 935 3220 in
969 3167 1054 3221 die
1081 3167 1271 3235 judicii
1305 3166 1497 3221 merita
1533 3169 1780 3235 prremia.

196 3253 317 3321 Qua
353 3258 495 3313 enim
530 3275 785 3314 mensura
816 3261 1046 3326 metiris,
1085 3262 1272 3316 eadem
1309 3261 1628 3315 remetietur
1663 3261 1781 3315 tibi.

195 3345 631 3420 Ferreishiuqrtit
660 3351 946 3417 Maximus,
974 3353 1181 3405 catenis
1203 3352 1441 3405 vinctum
1471 3353 1521 3405 in
1557 3350 1782 3404 interio-

196 3455 316 3495 rem
351 3458 628 3497 carcerem
660 3444 916 3513 conjicitc
943 3461 956 3509 ;
992 3459 1148 3497 nemo
1176 3459 1361 3497 curam
1396 3444 1541 3499 illitis
1573 3454 1729 3513 gerat
1761 3460 1775 3511 ;

198 3540 369 3585 nemo
427 3534 712 3602 impiorum
761 3535 1063 3588 amicorum
1098 3536 1163 3589 ad
1215 3549 1338 3589 eum
1367 3537 1622 3603 accedat;
1662 3537 1786 3591 bea-

200 3632 320 3676 tunr
348 3638 405 3676 se
436 3634 589 3689 putet
612 3623 681 3676 ob
702 3639 763 3677 ea
802 3632 1096 3690 tormenta,
1130 3630 1330 3696 quibus
1362 3639 1581 3696 prepter
1616 3629 1785 3697 ipsius

199 3712 545 3808 impietatem
584 3714 846 3771 adversus
886 3720 1014 3772 deos
1062 3718 1291 3774 aﬂ‘ectus
1326 3730 1431 3774 εει.
1464 3720 1657 3772 Statim
1690 3720 1785 3789 igi-

199 3811 293 3852 tur
318 3803 529 3855 vinctus
557 3803 607 3857 in
665 3818 939 3860 carcerem
992 3808 1306 3861 interiorem
1361 3809 1634 3874 conjccrus
1680 3818 1781 3873 eSl,

198 3890 294 3943 ubi
314 3891 433 3944 sine
462 3894 860 3949 intermissione
890 3897 1053 3949 Deum
1081 3896 1356 3949 laudabat.

282 3978 350 4035 ν.
389 3983 482 4036 His
541 3986 760 4047 auditis,
798 3995 992 4050 mater,
1027 3988 1167 4039 l'acto
1201 3993 1547 4050 testamento,
1585 3985 1789 4040 ducen-

201 4084 292 4128 tos
325 4072 716 4143 quinquaginta
743 4090 932 4130 servos
976 4077 1226 4132 libertate
1263 4078 1581 4147 peculiuque
1615 4077 1787 4130 dona-

197 4166 282 4220 vit
313 4186 325 4219 :
358 4178 413 4221 et
445 4168 703 4237 quidquid
732 4171 873 4235 auri,
907 4181 1002 4224 aut
1049 4170 1280 4240 argenti,
1312 4180 1403 4223 aut
1437 4170 1783 4226 vesrimcnto-

204 4276 331 4314 rum
356 4260 589 4314 habebat
637 4264 967 4330 pauperibus
999 4262 1256 4331 reliquit;
1296 4264 1663 4327 posseSsiones
1689 4278 1787 4313 au-

200 4366 316 4407 tcm
371 4354 628 4410 Ecclesiae
661 4366 860 4410 sancta:
910 4356 1104 4423 largita
1138 4365 1240 4409 est.
1270 4355 1407 4408 Tum
1457 4355 1785 4409 Celeriter-in

197 4444 452 4502 Ciliciam
505 4450 571 4501 ad
623 4452 1031 4505 sanctissimum
1063 4452 1229 4505 lilium
1278 4466 1433 4506 suum
1466 4450 1784 4519 Calliopium

198 4540 487 4591 (‘Ontettdit
523 4550 616 4594 :et
651 4541 702 4593 in
737 4558 1009 4597 carcerem
1059 4544 1325 4611 ingressa,
1389 4545 1619 4612 procidit
1662 4554 1787 4596 ante

1885 2051 2071 2103 curtias
2110 2046 2440 2115 reliquistis,
2476 2052 2531 2095 ut
2568 2057 2686 2094 cum
2727 2039 2945 2094 Christo
2995 2032 3335 2105 pateremini.

1954 2138 2042 2193 Vi.
2079 2138 2213 2191 Cum
2252 2147 2431 2188 autem
2488 2135 2775 2194 illuxisset,
2814 2128 3096 2199 praefectus
3128 2146 3140 2181 :
3185 2127 3344 2188 Voca,
3389 2123 3471 2177 in-

1883 2234 2020 2303 quit,
2054 2229 2485 2284 Christianorum
2540 2236 2701 2277 scene
2764 2222 3061 2275 studiosum
3121 2217 3463 2284 Calliopiunr.

1890 2324 2195 2380 Demetrius
2223 2330 2402 2373 autem
2439 2316 2688 2371 centurio
2711 2314 2777 2369 ad
2797 2313 3115 2381 Callinpium
3140 2330 3153 2366 :
3179 2307 3332 2363 Nunc
3356 2307 3467 2362 Sul-

1886 2427 2018 2479 tcm,
2055 2414 2245 2484 inquit,
2280 2412 2347 2466 ab
2374 2411 2580 2464 insania
2614 2409 2849 2470 discede,
2882 2418 2934 2460 et
2960 2406 3347 2472 imperatorum
3378 2402 3470 2453 de-

1884 2514 2047 2563 cretis
2106 2509 2510 2572 obtemperans,
2536 2502 2640 2554 diis
2688 2499 2957 2559 sacrifica,
3017 2510 3072 2549 ut
3103 2498 3253 2549 vivas
3290 2514 3302 2549 :
3335 2495 3469 2547 alio.

1882 2601 2009 2667 quin
2032 2611 2083 2653 ut
2114 2597 2374 2664 Magister
2415 2606 2536 2647 tuus
2566 2591 2834 2661 suliigeris
2860 2590 2912 2644 in
2932 2604 3168 2645 crucem.
3198 2582 3467 2650 Admiror,

1883 2690 2054 2759 inquit
2087 2688 2404 2755 Calliopius,
2438 2685 2823 2753 impudentiam
2856 2694 3022 2745 tuam,
3058 2682 3148 2749 qui
3180 2695 3299 2735 cum
3330 2692 3473 2749 sape

1885 2800 1951 2840 ex
1988 2799 2072 2837 me
2103 2783 2344 2836 audieris
2373 2778 2747 2835 Christianum
2796 2791 2882 2829 me
2942 2790 3080 2840 esse,
3108 2785 3162 2827 et
3200 2772 3471 2827 Christia-

1886 2893 2014 2932 nunr
2047 2890 2169 2929 esse
2198 2873 2547 2933 moriturum,
2580 2877 2634 2923 et
2686 2868 2739 2921 in
2777 2866 2994 2921 Christo
3046 2863 3334 2926 victurum,
3362 2870 3468 2913 tam

1886 2966 2233 3035 itttpttdentcr
2266 2976 2460 3030 pergas
2519 2960 2803 3011 veritatem
2864 2968 3198 3021 oppugnare.
3252 2951 3473 3005 Festino

1885 3059 2155 3119 eamdem,
2188 3069 2348 3123 quam
2390 3051 2642 3120 Magister
2667 3064 2819 3101 meus
2845 3049 3088 3116 pertulit,
3121 3055 3347 3097 mortem
3374 3061 3471 3111 np-

1886 3161 2092 3221 peterc.
2130 3147 2256 3202 "me
2292 3160 2412 3199 cum
2453 3143 2544 3200 ille
2602 3140 2851 3205 dixisset,
2919 3135 3206 3206 praefectus
3261 3150 3323 3186 ex
3383 3148 3473 3187 re-

1892 3246 2106 3314 Spnnsis
2132 3244 2383 3312 martyris
2418 3238 2857 3294 animadverteris
2878 3250 2998 3289 cum
3027 3249 3053 3285 a
3077 3232 3354 3301 proposito
3384 3232 3475 3284 de-

1889 3338 2007 3391 duci
2046 3354 2152 3390 non
2185 3349 2359 3405 posse.
2394 3334 2719 3385 sententiam
2756 3332 2896 3393 tulit,
2954 3336 3011 3382 ul.
3046 3328 3233 3396 quinta
3264 3326 3475 3380 Subha-

1892 3440 2065 3485 torum
2100 3428 2320 3483 Paschae
2351 3427 2401 3479 in
2429 3439 2647 3478 crucem
2682 3432 2950 3492 ageretur.
2980 3420 3135 3486 Quod
3168 3431 3341 3471 mater
3360 3417 3475 3485 ejus

1892 3525 2218 3594 intelligens,
2280 3524 2519 3593 quinque
2584 3532 2839 3573 nummos
2899 3514 3164 3568 ministris
3221 3511 3389 3567 dedit.
3417 3521 3475 3562 ut

1891 3633 2011 3672 eum
2065 3619 2337 3672 contraria
2395 3617 2623 3677 ratione,
2678 3627 2839 3680 quam
2913 3608 3163 3662 Christus
3218 3606 3484 3659 Dominus

1893 3711 2187 3765 crucifixus
2248 3709 2366 3770 fuit,
2393 3706 2671 3774 aliigercnt
2718 3702 2890 3755 cruri.
2927 3701 3129 3765 Quinto
3154 3698 3315 3767 igitur
3338 3695 3478 3748 Sabo

1892 3805 2137 3859 batnrnm
2176 3815 2381 3870 pronus
2416 3799 2469 3851 in
2506 3806 2667 3865 caput
2710 3795 3004 3850 cruciﬁxus
3035 3801 3139 3851 est.
3174 3799 3228 3843 et
3260 3791 3347 3843 die
3374 3789 3477 3842 Pa-

1894 3909 2145 3953 rasceves
2174 3893 2409 3947 animam
2445 3890 2573 3959 egit.
2614 3887 2679 3940 Et
2715 3902 2814 3939 vox
2850 3888 2916 3939 de
2948 3885 3086 3939 coelo
3141 3882 3323 3936 audita
3376 3887 3479 3943 est,

1895 3991 1964 4045 ita
2004 4004 2205 4043 sonans
2238 4005 2252 4041 :
2288 3985 2448 4049 Veni,
2485 3984 2619 4039 civis
2652 3979 2879 4045 Christi,
2915 3988 2967 4033 et
2994 3978 3239 4033 colueres
3269 3979 3472 4031 sancto-

1894 4100 2010 4138 rum
2054 4082 2392 4149 angelorum.

1963 4175 2075 4232 \‘ll.
2106 4176 2271 4230 Mater
2301 4188 2427 4227 vero
2450 4170 2776 4227 sancrissimi
2804 4181 2866 4222 ac
2892 4162 3194 4220 beatissimi
3236 4158 3327 4213 tilii
3354 4172 3475 4213 cor-

1893 4284 1993 4337 pus
2053 4269 2354 4335 corttplexn,
2389 4277 2443 4318 et
2500 4264 2775 4317 Christum
2814 4262 3060 4320 laudans,
3092 4258 3143 4309 in
3179 4256 3291 4321 ejus
3318 4266 3472 4305 eom-

1892 4365 2052 4432 plexu
2087 4361 2335 4430 spiritum
2376 4356 2625 4410 reddidit.
2662 4353 2724 4406 Et
2779 4349 3103 4407 accedentes
3131 4346 3346 4406 fratres,
3379 4358 3472 4394 eo-

1896 4470 2012 4507 rum
2041 4467 2269 4520 corpora
2308 4450 2359 4503 iu
2397 4450 2511 4501 loco
2539 4461 2693 4501 sacro
2722 4444 3075 4513 sepelierunt,
3103 4438 3477 4495 collaudantes

1898 4543 2108 4596 Patrem
2150 4553 2203 4595 et
2260 4539 2452 4594 Filium
2484 4549 2533 4592 ct
2567 4536 2827 4604 Spiritum
2857 4543 3133 4593 sanctum,
3178 4530 3269 4583 cui
3304 4525 3479 4596 gloria

198 4631 368 4699 pedes
396 4630 533 4700 ejus,
567 4646 621 4690 et
645 4636 921 4691 vulnerum
958 4651 1206 4691 cruorem
1245 4637 1520 4691 abstersit.
1555 4640 1790 4693 Sanctus
1820 4642 1869 4700 D
1896 4644 1949 4691 et.
1989 4636 2269 4703 imperium
2306 4635 2356 4686 in
2382 4631 2575 4686 saecula
2602 4629 2953 4683 saeculorum.
2996 4624 3189 4676 Amen.
