4212 6440
753 391 853 453 107

2050 393 2334 453 MENSIS
2376 396 2707 456 APRILIS.

3910 397 4019 459 108

747 504 1035 559 multitudo
1069 502 1186 555 ideo
1213 501 1538 563 conﬂuebat,
1572 508 1623 554 et
1648 514 1832 553 eorum
1853 500 2038 556 {ruens
2057 503 2324 566 doctrina,

2435 504 2639 573 πλῆθος
2680 508 2833 577 παρᾶ
2859 505 3017 561 τοῦτο
3063 506 3351 578 συνέρρεον
3400 511 3492 564 καὶ
3543 511 3637 580 τῆς
3671 508 3800 581 παρ’
3832 508 4017 564 αὐτῶν

748 595 978 649 libenter
1023 592 1316 646 accedebat
1379 590 1443 643 ad
1497 589 1773 656 pietatem.
1815 588 1920 642 Sed
1959 589 2072 644 ﬁeri
2104 592 2324 645 omnino

749 700 855 739 non
910 693 1138 755 poterat,
1170 691 1225 736 ut
1259 682 1351 749 qui
1410 680 1508 731 fuit
1559 679 1625 732 ab
1654 678 1808 732 initio
1841 680 2103 734 bonorum
2133 683 2330 736 adver-

746 778 945 840 sarius,
988 791 1107 830 cum
1157 776 1267 831 haec
1302 774 1380 827 sic
1426 772 1634 833 ﬁerent,
1676 770 1912 839 quietem
1950 781 2150 841 ageret.
2206 772 2320 827 Non

748 866 953 935 quievit
977 866 1181 933 itaque,
1222 864 1313 918 sed
1342 878 1460 916 cum
1493 861 1791 916 invenisset
1825 864 2068 932 egregios
2095 864 2322 917 admini-

744 970 891 1011 stros
923 972 1034 1010 sua:
1064 956 1298 1017 malitia},
1322 956 1398 1007 eis
1424 954 1710 1021 persuadet
1730 964 1787 1006 ut
1818 965 2036 1009 sanctos
2064 964 2321 1010 accusent

746 1052 885 1118 apud
946 1048 1186 1109 Decium,
1220 1048 1360 1115 quod
1395 1048 1502 1099 sint
1531 1058 1583 1099 et
1617 1046 1669 1099 in
1729 1047 1857 1099 deos
1882 1046 2029 1113 impii
2064 1063 2158 1102 eos
2192 1049 2323 1103 abo-

750 1142 1036 1202 minantes,
1069 1149 1122 1191 et
1159 1146 1457 1205 sequantur
1509 1151 1699 1188 vanam
1741 1135 2169 1191 Christianorum
2201 1141 2319 1208 opi-

745 1231 983 1283 nionem.
1017 1228 1104 1282 llle
1129 1239 1305 1280 autem
1336 1225 1515 1279 hac're
1538 1226 1855 1294 gravissime
1883 1226 2128 1295 alIectus,
2160 1228 2320 1284 Vale-

744 1321 885 1373 rium
936 1320 1221 1389 quemdam
1275 1332 1627 1381 assessorem,
1684 1332 1803 1370 cum
1846 1333 1955 1386 quo
2011 1334 2096 1371 res
2131 1336 2318 1375 omnes

744 1426 872 1465 suas
894 1408 1327 1464 communicabat
1358 1408 1698 1477 (eratantem
1745 1424 1934 1461 amans
1988 1411 2313 1473 daemonum,

744 1508 792 1552 et
814 1500 893 1550 vir
924 1498 1171 1567 agrestis)
1199 1498 1395 1549 emittit
1425 1498 1475 1548 in
1501 1498 1706 1561 Asiam,
1736 1513 1854 1564 qua:
1892 1498 1993 1553 sibi
2020 1501 2085 1553 de
2112 1501 2317 1558 sanctis

746 1590 993 1643 nuntiata
1048 1589 1286 1651 fuerant,
1315 1588 1361 1641 ei
1391 1587 1721 1656 signiﬁcans,
1760 1598 1813 1642 et
1850 1592 1896 1644 ei
1932 1592 1983 1645 iu
2013 1593 2132 1647 illos
2162 1602 2314 1661 pote-

742 1692 934 1734 statem
988 1680 1325 1747 permittens.
1361 1678 1552 1733 Statim
1578 1696 1703 1749 ergo
1738 1681 1983 1736 Valerius
2012 1686 2150 1736 viam
2185 1700 2316 1737 con-

743 1774 851 1827 ﬁcit
886 1788 1044 1843 quam
1081 1774 1366 1827 celerrime
1398 1792 1409 1826 :
1437 1784 1489 1825 et
1516 1782 1802 1841 postquam
1834 1775 1934 1826 fuit
1958 1775 2010 1827 in
2043 1775 2180 1839 loco,
2219 1777 2313 1829 ubi

746 1866 779 1917 ii
829 1865 1114 1932 degebant,
1178 1864 1263 1916 ille
1303 1864 1521 1931 quidem
1602 1866 1782 1917 statim
1841 1866 1956 1918 deis
1988 1868 2142 1920 vanis
2184 1884 2315 1922 con-

740 1963 891 2008 sueta
945 1955 1109 2006 voluit
1151 1954 1350 2007 oﬂ'crre
1394 1954 1688 2017 sacriﬁcia,
1721 1956 1947 2024 ejusque
1976 1957 2159 2024 jussus
2193 1976 2315 2013 mox

738 2046 979 2115 pervasit
1024 2062 1212 2099 omnes
1251 2048 1509 2099 terminos
1541 2048 1780 2116 regionis
1822 2048 2227 2116 Thyatirorum,
2261 2062 2317 2105 ut

739 2136 1049 2204 quicunque
1086 2136 1136 2187 in
1164 2151 1225 2189 ea
1262 2146 1437 2200 erant,
1468 2138 1603 2189 nihil
1630 2140 1949 2194 cunctantes
1983 2144 2231 2195 venirent
2262 2143 2313 2195 in

737 2242 861 2280 eum
913 2228 1089 2282 locum
1145 2227 1235 2280 ubi
1266 2228 1412 2281 ﬁeret
1440 2228 1787 2292 sacriﬁcium,
1825 2233 2117 2296 gratiarum
2144 2234 2314 2285 actiu-

738 2333 833 2370 nes
857 2317 959 2387 ipsi
999 2331 1212 2386 quoque
1248 2316 1349 2369 diis
1376 2316 1515 2368 illius
1538 2316 1818 2380 reddituri,
1845 2327 1895 2369 ut
1924 2318 2012 2385 qni
2045 2318 2314 2373 nollctso-

737 2409 844 2460 lum
885 2419 1170 2477 aegrotare,
1208 2408 1299 2460 50d
1362 2406 1495 2461 alios
1551 2423 1765 2478 quoque
1800 2410 1959 2463 vellet
1991 2411 2096 2463 frui
2126 2413 2312 2466 eodem

740 2499 944 2552 morbo.
980 2498 1091 2551 Hoc
1133 2509 1309 2551 autem
1341 2498 1571 2550 ducebat
1595 2498 2002 2552 essesulliciens
2025 2515 2313 2569 argumen-

737 2599 851 2641 tum
885 2589 1166 2643 sententice
1215 2598 1530 2657 martyrum.
1574 2588 1792 2642 Dicebat
1848 2592 1989 2644 enim
2052 2594 2188 2646 intra
2232 2609 2310 2658 se,

734 2679 876 2746 quod
908 2679 948 2730 si
980 2680 1123 2746 ipsos
1150 2678 1364 2745 quidem
1387 2678 1579 2732 viderit
1604 2681 1967 2737 co'tnmttniter
1990 2686 2314 2740 convenien-

736 2783 815 2823 tes
847 2786 966 2822 cum
1010 2770 1347 2824 multitudine
1376 2771 1441 2824 ad
1476 2774 1911 2836 sacriﬁcandum,
1962 2775 2098 2830 falsa
2150 2794 2315 2846 appa-

737 2861 932 2913 rebunt
962 2860 1202 2922 omnino,
1233 2875 1352 2928 qua:
1374 2861 1624 2915 dixerunt
1652 2863 1827 2916 Decio.
1853 2866 1947 2919 Sin
1982 2870 2178 2934 minus,
2208 2884 2311 2923 non

736 2960 815 3005 est
838 2952 939 3005 alia
970 2952 1143 3023 major
1183 2954 1541 3021 exspectanda
1586 2956 1850 3022 probatio.

810 3128 896 3182 ΙΙΙ.
930 3128 1063 3182 Cum
1109 3142 1237 3198 ergo
1268 3145 1457 3184 omnes
1492 3132 1708 3200 quidem
1738 3134 1792 3187 in
1817 3136 1991 3189 locum
2023 3140 2306 3192 convenis-

732 3226 873 3283 sent,
908 3227 964 3273 ut
1023 3230 1353 3288 peragerent
1384 3222 1673 3289 sacriﬁcia,
1708 3224 1804 3279 soli
1840 3236 2018 3281 autem
2055 3228 2308 3284 abessent

734 3311 1083 3363 admirabiles
1132 3311 1237 3365 duo
1267 3320 1532 3383 martyres
1575 3315 1726 3383 (alibi
1758 3317 1904 3373 enim
1934 3320 2170 3385 stabant,
2198 3322 2308 3374 Deo

734 3414 946 3467 preces,
1000 3414 1190 3470 nempe
1254 3416 1439 3455 verum
1507 3406 1794 3460 reddentes
1823 3409 2202 3478 sacriﬁcium),
2243 3410 2307 3464 iis

736 3491 857 3545 sisti
892 3490 1084 3559 jussis,
1114 3493 1200 3546 ille
1252 3493 1544 3560 superbius
1609 3507 1673 3548 ac
1731 3496 1924 3551 elatius
1959 3514 2051 3554 eos
2104 3502 2310 3569 rogavit

734 3596 974 3643 causam,
1009 3596 1104 3633 cur
1134 3582 1232 3649 ipsi
1278 3584 1579 3638 abl‘uissent
1614 3603 1625 3639 :
1660 3586 1855 3642 deinde
1880 3590 2042 3643 etiam
2070 3592 2302 3661 adjecit:

732 3675 798 3724 At
837 3671 1025 3724 saltent
1052 3683 1178 3726 ante
1215 3686 1361 3726 meos
1400 3676 1590 3729 oculos
1626 3678 1850 3743 pulchre
1881 3682 2186 3749 corrigatur
2216 3685 2308 3737 de-

738 3762 923 3814 lictum
990 3771 1046 3815 ut
1103 3764 1513 3817 accusatoribus
1568 3764 1768 3818 invidia
1828 3765 1880 3819 in
1923 3778 2084 3838 caput
2119 3784 2303 3823 eorum

731 3860 1101 3915 convertatur,
1150 3860 1203 3905 et
1254 3852 1408 3905 vobis
1462 3852 1681 3917 clarior,
1731 3870 1890 3924 quam
1927 3860 2097 3927 prius,
2137 3862 2303 3928 gloria

729 3944 955 3997 oriatur.
993 3944 1072 3995 Ad
1125 3943 1236 3997 haec
1266 3944 1460 4010 sancti,
1491 3945 1582 4014 qui
1614 3956 1667 3999 et
1697 3959 1843 4002 metu
1880 3959 1933 4001 ct
1963 3951 2111 4003 omni
2145 3951 2305 4007 clari-

729 4039 838 4083 tate
902 4030 1133 4084 humana
1193 4040 1351 4084 erant
1414 4034 2304 4106 superiores;Essetdedecus,o

726 4117 913 4184 jndex,
969 4119 1220 4170 dixerunt
1296 4128 1560 4187 apertum,
1622 4122 1863 4190 inquam,
1909 4126 2169 4192 dedecus,
2212 4132 2305 4182 lia-

732 4211 859 4263 bcre
888 4210 1075 4262 bovem
1110 4220 1165 4262 et
1196 4209 1410 4264 asinum
1443 4211 1524 4281 (ut
1561 4226 1682 4266 cum
1716 4230 1907 4285 magno
1932 4218 2107 4273 dicam
2143 4219 2301 4292 Isaia)

730 4298 819 4364 qui
868 4312 964 4352 nos
1029 4307 1321 4365 arguerent
1381 4302 1562 4370 magni
1602 4303 1850 4359 criminis
1893 4308 2085 4375 ingrati
2112 4313 2300 4379 animi,

729 4387 994 4452 siquidem
1040 4386 1112 4439 illi
1172 4388 1390 4455 quidem
1460 4402 1828 4459 cognoverunt
1860 4410 2232 4465 possessorem
2260 4405 2299 4471 ',

729 4484 782 4527 et
820 4490 961 4541 enm,
994 4476 1086 4547 qui
1132 4480 1274 4547 ipsos
1301 4480 1478 4535 alebat
1511 4497 1525 4535 :
1558 4498 1656 4538 nos
1689 4495 1891 4553 autem,
1926 4492 2067 4557 quod
2092 4492 2299 4549 alamur
2332 4501 2378 4562 ι)

733 4567 801 4617 ab
824 4565 962 4633 ipso,
990 4566 1241 4634 ignorare
1268 4570 1596 4635 videremur,
1628 4571 1671 4624 si
1691 4586 1818 4627 vero
1843 4576 2030 4631 relicto
2053 4577 2302 4649 Domino,

729 4657 818 4725 qui
847 4656 982 4710 falso
1016 4666 1299 4723 vocantur,
1334 4659 1462 4713 deos
1500 4662 1827 4719 coleremus.
1860 4664 1984 4722 Haac
2006 4668 2298 4728 dixerunt:

728 4756 775 4801 et
830 4747 972 4802 Deus
1006 4749 1167 4802 simul
1221 4750 1310 4814 iis,
1372 4765 1498 4820 quae
1553 4753 1693 4807 dicta
1742 4767 1887 4827 sunt,
1913 4771 1993 4815 est
2023 4778 2299 4823 assensus.

727 4842 858 4895 Nam
895 4858 1125 4914 magnus
1161 4842 1375 4900 irruens
1406 4854 1565 4901 terra!
1590 4858 1788 4913 motus,
1815 4854 2083 4909 convertit
2106 4855 2158 4909 in
2183 4858 2302 4924 pul-

727 4949 905 4988 verem
937 4950 1022 5001 ea,
1046 4952 1164 5004 quae
1189 4938 1257 4991 ab
1295 4938 1675 5006 insipientibus
1709 4943 2046 5008 colebantur,
2078 4947 2301 5000 simula-

724 5041 836 5079 cra.
878 5026 941 5078 Et
964 5027 1199 5079 inanima
1232 5030 1447 5095 quidem
1478 5030 1557 5083 sic
1583 5046 1639 5085 se
1674 5032 1963 5102 habebant,
1992 5047 2043 5091 et
2075 5038 2144 5091 ita
2181 5038 2294 5094 fne-

725 5134 781 5173 re
812 5116 1096 5171 dissoluta.

792 5205 882 5258 IV.
926 5204 1139 5260 Valerio
1195 5218 1376 5263 autem
1410 5209 1562 5263 ﬁrma
1586 5221 1701 5265 erat
1728 5228 1790 5268 ac
1817 5216 2025 5270 stabilis
2064 5220 2291 5288 malitia,

722 5303 776 5344 et
817 5310 935 5360 qua:
972 5308 1075 5346 non
1112 5305 1323 5364 poterat
1350 5302 1615 5354 amoveri.
1678 5303 1813 5356 Nam
1854 5322 1973 5359 cum
2037 5310 2293 5367 admirari

716 5392 992 5445 Oporteret
1024 5386 1317 5450 potentiam
1345 5385 1434 5439 Dei
1459 5387 1807 5458 ineffabilem,
1836 5405 1887 5447 et
1914 5396 2135 5450 deorum
2168 5414 2288 5455 suo-

723 5486 839 5527 rum
877 5488 1123 5542 magnam
1159 5478 1385 5533 irridere
1418 5480 1847 5537 imbecillitatem
1881 5489 2042 5555 (quod
2076 5492 2291 5557 quidem

722 5563 939 5617 fecisset
962 5566 1040 5618 vir
1076 5567 1312 5635 prudens
1342 5578 1396 5623 et
1443 5570 1791 5643 intelligens),
1844 5577 1930 5631 ille
1966 5584 2136 5636 evasit
2179 5600 2291 5638 ma-

794 5751 807 5780 ¹
840 5751 939 5804 lsa.
966 5767 999 5811 ι,
1028 5752 1077 5805 '5.

2429 596 2798 661 ἀπολαύοντες
2833 598 3208 663 διδασκαλίας,
3238 600 3463 670 ἄσμενοι
3520 602 3910 671 προσεχώρουν
3944 602 4015 670 τῇ

2427 685 2701 757 εὐσεϐείᾳ.
2763 687 2903 741 Ἀλλ’
2935 689 3036 741 οὐκ
3088 685 3156 759 ἦν
3189 690 3406 751 πάντως
3442 692 3534 743 τὸν
3566 691 3625 755 ἐξ
3658 692 3832 761 ἀρχῆς
3861 694 4018 745 ἀντι-

2427 778 2679 848 κείμενον
2710 781 2821 843 τοῖς
2846 781 3071 849 ἀγαθοῖς
3104 784 3309 834 τούτων
3356 782 3499 834 οῦτω
3543 784 3849 852 γινομένων
3878 786 4019 852 ἡσυ-

2426 872 2549 940 χίαν
2578 873 2733 941 ἄγειν
2764 888 2779 903 ’
2807 874 3003 926 οὐκοῦν
3035 875 3155 927 esse
3186 874 3453 943 ἡσύχαζεν
3482 915 3496 939 ,
3540 874 3677 927 ἀλλὰ
3709 876 3807 943 τῆς
3844 873 4017 929 αὑτοῦ

2426 963 2623 1026 κακίας
2656 965 2967 1035 ὑπουργοὺς
2998 966 3097 1018 οὐκ
3133 968 3376 1034 ἀγεννεῖς
3418 966 3689 1039 εὑρηκὼς,
3720 967 4019 1021 ἐνδιαϐάλ-

2425 1054 2535 1106 λειν
2563 1056 2845 1108 ἀναπείθει
2870 1058 3044 1127 Δεκίῳ
3071 1060 3198 1121 τοὺς
3231 1060 3543 1129 μάρτυρας,
3575 1062 3657 1113 ὃτι
3690 1078 3747 1112 τε
3790 1060 4018 1122 ἀσεόεῖς

2424 1146 2492 1197 τά
2514 1147 2645 1214 πρὸς
2676 1147 2829 1209 θεούς
2866 1150 2995 1210 εἱσι,
3018 1150 3111 1200 καὶ
3137 1151 3219 1202 ὃτι
3253 1150 3351 1218 τὴν
3382 1152 3575 1218 καινὴν
3606 1152 3713 1203 τῶν
3741 1153 4016 1222 Χριστια-

2425 1238 2527 1290 νῶν
2571 1238 2935 1306 πρεσϐεύουσι
2968 1241 3148 1306 δόξαν.
3223 1243 3280 1293 '0
3333 1243 3389 1294 δέ
3444 1243 3816 1313 χαλεπώτατα
3873 1247 4019 1314 πρὸς

2423 1328 2580 1380 τοῦτο
2610 1330 2900 1394 διατεθεὶς,
2936 1334 3233 1401 Οὐαλέριόν
3263 1351 3385 1386 τινα
3418 1335 3806 1404 συγκάθεδρον,
3832 1334 3888 1397 δς
3916 1335 4019 1387 καὶ

2422 1422 2530 1472 τῶν
2562 1422 2697 1475 ὅλων
2738 1424 2886 1493 αύτῷ
2915 1424 3215 1489 ἐκοινώνει,
3250 1426 3617 1495 φιλοδαίμονα
3674 1430 3770 1481 καὶ
3811 1429 4015 1499 ἄγριον

2422 1511 2609 1582 ἄνδρα,
2653 1514 2786 1583 πρὸς
2836 1515 2936 1585 τὴν
3003 1517 3189 1568 Ἀσίαν
3252 1520 3555 1585 ἐκπέμπει,
3612 1522 3708 1571 άτε
3741 1521 4016 1589 περὶτῶν

2420 1605 2591 1672 ἀγίων
2625 1606 2773 1675 αὐτῷ
2797 1608 3081 1679 ἀνηγγέλη
3116 1608 3384 1677 γνωρίσας
3419 1612 3514 1662 καὶ
3557 1610 3654 1679 τὴν
3710 1610 3827 1662 κατ’
3860 1611 4016 1662 ἐκεί-

2420 1716 2525 1750 νων
2560 1697 2807 1760 ἐξουσίαν
2854 1700 3158 1769 ἐπιτρέψας
3194 1701 3365 1770 αὐτῷ.
3420 1700 3631 1753 Αὐτίκα
3668 1697 3760 1754 οῦν
3803 1702 4016 1753 Οὐαλέ-

2426 1807 2537 1858 ριος
2578 1795 2677 1859 τὴν
2724 1791 2844 1843 ὁδὸν
2871 1793 2950 1854 εἰς
2979 1794 3115 1861 ταχὺ
3149 1792 3323 1851 ἀνύει,
3352 1792 3445 1844 καὶ
3474 1793 3667 1861 ἐπειδὴ
3691 1793 3747 1845 ἐν
3774 1784 3818 1860 ᾧ
3856 1787 4011 1846 οὗτοι

2421 1881 2605 1949 διῆγον
2643 1865 2833 1948 γέγονε
2881 1883 3055 1951 τόπῳ,
3093 1885 3119 1934 6
3155 1883 3252 1951 μὲν
3280 1882 3438 1944 εὐθὺς
3474 1885 3585 1944 τοῖς
3628 1882 3881 1951 ματαίοις
3912 1882 4017 1945 τὰς

2423 1974 2677 2041 συνήθεις
2710 1974 2957 2042 προσῆγε
2991 1975 3214 2036 θυσίας·
3270 1976 3680 2044 προστάγματα
3737 1976 3794 2029 δὲ
3833 1975 4014 2029 αὑτοῦ

2420 2067 2601 2118 πᾶσαν
2624 2066 2756 2133 ὅσην
2777 2068 2823 2118 οἱ
2849 2066 3164 2135 Θυατείρων
3195 2069 3414 2137 ἐπεῖχον
3437 2069 3575 2137 ὅροι,
3608 2067 3749 2121 κατά
3768 2067 4016 2139 σπουδὴν

2418 2156 2799 2224 διελάμϐανεν,
2833 2158 2974 2211 ὥστε
3000 2159 3127 2219 τοὺς
3157 2158 3293 2226 αὐτῇ
3338 2159 3569 2223 πάντας,
3611 2158 3741 2211 ἔνθα
3775 2161 3807 2228 ὴ
3846 2159 4015 2212 θυσία

2417 2248 2636 2314 γίνοιτο,
2668 2248 2833 2315 μηδὲν
2862 2248 3160 2315 μέλλοντας
3188 2248 3433 2316 ἀπαντᾷν
3468 2248 3564 2310 τάς
3610 2250 4013 2318 χαριστηρίους

2418 2338 2580 2404 εὑχάς
2614 2336 2711 2389 καὶ
2757 2337 2956 2398 αὐτοὺς
3011 2339 3124 2399 τοῖς
3161 2337 3372 2389 ἐκείνου
3425 2336 3569 2399 θεοῖς
3633 2338 4011 2401 συνοίσοντας,

2417 2425 2604 2494 ὥσπερ
2661 2426 2761 2478 οὐκ
2801 2427 3079 2490 ἐθέλοντος
3123 2430 3283 2496 μόνον
3327 2430 3526 2492 νοσεῖν,
3578 2429 3715 2482 ἀλλά
3748 2429 4014 2494 καὶτοὺς

2416 2516 2608 2579 ἄλλους
2633 2518 3046 2587 παραπολαύειν
3073 2518 3225 2589 αύτῷ
3247 2518 3342 2572 τοῦ
3380 2521 3707 2589 νοσήματος.
3742 2521 3919 2573 Τοῦτο
3952 2522 4012 2575 δέ

2417 2607 2524 2678 ἄρα
2561 2610 2860 2679 τεκμήριον
2888 2610 3073 2663 ἰκανὸν
3107 2611 3207 2678 τῆς
3250 2612 3360 2662 τῶν
3398 2611 3699 2681 μαρτύρων
3766 2614 4014 2665 ἐποιεῖτο

2417 2700 2669 2767 γνώμης·
2710 2700 2864 2766 ἔλεγε
2900 2703 3009 2772 γάρ
3044 2703 3138 2766 ὡς,
3168 2706 3215 2755 εἰ
3251 2703 3349 2771 μὲν
3384 2704 3479 2756 καὶ
3506 2704 3705 2766 αὐτοὺς
3743 2707 4012 2775 συνερχο-

2418 2789 2610 2855 μένους
2648 2789 2724 2857 τῷ
2762 2791 2957 2859 πλήθει
2990 2793 3264 2860 καὶκοινῇ
3297 2794 3395 2854 τὰς
3427 2793 3620 2855 θυσίας
3660 2796 4011 2863 προσφέρου-

2416 2896 2509 2940 τας
2542 2880 2663 2942 ἴδοι,
2693 2880 2862 2950 ψευδῆ
2898 2882 3117 2942 πάντως
3154 2882 3189 2934 ἀ
3222 2880 3357 2950 πρὸς
3389 2884 3481 2935 τδν
3514 2884 3707 2935 Δέκιον
3739 2888 4009 2939 κατεῖπον

2414 2972 2593 3024 αὐτῶν
2627 2967 2794 3026 εἶναι·
2824 2975 2873 3026 εἰ
2902 2974 2957 3026 δὲ
2995 2976 3093 3044 μὴ,
3134 2974 3208 3043 μὴ
3246 2974 3429 3026 πίστιν
3480 2976 3676 3045 ἑτέραν
3708 2978 4008 3046 ἀναμένειν

2416 3064 2662 3133 μείζονα.

2337 3178 2381 3239 c
2486 3154 2559 3209 Γ.
2611 3156 2762 3208 Ἐπεὶ
2821 3152 2917 3211 οῦν
2968 3158 3170 3221 πάντες
3219 3160 3317 3227 μὲν
3370 3160 3773 3230 συνδραμόντες
3831 3154 4003 3230 ἦσαν,

2410 3248 2552 3300 ὥστε
2604 3248 2702 3311 τάς
2742 3248 2935 3311 θυσίας
2969 3250 3306 3311 ἐπιτελέσαι,
3372 3252 3509 3320 μόνη
3540 3252 3596 3304 δὲ
3645 3253 3677 3319 ἡ
3706 3250 4007 3320 θαυμαστὴ

2409 3339 2517 3390 τῶν
2547 3338 2841 3407 μαρτύρων
2876 3339 3185 3407 ἀπελείφθη
3234 3339 3366 3401 δυὰς
3401 3340 3663 3407 (ἵσταντο
3715 3340 3825 3409 γὰρ
3866 3339 3999 3405 ἔξω,

2410 3426 2484 3495 τῷ
2514 3424 2632 3495 Θεῷ
2666 3425 2764 3488 τάς
2790 3426 2981 3495 εὐχὰς,
3008 3426 3106 3496 τὴν
3138 3427 3317 3498 ἀληθῆ
3363 3426 3555 3481 θυσίαν
3605 3427 4004 3500 ἀποδιδόντες),

2412 3518 2910 3587 παραστησάμενος
2942 3519 3141 3582 αὐτοὺς
3175 3522 3421 3590 σχήματι
3489 3520 3857 3593 σοϐαρωτέρῳ
3897 3523 4001 3593 τὴν

2408 3616 2585 3667 αἰτίαν
2617 3614 2804 3685 ἠρώτα
2828 3618 2929 3685 τῆς
2959 3616 3189 3685 ἀπολείψ
3226 3635 3298 3680 ως
3320 3635 3332 3647 ·
3366 3612 3487 3669 εἶτα
3517 3619 3609 3670 καὶ
3643 3618 3960 3689 προσετίθει
3982 3634 3997 3649 ’

2410 3708 2536 3759 Ὀτι
2584 3710 2689 3761 κᾶν
2748 3707 2879 3777 γοῦν
2929 3707 3018 3760 ἐπ’
3048 3707 3208 3777 ὄψεσι
3240 3712 3363 3773 ταῖς
3395 3712 3559 3780 ἐμαῖς
3611 3711 3672 3763 τὸ
3708 3712 4004 3781 ὑστέρημα

2409 3797 2588 3861 καλῶς
2617 3799 3090 3871 ἀναπληρωθήτω,
3148 3800 3235 3853 ἵνα
3284 3804 3377 3854 καὶ
3408 3805 3520 3863 τοῖς
3556 3802 3889 3869 κατηγόροις
3920 3804 4004 3866 εἰς

2408 3889 2651 3955 κεφαλὰς
2668 3892 2695 3939 ὁ
2716 3890 2907 3955 φθόνος
2934 3893 3326 3960 μεταχωρήσῃ,
3352 3892 3445 3942 κα)⁵
3466 3893 3593 3960 ὑμῖν
3612 3890 4002 3963 λαμπρότερον

2408 3978 2534 4047 ῆτδ
2566 3979 2803 4048 πρόσθεν
2864 3980 2924 4031 τὸ
2979 3980 3137 4043 κλέος
3196 3982 3472 4052 ἀναφανῇ.
3537 3981 3682 4052 Πρὸς
3730 3981 3905 4035 ταῦτα
3947 3984 4000 4036 οἰ

2407 4070 2550 4137 ἅγιοι
2572 4071 2666 4123 καὶ
2703 4074 2872 4139 φόϐου
2902 4075 2995 4125 καὶ
3027 4077 3391 4143 περιφανείας
3428 4076 3610 4143 πάσης
3638 4075 3998 4146 ἀνθρωπίνης

2406 4157 2667 4228 ἀνώτεροι
2699 4163 2985 4227 γεγονότες
3006 4178 3021 4193 ο
3070 4163 3213 4215 Ἀλλ’
3244 4164 3498 4233 αἰσχύνη,
3534 4165 3778 4234 βασιλεῦ,
3815 4163 3997 4231 εἰπον,

2406 4247 2635 4321 αἰσχύνη
2671 4254 2867 4321 σαφὴς,
2901 4252 3026 4322 βοῦν
3057 4253 3201 4323 ἔχειν
3235 4256 3329 4309 καί
3360 4255 3502 4320 ὄνον,
3526 4257 3666 4309 κατά
3693 4255 3787 4309 τὸν
3818 4257 4001 4325 μέγαν

2416 4340 2647 4393 Ἡσαΐαν
2698 4344 2897 4408 εἰπεῖν,
2965 4346 3211 4414 μεγάλης
3291 4346 3691 4414 ἀγνωμοσύνης
3746 4345 3997 4414 ἔλεγχον,

2406 4429 2563 4497 εῐπερ
2582 4432 2766 4482 ἐκεῖνα
2794 4431 2894 4497 μὲν
2916 4430 3058 4498 ἔγνω
3080 4434 3170 4485 τὸν
3199 4435 3542 4504 κεκτημένον
3575 4436 3668 4487 καί
3690 4436 3995 4503 τρέφοντα,

2407 4517 2550 4587 ἡμᾶς
2589 4517 2644 4571 δὲ
2679 4518 2970 4589 φαίνεσθαι
3002 4522 3353 4590 ἀγνοοῦντας,
3383 4524 3503 4591 εῖγε
3537 4525 3629 4577 τὸν
3665 4525 3840 4595 ἀληθῆ
3895 4529 3997 4580 Δε-

2405 4607 2611 4677 σπότην
2668 4612 3087 4677 καταλιπόντες,
3142 4615 3523 4685 ψευδωνύμοις
3593 4617 3997 4687 προστιθῶμεν

2402 4698 2566 4761 θεοῖς.
2618 4701 2806 4755 Ταῦτα
2846 4697 3002 4755 εἷπον
3049 4706 3142 4756 καὶ
3179 4705 3297 4773 ἅμα
3333 4706 3470 4770 Θεὸς
3500 4709 3613 4770 τοῖς
3669 4710 3998 4779 εἰρημένοις

2400 4790 2799 4860 ἐπεψηφίζετο,
2835 4793 2930 4845 καί
2959 4794 3187 4864 σεισμοῦ
3219 4812 3270 4847 τι
3300 4795 3443 4865 μέγα
3473 4799 3663 4869 χρῆμα
3693 4798 3997 4868 ἐπενεχθεν

2398 4880 2479 4942 εἰς
2504 4882 2652 4933 κόνιν
2681 4882 2947 4938 ἑλέπτυνε
2976 4887 3044 4940 τὰ
3070 4886 3179 4939 τῶν
3226 4888 3484 4958 ἀφρόνων
3510 4889 3857 4958 σεϐάσματα,
3897 4892 3995 4941 καὶ

2400 4972 2467 5025 τά
2502 4972 2599 5041 μὲν
2626 4973 2806 5045 ἀψυχα
2823 4976 2998 5040 οὕτως
3029 4973 3139 5045 εἶχε
3179 4980 3274 5031 καὶ
3306 4978 3603 5032 διελέλυτο.

2456 5231 2526 5284 Δ’.
2547 5230 2827 5306 Οὐαλερίῳ
2844 5235 2899 5290 δέ
2914 5241 3108 5305 πάγιος
3128 5242 3343 5309 ἡκακία
3362 5243 3457 5295 καὶ
3476 5241 3811 5310 ἀμετάθετος
3831 5257 3843 5271 ο
3864 5242 3992 5298 δέον

2399 5320 2508 5388 γὰρ
2541 5322 2821 5391 θαυμάσαι
2849 5328 2948 5398 τὴν
2975 5330 3180 5397 ἄφατον
3213 5332 3304 5383 τοῦ
3336 5333 3473 5385 Θεοῦ
3504 5334 3737 5402 δύναμιν
3765 5336 3856 5385 καὶ
3884 5335 3992 5401 τῆς

2400 5412 2598 5479 πολλῆς
2619 5414 2728 5465 τῶν
2745 5418 2911 5470 αὑτοῦ
2933 5419 3070 5472 θεῶν
3098 5424 3385 5485 ἀσθενείας
3420 5425 3789 5491 καταγελάσαι
3822 5425 3989 5495 (ὅπερ

2400 5503 2466 5553 ἂν
2502 5504 2724 5575 εποίησε
2758 5511 2882 5561 νοῦν
2936 5512 3075 5581 ἔχων
3107 5516 3201 5566 καὶ
3238 5517 3437 5569 συνιὼν
3466 5519 3817 5587 ἀνθρωπος)·
3860 5519 3889 5570 ὁ
3924 5518 3987 5568 δὲ

2402 5592 2732 5667 θρασύτερος
2755 5600 3027 5655 ἐδείκνυτο
3053 5604 3254 5672 μᾶλλον
3280 5609 3369 5659 καὶ
3399 5608 3589 5677 αὐτὴν,
3617 5606 3691 5671 ώς
3724 5604 3858 5679 εἶχε,
3882 5607 3988 5675 τὴν
