4212 6440
215 437 326 501 109

1256 424 1435 485 VlTA
1478 422 1538 480 S.
1583 419 1802 478 CARPI
1853 418 1946 475 ΕΤ
1985 415 2395 476 SOClORUM.

3341 409 3441 472 ιιο

213 546 420 618 μανίαν
462 542 720 610 ὲγύμνου.
765 537 904 592 Ἀλλ’
929 537 1049 590 ἐπεὶ
1089 535 1152 588 τὸ
1193 534 1410 600 εὐγενὲς
1440 532 1534 582 καὶ
1559 532 1781 599 κόσμιον

1828 535 1854 585 λ
1887 529 1967 596 gis
2008 529 2346 589 temerarius,
2373 535 2426 578 et
2483 539 2633 576 suam
2673 523 2826 588 plane
2883 520 3118 573 ostendit
3158 520 3443 574 insaniam.

207 637 326 690 τῶν
356 634 565 702 ἀνδρῶν
619 631 955 700 αἰδούμενος,
1016 627 1321 696 βαρυτέρας
1356 626 1496 684 τέως
1526 621 1784 689 ἀπείχετο

210 727 520 796 τ,ιμωρίας⁶
553 725 765 777 κελεύει
799 722 996 781 κλοιοῖς
1037 718 1274 786 σιδηροῖς
1303 714 1784 784 περιαυχενισθέν-

211 835 317 880 τας
371 819 609 886 γυμνοὺς
659 816 759 868 ἀνά
818 814 990 882 μέσην
1027 812 1122 882 τὴν
1146 811 1351 878 ἀγορὰν
1393 808 1781 877 περιάγεσθαι’

211 910 415 978 ἦγοντο
432 909 610 960 τοίνυν
648 909 695 958 ot
735 905 963 972 ἀθληταὶ
986 902 1185 970 γυμνοὶ
1215 900 1580 970 περιαυχενίῳ
1604 897 1786 964 δεσμῷ

215 1000 601 1070 βαρυνόμενοι,
653 999 746 1051 καὶ
797 997 1097 1066 περιῄεσαν
1139 995 1350 1062 ἀτίμως
1379 993 1475 1061 τὴν
1509 993 1714 1060 ἀγορὰν
1738 995 1785 1044 οί

214 1090 437 1158 ἀληθῶς
491 1090 682 1157 τίμιοι,
743 1086 1122 1156 μυκτηρισμὸς
1175 1091 1266 1136 καὶ
1299 1085 1470 1150 γέλως
1499 1084 1546 1134 οί
1583 1083 1788 1153 μυρίων

213 1179 372 1241 ϐντες
398 1180 635 1232 ἐπαίνων
658 1178 819 1242 ἄξιοι.
851 1179 908 1231 '0
931 1177 1189 1244 δικαστὴς
1212 1175 1303 1230 οὖν
1343 1176 1440 1242 τὴν
1469 1176 1661 1242 ἄτιμον
1691 1192 1788 1227 πε-

218 1272 500 1341 ριαγωγὴν
524 1271 728 1342 ταύτην
757 1273 1023 1341 αἰσχύνην
1046 1272 1331 1324 ὑπολαϐὼν
1354 1273 1651 1341 ἐμποιῆσαι
1676 1275 1790 1335 τοῖς

215 1363 398 1431 ἁγίοις
415 1368 508 1416 καὶ
531 1363 674 1417 οὕτω
698 1365 1117 1433 μαλακωτέρους
1151 1364 1345 1426 αὐτοὺς
1372 1363 1791 1432 παρασκευάσαι

217 1455 351 1524 περὶ
370 1454 467 1523 τὴν
493 1455 764 1519 ἔνστασιν,
785 1456 1155 1524 άπαλωτέροις
1177 1456 1360 1525 ἔκρινε
1387 1456 1567 1521 λόγοις
1599 1454 1795 1516 αὐτοὺς

218 1544 476 1596 ὑπελθεῖν
511 1545 798 1616 καὶταύτῃ
826 1545 1023 1614 κλέψαι
1051 1547 1147 1614 τῆς
1200 1547 1574 1616 προαιρέσεως
1613 1545 1795 1597 αὑτῶν

217 1638 319 1705 τὴν
348 1637 652 1702 εὐγένειαν,
687 1640 815 1691 καίο
852 1641 914 1690 El.
947 1639 1047 1707 μὲν
1080 1639 1264 1706 ἑώρων
1298 1638 1464 1706 ὑμᾶς,
1520 1636 1675 1705 φησι,
1722 1635 1797 1704 μὴ

215 1730 573 1798 φρονήματος
628 1731 816 1796 ὑγιοῦς
871 1733 1015 1797 σαφῆ
1092 1729 1451 1796 γνωρίσματα
1513 1729 1795 1795 φέροντας,

216 1819 543 1886 ἀπεσχόμην
567 1820 632 1870 ἂν
658 1819 756 1886 τῆς
786 1819 921 1885 πρὸς
945 1819 1089 1885 ὑμᾶς
1109 1817 1418 1884 συμϐουλῆς
1439 1831 1451 1843 ·
1487 1817 1662 1879 ιἔξεστι
1685 1816 1792 1884 γὰρ

218 1910 314 1959 καὶ
354 1908 439 1959 διὰ
469 1908 718 1978 βασάνων
749 1911 893 1978 ὑμᾶς
916 1910 1075 1973 ἑλεῖν,
1109 1910 1156 1960 εί
1189 1910 1543 1977 θελήσαιμεν,
1577 1909 1670 1960 καὶ
1695 1908 1794 1976 τὴν

219 1999 497 2068 ἡμετέραν
516 1999 771 2065 ἄκοντας,
814 2003 903 2052 καὶ
937 2002 1011 2069 μὴ
1062 2001 1415 2070 βουλομένους
1445 1998 1794 2068 μεταδιδάξαι

216 2091 556 2158 θρησκείαν·
591 2094 712 2142 ἐπεὶ
736 2093 790 2142 δὲ
824 2095 918 2142 καὶ
949 2092 1068 2158 ὄψις
1103 2092 1252 2158 καὶὴ
1300 2091 1408 2140 τῶν
1458 2088 1604 2157 ὴθῶν
1639 2090 1794 2140 εὑκο-

220 2182 358 2251 σμία
389 2184 488 2251 τὴν
515 2184 609 2250 τῆς
648 2183 872 2251 γνώμης
903 2183 1217 2251 ἐλευθερίαν
1246 2181 1485 2249 δηλοῦσι,
1539 2179 1797 2249 πείθομαι

220 2272 530 2343 σύμϐουλος
565 2274 765 2342 ἀγαθὸς
791 2275 921 2343 ὑμῖν
953 2273 1288 2342 καταστῆναι
1311 2291 1323 2303 ’
1355 2274 1475 2323 οὑδὲ
1511 2272 1618 2341 γὰρ
1645 2267 1798 2340 οἶμαι

216 2366 598 2419 διαλανθάνειν
634 2368 800 2435 ὑμᾶς,
849 2366 924 2428 ὡς
955 2368 1018 2418 ἐκ
1053 2365 1266 2435 μακροῦ
1323 2365 1415 2416 τοῦ
1445 2365 1638 2432 χρόνου
1667 2363 1798 2429 τάγε

219 2461 324 2529 τῆς
350 2462 482 2529 πρὸς
515 2462 639 2524 τοὺς
673 2461 979 2523 ἀθανάτους
1032 2461 1191 2521 θεοὺς
1225 2457 1509 2528 ἀρξάμενα
1539 2457 1696 2523 δόξης
1741 2473 1799 2508 τε

225 2557 322 2606 καὶ
345 2554 512 2622 τιμῆς
532 2554 623 2606 καὶ
653 2555 733 2616 εἰς
765 2554 925 2623 δεῦρο
967 2555 1059 2604 καὶ
1091 2551 1169 2603 ἔτι
1212 2552 1385 2618 μένει,
1418 2549 1478 2598 οὑ
1516 2549 1646 2617 παρ’
1673 2551 1803 2616 ἡμῖν

222 2661 287 2713 γε
329 2646 513 2711 μόνοις
544 2646 658 2706 τοῖς
700 2645 796 2712 τὴν
841 2643 1070 2695 Ἐλλάδα
1109 2640 1364 2708 γλῶσσαν
1413 2639 1631 2703 εἰδόσιν,
1669 2639 1803 2693 ἀλλὰ

225 2737 470 2796 καὶτοῖς
534 2735 840 2804 Βαρϐάροις
880 2734 1094 2795 αὑτοῖς·
1139 2731 1346 2796 ἔξεστιν
1405 2727 1496 2782 οὖν
1527 2729 1592 2781 δι’
1638 2730 1806 2796 αὑτῆς

223 2826 360 2896 ὁρᾷν
390 2827 574 2886 πόλεις
615 2824 874 2892 εὐνομίαν
906 2822 1173 2888 ἀγούσας,
1206 2819 1483 2882 πολεμίων
1511 2819 1684 2887 ὀφρῦν
1715 2818 1806 2868 πί-

227 2933 475 2968 πτουσαν
515 2916 609 2969 καὶ
633 2916 859 2984 εἰρήνην
893 2913 1250 2982 ἱθυνομένηνο
1300 2912 1332 2980 ἢ
1379 2909 1540 2961 πόθεν
1571 2909 1806 2977 βασιλεῖς

228 3007 330 3057 καὶ
367 3005 623 3058 δυνάσται
657 3005 840 3057 πολλοὶ
869 3005 967 3073 μὲν
998 3004 1094 3054 καὶ
1125 3003 1416 3072 πρότερον,
1441 2998 1725 3067 Ῥωμαίων
1753 2997 1809 3050 δὲ

231 3095 329 3146 νῦν
353 3098 430 3155 είς
461 3095 711 3146 τοσοῦτον
733 3095 890 3161 δόξης
917 3096 1206 3162 προῆλθον,
1233 3095 1307 3153 ὼς
1331 3089 1809 3158 καταστρέψασθαι

1888 620 1993 671 Sed
2026 635 2144 670 cum
2169 618 2405 669 virorum
2457 614 2785 667 nobilitatem
2820 621 2873 665 et
2897 613 3213 664 modestiam
3249 614 3451 665 reveri-

1889 720 1995 773 tus,
2049 721 2175 760 tunc
2218 722 2246 758 a
2290 706 2534 773 graviore
2589 704 2829 757 cruciatu
2892 702 3259 764 absunuisset,
3300 704 3450 770 jubet

1885 813 2000 859 eos,
2072 798 2263 851 ferreis
2307 795 2592 849 collaribus
2632 795 2786 848 collis
2817 810 3000 846 eorum
3036 794 3320 858 impositis,
3356 809 3450 860 per

1891 890 2124 943 medium
2164 888 2337 941 lorum
2394 887 2564 939 nudos
2616 886 2932 953 circumagi.
2970 883 3104 937 Nudi
3139 885 3318 951 itaque
3352 888 3450 938 du-

1889 981 2151 1033 cebantur
2197 977 2433 1040 athletae,
2477 977 2596 1030 colli
2647 976 2857 1027 vinculo
2912 978 3115 1043 gravati
3148 992 3160 1028 :
3193 985 3246 1029 et
3276 974 3448 1028 forum

1891 1075 2110 1125 obibant
2141 1086 2259 1123 cum
2292 1069 2532 1134 infantia,
2561 1069 2648 1135 qui
2678 1083 2801 1120 vere
2837 1078 2989 1119 erant
3017 1066 3223 1119 honesti
3256 1085 3268 1118 :
3311 1068 3453 1121 irrisi

1891 1176 1944 1217 et
1977 1163 2209 1216 ludibrio
2251 1161 2440 1221 habiti,
2473 1161 2561 1227 qui
2610 1158 3089 1211 innumerabilibus
3125 1158 3267 1224 digni
3297 1160 3458 1210 erant

1892 1253 2156 1307 laudibus.
2182 1251 2350 1306 Judex
2379 1266 2526 1319 ergo,
2555 1250 2643 1317 qtti
2704 1259 2912 1314 turpem
2947 1247 3083 1299 hanc
3115 1259 3167 1301 et
3199 1247 3452 1301 infament

1895 1344 2289 1397 traductionem
2319 1343 2539 1409 putabat
2570 1349 2789 1393 sanctos
2823 1337 3136 1391 aﬂ'ecturam
3172 1340 3455 1402 dedecore,

1895 1447 1950 1491 et
1979 1437 2056 1491 sic
2088 1451 2273 1490 eorum
2307 1434 2665 1488 constantiam
2691 1446 2812 1485 esse
2857 1429 3237 1492 emollitnram,
3275 1432 3461 1484 statuit

1899 1526 2152 1581 mollibus
2181 1540 2274 1579 eos
2301 1527 2476 1578 verbis
2500 1524 2736 1591 aggredi,
2763 1534 2815 1575 et
2847 1522 2926 1575 sic
2973 1522 3253 1576 cuniculos
3306 1538 3462 1592 agere

1900 1615 1951 1668 in
1989 1628 2306 1683 generosum
2352 1629 2536 1664 eorum
2595 1611 2948 1679 propositum,
3002 1620 3057 1664 et
3088 1629 3101 1664 :
3133 1611 3187 1664 Si
3223 1626 3315 1664 vos
3345 1614 3463 1680 qni-

1898 1709 2039 1770 dem,
2080 1705 2274 1772 inquit,
2309 1704 2543 1756 viderem
2581 1719 2683 1754 non
2721 1701 2862 1754 terre
2905 1710 3088 1770 aperta
3151 1701 3345 1754 iudicia
3374 1717 3465 1769 ge-

1902 1797 2076 1850 nerosi
2106 1796 2349 1863 spiritus,
2381 1808 2715 1863 nequaquam
2752 1793 2900 1846 vobis
2942 1794 3124 1846 darem
3157 1793 3462 1847 consilium.

1828 1873 1865 1925 Β
1897 1886 2048 1941 Licet
2071 1887 2235 1947 enim,
2275 1885 2318 1938 si
2351 1884 2528 1948 velim,
2566 1899 2658 1938 vos
2703 1899 2796 1950 per
2841 1892 3105 1936 tormenta
3137 1897 3466 1950 “pugnare,

1900 1978 2197 2044 invitosqne
2215 1987 2267 2028 et
2291 1977 2531 2028 nolentes
2545 1976 2608 2027 ad
2638 1985 2874 2028 nostrain
2899 1986 3213 2028 convertere
3246 1975 3464 2044 religio-

1901 2085 2042 2122 nem.
2079 2067 2182 2121 Sed
2215 2081 2336 2120 cmn
2355 2068 2623 2128 ctvullus,
2650 2077 2701 2120 et
2736 2082 2941 2119 morum
2980 2067 3276 2121 moderatio
3304 2067 3470 2136 signi-

1902 2160 2061 2211 ﬁcent
2090 2160 2252 2212 vestri
2283 2159 2449 2211 animi
2483 2159 2808 2223 libertatem,
2836 2159 2996 2211 statui
3035 2157 3180 2226 fotigi
3202 2162 3339 2226 apud
3373 2175 3469 2214 vos

1899 2248 2076 2303 ollicio
2100 2249 2224 2303 boni
2264 2250 2580 2303 consiliarii.
2614 2247 2798 2318 Neque
2828 2249 2969 2302 enim
3014 2249 3252 2302 arbitror
3277 2265 3369 2303 vos
3391 2250 3470 2302 la-

1905 2351 2038 2404 tere,
2065 2342 2208 2410 quod
2239 2341 2396 2410 longo
2438 2342 2503 2394 ab
2533 2343 2656 2395 hinc
2695 2353 2933 2409 tempore
2954 2343 3184 2410 incepta,
3221 2359 3336 2412 qua:
3368 2343 3471 2396 diis

1905 2434 2299 2487 immortalibus
2363 2433 2667 2497 exhibetur,
2723 2434 2891 2501 gloria
2933 2443 2987 2486 et
3039 2434 3232 2495 honor,
3292 2444 3472 2487 manet

1905 2541 2076 2594 usque
2106 2525 2158 2578 in
2202 2525 2517 2580 hodiernttm
2548 2525 2709 2590 diem,
2741 2539 2846 2577 non
2878 2525 3015 2592 apud
3056 2539 3157 2577 nos
3190 2526 3353 2589 solos,
3380 2526 3470 2593 qui

1909 2615 2149 2669 Grecam
2211 2617 2443 2680 linguam
2515 2621 2784 2677 novimus,
2835 2617 2928 2668 Sed
2971 2616 3131 2669 etiam
3158 2616 3296 2680 apud
3330 2617 3476 2682 ipsos

1909 2706 2196 2761 Barbaros.
2237 2705 2339 2760 Per
2372 2708 2509 2760 hanc
2542 2722 2669 2775 ergo
2700 2707 3008 2772 religionem
3036 2708 3215 2759 videre
3245 2707 3368 2759 licet
3393 2709 3474 2759 ci-

1911 2799 2108 2852 vitales
2138 2798 2290 2851 bonis
2348 2798 2458 2866 regi
2498 2797 2724 2865 legibus,
2765 2796 2995 2848 hostium
3028 2795 3252 2864 deprimi
3285 2811 3476 2864 super-

1911 2889 2117 2951 cilium,
2162 2903 2455 2957 pacemque
2501 2892 2701 2956 vigere.
2742 2884 3023 2941 Undenatn
3080 2899 3258 2940 autem
3323 2903 3479 2954 reges

1910 2993 1962 3032 et
1993 2983 2285 3049 principes,
2320 2983 2469 3034 multi
2505 2983 2716 3049 quidem
2753 2982 2914 3034 etiam
2939 2982 3112 3048 prius,
3133 2997 3272 3035 nunc
3294 2991 3472 3034 autem

1916 3071 2301 3136 Romanorum,
2363 3073 2427 3124 ad
2508 3083 2708 3123 tantam
2772 3073 2996 3139 gloriam
3061 3087 3372 3139 pervenere,
3420 3082 3477 3125 ut

233 3183 336 3253 μὲν
366 3182 518 3250 ἔθνη,
580 3181 1064 3251 καταστρέψασθαι
1103 3182 1160 3233 δὲ
1197 3181 1402 3243 πόλεις,
1461 3181 1804 3249 ὑποχειρῖους

1839 3198 1880 3252 C
1916 3172 2101 3235 gentes
2127 3166 2338 3233 quidem
2396 3173 2450 3218 et
2508 3164 2754 3217 civitates
2797 3171 3124 3223 everterent,
3161 3162 3213 3214 itt
3248 3169 3480 3228 potesta-

228 3271 291 3324 δὲ
327 3271 662 3341 ποιήσασθαι
689 3274 796 3324 πᾶν
830 3272 892 3324 τὸ
911 3271 1206 3326 ἀντίπαλον
1233 3286 1250 3336 ς
1292 3270 1352 3321 Et
1379 3269 1556 3322 τοίνυν
1583 3268 1811 3337 ἀμαθῶν

229 3363 414 3431 λόγοις
471 3366 609 3434 πρὸς
665 3365 762 3432 τὴν
790 3365 985 3432 ἄλογον
1029 3362 1235 3434 ταύτην
1269 3363 1362 3415 καὶ
1405 3362 1675 3432 ἁρτιφανῆ
1705 3361 1812 3411 τῶν

232 3456 581 3524 Χριστιανῶν
624 3457 782 3520 δόξαν
833 3456 1162 3525 ὑπήχθητε,
1225 3456 1286 3508 οὑ
1340 3455 1667 3522 μέμφομαι·
1719 3453 1812 3518 τῆς

236 3548 542 3611 ἁπλότητος
596 3547 706 3615 γὰρ
757 3541 897 3600 εἶναι
953 3547 1109 3599 τοῦτό
1162 3563 1304 3614 ῳημι
1348 3561 1362 3574 ο
1402 3545 1559 3610 ὑμεῖς
1610 3542 1663 3593 δὲ
1697 3542 1812 3594 ἁ>λ’

237 3639 601 3699 ἀναλαϐόντες
633 3640 855 3699 ἑαυτοὺς
891 3638 1155 3704 μετάθετε
1193 3637 1329 3703 πρὸς
1375 3635 1436 3686 τὸ
1470 3634 1698 3702 βέλτιον,
1738 3635 1811 3692 ὡς

236 3731 305 3784 ἂν
334 3731 388 3783 οῖ
415 3746 474 3782 τε
513 3729 624 3781 θεοὶ
649 3729 777 3796 ὑμῖν
807 3729 936 3796 ἵλεῳ
968 3729 1258 3794 γένωνται,
1287 3729 1553 3778 πλειόνων
1593 3742 1648 3775 τε
1681 3727 1813 3775 ἁπο-

234 3821 475 3891 λαύσητε
502 3823 609 3875 τῶν
638 3820 768 3891 παρ’
803 3822 934 3891 ἡμῖν
967 3818 1189 3885 ἀγαθῶν
1213 3818 1306 3869 καὶ
1330 3817 1388 3868 τὸ
1416 3815 1509 3869 τοῦ
1551 3815 1811 3884 βασιλέως

235 3913 383 3966 οὔτω
410 3913 692 3982 φιλότιμον
729 3912 859 3982 περὶ
881 3911 983 3974 τὰς
1016 3909 1264 3971 εὐποιίας
1308 3908 1614 3978 κερδήσητε
1639 3924 1651 3937 ’
1685 3908 1732 3960 εί
1756 3907 1812 3958 δὲ

235 4003 354 4063 τοῖς
379 4003 666 4070 προτέροις
698 4003 860 4069 μέχρι
900 3999 1104 4060 παντὸς
1139 3999 1485 4064 ὲπιμείνητε,
1513 3999 1579 4047 τὰ
1611 3996 1811 4047 ταύταν

236 4094 460 4146 ἀναντία
482 4093 608 4160 ὑμῖν
627 4092 987 4159 συμϐήσεται,
1013 4090 1148 4142 ἀλλὰ
1182 4089 1273 4140 καὶ
1298 4087 1452 4157 ἡμῶν
1477 4086 1805 4156 αὐστηροτά-

243 4201 358 4254 ρων
395 4185 564 4253 (ὅπερ
594 4180 937 4250 ἀπεύχομαι)
971 4181 1143 4250 πολλὴ
1177 4182 1388 4249 ἀνάγκη
1420 4181 1633 4239 πάντως
1668 4179 1812 4247 ὑμᾶς

240 4274 598 4345 πειραθῆναι.

314 4368 392 4419 E'.
429 4367 614 4419 Ταῦτα
667 4366 853 4435 ἐπειδὴ
904 4365 954 4418 οἱ
1007 4364 1283 4433 μάρτυρες
1315 4361 1576 4430 ἥκουσαν,
1609 4358 1677 4411 τε
1707 4359 1809 4426 δμ-

242 4473 390 4524 ματα
421 4457 500 4516 εἰς
525 4458 786 4524 οὐρανοὺς
817 4455 1141 4524 ἀνασχόντες
1172 4453 1264 4506 καὶ
1294 4452 1446 4510 ὅλους
1490 4450 1716 4511 ἑαυτοὺς
1743 4451 1809 4518 τῇ

1916 3269 2019 3309 tem
2053 3268 2230 3308 autem
2265 3268 2451 3308 omnes
2487 3256 2788 3322 rcdigerent
2839 3254 3219 3308 adversarios?
3257 3254 3311 3307 Si
3348 3269 3478 3322 ergo

1916 3346 2251 3399 indoctorum
2284 3344 2627 3398 sermonibus
2657 3345 2860 3397 indueti
2912 3345 3043 3397 chs
3073 3344 3135 3397 ad
3166 3346 3303 3397 hanc
3326 3359 3354 3395 a
3391 3359 3479 3397 ra-

1916 3439 2061 3488 tione
2092 3437 2347 3499 alienam,
2386 3445 2438 3488 et
2477 3450 2598 3503 qua:
2649 3448 2817 3502 nuper
2839 3433 3110 3503 apparuit,
3142 3433 3478 3490 Christiano-

1921 3543 2034 3581 rum
2058 3527 2390 3594 Opinionem,
2421 3540 2522 3578 non
2549 3524 2698 3578 valde
2749 3524 3103 3592 reprehendo.
3141 3524 3249 3578 Hoc
3271 3534 3476 3577 tantum

1918 3621 2038 3673 dico
2072 3634 2189 3671 esse
2226 3617 2608 3685 simplicitatis.
2641 3619 2707 3669 At
2759 3632 2852 3670 vos
2899 3633 3034 3670 nunc
3081 3615 3290 3671 tandem
3348 3617 3482 3669 resi-

1915 3710 2202 3775 piscentes,
2243 3719 2295 3760 et
2332 3712 2395 3759 ad
2429 3723 2518 3759 vos
2552 3711 2858 3769 redeuntes,
2893 3707 3269 3763 convertimini
3303 3708 3368 3760 ad
3402 3707 3476 3769 id.

1915 3798 2053 3864 quod
2086 3806 2168 3850 est
2197 3795 2407 3859 melius,
2434 3806 2565 3850 utet
2602 3794 2671 3848 dii
2698 3796 2806 3849 sint
2833 3797 2996 3850 vobis‘
3017 3797 3254 3865 propitii,
3281 3805 3335 3849 et
3366 3796 3481 3862 pln-

1917 3890 2066 3944 ribus
2121 3889 2296 3952 bonis,
2329 3904 2450 3958 quae
2486 3897 2608 3942 sunt
2637 3888 2778 3957 apud
2815 3902 2931 3951 nos,
2967 3886 3243 3950 fruamini,
3279 3896 3332 3940 et
3380 3887 3479 3940 im-

1915 3979 2181 4044 peratoris
2228 3979 2278 4030 in
2328 3977 2711 4029 benefaciendo
2769 3976 3189 4030 muniﬁcentiam
3219 3977 3296 4032 sic
3327 3979 3480 4031 vobis

1914 4069 2231 4123 concilictis.
2268 4066 2360 4122 Sin
2386 4079 2563 4122 autem
2588 4069 2642 4121 in
2671 4067 2941 4137 prioribus
2982 4069 3202 4122 omnino
3225 4069 3480 4139 perstite-

1916 4161 2053 4222 ritis,
2071 4174 2097 4214 a
2120 4171 2194 4214 t0t
2215 4161 2366 4213 bonis
2386 4161 2646 4214 excidctis
2679 4160 2805 4214 :sed
2823 4169 2875 4213 et
2893 4174 2991 4214 nos
3003 4174 3215 4228 quoque
3236 4161 3481 4230 asperio-

1915 4267 2000 4305 res
2020 4251 2183 4321 (quod
2213 4253 2376 4318 absit}
2401 4252 2551 4303 vobis
2579 4264 2800 4302 necesse
2852 4251 2958 4301 erit
2979 4251 3199 4302 omnino
3222 4252 3477 4318 experiri.

1983 4343 2047 4399 ν.
2086 4343 2208 4399 Haec
2245 4354 2523 4413 postquam
2556 4343 2874 4396 audiverunt
2899 4352 3182 4413 martyres,
3225 4340 3396 4395 oculis
3427 4343 3478 4396 in

1920 4439 2110 4492 rmlum
2129 4438 2374 4504 sublatis,
2389 4453 2506 4490 cum
2527 4453 2581 4490 se
2593 4435 2792 4488 Christi
2810 4435 3083 4504 signaculo
3102 4435 3476 4488 nmniisssent:

239 4545 335 4598 τοῦ
402 4546 633 4615 σταυροῦ
706 4547 964 4616 σφραγῖδι
1016 4543 1493 4613 σημειωσάμενοιο
1561 4542 1804 4601 Ἔοικας1

1840 4535 1888 4593 D
1917 4529 2150 4591 Videris,
2175 4529 2450 4591 dixerunt,
2477 4542 2594 4591 nos,
2618 4537 2865 4592 tanquam
2894 4525 3104 4589 aliquos
3127 4525 3481 4590 simpliciores

239 4634 419 4701 εἷπον,
450 4634 636 4705 ὥσπερ
668 4635 820 4697 τινάς
875 4637 985 4687 τῶν
1040 4631 1439 4701 ἀφελεστὲρων,
1489 4630 1621 4699 μηδὲ
1674 4631 1807 4699 βρα-

237 4728 398 4790 δέως,
436 4727 547 4779 ἀλλ’
579 4726 816 4789 εὐκόλως
845 4723 990 4778 οὓτω
1017 4723 1226 4776 πείσειν
1258 4723 1402 4792 ἡμᾶς
1431 4719 1682 4789 οίηθῆναι
1714 4733 1808 4784 με·

238 4836 307 4869 τα
318 4817 507 4888 μαθεῖν
529 4819 628 4886 τὴν
647 4817 930 4871 εὐσέϐειαν
951 4832 964 4846 ο
990 4815 1105 4868 ἀλλ’
1127 4813 1227 4865 οὑκ
1246 4813 1502 4881 ἀνδράσιν
1523 4809 1807 4876 ἀγεννέσιν

241 4909 354 4962 ῐσθι
409 4908 738 4979 περιτυχὼν,
794 4909 854 4960 οὐ
920 4907 996 4976 μὰ
1045 4908 1136 4958 τὸν
1188 4905 1327 4972 ὑπὲρ
1359 4902 1593 4973 Χρίστοῦ
1622 4901 1810 4952 τοῦτον

241 5001 432 5068 ἀγῶνα
470 5002 562 5054 καὶ
595 5003 693 5071 τὴν
730 5001 1010 5068 ἡμετέραν
1033 4999 1095 5050 ὲκ
1139 4996 1346 5049 παίδων
1379 4996 1503 5064 περὶ
1530 4994 1627 5060 τὴν
1658 4993 1810 5045 εὑσέ-

241 5093 399 5144 ϐειαν
433 5090 668 5161 ἄσκησιν
695 5106 709 5121 ⁸
759 5091 881 5143 οὑδὶ
914 5089 1022 5160 γὰρ
1049 5091 1102 5143 εἰ·
1132 5107 1184 5142 τι
1228 5089 1472 5158 ἀρχαῖον,
1513 5084 1673 5136 τοῦτο
1717 5085 1810 5136 καὶ

241 5181 410 5251 τιμῆς
435 5180 584 5244 ἄξιον
605 5195 619 5208 ·
664 5182 853 5251 ἐπειδὴ
880 5181 1084 5235 παλαιὰ
1121 5180 1220 5248 μὲν
1266 5179 1482 5237 πάντως
1512 5175 1608 5228 καὶ
1653 5175 1685 5242 ἡ
1712 5191 1810 5224 κα-

242 5273 374 5323 κία·
410 5272 522 5323 ἀλλ’
571 5271 690 5339 οὐχὶ
749 5273 842 5323 καὶ
878 5271 1145 5340 τιμᾶσθαι
1185 5269 1271 5321 διὰ
1311 5270 1400 5320 τὸν
1430 5269 1622 5337 χρόνον
1665 5265 1807 5329 ἀξία.

246 5363 324 5416 οὑ
347 5365 526 5415 τοίνυν
557 5366 607 5415 εἰ
638 5364 840 5434 σρχαία
885 5363 966 5413 δεῖ
994 5364 1214 5416 σκοπεῖν
1261 5363 1293 5430 ἡ
1331 5360 1597 5430 θρησκεία
1632 5358 1808 5428 ὑμῶν,

241 5455 362 5508 ἀλλ’
383 5456 513 5506 αὑτὸ
537 5455 717 5519 τοῦτο,
748 5457 795 5508 εί
838 5454 955 5506 δέον
1003 5455 1170 5523 αὑτὴν
1196 5452 1535 5524 προσίεσθαι,
1581 5452 1646 5520 ἣν
1674 5467 1811 5518 συμ-

241 5545 640 5614 ϐουλεύσαιμεν
666 5548 730 5598 ἂν
764 5548 923 5617 ἡμεῖς
947 5545 1220 5599 ἐκκλίνειν
1256 5545 1428 5614 ὁπόση
1459 5545 1685 5611 δύναμις
1717 5543 1810 5596 καὶ

242 5640 311 5690 ἐκ
339 5635 436 5690 τοῦ
485 5638 652 5707 μέσου
702 5641 900 5704 ποιεῖν,
933 5637 1074 5691 οὑτω
1120 5636 1357 5707 φρικτὴν
1392 5635 1558 5702 πυρὸς
1583 5618 1810 5700 γέενναν

239 5731 355 5790 τοῖς
395 5729 685 5796 ἀγαπῶσιν
737 5731 908 5800 αὑτὴν
955 5727 1411 5800 θησαυρίζουσαν.
1450 5726 1622 5787 ”Ο)ως
1648 5726 1723 5790 δὲ,
1762 5727 1809 5776 εἰ

241 5823 354 5892 χρὴ
387 5822 506 5895 μετ’
533 5821 817 5894 ἀκριϐείας
849 5823 1153 5894 προσέχειν,
1193 5820 1444 5890 εὑρήσεις
1468 5822 1685 5882 πάντως
1717 5819 1809 5871 καὶ

1918 4637 2021 4671 non
2050 4623 2220 4683 tarde,
2247 4621 2337 4672 sed
2361 4620 2512 4672 facile
2543 4629 2728 4686 putare
2748 4630 2908 4686 posse
2934 4627 3248 4668 convertere
3279 4615 3343 4666 ad
3375 4617 3481 4667 dis-

1914 4713 2136 4764 ccndam
2172 4711 2516 4780 impietatem.
2546 4710 2648 4762 Sed
2681 4709 2821 4764 scias
2846 4719 2897 4760 te
2926 4721 3029 4760 non
3050 4705 3302 4759 incidisse
3329 4706 3378 4758 in
3406 4706 3482 4760 vi-

1920 4819 2005 4857 ros
2033 4803 2206 4874 pusilli
2237 4813 2290 4856 et
2312 4802 2502 4869 abjecti
2529 4802 2689 4855 animi
2719 4819 2732 4855 :
2761 4817 2895 4864 non,
2921 4815 3014 4868 per
3046 4799 3166 4860 hoc,
3199 4798 3339 4865 quod
3387 4814 3482 4866 pro

1917 4896 2133 4948 Christo
2175 4893 2772 4960 suscipiturcertamen,
2808 4899 2860 4943 et
2893 4899 3129 4942 nostrain
3165 4890 3229 4940 ab
3266 4889 3480 4939 ineunte

1917 4999 2076 5043 :etate
2135 4987 2183 5040 in
2219 4987 2414 5055 pietate
2452 4982 2922 5039 exercitationem.
2955 4979 3071 5034 Non
3091 4981 3232 5034 enim
3261 4988 3476 5047 preptcr

1923 5080 2177 5149 temporis
2200 5078 2594 5146 antiquitatem,
2632 5076 2832 5127 honore
2856 5072 3070 5140 dignam
3105 5068 3331 5123 dixerim
3358 5082 3476 5119 ves-

1919 5185 2054 5230 tram
2073 5171 2407 5241 religionem.
2422 5166 2536 5221 Non
2557 5165 2697 5220 enim
2713 5165 2754 5217 si
2775 5164 2898 5230 quid
2914 5171 2996 5214 est
3012 5161 3288 5227 antiquum
3303 5168 3408 5218 est,
3427 5158 3478 5210 id

1919 5269 2080 5324 etiam
2113 5267 2313 5319 honore
2342 5261 2561 5328 dignum
2587 5275 2600 5310 :
2623 5254 3048 5324 quandoquidem
3087 5263 3239 5304 vetns
3261 5251 3474 5320 quidem

1921 5370 2002 5414 est
2023 5357 2239 5410 omnino
2271 5351 2431 5405 etiam
2454 5349 2661 5409 vitium,
2688 5349 2778 5400 sed
2801 5361 2903 5397 non
2927 5342 3087 5395 etiam
3110 5352 3326 5410 propter
3345 5353 3478 5392 teni-

1923 5466 2020 5520 pus
2043 5449 2262 5517 dignum
2294 5454 2375 5496 est
2403 5441 2543 5508 quod
2573 5441 2883 5490 honoretur.
2916 5432 3030 5486 Non
3063 5441 3146 5484 est
3179 5447 3304 5496 ergo
3349 5444 3479 5481 con-

1923 5540 2292 5600 siderandnm,
2325 5551 2387 5584 an
2428 5532 2647 5596 antiqua
2682 5529 2750 5580 sit
2780 5538 2954 5579 vestra
2998 5524 3184 5591 religio
3219 5538 3232 5575 :
3263 5522 3478 5575 sedhoc

1923 5633 2115 5700 ipsum,
2141 5643 2206 5681 an
2234 5642 2351 5680 eam
2384 5631 2626 5692 oporteat
2673 5620 2973 5681 admittere,
3019 5631 3176 5685 quam
3222 5630 3318 5666 nos
3368 5613 3482 5680 qui-

1922 5726 2038 5776 dem
2063 5718 2490 5774 consuluerimus
2528 5713 2820 5770 declinare,
2847 5720 2898 5761 et
2942 5712 3005 5762 de
3061 5707 3232 5760 medio
3296 5704 3481 5755 tollere

1922 5832 2016 5884 pro
2070 5814 2291 5879 viribus,
2353 5821 2473 5880 qua:
2533 5816 2638 5859 tam
2683 5802 2986 5858 horribilem
3024 5801 3157 5864 ignis
3183 5799 3477 5869 gehennam
