4212 6440
735 414 828 476 lll

2035 394 2316 457 MENSIS
2352 393 2676 455 APRILIS.

3868 383 3971 445 112

727 520 971 581 recondit
999 528 1050 572 et
1073 525 1308 572 reservat
1345 514 1409 567 iis
1439 513 1528 581 qui
1573 513 1741 580 ipsam
1769 509 2014 578 diligunt.
2051 505 2107 558 ln
2145 521 2294 558 sum-
2327 511 2367 564 Α

2327 511 2367 564 Α
2401 525 2464 576 σὺ
2487 526 2613 585 τοὺς
2646 523 2775 591 παρ’
2810 522 2937 589 ὕμιν
2969 519 3320 587 τιμωμένους
3351 516 3506 578 θεοὺς
3537 514 3690 566 οὐδὲν
3724 514 3913 584 ἕτερον
3940 515 3972 582 ἢ

733 629 817 666 ma
851 621 1048 673 autem,
1098 608 1140 661 si
1204 605 1337 658 velis
1391 614 1645 656 accurate
1715 601 2012 662 attendere,
2058 595 2298 649 invenies

726 706 945 757 omnino
972 714 1022 755 tu
1051 713 1265 770 quoque
1295 711 1408 758 ees,
1439 694 1528 762 qui
1567 691 1706 760 apud
1733 705 1827 742 vos
1847 689 2118 749 coluntur,
2145 688 2296 746 deos,

729 795 1024 850 nihilaliud
1072 807 1192 845 esse
1255 803 1416 855 quam
1475 800 1638 856 Opera
1708 797 1957 836 manuum
2016 779 2295 834 hominum

729 887 964 940 inanima
1023 895 1075 936 et
1141 881 1325 943 surda,
1365 893 1484 947 quae
1541 877 1672 930 nihil
1733 873 1971 934 omnino,
2004 886 2106 923 non
2139 870 2296 920 modo

729 981 872 1041 aliis,
907 977 996 1030 sed
1025 990 1087 1028 ne
1111 976 1212 1028 sibi
1240 973 1454 1040 quidem
1492 970 1643 1037 ipsis,
1685 967 1891 1035 possint
1925 965 2044 1031 opis
2076 962 2290 1014 aﬂ‘erre.

729 1071 783 1124 Si
818 1084 945 1136 ergo
977 1068 1136 1118 homo
1195 1065 1410 1132 quidem
1449 1073 1529 1116 est
1587 1060 1675 1113 Dei
1739 1073 1892 1123 Opus,
1924 1065 1980 1108 ut
2009 1054 2100 1124 qui
2133 1053 2198 1106 ab
2230 1067 2296 1106 co

726 1165 796 1216 sit
825 1161 1055 1224 ellictus,
1113 1173 1228 1225 qua:
1254 1172 1344 1208 vos
1372 1159 1548 1207 autem
1573 1151 1860 1204 simulacra
1891 1147 2146 1210 adoratis,
2171 1154 2298 1198 sunt

728 1271 890 1325 opera
921 1267 1114 1306 manus
1145 1252 1392 1302 humanae
1428 1264 1440 1300 :
1477 1249 1743 1313 quomodo
1784 1243 1925 1311 quis,
1985 1240 2085 1293 nisi
2134 1238 2296 1291 fuerit

729 1347 888 1414 plane
916 1343 1058 1396 nullo
1080 1356 1239 1394 sensu
1267 1339 1544 1407 prtcdilus,
1577 1347 1630 1388 et
1659 1336 1817 1403 plane
1852 1333 1946 1385 bos
1979 1340 2031 1384 et
2087 1330 2293 1391 asinus,

730 1440 816 1501 iis,
848 1451 965 1503 qua:
989 1434 1102 1501 ipse
1125 1442 1205 1485 est
1231 1430 1546 1489 fabricatus,
1569 1427 1826 1478 honorem
1861 1420 2144 1475 tribuerit?
2175 1434 2296 1472 cum

727 1532 1001 1594 oporteret
1025 1522 1112 1573 illa
1152 1519 1322 1586 magis
1345 1532 1473 1570 suos
1509 1517 1774 1568 honorare
1797 1510 2040 1579 opiﬁces,
2079 1508 2123 1562 si
2172 1508 2296 1577 quis

729 1619 933 1669 inesset
989 1613 1067 1668 eis
1125 1607 1650 1672 sensus?Quoniam
1711 1619 1840 1673 ergo
1897 1601 2178 1656 confessus
2213 1615 2293 1666 es,

731 1719 828 1756 nos
864 1715 988 1754 esse
1042 1698 1426 1766 intelligentes,
1457 1704 1510 1746 et
1543 1694 1672 1757 scis,
1702 1693 1841 1759 quod
1870 1690 2054 1753 homo,
2089 1688 2182 1756 qui
2215 1695 2297 1742 est

731 1809 873 1847 same
902 1791 1119 1850 mentis,
1154 1801 1427 1854 nunquam
1463 1785 1674 1837 veritati
1711 1784 1782 1847 id,
1805 1782 1945 1850 quod
1971 1787 2051 1834 est
2079 1779 2293 1844 falsum,

732 1884 1043 1955 praetulerit,
1080 1882 1298 1935 adverte
1329 1879 1592 1940 animum,
1626 1885 1678 1929 et
1713 1877 1776 1928 de
1805 1888 1889 1938 eo,
1924 1872 2013 1942 qui
2063 1886 2188 1926 vere
2215 1880 2296 1926 εει

729 1978 919 2047 Opifex
944 1975 1341 2036 universorum,
1373 1973 1517 2023 disce
1548 1984 1577 2022 a
1615 1965 1866 2020 veridicis
1893 1966 2078 2018 labris.

802 2068 892 2123 Ἦ.
920 2068 1058 2120 Deus
1091 2076 1278 2132 suapte
1305 2070 1495 2114 natura
1529 2075 1631 2112 non
1665 2065 1842 2126 potest
1881 2053 2252 2108 circumscribi
2280 2069 2294 2105 :

733 2170 811 2215 est
836 2159 976 2212 enim
1001 2155 1287 2224 ejusmodi,
1318 2152 1444 2204 utin
1475 2166 1593 2204 eum
1623 2164 1727 2202 non
1756 2146 1914 2201 cadat
1946 2145 2164 2198 omnino
2195 2144 2298 2196 cir-

731 2252 1103 2320 cumscriptio,
1165 2260 1218 2302 et
1263 2253 1482 2315 supcrat.
1514 2257 1750 2305 omnem,
1784 2255 1904 2308 qua:
1940 2240 1992 2291 in
2054 2248 2297 2305 tempore

732 2344 1040 2411 suscipitur,
1067 2338 1464 2408 cogitationem.
1489 2333 1726 2400 Namque
1752 2341 2051 2399 temporum
2069 2328 2299 2381 Creator

735 2452 837 2488 non
857 2431 1140 2501 subjicitur
1161 2428 1404 2496 tempori.
1425 2425 1778 2491 Quamobrem
1797 2437 1892 2475 nec
1909 2418 2296 2488 cwpitquidem

733 2541 872 2580 esse.
896 2524 1088 2578 Omnia
1120 2531 1321 2583 autem,
1354 2534 1459 2571 tam
1492 2533 1608 2585 quae
1638 2516 1736 2568 sub
1767 2523 2040 2579 aspectum
2078 2511 2294 2574 cadunt,

735 2635 894 2684 quam
925 2629 1043 2684 quae
1075 2622 1251 2665 mente
1281 2610 1666 2679 percipiuntur,
1701 2607 1764 2658 ad
1818 2606 1943 2666 hoc,
1979 2603 2120 2672 quod
2168 2603 2295 2666 sint,

738 2708 1008 2776 produxit.
1053 2703 1220 2756 Homo
1249 2716 1374 2767 ergo
1407 2715 1528 2754 cum
1559 2709 1699 2752 esset
1749 2713 1777 2749 a
1818 2696 1922 2749 Deo
1971 2694 2196 2757 ellictus,
2248 2702 2300 2745 et

734 2801 780 2852 ei
816 2807 957 2851 esset
993 2796 1249 2848 tributum
1282 2803 1337 2845 ιιι
1375 2792 1637 2844 habitaret
1669 2788 2001 2857 paradisum,
2030 2797 2082 2836 et
2110 2785 2302 2835 adma—

728 2890 861 2954 joris
885 2884 1158 2954 prolectus
1179 2880 1619 2936 exercitationem
1646 2877 1941 2944 accepisset
1962 2873 2298 2936 mandatum,

739 2979 937 3030 invidia
995 2973 1190 3028 diaboli
1248 2971 1474 3024 all‘cctus
1525 2967 1712 3022 inorbo
1765 2967 2162 3028 inobedieutim,
2195 2981 2298 3018 non

737 3080 895 3133 posse
947 3062 1188 3125 interire,
1224 3058 1546 3130 permutavit
1587 3057 1802 3111 interitu
1837 3073 1849 3110 :
1887 3065 1940 3111 et
1970 3070 2091 3108 cum
2124 3056 2302 3107 carnis

737 3159 990 3212 Subiisset
1049 3155 1395 3215 voluntatem,
1441 3151 1544 3202 fuit
1599 3148 1878 3215 subjectus
1913 3145 2094 3197 morti.
2131 3146 2301 3198 Caste-

741 3264 858 3302 runt
921 3254 1069 3313 pater
1105 3243 1319 3295 invidia:
1347 3256 1450 3293 non
1496 3240 1595 3292 l‘uit
1629 3244 1916 3290 contentus
1942 3236 2042 3290 hoc
2077 3234 2192 3288 solo
2227 3234 2302 3288 la-

739 3357 837 3410 psu
871 3339 1008 3406 ejus,
1052 3335 1134 3388 cui
1179 3331 1608 3387 invidebatzsed
1650 3331 1811 3384 etiam
1870 3329 1935 3382 ad
1988 3329 2104 3392 Dei,
2166 3329 2301 3398 prolt

737 3427 1282 3484 ttolorlobliviouem
1339 3438 1433 3478 eos
1491 3422 1730 3484 deduxit,
1791 3420 1883 3489 qui
1948 3432 2128 3489 postea
2191 3419 2300 3473 nati

740 3533 868 3575 sum
914 3535 977 3572 ex
1036 3518 1220 3573 eodem
1273 3529 1487 3585 genere,
1517 3523 1574 3566 ut
1620 3527 1724 3566 non
1755 3511 1926 3566 solum
1957 3511 2301 3579 corporibus,

741 3616 831 3666 sed
864 3613 1026 3664 etiam
1059 3609 1253 3663 animis
1285 3620 1428 3659 mors
1465 3603 1852 3657 dominaretur.
1889 3601 2097 3653 Relicto
2125 3602 2306 3667 itaque

743 3718 866 3755 vero
903 3701 1030 3760 Deo,
1060 3706 1114 3750 et
1163 3695 1230 3748 ad
1284 3694 1453 3747 lucem
1491 3692 1732 3746 veritatis
1783 3706 1876 3746 sua
1930 3700 2122 3758 sponte
2156 3688 2303 3743 clau-

743 3793 929 3844 dentes
988 3785 1190 3847 oculos,
1241 3782 1417 3838 cultus
1463 3781 1877 3837 simulacrorum
1903 3781 2117 3834 subiere
2151 3790 2302 3833 tene-

743 3889 884 3938 bras.
919 3881 1206 3950 Propterea
1260 3891 1388 3942 ergo
1445 3875 1586 3926 idem
1634 3872 1803 3926 nostri
1849 3871 2060 3939 generis
2089 3870 2303 3938 Opifex,

741 3972 832 4038 qui
860 3968 1105 4037 benignis
1135 3965 1428 4018 visceribus
1457 3975 1554 4016 nos
1586 3959 1839 4029 produxit
1865 3973 1928 4014 ex
1969 3958 2160 4025 nihilo,
2199 3973 2304 4012 non

742 4063 921 4115 ferens
951 4057 1130 4113 videre
1184 4056 1451 4110 hominem
1482 4053 1710 4122 opprimi
1745 4051 1963 4116 maligni
1999 4051 2302 4120 tyrannide,

743 4166 796 4206 et
829 4171 856 4205 a
897 4153 1129 4205 Paterno
1164 4149 1282 4201 sinu
1312 4161 1415 4198 non
1477 4145 1730 4206 excessit,
1780 4150 1834 4194 et
1885 4143 2064 4195 omnia
2107 4142 2304 4203 lactus,

746 4246 884 4298 sicut
909 4256 1028 4305 nos,
1063 4247 1260 4310 praeter
1290 4235 1463 4292 solum
1516 4243 1815 4304 peccatum,
1849 4232 1995 4287 cruci
2053 4229 2304 4300 adigitur,

744 4346 797 4389 et
857 4335 1102 4396 moritur,
1137 4345 1166 4383 a
1227 4328 1376 4396 lapsu
1433 4324 1640 4394 peccati
1705 4337 1802 4377 nos
1836 4322 2023 4378 volens
2054 4321 2302 4374 liberare.

743 4425 874 4476 Cum
929 4434 1055 4487 ergo
1087 4431 1182 4472 sua
1214 4425 1387 4469 morte
1415 4413 1581 4466 nostri
1616 4412 1796 4480 lapsus
1849 4420 2126 4464 attetorem
2157 4408 2304 4477 deje-

2401 613 2534 682 ἔργα
2560 613 2756 681 χειρῶν
2789 609 3094 678 ἀνθρώπων
3143 607 3328 675 ἄψυχα
3377 605 3471 656 καὶ
3500 604 3674 670 κωφὰ,
3709 605 3770 655 οὑ
3809 602 3973 670 μόνον

2397 702 2577 762 ἄλλοις
2628 699 2734 751 οὐδ’
2766 696 2965 762 ὁτιοῦν,
3029 695 3165 747 ἀλλά
3229 692 3321 744 καὶ
3377 691 3588 750 ἑαυτοῖς
3624 688 3888 756 βοηθῆσαι
3912 686 3976 737 τὸ

2400 792 2661 859 παράπαν
2687 788 2748 839 οὑ
2791 787 3144 854 δυναμένους.
3209 782 3273 835 Εἰ
3303 781 3482 832 τοίνυν
3535 777 3821 844 ἅνθρωπος
3873 777 3973 842 μὲν

2397 883 2643 950 πλάσμα,
2680 879 2715 932 δι
2747 879 2803 931 δέ
2832 879 2989 946 ὑμεῖς
3023 874 3217 929 εἴδωλα
3273 873 3654 939 προσκυνεῖτε,
3689 866 3973 933 ἀνθρωπί-

2397 973 2667 1044 νης-εἰσὶν
2691 970 2830 1040 ἔργα
2863 967 3067 1037 χειρὸς,
3100 967 3215 1026 πῶς
3250 965 3312 1018 ἄν
3336 980 3440 1022 τις,
3472 962 3521 1012 εί
3558 960 3633 1028 μὴ
3668 959 3789 1010 λίαν
3817 956 3972 1008 ἀναί·

2399 1066 2594 1133 σθητος
2616 1063 2725 1130 εἴη,
2754 1063 2848 1114 καὶ
2880 1059 3007 1127 βοῦς
3037 1057 3358 1124 αὐτόχρημα
3397 1053 3488 1105 καὶ
3521 1052 3663 1112 ὸνος,
3696 1051 3806 1109 τοῖς
3840 1039 3974 1114 παρ’

2398 1154 2562 1208 αὐτοῦ
2593 1149 3151 1220 δεδημιουργημένοις
3187 1147 3286 1215 τὴν
3309 1145 3471 1211 τιμὴν
3501 1140 3813 1209 ἀπονείμοι,
3851 1139 3975 1190 δέον

2397 1250 2581 1301 ἐκεῖνα
2617 1244 2817 1314 μᾶλλον
2867 1244 2992 1302 τοὺς
3040 1238 3273 1298 οίκείους
3303 1237 3468 1304 τιμᾷν
3501 1221 3894 1303 δημιουργοὺς,
3924 1230 3979 1280 el

2397 1359 2480 1400 τις
2526 1340 2708 1400 αὐτοῖς
2736 1336 2986 1403 αἴσθησις
3013 1348 3028 1396 ;
3072 1329 3290 1398 Ἐπειδὴ
3319 1327 3499 1379 τοίνυν
3539 1324 3791 1385 συνετοὺς
3823 1321 3976 1390 ἡμᾶς

2395 1432 2756 1503 ὡμολόγησας
2787 1429 2881 1481 καὶ
2905 1423 3052 1488 οἶδας
3075 1424 3150 1487 ὡς
3175 1424 3276 1476 οὐκ
3299 1421 3363 1475 ἄν
3395 1435 3526 1472 ποτε
3558 1417 3754 1487 φρενὸς
3783 1414 3977 1482 ὑγιοῦς

2397 1524 2684 1592 ἄνθρωπος
2728 1519 2924 1590 ψεῦδος
2987 1517 3110 1569 ἀντὶ
3163 1515 3264 1584 τῆς
3333 1510 3597 1578 ἀληθείας
3664 1507 3973 1577 προέλοιτο,

2399 1615 2692 1684 ἐπίστησον
2737 1611 2836 1681 τὴν
2892 1609 3134 1663 διάνοιαν
3165 1605 3260 1658 xui.
3282 1603 3351 1657 τὰ
3386 1602 3514 1671 περὶ
3559 1599 3653 1652 τοῦ
3677 1599 3842 1659 ὅντως
3873 1596 3974 1665 δη·

2402 1706 2664 1777 μιουργοῦ
2688 1704 2794 1756 τῶν
2825 1702 2960 1755 ὅλων
3001 1697 3138 1752 Θεοῦ
3177 1697 3281 1751 ὑπὸ
3313 1693 3530 1765 ἀληθῶν
3561 1689 3786 1762 χειλέων
3820 1687 3975 1740 διδά-

2328 1835 2374 1896 B
2400 1798 2582 1869 χθητι.

2470 2059 2560 2127 (τ’.
2595 2059 2724 2121 Θεὸς
2770 2055 2829 2109 οὐ
2869 2055 3078 2123 πέφυκε
3133 2046 3607 2122 περιγράφεσθαι·
3663 2044 3977 2114 ἀπερίγρα-

2399 2171 2529 2216 πτος
2560 2152 2667 2220 γὰρ
2718 2150 2893 2216 πάντη
2923 2147 3018 2202 καὶ
3065 2145 3399 2214 ὑψηλότερος
3434 2140 3694 2212 χρονικῆς
3747 2139 3976 2204 ἀπάσης

2397 2242 2604 2303 ἐννοίας
2629 2258 2642 2272 ·
2678 2238 2907 2306 ποιητὴς
2942 2236 3050 2305 γὰρ
3083 2235 3312 2305 χρόνων,
3344 2235 3443 2300 οὐχ
3475 2232 3576 2284 ὑπὸ
3603 2230 3794 2299 χρόνον
3815 2244 3827 2256 ·
3848 2227 3978 2278 ὅθεν

2399 2332 2520 2385 οὐδὲ
2557 2329 2650 2382 τοῦ
2699 2323 2836 2380 εἶναι
2886 2324 3120 2396 ἡρξατο·
3161 2323 3342 2374 πάντα
3390 2321 3446 2372 δὲ
3487 2318 3556 2371 τά
3591 2334 3647 2368 τε
3677 2316 3848 2387 ὁρατά
3880 2314 3979 2366 καὶ

2399 2424 2666 2492 νοούμενα
2698 2421 2777 2483 εἰς
2827 2419 2888 2472 τὸ
2918 2413 3060 2470 εἶναι
3090 2416 3252 2479 αὐτὸς
3289 2415 3638 2482 παρήγαγεν.
3706 2410 3765 2462 Ὀ
3794 2409 3979 2462 τοίνυν

2399 2518 2682 2586 ἄνθρωπος
2717 2512 2946 2581 πλάσμα
2977 2507 3110 2561 Θεοῦ
3139 2505 3379 2574 γεγονὼς
3423 2505 3514 2556 τὸν
3550 2500 3884 2570 παράδεισόν
3915 2516 3978 2551 τε

2399 2613 2566 2664 οἰκεῖν
2593 2604 2895 2676 κληρωθεὶς
2917 2602 3012 2655 καὶ
3037 2599 3216 2652 λαϐὼν
3249 2597 3467 2665 ἐντολὴν
3501 2595 3632 2663 πρὸς
3663 2591 3980 2660 γυμνασίαν

2403 2698 2686 2768 προκοπῆς
2727 2694 2991 2762 μείζονος,
3019 2690 3201 2756 φθόνῳ
3223 2687 3471 2740 διαϐόλου
3505 2682 3790 2755 παρακοὴν
3822 2683 3982 2750 νοσή-

2404 2806 2526 2850 σας,
2550 2787 2647 2856 τὴν
2685 2782 2890 2851 φθοράν
2916 2781 3012 2849 τῆς
3043 2775 3352 2846 ἀφθαρσίας
3384 2776 3654 2844 ἠλλάξατο
3685 2775 3779 2826 καὶ
3812 2772 3979 2839 Θελή-

2405 2897 2540 2952 μασι
2578 2876 2777 2947 σαρκὸς
2803 2869 3111 2938 ὑποκύψας,
3139 2865 3243 2918 ὑπὸ
3267 2867 3439 2933 χεῖρα
3472 2865 3663 2931 γέγονε
3696 2862 3775 2930 τῷ
3805 2860 3976 2913 θανά-

2402 2987 2511 3041 τῳο
2551 2969 2700 3022 καὶὸ
2753 2969 2850 3034 τῆς
2889 2959 3186 3031 βασκανίας
3235 2955 3416 3024 πατὴρ
3449 2955 3568 3007 οὑδέ
3621 2953 3794 3021 τούτῳ
3830 2951 3979 3019 μόνῳ

2403 3062 2499 3114 τοῦ
2534 3056 2890 3128 φθονηθέντος
2920 3052 3164 3123 ἠρκέσθη
3202 3050 3277 3120 τῷ
3301 3049 3574 3117 πτώματι,
3609 3045 3744 3099 ἀλλά
3779 3045 3868 3096 καὶ
3897 3044 3980 3104 εἰς

2327 3167 2371 3227 c
2404 3154 2597 3225 λήθην,
2627 3150 2772 3221 οἴμοι
2796 3149 2808 3201 l
2834 3147 2968 3200 Θεοῦ
3001 3147 3125 3207 τοὺς
3152 3146 3215 3196 ὲκ
3243 3142 3335 3195 τοῦ
3360 3141 3521 3194 αὐτοῦ
3555 3138 3756 3206 φύντας
3784 3135 3977 3202 γένους

2407 3247 2635 3314 ὕστερον
2689 3244 2920 3312 ἢγαγεν,
2984 3238 3056 3298 ώς
3087 3235 3161 3304 μὴ
3194 3233 3461 3301 σωμάτων
3503 3231 3683 3297 μόνον,
3708 3227 3845 3280 ἀλλὰ
3883 3226 3979 3278 καὶ

2402 3339 2587 3410 ψυχῶν
2648 3335 2827 3388 αὐτῶν
2865 3329 3139 3399 κυριεύειν
3187 3326 3454 3379 θάνατον’
3523 3319 3713 3389 ἀμέλει
3743 3319 3837 3370 καὶ
3883 3317 3978 3368 τὸν

2402 3407 2581 3498 ἀληθῆ
2620 3427 2752 3480 Θεὸν
2794 3420 3158 3480 ἀπολιπόντες
3214 3417 3310 3469 καὶ
3367 3414 3503 3484 πρὸς
3564 3413 3623 3464 τὸ
3650 3412 3850 3478 φέγγος
3878 3407 3977 3471 τῆς

2405 3520 2664 3589 ἀληθείας
2712 3516 2892 3568 ἑκοντὶ
2941 3512 3234 3582 μύσαντες,
3269 3506 3360 3558 τὸν
3388 3509 3484 3576 τῆς
3527 3500 3979 3570 εἰδωλολατρείας

2407 3612 2597 3664 σκότον
2628 3607 2886 3676 ὑπῆλθον.
2929 3602 3027 3657 Διὰ
3053 3601 3228 3654 ταῦτα
3248 3598 3424 3652 τοίνυν
3449 3595 3603 3658 αὐτὸς
3630 3597 3654 3649 5
3684 3593 3776 3645 τοῦ
3819 3593 3954 3660 ἠμε-

2403 3704 2562 3774 τέρου
2589 3700 2776 3769 γένους
2799 3693 3141 3767 Δημιουργὸς
3167 3693 3194 3744 ὀ
3215 3688 3618 3759 φιλανθρώποις
3648 3685 3979 3751 σπλάγχνοις

2405 3797 2472 3847 ἐκ
2519 3792 2613 3845 τοῦ
2670 3791 2744 3860 μὴ
2792 3789 2945 3849 ὃντος
2988 3781 3353 3855 παραγαγὼν,
3394 3778 3467 3846 μὴ
3502 3778 3682 3845 φέρων
3724 3775 3826 3825 ὑπὸ
3883 3771 3976 3822 τοῦ

2407 3884 2647 3953 πονηροῦ
2682 3868 2772 3933 τὸν
2803 3880 3092 3945 ἄνθρωπον
3123 3875 3255 3942 ὁρᾷν
3288 3869 3743 3938 τυραννούμενον,
3779 3865 3884 3916 τῶν
3917 3880 3975 3914 τε

2407 3969 2702 4042 Πατρικῶν
2733 3968 2832 4021 οὐκ
2867 3965 3063 4033 ἐξέστη
3092 3961 3331 4023 κόλπων,
3374 3957 3466 4009 καὶ
3503 3955 3679 4007 πάντα
3710 3952 3848 4021 πλὴν
3883 3952 3978 4021 μό.

2405 4084 2502 4134 νης
2531 4065 2629 4133 τῆς
2663 4060 2936 4132 ἁμαρτίας
2984 4055 3107 4110 καθ’
3159 4057 3302 4124 ἡμᾶς
3338 4048 3600 4120 γεγονὼς,
3642 4045 3976 4112 σταυροῦται

2407 4158 2503 4208 και
2547 4154 2792 4222 θνήσκει,
2837 4149 2933 4200 τοῦ
2967 4147 3068 4214 τῆς
3126 4143 3400 4213 ἁμαρτίας
3437 4141 3729 4209 πτώματος
3760 4136 3978 4188 ’ἐθέλων

2408 4243 2555 4314 ἡμᾶς
2587 4221 2996 4296 ἀνασώσασθαι.
3055 4232 3145 4304 Τῷ
3193 4230 3392 4285 ἑαυτοῦ
3428 4226 3718 4295 τοιγαροῦν
3756 4221 3976 4290 θανάτῳ

2541 4333 2713 4386 αἴτιον
2747 4329 2841 4382 τοῦ
2875 4325 3142 4397 ἡμετέρου
3180 4321 3472 4389 πτώματος
3528 4310 3972 4378 καταϐεϐληκὼς,

2409 4423 2569 4483 αὑτός
2600 4437 2659 4472 τε
2687 4420 2770 4479 είς
2817 4396 3080 4485 οὐρανοὺς
3125 4407 3465 4478 ἀνεληλύθει,
3498 4403 3590 4471 ἀφ’
3624 4396 3698 4455 ὧν
3721 4403 3816 4454 καὶ⁸
3846 4418 3978 4454 κατ·

745 4516 928 4572 cisset,
956 4511 1068 4581 ipse
1101 4517 1153 4562 et
1183 4507 1234 4561 in
1261 4504 1427 4560 caelos
1474 4503 1738 4566 ascendit,
1768 4515 1798 4556 e
1830 4501 2026 4569 quibus
2079 4499 2306 4552 descen-
2339 4504 2385 4564 ι)

2339 4504 2385 4564 Ι)
2412 4507 2595 4577 ἦλθεν,
2625 4505 2716 4558 καὶ
2747 4505 2893 4575 ἡμᾶς
2932 4504 3107 4554 ἐκεῖσε
3136 4497 3309 4562 καλεῖ,
3344 4496 3442 4566 τὴν
3472 4494 3606 4565 πρὸς
3646 4491 3808 4546 αὑτὸν
3845 4492 3975 4560 ἡμῖν

745 4606 898 4656 derat
934 4617 950 4654 ε
977 4609 1029 4656 ει
1063 4613 1159 4654 nos
1183 4596 1305 4652 illuc
1331 4603 1509 4658 vocat,
1547 4601 1605 4646 ut
1633 4592 1723 4661 qui
1755 4590 1911 4646 nobis
1935 4589 2003 4644 ad
2036 4604 2094 4644 se
2121 4604 2307 4643 ascen-

747 4708 865 4748 sum
897 4689 1214 4746 nstenderit.
1252 4686 1482 4743 Potesne
1515 4693 1572 4738 tu
1606 4697 1820 4752 quoque
1850 4683 1952 4735 tale
1981 4681 2108 4752 quid
2125 4690 2308 4736 osten-

749 4787 900 4846 dere,
929 4781 1070 4851 quod
1101 4794 1130 4830 a
1173 4777 1278 4832 tuis
1300 4778 1403 4830 diis
1430 4777 1626 4833 laetum
1650 4775 1740 4839 sit,
1777 4787 1843 4826 an
1881 4772 2058 4839 tejam
2092 4787 2186 4828 eos
2210 4787 2306 4826 vo-

747 4891 872 4932 care
899 4872 1125 4945 paenitet
1152 4872 1173 4925 ?
1205 4867 1612 4925 Possessionum
1645 4875 1823 4920 autem
1857 4873 1910 4920 et
1938 4863 2306 4934 pecuniarum,

735 4996 788 5039 οι
829 4968 1048 5024 honoris
1102 4965 1240 5035 apud
1291 4965 1665 5033 imperatores,
1694 4973 1813 5030 quae
1870 4966 1996 5012 sunt
2021 4965 2220 5022 vestra,
2253 4964 2311 5008 ut

735 5062 951 5131 dicitis,
987 5061 1148 5122 bona,
1181 5071 1279 5111 nos
1305 5069 1524 5125 parvam
1549 5068 1734 5106 curam
1759 5051 2013 5121 gerimus.
2047 5057 2102 5103 ut
2125 5048 2212 5118 qui
2247 5063 2308 5100 ea

734 5169 762 5204 n
786 5169 851 5208 on
887 5162 1139 5220 tanquam
1170 5146 1366 5202 stantia
1391 5143 1654 5212 judicare,
1687 5141 1781 5195 sed
1815 5149 2067 5207 tanquam
2101 5137 2309 5207 lugien-

750 5248 844 5311 tia,
878 5252 1021 5298 recte
1075 5240 1422 5295 didicerimus
1452 5252 1481 5289 a
1532 5233 1812 5304 propheta,
1837 5241 1889 5286 et
1926 5231 2152 5283 maxime
2188 5245 2309 5283 cum

752 5338 804 5390 in
835 5336 1000 5388 Deum
1050 5335 1224 5401 ips-tm
1282 5343 1427 5398 spem
1477 5323 1942 5386 collocaverimus,
1992 5331 2045 5375 et
2080 5321 2145 5373 ab
2171 5321 2311 5374 illius

750 5427 918 5492 gloria
953 5423 1046 5477 toti
1084 5422 1432 5489 peudeatnus,
1471 5425 1690 5484 propter
1738 5426 1894 5482 quem
1926 5410 2089 5464 etiam
2119 5422 2311 5474 magno

749 5536 812 5572 ac
847 5517 968 5570 forti
1002 5518 1181 5567 animo
1208 5514 1312 5582 pati
1333 5511 1642 5565 statuimus.

805 5608 914 5664 Vll.
932 5607 1186 5660 Haeccutn
1205 5599 1731 5664 audiissetValerius,
1749 5604 1800 5651 et
1815 5597 2130 5662 :egritudin‘e
2148 5593 2310 5646 animi

751 5703 850 5757 fuit
882 5703 1129 5764 aﬂ‘ectus,
1156 5706 1207 5751 et
1242 5697 1362 5766 igne
1411 5693 1632 5749 insania:
1679 5692 1948 5745 incensus.
1979 5687 2043 5740 Et
2069 5686 2314 5754 protinus

753 5808 954 5848 exuens
985 5792 1159 5845 (ictam
1219 5800 1502 5858 personam
1555 5778 1998 5845 mansuetudinis,
2042 5778 2308 5830 internam

2411 4601 2596 4654 ἄνοδον
2661 4597 2968 4660 ὑποδείξας.
3039 4594 3222 4663 Ἔχεις
3261 4607 3311 4643 τι
3373 4588 3468 4641 καὶ
3526 4585 3687 4649 αὐτὸς
3733 4582 3974 4637 τοιοῦτον

2411 4689 2780 4755 ἀντεπιδεῖξαι
2821 4686 2973 4754 παρά
3024 4685 3130 4736 τῶν
3163 4682 3442 4750 ὑμετέρων
3469 4677 3605 4730 θεῶν
3640 4676 3932 4745 γενόμενον
3961 4691 3974 4737 ;

2411 4787 2442 4855 ἢ
2476 4786 2573 4839 καὶ
2607 4785 2666 4836 τὸ
2712 4780 2867 4841 θεοὺς
2893 4778 2991 4847 ἤδη
3041 4773 3263 4833 τούτους
3312 4771 3499 4823 καλεῖν
3532 4769 3826 4837 μεταμέλει
3855 4782 3973 4828 σοις

2412 4875 2712 4944 κτημάτων
2741 4871 2797 4924 δὲ
2821 4871 2914 4925 καὶ
2944 4866 3242 4938 χρημάτων
3269 4863 3361 4914 καὶ
3387 4864 3486 4928 τῆς
3521 4860 3668 4929 παρὰ
3694 4856 3977 4925 βασιλεῦσι

2411 4967 2576 5035 τιμῆς
2603 4963 2711 5016 τῶν
2744 4962 3048 5032 ὑμετέρων,
3109 4956 3182 5018 ὥς
3223 4970 3384 5023 φατε,
3437 4949 3617 5004 καλῶν
3662 4948 3816 5017 λόγος
3847 4948 3980 5018 ἡμῖν

2412 5057 2612 5122 ὀλίγος,
2643 5057 2742 5122 οὐχ
2773 5053 2846 5114 ὡς
2895 5048 3105 5102 ἑστῶτα
3156 5047 3382 5116 κρίνειν,
3443 5043 3556 5096 ἀλλ’
3603 5042 3676 5103 ὡς
3706 5040 3979 5109 φεύγοντα

2415 5139 2594 5202 καλῶς
2644 5139 2749 5190 ὑπὸ
2797 5135 2890 5188 τοῦ
2943 5134 3221 5201 προφήτου
3276 5129 3449 5182 ταῦτα
3499 5126 3980 5192 πεπαιδευμένοις,

2413 5232 2587 5293 ἄλλως
2634 5247 2692 5280 τε
2722 5228 2775 5280 δέ
2814 5226 2908 5278 καὶ
2939 5227 3018 5287 εἰς
3072 5223 3203 5276 Θεὸν
3237 5221 3335 5290 ἠδη
3377 5218 3567 5270 ἐλπίδα
3603 5216 3853 5284 θεμένοις
3887 5213 3983 5266 καὶ

2413 5324 2508 5390 τῆς
2573 5319 2780 5372 ἐκεῖθεν
2827 5319 2983 5386 δόξης
3029 5315 3161 5376 ὅλως
3219 5312 3584 5382 ἐξεχομένοις,
3616 5308 3680 5360 δι’
3711 5308 3768 5358 δν
3811 5305 3983 5358 καὶτὸ

2415 5411 2608 5463 παθεῖν
2641 5408 2888 5483 εὐψύχως
2922 5425 2943 5458 ε
2955 5406 3196 5474 ίλόμεθα.

2489 5596 2560 5650 Ζ’.
2595 5595 2812 5648 Τούτων
2848 5592 3085 5654 ἀκούσας
3126 5590 3444 5659 Οὐαλέριος,
3477 5589 3683 5657 ἀθυμίᾳ
3711 5605 3767 5639 τε
3805 5587 3983 5654 εἴχετο

2418 5688 2513 5739 καὶ
2549 5687 2679 5756 πυρὶ
2716 5689 2908 5753 μανίας
2940 5685 3216 5750 ἐφλέγετο,
3257 5685 3347 5733 καὶ
3384 5683 3725 5750 παραχρῆμα
3776 5682 3838 5729 τὸ
3863 5677 3983 5729 ἐπί·-

2419 5779 2652 5832 πλαστον
2685 5781 2780 5848 τῆς
2811 5778 3150 5847 ἡμερότητος
3184 5776 3524 5844 προσωπεῖον
3548 5771 3863 5836 ἀποϐαλὼν,
3886 5771 3986 5837 τὴν
