4212 6440
226 408 336 478 113

1256 410 1435 469 ΥΙΤΑ
1478 404 1538 466 S.
1585 401 1809 461 CARPI
1857 400 1949 459 ET
1980 399 2394 461 SOCIORUM.

3345 393 3446 460 1.1.4

203 532 356 583 ἔνδον
396 529 699 599 ἀγριότητα
755 528 1067 598 ἐξεγύμνου·
1111 530 1204 581 καὶ
1240 528 1336 597 τὴν
1398 527 1496 594 μὲν
1544 522 1776 592 ὓπαρξιν
1808 526 1850 580 Δ

1808 526 1850 580 Α
1883 520 2093 591 aperuit
2123 519 2412 574 feritatem.
2450 515 2512 571 Et
2541 522 2846 572 sanctorum
2882 512 3102 584 quidem
3163 510 3447 569 facultates

202 622 317 673 τῶν
345 620 515 687 ἁγίων
542 622 620 682 είς
650 620 959 688 διαρπαγὴν
989 621 1100 682 τοῖς
1132 618 1581 689 κατηγορήσασιν
1609 614 1781 678 ἐξεδί-

204 713 326 775 δου,
371 712 602 781 πρᾶγμα
633 709 695 762 τὸ
741 709 861 763 λίαν
882 708 971 761 ὑπ’
998 709 1222 762 ἐκείνων
1255 706 1778 777 περιφρονούμενον,

204 805 316 865 τοῖς
342 802 483 855 πάνυ
517 802 659 872 μέγα
687 800 842 853 τοῦτο
869 799 1268 870 λογιζομένοις·
1301 802 1499 861 αὐτοὺς
1519 798 1574 851 δὲ
1598 798 1781 849 ἵππων

204 898 371 949 τινῶν
428 898 636 966 ἀγρίων
683 895 1048 958 ἁποδεθέντας
1104 896 1356 948 ἐκέλευεν
1379 896 1460 947 ὅτι
1498 894 1661 962 τάχος
1688 892 1781 943 ἐπὶ

206 988 305 1051 τὰς
347 988 569 1055 Σάρδεις
626 988 970 1040 ἐλαύνεσθαι.
1014 987 1124 1048 Τὰς
1161 987 1261 1055 μὲν
1313 981 1407 1039 οὖν
1438 986 1641 1047 ἵππους
1672 983 1781 1035 ἀπὸ

204 1080 524 1148 Θυατείρων
549 1080 763 1146 τρέχειν
790 1078 1123 1147 ἀρξαμένας,
1147 1077 1385 1147 ἑσπέρας
1407 1078 1510 1147 ἤδη
1538 1075 1780 1128 καταλα-

206 1170 433 1240 ϐούσης,
464 1170 517 1222 at
546 1170 766 1239 Σάρδεις
788 1170 938 1238 μόλις
962 1168 1055 1221 τοῦ
1088 1169 1288 1239 δρόμου
1317 1169 1615 1221 παύουσιν*
1645 1166 1781 1219 ἀλλὰ

207 1266 321 1325 τοῖς
360 1263 615 1331 μάρτυσι,
658 1262 759 1314 κᾶν
788 1264 850 1328 τῇ
904 1262 1076 1330 πικρᾷ
1118 1259 1290 1330 ταύτῃ
1322 1259 1565 1333 τιμωρίᾳ
1592 1260 1781 1329 διημε-

210 1354 496 1423 ρεύσασιν,
545 1355 694 1420 ὅμως
754 1351 875 1403 οὐδὲ
923 1352 955 1420 ἡ
1002 1350 1096 1415 νὺξ
1139 1350 1379 1419 ἆμοχθος
1424 1345 1511 1419 ἦν,
1561 1350 1674 1401 ἀλλ’
1703 1350 1782 1411 είς

207 1448 416 1513 ⁴ὕμνους
452 1445 630 1506 θείους
659 1444 718 1496 τὸ
752 1444 1003 1495 πλεῖστον
1049 1442 1221 1511 αὐτῆς
1259 1443 1424 1511 μέρος
1456 1442 1780 1496 ἐδαπανᾶτο.

206 1537 270 1588 El
302 1536 360 1588 δέ
394 1553 494 1587 που
526 1534 699 1603 βραχὺ
732 1534 826 1585 καὶ
853 1531 1022 1585 ὕπνου
1084 1532 1398 1603 μετέλαϐον,
1435 1531 1655 1599 ἄγγελοι
1681 1532 1783 1582 αὖ·

205 1629 322 1689 τοῖς
362 1626 711 1694 ἐφιστάμενοι
749 1623 1128 1693 πεπονηκότας
1167 1641 1224 1675 τε
1271 1623 1649 1689 ἀνελάμϐανον
1687 1623 1782 1675 καὶ

206 1722 341 1787 περὶ
400 1719 499 1780 τὰς
556 1717 851 1786 μελλούσας
902 1715 981 1767 ἔτι
1015 1714 1283 1783 βασάνους
1335 1714 1781 1785 προθυμοτέρους

204 1811 447 1863 ἐποίουν.
488 1809 565 1877 Ἰζῇ
597 1808 653 1860 δὲ
686 1806 950 1877 ὑστεραία
990 1805 1148 1859 τοῦτο
1183 1806 1280 1875 μὲν
1318 1806 1592 1876 ἀλλήλοις,
1622 1806 1782 1858 τοῦτο

203 1903 261 1955 δὲ
284 1902 379 1953 καὶ
412 1902 523 1962 τοῖς
557 1898 789 1969 παροῦσι
822 1899 918 1963 τὴν
950 1900 1101 1951 θείαν
1133 1899 1352 1970 ἐκείνην
1382 1899 1705 1952 ἐπιστασίαν
1732 1900 1781 1951 οἱ

204 1994 357 2059 ἅγιοι
386 1991 694 2061 διηγοῦντο,
743 1991 837 2042 καὶ
873 1992 1000 2043 πότε
1044 1991 1340 2060 Οὐαλέριος
1377 1990 1495 2060 ἥξει
1523 1990 1783 2054 ἐπανεξε-

202 2083 613 2142 τὰσωναῦτοὺς
671 2080 1016 2150 περιέμενον,
1072 2079 1263 2149 ὥσπερ
1323 2081 1470 2142 τινὲς
1499 2081 1782 2151 ἀξιόμαχοι

206 2171 545 2242 στρατιῶται
573 2169 797 2239 ἀγώνων
826 2168 1222 2240 ἐπιθυμοῦντες
1247 2169 1339 2222 καὶ
1365 2169 1501 2241 πρὸς
1530 2172 1621 2222 τὸν
1645 2171 1785 2239 μετὰ

202 2265 366 2333 δόξης
413 2265 641 2318 θάνατον
670 2264 933 2333 εῧτολμόν
975 2282 1028 2317 τι
1073 2265 1169 2317 καὶ
1210 2264 1432 2333 εὐγενὲς
1469 2264 1779 2333 βλέποντες.

218 2351 461 2413 Ἐκεῖνος
493 2350 547 2403 δὲ
582 2352 680 2413 τάς
734 2352 959 2421 Σάρδεις
996 2350 1343 2417 καταλαϐὼν,
1398 2352 1473 2415 ὼς
1496 2354 1556 2407 τὺ
1588 2352 1704 2420 νῦν,
1734 2353 1782 2406 εί

207 2443 305 2496 καὶ
337 2444 412 2512 μὴ
461 2443 751 2512 πρότερον,
784 2443 1225 2515 εὐπειθεστέροις
1255 2446 1371 2507 τοῖς
1412 2445 1648 2514 μάρτυσι
1686 2443 1779 2499 καὶ

206 2530 559 2599 εὐχειρώτοις
581 2531 680 2600 ἤδη
715 2532 1032 2599 γενομένοις
1068 2535 1405 2601 περιτυχεῖν,
1438 2534 1506 2587 τὰ
1542 2534 1639 2603 μὲν
1674 2533 1784 2605 γὰρ

204 2618 309 2685 τῆς
338 2620 609 2686 τιμωρίας
645 2620 911 2687 ἐγίνωσκε
950 2621 1130 2689 μόνον,
1168 2621 1239 2673 τὰ
1269 2622 1325 2675 δὲ
1355 2623 1454 2693 τῆς
1487 2625 1783 2696 παρακλή-

208 2723 372 2771 σεως,
438 2707 601 2759 πόθεν
636 2710 667 2778 ἡ
724 2708 934 2779 γεώδης
973 2710 1154 2782 ἐκείνη
1185 2712 1330 2782 ψυχὴ
1355 2715 1448 2767 καὶ
1478 2714 1603 2784 ξένη
1632 2715 1786 2780 Θείας

206 2801 532 2865 ἐπιφανείας
556 2799 648 2852 καὶ
677 2800 1015 2872 ἁγαθότητος
1041 2820 1056 2869 ;
1094 2804 1212 2855 ἐπεὶ
1239 2804 1293 2856 δὲ
1320 2805 1481 2857 πλέον
1512 2806 1606 2858 νῦν
1641 2808 1787 2878 ἥπερ

205 2883 523 2955 ἔμπροσθεν
555 2889 947 2958 χαριεστάτους
974 2890 1072 2958 μὲν
1099 2893 1198 2962 τὴν
1222 2892 1366 2963 ὄψιν,
1409 2894 1692 2960 εὐσταθεῖς
1726 2897 1784 2949 δὲ

205 2970 268 3021 τὸ
300 2974 559 3039 φρόνημα
589 2975 684 3026 καὶ
707 2976 1115 3040 ἁταπεινώτους
1140 2980 1242 3049 τὴν
1273 2982 1453 3053 ψυχὴν
1497 2983 1781 3053 ἐθεάσατο,

204 3061 483 3127 ἀπογνοὺς
511 3063 570 3114 τὸ
590 3063 676 3115 διὰ
712 3066 960 3133 βασάνων
987 3069 1152 3130 ἑλεῖν,
1203 3072 1467 3137 θωπείαις
1499 3077 1659 3129 πάλιν
1691 3080 1785 3131 καὶ

1883 611 2027 665 dedit
2087 608 2417 680 diripiendas
2469 608 2540 662 iis
2583 607 2675 677 qui
2710 614 3121 669 accusaverunt,
3155 622 3289 668 rem,
3325 619 3447 674 qum

1883 703 2036 755 Valde
2068 701 2283 771 quidem
2333 701 2401 756 ab
2428 698 2533 752 illis
2571 697 2989 767 despiciebatur,
3020 696 3234 765 plurimi
3262 705 3443 748 autem

1885 794 2045 847 fiebat
2079 793 2147 847 ab
2184 791 2251 847 iis
2292 791 2382 860 qui
2440 791 2491 843 id
2531 804 2781 858 magnum
2845 788 3270 843 existimabant:
3300 790 3447 855 ipsos

1884 898 2010 939 vero
2061 882 2362 954 agrestibus
2410 881 2730 951 quibusdam
2788 882 2939 950 equis
2994 878 3447 949 alligatos,jussit

1883 991 2044 1047 quam
2106 977 2338 1043 primum
2404 974 2490 1045 agi
2526 974 2747 1028 Sardas.
2782 975 2961 1043 Atque
3005 988 3177 1042 equos
3204 971 3443 1042 quidem,

1881 1081 2004 1120 cum
2034 1065 2357 1133 incepissent
2383 1079 2605 1119 currere
2665 1063 2961 1133 Thyatiris,
2996 1064 3322 1118 adventante
3356 1078 3445 1118 ve-

1882 1168 2059 1220 spere,
2097 1154 2284 1208 Sardis
2315 1153 2398 1207 vix
2444 1152 2658 1209 tandem
2689 1152 2895 1208 faciunt
2925 1170 2950 1207 a
2972 1170 3132 1209 cursu
3165 1156 3444 1209 desistere.

1883 1244 2145 1299 Caeterum
2173 1245 2518 1315 martyribus,
2551 1248 2641 1313 qui
2668 1245 2721 1299 in
2750 1247 2850 1299 hoc
2875 1246 3068 1299 acerbo
3094 1246 3329 1298 cruciatu
3368 1254 3450 1299 to-

1886 1345 1997 1388 tum
2028 1334 2169 1388 diem
2222 1344 2610 1405 transegerant,
2647 1350 2744 1389 nec
2794 1352 2903 1388 nox
2923 1345 3101 1391 tamen
3136 1337 3291 1391 bonis
3316 1338 3448 1391 aeti-

1886 1426 1985 1481 bus
2011 1440 2177 1479 vacua
2208 1426 2469 1480 remansit
2499 1444 2511 1478 :
2546 1428 2637 1479 sed
2670 1427 2722 1478 iu
2749 1425 2948 1480 divinis
2981 1426 3194 1496 hymnis
3223 1426 3447 1492 plurima

1886 1534 2010 1587 pars
2037 1518 2152 1587 ejus
2181 1519 2279 1573 fuit
2314 1530 2658 1589 consumpta.
2695 1519 2749 1574 Si
2790 1522 3003 1588 quando
3028 1531 3205 1573 autem
3260 1537 3445 1589 parum

1885 1611 2055 1663 somni
2097 1619 2372 1677 caperent,
2397 1611 2475 1664 eis
2504 1612 2819 1665 assistentes
2857 1612 3054 1681 angeli,
3094 1614 3335 1667 defessos
3368 1628 3450 1666 re-

1883 1702 2139 1756 creabant
2171 1720 2185 1758 :
2217 1711 2269 1757 et
2292 1702 2358 1755 ad
2392 1712 2661 1756 tormenta
2690 1718 2811 1757 mox
2842 1702 3019 1756 futura
3041 1705 3310 1759 faciebant
3335 1707 3452 1757 ani-

1885 1809 1971 1848 mo
2011 1795 2325 1849 alacriores.
2361 1793 2630 1849 Postridie
2677 1804 2854 1850 autem
2885 1795 3078 1864 partim
3113 1796 3330 1865 quidem
3365 1796 3449 1848 iu-

1887 1895 1969 1939 ter
1989 1900 2069 1949 se,
2098 1886 2291 1955 partim
2316 1896 2490 1941 autem
2516 1886 2551 1939 ii
2584 1886 2672 1954 qui
2696 1888 2940 1951 aderant,
2964 1886 3254 1940 narrabant
3276 1886 3448 1940 sancti

1885 1976 2119 2029 divinam
2159 1976 2302 2030 illam
2324 1976 2736 2046 apparitionem,
2770 1986 2823 2031 et
2858 1986 3137 2031 venturum
3171 1975 3447 2030 Valerium

1885 2067 1948 2119 ad
1982 2081 2167 2119 eorum
2200 2068 2651 2122 examinationem
2688 2071 3092 2136 exspectabant,
3128 2069 3346 2136 perinde
3388 2080 3449 2116 ac

1884 2159 2101 2225 quidam
2125 2158 2331 2212 strenui
2366 2159 2563 2213 milites
2593 2161 2891 2213 certamina
2940 2158 3238 2228 cupientes,
3274 2169 3327 2211 et
3383 2161 3447 2211 ad

1885 2258 2113 2303 mortem
2174 2265 2296 2305 cum
2328 2250 2496 2320 gloria
2542 2251 2957 2319 suscipiendam,
2986 2266 3244 2320 generose
3274 2260 3327 2303 et
3358 2266 3452 2302 an-

1886 2338 2070 2392 dacter
2094 2338 2382 2393 intuentes.
2408 2341 2497 2394 llle
2518 2352 2696 2395 autem
2724 2357 2843 2394 cum
2871 2343 3203 2409 pervenisset
3223 2341 3446 2403 Sardas,

1886 2440 2015 2487 tunc
2045 2431 2412 2499 existimabat,
2444 2441 2499 2487 et
2533 2432 2578 2486 si
2613 2448 2716 2488 non
2770 2433 2942 2502 prius,
2973 2448 3029 2487 se
3057 2432 3450 2487 obedientiores

1886 2531 1941 2578 et
1999 2524 2271 2579 faciliores
2326 2524 2674 2578 inventurum
2735 2535 3022 2596 martyres.
3070 2524 3252 2579 Solum
3305 2524 3449 2578 enim

1885 2614 2087 2669 sciebat
2136 2615 2452 2682 cruciatus;
2484 2615 2907 2673 consolationem
2958 2626 3136 2675 autem
3174 2616 3312 2669 unde
3344 2614 3452 2668 sci-

1886 2715 1970 2761 ret
1996 2718 2206 2761 terrena
2246 2707 2333 2761 illa
2377 2708 2578 2774 anima,
2610 2715 2664 2763 et
2696 2709 2866 2763 aliena
2917 2722 2946 2760 a
3009 2708 3184 2760 divina
3233 2707 3450 2774 appari-

1885 2798 2031 2851 tione
2076 2806 2132 2852 et
2174 2797 2607 2853 bonitate?Cum
2652 2813 2745 2853 eos
2784 2809 2960 2853 autem
3014 2799 3243 2853 vidisset
3276 2799 3447 2863 vultu,

1885 2901 2047 2955 quam
2100 2889 2248 2957 prius
2298 2888 2553 2953 latiores.
2603 2890 2903 2960 spirituque
2941 2890 3359 2952 constantiores,
3396 2899 3451 2942 et

1884 2981 2065 3033 animo
2100 2981 2277 3035 minus
2326 2981 2585 3050 deiectos,
2626 2985 2921 3051 desperans
2952 2997 3009 3035 se
3040 2997 3196 3050 posse
3225 2997 3316 3034 eos
3346 2989 3453 3034 tor-

1886 3072 2082 3128 mentis
2104 3088 2434 3145 expugnare,
2469 3075 2928 3131 assentationibus
2974 3090 3162 3129 rursus
3196 3083 3247 3129 et
3277 3075 3450 3143 majo-

202 3149 431 3219 δωρεῶν
499 3151 762 3219 μειζόνων
822 3154 1179 3223 ἐπαγγελίαις
1212 3159 1313 3228 τὴν
1364 3161 1474 3212 τῶν
1518 3166 1853 3234 γενναίωνρ

1808 3173 1853 3234 ο
1888 3179 2003 3217 rum
2034 3166 2299 3220 donorum
2343 3168 2795 3235 promissionibus
2832 3169 3243 3237 aggrediebatur
3285 3167 3452 3221 emol-

206 3240 468 3296 ἔνστασιν
518 3244 855 3315 ὑποχαυνοῦν
905 3248 1200 3319 ἐπεχείρει.
1254 3249 1342 3313 Ὠς
1393 3250 1449 3304 δὲ
1476 3254 1570 3305 ἐπὶ
1620 3255 1783 3311 πλέον

204 3332 413 3402 ἐπείρα
467 3334 557 3387 καὶ
594 3334 815 3389 πλείονα
870 3338 949 3390 ἔτι
985 3339 1082 3409 τὴν
1124 3343 1463 3412 στερρότητα
1513 3347 1779 3415 κατενόει,

207 3425 351 3495 πρὸς
380 3426 441 3476 τὸ
473 3428 747 3497 αὐστηρὸν
776 3425 932 3493 αὖθις
966 3433 1165 3504 ἐχώρει
1202 3439 1279 3506 τῷ
1312 3441 1524 3508 συνεχεῖ
1550 3441 1650 3509 τῆς
1684 3458 1783 3511 με·

204 3514 445 3584 ταϐολῆς
476 3517 569 3568 καὶ
592 3517 671 3587 τῷ
703 3522 933 3591 ποικίλῳ
959 3525 1052 3592 τῆς
1088 3528 1305 3595 ὁμιλίας
1337 3528 1571 3598 θηρᾶσαι
1595 3532 1697 3603 τὴν
1726 3533 1785 3586 ἐν

204 3609 437 3681 Χριστῷ
473 3610 749 3682 ἁπλότητα
790 3612 899 3667 τῶν
940 3616 1112 3684 ἁγίων
1144 3621 1173 3672 δ
1217 3619 1427 3684 σκολιὸς
1458 3624 1786 3695 μηχανώμε-

203 3719 320 3764 νος.

278 3792 367 3850 Η’.
413 3796 567 3849 Ἐπεὶ
593 3796 649 3851 δὲ
683 3798 775 3851 καὶ
799 3798 942 3854 οὕτω
970 3803 1276 3874 νικώμενος
1302 3800 1370 3879 ἦν
1404 3806 1499 3862 καὶ
1533 3807 1652 3862 οὐδὲ
1692 3826 1781 3879 μι-

203 3886 349 3955 κρὸν
384 3886 765 3952 ὕπενδιδόντας
788 3888 935 3959 ἐώρα
958 3893 1083 3954 τοὺς
1108 3895 1414 3964 μάρτυρας,
1453 3896 1568 3948 ἀλλ’
1594 3898 1785 3968 ὥσπερ

201 3993 293 4038 τις
317 3976 547 4045 ἀλώπηξ
577 3980 748 4048 ἐφάνη
780 3981 1163 4055 διαμαχομένη
1206 3985 1340 4057 πρὸς
1377 3986 1618 4051 λέοντας,
1651 3989 1785 4042 ἀποε-

203 4068 325 4141 ρῶν
362 4071 475 4132 τοῖς
512 4067 676 4135 ὅλοις,
703 4070 999 4141 ὑπέρχεται
1025 4076 1223 4145 τέχνην
1269 4077 1482 4149 ἐτέραν,
1515 4080 1609 4131 καὶ
1639 4080 1788 4150 Κάρ-

202 4180 314 4215 πον
355 4164 455 4231 μὲν
477 4163 571 4215 καὶ
604 4162 858 4217 Πάπυλον
888 4166 1279 4234 ἀποπέμπεται
1312 4171 1442 4231 τοὺς
1480 4171 1784 4236 γενναίους,

204 4254 474 4323 ἀσφαλῶς
526 4254 807 4324 τηρεῖσθαι
881 4256 1160 4320 κελεύσας.
1206 4257 1309 4309 Τὸν
1358 4257 1415 4310 δὲ
1470 4258 1784 4327 θαυμαστὸν

214 4346 620 4413 ’Λγαθόδωρον.
654 4345 713 4409 ὃς
745 4349 855 4410 τοῖς
882 4348 1117 4419 μάρτυσι
1147 4347 1449 4419 διηκονεῖτο
1472 4348 1564 4402 καὶ
1590 4350 1656 4402 τὰ
1678 4350 1784 4405 τῶν

200 4437 446 4489 abte-.th
469 4437 703 4506 ἔπραττε
732 4440 749 4505 (
776 4438 988 4507 μάρτυς
1014 4441 1107 4491 καὶ
1138 4443 1299 4502 αὐτὸς
1334 4441 1434 4511 ἤδη
1458 4442 1663 4505 τέλειος
1683 4442 1780 4511 ὢν,

1884 3255 1983 3309 lire
2014 3257 2252 3311 virorum
2292 3257 2514 3312 fortium
2556 3259 2935 3314 constantiam.
2970 3261 3101 3313 Cum
3128 3271 3303 3314 autem
3331 3275 3448 3312 ma-

1882 3346 1963 3414 gis
1994 3355 2276 3413 tentasset,
2319 3358 2375 3403 et
2424 3351 2598 3405 adhuc
2660 3349 2917 3417 majorem
2975 3349 3451 3404 animadvertisset

1884 3434 2093 3488 roboris
2120 3436 2450 3500 firmitatem,
2489 3441 2753 3507 processit
2776 3454 2960 3493 rursus
2988 3442 3052 3491 ad
3076 3441 3446 3504 acerbitatem,

1883 3525 2136 3579 continua
2177 3527 2495 3593 mutatione,
2548 3537 2600 3581 et
2627 3527 2771 3582 varia
2818 3528 3193 3595 collocutione,
3224 3530 3450 3585 moliens

1884 3617 2159 3687 improbus
2205 3621 2389 3675 venari
2414 3636 2552 3686 eam,
2588 3636 2708 3690 qua
2759 3622 2810 3677 in
2845 3622 3058 3679 Christ
3086 3620 3303 3677 fundata
3333 3630 3451 3677 erat

1884 3717 2194 3760 sanctorum
2229 3708 2653 3775 simplicitatem.

1955 3796 2087 3854 VIII.
2113 3798 2245 3852 Cum
2276 3807 2452 3853 autem
2482 3799 2560 3854 sic
2584 3813 2795 3869 quoque
2826 3801 3157 3866 vinceretur,
3186 3810 3237 3856 et
3262 3817 3328 3856 ne
3351 3817 3448 3872 pa-

1885 3907 2002 3945 rum
2026 3892 2241 3959 quidem
2270 3892 2522 3947 cedentes
2546 3891 3049 3963 videretmartyres,
3075 3895 3167 3947 sed
3182 3903 3441 3959 tanquam

1883 3983 2068 4050 vulpes
2119 3981 2363 4050 quaedam
2425 3983 2574 4037 visus
2630 3995 2711 4038 est
2748 3998 2991 4052 pugnare
3018 3994 3206 4038 contra
3240 3984 3444 4045 leones,

1884 4073 2049 4127 animi
2080 4073 2240 4143 plane
2281 4074 2476 4129 dubius
2511 4084 2565 4128 et
2588 4077 2896 4144 perplexus,
2938 4075 3038 4129 alia
3087 4087 3201 4131 arte
3234 4091 3326 4130 eos
3352 4092 3444 4130 su-

1886 4181 2075 4234 perare
2101 4166 2443 4234 aggreditur;
2475 4178 2529 4219 et
2553 4167 2787 4234 Carpqu
2824 4169 3041 4235 quidem
3088 4179 3139 4220 et
3184 4168 3442 4237 Papyium

1884 4257 2028 4310 viros
2058 4255 2223 4311 fortes
2250 4270 2312 4310 ac
2357 4256 2645 4325 praeclaros
2685 4257 2928 4323 dimittit,
2958 4258 3159 4328 jubens
3198 4275 3290 4313 eos
3333 4270 3449 4313 tuto

1884 4346 2086 4401 servari
2115 4364 2129 4401 :
2162 4345 2532 4402 admirabilem
2557 4359 2732 4403 autem
2767 4350 3191 4419 Agatltodorum,
3221 4352 3312 4422 qui
3347 4353 3447 4404 mi-

1887 4437 2152 4491 nistrabat
2178 4437 2528 4507 martyribus,
2555 4448 2605 4493 et
2633 4438 2950 4491 famulorum
2991 4455 3211 4493 munere
3252 4441 3445 4509 funge-

202 4527 305 4577 καὶ
356 4525 438 4593 τῷ
500 4504 629 4593 περὶ
676 4504 873 4586 αὐτοὺς
935 4526 1141 4598 φίλτρῳ
1180 4529 1290 4581 τῶν
1330 4504 1508 4583 αὐτῶν
1552 4504 1780 4596 ἐκείνοις
1810 4504 1862 4563 D

1810 4504 1862 4563 D
1892 4529 2047 4580 hatur
2091 4528 2204 4598 (qui
2248 4504 2361 4597 ipse
2390 4542 2601 4594 quoque
2631 4527 2739 4595 jam
2769 4538 2884 4582 erat
2916 4528 3184 4596 perfectus
3215 4504 3444 4599 mart'yr,

202 4616 494 4670 ἐκοινώνει
526 4616 845 4685 κολάσεων),
887 4618 1077 4673 τοῦτον
1108 4620 1359 4673 ἐκέλευσε
1400 4620 1633 4675 ταθέντα
1658 4624 1778 4693 pou-

203 4707 431 4775 νεύροις
472 4706 713 4777 ἀνηλεῶς
759 4710 1097 4763 τύπτεσθαιδ
1128 4711 1245 4781 ἅμα
1294 4712 1393 4781 μὲν
1437 4714 1627 4765 λυπεῖν
1653 4716 1780 4779 τοὺς

205 4800 410 4866 ἁγίους
442 4797 531 4852 διὰ
588 4798 686 4867 τῆς
734 4796 872 4869 πρὸς
899 4798 989 4850 τὸν
1020 4800 1314 4867 ὁμόπιστον
1343 4802 1633 4871 τιμωρίας,
1664 4803 1780 4870 ἆμα

204 4887 264 4940 δέ
300 4887 403 4939 καὶ
438 4889 623 4954 φοϐεῖν
650 4888 993 4958 βουλόμενος.
1039 4887 1375 4955 Ἠμιλλῶντο
1408 4886 1500 4943 οὖν
1529 4892 1779 4961 ἀλλήλοις

207 4977 471 5047 ἑκάτεροι
502 4977 529 5029 ὃ
582 4994 641 5029 τε
689 4980 934 5043 κολάζων
985 4980 1245 5049 δικαστὴς
1295 4982 1387 5035 καὶ
1416 4982 1444 5035 ὁ
1477 4984 1723 5052 μάρτυς·
1755 4988 1783 5038 ὁ

206 5067 479 5137 δικαστὴς
504 5066 599 5137 μὲν
627 5065 766 5119 ὥστε
787 5068 864 5136 τῷ
895 5069 1085 5139 πλήθει
1104 5070 1209 5121 τῶν
1240 5070 1462 5137 πληγῶν
1491 5071 1583 5123 τὸν
1613 5070 1782 5140 ἄνδρα

207 5159 383 5221 ἑλεῖν,
417 5162 443 5211 ὀ
475 5160 683 5227 μάρτυς
715 5159 768 5211 δὲ
795 5160 962 5229 ἡδέως
980 5160 1127 5214 οὕτω
1176 5161 1273 5223 τὰς
1307 5161 1521 5231 πληγάς
1551 5163 1776 5232 δεχόμε-

203 5272 322 5321 νος,
351 5252 429 5314 ὡς
459 5250 616 5319 δῆλον
663 5245 800 5303 εἷναι
826 5250 984 5303 τοῦτο
1015 5252 1083 5304 δι’
1127 5253 1291 5322 εὐχῆς
1322 5252 1590 5316 τίθεσθαι,
1616 5255 1673 5305 τὸ
1703 5254 1782 5307 δι-

204 5345 453 5414 αρκέσαι
502 5342 601 5409 τὴν
635 5342 921 5413 ξτιμωρίαν
968 5342 1063 5394 καὶ⁸
1106 5346 1178 5411 μὴ
1241 5345 1621 5413 ἀπαγορεῦσαι
1654 5346 1781 5408 τοὺς

205 5432 492 5494 κολαστὰς
530 5430 809 5493 παίοντας.
870 5432 955 5494 Ὠς
1009 5426 1101 5483 οὖν
1133 5432 1193 5483 τὸ
1242 5434 1577 5504 μσρτυρικὸν
1606 5435 1784 5487 ἐκεῖνο

204 5527 378 5593 σῶμα
416 5521 587 5575 πολὺν
648 5522 748 5593 ήδη
803 5525 923 5583 ταῖς
973 5522 1225 5591 μάστιξιν
1275 5525 1538 5585 ἐκόπτετο
1567 5517 1780 5595 χρόνον,

203 5620 454 5686 αἵματος
489 5614 587 5682 μὲν
638 5614 827 5686 ὥσπερ
876 5614 939 5666 ἐκ
972 5632 1116 5678 τινος
1149 5615 1331 5685 πηγῆς
1360 5619 1579 5685 κρουνοὶ
1612 5618 1784 5670 ἀνεδί-

203 5712 391 5771 δοντο,
418 5706 702 5775 σπλάγχνα
720 5707 773 5759 δὲ
797 5708 894 5776 τῆς
910 5707 1115 5769 οἰκείας
1140 5725 1203 5759 πε
1216 5707 1432 5776 ριϐολῆς
1459 5710 1781 5777 ἐγυμνοῦτο,

207 5802 353 5872 μύες
406 5800 513 5853 τῶν
572 5799 845 5869 ἁρμονιῶν
897 5800 1213 5863 διεσπῶντο,
1258 5800 1348 5853 καὶ
1403 5800 1565 5869 ἡτῆς
1594 5802 1783 5870 ὀδύνης

1886 4626 1939 4671 et
1963 4632 2061 4671 suo
2086 4619 2136 4669 in
2172 4632 2263 4671 eos
2295 4631 2478 4670 amore
2500 4627 2617 4671 erat
2661 4619 2839 4674 socius
2888 4621 3202 4676 earumdem
3241 4624 3444 4690 suppli-

1886 4711 2159 4776 ciorum).
2212 4694 2375 4775 eum,‘
2408 4713 2648 4782 inquam,
2692 4711 2851 4780 jussit
2907 4725 3225 4778 extensum,
3285 4716 3443 4773 boum

1888 4800 2067 4855 nervis
2108 4801 2240 4856 (ξαιόί
2274 4803 2792 4864 imtuisericorditer,
2819 4803 3204 4872 simulquidem
3230 4817 3448 4857 sanctus

1888 4892 2131 4946 molestia
2167 4890 2376 4946 allicere
2407 4902 2624 4960 propter
2672 4893 2968 4946 cruciatum
3001 4891 3140 4960 ejus,
3187 4893 3270 4962 qui
3333 4904 3448 4946 erat

1887 4984 2120 5049 ejusdem
2159 4983 2300 5044 fidei,
2333 4993 2385 5035 et
2424 4982 2749 5037 terrefacere
2778 4985 2983 5041 volens.
3044 4983 3268 5050 Utrique
3318 5000 3449 5054 ergo

1890 5076 2028 5126 inter
2060 5086 2117 5126 se
2145 5074 2562 5135 contendebant,
2595 5090 2785 5143 nempe
2812 5085 2862 5126 et
2883 5075 3066 5143 judex,
3109 5077 3196 5140 qui
3256 5079 3442 5143 punie-

1891 5163 1999 5223 bat,
2039 5172 2091 5215 et
2138 5175 2362 5233 martyr,
2410 5164 2569 5231 jmlex
2607 5163 2842 5230 quidem,
2878 5174 2934 5218 ut
2968 5165 3310 5218 multitudine
3342 5168 3452 5233 pla-

1890 5269 2072 5321 garum
2106 5269 2226 5308 eum
2255 5264 2581 5322 expugnaret
2608 5271 2622 5321 ;
2653 5264 2858 5324 martyr
2894 5264 3093 5317 autem,
3123 5255 3307 5323 plagas
3341 5269 3446 5308 tam

1891 5346 2120 5400 libenter
2175 5346 2468 5415 accipiens,
2507 5358 2564 5399 ut
2624 5348 2844 5400 evidens
2879 5356 3046 5413 esset,
3071 5362 3189 5400 eum
3223 5351 3323 5401 hoc.
3358 5349 3447 5400 ha-

1893 5438 2018 5490 bere
2055 5437 2105 5488 in
2139 5436 2292 5500 votis,
2331 5445 2386 5488 ut
2439 5438 2656 5492 duraret
2695 5437 3034 5505 supplicium,
3071 5453 3124 5491 et
3156 5455 3260 5494 non
3298 5442 3446 5493 defa-

1895 5528 2191 5596 tigareutur
2223 5538 2452 5580 tortores
2481 5524 2753 5583 ferientes‘.
2781 5530 2912 5585 Cum
2949 5546 3075 5599 ergo
3106 5534 3447 5601 martyricum

1896 5618 2022 5670 illud
2060 5632 2254 5685 carpus
2282 5623 2391 5685 jam
2435 5618 2591 5688 longo
2616 5629 2853 5687 tempore
2881 5621 3172 5673 caederetur
3206 5621 3445 5691 ﬂagellis,

1894 5710 2276 5762 etnittebantur
2328 5709 2540 5773 quidem
2592 5710 2688 5762 rivi
2739 5714 3035 5779 sanguinis,
3099 5718 3352 5778 tanquam
3385 5729 3450 5765 ex

1893 5801 2121 5867 quodam
2159 5797 2323 5865 fonte,
2385 5816 2479 5853 suo
2513 5810 2689 5857 autem
2730 5803 3091 5869 integumento
3120 5802 3454 5858 nudabantur
