4212 6440
742 432 845 491 1i5

2034 418 2086 475 Μ
2100 416 2315 474 ENSIS
2351 416 2679 474 APRILIS.

3878 413 3975 476 116

747 545 975 601 viscera.
1026 534 1421 591 divellebantur
1473 532 1698 587 musculi
1760 547 1789 584 a
1848 530 2219 599 compagibus,
2258 528 2383 585 οιΑ

2338 528 2383 585 Α
2410 528 2658 595 αἴσθησις
2699 526 2866 593 πολλή
2904 544 2985 587 τις
3044 525 3285 593 ἀτεχνῶς
3344 525 3433 575 καὶ
3466 524 3683 593 δριμεῖα
3718 526 3811 575 τὸν
3854 540 3978 589 γεν-

746 645 934 685 sensus
996 625 1197 682 doloris
1249 637 1439 677 revera
1502 637 1727 692 magnus
1763 632 1818 675 et
1852 635 1977 675 acer
2020 618 2307 672 int-adehat

748 722 917 775 virum
953 718 1171 773 fortem.
1204 715 1298 769 Ille
1334 724 1511 769 autem
1551 714 1774 784 perinde
1802 728 1866 766 ac
1893 712 1937 765 si
1980 712 2177 763 nullam
2209 725 2307 779 pa-

744 820 949 863 teretur
982 804 1305 870 molestiam,
1343 804 1393 857 in
1420 804 1576 858 malis
1612 804 1682 857 ita
1722 810 1840 855 erat
1872 800 2116 865 aﬂ‘ectus,
2142 800 2307 855 silen-

745 902 818 953 tio
839 900 1022 954 ferens
1077 898 1298 951 crebros
1352 898 1487 949 ictus
1544 894 1899 964 ﬂagellorum,
1938 903 1991 946 et
2034 892 2139 960 pati
2177 907 2307 961 pro-

746 1000 864 1058 pter
887 991 1186 1057 Christum,
1219 991 1426 1045 habens
1449 988 1583 1044 satis
1615 1002 1865 1057 magnum
1887 986 2129 1041 dolorum
2160 986 2307 1039 sola-

744 1082 899 1135 tium.

815 1169 905 1225 IX.
940 1170 1073 1225 Cum
1099 1181 1277 1226 autem
1301 1171 1413 1241 jam
1443 1170 1688 1225 defessus
1723 1168 1939 1236 quidem
1969 1177 2111 1223 esset
2153 1165 2309 1221 Vale—

744 1260 873 1326 rius,
910 1261 1180 1330 defatigati
1212 1270 1388 1316 autem
1429 1272 1608 1316 essent
1642 1261 1859 1314 lictores
1888 1258 2153 1323 feriendo,
2182 1273 2307 1311 eum

741 1366 871 1406 vero
928 1361 1195 1408 tormenta
1244 1354 1412 1426 magis
1439 1354 1794 1417 laztilicarent,
1822 1353 2073 1408 Christus
2100 1367 2221 1406 eum
2252 1352 2306 1405 in

741 1443 910 1497 ctelos
947 1448 1197 1510 accersit,
1239 1448 1496 1500 athletam
1524 1446 1683 1516 digne
1728 1454 2101 1499 coronaturus.
2135 1441 2183 1497 ls
2207 1459 2307 1497 au-

745 1543 848 1587 tem
878 1544 933 1589 et
963 1536 1144 1589 statim
1176 1537 1421 1605 spiritum
1447 1536 1501 1590 in
1531 1552 1720 1590 manus
1767 1537 1902 1604 ejus,
1935 1536 2025 1605 qui
2073 1534 2306 1600 vocavit,

746 1635 799 1676 et
826 1640 1018 1693 corpus
1049 1638 1319 1683 mortuum
1359 1628 1581 1683 tradidit
1603 1628 2017 1698 ﬂagellantibus.
2043 1626 2195 1693 Quod
2224 1629 2307 1681 in-

744 1717 1007 1783 sepultum
1063 1720 1275 1786 quidem
1309 1719 1408 1773 fuit
1442 1720 1765 1788 projectum,
1805 1729 1863 1772 ut
1889 1720 2241 1774 devoraretur
2276 1732 2305 1770 a

746 1809 874 1860 leris
901 1819 954 1862 et
979 1800 1218 1873 alitibus,
1246 1826 1369 1863 cum
1402 1815 1471 1864 ita
1496 1810 1744 1879 jussisset
1780 1810 2040 1865 Valerius.
2074 1809 2307 1879 Vespere

742 1910 920 1955 autem
960 1901 1174 1970 quidam
1207 1917 1271 1955 ex
1306 1902 1369 1956 iis
1396 1902 1484 1970 qui
1516 1902 1622 1956 illic
1674 1917 1839 1971 prope
1874 1902 2209 1968 habitabant,
2255 1901 2307 1955 id

740 1992 1075 2046 abscondunt
1096 1993 1146 2046 in
1170 1993 1396 2061 quadam
1423 1996 1721 2062 prapinqua
1746 1994 2020 2057 spelunca,
2050 1994 2305 2046 ducentes

743 2082 845 2137 hoc
886 2098 1002 2138 esse
1051 2097 1185 2153 opus
1252 2083 1464 2151 benigni
1495 2095 1545 2137 et
1580 2084 1860 2137 clementis
1879 2083 2063 2144 animi,
2100 2094 2193 2136 aut
2229 2084 2305 2137 sic

743 2173 907 2228 etiam
939 2174 1117 2228 divina
1147 2174 1496 2242 dispensante
1519 2174 1881 2227 Providentia.
1906 2174 2172 2237 Quidnam
2212 2190 2307 2226 au-

747 2274 853 2319 tem
891 2276 969 2318 est
1005 2274 1189 2334 postea
1234 2266 1628 2319 consecutum?
1668 2263 1913 2318 Valerius
1963 2279 2179 2332 praeses.
2213 2265 2303 2331 qui

743 2367 859 2410 erat
896 2372 1077 2412 revera
1104 2366 1314 2411 versuta
1348 2367 1400 2411 et
1427 2356 1763 2412 fraudulenta
1785 2356 1989 2423 vulpes,
2013 2356 2307 2408 lenioribus

744 2448 923 2501 verbis
975 2457 1194 2503 sanctos
1255 2448 1585 2515 aggreditur,
1636 2448 1827 2499 timens
1866 2447 2021 2509 forte,
2064 2462 2127 2499 ne
2165 2448 2308 2513 ipsos

742 2553 975 2607 quoque,
994 2540 1258 2608 sicutjam
1277 2540 1439 2593 etiam
1464 2538 1885 2603 Agathodorum,
1910 2540 2110 2591 alllillel
2126 2547 2194 2591 et.
2218 2536 2304 2589 Di-

743 2632 1065 2685 cebaLenim
1103 2649 1116 2685 :
1148 2631 1243 2685 Ille
1274 2630 1491 2699 quidem
1548 2631 1748 2683 invenit
1807 2641 2033 2683 mortem
2088 2631 2303 2699 dignam

745 2724 832 2775 tali
868 2726 1174 2793 arrogantia
1232 2734 1282 2777 et
1318 2724 1577 2784 amentia,
1622 2737 1743 2775 cum
1782 2737 1884 2773 non
1922 2723 2213 2788 paruisset,
2252 2730 2308 2769 nt

746 2814 1080 2866 sacriﬁcaret
1104 2813 1207 2864 diis
1238 2812 1656 2864 immortalibus.
1693 2810 1795 2863 Vos
1826 2820 2002 2861 autem
2032 2825 2150 2860 cum
2188 2810 2308 2862 sitis

741 2905 1032 2970 sapientes,
1066 2918 1163 2958 cur
1191 2918 1294 2957 non
1336 2903 1577 2971 aspicitis
1624 2904 1689 2955 ad
1734 2904 1805 2961 id.
1852 2904 1991 2969 quod
2038 2912 2118 2954 est
2157 2901 2307 2955 vobis

740 2995 1100 3057 conducibile,
1140 2998 1231 3049 sed
1272 2996 1429 3049 vultis
1460 3011 1579 3050 esse
1607 2994 1808 3049 similes
1837 2994 2041 3047 homini
2072 3010 2193 3048 vere
2224 2996 2307 3045 in-

742 3086 906 3149 felici,
936 3088 1024 3156 qui
1062 3102 1158 3155 pro
1188 3088 1292 3140 vita
1327 3097 1380 3139 et
1409 3087 1602 3155 gaudio
1625 3086 1789 3137 stulte
1820 3085 2107 3137 violentam
2172 3100 2308 3137 mor-

2410 622 2556 671 ναῖον
2584 618 2754 688 εἰσῄει
2781 636 2792 649 ο
2829 620 2855 670 ὁ
2881 619 2957 679 δὲ,
2992 619 3241 683 καθάπερ
3272 616 3379 667 τῶν
3408 615 3722 665 λυπούντων
3754 615 3979 681 πάσχων

2409 709 2581 773 ούδὶν,
2628 710 2803 771 οὕτως
2832 712 2890 761 ἐν
2925 712 3033 770 τοῖς
3083 708 3277 767 δεινοῖς
3306 707 3562 765 διέκειτο,
3587 703 3764 773 ησυχῆ
3788 705 3977 771 φέρων

2410 800 2505 863 τὰς
2530 802 2637 851 τῶν
2672 802 2953 869 μαστίγων
2988 802 3213 867 νιφάδας
3267 798 3359 849 καὶ
3394 797 3454 847 τὸ
3484 797 3571 848 διὰ
3603 795 3838 864 Χριστὸν
3871 795 3977 845 πά-

2411 906 2561 958 σχειν
2584 889 2790 961 ἀρκοῦν
2810 890 2948 957 ἔχων
2980 889 3085 939 τῶν
3117 887 3313 939 ὀδυνῶν
3337 882 3708 954 παραμύθιον.

2478 1161 2554 1215 Θ’.
2586 1161 2673 1220 Ὠς
2704 1158 2760 1210 δὲ
2786 1154 3077 1224 ἀπειρήκει
3106 1152 3204 1219 μὲν
3233 1153 3259 1202 ὁ
3280 1149 3571 1217 Οὐαλέριος
3598 1146 3719 1216 ἥδη,
3742 1144 3983 1214 ἔκαμνον

2411 1252 2465 1303 δὲ
2494 1253 2543 1304 οἱ
2579 1252 2764 1318 δήμιοι
2795 1247 3073 1307 παίοντες,
3109 1244 3199 1293 τὸν
3231 1240 3288 1293 δὲ
3330 1241 3421 1291 καὶ
3454 1236 3687 1306 ἧγαλλον
3724 1234 3784 1288 al
3810 1234 3982 1303 βασα-

2412 1361 2489 1397 νοι
2522 1341 2742 1411 μᾶλλον,
2778 1336 3167 1408 μετακαλεῖται
3222 1332 3321 1401 μὲν
3351 1332 3429 1392 είς
3478 1328 3736 1397 οὐρανοὺς
3782 1328 3808 1377 ὁ
3840 1327 3981 1394 Χρι-

2411 1434 2555 1496 στὸς,
2596 1431 2761 1497 ἀξίως
2790 1424 3155 1495 στεφανώσων
3196 1423 3288 1475 τὀν
3328 1420 3599 1488 ἀθλητήν·
3650 1411 3804 1477 οὗτος
3835 1416 3891 1467 δὲ
3919 1414 3983 1465 τὸ

2410 1524 2628 1594 πνεῦμά
2658 1539 2718 1575 τε
2740 1524 2818 1585 είς
2853 1522 3041 1589 χεῖρας
3068 1516 3226 1577 εὐθὺς
3275 1512 3368 1565 τοῦ
3404 1511 3731 1570 καλέσαντος
3788 1506 3884 1558 καὶ
3918 1504 3984 1560 τὸ

2410 1617 2570 1686 σῶμα
2600 1613 2793 1684 νεκρὸν
2820 1613 2933 1673 τοῖς
2960 1608 3235 1671 αίκίζουσι
3276 1602 3580 1674 παρετίθει,
3607 1602 3744 1671 ὅπερ
3771 1599 3983 1667 ἄταφον

2411 1709 2511 1779 μὲν
2536 1705 2968 1776 παρερρἱπτετο,
3000 1701 3217 1753 δεῖπνον
3259 1696 3479 1762 ῑτοιμον
3507 1691 3718 1762 θηρίοις
3746 1691 3840 1743 καὶ
3877 1706 3983 1741 πε-

2407 1802 2604 1861 τεινοῖς
2631 1796 2951 1863 ἐκκείμενον
2974 1809 2987 1820 ·
3012 1790 3155 1842 οὕτω
3182 1784 3491 1857 προσταγὲν
3529 1784 3633 1835 ὑπὸ
3658 1779 3980 1850 Οὐαλερίου.

2337 1860 2383 1919 Β
2424 1891 2614 1960 Ὀψίας
2642 1888 2700 1942 δὲ
2723 1884 3048 1955 γενομένης,
3080 1880 3223 1939 τινες
3259 1876 3368 1929 τῶν
3402 1877 3517 1927 ἐκεῖ
3543 1872 3983 1942 προσοικούντων

2414 1980 2711 2053 κρύπτουσι
2738 1974 2893 2027 τοῦτο
2924 1971 2980 2025 ἔν
3010 1987 3115 2023 τινι
3151 1965 3479 2037 γειτονοῦντι
3520 1960 3790 2031 σπηλαίῳ,
3819 1960 3986 2028 ἔργον

2411 2052 2794 2143 φιλανθρώπου
2834 2064 3013 2136 ψυχῆς
3067 2060 3372 2122 ποιοῦντες,
3433 2056 3468 2124 ἢ
3522 2055 3613 2107 καὶ
3648 2053 3800 2114 θείας
3836 2052 3985 2103 οὕτω

2409 2164 2664 2235 προνοίας
2693 2157 3104 2226 οίκονομούσης.
3137 2154 3209 2204 Τὸ
3242 2152 3298 2203 δὲ
3333 2148 3471 2217 μετά
3510 2143 3684 2198 ταῦτα
3714 2145 3800 2207 ti;
3838 2144 3986 2193 Ούα-

2406 2259 2585 2325 λέριος
2620 2254 2908 2322 δήγεμὼν,
2933 2252 2966 2318 ἡ
3007 2246 3346 2315 παλίμϐολος
3388 2243 3465 2310 τῷ
3496 2242 3611 2293 δντι
3653 2239 3746 2296 καὶ
3784 2238 3986 2305 δολερά

2408 2348 2569 2402 πάλιν
2604 2343 2848 2412 ἀλώπηξ,
2892 2338 3222 2411 ἠπιωτέρως
3251 2336 3377 2397 τοὺς
3434 2333 3624 2400 ἁγίους
3673 2330 3983 2400 ὑπέρχεται

2406 2441 2605 2506 λόγοις,
2638 2436 2896 2505 φοϐηθεὶς
2930 2434 3080 2495 ἴσως,
3113 2430 3189 2499 μὴ
3217 2428 3308 2481 καὶ
3334 2426 3555 2487 αύτούς,
3584 2424 3773 2490 ὥσπερ
3798 2422 3864 2490 δὴ
3886 2420 3985 2471 καὶ

2420 2531 2809 2598 ’Δγαθόδωρον,
2838 2528 2940 2594 ἤδη
2964 2521 3272 2593 ζημιωθείη
3292 2538 3305 2551 ο
3332 2518 3486 2585 ἔλεγε
3505 2517 3611 2586 γάρ
3628 2530 3643 2546 ο
3660 2514 3749 2576 Ὠς
3775 2516 3985 2573 ἐκεῖνος

2411 2627 2507 2694 μὲν
2543 2623 2691 2685 ἀξιον
2732 2620 2989 2679 ἀπονοίας
3019 2614 3277 2681 τοιαύτης
3307 2611 3539 2664 θάνατον
3571 2602 3720 2677 εὗρε.
3757 2604 3831 2675 μὴ
3859 2619 3985 2655 πει-

2410 2713 2556 2773 σθεὶς
2588 2711 2747 2761 θῦσαι
2776 2710 2889 2769 τοῖς
2922 2706 3211 2766 ἀθανάτοις
3257 2704 3426 2765 θεοῐςο
3473 2700 3630 2755 αὐτοὶ
3668 2697 3726 2751 δὲ
3768 2694 3985 2748 συνετοὶ

2407 2804 2582 2867 ὄντες,
2619 2802 2764 2862 τίνος
2829 2799 2893 2851 ἂν
2924 2797 3083 2868 χάριν
3125 2794 3183 2846 ού
3229 2793 3366 2861 πρὸς
3423 2793 3483 2843 τὸ
3540 2789 3819 2859 συμφέρον
3848 2788 3983 2853 ὑμῖν

2405 2895 2769 2963 ἀποϐλέψητε,
2798 2889 2911 2943 ἀλλ’
2955 2884 3352 2955 ὲξομοιωθῆναι
3402 2881 3669 2951 θελήσητε
3702 2876 3982 2946 ἀνθρώπῳ

2406 2988 2595 3048 δεινῶς
2621 2985 3002 3049 κακοδαίμονι,
3026 2979 3151 3032 ἀντὶ
3170 2975 3264 3030 τοῦ
3298 2974 3398 3046 ζῇν
3434 2974 3529 3026 καὶ
3562 2971 3772 3041 χαίρειν
3820 2968 3987 3036 ἀνοή-

2409 3097 2515 3140 τως
2556 3079 2727 3146 βίαιον
2765 3076 2997 3128 θάνατον
3055 3071 3331 3141 ἑλομένῳ;
3363 3068 3487 3135 ,Καὶ
3524 3064 3697 3118 ταῦτα
3740 3061 3841 3132 μὲν
3877 3056 3985 3112 οὖν

744 3188 850 3233 tem
903 3150 1193 3245 elegit-21h
1234 3178 1346 3230 hmc
1381 3150 1597 3245 quidem
1644 3173 1907 3228 Valerius.
1945 3174 2079 3228 Cum
2125 3185 2301 3228 autem
2334 3193 2375 3251 ε

2334 3193 2375 3251 c
2409 3171 2721 3241 Οὐαλέριος.
2766 3168 2915 3221 Ἐπεὶ
2946 3166 3039 3220 καὶ
3070 3165 3193 3225 τοὺς
3224 3161 3411 3230 ἁγίους
3451 3161 3615 3229 ἤκουε
3641 3154 3843 3251 πολλην
3862 3150 3982 3251 μὲν

746 3267 1037 3322 audivisset
1059 3278 1275 3323 sanctos
1309 3283 1430 3323 eum
1480 3284 1687 3340 magna:
1750 3282 2006 3322 accusare
2066 3267 2306 3321 stultitia:

744 3370 965 3426 propter
988 3360 1088 3414 hoc
1112 3374 1139 3412 a
1173 3360 1381 3414 ratione
1420 3359 1653 3413 alienum
1679 3358 1986 3418 consilium,
2019 3373 2075 3412 se
2128 3367 2304 3411 autem

746 3460 874 3503 tunc
904 3449 1313 3518 conspiciendos
1341 3449 1497 3518 plane
1517 3447 1703 3503 felices
1731 3463 1796 3502 ac
1813 3447 1999 3502 beatos
2026 3450 2303 3511 arbitrari,

743 3541 961 3608 quando
988 3541 1303 3601 violentam,
1336 3556 1456 3609 qua:
1488 3540 1627 3607 apud
1662 3555 1783 3593 eum
1805 3540 2033 3601 videtur,
2072 3542 2307 3607 Agatho-

746 3628 866 3681 dori
896 3636 1120 3680 mortem
1156 3628 1347 3681 imitati
1398 3628 1595 3680 iuerint
1628 3643 1641 3679 :
1674 3627 1856 3680 relicta
1908 3642 2093 3679 rursus
2120 3643 2307 3681 emen-

747 3718 839 3771 tita
874 3716 1182 3781 clementia,
1213 3716 1278 3770 ad
1308 3716 1355 3771 ei
1384 3726 1697 3772 consuetam
1739 3727 1788 3773 et
1815 3725 2019 3789 gratam
2060 3732 2305 3773 reversus

746 3816 829 3860 est
851 3807 1116 3861 feritatem
1148 3824 1161 3861 ε
1200 3816 1254 3861 et
1282 3822 1340 3861 ea
1378 3807 1527 3869 facit,
1563 3822 1683 3875 quae
1719 3809 1887 3874 ipsam
1925 3810 2135 3860 decent.
2166 3807 2306 3860 Lon-

746 3913 811 3966 ge
832 3899 972 3951 enim
1006 3897 1367 3965 profecturus,
1402 3912 1429 3950 a
1455 3898 1671 3953 civitate
1704 3897 2072 3953 Sardanorum
2108 3896 2306 3966 Perga-

749 4005 891 4039 mum
966 4000 1134 4055 usque
1169 3984 1320 4053 jubet
1377 3987 1554 4053 ipsum
1610 3988 1761 4053 sequi
1793 3996 2007 4041 sanctos
2036 4006 2049 4039 :
2080 3995 2135 4040 et
2165 3990 2307 4054 cogit

747 4094 837 4132 eos
882 4079 996 4144 pari
1048 4092 1207 4144 passu
1234 4076 1460 4146 pedibus
1491 4092 1712 4132 currere
1742 4092 1862 4132 cum
1894 4079 2050 4146 equis
2076 4080 2308 4144 pernici-

748 4171 869 4230 bus,
924 4174 981 4219 ut
1012 4164 1195 4221 laborc
1228 4180 1423 4221 cursus
1469 4166 1915 4238 defatigati,quid
1948 4166 2114 4232 aliud,
2147 4180 2309 4235 quam

748 4258 900 4310 inviti
932 4266 1271 4311 mutarentur
1300 4267 1351 4312 et
1389 4261 1843 4329 persuaderentur
1886 4260 2113 4313 adorare
2142 4260 2309 4312 simu-

744 4347 891 4400 lacra
916 4346 937 4397 2
964 4344 1146 4397 Sancti
1177 4353 1380 4408 autem,
1411 4348 1553 4413 quod
1579 4362 1683 4400 non
1713 4360 1860 4404 esset
1882 4349 2053 4418 major
2089 4364 2306 4415 cursus,

747 4454 864 4492 eam
899 4452 1011 4492 rem
1049 4434 1434 4491 existimabant
1463 4439 1743 4495 detrahere
1778 4442 1844 4497 de
1893 4443 2187 4511 voluptate.
2218 4441 2309 4497 Sic

2408 3262 2573 3318 αὐτοῦ
2605 3260 3115 3326 καταγινώσκοντας
3167 3254 3378 3315 ἄνοιαν,
3430 3251 3593 3302 ἕνεκα
3626 3247 3723 3314 τῆς
3778 3243 3982 3309 ἀλόγου

2412 3355 2724 3425 συμϐουλῆς
2755 3352 2982 3416 ταύτης,
3009 3348 3206 3408 αὐτοὺς
3232 3347 3288 3397 δὲ
3320 3344 3440 3395 τότε
3465 3339 3740 3411 ζηλωτοὺς
3774 3334 3981 3405 μᾶλλον

2408 3449 2502 3501 καὶ
2554 3444 2857 3514 μακαρίους
2894 3437 3249 3508 ὀφθήσεσθαι,
3312 3436 3401 3488 ὅτε
3439 3433 3529 3485 τὸν
3558 3428 3818 3483 δοκοῦντα
3842 3425 3978 3495 παρ’

2409 3537 2555 3607 αὐτῷ
2598 3536 2772 3605 βίαιον
2813 3533 3043 3587 θάνατον
3104 3529 3197 3583 τοῦ
3240 3522 3611 3593 Ἀγαθοδώρου
3654 3521 3977 3590 μνήσονται,

2408 3629 2688 3683 ἀπολιπὼν
2709 3628 2869 3681 πάλιν
2898 3628 2994 3695 τὴν
3019 3623 3357 3694 ἐψευσμένην
3383 3616 3815 3687 φιλανθρωπίαν,
3838 3611 3977 3681 πρὸς

2408 3725 2504 3791 τὴν
2527 3722 2671 3788 αύτῷ
2705 3720 2910 3787 συνήθη
2947 3720 3037 3769 καὶ
3066 3718 3226 3781 φίλην
3262 3710 3531 3775 ἐπανῆλθε
3562 3705 3856 3775 θηριωδίαν
3882 3704 3977 3755 καὶ

2407 3814 2476 3866 τὶ
2507 3811 2852 3877 προσήκοντα
2879 3808 3049 3859 ταῦτα
3106 3806 3287 3855 ποιεῖ·
3343 3798 3563 3869 μακρὰν
3615 3796 3723 3865 γὰρ
3759 3794 3972 3845 ὁδοιποο

2410 3903 2532 3974 ρίαν
2554 3898 2865 3954 στείλασθαι
2901 3897 3112 3967 μέλλων
3141 3893 3246 3948 ἀπὸ
3278 3893 3376 3959 τῆς
3409 3886 3720 3959 Σαρδιανῶν
3762 3883 3975 3974 πόλεως

2408 3973 2543 4061 πρὸς
2580 3991 2680 4058 τὴν
2731 3990 3046 4056 Πέργαμον,
3096 3982 3409 4037 ἀκολουθεῖν
3437 3977 3587 4046 αύτῷ
3613 3973 3829 4029 κελεύει
3880 3973 3977 4025 καὶ

2409 4082 2535 4140 τοὺς
2564 4079 2754 4144 ἁγίους
2776 4078 2872 4130 καὶ
2918 4075 2995 4143 τῷ
3016 4074 3169 4143 τάχει
3194 4074 3301 4125 τῶν
3341 4073 3524 4123 ἵππων
3554 4066 3869 4134 συντρέχειν
3912 4065 3978 4115 ὲκ

2411 4171 2567 4233 ποδὸς
2599 4168 2919 4237 ἀναγκάζει,
2954 4166 3038 4219 ἴνα
3070 4166 3204 4234 πρὸς
3235 4164 3328 4215 τὸν
3356 4164 3419 4213 ὲκ
3452 4159 3545 4213 τοῦ
3578 4158 3778 4227 δρόμου
3809 4156 3976 4206 κόπον

2411 4262 2891 4331 ἀπαγορεύσαντες
2930 4260 3019 4329 (τί
3050 4274 3111 4324 γε
3138 4255 3265 4307 ἄλλο
3288 4252 3339 4321 ς)
3366 4252 3398 4320 ἢ
3429 4252 3521 4301 καὶ
3552 4249 3777 4307 ἄκοντες
3807 4262 3977 4313 μετα-

2411 4354 2660 4406 ϐάλοιντο
2693 4352 2787 4404 καὶ
2818 4350 3116 4411 πεισθεῖεν,
3160 4342 3353 4396 εἴδωλα
3374 4339 3721 4409 προσκυνεῖν.
3742 4337 3803 4388 υἱ
3829 4335 3977 4401 ἅγιοι

2411 4442 2487 4507 δὲ,
2526 4443 2608 4494 ὅτι
2634 4441 2713 4511 μὴ
2738 4441 2833 4491 καὶ
2853 4437 3051 4490 πλείων
3078 4438 3105 4489 ὁ
3131 4434 3329 4504 δρόμος
3351 4428 3440 4501 ἦν,
3474 4429 3664 4496 ἡδονῆς
3696 4425 3887 4493 ὕφεσιν
3916 4426 3978 4477 τὸ

746 4530 1006 4600 quidquid
1060 4542 1282 4603 propter
1337 4533 1609 4589 Christum
1671 4533 2023 4597 inferebatur,
2048 4549 2150 4587 non
2187 4513 2386 4589 mo-D

2332 4513 2386 4573 D
2413 4532 2643 4599 πρᾶγμα
2678 4527 2910 4600 ἡγοῦντο
2933 4544 2945 4556 ·
2977 4526 3121 4581 οὕτω
3151 4528 3261 4579 πᾶν
3295 4524 3355 4575 τὸ
3384 4521 3469 4575 διὰ
3508 4520 3742 4589 Χριστὸν
3776 4517 3980 4583 ἑπαγόο

747 4622 978 4687 lostiam,
1010 4623 1100 4676 sed
1147 4638 1395 4693 magnam
1444 4626 1620 4693 potius
1646 4624 1906 4679 aﬂerebat
1946 4624 2207 4689 laetitiam,
2250 4633 2308 4678 ut

749 4713 889 4780 quod
923 4721 1067 4767 esset
1097 4713 1179 4768 eis
1220 4728 1407 4781 magna
1440 4714 1825 4768 demonstratio
1848 4714 1927 4769 sui
1955 4716 2003 4769 in
2032 4716 2302 4771 Christum

749 4802 1018 4857 desiderii.

814 4892 878 4946 Χ.
913 4894 1043 4947 Cum
1068 4910 1193 4964 ergo
1244 4897 1295 4949 in
1343 4894 1474 4949 tanti
1516 4908 1711 4949 cursus
1742 4890 1922 4948 labore
1946 4892 2088 4946 diem
2128 4902 2306 4948 trans-

747 4986 1005 5052 egissent,
1073 4996 1234 5053 atque
1279 4986 1344 5038 ad
1401 4984 1642 5039 dolorem
1671 4984 1953 5037 vulnerum
1980 4998 2198 5037 suorum
2228 4984 2311 5054 (ut

744 5092 869 5130 cum
896 5078 1080 5131 divino
1106 5078 1267 5132 David
1305 5079 1479 5132 dicam
1516 5078 1556 5144 ')
1582 5076 1684 5133 hoc
1726 5092 1938 5145 quoque
1953 5079 2191 5133 esseteis
2212 5078 2308 5133 ad-

749 5170 942 5231 ditum,
968 5168 1238 5237 simulque
1271 5179 1555 5223 consecuta
1592 5168 1785 5222 luisset
1824 5169 2095 5233 custodia,
2119 5176 2172 5223 et
2204 5184 2306 5222 nox

742 5260 854 5325 jam
883 5260 1246 5323 adventasset,
1272 5259 1510 5331 angelica
1535 5258 1776 5326 quadam
1827 5268 1881 5312 et
1923 5259 2103 5312 divina
2141 5259 2310 5313 virtus

748 5350 824 5402 eis
877 5364 1160 5418 apparens,
1193 5351 1401 5406 curavit
1436 5365 1617 5403 eorum
1664 5348 1904 5413 vulnera,
1934 5360 1987 5404 et
2042 5350 2104 5402 ad
2138 5360 2304 5403 certa-

753 5438 898 5490 mina
952 5439 1293 5509 suscipienda
1332 5440 1412 5495 eis
1446 5439 1703 5506 majorem
1765 5437 1958 5493 indidit
2000 5439 2162 5493 animi
2191 5440 2302 5498 all-

752 5527 1020 5576 critatem.
1053 5528 1185 5580 Cum
1217 5545 1345 5596 ergo
1378 5545 1533 5584 mane
1568 5534 1889 5587 surrexisset
1925 5533 2191 5596 Valerius,
2217 5532 2303 5599 ju-

762 5613 922 5666 bebat
979 5629 1071 5666 eos
1119 5618 1341 5683 ingredi,
1376 5621 1439 5673 ab
1481 5621 1714 5673 laborem
1762 5623 2092 5675 solummodo
2122 5634 2175 5676 et
2214 5624 2306 5674 hc-

836 5769 855 5798 ‘
884 5766 1017 5818 Psal.
1069 5783 1246 5830 vaut,
1286 5770 1372 5819 9.7.

2413 4638 2575 4690 μενον
2608 4624 2667 4675 ού
2688 4612 2894 4690 λύπην,
2940 4618 3074 4671 ἀλλά
3126 4616 3327 4687 πολλὴν
3379 4612 3579 4684 μᾶλλον
3611 4608 3843 4665 ἐνεποίει
3877 4606 3978 4675 τὴν

2406 4714 2772 4783 εὐφροσύνην,
2803 4708 3057 4777 καθάπερ
3095 4707 3371 4770 ἀπόδειξις
3404 4704 3586 4766 αὐτοῖς
3637 4700 3730 4754 τοῦ
3778 4694 3977 4751 πολλοῦ

2408 4808 2574 4862 πίθου
2597 4804 2691 4857 τοῦ
2716 4800 2958 4873 πρδςῖτδν
2992 4798 3201 4866 Ἰησοῦν
3221 4797 3535 4866 γενομένου.

2478 4896 2536 4953 ι’.
2562 4896 2655 4969 Τῷ
2687 4895 2817 4965 γοῦν
2840 4893 2931 4945 τοῦ
2966 4892 3221 4945 τοσούτου
3255 4890 3455 4958 δρόμου
3503 4886 3737 4955 καμάτῳ
3786 4884 3980 4955 διημε-

2410 4986 2698 5057 ρεύσαντες
2748 4984 2839 5037 ἐπὶ
2870 4980 2945 5050 τῷ
2983 4981 3138 5047 ἀλγει
3177 4994 3234 5030 τε
3267 4978 3376 5031 τῶν
3410 4977 3741 5047 τραυμάτων
3768 4976 3974 5036 αὐτῶν,

2409 5079 2546 5131 κατὰ
2570 5079 2659 5128 τον
2677 5074 2817 5129 θεῖον
2843 5074 3006 5141 φάναι
3026 5070 3215 5133 Δαυὶδ,
3238 5069 3331 5122 καὶ
3356 5070 3546 5121 τούτου
3582 5065 3979 5136 προστεθέντος

2406 5169 2613 5230 αὐτοῖς,
2659 5161 2777 5218 εἶτα
2809 5166 2902 5217 καὶ
2957 5160 3205 5231 φυλακῆς
3249 5162 3422 5214 ταῦτα
3451 5156 3861 5226 διαδεξαμένης,
3888 5176 3982 5209 νυ-

2408 5262 2531 5323 κτὸς
2564 5260 2957 5328 ἐπιγενομένης
3000 5259 3121 5328 ἥδη,
3172 5254 3437 5325 ἀγγελική
3486 5269 3568 5313 τις
3610 5251 3707 5304 καὶ
3728 5251 3983 5317 θειοτέρα

2408 5354 2633 5421 δύναμις
2663 5355 2932 5406 ἐπιστᾶσα
2965 5351 3303 5421 ἐθεράπευσε
3336 5365 3393 5401 τε
3423 5350 3603 5409 αὐτοις
3634 5347 3732 5407 τὰς
3762 5344 3981 5414 πληγὰς

2412 5447 2504 5499 καὶ
2549 5444 2769 5514 μείζονα
2790 5444 2925 5515 πρὸς
2948 5448 3071 5507 τοὺς
3094 5445 3310 5513 ἀγῶνας
3332 5444 3430 5511 την
3461 5438 3765 5509 προθυμίαν
3790 5436 3981 5505 ἀνέθηο

2412 5553 2527 5589 κεν.
2560 5538 2854 5607 Οὐαλέριος
2880 5539 3079 5601 τοίνυν,
3114 5536 3285 5589 ἕωθεν
3314 5535 3574 5595 ἀναστὰς,
3605 5530 3843 5600 βαδίζειν
3874 5529 3977 5581 αύ-

2414 5628 2535 5687 τούς
2564 5629 2776 5679 ἐκέλευε
2818 5630 2949 5697 πρὸς
2989 5630 3079 5681 τὸν
3117 5628 3273 5681 πόνον
3322 5625 3505 5685 ἁπλῶς
3536 5624 3627 5677 καὶ
3659 5623 3754 5695 τὴν
3791 5621 3976 5676 ταλαε-
