4212 6440
206 381 306 445 ίίτ

1241 386 1416 445 νΙΤΑ
1460 389 1520 445 S.
1568 388 1793 447 CARPI
1842 389 1934 450 ET
1982 388 2405 452 SOCIORUM.

3334 388 3435 451 118

199 500 416 568 πωρίαν
446 499 539 567 τῆς
600 499 726 567 χθὲς
757 498 968 568 ἡμέρας
1024 498 1359 550 ἀποσκοπῶν
1412 501 1504 552 καὶ
1531 499 1772 569 οἰόμενος

1884 512 2072 557 sternae
2105 503 2210 558 dlei
2240 504 2508 574 aspiciens
2529 503 2890 566 aﬂlictionem,
2921 513 2972 557 ct
2996 504 3314 557 existimans
3343 517 3436 555 eos

201 591 358 658 μόλις
388 591 453 644 ἀν
490 592 585 642 καὶ
611 589 1051 659 βασταζομένους
1071 589 1170 658 τὴν
1199 589 1318 642 ὁδὸν
1353 590 1546 642 ἀνύσαι
1572 608 1584 620 ο
1617 592 1690 652 ώς
1717 593 1771 644 δὲ

197 682 377 744 οὕτως
412 683 636 751 Ξχοντας
694 681 1044 752 ἐρρωμένους
1105 681 1274 750 ἑώρα,
1335 681 1428 734 καὶ
1471 681 1537 733 τὰ
1574 682 1778 734 τούτων

200 774 468 843 πρόσωπα
495 775 753 826 θάλλοντα
783 772 983 840 μᾶλλον
1016 772 1125 823 τῶν
1155 771 1396 842 λουτροῖς
1432 775 1524 824 καὶ
1559 774 1773 826 ἀνέσεσι

200 868 293 917 καὶ
326 866 658 934 σκιατραφίᾳ
677 864 942 931 διηνεκῶς
973 864 1408 934 προσκειμένων,
1445 866 1693 934 γοητείαν
1715 866 1773 918 τὸ

199 959 435 1025 πρᾶγμα
467 958 649 1010 ὲκάλει
670 958 697 1008 ό
728 955 1004 1024 δαιμόνων
1031 956 1246 1026 ἀληθῶς
1275 957 1544 1025 ἔμπλεως,
1569 958 1665 1013 καὶ
1689 958 1774 1010 διὰ

198 1048 358 1099 τοῦτο
412 1047 504 1098 καὶ
564 1047 878 1115 προσετίθει
933 1050 1048 1109 τοῖς
1104 1049 1399 1110 ἐπιπόνοις,
1458 1049 1773 1118 θεραπεύων

201 1136 380 1204 ἑαυτῷ
412 1138 500 1188 τὸν
563 1136 734 1204 θυμὸν
785 1137 880 1190 καὶ
910 1137 1116 1205 σιδήρῳ
1154 1137 1220 1188 τὰ
1270 1137 1402 1206 μέλη
1437 1139 1772 1206 πανταχόθεν

200 1227 606 1296 βαρυνομένους
640 1227 860 1279 ὶκέλευε
905 1227 1066 1279 πάλιν
1089 1226 1312 1278 όδεύειν.
1359 1227 1510 1280 Ἐπεὶ
1539 1228 1594 1280 δὲ
1620 1222 1774 1292 οὗτός

199 1333 258 1368 τε
287 1318 535 1370 κάκεῖνοι
565 1320 624 1371 ὲν
669 1319 748 1388 τῷ
775 1319 1073 1389 ὡρισμένῳ
1117 1321 1374 1386 γεγόνασι
1400 1321 1569 1389 τόπῳ,
1604 1321 1772 1386 θύσας

195 1407 450 1475 δαίμοσιν
478 1409 792 1480 Οὐαλέριος,
820 1410 914 1462 ἐπὶ
943 1410 1263 1463 δικαστικοῦ
1291 1411 1531 1480 βήματος
1570 1430 1774 1481 προκα-

198 1499 341 1562 θίξει
365 1502 456 1554 καὶ
477 1501 569 1556 τὸν
601 1503 874 1572 μακάριον
903 1505 1399 1572 παραστησάμενος
1430 1504 1655 1572 Κάρπον
1682 1505 1773 1556 καὶ

196 1592 491 1659 πρόσωπον
547 1592 791 1660 περιθεὶς
835 1592 1014 1662 ἑαυτῷ
1068 1593 1257 1646 πιστοῦ
1296 1611 1440 1656 τινος
1496 1595 1649 1660 φίλου
1681 1597 1772 1646 καὶ

196 1682 412 1753 θερμὴν
443 1683 658 1752 ἔχοντος
689 1683 785 1753 τὴν
839 1686 970 1753 περὶ
1023 1683 1191 1736 αὐτοῦ
1230 1685 1527 1754 μέριμναν⁸
1579 1688 1774 1757 Ἐχρῆν

197 1774 320 1840 μὲν,
356 1769 529 1837 εἶπεν,
557 1774 875 1840 αἰδούμενόν
930 1792 989 1828 σε
1040 1776 1139 1845 τὴν
1171 1776 1369 1846 πολλὴν
1403 1778 1558 1846 ἡμῶν
1603 1778 1772 1831 ἐπιεί-

197 1879 376 1925 κειαν,
411 1865 718 1934 αὐτόματον
750 1867 991 1937 ὁρμῆσαι
1027 1867 1163 1936 πρὸς
1211 1868 1272 1919 τὸ
1321 1867 1485 1918 καλὸν
1541 1869 1634 1921 καὶ
1663 1872 1773 1931 τοῖς

201 1953 483 2022 μεγίστοις
516 1952 682 2007 θῦσαι
707 1955 879 2015 θεοῖς·
920 1953 1014 2008 νῦν
1043 1955 1099 2007 δὲ
1147 1955 1240 2008 καὶ
1291 1956 1778 2024 παρακαλούμενος

203 2044 344 2108 πρὸς
374 2043 532 2095 τοῦτο
561 2045 654 2096 καλ⁵
697 2044 1179 2112 εὐεργετούμενος,
1227 2047 1303 2107 ὼς
1329 2047 1457 2115 ὁρῶ,
1492 2048 1612 2100 οὐδὲ
1641 2048 1775 2118 βρα⁴

198 2134 353 2203 κεῖαν
386 2149 508 2186 τινα
538 2133 699 2203 χάριν
731 2134 913 2196 αὐτοῖς
939 2135 1256 2204 ἀπονέμεις,
1294 2136 1428 2189 ἀλλὰ
1449 2137 1543 2190 τοῦ
1573 2138 1776 2191 οἰκείου

198 2223 576 2293 συμφέροντος
607 2222 832 2293 ἀμελεῖς
855 2241 866 2253 ·
898 2224 1008 2277 ίδοῦ
1044 2224 1155 2295 γὰρ
1185 2219 1333 2278 οὐτοί
1361 2243 1420 2278 σε
1460 2225 1555 2279 τοῦ
1591 2230 1776 2299 γήρως

196 2317 592 2385 οἰκτείραντες,
615 2317 1002 2388 ἀταλαίπωρόν
1028 2336 1108 2372 σοι
1133 2319 1390 2387 διέθηκαν
1412 2321 1510 2391 τὴν
1531 2324 1773 2391 πορείαν⁹

199 2407 362 2470 αὐτὸς
393 2409 450 2461 δὲ
481 2410 583 2462 οὐκ
610 2403 706 2462 οἶδ’
742 2411 825 2462 ὅτι
851 2409 1041 2462 παθὼν
1068 2409 1340 2480 ἀγνώμων
1392 2429 1450 2463 τε
1487 2413 1616 2481 περὶ
1656 2416 1779 2476 τούς

197 2500 496 2569 εὐεργέτας
525 2500 721 2569 ἐλέγχῃ
753 2500 846 2552 καὶ
870 2503 1016 2569 ἡμᾶς
1036 2502 1092 2551 ὲν
1119 2502 1308 2568 μηδενὶ
1337 2499 1618 2568 τιθέμενος
1644 2505 1780 2570 πρδς

199 2589 301 2656 τὴν
331 2589 557 2641 ἐκείνων
586 2591 876 2658 ὀλιγωρεῖς
911 2591 1213 2660 θεραπείαν
1235 2609 1246 2620 ·
1279 2590 1506 2657 θέλησον
1530 2591 1655 2658 γοῦν
1679 2593 1779 2644 κᾶν

203 2681 332 2748 ἄρτι
369 2680 696 2733 κατανεῦσαι
730 2684 821 2734 καὶ
856 2683 1279 2753 συμϐουλεύοντί
1314 2701 1402 2752 μοι
1435 2686 1502 2737 τά
1530 2686 1779 2753 λυσιτελῆ

201 2771 517 2840 πεισθῆναι,
571 2771 644 2835 ὡς
705 2774 803 2843 ἐμὲ
838 2776 870 2845 ὴ
924 2777 991 2844 σὴ
1030 2776 1270 2827 δυσωπεῖ
1311 2774 1472 2827 πολιά
1514 2776 1605 2827 καὶ
1637 2775 1781 2847 λύπῃ

201 2865 349 2934 δεινῇ
389 2865 689 2934 συνέχομαι
750 2867 845 2918 καὶ
885 2865 1075 2934 ὥσπερ
1139 2868 1239 2919 οὐκ
1303 2867 1608 2934 ἀλλοτρίαν,
1668 2867 1780 2918 ἀλλ’

203 2956 447 3025 ἐμαυτοῦ
500 2957 785 3025 συμφορὰν
841 2957 901 3008 τὸ
952 2958 1043 3008 σὸν
1094 2960 1476 3026 ἀνακλαίομαι.
1544 2959 1701 3012 Ἀλλὰ
1732 2960 1782 3012 τί

201 3046 398 3108 meo;
431 3042 577 3106 οἶδας
609 3047 739 3113 γὰρ.
776 3047 858 3098 ὅτι
885 3047 1003 3098 λίαν
1035 3047 1210 3108 οὕτως
1240 3049 1660 3119 ὑπερορώμενος
1681 3052 1782 3105 οὐκ

198 3137 486 3205 ἀνέξομαι,
522 3139 569 3189 εἰ
596 3136 689 3189 καὶ
714 3138 786 3208 μὴ
811 3137 881 3191 δι’
906 3138 1160 3206 ἐμαυτὸν,
1194 3138 1329 3191 ἀλλά
1352 3155 1412 3206 γε
1447 3139 1533 3192 διὰ
1567 3141 1665 3210 τὴν
1697 3146 1777 3205 εἰς

205 3229 328 3288 τοὺς
367 3227 520 3290 θεοὺς
549 3227 726 3296 ὓϐριν.

273 3321 382 3372 ιΑο.
420 3320 561 3388 Πρὸς
599 3319 766 3371 ταῦτα
798 3322 824 3372 ό
856 3319 994 3378 θεῖος
1026 3320 1290 3388 Κάρπος·
1323 3320 1638 3390 Συμόουλὴν
1674 3321 1783 3374 ἀπὸ

203 3410 412 3480 φωτός,
437 3411 560 3478 ἔφη,
585 3410 721 3479 πρὸς
758 3411 946 3471 σκότος
997 3410 1088 3460 καὶ
1123 3409 1230 3461 ἀπὸ
1268 3408 1411 3477 ζωῆς
1447 3414 1584 3480 πρὸς
1619 3413 1784 3465 Θάνα-

200 3521 297 3558 τον
332 3504 571 3568 ἄγουσαν
595 3503 695 3554 οὐκ
723 3501 789 3555 ἄν
811 3518 893 3565 τις
927 3502 1189 3572 λογισμοῦ
1220 3501 1407 3574 κύριος
1451 3504 1781 3576 συμϐουλὴν,

201 3594 320 3650 ἀλλ’
355 3593 484 3645 αὐτὸ
507 3592 684 3656 τοῦτο,
718 3594 854 3663 ὅπερ
888 3595 1059 3658 ἐστὶν,
1088 3594 1381 3664 ἐπιϐουλὴν
1415 3595 1670 3664 όνομάσοι
1691 3613 1706 3629 ο
1734 3599 1779 3649 εί

202 3685 261 3741 δὲ
297 3688 398 3740 καὶ
425 3688 457 3759 ἠ
493 3689 597 3758 ὲμή
636 3704 696 3739 σε
721 3688 960 3739 δυσωπεῖ
991 3686 1171 3750 πολιὰ,
1204 3688 1255 3739 τί
1285 3688 1344 3739 τὸ
1371 3689 1684 3756 ἐμποδίζον,
1710 3689 1784 3759 μὴ

201 3780 301 3833 καὶ
364 3780 422 3831 cl
457 3777 750 3846 πεισθῆναι
794 3777 994 3845 μᾶλλον
1040 3778 1164 3846 ἐμοὶ
1223 3778 1507 3846 πατρικῶς
1544 3779 1783 3848 συμϐουο

204 3872 454 3936 λεύοντι;
495 3872 620 3924 Ὀτι
669 3870 724 3922 δὲ
779 3871 836 3923 σὲ
871 3871 938 3922 τὰ
968 3870 1076 3938 ἐμὰ
1127 3869 1305 3928 λυπεῖ,
1338 3867 1448 3936 ὲγὼ
1493 3869 1551 3923 at
1587 3871 1786 3939 μᾶλλον

203 3963 470 4031 οἰκτείρω
493 3963 590 4031 τῆς
615 3961 913 4024 ἀπωλείας,
951 3962 1042 4014 καὶ
1079 3961 1238 4029 δῆλός
1278 3963 1394 4030 είμι
1418 3961 1482 4031 (ἡ
1502 3962 1628 4032 φίλη
1661 3961 1789 4015 ίστω

207 4053 474 4126 ἀλήθεια)
508 4050 904 4120 συναχθόμενός
960 4067 1053 4104 σου
1101 4054 1166 4121 τῇ
1219 4052 1497 4120 συμφορᾷ,
1531 4051 1790 4114 τοιούτοις

209 4145 620 4215 προσκειμένου
654 4143 795 4204 θεοῖς
849 4143 941 4193 καὶ
969 4142 1160 4209 ψεῦδος
1183 4143 1278 4210 τὴν
1310 4144 1498 4195 ἐλπίδα
1530 4144 1784 4211 θεμένου,

205 4237 272 4290 τὸ
299 4235 406 4306 τῆς
451 4234 602 4296 θείας
648 4234 811 4298 φάναι
867 4231 1088 4301 Γραφῆς
1154 4232 1267 4299 οἵγε
1295 4231 1411 4295 πῶς
1443 4232 1508 4285 ἄν
1557 4250 1686 4284 ποτε
1714 4233 1791 4286 δι-

206 4329 386 4389 καίως
424 4326 732 4395 νομισθεῖεν
778 4321 914 4386 θεοὶ,
975 4321 1108 4391 ὕλης
1141 4321 1351 4392 ἀψύχου
1397 4322 1547 4385 ὄντες
1573 4324 1665 4376 καὶ
1693 4323 1790 4394 τὴν

1810 3096 1851 3153 C

1877 592 1959 644 \‘ll
1991 594 2205 648 tandem
2240 603 2481 664 portatos
2529 594 2633 649 iter
2669 609 2816 662 posse
2844 594 3136 648 coniicere.
3167 594 3302 646 Cum
3339 609 3434 645 an-

1876 692 1984 735 tcm
2008 685 2236 740 vidisset
2258 686 2377 741 illos
2411 688 2545 741 adeo
2573 687 2814 741 valentes
2854 696 2907 739 et
2936 687 3205 747 robustos,
3233 698 3287 738 et
3326 688 3442 739 vul-

1876 780 1960 826 tus
1991 789 2177 830 eorum
2215 792 2318 831 non
2347 778 2524 833 minus
2550 775 2700 831 laetos
2730 789 2785 830 et
2815 777 3044 840 alacres,
3069 791 3228 843 quam
3249 790 3438 826 eorum

1874 869 1963 937 qui
1999 879 2222 923 utuntur
2268 871 2484 926 assidue
2543 871 2794 934 lavacris,
2832 879 2886 923 et
2923 872 3085 923 vitam
3121 877 3282 936 agunt
3320 884 3440 923 nm-

1874 959 2146 1025 bratilem,
2177 977 2296 1015 eam
2331 977 2441 1015 rem
2468 963 2692 1015 vocabat
2716 962 3038 1031 praestigias,
3060 960 3148 1028 Qui
3174 974 3300 1012 vere
3320 966 3439 1011 erat

1874 1051 2060 1116 plenus
2093 1052 2426 1105 dmmonibus
2463 1070 2476 1104 :
2505 1063 2560 1105 et
2589 1053 2707 1105 ideo
2741 1052 3058 1119 ampliorem
3091 1052 3168 1103 eis
3197 1049 3439 1118 adjttnxit

1872 1140 2110 1193 dolorem
2137 1158 2152 1206 ;
2189 1156 2309 1195 nam
2340 1157 2527 1197 eorum
2557 1142 2811 1196 membris
2844 1141 2994 1194 ferro
3016 1141 3160 1192 omni
3186 1156 3250 1193 ex
3291 1148 3442 1204 parte

1874 1233 2130 1301 gravatis,
2187 1234 2348 1304 jussit
2403 1248 2500 1288 eos
2551 1248 2739 1287 rursus
2769 1233 2906 1286 viam
2947 1232 3102 1284 inire.
3138 1232 3436 1296 Postquam

1875 1336 2054 1378 autem
2107 1336 2161 1379 et
2197 1328 2332 1394 ipse,
2371 1335 2425 1380 et
2447 1325 2521 1380 illi
2553 1324 2605 1379 in
2646 1326 2764 1379 loco
2791 1325 2938 1378 fuere
2967 1325 3287 1393 praestituto,
3317 1336 3440 1374 cum

1875 1416 2208 1471 dmmonibus
2244 1417 2604 1471 sacrificasset
2644 1415 2911 1476 Valerius.
2949 1416 2999 1468 in
3035 1413 3286 1466 tribunali
3310 1427 3446 1478 pra:-

1875 1506 2011 1558 sidet
2035 1505 2298 1570 judiciali.
2331 1505 2395 1558 Et
2425 1522 2544 1560 cum
2577 1508 2791 1561 beatum
2836 1505 3069 1572 Carpum
3105 1501 3220 1554 sisti
3253 1514 3441 1552 curas-

1874 1605 1976 1657 set,
2027 1604 2079 1647 et
2133 1595 2304 1648 ﬁdelis
2338 1596 2568 1662 alicujus
2631 1596 2791 1648 amici
2839 1608 3128 1664 personam
3156 1591 3446 1652 induisset,

1875 1696 1926 1740 et
1959 1686 2046 1755 qui
2082 1687 2147 1740 de
2190 1687 2305 1754 ipso
2339 1697 2458 1741 erat
2497 1686 2784 1740 admodum
2819 1685 3121 1737 sollicitus:
3154 1681 3446 1748 Oportebat

1881 1779 2121 1846 quidem,
2176 1778 2332 1840 dixit,
2367 1786 2418 1833 te
2468 1787 2709 1833 nostram
2769 1784 3104 1830 reverentem
3142 1772 3448 1830 lenitatem,

1885 1881 1969 1922 tua
2003 1881 2191 1938 sponte
2220 1872 2406 1924 venire
2444 1870 2507 1923 ad
2533 1867 2608 1932 id,
2635 1867 2773 1936 quod
2805 1879 2888 1921 est
2949 1867 3144 1919 bonum
3177 1871 3231 1914 et
3275 1861 3446 1912 hone-

1879 1972 2041 2023 srum,
2100 1970 2153 2013 et
2197 1961 2298 2012 diis
2343 1960 2650 2013 sacriﬁcare
2715 1958 2984 2012 maximis.
3044 1955 3193 2007 Nunc
3243 1965 3446 2011 autem,

1878 2063 1997 2100 cum
2035 2059 2086 2101 et
2118 2050 2182 2100 ad
2209 2049 2260 2101 id
2304 2049 2649 2101 suasionibus
2685 2047 2950 2108 inciterls,
2983 2055 3033 2096 ct
3077 2042 3334 2095 beneficio
3361 2042 3444 2092 al-

1880 2137 2096 2198 liciaris,
2141 2149 2198 2190 ut
2221 2136 2397 2199 video,
2429 2151 2494 2188 ne
2549 2136 2796 2187 minimas
2823 2135 3038 2200 quidem
3071 2133 3148 2182 eis
3177 2129 3293 2194 agis
3320 2144 3447 2193 gra-

1881 2230 1982 2281 tias
2014 2247 2027 2282 :
2059 2229 2153 2282 sed
2214 2227 2443 2298 negligis
2485 2222 2560 2292 id,
2592 2224 2733 2293 quod
2795 2234 2879 2277 est
2940 2220 3034 2274 tibi
3079 2219 3440 2274 conducibile.

1881 2318 2020 2372 Ecce
2049 2319 2189 2373 enim
2217 2319 2270 2371 lii
2298 2329 2402 2372 tua;
2430 2323 2750 2371 miserenles
2780 2315 3094 2376 senectutis,
3124 2311 3442 2371 eﬂ‘ecerunr,

1882 2419 1938 2462 ut
1969 2411 2069 2462 iter
2099 2422 2384 2477 perageres
2407 2409 2612 2474 absque
2641 2405 2948 2460 alIIictione.
2972 2405 3088 2470 ipse
3125 2411 3325 2464 autem,
3346 2416 3442 2453 ne-

1880 2501 1996 2552 scio
2023 2499 2311 2566 quomodo,
2344 2508 2396 2550 et
2427 2497 2670 2566 ingratus
2714 2510 2835 2550 esse
2871 2493 3208 2550 convinceris
3244 2493 3294 2545 in
3328 2503 3449 2543 tuos

1880 2586 2276 2648 benef-actores,
2314 2596 2367 2640 et
2391 2600 2488 2640 nos
2521 2588 2671 2638 nihili
2703 2585 2928 2650 faciens,
2975 2585 3188 2639 illorum
3244 2583 3446 2635 cultum

1881 2677 2134 2747 despicis.
2167 2677 2307 2732 Velis
2335 2691 2463 2746 ergo
2518 2691 2663 2730 nunc
2698 2677 2891 2730 saltem
2939 2691 3199 2738 annuere,
3228 2686 3282 2728 et
3315 2673 3447 2727 mihi

1883 2772 2104 2826 credere
2137 2769 2435 2823 consulenti
2468 2785 2552 2831 ea,
2593 2784 2712 2838 qua:
2753 2779 2876 2823 sunt
2901 2768 3075 2823 utilia.
3107 2766 3274 2821 Tuam
3303 2766 3446 2820 enim

1885 2877 2137 2916 revereor
2169 2862 2428 2917 canitiem
2461 2871 2514 2916 et
2545 2877 2737 2929 magno
2771 2862 2955 2915 dolore
2981 2861 3208 2922 alliciar,
3243 2870 3297 2912 et
3331 2870 3468 2911 tau--

1884 2967 2045 3020 quam
2095 2967 2201 3004 non
2247 2952 2501 3013 alienam,
2538 2953 2630 3003 sed
2686 2966 2884 3014 meam,
2915 2960 3059 3002 tuam
3108 2951 3278 3003 deﬂeo
3310 2952 3470 3002 cala--

1890 3046 2151 3098 mitatem.
2193 3042 2297 3098 Sed
2327 3044 2453 3114 quid
2512 3040 2712 3111 agam?
2749 3039 2870 3094 Scis
2924 3041 3090 3102 enim,
3151 3040 3293 3108 quod
3328 3055 3454 3092 eum

1886 3137 2020 3189 adeo
2043 3135 2336 3205 despiciar,
2361 3152 2464 3190 non
2491 3136 2684 3199 ieram,
2706 3137 2748 3190 si
2776 3151 2879 3189 non
2906 3142 3125 3203 propter
3149 3148 3234 3185 me
3251 3134 3453 3201 ipsum,

1885 3239 1938 3281 at
1970 3237 2188 3295 promer
2210 3232 2431 3282 deorum
2463 3228 2870 3282 contumeliam.

1958 3318 2046 3373 XI.
2077 3320 2155 3372 Ad
2195 3318 2310 3373 hac
2341 3318 2553 3373 divinus
2585 3318 2820 3387 Carpus:
2859 3317 3156 3370 Consilium
3186 3359 3201 3380 ,
3237 3318 3452 3383 inquit,

1885 3414 2025 3482 quod
2060 3427 2088 3466 a
2121 3411 2238 3467 luce
2268 3411 2331 3465 ad
2357 3411 2626 3477 tenebras,
2661 3421 2715 3465 et
2744 3425 2772 3463 a
2799 3411 2900 3464 vita
2932 3410 3080 3464 ducit
3103 3411 3168 3463 ad
3201 3421 3455 3474 mortem,

1888 3519 2065 3568 nemo,
2098 3505 2184 3570 qui
2219 3503 2381 3556 fuerit
2412 3519 2633 3572 compos
2653 3505 2869 3567 mentis,
2903 3504 3206 3570 consilium,
3227 3505 3316 3556 sed
3345 3502 3449 3557 idi-

1887 3608 2063 3662 psum,
2099 3591 2240 3660 quod
2264 3602 2364 3653 est,
2397 3591 2708 3655 nominarit,
2737 3591 2981 3644 insidias.
3017 3593 3169 3656 Quod
3203 3597 3246 3643 si
3283 3607 3456 3644 meam

1890 3685 2144 3737 reveretis
2165 3683 2443 3750 canitiem,
2479 3682 2604 3752 quid
2642 3682 2882 3750 impedit,
2921 3680 3205 3750 quominus
3238 3691 3287 3731 tu
3327 3683 3453 3733 mihi

1889 3775 2059 3844 magis
2097 3775 2286 3827 credas
2317 3784 2535 3841 paterne
2588 3774 2924 3826 consulenti?
2973 3774 3124 3837 Quod
3174 3782 3352 3826 autem
3400 3779 3455 3828 tu

1890 3885 1953 3923 ex
1989 3881 2074 3921 me
2108 3867 2344 3922 dolorem
2379 3865 2598 3932 accipis,
2629 3879 2726 3931 ego
2757 3865 2924 3932 magis
2953 3865 3026 3916 tui
3067 3865 3332 3918 misereor
3372 3864 3452 3916 in-

1892 3959 2103 4019 teritus,
2133 3968 2186 4011 et
2219 3965 2402 4025 aperte
2436 3964 2580 4008 tuam
2615 3953 2759 4024 (hoc
2813 3956 2951 4009 sciat
2993 3953 3165 4010 amica
3219 3954 3456 4019 veritas)

1890 4064 2030 4118 :egre
2058 4048 2169 4101 l‘ero
2206 4047 2591 4111 calamitatem,
2615 4047 2704 4114 qui
2732 4046 2864 4100 tales
2890 4047 3015 4098 deos
3038 4046 3210 4106 colas.
3233 4054 3285 4097 et
3308 4059 3458 4112 spem

1893 4141 2136 4208 posueris
2168 4138 2542 4203 mendacium,
2588 4148 2646 4190 ut
2685 4139 2856 4190 dicam
2917 4150 3038 4190 cum
3084 4136 3260 4187 divina
3308 4135 3460 4188 Scri-

1891 4237 2044 4296 ptura
2069 4227 2230 4292 '..Qui
2260 4226 2474 4295 quidem
2509 4225 2957 4292 quemadmodum
2990 4232 3217 4290 possunt
3239 4224 3312 4275 dii
3335 4221 3458 4288 jure

1895 4319 2154 4386 reputari,
2188 4332 2311 4370 cum
2337 4316 2446 4370 sint
2472 4330 2536 4370 ex
2569 4315 2804 4369 inanima
2846 4312 3068 4367 materia
3094 4351 3111 4377 ,
3135 4322 3188 4367 et
3217 4315 3282 4368 ad
3314 4313 3416 4367 hoc
3441 4355 3458 4378 ,

209 4418 291 4481 είς
326 4416 389 4468 τὸ
421 4408 558 4465 εἶναι
589 4412 933 4479 παραγωγὴν
963 4411 1021 4476 ἐξ
1053 4411 1399 4480 ἀνθρωπίνης
1432 4411 1612 4482 χειρὸς
1642 4411 1788 4482 ἔχον.

1895 4408 2034 4477 quod
2065 4418 2208 4470 sunt,
2237 4406 2642 4474 productionem
2669 4405 2982 4458 habeantex
3008 4417 3166 4456 manu
3192 4401 3463 4455 humana?

209 4526 343 4575 τες;
379 4504 672 4573 Οὐαλέριος
702 4498 795 4555 οὖν
837 4502 1009 4563 οὕτως
1045 4501 1150 4554 ὐπὸ
1203 4503 1429 4571 Κάρπου
1478 4507 1604 4567 τούς
1631 4504 1792 4556 αὐτοῦ

213 4600 399 4661 θεοὺς.
455 4596 558 4650 κάν
604 4598 631 4648 ό
662 4595 820 4662 λόγος
871 4593 1073 4663 ἀληθὴς
1126 4588 1214 4662 ἦν,
1266 4595 1654 4664 ὐόριζομένους
1698 4599 1797 4650 οὐκ

212 4687 486 4756 ινεγκὼν,
525 4686 746 4753 ἀγαθῶν
774 4686 948 4752 λόγων
970 4685 1211 4754 πονηρὰν
1244 4684 1510 4738 ἀντίδοσιν
1540 4687 1796 4739 ἐποιεῖτο·

210 4780 453 4847 ιμίσησι
485 4775 590 4843 γὰρ
625 4777 683 4826 δν
741 4775 939 4834 πύλαις
1005 4774 1296 4841 ἐλέγχοντα
1331 4776 1502 4844 (κατά
1528 4775 1620 4828 τὸν
1655 4776 1798 4829 θεῖον

225 4868 453 4938 Ἀμῶς)
490 4865 584 4918 καὶ
612 4864 766 4930 λόγον
792 4863 937 4915 ὅσιον
979 4862 1319 4928 ἐϐδελύξατο,
1355 4865 1575 4918 ἐκέλευέ
1603 4884 1661 4919 τε
1703 4868 1794 4918 εύ-

215 4957 381 5019 θέως,
419 4955 514 5007 καὶ
551 4957 579 5008 ὀ
634 4954 802 5022 θυμὸς
842 4951 1078 5022 ἄμετρος
1123 4949 1213 5023 ἦν,
1244 4954 1338 5005 xa‘t
1368 4953 1578 5024 δημίων
1608 4959 1791 5025 χεῖρες

213 5044 367 5118 εἶχον
388 5045 481 5099 τὸν
500 5043 653 5113 ἅγιον
675 5062 688 5074 ο
712 5043 900 5114 ρἀδοι
927 5060 983 5095 τε
1011 5045 1170 5097 αὐτὸν
1201 5045 1534 5110 ἀκανθώδεις
1552 5047 1793 5116 ἀνηλεῶς

213 5143 434 5211 ᾔκιςον,
458 5138 555 5188 καὶ
582 5137 635 5188 αι
681 5139 879 5204 σάρκες
913 5135 1228 5204 ξαινόμεναι
1284 5138 1524 5206 συνεχῶς
1547 5141 1624 5202 εἰς
1656 5140 1793 5205 ἀέρα

213 5227 647 5292 διεσκεδάζοντο·
674 5225 768 5276 καὶ
806 5225 964 5292 κόρον
1008 5226 1064 5276 ὲν
1104 5223 1313 5286 τούτοις
1345 5226 1442 5277 οὐκ
1467 5225 1736 5294 ὲλάμὸανε
1768 5227 1806 5277 ἁ

215 5302 418 5389 θῦμδς,
481 5318 615 5371 ἀλλὰ
645 5319 741 5370 καὶ
796 5315 957 5369 πάλιν
1001 5315 1179 5386 ἕτεροι
1212 5315 1317 5367 τῶν
1350 5315 1579 5386 δημίων,
1612 5316 1660 5367 oi
1697 5316 1795 5383 μὲν

215 5409 518 5480 λαμπάδας
533 5406 711 5460 ιαύτοῦ
746 5408 866 5468 ταῖς
897 5404 1161 5475 πλευραῖς
1201 5405 1462 5473 ἀνῆπτον,
1489 5407 1537 5457 ol
1580 5405 1633 5456 δὲ
1667 5405 1799 5467 ἃλας

217 5504 335 5563 τοῖς
400 5497 658 5566 μώλωψιν
715 5495 1099 5564 ἀπανθρώπως
1161 5498 1491 5549 ὶπέταττον·
1558 5496 1803 5549 ἐντεῦθεν

221 5592 480 5661 αἱμάτων
523 5589 619 5658 μὲν
657 5589 854 5658 ῥύακες
904 5587 1046 5640 κατά
1097 5588 1190 5639 τοῦ
1253 5590 1482 5657 ἐδάφους
1527 5590 1800 5657 ἐφέροντο,

287 5756 320 5804 1
350 5754 455 5807 lsa.
493 5766 677 5814 smn,
713 5753 794 5806 l3.
874 5752 890 5781 ⁸
921 5755 1085 5805 Amos
1109 5767 1159 5811 ν,
1203 5751 1284 5802 Ιυ.

1897 4499 2136 4552 Valerius
2163 4511 2290 4564 ergo
2323 4510 2425 4548 non
2453 4495 2627 4548 ferens
2661 4495 2789 4546 deos
2819 4507 2950 4546 suos
2998 4506 3027 4542 a
3077 4492 3255 4559 Carpo
3285 4531 3300 4557 ,
3361 4495 3463 4546 etsi

1895 4606 2083 4646 verum
2114 4588 2340 4652 diceret,
2377 4601 2438 4639 ea
2471 4585 2695 4640 aﬂ’cctos
2726 4582 3053 4638 contumelia
3075 4621 3090 4644 ,
3130 4581 3266 4634 bona
3300 4579 3461 4635 verba

1896 4682 2032 4735 male
2060 4687 2143 4734 est
2177 4685 2574 4732 remuneratus.
2614 4675 2748 4728 0dio
2783 4673 2924 4726 enim
2959 4673 3144 4726 habuit
3192 4670 3243 4725 in
3294 4672 3466 4740 portis

1895 4771 2402 4841 reprehendentem,
2431 4775 2445 4834 (
2471 4777 2527 4819 ut
2552 4766 2766 4819 divinus
2798 4765 2927 4819 dicit
2951 4767 3114 4816 Amos
3152 4764 3210 4827 ⁸)
3239 4775 3293 4815 et
3338 4777 3467 4815 san-

1895 4873 2039 4915 ctum
2097 4873 2402 4918 sermonem
2455 4865 2538 4911 est
2606 4856 2968 4910 abominatus.
3044 4853 3346 4921 Statimque
3396 4867 3461 4908 ex

1896 4954 2045 5025 jussu
2079 4954 2194 5021 ejus
2238 4952 2484 5004 lictorum
2530 4963 2723 5003 manus
2771 4948 3023 5000 tenebant
3068 4953 3356 4999 sanctum:
3412 4956 3466 4998 et

1904 5047 2063 5109 virgze
2093 5043 2290 5107 spinea
2321 5055 2444 5094 eum
2474 5039 2746 5094 caedebant
2797 5037 3138 5088 immaniter:
3165 5048 3465 5102 carnesque

1903 5131 2116 5184 assidue
2160 5130 2404 5183 lacerata
2446 5143 2505 5181 ac
2549 5127 2866 5190 discerptae,
2925 5122 3369 5190 dispergebantur
3414 5122 3467 5174 in

1903 5237 2102 5276 aerem.
2139 5219 2247 5274 Nec
2276 5220 2358 5272 liis
2385 5220 2683 5274 satiabatur
2715 5217 2828 5270 ira:
2867 5215 2957 5267 sed
2982 5213 3067 5265 alii
3095 5229 3281 5266 rursus
3317 5212 3471 5265 licto-

1904 5329 2008 5376 res,
2047 5313 2236 5381 partim
2269 5314 2484 5379 quidem
2524 5310 2880 5363 admovebant
2922 5306 3193 5372 lampades
3243 5303 3361 5371 ejus
3391 5303 3473 5356 la-

1906 5404 2128 5465 teribus,
2187 5402 2379 5468 partim
2435 5411 2610 5453 autem
2639 5400 2932 5452 inhumane
2975 5392 3332 5462 aspergebant
3363 5391 3476 5444 sale

1907 5497 2020 5563 ejus
2053 5494 2269 5547 vibices.
2304 5493 2436 5547 Hinc
2473 5494 2569 5545 rivi
2610 5492 2824 5559 quidem
2858 5487 3134 5556 sanguinis
3181 5501 3274 5554 per
3298 5484 3476 5536 solum

1911 5585 2247 5638 ferebantur:
2288 5583 2458 5638 Fibtae
2491 5594 2691 5645 autem,
2733 5595 2851 5651 qua
2885 5578 3297 5640 divellebanlur,
3331 5588 3472 5626 mar
