4212 6440
766 365 868 428 119

2058 374 2341 432 MENSIS
2383 376 2712 437 APRILIS.

3899 378 3998 441 120

762 493 861 562 tyri
895 505 1108 558 gravem
1141 489 1375 541 dolorem
1411 487 1725 544 afferehant.
1760 487 1851 543 His
1883 488 2151 543 defessum
2200 487 2314 541 fuis

2430 484 2540 550 ἶνες
2571 490 2626 541 δὲ
2676 488 3051 558 διασπὺμεναι
3105 489 3440 559 δριμυτάτην
3496 490 3572 559 τῷ
3610 493 3844 564 μάρτυρι
3897 493 3999 564 τὴν

762 591 887 646 set,
914 582 1074 632 etiam
1114 578 1311 646 siquid
1372 579 1665 631 inanimum
1717 579 1788 631 ita
1841 578 2033 632 fuisset
2082 593 2320 631 caesum:

762 671 1008 723 doluistis
1043 680 1223 722 autem
1259 684 1353 721 vos
1386 683 1599 736 quoque
1626 669 1840 722 omnino
1891 668 1970 721 vel
2018 667 2188 722 solum
2226 682 2317 720 au-

764 763 989 814 dientes.
1026 759 1130 813 Sed
1163 769 1367 827 martyr
1398 775 1501 826 quo
1527 761 1691 827 magis
1715 759 2010 828 augebatur
2040 760 2324 813 multitudo

762 851 1168 918 suppliciorum,
1201 864 1264 901 eo
1307 850 1472 917 magis
1501 859 1616 902 erat
1649 849 1761 917 ipse
1789 858 1976 914 captus
2005 848 2098 902 Dei
2121 863 2321 910 amore,

760 956 812 997 et
854 955 1108 1010 tanquam
1161 934 1222 994 ea
1286 957 1344 995 re
1369 944 1543 1010 aliqua
1596 940 1912 994 suavissima
1949 956 2007 994 se
2055 939 2325 1007 voluptate

758 1035 1007 1102 explebat
1037 1051 1098 1086 ex
1133 1034 1440 1087 doloribus:
1478 1033 1650 1086 donec
1682 1033 1799 1099 ejus
1831 1035 2030 1087 virtute
2078 1031 2322 1088 defessus

761 1126 1025 1189 Valerius,
1051 1141 1170 1178 eum
1211 1125 1510 1178 transmisit
1545 1124 1593 1177 in
1625 1139 1920 1181 carcerem.

831 1306 944 1358 ΧΙΙ.
979 1306 1112 1360 Cum
1145 1315 1318 1360 autem
1343 1306 1578 1358 divinum
1614 1305 1727 1359 sisti
1761 1315 1998 1360 curasset
2045 1306 2316 1376 Papylum,

760 1399 981 1464 perinde
1013 1415 1070 1453 ac
1092 1399 1134 1452 si
1163 1415 1303 1452 nunc
1328 1414 1446 1452 eum
1478 1399 1704 1465 primum
1737 1399 2053 1466 aspexisset,
2095 1401 2319 1466 rogavit,

761 1489 974 1554 quinam
1005 1500 1181 1542 essent
1211 1497 1458 1556 parentes
1485 1531 1499 1554 ,
1531 1504 1772 1558 qua-nam
1807 1492 1980 1558 patria
2004 1531 2018 1552 ,
2072 1502 2123 1544 et
2173 1508 2322 1559 qua:-

763 1595 882 1630 nam
919 1589 1056 1632 esset
1088 1580 1306 1650 martyri
1340 1582 1585 1634 scientia.
1638 1581 1867 1636 Sanctus
1913 1594 2122 1636 autem:
2157 1582 2271 1636 Jarn
2303 1623 2318 1649 ,

762 1672 954 1738 inquit.
984 1673 1188 1726 discere
1217 1673 1460 1741 potuisti,
1495 1689 1575 1728 me
1603 1689 1718 1727 esse
1751 1685 1928 1727 natum
1978 1690 2039 1727 ex
2076 1675 2320 1743 ingenuis

760 1763 1112 1830 parentibus;
1174 1777 1290 1815 Sum
1345 1765 1485 1816 enim
1542 1767 1700 1816 natu's
1752 1762 2055 1820 Thvatiris:
2095 1778 2321 1818 exerceo

761 1858 939 1901 autem
971 1851 1311 1914 medicinam,
1349 1867 1448 1901 non
1486 1867 1602 1918 quae
1637 1851 1795 1903 fuerit
1823 1867 1884 1903 ex
1911 1852 2089 1904 herbis
2120 1867 2150 1905 e
2179 1862 2320 1906 terra

763 1941 1129 2006 nascentibus,
1169 1943 1260 1994 sed
1287 1957 1401 2008 qua!
1438 1940 1596 1994 alicui
1629 1960 1656 1995 ιι
1691 1942 1795 1995 Deo
1832 1945 1948 1994 data
1986 1941 2167 1996 fuerit.
2202 1941 2318 1996 Non

761 2033 902 2085 enim
938 2048 1105 2102 usque
1141 2034 1206 2086 ad
1241 2049 1463 2102 corpora
1496 2035 1988 2088 circumscribimus
2017 2035 2131 2102 ejus
2178 2037 2322 2090 utili-

762 2133 954 2175 tatem:
998 2125 1088 2177 sed
1117 2125 1273 2177 etiam
1309 2125 1523 2178 morbos
1568 2125 1761 2179 anima:
1802 2126 2141 2195 corrigimus.
2172 2127 2322 2180 'I‘unc

757 2215 958 2281 judcx:
997 2214 1109 2266 Non
1141 2217 1268 2279 haec,
1299 2216 1491 2285 inquit,
1519 2218 1630 2270 Iieri
1662 2219 1933 2286 potuerint
1963 2218 2080 2270 sine
2110 2220 2319 2272 exerci-

767 2308 965 2361 tatione
993 2324 1200 2372 eorum,
1236 2325 1351 2376 qum
1387 2311 1553 2376 scipla
1587 2319 1709 2362 sunt
1742 2326 1768 2363 a
1804 2311 2006 2364 Caleno
2030 2322 2082 2364 et
2122 2311 2319 2380 Hippo-

762 2411 929 2464 crate,
957 2403 1044 2467 qui
1066 2411 1387 2469 acceperunt
1420 2417 1447 2453 a
1482 2402 1585 2456 diis
1610 2418 1871 2455 summam
1901 2403 2038 2457 illius
2060 2404 2317 2458 scientizc.

761 2491 988 2560 Papylus
1021 2502 1229 2546 autem:
1269 2492 1502 2547 Galenus
1534 2495 1767 2561 quidem,
1823 2497 2015 2566 inquit,
2044 2510 2097 2552 et
2122 2498 2318 2566 llippo-

760 2593 962 2645 crates,
997 2595 1048 2637 et
1075 2586 1164 2652 qui
1199 2585 1408 2637 illorum
1433 2597 1599 2639 artem
1633 2599 1905 2651 exercent,
1935 2598 2060 2642 tunc
2087 2591 2316 2659 aliquem

760 2679 1082 2740 nrraveriut,
1120 2681 1330 2746 quando
1364 2681 1589 2748 gratiam
1627 2696 1735 2736 suae
1791 2684 2136 2749 benignitatis
2171 2700 2320 2738 meus

757 2781 975 2834 quoque
1020 2767 1266 2822 Christus
1307 2769 1614 2836 prtebuet‘it.
1667 2771 1761 2824 Sin
1811 2773 2017 2835 minus,
2074 2776 2210 2840 perit
2242 2775 2320 2828 eis

759 2859 1018 2920 studium,
1053 2860 1182 2911 nihil
1219 2861 1479 2913 commodi
1517 2877 1849 2930 consequens
1890 2878 1952 2917 ex
1993 2880 2091 2918 sua
2126 2866 2176 2918 in
2203 2875 2320 2920 arte

759 2950 1166 3003 exercitatione.
1201 2950 1346 3016 Quos
1372 2962 1546 3006 autem
1585 2954 1712 3008 deos
1745 2957 1986 3008 nominas
2016 2997 2029 3019 ,
2067 2972 2186 3010 cum
2221 2974 2318 3014 nec

735 3042 859 3098 sibi
891 3043 1101 3109 quidem
1141 3043 1347 3110 pOssint
1380 3046 1577 3110 aliquid
1634 3047 1886 3112 prodesse
1915 3088 1929 3110 ,
1986 3052 2252 3115 quomodo
2282 3053 2314 3103 ii

2430 579 2680 647 αἴσθησιν
2710 579 2989 632 ὲνεποίουν
3012 596 3023 607 ’
3055 579 3259 646 ἔκαμεν
3285 580 3350 631 ἂν
3383 580 3440 630 ἐν
3474 579 3706 645 τούτοις,
3741 583 3793 633 ετ
3823 598 3872 633 τι
3904 586 4000 634 καὶ

2427 668 2532 717 τῶν
2556 667 2779 737 ἀψύχων
2809 663 2875 737 ἦν
2923 665 3267 736 αἰκιζόμενον
3286 684 3298 697 ·
3327 668 3602 737 ὴλγήσατε
3633 668 3689 720 δὲ
3720 669 3811 720 καὶ
3840 672 3996 737 ὑμεῖς

2429 760 2645 820 πάντως
2687 760 2779 810 καὶ
2812 759 2945 828 πρὸς
2979 761 3150 830 μόνην
3188 761 3285 828 τὴν
3319 760 3512 828 ἀκοήν.
3558 760 3696 813 Ἀλλ’
3730 761 3755 811 6
3785 763 3998 831 μάρτυς

2427 855 2534 921 ὅσῳ
2586 853 2644 906 τὸ
2697 853 2898 921 πλῆθος
2939 853 3045 904 τῶν
3077 852 3350 906 κολάσεων
3405 853 3732 916 ἐπετείνετο,
3760 856 4000 922 τοσούτῳ

2427 950 2518 997 καὶ
2581 947 2740 1007 αὐτὸς
2798 947 2996 1014 μᾶλλον
3045 946 3122 1014 τῷ
3156 945 3292 1015 πρὸς
3347 944 3479 997 Θεὸν
3514 947 3768 1014 ἡλίσκετο
3805 948 3997 1017 ἔρωτι,

2428 1039 2519 1090 καὶ
2559 1038 2750 1108 ὥσπερ
2804 1040 2948 1097 τινος
3003 1037 3222 1107 ἡδίστου
3281 1037 3598 1106 κατετρύφα
3630 1038 3738 1092 τῶν
3772 1040 3998 1098 ὀδυνῶν,

2425 1132 2530 1192 ἕως
2564 1130 2698 1199 πρὸς
2728 1131 2787 1181 τὸ
2817 1129 2908 1182 tsi:
2939 1128 3134 1198 ἀνδρὸς
3174 1131 3419 1195 γενναῖον
3447 1128 3754 1198 ἁποκαμὼν
3786 1129 3996 1182 Οὐαλέ-

2431 1240 2562 1292 ριος,
2597 1221 2782 1273 τοῦτον
2820 1221 2918 1289 μὲν
2952 1220 3279 1290 παρέπεμψε
3310 1223 3374 1290 τῇ
3403 1221 3618 1290 εἱρκτῇ.

2495 1315 2594 1366 lB'.
2621 1315 2725 1365 Τὸν
2757 1313 2812 1365 δὲ
2845 1313 2987 1366 θεῖον
3019 1315 3519 1383 παραστησάμενος
3557 1313 3831 1378 Πάπυλον,
3885 1315 3997 1367 ὥσ-

2426 1420 2528 1472 περ
2561 1404 2655 1454 νῦν
2685 1402 2899 1472 πρῶτον
2927 1403 3086 1455 αὑτὸν
3115 1401 3472 1470 θεασάμενος,
3505 1402 3717 1473 ἠρώτα,
3747 1404 3892 1467 τίνες
3942 1406 3996 1457 oi

2423 1498 2659 1564 γενέται,
2689 1495 2772 1557 τίς
2804 1497 2836 1564 ὴ
2868 1496 3068 1563 πατρὶς
3118 1496 3214 1547 καὶ
3251 1494 3335 1557 τίς
3372 1493 3478 1560 ἄρα
3509 1497 3541 1564 ἡ
3592 1497 3872 1566 ἐπιστήμη
3912 1499 3997 1566 τῷ

2426 1588 2681 1657 μάρτυρι.
2737 1586 2796 1638 Ὀ
2832 1585 2889 1638 δὲ
2925 1586 3080 1652 ἆτιος
3110 1600 3123 1613 ⁶
3161 1585 3505 1655 Μεμάθηκας
3529 1585 3652 1655 ἤδη,
3687 1589 3872 1654 φησὶν,
3911 1589 3996 1639 ὅτι

2423 1679 2722 1747 ἐλευθέρων
2749 1677 3001 1747 πατέρων
3033 1675 3141 1743 ἐγὼ
3165 1678 3293 1738 παῖς
3318 1693 3331 1706 ·
3363 1678 3425 1728 ὲκ
3458 1675 3772 1744 Θυατείρων
3803 1677 3857 1729 δὲ
3879 1676 3998 1747 ὦρ-

2355 1814 2395 1868 B
2428 1786 2624 1838 μημαι,
2653 1769 2872 1836 μέτειμι
2894 1767 2950 1819 δὲ
2971 1768 3243 1837 ἰατρικὴν,
3268 1767 3366 1835 οὐχ
3398 1767 3568 1834 ὁπόση
3603 1766 3808 1834 γένοιτο
3840 1767 3906 1819 ἂν
3926 1769 3999 1818 ἐκ

2427 1861 2665 1930 βοτανῶν
2692 1860 2799 1910 τῶν
2828 1861 2891 1912 ἐκ
2918 1861 3022 1926 γῆς
3046 1859 3359 1927 φυομένων,
3393 1859 3505 1910 ἀλλ’
3532 1859 3629 1927 ὅση
3663 1859 3726 1910 ἄν
3759 1875 3865 1910 τινι
3883 1861 4000 1910 ἀπ’)

2423 1951 2556 2004 Θεοῦ
2587 1951 2763 2020 δοθείη
2787 1967 2801 1980 ·
2843 1951 2936 2001 καὶ
2963 1949 3070 2019 γὰρ
3096 1949 3156 2000 οὐ
3193 1948 3356 2018 μέχρι
3405 1948 3512 2001 τῶν
3538 1947 3807 2017 σωμάτων
3836 1965 3998 2016 περι-

2422 2044 2678 2112 ορίζομεν
2705 2041 2801 2112 τὴν
2823 2041 3108 2111 ὠφέλειαν,
3135 2039 3268 2092 ἀλλὰ
3288 2040 3381 2092 καὶ
3401 2040 3509 2092 τῶν
3539 2039 3784 2108 ψυχικῶν
3810 2041 3998 2109 ἀρρω-

2423 2134 2713 2202 στημάτων
2771 2130 3074 2200 ποιούμεθα
3103 2130 3202 2200 τὴν
3249 2131 3556 2199 διόρθωσιν.
3604 2127 3735 2182 Είτα
3770 2131 3798 2181 6
3831 2130 3997 2182 δικα-

2425 2225 2552 2290 στής
2580 2238 2592 2252 ο
2644 2221 2754 2272 Οὐκ
2786 2221 2912 2272 ἄνευ
2959 2222 3246 2287 ἀσκήσεως
3279 2219 3388 2272 τῶν
3443 2220 3707 2288 Γαληνοῦ,
3740 2221 3866 2289 ἔφη,
3896 2221 3998 2272 καὶ

2433 2310 2829 2380 Ἱπποκράτους
2852 2366 2860 2374 _
2882 2310 3040 2364 tauri.
3066 2311 3294 2377 γένοιτο,
3320 2309 3374 2362 οἳ
3405 2310 3556 2380 παρά
3583 2310 3689 2361 τῶν
3720 2311 3858 2365 θεῶν
3892 2314 3999 2380 τῆς

2422 2396 2732 2473 ἐπιστῆμης
2776 2402 2836 2454 τὸ
2871 2401 3165 2467 κεφάλαιον
3198 2401 3408 2455 ἔλαϐον.
3473 2403 3580 2454 Καὶ
3635 2403 3663 2453 6
3699 2404 3955 2465 Πάπυλος
3980 2421 3998 2434 ο

2423 2496 2659 2564 Γαληνὸς
2694 2493 2792 2562 μὲν
2837 2491 2931 2545 καὶ
2978 2491 3369 2562 Ἱπποκράτης,
3425 2494 3518 2546 καὶ
3548 2493 3596 2543 οἱ
3625 2493 3723 2562 τὴν
3763 2492 4005 2564 ἐκείνων

2425 2588 2700 2659 μετιόντες
2732 2586 2950 2655 τέχνην,
2991 2585 3114 2636 τότε
3149 2583 3215 2637 ἄν
3241 2601 3364 2637 τινα
3383 2561 3798 2654 θεραπεύσειαν,
3827 2583 3996 2655 ἡνίκα

2420 2683 2516 2750 τῆς
2540 2678 2736 2732 ἑαυτοῦ
2767 2679 3179 2747 φιλανθρωπίας
3201 2677 3300 2743 τὴν
3347 2677 3506 2746 χάριν
3547 2677 3638 2728 καὶ
3671 2679 3696 2728 6
3728 2677 3857 2745 ἐμὸς
3889 2693 3999 2728 πα·-

2424 2774 2612 2842 ράσχοι
2640 2771 2873 2840 Χριστός
2894 2787 2906 2800 ·
2953 2772 3000 2822 εἰ
3043 2769 3088 2822 δ’
3123 2765 3238 2830 οὖν,
3269 2770 3475 2837 οἴχεται
3509 2768 3692 2830 αὐτοῖς
3716 2769 3748 2830 ὴ
3786 2768 3995 2834 σπουδὴ

2424 2863 2589 2933 μηδὲν
2617 2862 2714 2930 τῆς
2745 2862 2871 2929 περὶ
2903 2860 3000 2928 τὴν
3029 2860 3227 2927 τέχνην
3262 2858 3549 2925 ἀσκήσεως
3595 2854 3954 2907 ἀπολαύσασα
3977 2873 3992 2885 ·

2419 2955 2508 3016 οὒς
2537 2954 2592 3006 δέ
2648 2970 2710 3020 γε
2757 2951 3042 3020 ὀνομάζεις
3076 2950 3254 3013 θεοὺς,
3302 2948 3423 3001 οὐδὲ
3449 2947 3678 3009 ἑαυτοὺς
3713 2947 3906 3015 όνῆσαί
3940 2964 3996 2998 τι

2421 3050 2731 3118 δυνάμενοι,
2791 3046 2906 3107 πῶς
2954 3046 3021 3096 ἂν
3077 3044 3175 3112 τῆς
3206 3042 3416 3112 ἐτέρων
3469 3034 3619 3094 οὗτοι
3659 3040 3993 3109 φροντίσωσι

757 3133 1231 3200 euramgesserint
1279 3133 1503 3184 aliormn
1548 3134 1814 3188 sanitatis.
1869 3136 2020 3201 Quod
2057 3137 2100 3190 si
2153 3141 2313 3193 etiam

2421 3141 2746 3211 οεραπείας;
2790 3138 2851 3189 Εἰ
2891 3136 2946 3187 δὲ
2974 3135 3067 3188 καὶ
3099 3133 3294 3202 μαθεῖν
3327 3133 3474 3203 ἔργῳ
3519 3132 3578 3184 τὸ
3597 3133 3848 3222 χπρᾶγμα
3875 3130 3996 3182 ἐθέ-

757 3221 887 3273 velis
915 3237 1021 3272 rem
1051 3224 1216 3284 ipsam
1249 3239 1370 3274 vere
1409 3223 1702 3286 intelligere
1729 3265 1741 3286 ,
1775 3241 1894 3278 eum
1930 3267 1942 3289 ,
1974 3229 2064 3295 qui
2098 3241 2316 3299 propter

758 3314 808 3362 te
837 3313 1004 3370 sedet,
1025 3312 1192 3365 altero
1219 3325 1271 3363 ut
1306 3314 1451 3367 Vides
1479 3315 1633 3368 oculo
1659 3317 1868 3379 orbant,
1907 3317 2106 3370 faciant
2143 3323 2312 3373 visum

759 3419 1113 3470 recuperare:
1173 3415 1225 3455 et
1270 3416 1452 3472 postea
1497 3409 1624 3460 nihil
1668 3409 1856 3460 dicam.
1911 3409 2092 3462 Fuerit
2139 3422 2315 3464 autem

759 3493 1046 3560 quispiam,
1078 3495 1150 3548 ait
1186 3495 1446 3559 Valerius,
1481 3499 1566 3564 qui
1601 3514 1717 3550 eum
1755 3501 1921 3566 possit
1947 3503 2178 3554 sanare?
2201 3502 2315 3555 Non

758 3584 859 3638 hoc
892 3585 1089 3646 solum,
1120 3587 1288 3652 inquit
1317 3597 1565 3652 sanctus,
1603 3591 1693 3642 sed
1737 3607 1924 3646 omnes
1970 3595 2130 3646 etiam
2185 3596 2321 3648 alios

757 3676 978 3729 morbos
1008 3686 1059 3729 et
1098 3675 1408 3733 affectiones
1447 3679 1769 3734 insanabiles
1825 3683 1980 3735 facile
2019 3686 2313 3750 curaverit,

755 3768 844 3835 qui
881 3768 1156 3821 CltIiSltttn
1191 3769 1338 3821 omni
1373 3772 1560 3824 morbo
1617 3773 1917 3827 medentem
1964 3776 2317 3833 invocaverit.

758 3856 902 3910 Dixit
936 3869 1114 3913 autent
1151 3856 1430 3915 Valerius:
1469 3860 1756 3918 Videamus
1808 3865 1857 3918 in
1895 3871 2178 3934 praesentia
2217 3870 2264 3921 id
2301 3910 2314 3931 ,

755 3949 900 4018 quod
928 3952 1094 4004 dicis:
1129 3951 1241 4004 Non
1274 3969 1392 4020 ego,
1425 3955 1597 4020 inquit
1624 3957 1868 4024 Papylus,
1903 3960 2179 4027 aggrediar
2207 3963 2319 4030 pri-

759 4058 901 4095 mus.
937 4043 1137 4096 Vereor
1167 4045 1308 4097 enim
1341 4085 1355 4109 ,
1391 4059 1456 4098 ne
1490 4060 1607 4097 eum
1636 4047 1748 4114 ipse
1775 4051 1952 4104 omnia
2000 4053 2270 4106 adulteres
2300 4095 2316 4116 ,

757 4135 1072 4188 miraeulum
1119 4135 1360 4188 ascrihas
1410 4135 1764 4191 daemonibus.
1813 4141 1916 4191 Sed
1966 4143 2036 4192 tui
2088 4144 2316 4208 primum

756 4227 1007 4279 itivorcut
1039 4243 1194 4294 quem
1232 4227 1394 4281 velint
1429 4241 1641 4283 tuorum
1679 4231 1932 4295 deorum,
1968 4244 2020 4288 et
2053 4245 2178 4291 tunc
2218 4251 2318 4305 ego

754 4334 967 4388 quoque
998 4321 1282 4374 ostendam
1308 4320 1509 4373 Christi
1541 4324 1646 4374 mei
1673 4324 1947 4378 virtutem.

761 4685 964 4740 triticos
995 4685 1305 4739 adduxisset
1354 4685 1597 4739 Valerius
1628 4724 1642 4748 ,
1692 4685 1852 4752 jussit
1901 4702 2025 4740 suos
2066 4689 2318 4744 invocare

760 4781 901 4840 deos,
933 4777 1154 4840 nullam,
1187 4791 1305 4846 qua:
1338 4777 1401 4830 ad
1431 4777 1531 4832 hoc
1562 4777 1748 4841 faciat,
1783 4779 2093 4834 amittentes
2119 4790 2311 4843 artem,

757 4884 849 4921 uec
883 4869 1220 4931 industriam,
1257 4884 1355 4922 nec
1377 4870 1660 4924 rationem.
1690 4871 1767 4925 Illi
1802 4881 1997 4936 autem,
2033 4871 2172 4925 alius
2211 4872 2314 4926 alio

752 4961 1088 5021 accedentes,
1113 4960 1196 5013 hic
1215 4958 1429 5027 quidem
1457 4960 1773 5028 Apollinem,
1804 4963 1890 5016 ille
1914 4973 2090 5017 autem
2120 4963 2314 5017 Aiscu-

753 5052 972 5117 lapium,
1008 5052 1142 5105 alius
1172 5051 1366 5105 deinde
1397 5052 1557 5105 alium
1593 5054 1873 5107 invocabat
1928 5071 1988 5107 ex
2018 5057 2121 5109 diis
2162 5057 2311 5110 adul-

751 5143 938 5195 terinis
971 5185 984 5206 ,
1021 5143 1339 5210 impotentes
1376 5144 1426 5196 in
1460 5160 1513 5196 re
1544 5187 1556 5207 ,
1591 5159 1707 5212 qua
1760 5143 1872 5195 fieri
1922 5160 2026 5197 non
2057 5157 2263 5213 poterat
2298 5191 2310 5212 ,

749 5235 891 5298 quod
927 5234 991 5285 ad
1025 5233 1267 5288 homines
1309 5235 1520 5298 attinet,
1549 5235 1880 5290 invocantes.
1947 5236 2184 5305 Eratque
2231 5253 2314 5293 res

749 5327 905 5378 valde
932 5327 1180 5382 ridicula.
1208 5336 1258 5380 et
1289 5327 1442 5394 plena
1474 5328 1754 5381 dedecore.
1782 5328 1916 5393 Quid
1955 5331 2097 5383 enim
2133 5329 2198 5382 de
2230 5330 2312 5382 vi-

750 5401 1036 5477 ventibus,
1091 5431 1313 5486 magnus
1367 5419 1536 5485 inquit
1563 5417 1727 5471 Isaias
1779 5420 1839 5482 ⁸,
1894 5421 2314 5474 sciscitabantur

751 5507 1034 5566 mortuos?
1063 5507 1227 5560 Totus
1260 5524 1386 5572 ergo
1415 5509 1526 5561 dies
1564 5511 1814 5575 praeteriit
1842 5549 1854 5571 ,
1889 5520 1941 5563 et
1989 5510 2059 5562 illi
2099 5512 2309 5575 quidem

752 5601 1045 5668 rogabant,
1091 5601 1498 5678 supplicabant,
1549 5602 1920 5656 sacrificabant
1953 5645 1963 5663 ,
2019 5603 2174 5652 rebus
2211 5605 2312 5651 illis

829 5758 845 5784 '
881 5755 979 5806 Isa.
1024 5770 1134 5812 vni,
1181 5755 1241 5804 19

2419 3234 2549 3295 λεις,
2596 3232 2683 3282 τὸν
2734 3228 2885 3296 παρὰ
2944 3227 3026 3278 σοὶ
3085 3227 3396 3294 καθήμενον
3456 3219 3879 3293 πεπηρωμένον,
3916 3222 3994 3282 ὡς

2417 3324 2582 3392 ὁρᾷς,
2641 3320 2769 3370 ὅντα
2820 3317 2908 3371 τὸν
2952 3317 3137 3385 ἕτερον
3175 3315 3282 3368 τῶν
3315 3313 3634 3384 ὀφθαλμῶν,
3690 3299 3992 3378 ἀναᾶλὲψαι

2420 3411 2821 3483 ποιησάτωσαν,
2879 3409 3048 3478 κάμοὶ
3100 3409 3256 3474 λόγος
3311 3409 3372 3459 τὸ
3419 3406 3560 3475 μετὰ
3583 3403 3757 3456 ταῦτα
3789 3403 3990 3463 οὐδείς.

2420 3503 2520 3571 Εἱή
2573 3503 2618 3554 δ’
2651 3503 2714 3556 ἄν
2763 3518 2868 3563 τις,
2905 3496 3058 3551 εἷπεν
3088 3498 3404 3566 Οὐαλέριος,
3451 3499 3479 3549 6
3527 3496 3716 3549 τοῦτον
3756 3495 3993 3563 ὑγιῶσαι

2419 3595 2751 3662 δυνάμενος;
2788 3622 2857 3632 -
2891 3589 2966 3641 Οὐ
3006 3587 3195 3640 τοῦτον
3232 3587 3414 3657 μόνον,
3465 3588 3493 3639 ὁ
3523 3586 3674 3654 ἅγιος
3704 3586 3830 3655 ἐφη,
3856 3584 3992 3636 ἀλλὰ

2420 3683 2521 3736 κᾶν
2551 3682 2701 3744 νόσος
2730 3681 2864 3748 άλλη
2896 3697 2976 3742 τις
3023 3676 3081 3752 ᾖ,
3122 3680 3226 3733 κᾶν
3280 3679 3448 3739 πάθος
3500 3677 3619 3729 οὐδὲ
3651 3676 3779 3758 παρ’
3811 3673 3996 3739 ὀλίγον

2422 3779 2658 3846 ἰάσιμον,
2731 3773 2925 3845 ῥᾳδίως
2969 3773 3185 3825 ᾶπαντα
3237 3769 3645 3837 θεραπεύσειεν,
3705 3767 3762 3827 ὃς
3803 3765 3869 3817 ἂν
3899 3765 3991 3817 τὸν

2424 3871 2651 3940 ἐώμενον
2674 3872 2851 3921 πᾶσαν
2877 3868 3031 3918 νόσον
3055 3868 3149 3918 καὶ
3176 3866 3354 3917 πᾶσαν
3385 3863 3655 3934 μαλακίαν
3673 3861 3996 3914 ὲπικαλοῖτο

2419 3962 2674 4033 Χριστόν.
2720 3961 2830 4015 Καὶ
2854 3959 2946 4011 τὸν
2982 3957 3278 4025 Οὐαλέριον
3317 3957 3517 4025 φάναι·
3558 3955 3788 4022 Ἷδωμεν
3820 3955 3878 4004 ἐν
3911 3953 3990 4022 τῷ

2424 4048 2648 4117 παρόντι
2687 4048 2712 4097 ὃ
2750 4047 2948 4111 λέγεις.
3001 4078 3070 4088 --
3125 4046 3238 4096 Οὐκ
3295 4044 3422 4110 ἐγὼ,
3452 4045 3616 4111 φησιν
3649 4045 3677 4092 ὁ
3711 4041 3988 4101 Πάπυλος,

2420 4139 2728 4208 ἐγχειρήσω
2790 4135 3042 4205 πρῶτος·
3083 4135 3302 4187 δέδοικα
3353 4133 3483 4203 γὰρ,
3537 4133 3611 4204 μὴ
3643 4132 3701 4185 τὸ
3754 4133 3992 4201 πρᾶγμα

2421 4232 2679 4293 νοθεύσας
2710 4229 2871 4292 αὐτὸς
2904 4232 3014 4291 τοῖς
3051 4228 3269 4297 δαίμοσι
3326 4228 3394 4278 τὰ
3430 4227 3526 4278 τοῦ
3553 4227 3831 4294 θαύματος
3860 4225 3992 4276 ὐπος

2420 4327 2668 4397 γράψῃς·
2696 4327 2808 4378 ἀλλ’
2843 4327 2892 4376 ’δί
2926 4327 3008 4376 σοὶ
3067 4324 3355 4393 πρότερον,
3404 4323 3470 4392 ἢν
3520 4321 3839 4390 βούλωνται,
3880 4320 3994 4371 τῶν

2423 4419 2559 4471 θεῶν
2591 4417 2745 4486 ὑμῶν
2775 4417 3065 4484 ἐπίκλησιν
3106 4416 3512 4484 ποιησάτωσαν,
3549 4414 3642 4468 καὶ
3673 4415 3792 4467 τότε
3824 4415 4006 4466 πάλιν

2351 4490 2394 4545 Ῑ)
2424 4509 2585 4568 αὐτὸς
2616 4506 2712 4574 τὴν
2743 4505 2836 4558 τοῦ
2863 4503 2996 4576 ἐμοῦ
3037 4504 3271 4575 Χριστοῦ
3297 4505 3526 4573 δύναμιν
3557 4505 3832 4570 ἐπιδείξω.

824 4591 968 4646 XIII.
1009 4591 1162 4647 Tunc
1186 4607 1306 4647 cum
1343 4592 1844 4663 quosdam-deorum
1876 4595 2111 4651 cultores
2142 4607 2195 4651 et
2226 4613 2316 4651 sa-
2374 4625 2396 4646 .

2495 4600 2598 4652 IF'.
2632 4598 2762 4654 Τότε
2790 4598 3130 4667 θεραπευτάς
3153 4615 3305 4658 τινας
3333 4598 3425 4648 καὶ
3455 4596 3622 4658 θύτας
3645 4597 3990 4667 παραγαγὼν

2418 4687 2790 4760 ὀΟὐαλὲῥιος,
2833 4691 2956 4749 τοὺς
3019 4687 3229 4740 ἑαυτῶν
3288 4687 3545 4741 ἐκέλευεν
3605 4688 3988 4742 ἐπικαλεῖσθαι

2419 4783 2597 4844 Θεοὺς,
2638 4783 2770 4848 μηδέ
2793 4781 3008 4848 τέχνης,
3037 4780 3172 4850 μηδέ
3199 4781 3466 4846 ἐπινοίας,
3497 4780 3619 4851 μηδ’
3652 4780 3819 4847 ἄλλης
3845 4782 3992 4842 τινὸς

2423 4870 2646 4942 μεθόδου
2700 4870 2832 4940 πρὸς
2885 4870 3042 4923 τοῦτο
3091 4870 3378 4939 μεθιέντας
3433 4869 3621 4939 μηδὲν.
3659 4868 3722 4919 Οἱ
3748 4867 3802 4921 δὲ
3827 4868 3992 4933 ἄλλος

2419 4961 2621 5028 ἀλλαχῆ
2651 4961 3001 5032 tereti/tego
3026 4959 3124 5026 μὲν
3153 4960 3485 5022 Ἀπόλλωνα,
3507 4961 3534 5011 6
3554 4958 3609 5011 δὲ
3633 4958 3990 5027 ’Δσκληπιδν,

2415 5052 2441 5101 6
2471 5053 2525 5111 δὲ
2557 5051 2709 5112 ἄλλος
2741 5052 2899 5103 ἄλλον
2934 5050 3040 5102 τῶν
3065 5050 3335 5118 κιϐδήλων
3364 5051 3548 5101 ἐκάλει
3597 5049 3756 5113 θεῶν,
3787 5050 3990 5100 ἀδυνά-

2412 5161 2539 5206 τους
2575 5145 2713 5197 κατὰ
2733 5145 2994 5198 ἀδυνάτου
3027 5146 3372 5215 πράγματος,
3411 5145 3512 5198 ὅσα
3552 5162 3614 5212 γε
3660 5147 3740 5208 εἰς
3771 5142 3989 5210 ἀνθρὼ-

2414 5254 2548 5299 πους
2594 5233 2728 5309 ἧκεν
2769 5237 3224 5306 ἐπικαλούμενοι·
3271 5240 3363 5290 καὶ
3394 5234 3460 5307 ἦν
3486 5239 3543 5288 τὸ
3566 5238 3755 5308 χρῆμα
3788 5235 3988 5306 κομιδῇ

2425 5329 2617 5394 γέλως,
2673 5327 2900 5398 αἰσχύνη
2958 5331 3156 5396 σαφής.
3196 5329 3259 5379 Τί
3309 5330 3416 5396 γὰρ
3451 5329 3574 5396 περὶ
3615 5328 3724 5378 τῶν
3748 5325 4019 5388 ζώντων,-

2435 5419 2663 5478 Ἦσαῖας
2687 5418 2848 5485 φησ“ον
2881 5420 2906 5468 6
2938 5418 3126 5484 μέγας,
3186 5415 3546 5482 ἐκζητήσουσι
3582 5416 3706 5476 τοὺς
3737 5414 3990 5479 νεκρούςς

2436 5510 2647 5577 Ἡμέρα
2701 5507 2830 5573 γοῦν
2859 5506 3071 5574 διῆλθεν
3103 5508 3220 5569 ὅλη,
3253 5507 3346 5556 καὶ
3375 5507 3420 5556 οἱ
3453 5506 3550 5571 μὲν
3602 5503 3830 5562 ἐδέοντο,
3878 5502 3993 5553 ἱκέ-

2425 5617 2596 5651 τευον,
2655 5599 2952 5660 ἐθυσίσζον,
3008 5599 3180 5646 πᾶσαν
3220 5598 3340 5663 περῖ
3374 5595 3438 5645 τὰ
3483 5594 3685 5661 μάταια
3711 5592 3992 5643 ἐποιοῦντο
