4212 6440
182 415 276 478 l2]

178 615 379 682 μέρους
409 612 778 680 τυφλώττοντι
803 613 1028 678 οὐδεμία
1055 611 1279 679 βοήθεια
1303 612 1455 680 παρὰ
1484 612 1592 663 τῶν
1620 613 1758 673 ὅλως

176 704 616 771 πεπηρωμένων.
641 701 705 752 Τί
740 702 830 754 οὖν
855 703 883 754 6
911 702 1006 754 τοῦ
1031 701 1268 771 Χριστοῦ
1306 703 1549 773 μαρτυςς
1589 703 1757 772 Ὀμοῠ

176 797 274 846 σὺν
305 797 420 856 τοῖς
454 794 664 863 ὄμμασι
715 795 813 862 τῆς
846 795 1049 864 σαρκὸς
1084 795 1177 846 καὶ
1228 794 1293 846 τὰ
1319 795 1429 864 τῆς,
1468 795 1644 864 ψυχῆς
1679 796 1752 858 είς

171 887 440 954 οὐρανοὺς
465 889 622 955 ἄρας,
656 887 747 938 τὸν
777 887 973 939 ἑαυτοῦ
1003 887 1141 955 πρὸς
1175 887 1322 939 ἔλεον
1341 887 1524 939 ἐκάλει
1555 887 1756 940 Δεσπό-

171 994 292 1044 την.
332 971 463 1029 Εἶτα
501 977 585 1039 τίς
649 979 721 1029 Τὸ
775 978 868 1028 τοῦ
924 977 1162 1046 σταυροῦ
1197 982 1421 1046 σημεῖον
1478 979 1754 1031 ἐπιὸάλλει

171 1071 293 1129 ταῖς
324 1070 537 1136 ὄψεσιν,
582 1067 813 1119 ἅπτεται
838 1070 902 1136 τῇ
947 1069 1114 1137 χειρὶ,
1151 1069 1245 1120 καὶ
1300 1071 1364 1137 τῇ
1401 1070 1510 1138 ἁφῇ
1546 1070 1606 1121 τὸ
1640 1071 1754 1134 φῶς

174 1159 480 1224 ἠκολούθει,
525 1159 618 1208 καὶ
672 1158 700 1207 6
754 1158 1004 1219 σϐεσθεὶς
1057 1158 1334 1226 ὀφθαλμὸς
1371 1160 1499 1227 ῥᾷον
1545 1160 1575 1228 ἢ
1618 1161 1753 1228 πρὸς

174 1248 344 1298 ὖπκον
380 1247 792 1316 σύγκαλυφθεὶς
837 1249 1166 1314 ἀνεῴγνυτο,
1225 1250 1319 1301 καὶ
1359 1248 1418 1301 τὸ
1449 1249 1512 1317 δὴ
1547 1249 1748 1317 μεῖζον.

173 1341 268 1391 καὶ
299 1342 333 1408 ἡ
368 1340 545 1408 ψυχῆς
573 1340 764 1391 ἐλύετο
801 1341 1068 1406 πήρωσις,
1104 1339 1198 1390 καὶ
1223 1339 1500 1391 πιστεύων
1531 1335 1620 1410 ἦν,
1661 1340 1752 1392 καὶ

170 1430 232 1480 τὸ
268 1430 387 1494 φῶς
419 1430 478 1481 τὸ
517 1429 770 1499 ἀληθινὸν
797 1429 965 1496 ἑώρα,
1006 1428 1033 1480 ὃ
1081 1427 1307 1496 φωτίζει
1341 1429 1518 1481 πάντα
1543 1429 1752 1497 ἄνθρωο

175 1537 278 1583 πον
313 1521 603 1590 ἐρχόμενον
631 1524 709 1581 εἰς
730 1523 819 1572 τὸν
839 1521 1065 1588 κόσμον,
1093 1520 1188 1573 καὶ
1212 1520 1328 1588 ἅμα
1361 1520 1494 1571 πολύ
1527 1538 1578 1571 τι
1611 1522 1750 1586 πλῆ-

172 1612 264 1674 θος
293 1612 599 1683 ἀνθρώπων
625 1611 704 1681 τῷ
761 1613 1002 1680 θαύματι
1058 1611 1196 1681 πρὸς
1233 1611 1332 1681 τὴν
1363 1611 1462 1679 τῆς
1493 1611 1752 1680 ἀληθείας

171 1705 477 1770 ἐπίγνωσιν
537 1707 982 1772 ἐχειραγωγεῖτο.
1046 1705 1180 1758 Τίνα
1218 1705 1288 1757 ἂν
1337 1705 1398 1758 ού
1459 1705 1752 1774 μετέϐαλον

170 1797 368 1863 ταῦτα,
400 1797 494 1849 καὶ
518 1798 600 1858 τίς
635 1800 662 1849 ὁ
693 1798 790 1867 τὴν
834 1799 988 1866 ίσχύν
1025 1797 1163 1864 ἔχων
1199 1796 1406 1866 ταύτην
1453 1795 1749 1866 ἐκζητῆσαι

1223 412 1399 468 VITA
1441 411 1499 468 S.
1535 408 1757 467 CARPI
1807 409 1895 466 ET
1929 408 2351 473 SOCIORUM.

176 527 278 588 τὴν
307 523 670 593 προσεδρείαν
695 538 706 550 ·
751 524 816 575 τὰ
847 525 902 574 δὲ
947 523 1102 589 κωφὰ
1139 523 1297 588 κωφὰ
1330 519 1422 591 ἦν,
1471 524 1565 574 καὶ
1592 524 1670 592 τῷ
1702 524 1744 574 ἐι

1875 528 2024 575 vanis
2074 539 2336 592 perpetuo
2379 529 2708 584 assidcbant.
2766 530 2935 584 Surda
2991 545 3168 582 autem

3331 414 3429 477 122

3267 530 3427 585 surda

1862 625 2047 668 erant:
2083 628 2134 668 et
2161 619 2206 669 ei
2237 660 2248 670 .
2286 619 2373 686 qui
2407 636 2468 672 ex
2503 632 2653 688 parte
2695 622 3007 674 ctecutiebat
3063 621 3265 674 nullum
3313 628 3434 673 erat

1861 709 2113 762 auxilium
2164 714 2229 763 ab
2271 713 2336 764 iis
2375 714 2462 779 qui
2494 722 2647 766 erant
2675 715 2801 767 caeci
2849 715 3080 783 penitus.
3126 713 3264 778 Quid
3301 728 3434 781 ergo

1859 800 2060 854 Christi
2108 803 2352 856 servus?
2404 804 2576 856 Simul
2620 820 2738 856 cum
2789 804 2968 857 carnis
3016 802 3186 856 oeulis
3233 802 3432 854 anima.-

1860 907 2071 960 qnoque
2101 895 2286 947 oculos
2317 895 2381 947 ad
2417 894 2611 947 cmlum
2651 895 2863 955 tollens,
2893 894 2958 946 ad
2997 892 3426 946 misericordiam

1860 999 2015 1037 suum
2068 985 2358 1040 invocabat
2408 986 2718 1042 Dominum.
2774 987 2977 1040 Deinde
3023 984 3191 1052 quid?
3235 983 3424 1037 Crttcis

1858 1075 2066 1139 signum
2117 1077 2358 1130 immittit
2410 1078 2616 1141 oculis,
2657 1093 2818 1130 manu
2881 1077 3089 1145 tangit.
3137 1085 3188 1128 et
3223 1084 3425 1127 tactum

1857 1167 1943 1219 lux
1976 1178 2056 1221 est
2081 1179 2373 1222 consecuta
2403 1209 2416 1232 ,
2448 1179 2501 1222 et
2530 1176 2831 1223 exstinctus
2863 1171 3053 1222 oculus
3099 1168 3311 1221 facilius
3345 1179 3429 1219 est

1857 1269 2073 1325 apertus
2100 1300 2112 1323 ,
2151 1276 2309 1327 quam
2343 1263 2386 1314 si
2430 1277 2620 1314 somno
2656 1261 2842 1315 fuisset
2887 1271 3135 1328 opertus:
3188 1270 3240 1312 et
3283 1259 3426 1325 quod

1857 1351 2027 1417 majus
2051 1359 2153 1411 est,
2189 1351 2325 1418 ejus,
2350 1352 2438 1419 qui
2469 1352 2732 1406 beneficio
2764 1353 2988 1404 allectus
3013 1350 3207 1412 fuerat,
3232 1352 3426 1401 animi:

1854 1456 2067 1508 quoque
2092 1442 2266 1495 ablata
2287 1455 2368 1496 est
2390 1446 2625 1502 caecitas,
2650 1454 2871 1511 eratque
2901 1443 3144 1505 credens,
3169 1452 3423 1494 et-veratn

1855 1530 2024 1584 lucem
2062 1533 2368 1585 intuebatur
2395 1573 2410 1596 ,
2446 1549 2564 1600 qua:
2595 1533 2862 1586 illuminat
2891 1547 3107 1586 omnem
3148 1532 3422 1590 hominem

1853 1623 2153 1674 venientem
2187 1622 2239 1674 in
2265 1623 2405 1677 hunc
2442 1627 2695 1678 mundum
2728 1642 2740 1676 :
2775 1635 2826 1675 et
2857 1622 3014 1675 simul
3038 1624 3197 1676 etiam
3232 1621 3424 1690 magna

1855 1712 2129 1766 hominum
2169 1713 2452 1766 multitudo
2484 1715 2708 1768 deducta
2741 1725 2823 1766 est
2858 1714 3118 1766 miraculo
3154 1714 3218 1764 ad
3273 1712 3423 1778 agni-

1855 1805 2051 1858 tionem
2078 1803 2337 1857 veritatis.
2374 1804 2540 1868 Quem
2573 1820 2678 1856 nou
2715 1805 2828 1857 haec
2877 1812 3213 1865 mutassent,
3261 1811 3312 1856 ct
3337 1803 3419 1854 ef-

171 1885 268 1938 καὶ
326 1887 516 1954 μαθεῖν
563 1888 1008 1954 παρεσκεύασενς
1076 1887 1215 1939 Ἀλλ’
1275 1890 1324 1939 εί
1370 1889 1462 1940 καὶ
1517 1889 1744 1953 πάντας,

1853 1898 2106 1951 fecissent
2144 1910 2387 1964 qumere
2415 1906 2471 1950 et
2495 1896 2701 1950 discere
2729 1939 2742 1957 ,
2799 1896 3047 1965 quisnam
3096 1897 3141 1949 is
3174 1896 3242 1948 sit
3268 1937 3282 1959 ,
3329 1894 3424 1962 qui

170 1977 471 2045 Οὐαλέριον
523 1977 653 2045 γοῦν
704 1977 976 2044 οὐδαμῶς,
1035 1978 1172 2029 ἀλλὰ
1227 1980 1324 2030 κα)⁸
1370 1979 1503 2030 πολὺ
1543 1980 1744 2046 μᾶλλον

168 2068 545 2135 ἀπηνέστερον
582 2067 774 2119 ἑαυτοῦ
799 2069 1165 2136 πεποιήκασι,
1199 2069 1452 2137 καθάπερ
1484 2070 1744 2138 ἐνηδόμε-

169 2177 260 2210 νον
311 2162 373 2228 τῇ
429 2158 678 2227 ἀπωλείᾳ.
712 2158 810 2225 τῆς
845 2158 1051 2228 πλάνης
1091 2159 1185 2212 καὶ¹
1225 2159 1478 2228 οὐδαμῶς
1513 2162 1746 2212 ἐκκαλυο

171 2253 374 2320 φθῆναι
409 2253 506 2320 τὴν
540 2251 801 2319 ἀλήθειαν
828 2251 1156 2319 ἀνεχόμενον
1175 2268 1187 2282 ·
1224 2249 1346 2306 ὅθεν
1369 2254 1463 2305 καὶ
1486 2253 1575 2305 τὸν
1607 2254 1747 2324 μάρ-

167 2361 308 2412 τυρα
345 2345 550 2412 ταύτης
590 2345 679 2395 ἐπὶ
718 2344 876 2408 ξύλου
914 2345 1275 2414 μετεωρίσας,
1327 2347 1598 2411 αἰκίζεται
1628 2349 1747 2415 δρι-

170 2435 450 2501 μυτάτως,
511 2437 766 2498 τοιαύτας
825 2435 973 2506 αὐτῷ
1004 2438 1101 2498 τὰς
1147 2437 1384 2506 ἀμοιϐὰς
1415 2438 1512 2505 τῆς
1545 2440 1624 2500 είς
1655 2439 1746 2491 τὸν

168 2523 546 2593 συγκάθεδρον
576 2525 895 2593 εὐεργεσίας
929 2525 1235 2587 ἀποδιδούς.

242 2700 340 2753 1Δ’.
386 2699 654 2763 Ἐξαίνετο
686 2701 785 2769 μὲν
815 2696 908 2755 οὖν
940 2702 1000 2758 τὸ
1031 2703 1194 2756 καλὸν
1233 2706 1409 2760 ἐκεῖνο
1441 2708 1600 2778 σῶμα
1623 2711 1747 2772 ταῖς

170 2789 415 2858 μάστιξι.
476 2790 727 2844 Πάπνλον
758 2790 815 2843 δὲ
866 2792 925 2844 οὐ
965 2793 1123 2845 τοῦτο
1158 2794 1370 2857 ἐλύπει,
1405 2797 1519 2848 ἀλλ’
1560 2799 1640 2850 δτι
1671 2800 1744 2869 μὴ

166 2880 548 2950 χαλεπώτεραι
623 2882 824 2950 μᾶλλον
890 2883 1161 2954 ἐπήγοντο
1219 2885 1481 2954 βάσανοι,
1559 2889 1746 2951 δεινῶς

166 2973 438 3040 ἤσχαλλεν
462 2989 475 3001 ο
525 2971 715 3040 ὥσπερ
748 2974 876 3037 γοῦν
904 2975 995 3025 ἀπ’
1038 2976 1288 3038 ἐναντίας
1319 2979 1414 3030 καὶ
1445 2979 1743 3049 Οὐαλέριος

166 3065 487 3132 ἡττωμένας
512 3062 652 3131 ὁρῶν
685 3064 844 3115 πάλιν
877 3063 975 3126 τὰς
997 3067 1158 3115 αὐτοῦ
1194 3067 1461 3133 βασάνους
1485 3072 1621 3138 πρὸς
1647 3073 1746 3142 τὴν

163 3153 260 3205 τοῦ
303 3153 581 3222 μάρτυρος
613 3152 901 3222 εὐψυχίαν,
939 3153 1110 3216 πάθος
1145 3156 1277 3208 ίδιον
1316 3154 1428 3227 εἶχε
1457 3160 1613 3212 τοῦτο
1646 3165 1738 3214 καὶ

164 3245 382 3313 πικρῶς
417 3246 576 3315 ἔφερε
599 3261 613 3277 ·
648 3246 938 3314 τοιγαροῦν
960 3247 1267 3314 προσετίθει
1299 3250 1396 3301 καὶ
1427 3249 1612 3316 ἄλλας,
1646 3254 1738 3304 καὶ

164 3340 278 3405 πῦρ
313 3341 433 3398 ταῖς
463 3338 626 3390 αὐτοῦ
654 3338 910 3406 πλευραῖς
948 3339 1254 3392 ὐπανάπτει
1292 3343 1388 3392 καὶ
1420 3340 1588 3404 λίθοις
1614 3342 1746 3411 βάλ-

159 3429 356 3480 λεσθαι
387 3429 632 3479 κελεύει·
671 3429 804 3480 ἅλλα
845 3429 936 3478 καὶ¹
971 3431 1107 3495 προς
1147 3432 1207 3481 τὸ
1259 3432 1370 3500 πῦρ
1415 3435 1440 3483 6
1476 3435 1746 3504 μακάριος

159 3522 317 3572 οὐδὲν
355 3520 554 3570 ἔπαθεν
589 3519 832 3583 ἀγεννὲς,
863 3519 956 3570 καί
983 3522 1030 3570 οἱ
1057 3519 1194 3572 λίθοι
1223 3522 1471 3591 καθάπερ
1492 3525 1744 3592 αἰδούμε-

159 3629 240 3663 νοι
267 3612 330 3661 τὸ
360 3611 447 3661 δ.ἁ
469 3609 707 3677 Χριστὸν
731 3609 903 3671 οὕτως
929 3610 1276 3679 αἰκιζόμενον
1304 3613 1483 3682 σῶμα,
1512 3615 1742 3684 ἀλλαχοῦ

164 3706 266 3770 μὲν
295 3701 643 3769 ἠκοντίζοντο
663 3743 678 3765 ,
721 3702 847 3755 κατ’
885 3703 1050 3755 αὐτοῦ
1098 3704 1154 3756 δὲ
1185 3705 1434 3774 οὐδαμῶς
1465 3707 1742 3776 ἐφέροντο.

177 3799 333 3850 Ἐπεὶ
381 3793 474 3848 οὖν
523 3795 905 3865 ἀπηγόρευσεν
943 3795 1236 3863 Οὐαλέριος
1293 3797 1395 3865 ἤδη
1449 3801 1540 3849 κα¹ι
1593 3800 1745 3850 οὐδὲν

161 3885 342 3957 εἶχεν,
368 3889 399 3940 ὃ
436 3890 707 3955 ἐπαγάγοι
753 3891 864 3950 τοῖς
905 3889 1080 3954 ἁγίοις
1125 3888 1204 3950 είς
1232 3889 1523 3960 τιμωρίαν,
1555 3892 1745 3960 καιρὸν

159 3980 339 4032 ἐδίδου
362 3980 473 4038 τοῖς
497 3977 746 4045 μώλωψι,
781 3977 1130 4046 λογιζόμενος
1162 3980 1315 4043 ῐσως,
1349 3980 1424 4042 ὡς
1465 3981 1516 4032 si!
1542 3999 1604 4047 γε
1653 3985 1745 4034 καὶ

161 4068 366 4140 μικρὸν
416 4066 588 4131 οὓτως
633 4068 877 4120 ἀνεθεῖεν
928 4070 978 4120 οἱ
1040 4070 1338 4139 μάρτυρες,
1392 4072 1744 4140 δριμυτέραις

157 4164 367 4225 αὐτοὺς
394 4163 442 4214 oi
467 4160 733 4230 μώλωπες
765 4161 1152 4226 περιϐαλοῦσιν
1190 4162 1405 4224 ὀδύναις
1441 4164 1542 4232 ἠδη
1577 4165 1741 4231 φλεγ-

159 4256 442 4323 μήναντις
473 4254 567 4304 καὶ
595 4251 740 4304 οὕτω
767 4246 1124 4322 χαυνοτέρους
1149 4253 1285 4323 πρὸς
1320 4253 1421 4316 τὰς
1447 4254 1743 4322 μελλούσας

153 4346 443 4409 ἐξετάσεις
472 4345 820 4412 παρέξονται.
870 4344 1011 4398 Ἀλλ’
1046 4337 1192 4398 οὗτοι
1237 4345 1327 4399 τὸν
1365 4347 1548 4417 ἰατρὸν
1575 4348 1743 4418 ἐγγὺς

152 4437 402 4506 ἕχοντες,
465 4436 533 4489 δι’
573 4435 631 4488 ὃν
664 4437 757 4490 καὶ
812 4437 910 4499 τὰς
941 4437 1157 4508 πληγὰς
1186 4438 1356 4507 ἡδέως
1388 4440 1654 4507 ἐδέχοντο,
1680 4443 1740 4495 ού

1849 1996 1995 2039 tanta
2031 1997 2115 2039 est
2147 1987 2340 2037 virtute
2367 1986 2662 2052 praeditus?
2692 1983 2796 2038 Sed
2826 1994 2880 2037 et
2908 1983 2951 2035 si
2983 1996 3170 2035 omnes
3217 1995 3429 2048 nequa-

1847 2094 2006 2146 quam
2045 2076 2257 2144 quidem
2284 2087 2430 2128 certe
2463 2077 2754 2136 Valerium,
2790 2077 2895 2127 imo
2918 2089 3041 2126 eum
3071 2074 3232 2125 etiam
3255 2086 3314 2124 se
3336 2073 3421 2137 ip-

1848 2187 1944 2240 pso
1978 2170 2220 2224 fecerunt
2252 2167 2405 2236 longe
2429 2169 2728 2231 suaviorem,
2763 2167 2984 2235 perinde
3014 2165 3124 2219 acsi
3177 2163 3411 2218 delecta-

1851 2274 2000 2318 retur
2025 2278 2213 2319 errore
2247 2309 2261 2331 ,
2295 2274 2347 2318 et
2378 2275 2711 2330 nequaquam
2742 2259 3034 2316 sustineret
3075 2258 3276 2324 aperiri
3329 2271 3422 2310 ve-

1851 2360 2082 2412 ritatem.
2116 2357 2271 2413 Unde
2303 2359 2466 2411 etiam
2495 2370 2614 2407 cum
2647 2354 2763 2421 ejus
2792 2361 3081 2419 martyrem
3131 2348 3418 2401 sublimem

1848 2466 2008 2517 supra
2042 2452 2242 2520 lignum
2280 2449 2602 2511 sustulisset,
2634 2447 2884 2498 verberat
2912 2441 3264 2498 acerbissime
3288 2479 3303 2501 ,
3331 2451 3417 2492 ta-

1848 2542 1923 2596 les
1952 2544 1999 2594 ei
2037 2543 2262 2594 reddens
2313 2539 2777 2593 remuneratiOnes
2827 2551 2923 2604 pro
2967 2533 3253 2597 beneficio,
3308 2545 3423 2600 quo

1850 2635 1964 2700 ejus
1997 2630 2249 2686 affecerat
2281 2645 2641 2685 assessorem.

1917 2724 2055 2780 XIV.
2093 2726 2149 2779 Et
2208 2723 2432 2791 ﬂagellis
2489 2722 2702 2788 quidem
2763 2719 3079 2772 credebatur
3132 2717 3418 2786 pulchrum

1848 2816 1972 2869 illud
1993 2830 2220 2883 corpus:
2250 2813 2504 2882 Papylum
2532 2819 2705 2862 autem
2735 2823 2838 2860 non
2868 2807 2968 2860 b'oc
3002 2807 3140 2861 male
3165 2805 3418 2866 habebat,
3514 2836 3517 2838 -

1845 2909 1936 2960 sed
1972 2907 2114 2973 quod
2143 2922 2246 2957 non
2273 2906 2520 2974 graviora
2558 2902 2930 2970 inlligerentur
2956 2909 3247 2964 tormenta,
3271 2915 3414 2967 mgre

1846 2997 2089 3050 ferebat:
2123 2996 2394 3062 quomodo
2424 3003 2612 3045 contra
2637 2993 2906 3055 Valerius,
2935 2993 3074 3043 victa
3109 2993 3293 3042 videns
3321 3005 3416 3041 sua

1848 3097 2110 3140 tormenta
2144 3100 2172 3138 a
2212 3085 2462 3154 martyris
2507 3082 2669 3135 animi
2701 3081 3090 3150 magnitudine,
3120 3079 3334 3132 dolebat
3363 3088 3418 3130 et

1848 3179 2040 3232 acerbe
2103 3177 2385 3230 tolerabat.
2436 3174 2642 3241 Adiecit
2691 3174 2875 3239 itaque
2935 3171 3102 3224 etium
3161 3170 3297 3231 alia;
3364 3178 3421 3222 et

1851 3273 2022 3338 ignem
2055 3269 2295 3320 accendit
2329 3267 2445 3332 ejus
2482 3266 2761 3329 lateribus,
2791 3275 2841 3316 et
2869 3264 3021 3329 jubet
3078 3277 3198 3314 eum
3235 3260 3420 3327 appeti

1849 3363 2131 3430 lapidibus.
2163 3361 2268 3413 Sed
2305 3375 2402 3411 nec
2427 3361 2683 3411 adversus
2716 3358 2891 3423 ignem
2958 3371 3016 3407 se
3061 3357 3224 3421 gessit
3276 3368 3420 3404 mar-

1852 3463 1940 3520 tyr
1976 3453 2206 3519 ignave:
2240 3459 2290 3502 et
2325 3449 2526 3516 lapides
2550 3446 2708 3499 veluti
2743 3445 2954 3499 reveriti
2980 3457 3176 3510 corpus
3207 3482 3220 3506 ,
3271 3443 3421 3509 quod

1849 3548 1928 3598 sic
1957 3561 2053 3612 pro
2085 3542 2304 3596 Christo
2342 3542 2714 3609 torquebatur,
2752 3537 2858 3589 alio
2884 3537 3098 3604 quidem
3133 3534 3413 3598 iacieban-

1853 3643 1955 3691 tur,
2018 3643 2351 3697 nequaquam
2388 3639 2567 3678 antetn
2607 3629 2656 3677 in
2703 3626 2874 3692 ipsum
2916 3624 3247 3677 ferebantur.
3277 3621 3414 3674 Cum

1847 3736 1975 3786 ergo
2000 3721 2110 3786 jam
2142 3710 2386 3770 defessus
2415 3727 2555 3770 esset
2587 3714 2853 3774 Valerius,
2886 3730 2983 3766 nec
3029 3716 3140 3781 jam
3168 3714 3412 3772 haberet.

1849 3810 1988 3877 quod
2023 3809 2224 3862 sanctis
2250 3807 2470 3861 inferret
2497 3808 2562 3858 ad
2595 3805 2920 3874 supplicium
2949 3843 2965 3866 ,
3020 3801 3181 3855 dabat
3202 3808 3416 3869 tempus

1849 3902 2128 3962 vibicibus,
2160 3910 2409 3966 reputans
2441 3898 2688 3958 fortasse,
2729 3899 2869 3961 quod
2894 3897 2936 3948 si
2964 3910 3151 3963 parum
3202 3893 3414 3948 dimissi

1847 3994 1924 4046 sic
1989 3990 2187 4043 fuerint
2235 3999 2522 4056 martyres,
2571 3985 2886 4040 inﬂammati
2934 3986 3044 4053 jam
3088 3986 3291 4039 vibices
3318 4000 3413 4038 eos

1847 4084 2186 4152 gravioribus
2238 4080 2512 4134 adicerent
2567 4078 2863 4138 doloribus,
2901 4089 2955 4131 et
2987 4079 3069 4133 sic
3125 4077 3418 4130 redderent

1849 4175 2122 4228 molliores
2182 4171 2248 4225 ad
2310 4170 2542 4224 futuram
2608 4171 2986 4236 quaestionem.
3039 4168 3144 4222 Sed
3200 4167 3235 4220 ii
3291 4180 3413 4219 cum

1845 4281 2008 4334 prone
2041 4264 2302 4317 baberent
2349 4261 2638 4323 Medicum,
2688 4269 2902 4327 prapter
2952 4274 3109 4326 quem
3142 4258 3325 4323 plagas
3350 4256 3415 4307 li-

1844 4354 2032 4408 beuter
2094 4351 2453 4417 accipiebant,
2511 4363 2614 4403 non
2667 4348 2838 4402 sulutu
2902 4362 2930 4399 a
2981 4345 3273 4407 doloribus,
3319 4345 3413 4398 sed

1846 4451 2007 4503 etiam
2036 4464 2062 4500 a
2099 4447 2408 4500 vulneribus
2433 4444 2640 4497 liberati
2680 4452 2806 4498 sunt
2841 4440 3000 4496 simul
3043 4455 3165 4493 cum
3193 4438 3416 4493 cicatri-

151 4531 267 4582 τῶν
300 4527 506 4582 ὀδυνῶν
545 4527 725 4597 μόνον,
755 4526 894 4580 ἀλλὰ
925 4528 1023 4580 καὶ
1054 4528 1162 4580 τῶν
1193 4532 1524 4599 τραυμάτων
1545 4537 1735 4596 αὐταῖς

1848 4543 2017 4606 cibus,
2049 4555 2115 4593 ne
2142 4539 2307 4591 ullum
2334 4538 2550 4606 quidem
2584 4537 2634 4588 in
2676 4549 2734 4587 se
2769 4545 2955 4585 eorum
2990 4531 3222 4584 ferentes
3246 4529 3410 4582 vesti-

150 4623 352 4683 οὐλαῖς
372 4619 804 4690 ἀπηλλάττοντο,
834 4617 971 4689 μηδὲ
996 4620 1142 4688 ῐχνος
1173 4635 1226 4672 τι
1265 4621 1471 4674 τούτων
1495 4622 1580 4691 ἐφ’
1614 4624 1741 4677 ἐαυ-

151 4714 266 4766 τῶν
328 4712 746 4781 περιφέροντες,
793 4711 934 4764 ὥστε
970 4711 1230 4772 ἐλάνθανε
1259 4712 1512 4782 πλήττων
1549 4716 1740 4769 ἑαυτὸν

150 4803 480 4872 Οὐαλέριος,
512 4800 570 4852 οὐ
599 4800 724 4862 τοὺς
767 4799 1051 4870 μάρτυρας
1077 4817 1090 4830 ’
1118 4802 1226 4869 ὅσῳ
1255 4803 1362 4872 γὰρ
1391 4804 1739 4873 ὲκουφίζοντο

149 4895 263 4948 τῶν
300 4894 480 4945 πόνων
510 4893 744 4956 ἐκεῖθεν,
767 4891 1008 4961 τοσούτῳ
1038 4891 1135 4963 τὴν
1161 4893 1389 4963 καρδίαν
1420 4898 1586 4959 αὐτὸς
1610 4899 1739 4967 ἐμα-

152 4986 398 5047 στίζετο,
424 4984 517 5034 καὶ
539 4985 708 5051 θυμὸς
731 4984 894 5037 αὐτὸν
926 4985 1017 5036 ῐσα
1054 4986 1147 5036 καὶ
1179 4987 1311 5055 πυρὶ
1343 4988 1680 5058 κατεπίπρα.

221 5079 327 5132 1Ε’.
361 5076 545 5145 Βραχύ
566 5075 626 5125 τὸ
651 5075 856 5144 μεταξύ
881 5077 976 5128 καὶ
1010 5076 1172 5129 πάλιν
1210 5080 1238 5131 6
1281 5079 1380 5146 μὲν
1412 5081 1497 5147 ἐφ’
1532 5080 1733 5150 ὑψηλοῦ

147 5167 505 5237 προκάθηται
533 5164 798 5234 βήματος,
818 5167 1038 5233 φονικόν
1058 5184 1115 5220 τε
1136 5169 1227 5222 καὶ
1248 5171 1478 5238 μανικὸν
1498 5172 1730 5241 βλέπων,

147 5261 243 5337 καὶ
274 5258 370 5310 διὰ
397 5257 489 5310 τοῦ
537 5257 636 5326 τῆς
664 5256 842 5327 ψυχῆς
891 5261 1222 5330 κατόπτρου,
1274 5263 1380 5312 τῶν
1413 5262 1730 5330 ὀφθαλμῶν,

146 5350 244 5416 τὴν
277 5349 432 5401 ἔνδον
483 5347 798 5413 ὑποφαίνων
853 5349 1110 5414 πικρίαν,
1169 5353 1260 5401 καὶ
1311 5351 1431 5402 οὐδὲ
1463 5354 1728 5420 προσιτδς

148 5441 261 5497 τοῖς
302 5437 550 5487 πλείοσιν
589 5437 697 5487 ὧν·
761 5439 1106 5503 περιίσταται
1155 5440 1211 5490 δὲ
1267 5441 1424 5493 αὐτὸν
1471 5444 1578 5492 πᾶν
1605 5443 1728 5492 ὅσον

149 5525 492 5593 ὑπηρετικὸν
529 5519 640 5591 εἶχε
664 5525 760 5591 τῆς
793 5528 1060 5593 σφετέρας
1092 5527 1409 5588 ἀλαζονείας
1432 5544 1442 5556 ·
1472 5530 1720 5593 εἰσάγον-

148 5633 238 5665 ται
269 5615 326 5664 δὲ
371 5613 418 5660 oi
467 5614 758 5674 γεννάδαιο
816 5615 1014 5678 μᾶλλον
1052 5615 1108 5664 δέ
1163 5615 1363 5665 είσίασι
1412 5615 1712 5681 πρόθυμοι·

149 5699 304 5759 εἶπες
336 5699 401 5749 ἂν
420 5699 614 5758 αὐτοὺς
645 5702 723 5754 είς
761 5701 1014 5767 εὐωχίαν,
1049 5702 1147 5752 οὐκ
1196 5703 1275 5762 είς
1310 5703 1492 5768 ἀγῶνα
1530 5703 1708 5754 καλεῖ-

151 5788 312 5840 σθαι·
354 5790 446 5838 καὶ
479 5790 504 5836 ὁ
537 5788 631 5854 μὲν
657 5791 1019 5856 καταπλήξειν
1071 5791 1262 5853 αὐτοῦς
1299 5793 1387 5844 καὶ
1441 5792 1544 5862 πρὸ
1600 5793 1701 5844 τῶν

1841 4636 2005 4705 gium.
2037 4631 2217 4696 Quare
2247 4631 2485 4698 seipsum
2535 4627 2848 4696 imprudens
2879 4624 3103 4678 feriebat
3146 4619 3409 4683 Valerius,

1840 4740 1946 4778 non
1979 4735 2266 4793 martyres.
2306 4721 2422 4786 Quo
2458 4719 2602 4773 enim
2640 4719 2712 4772 illi
2744 4720 2914 4786 magis
2976 4715 3284 4770 levabantur
3335 4711 3413 4766 la-

1840 4816 2081 4878 boribus,
2119 4829 2182 4866 eo
2207 4811 2377 4879 magis
2415 4825 2513 4865 cor
2556 4811 2671 4877 ejus
2696 4808 3002 4862 caedebatur
3034 4825 3048 4860 :
3083 4807 3292 4874 iraque,
3316 4818 3411 4873 pe-

1841 4909 1995 4962 rinde
2019 4922 2082 4961 ac
2106 4906 2265 4975 ignis,
2296 4920 2420 4960 eum
2447 4902 2798 4957 accendebat.

1909 5082 2024 5137 XV.
2053 5082 2222 5136 Breve
2255 5090 2466 5151 tempus
2502 5079 2832 5138 intercessit,
2866 5086 2917 5131 et
2961 5090 3147 5132 rursus
3173 5074 3258 5126 ille
3285 5075 3404 5140 qui-

1839 5178 1955 5230 dem
1983 5173 2235 5242 praesidet
2269 5174 2322 5226 in
2349 5172 2566 5227 excelso
2607 5167 2879 5231 tribunali,
2913 5178 3062 5220 torvo
3096 5173 3147 5217 et
3201 5166 3398 5215 credent

1835 5267 2074 5332 spirante
2107 5272 2324 5330 aspectu
2349 5264 2586 5322 intuens,
2613 5269 2667 5311 et
2711 5275 2806 5325 per
2849 5259 3039 5309 anima:
3095 5257 3395 5321 speculum,

1833 5351 2038 5411 oculos,
2093 5349 2355 5401 internatn
2415 5345 2710 5398 ostendens
2757 5342 3125 5402 acerbitatem,
3185 5341 3247 5390 et
3295 5352 3389 5389 nec

1830 5440 2068 5506 pluribus
2092 5435 2304 5500 quidem
2340 5433 2423 5485 sui
2451 5434 2692 5498 prmbcns
2721 5428 2945 5482 adeundi
2974 5428 3179 5492 copiam
3203 5425 3379 5476 :illutu

1827 5539 2003 5579 autem
2052 5531 2263 5574 tantum
2301 5521 2728 5582 circumsistunt,
2772 5519 3078 5583 quicunque
3101 5515 3376 5566 erantmi-

1822 5613 1973 5666 nistri
2016 5611 2130 5678 ejus
2179 5611 2515 5677 arrogantim.
2562 5609 2975 5660 lntroducuntur
3028 5613 3205 5654 autem
3263 5603 3361 5653 viri

1815 5703 2074 5768 prmclari,
2120 5701 2199 5752 vel
2231 5701 2404 5767 potius
2443 5699 2811 5765 ingrediuntur
2841 5701 3081 5763 prompto
3106 5701 3157 5746 et
3189 5691 3350 5746 alacri

1810 5795 2004 5848 animo.
2048 5794 2258 5848 Diceres
2314 5807 2401 5847 eos
2436 5792 2609 5848 vocari
2660 5793 2726 5847 ad
2759 5790 3082 5854 convivium,
3108 5803 3210 5842 non
3243 5800 3349 5840 au-
