4212 6440
758 401 860 467 123

2060 396 2344 457 MENSIS
2384 397 2715 461 APRILIS.

3920 394 4019 457 124.

760 524 871 571 tem
902 513 966 568 ad
999 519 1297 568 certamen.
1324 505 1393 562 Et
1426 507 1517 563 ille
1544 499 1760 576 quidem
1785 505 2087 567 videbatur,
2113 505 2193 557 vel
2214 515 2337 559 ante
2369 510 2403 565 Α

2460 506 2680 558 ιπειλῶν
2717 505 2891 560 ἐδόκει
2920 508 3058 579 μόνῃ
3086 511 3149 578 τῇ
3180 508 3301 577 θέᾳ,
3326 508 3423 561 καὶ
3457 507 3643 579 ἠρώτα
3666 508 3768 576 τῆς
3791 506 4022 579 γνώμης

763 608 958 670 minas,
998 621 1091 662 eos
1117 619 1241 661 esse
1276 604 1567 657 territurus
1591 599 1707 668 ipso
1736 598 1849 651 solo
1870 606 2087 664 aspectu
2119 615 2130 649 :
2159 606 2212 649 et
2249 596 2331 649 in-

767 701 1103 767 terrogabat,
1132 697 1417 753 sententiae
1441 705 1737 762 martyrum
1763 690 1967 745 faciens
1995 691 2289 759 periculum
2321 708 2334 743 :

762 802 821 847 et
847 792 1057 847 visione
1088 788 1531 859 apprehendehat
1561 802 1749 841 eorum
1793 784 2170 838 mutationem.
2194 782 2340 836 Tan-

766 893 878 939 tum
910 898 1039 937 vero
1064 886 1273 945 aberat,
1307 891 1364 935 ut
1396 882 1470 935 illi
1505 882 1573 933 ita
1628 890 1813 934 essent
1844 876 2042 940 affecti,
2087 887 2145 929 ut
2176 876 2338 930 etiam

768 976 817 1028 ei
840 974 1233 1042 exprobrarent
1258 973 1561 1025 tarditatem
1600 972 1651 1031 in
1701 969 1924 1024 ferenda
1967 967 2257 1028 sententia,
2288 974 2344 1017 et

769 1066 914 1134 quod
969 1080 1075 1118 non
1136 1065 1243 1119 cito
1296 1073 1664 1123 morerentur,
1720 1062 1873 1115 valde
1902 1075 2046 1129 aegre
2091 1059 2340 1114 ferrent:

770 1154 901 1219 Cur,
934 1156 1198 1216 dicentes.
1229 1164 1283 1209 et
1316 1154 1432 1217 tibi,
1455 1166 1507 1206 et
1537 1152 1752 1208 famulis
1775 1153 1995 1207 exhibes
2014 1150 2341 1216 molestiam,

768 1259 870 1299 nos
897 1244 1111 1311 quidem
1148 1257 1289 1309 saepe
1334 1242 1631 1306 adducens,
1676 1251 1962 1311 postremae
1988 1249 2167 1295 autem
2197 1254 2340 1293 sem-

772 1347 869 1403 per
930 1347 1157 1403 parcens
1208 1334 1511 1400 sententiae,
1570 1347 1796 1401 sperans
1846 1330 2074 1385 fortasse
2126 1331 2263 1391 fore,
2290 1338 2348 1382 ut

772 1439 873 1480 nos
917 1425 1198 1494 pmniteat,
1235 1434 1289 1480 et
1322 1426 1671 1493 persuadeas,
1703 1432 1763 1476 ut
1796 1437 1824 1475 a
1879 1421 2097 1475 Christo
2125 1420 2345 1474 deﬁcia-

772 1531 894 1571 mus
955 1526 1012 1570 et
1066 1516 1334 1569 veritate?
1377 1514 1529 1580 Quod
1592 1515 1810 1583 quidem
1876 1523 2001 1567 tunc
2044 1512 2345 1580 aspexeris,

772 1621 901 1661 cum
952 1606 1157 1661 videris
1201 1621 1297 1661 nos
1342 1620 1496 1677 atque
1536 1622 1597 1661 ac
1643 1606 1775 1661 deos
1806 1614 1945 1668 tuos,
1994 1604 2141 1659 nullo
2186 1618 2345 1658 sensu

775 1698 1026 1767 praeditos
1062 1708 1114 1753 et
1168 1700 1382 1755 surdos.
1443 1699 1567 1753 Hzec
1616 1715 1741 1753 cum
1796 1700 2026 1764 primum
2063 1697 2346 1761 dixissent,

776 1790 1011 1844 murices
1058 1790 1276 1860 quidem
1341 1790 1501 1843 ferrei
1563 1790 2008 1859 dispergebantur
2065 1790 2115 1842 in
2159 1797 2345 1843 terra:

778 1882 1019 1948 praeclari
1052 1892 1229 1934 autem
1269 1882 1368 1934 viri
1401 1884 1452 1933 in
1493 1896 1587 1935 eos
1616 1882 1738 1934 undi
1770 1879 2131 1947 iaciebantur,
2172 1888 2228 1932 et
2249 1894 2341 1932 su-

782 1972 889 2040 pini
916 1986 1079 2039 super
1124 1987 1219 2025 eos
1255 1972 1607 2025 trahebantur
1651 1971 1982 2025 crudeliter:
2018 1985 2105 2024 res
2135 1972 2199 2023 ad
2228 1985 2345 2023 cru-

782 2064 984 2117 ciatum
1010 2064 1387 2131 acerbissima,
1416 2081 1537 2119 cum
1577 2066 1657 2119 vel
1690 2065 1861 2118 solum
1908 2064 2193 2131 subjicitur
2225 2078 2354 2117 ocn-

781 2155 869 2209 lis.
900 2154 1009 2210 Sed
1062 2172 1159 2211 nec
1196 2159 1247 2210 in
1284 2160 1384 2211 hoc
1411 2158 1625 2226 quidem
1667 2160 1796 2212 deos
1834 2173 1958 2211 suos
2007 2157 2241 2225 neglexit
2275 2154 2355 2208 fa—

786 2248 963 2300 mulos
999 2265 1014 2302 :
1048 2248 1142 2301 sed
1173 2250 1357 2302 statim
1389 2250 1626 2316 (oportet
1649 2250 1794 2302 enim
1838 2262 2021 2300 rursus
2045 2246 2243 2313 aliquid
2273 2246 2355 2297 di-

781 2353 906 2394 cere
934 2355 997 2394 ex
1035 2340 1213 2394 divina
1248 2340 1553 2407 Scriptura)
1583 2340 1828 2392 ascendit
1880 2338 2151 2407 inspirans
2196 2337 2247 2390 in
2278 2337 2357 2389 l'a-

782 2430 920 2483 ciem
952 2444 1164 2490 eorum,
1188 2440 1241 2481 et
1271 2444 1363 2483 eos
1388 2429 1621 2482 liberans
1647 2444 1710 2481 ex
1748 2429 2054 2483 alllictioue.
2084 2428 2149 2481 Et
2192 2428 2355 2496 proti-

784 2537 891 2576 nus
947 2531 1284 2576 evanuerunt
1334 2521 1585 2587 murices,
1625 2530 1679 2575 et
1712 2522 2019 2576 conservati
2076 2530 2203 2576 sunt
2256 2519 2355 2589 ipsi

785 2613 935 2667 illmsi
976 2629 1002 2666 a
1038 2614 1213 2667 malis.
1249 2612 1357 2667 Hoc
1392 2613 1548 2682 plane
1565 2615 1800 2683 judicetn
1830 2615 2167 2669 accenditad
2204 2614 2354 2668 furo-

786 2720 900 2757 rem
929 2723 940 2757 :
975 2715 1026 2757 et
1060 2706 1332 2757 novacula?
1365 2708 1499 2759 adeo
1529 2705 1822 2760 crudeliter
1861 2715 2157 2774 martyrum
2190 2706 2357 2757 latera

785 2794 1080 2855 laniabant,
1119 2807 1173 2849 ut
1204 2807 1496 2864 utrumque
1532 2812 1627 2864 par
1646 2812 1835 2849 rursus
1867 2798 2213 2864 egrederetur
2265 2810 2360 2849 na-

787 2886 990 2940 turales
1012 2887 1233 2950 limites,
1260 2903 1451 2953 nempe
1473 2897 1526 2941 et
1562 2889 1780 2942 lictores
1808 2889 1859 2942 in
1891 2888 2160 2957 puniendo
2185 2886 2360 2940 immi-

786 2976 1159 3037 serieorditer.
1184 2988 1235 3031 et
1266 2980 1435 3033 sancti
1472 2979 1522 3031 iu
1555 2978 1678 3033 forti
1713 2981 1894 3032 animo
1926 2979 2221 3033 tolerandis
2246 2994 2359 3032 mo-

787 3065 979 3120 lesfiis.

857 3156 997 3212 XVI.
1041 3158 1165 3211 Post
1207 3159 1319 3211 haec
1362 3174 1545 3211 rursus
1595 3170 1889 3227 eougregat
1937 3160 2135 3212 bestius
2171 3161 2359 3215 erude-
2389 3174 2432 3236 (ς

786 3246 1053 3311 lissimas,
1079 3260 1132 3302 et
1165 3249 1366 3303 sanctis
1389 3254 1658 3305 theatrum
1687 3252 1987 3316 constituit,
2027 3264 2077 3305 et
2124 3254 2237 3321 ipse
2271 3270 2360 3307 se-

787 3342 879 3394 det
906 3350 1201 3411 spectator.
1240 3343 1453 3396 Etcum
1495 3345 1547 3398 in
1581 3346 1815 3397 medium
1867 3347 2179 3401 adduxisset
2227 3363 2361 3399 mar.

790 3442 958 3501 tyres,
1008 3434 1061 3485 in
1087 3450 1180 3488 eos
1217 3435 1455 3487 immittit
1490 3452 1666 3489 ursam
1705 3455 1716 3490 :
1747 3448 1800 3490 et
1833 3453 1951 3491 cum
1983 3449 2243 3504 putasset,
2282 3441 2360 3493 si-

791 3521 899 3573 tnul
932 3531 1094 3591 atque
1118 3522 1348 3577 fuissent
1371 3526 1626 3588 immissi,
1661 3524 1772 3577 fore
1798 3535 1854 3577 ut
1878 3527 2115 3579 virorum
2141 3531 2363 3595 pra-cla-

794 3628 977 3666 rorum
1010 3628 1235 3682 corpora
1284 3615 1634 3682 discerperet,
1688 3619 1817 3669 vidit
1876 3618 2054 3686 potius
2114 3632 2361 3672 naturam

792 3706 1107 3760 animalium
1144 3709 1351 3763 ratione
1390 3709 1713 3773 carentium,
1745 3710 2134 3765 admirabiliter
2165 3712 2365 3772 docen-

794 3810 903 3851 tem
939 3800 1353 3867 intelligentiam
1405 3817 1497 3853 eos
1522 3807 1609 3868 qui
1648 3812 1773 3855 sunt
1807 3804 2095 3870 participes
2116 3806 2360 3859 rationis.

801 3890 937 3943 Ursa
977 3890 1142 3955 enim,
1179 3892 1338 3945 veluti
1364 3894 1590 3946 reverita
1656 3893 1932 3961 speciosus
1960 3908 2146 3948 eorum
2181 3896 2363 3963 pedes,

794 3989 851 4035 et
881 3996 1065 4047 pacem
1106 3998 1229 4035 vere
1261 3984 1667 4049 annuutiantes,
1706 4001 1809 4038 non
1859 3986 2033 4040 solum
2093 3987 2227 4039 nihil
2280 4002 2368 4040 no-

795 4075 967 4136 xium,
1000 4088 1097 4125 nec
1126 4083 1341 4141 agreste
1376 4073 1522 4136 fecit,
1570 4088 1667 4126 nec
1715 4084 1771 4127 ut
1801 4078 1969 4129 semel
2023 4079 2223 4141 dicam,
2255 4078 2359 4131 bel-

795 4164 1003 4218 luinum
1044 4182 1058 4217 :
1091 4169 1181 4217 sed
1208 4166 1273 4217 ad
1303 4181 1488 4219 eorum
1524 4166 1683 4234 pedes
1726 4168 1973 4236 procidit,
2000 4179 2053 4222 et
2086 4172 2259 4223 amice
2289 4181 2371 4224 est

800 4257 1069 4324 amplexa.
1123 4257 1231 4312 Nec
1290 4260 1392 4312 hoc
1446 4260 1659 4327 quidem
1709 4262 1922 4315 sull'ecit
1979 4263 2252 4331 insipienti
2302 4265 2367 4319 ad

802 4352 1030 4403 dandam
1064 4356 1109 4404 ei
1141 4353 1571 4419 intelligentiam.
1602 4354 1705 4405 Sed
1754 4354 1836 4407 leo
1878 4370 2092 4422 quoque
2127 4359 2371 4421 protinus

806 4442 1122 4497 immittitur
1155 4460 1169 4495 :
1202 4443 1289 4511 qui
1330 4444 1443 4511 ipse
1502 4444 1752 4499 similiter
1796 4454 1956 4514 atque
1991 4462 2138 4511 ursa,
2176 4447 2370 4501 divinis

2441 599 2897 670 ἀποπειρώμενος
2955 601 3065 653 τῶν
3097 602 3269 667 ἁγίων
3318 603 3413 653 καὶ
3451 602 3753 670 μεταϐολὴν
3782 602 4019 670 ἐφαντά-

2441 690 2563 753 ζετο
2584 708 2597 721 ·
2634 693 2681 744 οί
2716 691 2772 743 δέ
2800 690 3053 742 τοσοῦτον
3076 690 3317 759 ἀπέσχον
3340 690 3433 742 τοῦ
3463 707 3515 742 τι
3542 691 3782 743 τοιοῦτον
3804 690 4021 764 παθεῖν,

2441 780 2581 834 ὥστε
2634 781 2726 834 καὶ
2772 782 3049 845 ὠνείδιζον
3091 782 3241 851 αὐτῷ
3279 784 3379 851 τὴν
3424 783 3555 849 περὶ
3586 781 3681 852 τὴν
3740 782 4024 849 ἀπόφασιν

2444 870 2772 940 βραδυτῆτα,
2809 872 2900 923 καὶ
2930 873 3012 924 ὅτι
3040 874 3113 942 μὴ
3138 872 3348 941 ταχέως
3383 874 3730 943 ἀπέθνησκον
3763 874 4025 937 ἐπιεικῶς

2444 961 2842 1030 ἐδυσχέραινον.
2877 962 2943 1014 Τί
2998 963 3327 1031 πράγματα,
3386 962 3657 1030 λέγοντες,
3710 966 3803 1016 καὶ
3839 964 4027 1032 σαυτῷ

2446 1052 2540 1105 καὶ
2568 1056 2682 1116 τοῖς
2710 1053 3016 1123 ὑπηρέταις
3070 1054 3353 1124 παρέχεις,
3401 1056 3718 1125 ἀγωγίμους
3755 1057 3851 1125 μὲν
3877 1058 4027 1124 ἡμᾶς

2445 1146 2705 1205 πολλάκις
2728 1145 2918 1210 ποιῶν,
2939 1147 3037 1214 τῆς
3065 1146 3121 1199 δὲ
3144 1147 3461 1208 τελευταίας
3484 1148 3667 1215 ψήφου
3691 1149 4028 1223 φειδόμενος,

2446 1238 2681 1301 ἐλπίζων
2711 1240 2852 1308 τάχα
2892 1240 3225 1309 μεταϐαλεῖν
3251 1241 3400 1309 ἡμᾶς
3432 1240 3523 1291 καὶ
3562 1244 3747 1293 πεῖσαι
3778 1240 4028 1308 ἀποστῆ-

2447 1348 2535 1383 ναι
2590 1330 2829 1400 Χριστοῦ
2883 1331 2980 1383 καὶ
3035 1334 3134 1401 τῆς
3200 1332 3494 1401 ἀληθείας;
3546 1333 3722 1402 Ὅπερ
3776 1333 3898 1384 τότε
3959 1332 4030 1384 ἂν

2448 1421 2675 1485 ἐθεάσω,
2702 1424 2791 1474 ὅτε
2818 1422 3019 1492 ὁμοίως
3043 1426 3153 1483 τοῖς
3180 1427 3294 1485 σοῖς
3324 1423 3467 1486 θεοῖς
3497 1424 3855 1493 ἀναισθήτους
3878 1424 4032 1493 ἡμᾶς

2449 1511 2702 1584 ἑώρακας
2732 1515 2826 1567 καὶ
2860 1515 3102 1582 κωφούς.
3141 1514 3326 1566 Ταῦτα
3356 1516 3452 1567 οὐκ
3488 1515 3731 1583 ἐφθασαν
3761 1516 3838 1578 είς
3875 1514 4031 1575 τέλος

2450 1607 2646 1671 εἰπεῖν,
2682 1606 2777 1659 καὶ
2816 1608 3025 1676 σιδηροῖ
3062 1607 3161 1677 μέν
3197 1611 3337 1659 κατά
3364 1610 3465 1676 γῆς
3498 1606 3814 1675 ἐσπείροντο
3846 1605 4033 1675 τρίϐου

2451 1697 2562 1750 λον
2598 1698 2947 1767 ἠκοντίζοντο
2975 1699 3031 1750 δὲ
3070 1701 3190 1751 κατ’
3220 1699 3402 1753 αὑτῶν
3456 1700 3505 1752 οί
3565 1702 3799 1766 γενναῖοι
3832 1700 4036 1767 γυμνοὶ

2454 1794 2544 1846 καὶ
2571 1792 2750 1845 ὕπτιοι
2786 1793 2973 1845 ἐπάνω
2996 1791 3203 1845 τούτων
3236 1792 3472 1860 ἀφειδῶς
3504 1792 3765 1853 είλκοντο,
3799 1792 4037 1860 πρᾶγμα

2455 1882 2781 1951 πικρότατον
2840 1882 2919 1943 είς
2950 1880 3226 1950 τιμωρίαν
3286 1883 3377 1933 καὶ
3419 1882 3579 1949 μόνον
3607 1885 3684 1941 εἰς
3718 1880 4039 1949 ὀφθαλμοὺς

2457 1972 2785 2042 ἐρχόμενον⁹
2838 1970 2953 2024 ἀλλ’
3008 1972 3116 2022 οὐδ’
3173 1970 3432 2041 ἐντούτῳ
3492 1970 3624 2031 Θεὸς
3677 1969 3785 2022 τῶν
3816 1966 4037 2021 οἰκείων

2456 2064 2645 2133 ἠμέλει
2681 2063 3054 2132 θεραπευτῶν,
3086 2063 3204 2117 ἀλλ’
3228 2063 3432 2125 εὐθέως
3476 2062 3593 2127 (δεῖ
3622 2062 3730 2133 γὰρ
3755 2063 3846 2115 καὶ
3876 2059 4038 2123 αὖθις

2456 2154 2516 2206 τὸ
2548 2155 2643 2223 τῆς
2674 2153 2822 2217 θείας
2860 2155 3029 2218 φάναι
3061 2153 3324 2223 Γραφῆς)
3384 2153 3552 2223 ἀνέϐη
3590 2154 3617 2207 ὀ
3660 2153 3918 2222 ἐμφυσῶν
3957 2154 4041 2212 είς

2458 2246 2749 2313 πρόσωπον
2809 2245 2990 2296 αὐτῶν
3047 2244 3141 2296 καὶ
3173 2244 3563 2314 ἐξαιρούμενος
3609 2245 3807 2305 αὐτοὺς
3832 2245 3895 2295 ἐκ
3920 2243 4039 2295 θλίο

2458 2337 2600 2405 ψεως
2622 2353 2633 2365 ο
2665 2337 2756 2391 καὶ
2789 2338 3131 2407 παραχρῆμα
3162 2338 3210 2388 οί
3235 2335 3475 2405 τρίϐολοι
3512 2338 3735 2403 ἀφανεῖς
3759 2331 3901 2405 ἦσαν
3942 2336 4041 2387 καὶ

2458 2429 2610 2481 αὐτοὶ
2659 2428 2843 2481 κακῶν
2898 2427 3131 2487 ἀπαθεῖς
3191 2428 3596 2499 ἐφυλάχθησαν.
3662 2428 3835 2479 Τοῦτο
3896 2429 4041 2496 πρὸς

2460 2522 2679 2574 πλείονα
2716 2524 2911 2592 μανίαν
2952 2523 3154 2591 ἐξῆπτε
3199 2522 3291 2575 τὸν
3327 2523 3609 2592 δικαστὴν,
3641 2521 3736 2575 καὶ
3764 2520 4038 2589 ξυστῆρες

2460 2614 2621 2666 πάλιν
2642 2616 2737 2676 τὰς
2760 2615 2997 2685 πλευράς
3020 2614 3244 2677 ὑπέξεον
3265 2615 3370 2666 τῶν
3394 2614 3585 2681 ἁγίων,
3605 2595 3776 2673 οὕτως
3804 2612 4039 2685 ἀγρίως,

2458 2706 2532 2769 ὡς
2571 2708 2917 2776 ἀμφοτέρους
2948 2707 3102 2767 αὖθις
3136 2706 3239 2769 ἔξω
3271 2706 3377 2758 τῶν
3413 2706 3661 2773 φυσικῶν
3708 2707 3848 2774 ὅρων
3887 2706 4043 2770 γενέ-

2463 2798 2606 2859 σθαι,
2633 2799 2728 2850 καὶ
2772 2798 2897 2859 τοὺς
2944 2796 3171 2867 δημίους
3210 2797 3268 2849 ἐν
3303 2797 3379 2865 τῷ
3412 2797 3665 2858 κολάζειν
3698 2796 4045 2862 ἀσυμπαθιῖες

2462 2888 2555 2940 καὶ
2586 2889 2711 2952 τοὺς
2740 2889 2931 2956 ἁγίους
2962 2891 3019 2942 ἐν
3052 2888 3130 2958 τῷ
3164 2886 3351 2959 φέρειν
3381 2888 3632 2957 εὐψύχως
3671 2886 3736 2939 τὰ
3764 2887 4007 2955 λυπηρά.

2537 3151 2654 3218 ις’.
2689 3152 2842 3205 Μετᾶ
2894 3151 3068 3206 ταῦτα
3105 3152 3267 3205 πάλιν
3308 3152 3378 3205 τὰ
3407 3151 3517 3204 τῶν
3548 3150 3750 3219 θηρίων
3783 3150 4048 3216 ὡμότατα

2475 3243 2840 3313 συναθροίζει,
2876 3245 3104 3313 θέατρόν
3135 3262 3192 3296 τε
3250 3245 3531 3311 συνίστησι
3585 3245 3692 3302 τοῖς
3726 3242 3923 3304 ἁγίοις,
3958 3244 4049 3291 καὶ

2463 3336 2659 3406 θεατὴς
2684 3336 2844 3397 αὐτὸς
2874 3336 3112 3403 κάθηται
3139 3352 3152 3366 ο
3189 3336 3264 3397 είς
3302 3335 3465 3403 μέσον
3493 3352 3549 3385 τε
3584 3335 3708 3394 τοὺς
3752 3334 4045 3401 μάρτυρας

2462 3428 2707 3495 ἀγαγὼν,
2733 3430 2931 3496 ἄρκτον
2972 3429 3156 3489 αὐτοῖς
3194 3428 3463 3496 ἐπαφίησι
3511 3429 3604 3478 καὶ
3646 3428 3877 3495 νομίσας
3910 3425 4047 3492 ὁμοῦ

2466 3534 2518 3569 τε
2578 3517 2847 3586 ἀφεθῆναι
2906 3519 3157 3579 καὶτοῖς
3211 3518 3500 3585 γεννάδαις
3563 3516 3941 3585 διασπαράξαι
3984 3515 4049 3566 τά

2466 3610 2709 3675 σώματα,
2742 3609 2849 3661 τῶν
2874 3610 3083 3675 ἀλόγων
3115 3610 3315 3677 μᾶλλον
3358 3609 3503 3677 ἐώρα
3534 3609 3631 3678 τὴν
3666 3608 3826 3676 φύσιν
3865 3626 4048 3675 παρα-

2464 3700 2628 3763 δόξως
2659 3700 2781 3761 τοὺς
2834 3700 3085 3766 λογικοῦς
3136 3702 3523 3763 συνετίζουσαν
3546 3720 3557 3731 ·
3589 3703 3619 3766 ἡ
3678 3705 3784 3768 γὰρ
3820 3700 4049 3766 ἄρκτος.

2464 3793 2653 3862 ὥσπερ
2702 3793 2994 3863 αῖδουμένη
3044 3795 3170 3855 τοὺς
3214 3792 3453 3859 ὡραίους
3491 3792 3670 3843 αὐτῶν
3726 3792 3889 3851 πόδας
3953 3796 4049 3846 καὶ

2467 3886 2686 3952 εἰρήνην
2711 3884 2925 3951 ἀληθῶς
2956 3882 3505 3950 εὑαγγελιζομὲνους,
3530 3884 3589 3935 οὐ
3628 3883 3785 3952 μόνον
3818 3882 4048 3935 ἐπιϐλα-

2466 3972 2557 4034 ϐἐς
2589 3972 2741 4024 οὖδέν
2792 3974 2889 4023 καὶ
2936 3972 3130 4039 ἄγριον
3184 3974 3278 4025 καὶ
3308 3973 3367 4025 τὸ
3418 3974 3539 4025 ὅλον
3574 3974 3738 4041 φάναι
3780 3974 4053 4042 θηριῶδες

2468 4066 2783 4136 εἰργάσατο,
2838 4064 2974 4120 ἀλλά
3022 4067 3115 4119 καὶ
3170 4070 3541 4137 προσέπιπτεν
3608 4070 3790 4127 cat-310?;
3848 4070 4073 4134 μᾶλλον

2468 4156 2560 4207 καὶ
2587 4154 2813 4222 φιλικῶς
2841 4156 3149 4223 ἠσπάζετοι
3197 4156 3496 4210 οὐδὲτοῦτο
3533 4158 3733 4227 ἤρκεσε
3772 4156 3847 4221 τῷ
3879 4158 4051 4209 ἀσυν-

2470 4246 2574 4318 έτῳ
2607 4247 2733 4299 νοῦν
2770 4249 3051 4316 ἐμϐαλεῖν,
3082 4249 3215 4302 ἀλλά
3257 4251 3348 4303 καὶ
3375 4250 3513 4303 λέων
3541 4250 3704 4311 εὐθὺς
3734 4251 4051 4317 ἐπαφίεται·

2472 4341 2565 4392 καὶ
2598 4340 2759 4401 αὐτὸς
2797 4341 2996 4406 δμοίως
3023 4344 3088 4409 τῇ
3123 4342 3311 4409 ἄρκτῳ
3341 4342 3453 4409 τοῖς
3480 4342 3644 4402 θείοις
3669 4340 3902 4410 νεύμασι
3938 4360 4059 4394 πει-

2473 4432 2689 4500 θαρχῶν
2724 4427 2792 4501 ἦν
2830 4432 2923 4484 καὶ
2974 4434 3085 4495 τοῖς
3122 4432 3259 4503 ὑπὲρ
3295 4430 3386 4485 τοῦ
3425 4433 3606 4486 κοινοῦ
3663 4432 3940 4496 Δεσπότου
3983 4436 4057 4487 τὰ

804 4532 1089 4587 obediebat
1142 4534 1382 4595 nutibus,
1424 4534 1487 4587 iis
1539 4534 1629 4605 qui
1684 4550 1783 4604 pro
1825 4538 2099 4592 communi
2145 4536 2374 4593 Domino

2480 4524 2691 4594 χαλεπά
2718 4525 3025 4595 πάσχοντας
3058 4526 3156 4597 οὐχ
3186 4528 3331 4591 ὅπως
3358 4527 3555 4595 δρᾶσαί
3584 4545 3635 4578 τι
3660 4527 3897 4597 πονηρὸν
3930 4528 4058 4596 pou-

808 4625 992 4694 gravia
1024 4626 1389 4693 patiebantur,
1427 4626 1556 4679 nihil
1583 4629 1804 4682 omnino
1819 4631 2003 4684 volens
2023 4630 2148 4685 mali
2171 4632 2403 4708 lacera.

806 4716 1062 4770 Valerius
1087 4728 1289 4777 autem,
1341 4725 1598 4786 tanquam
1631 4718 1744 4786 ipse
1776 4720 2011 4788 seipsum
2040 4735 2242 4777 conans
2281 4739 2374 4777 su-

804 4823 1001 4880 perare
1024 4809 1077 4860 in
1118 4808 1345 4874 scelere,
1378 4808 1432 4863 in
1463 4809 1636 4864 lacum
1671 4814 1957 4879 quemdam
1984 4825 2121 4866 nova
2152 4815 2298 4870 calce
2323 4825 2376 4869 ct

807 4916 1002 4955 recens
1035 4901 1326 4965 exstincta,
1360 4902 1467 4967 vel,
1498 4912 1556 4956 ut
1603 4904 1795 4960 melius
1811 4906 2013 4971 dicam,
2036 4919 2259 4961 accensa
2293 4922 2377 4961 re-

808 4992 1032 5053 fertum,
1062 4992 1209 5057 jubet
1250 5002 1469 5049 sanctos
1506 4994 1745 5063 immitti,
1777 5008 1829 5053 et
1852 4999 1904 5051 in
1939 5013 2003 5053 eo
2039 4999 2232 5070 degere
2270 5010 2377 5054 tres

811 5092 952 5139 totos
989 5083 1124 5147 dies,
1152 5086 1239 5138 tali
1292 5088 1448 5143 modo
1496 5087 1725 5142 invictos
1768 5092 1992 5145 moliens
2026 5092 2243 5145 vincere
2273 5090 2379 5143 im-

811 5176 951 5242 pius.
986 5172 1090 5228 Sed
1119 5174 1317 5230 frustra
1368 5178 1674 5244 laborabat,
1706 5182 1966 5233 adversus
1999 5197 2182 5235 verum
2210 5182 2376 5235 Deum

812 5265 1146 5336 depugnans.
1203 5266 1334 5322 Nam
1391 5269 1571 5324 divina
1619 5274 1862 5341 quaedam
1912 5273 2104 5341 gratia,
2136 5274 2381 5328 etvirtus

814 5355 1014 5409 Christi
1041 5358 1222 5412 aderat
1259 5363 1602 5432 martyribus,
1635 5366 1722 5431 qui
1755 5374 1974 5432 propter
2031 5366 2202 5433 ipsum
2229 5374 2381 5418 erant

816 5448 870 5501 in
900 5447 1043 5511 lacu,
1098 5450 1361 5506 hebetans
1422 5456 1637 5521 quidem
1703 5459 1865 5510 calcis
1911 5458 2299 5527 Operationem,
2351 5472 2378 5509 a

821 5542 960 5594 tualo
983 5550 1162 5595 autem
1192 5545 1389 5599 ilhesos
1428 5562 1647 5602 St'l‘t‘ulls
1684 5550 1914 5604 athletas

892 5717 1053 5772 XVli.
1093 5719 1333 5774 Valerius
1356 5733 1529 5776 autem
1564 5739 1669 5791 quo
1697 5725 1952 5792 majorem
1980 5728 2208 5795 gratiutn'
2235 5727 2379 5781 vide-

820 5812 903 5866 bat
935 5828 1190 5881 apparere
1248 5815 1296 5867 in
1341 5818 1563 5880 sanctis,
1602 5831 1663 5873 eo
1706 5818 1873 5888 magis
1900 5818 2173 5871 iracundia
2203 5817 2379 5870 ferve-

2478 4615 2721 4687 λόμενος.
2780 4619 3080 4688 Οὐαλέριος
3142 4619 3345 4682 τοίνυν,
3396 4619 3587 4687 ὥσπερ
3643 4618 3803 4681 αὐτὸς
3861 4621 4059 4673 ἐαυτὸν

2478 4710 2808 4780 ὑπερϐαλεῖν
2860 4710 2923 4761 ἐν
2976 4710 3145 4778 κακίᾳ
3201 4710 3567 4779 πειρώμενος,
3620 4711 3678 4762 ἐν
3716 4728 3822 4763 τινι
3862 4709 4059 4779 λάκκῳ

2476 4804 2692 4855 τιτάνου
2730 4801 3167 4873 πεπληρωμένῳ,
3198 4801 3256 4855 δν
3295 4802 3522 4871 σύνηθες
3552 4802 3812 4855 ἄσϐεστον
3851 4803 4058 4870 ὀνομά·

2480 4894 2612 4959 ζειν,
2638 4893 2833 4966 νεαροῦ
2860 4897 2951 4947 καὶ
2976 4896 3102 4965 ἄρτι
3131 4894 3468 4955 σϐεσθέντος,
3496 4895 3526 4960 ἦ
3565 4892 3765 4961 μᾶλλον
3793 4893 4063 4959 ἀναφθέν-

2478 5002 2568 5047 τος
2599 4987 2795 5047 εἰπεῖν,
2830 4986 3156 5053 εἰσαχθῆναι
3208 4986 3332 5045 τοὺς
3359 4984 3544 5049 ἁγίους
3578 4986 3905 5054 προστάττει
3958 4984 4061 5037 καὶ

2480 5076 2606 5137 ὅλας
2636 5077 2782 5145 τρεῖς
2813 5078 2870 5127 ἐν
2894 5074 3043 5145 αὐτῷ
3069 5076 3279 5141 διάγειν
3315 5075 3553 5144 ἡμέρας,
3582 5076 3769 5144 τρόπῳ
3805 5074 3912 5125 τινὶ
3936 5090 4059 5124 τοι-

2481 5168 2622 5237 ούτῳ
2664 5166 2886 5236 νικῆσαι
2936 5168 3061 5229 τοὺς
3091 5168 3394 5237 ἀηττήτους
3426 5170 3451 5219 ὁ
3482 5166 3747 5235 δυσσεϐὴς
3794 5166 4060 5236 μηχανῶ-

2486 5273 2682 5328 μενος·
2738 5259 2851 5311 ἀλλ’
2908 5258 3109 5327 ἔκαμνε
3172 5260 3348 5326 μάτην
3375 5259 3830 5327 ἀντιμαχόμενος
3861 5256 4063 5323 ἀληθεῖ

2481 5350 2632 5419 Θεῷ·
2670 5349 2785 5402 θεία
2813 5351 2925 5419 γάρ
2965 5367 3047 5411 τις
3081 5349 3239 5419 χάρις
3270 5351 3364 5401 καλ¹
3394 5349 3758 5417 δύναμιςτοῖς
3785 5345 3851 5398 δι’
3886 5348 4059 5399 αὑτοῦ

2487 5442 2753 5512 μάρτυσιν
2787 5442 2844 5491 ἐν
2872 5440 2946 5509 τῷ
2966 5440 3154 5509 λάκκῳ
3205 5439 3410 5508 παρῆν,
3449 5438 3797 5506 ἀμϐλύνουσα
3827 5437 3925 5506 μὲν
3955 5438 4061 5505 τὴν

2485 5534 2765 5603 ἐνέργειαν
2797 5531 2889 5584 τοῦ
2913 5532 3151 5596 τιτάνου,
3183 5530 3351 5583 κακοῦ
3385 5531 3439 5584 δὲ
3465 5532 3693 5592 ἀπαθεῖς
3729 5529 3852 5592 τοὺς
3885 5529 4061 5595 ἀθλη-

2484 5627 2580 5689 τὰς
2614 5643 2777 5694 συντη
2787 5625 2879 5694 ροῦ
2890 5643 2972 5677 σα.

2556 5721 2649 5773 IZ'.
2684 5720 2977 5786 Οὐαλέριος
3008 5716 3063 5769 δὲ
3100 5718 3207 5786 ὅσῳ
3257 5716 3479 5769 πλείονα
3520 5716 3615 5785 τὴν
3648 5716 3805 5784 χάριν
3846 5716 3902 5764 ἐν
3941 5717 4062 5775 τοῖς

2488 5814 2661 5881 ἁγίοις
2686 5810 3104 5879 διαφαινομένην
3163 5808 3327 5879 ἐώρα,
3387 5809 3625 5877 τοσούτῳ
3664 5806 3861 5874 μᾶλλον
3894 5806 4060 5865 αὐτὸς
