4212 6440
154 413 258 480 125

1174 416 1354 475 VITA
1394 419 1456 476 S.
1489 417 1716 476 CARPI
1757 419 1851 476 ET
1886 417 2308 478 SOCIORUM.

3282 409 3384 476 126

150 526 488 581 ινεανιεύετο
541 526 909 595 ἰσχυρότερος,
945 525 974 577 δ
1025 525 1235 595 ἄφρων,
1275 526 1365 579 καὶ
1398 526 1534 578 Θεοῦ
1570 527 1724 593 γενέ·
1756 533 1797 586 Α

1721 533 1797 586 ·Α
1830 529 1919 581 bat
1950 531 2065 598 ipse
2108 530 2438 599 iuveniliter,
2499 528 2831 582 contendens
2889 525 3083 580 stultus
3137 522 3217 576 vel
3280 520 3384 574 Deo

153 622 278 672 σθαι
301 621 650 687 φιλονεικωνο
676 617 946 688 κρηπῖδας
967 613 1059 670 οὖν
1081 618 1307 688 σιδηρᾶς
1341 619 1594 686 περόναις
1625 635 1726 686 μασ

155 714 318 780 κραῖς
388 711 836 779 διαπεπαρμένας
898 713 1010 772 τοῖς
1074 713 1430 780 μαρτυρικοῖς
1497 710 1727 772 ἐκεινοις

164 805 318 854 ποσὶν
344 803 670 868 ῦπυδεθῆναι
716 804 1044 866 προστάττει
1074 802 1167 853 καὶ
1215 801 1575 861 ὑποδεθέντας
1605 798 1730 868 τρι-η

157 911 276 972 χειν
327 897 455 958 τοὺς
512 898 813 963 μάρτυρας,
866 895 951 945 ἵνα
1004 894 1106 946 κᾶν
1151 894 1282 961 γοῦν
1334 896 1434 961 τῆς
1493 892 1726 961 βασάνου

159 989 369 1054 ταύτης
426 986 749 1054 ἡττηθέντες
803 985 1059 1052 ὀφθεῖεν·
1116 985 1230 1037 ἀλλ’
1295 984 1419 1052 εἰκῆ
1482 984 1575 1036 καὶ
1625 982 1728 1035 πά-

159 1085 243 1131 λιν
286 1079 499 1130 ἐπόνει·
541 1077 650 1146 ὅσῳ
705 1081 813 1145 γὰρ
862 1078 1151 1145 καινότερα
1202 1077 1435 1139 ἐπενόει,
1491 1075 1730 1144 τοσούτῳ

162 1170 256 1220 καὶ
315 1168 562 1237 θειοτέρα
627 1168 856 1235 δύναμις
914 1167 1305 1230 ἐπισκιάζουσα
1360 1167 1487 1227 τοὺς
1542 1165 1729 1232 ἁγίους

164 1260 447 1327 κρείττους
497 1275 556 1310 τε
613 1259 721 1311 τῶν
778 1260 1134 1326 ἐπαγομένων
1179 1257 1349 1310 ἐποίει
1391 1260 1485 1310 καὶ
1542 1261 1730 1326 ῥωμα-

157 1347 460 1417 λεωτέρους
519 1349 718 1416 μᾶλλον
778 1349 911 1416 πρὸς
967 1349 1034 1399 τὰ
1090 1349 1240 1399 δεινὰ
1294 1346 1728 1414 παρεσκεύαζεν.

170 1440 227 1491 Ὀ
265 1439 323 1490 δὲ
360 1441 453 1491 καὶ
484 1440 564 1490 ἔτι
589 1441 850 1508 ἐπειρᾶτο
881 1440 1254 1507 μεταπείσειν,
1283 1438 1455 1501 οὕτως
1495 1438 1600 1490 ὑπὸ
1633 1437 1733 1505 τῆς

159 1530 312 1590 θείας
357 1530 579 1600 χάριτος
631 1533 900 1597 ἐπιδήλως
937 1531 1371 1601 βοηθουμένους”
1409 1533 1501 1584 καὶ
1551 1531 1733 1584 θύσειν

158 1619 317 1686 ἠξίου
353 1622 465 1680 τοῖς
501 1619 807 1686 βδελυκτοῖς
833 1635 846 1649 ·
902 1621 1140 1688 τοσαύτη
1171 1619 1568 1687 φρενοϐλαϐεια
1597 1636 1736 1670 κατ-

159 1713 272 1778 εῖχε
325 1710 418 1760 τὸν
472 1709 665 1776 ἀσεϐῆ.
727 1710 818 1778 Μὴ
852 1709 992 1778 ἔχων
1052 1705 1167 1770 οὖν,
1216 1711 1416 1761 ὅτικαὶ
1450 1711 1730 1777 χρήσαιτο,

161 1798 616 1867 κατῃσχυμμένος
644 1799 745 1867 ήδη
767 1800 858 1849 καὶ
885 1797 1129 1866 φανερῶς
1156 1797 1482 1866 ἡττώμενος,
1509 1798 1736 1863 κάμινον

162 1890 266 1962 ῦλῃ
302 1890 467 1957 πολλῇ
502 1891 845 1957 τρεφομένην
876 1889 1106 1941 ἀνάπτει
1133 1890 1224 1942 καὶ
1256 1888 1397 1940 κατά
1428 1890 1597 1958 μέσης
1635 1889 1734 1939 αύ-

159 1983 262 2046 τῆς
333 1980 592 2048 ἐμϐάλλει
631 1979 757 2040 τοὺς
823 1981 1143 2049 μάρτυραςο
1183 1982 1214 2048 ἠ
1261 1981 1315 2032 δὲ
1369 1980 1652 2032 ἐσϐέννυτό
1676 1993 1735 2030 τε

160 2072 368 2133 εὐθέως
401 2073 491 2124 καὶ
527 2071 652 2133 τοὺς
678 2070 866 2137 ἁγίους
900 2072 1167 2138 ἀνέψυχεν
1190 2088 1202 2100 ο
1231 2073 1319 2123 ὅτε
1353 2073 1447 2123 καὶ
1479 2073 1510 2137 ἠ
1543 2087 1736 2138 σεμνο-

160 2164 299 2230 τάτη
340 2162 661 2230 Ἀγαθονίκη
699 2162 974 2231 μάρτυρος
1004 2162 1174 2222 δντως
1223 2161 1426 2228 ἀδελφὴ
1455 2161 1610 2226 οὖσα,
1643 2159 1735 2212 τοῦ

163 2255 334 2315 θείου,
360 2255 520 2322 φημὶ,
559 2253 840 2317 Παπύλου,
875 2254 971 2322 τὴν
999 2252 1173 2321 φλόγα
1206 2270 1264 2305 τε
1298 2254 1394 2304 σὺν
1415 2255 1595 2314 αὐτοῖς
1626 2254 1736 2303 εἰσ-

163 2347 295 2414 ῆλθε
324 2347 417 2398 καὶ
449 2345 558 2398 τῶν
594 2346 844 2413 ἀγώνων,
897 2347 1088 2415 ὥσπερ
1112 2347 1173 2415 δὴ
1198 2348 1290 2398 καὶ
1317 2346 1425 2397 τῶν
1459 2347 1738 2412 στεφάνων

163 2438 422 2498 κοινωνὸς
481 2438 695 2506 γέγονε.
741 2439 906 2492 Πάλιν
930 2435 1022 2491 οὖν
1059 2442 1091 2506 ἡ
1127 2438 1337 2507 φρουρὰ
1368 2438 1562 2498 αὐτοὺς
1601 2433 1734 2503 εἶχε,

165 2531 264 2583 καὶ
296 2522 634 2581 πᾶλιν-οὖτοι
669 2529 776 2579 τῶν
803 2529 934 2596 πρὸς
964 2528 1096 2579 Θεὸν
1117 2528 1300 2596 ὕμνων
1331 2529 1421 2579 καὶ
1447 2529 1541 2596 τῆς
1572 2527 1737 2596 εὐχῆς

165 2622 403 2689 εἴχοντο.

240 2717 348 2766 IH'.
388 2714 539 2765 Ἐπεὶ
568 2714 623 2765 δὲ
663 2713 990 2784 ὴπόρειτοῖς
1018 2711 1160 2774 ὅλοις
1196 2714 1223 2765 δ
1259 2712 1539 2782 δικαστὴς,
1585 2711 1740 2781 μόλις

165 2807 288 2858 τότε
320 2808 380 2859 τὸ
412 2806 498 2859 διὰ.
525 2807 712 2874 ξίφους
747 2805 926 2857 αὐτῶν
960 2806 1283 2874 κατακρίνει
1311 2806 1481 2867 τέλος.
1509 2807 1740 2870 Ἠγοντο

167 2898 262 2950 οὖν
289 2900 339 2950 οἱ
374 2900 651 2965 μάρτυρες
673 2899 762 2948 ἐπὶ
793 2897 882 2948 τὸν
910 2897 1005 2959 τῆς
1050 2897 1383 2959 τελειώσεως
1418 2897 1600 2957 τόπον,
1639 2915 1736 2966 χα-

171 2991 272 3056 ρᾶς
307 2988 552 3054 ἔμπλεῳ,
589 2987 706 3038 οὐδὲ
739 2990 837 3052 τῆς
892 2989 1146 3051 γενναίας
1199 2988 1555 3054 Ἀγαθονίκης
1603 2991 1738 3040 απο-

168 3078 460 3146 λειφθῆναι
490 3076 694 3128 τούτων
738 3077 1108 3143 ὑπομεινάσης
1135 3095 1149 3108 ·
1205 3075 1320 3130 εἶτα
1369 3085 1554 3148 χεῖρας
1588 3084 1739 3145 ὁσίας

1830 640 1949 679 esse
2011 624 2219 676 fortior.
2248 623 2491 689 Crepidis
2544 623 2723 689 itaque
2768 619 2979 680 ferreis,
3017 617 3188 684 longis
3214 614 3388 666 fibulis

1828 719 2076 780 confixis,
2106 717 2256 783 jubet
2286 714 2518 771 calceari
2551 713 2710 782 pedes
2751 719 3065 781 martyrum,
3099 716 3151 760 et
3185 705 3389 758 calcea-

1832 819 1915 863 tos
1946 809 2063 862 illos
2109 809 2189 863 sic
2222 821 2468 871 currere,
2499 813 2555 859 ut
2597 805 2783 859 saltem
2827 803 3134 854 viderentur
3168 797 3292 848 victi
3333 798 3384 848 in

1832 901 1931 955 boc
1958 898 2275 952 certamine.
2303 897 2406 950 Sed
2434 910 2624 949 rursus
2645 910 2856 962 quoque
2877 890 3136 944 laboravit
3166 899 3387 940 temere.

1831 993 1947 1056 Quo
1987 991 2126 1045 enim
2154 988 2324 1057 magis
2353 1002 2486 1042 nova
2526 987 2883 1053 excogitabat,
2910 997 2975 1034 eo
3016 983 3184 1048 magis
3206 979 3384 1030 divina

1833 1086 1998 1136 virtus
2031 1080 2384 1134 adumbrabat
2414 1088 2650 1139 sanctos,
2675 1077 2808 1129 etiis
2839 1091 2956 1144 quae
2992 1073 3381 1130 inferebantur,

1833 1175 2091 1231 reddebat
2144 1174 2474 1240 superiores,
2507 1179 2560 1223 et
2588 1169 2846 1222 adversus
2890 1181 3076 1231 aspera
3119 1176 3172 1216 ct
3207 1163 3388 1232 gravia

1832 1266 2092 1318 eﬂiciebat
2125 1267 2475 1317 robustiores.
2507 1261 2596 1312 Ille
2629 1270 2806 1312 autem
2859 1259 3031 1310 adhuc
3064 1271 3154 1308 eos
3213 1264 3391 1306 tenta-

1834 1356 1925 1410 bal
1973 1371 1999 1408 a
2060 1371 2158 1406 sua
2218 1352 2496 1404 traducere
2545 1348 2832 1407 sententia,
2864 1347 3061 1412 quibus
3091 1345 3166 1395 sic
3208 1350 3392 1406 aperte

1834 1449 2012 1501 divina
2073 1460 2226 1512 Opt’lll
2261 1443 2468 1495 ferebat
2515 1439 2682 1508 gratia
2715 1456 2728 1490 :
2766 1446 2817 1488 et
2858 1435 3067 1488 volebat
3100 1448 3193 1485 eos
3220 1432 3392 1484 sacri-

1837 1541 1997 1594 ﬁcare
2033 1538 2190 1588 rebus
2221 1533 2590 1588 abominandis
2635 1547 2646 1581 :
2679 1531 2811 1580 adeo
2844 1536 3035 1580 emota:
3067 1522 3258 1577 mentis
3279 1531 3395 1572 erat

1839 1624 2054 1690 impius.
2119 1622 2250 1674 Cum
2306 1634 2435 1686 ergo
2489 1618 2720 1671 nesciret
2778 1616 2906 1682 quid
2962 1612 3394 1679 agerct,pudore

1834 1715 1943 1781 jam
1975 1712 2216 1773 affectus,
2250 1720 2304 1762 et
2354 1717 2538 1775 aperte
2599 1715 2901 1770 superatus,
2933 1703 3178 1755 accendit
3218 1699 3395 1778 forna-

1842 1822 1978 1867 cem,
2038 1818 2157 1872 qua:
2191 1801 2354 1855 inulta
2395 1800 2637 1852 alebatur
2695 1796 2917 1849 materia
2948 1812 2962 1848 :
2994 1794 3122 1846 etin
3160 1769 3392 1844 medium

1839 1897 1956 1964 ejus
1991 1895 2160 1963 injicit
2213 1903 2497 1961 martyres.
2527 1890 2618 1942 illa
2661 1897 2837 1940 autem
2891 1876 3138 1953 protinus
3175 1882 3395 1935 fuitea-

1840 1987 2058 2047 stincta,
2094 1995 2148 2036 et
2203 1979 2556 2048 refrigerabat
2601 1986 2835 2030 sanctos.
2867 1973 2983 2039 Quo
3010 1973 3227 2042 quidem
3265 1980 3399 2024 tcm-

1841 2092 1968 2145 pore
2011 2073 2389 2128 honestissima
2457 2085 2666 2140 quoque
2702 2068 3053 2138 Agatltonica,
3111 2078 3230 2132 qum
3285 2070 3399 2114 erat

1840 2184 1964 2223 vere
2002 2182 2158 2220 soror
2200 2166 2476 2234 martyris,
2537 2164 2726 2226 divini,
2783 2161 3020 2228 inqumn,
3075 2153 3281 2223 Papyli,
3347 2162 3402 2206 et

1841 2266 2111 2318 flammam
2162 2273 2282 2310 cum
2345 2259 2424 2310 eis
2476 2255 2717 2312 intravit,
2761 2262 2814 2304 et
2852 2245 3403 2307 certaminum,sicut

1843 2359 2003 2410 etiam
2062 2365 2408 2412 coronarum,
2443 2348 2542 2400 fuit
2589 2344 2882 2411 particeps.
2914 2340 3120 2392 Rursus
3149 2350 3276 2403 ergo
3315 2349 3402 2385 re-

1845 2449 2058 2499 dierunt
2096 2447 2145 2496 in
2178 2442 2476 2495 custodiam
2519 2457 2534 2493 :
2567 2449 2618 2494 et
2670 2448 2858 2490 rursus
2897 2431 3156 2484 vacabant
3188 2426 3403 2497 hymnis

1844 2543 1906 2596 ad
1943 2538 2107 2589 Deum
2143 2546 2195 2589 et
2229 2532 2500 2603 precibus.

1915 2720 2097 2776 XVlll.
2135 2719 2268 2772 Cum
2295 2727 2472 2769 autem
2503 2714 2698 2767 dubius
2731 2721 2874 2765 esset
2901 2707 3062 2760 animi
3091 2704 3274 2772 iudex,
3304 2715 3402 2755 nec

1845 2817 2007 2866 ullum
2086 2811 2351 2864 inveniret
2381 2809 2603 2866 exitum,
2645 2805 2726 2854 vix
2778 2803 2990 2854 tandem
3024 2811 3115 2850 eos
3150 2794 3403 2847 condetu-

1844 2918 1953 2968 nar,
1989 2916 2047 2956 ιιι
2076 2917 2236 2955 vitam
2266 2899 2479 2952 finirent
2509 2899 2708 2966 gladio.
2739 2894 3080 2946 Ducebantur
3111 2903 3238 2955 ergo
3261 2900 3403 2938 mar-

1843 3007 1984 3068 tyres
2015 2996 2207 3063 gaudio
2239 2992 2376 3060 pleni
2418 2993 2482 3042 ad
2512 2990 2682 3039 locum
2734 2979 3236 3043 consummationis,
3278 2992 3399 3029 cum

1846 3067 1941 3140 nrt:
1973 3087 2223 3155 praeclara
2278 3081 2494 3150 quidem
2533 3074 2866 3145 Agatltonica
2908 3073 2975 3124 ab
3001 3071 3079 3122 eis
3113 3067 3405 3121 abscedere

168 3171 402 3240 ἄραντες
437 3171 570 3239 πρὸς
596 3168 750 3234 Θεὸν,
780 3171 877 3238 οὐχ
912 3171 1116 3222 ἑαυτῶν
1150 3170 1522 3240 ὑπερηύχοντο
1558 3154 1742 3239 μόνον,
1770 3189 1809 3241 C

1770 3189 1809 3241 C
1846 3178 2209 3232 Sttsttnuissct.
2246 3172 2443 3225 Deinde
2469 3185 2589 3222 cum
2652 3174 2869 3220 sanctas
2916 3176 3102 3216 manus
3139 3162 3203 3211 ad
3238 3155 3402 3210 Deum

166 3263 304 3316 ἀλλὰ
358 3264 453 3315 καὶ
513 3264 637 3325 τοὺς
692 3263 871 3316 αὐτῶν
925 3263 1185 3330 φονεντάς
1241 3264 1502 3332 ρυσθῆναί
1552 3281 1609 3314 τε
1642 3265 1737 3332 τῆς

166 3358 381 3423 πλάνης
415 3357 508 3408 καὶ
549 3356 875 3424 μεταϐαλεῖν
923 3357 1057 3422 πρὸς
1109 3356 1389 3408 εὐσέϐειαν
1413 3372 1426 3385 ·
1462 3356 1740 3417 τοιαύταις

166 3447 428 3517 ἀμοιϐαῖς
467 3445 754 3511 ἡμείῦοντο
778 3447 899 3503 τοὺς
934 3444 1161 3512 ἐχθροὺς
1192 3449 1239 3498 οι
1277 3445 1371 3498 τοῦ
1398 3445 1604 3512 ἀγαυοῦ
1638 3463 1740 3513 μα-

163 3539 355 3607 θηταὶ,
398 3538 491 3586 καὶ
539 3537 731 3601 ἄφεσιν
758 3534 851 3585 τοῦ
902 3536 1251 3605 τολμήματος
1302 3540 1602 3605 εὐξαμένου
1629 3541 1740 3599 τοῖς

158 3633 477 3698 φονευταῖς,
530 3627 704 3689 ἄλλως
737 3646 794 3679 τε
823 3630 878 3680 δὲ
914 3630 1006 3680 καὶ
1057 3630 1210 3682 αὐτοὶ
1239 3630 1482 3699 μεγάλην
1510 3631 1741 3688 ἐκείνοις

157 3723 384 3794 ᾔδεισαν
418 3722 595 3791 χάριν,
623 3722 736 3774 ἀνθ’
759 3714 834 3774 ὧν
856 3723 923 3774 δι’
946 3722 1124 3775 αὐτῶν
1155 3722 1448 3791 ἐξεδήμουν
1485 3721 1618 3791 πρὸς
1645 3721 1738 3772 τὴν

157 3814 524 3881 ποθούμενον,
571 3813 970 3882 -Ἐπευξάμενοι
992 3815 1046 3865 δὲ
1070 3816 1138 3866 τὰ
1168 3816 1419 3884 λυσιτελῆ
1449 3817 1604 3873 πᾶσι.
1643 3814 1740 3876 τὰς

156 3906 408 3973 κεφαλὰς
439 3906 860 3974 ἀπετμήθησαν,
878 3905 1339 3973 τρισκαιδεκάτην
1365 3907 1590 3971 ἄγοντος
1618 3904 1737 3956 τότε

153 3997 251 4048 τοῦ
300 3996 635 4064 Ὀκτωϐρίου
697 3998 882 4064 μηνός.
941 3999 1020 4050 Τὰ
1050 3995 1179 4064 γοῦν
1211 3997 1364 4067 τίμια
1395 3995 1598 4048 τούτων
1627 3993 1737 4045 λεία

153 4089 308 4158 ψανα
340 4086 512 4147 οὕτως
534 4086 741 4154 ἀτίμως
760 4091 854 4139 καὶ
881 4089 1100 4154 ἀμελῶς
1131 4091 1357 4158 κείμενα
1397 4086 1737 4156 Χριστιανῶν

159 4177 492 4245 ἀνελόμεναι
524 4177 726 4246 χεῖρες,
763 4176 899 4244 μετά
922 4175 1220 4244 λαμπάδων
1252 4177 1387 4242 ὁμοῦ
1420 4179 1510 4229 καὶ
1553 4178 1737 4244 ὓμνων

155 4268 439 4339 λαμπρῶς
471 4272 528 4322 ὲν
547 4271 800 4338 ἐπιφανεί
829 4269 1119 4324 κατέθεντο
1150 4271 1318 4338 τόπῳ,
1351 4268 1579 4320 πλοῦτον
1599 4268 1734 4332 Χρι-

157 4364 403 4420 στιανοῖς
457 4361 677 4424 ἄσυλον,
712 4363 989 4432 πνεύμασι
1041 4364 1297 4432 πονηροῖς
1329 4361 1567 4432 φοϐερὰν
1633 4361 1735 4430 μαι

155 4469 347 4516 στιγα,
402 4454 498 4504 καὶ
533 4453 749 4505 νοσοῦσι
780 4457 915 4505 πᾶσι
952 4455 1142 4524 δρόσον
1177 4459 1272 4508 καὶ
1321 4455 1548 4523 ἀψευδὲς
1579 4453 1731 4522 ἴαμα,

152 4548 233 4603 εἰς
268 4545 436 4610 δόξαν
488 4543 621 4597 Θεοῦ
671 4545 882 4615 Πατρδς
940 4549 1032 4599 καὶ
1089 4548 1297 4615 Κυρίου
1345 4547 1504 4614 ἡμῶν
1561 4544 1734 4616 Ἰησοῦ

152 4637 425 4707 Χριστοῦ,
528 4638 728 4705 πρέπει
751 4638 884 4710 τιμὴ
912 4640 1006 4692 καὶ
1034 4638 1238 4710 κράτος
1263 4638 1358 4690 σὺν
1388 4637 1463 4704 τῷ
1484 4639 1734 4706 παναγίῳ

154 4728 252 4780 καὶ
285 4728 542 4796 ζωοποιῴ
595 4731 894 4798 Πνεῦματι,
955 4731 1050 4784 νῦν
1091 4734 1182 4784 καὶ
1213 4733 1319 4798 ἀεὶ,
1376 4730 1468 4783 καὶ
1501 4732 1576 4792 είς
1605 4731 1733 4790 τοὺς

154 4819 365 4882 αἰῶνας
395 4817 503 4870 τῶν
529 4818 760 4872 αἰώνων.
817 4822 1014 4890 Ἀμήν.

1844 3268 2210 3328 sustulissent,
2260 3279 2363 3316 non
2406 3278 2502 3330 pro
2549 3275 2609 3314 se
2641 3258 2813 3312 solum
2863 3270 3049 3326 preces
3089 3250 3404 3310 fundebant,

1845 3356 1936 3407 sed
1971 3355 2132 3406 etiam
2169 3351 2417 3414 orabant,
2447 3359 2505 3400 ut
2538 3347 2615 3400 sui
2657 3347 2928 3398 occisores
2955 3345 3020 3392 ab
3053 3356 3239 3392 errore
3272 3339 3406 3390 libe-

1845 3455 2115 3506 rarentur,
2161 3456 2213 3496 et
2261 3449 2705 3494 converterentur
2737 3436 2802 3490 ad
2849 3433 3124 3503 pietatem.
3169 3428 3261 3482 Sic
3285 3441 3410 3496 gra-

1848 3538 1974 3590 tiam
2030 3539 2142 3587 suis
2178 3534 2484 3585 referebant
2519 3530 2774 3588 inimicis,
2807 3527 2941 3593 ejus,
2977 3525 3066 3592 qui
3094 3523 3266 3576 bonus
3296 3530 3403 3582 est,

1845 3627 2110 3695 discipuli,
2150 3624 2474 3680 occism-ibus
2497 3620 2613 3675 suis
2661 3627 2941 3686 precantes
2994 3616 3203 3668 veniam
3262 3611 3403 3677 ejus,

1841 3721 1982 3786 quod
2032 3727 2215 3769 erant.
2251 3715 2558 3780 admissnri,
2610 3697 2869 3765 facinoris
2901 3724 2916 3764 :
2948 3708 3144 3776 quibus
3201 3703 3404 3772 alioqui

1842 3810 1942 3878 ipsi
1994 3821 2239 3875 magnam
2271 3803 2538 3857 habebant
2594 3803 2842 3869 gratiam,
2867 3797 3008 3866 quod
3038 3810 3134 3864 per
3168 3808 3262 3846 eos
3299 3793 3407 3844 mi-

1841 3910 2060 3969 grarent
2091 3899 2156 3951 ad
2187 3911 2330 3955 eum,
2363 3907 2519 3963 quem
2572 3889 2970 3945 desiderabant.
3010 3886 3144 3939 Cum
3199 3881 3404 3952 precati

1840 4007 2053 4060 quoque
2085 3997 2266 4043 essent
2298 4002 2358 4040 ea
2385 4002 2502 4055 quae
2539 3991 2697 4039 erant
2722 3979 2971 4035 omnibus
3000 3977 3172 4038 utilia,
3204 3975 3282 4028 eis
3308 3988 3402 4027 ca-

1840 4083 1948 4151 pita
1995 4080 2213 4133 fuerunt
2246 4085 2518 4143 amputata
2561 4071 2719 4127 tertio
2762 4068 2972 4124 decimo
3005 4066 3204 4121 mensis
3239 4065 3405 4116 Octo—

1844 4175 1976 4225 bris.
2011 4171 2283 4224 Pretiosas
2317 4177 2491 4221 autem
2521 4180 2707 4219 eorum
2733 4161 3012 4229 reliquias,
3040 4173 3159 4228 quae
3197 4156 3408 4225 abjecte

1841 4273 1892 4317 et
1951 4260 2300 4327 contemptim
2353 4257 2635 4324 jacebant,
2701 4252 3134 4306 Christianorum
3211 4261 3405 4299 manus

1844 4371 1964 4409 cum
2001 4350 2365 4410 sustulissent,
2391 4361 2512 4401 cum
2565 4343 2900 4413 lampadibus
2927 4339 3086 4394 simul
3110 4349 3163 4392 et
3189 4338 3408 4407 hymnis

1846 4448 1899 4499 in
1954 4445 2071 4498 loco
2140 4429 2331 4507 insigni
2388 4439 2646 4508 praclare
2682 4437 3071 4503 deposuerunt,
3097 4446 3224 4499 opes
3249 4430 3409 4484 Cltri-

1845 4537 2033 4590 stianis
2095 4533 2451 4594 inviolabiles,
2512 4526 2759 4595 malignis
2807 4524 3087 4593 spiritibus
3139 4523 3405 4589 flagellum

1847 4625 2106 4688 terribile,
2143 4634 2197 4677 et
2227 4636 2403 4676 rorem
2439 4618 2687 4674 omnibus
2713 4614 3101 4685 aegrotantibus
3117 4622 3171 4665 et
3196 4621 3400 4664 certam

1848 4718 2109 4775 medelam
2138 4734 2152 4772 ς
2180 4718 2243 4769 ad
2276 4714 2501 4786 gloriam
2530 4712 2622 4766 Dei
2660 4710 2836 4764 Patris
2886 4718 2940 4762 et
2969 4705 3181 4760 Domini
3213 4702 3406 4768 nostri,

1843 4810 1971 4868 Jesu
2005 4807 2204 4864 Cbristi
2237 4826 2248 4862 :
2281 4821 2437 4877 quem
2486 4805 2643 4857 decet
2697 4803 2870 4855 ltonor
2897 4809 2951 4852 et
2992 4798 3252 4867 potentia,
3285 4809 3406 4848 cum

1844 4902 2186 4957 sanctissimo
2216 4909 2272 4952 et
2306 4893 2516 4948 vivifico
2551 4893 2779 4963 Spiritu,
2811 4903 2954 4944 nunc
2998 4895 3051 4943 et
3078 4898 3313 4956 semper,
3351 4890 3408 4938 et

1844 4991 1896 5044 in
1925 4991 2118 5046 saecula
2147 4987 2488 5043 saeculorum.
2514 4987 2707 5041 Amen.
