4212 6440
751 341 846 391 12Ἰ

2053 326 2331 386 MENSIS
2372 325 2699 385 APRILIS.

3882 317 3994 379 19.8

811 467 3989 500 WW

2045 653 2719 773 ΑΘΛΗΣΙΣ

1304 883 1534 969 ΤΟΥ
1606 885 1943 969 ΑΙἾΟΥ
1995 886 2185 968 ΚΑΙ
2263 877 2799 968 ΕΝΔΟΞΟΥ
2855 887 2967 969 Ml

1778 885 1943 969 ὈΥ
1995 886 2185 968 ΚΑΙ
2263 877 2799 968 ΕΝΔΟΞΟΥ
2855 881 3441 969 ΜΑΡΤΥΡΟΣ

1861 1072 2912 1206 ΕΛΕΥΘΕΡΙΟΥ

2021 1472 2728 1577 CERTAMEN

1393 1703 1805 1790 SANCTI
1893 1701 2036 1786 ET
2110 1695 2683 1786 GLORIOSI
2767 1695 3379 1781 MARTYRIS

1196 1916 2485 2072 ELEUTHERII
2617 1911 3578 2065 EPISCOPI

785 2206 981 2267 (Latine
1003 2207 1132 2268 apud
1157 2206 1355 2254 Surium
1383 2206 1443 2254 ad
1463 2204 1591 2252 diem
1618 2204 1675 2253 18
1698 2204 1902 2266 Aprilis,
1932 2205 2102 2254 Graece
2127 2204 2252 2264 apud
2273 2204 2505 2253 Bolland.
2527 2205 2646 2253 tom.
2673 2201 2716 2250 Il
2744 2202 2947 2263 Aprilis,
2973 2216 3022 2263 p.
3043 2201 3156 2260 976,
3182 2216 3241 2249 ex
3271 2205 3381 2252 ead.
3414 2202 3535 2252 1190
3557 2201 3787 2252 biblioth.
3829 2200 4017 2261 Vatie.)

855 2509 895 2561 1.
928 2504 1062 2557 Cum
1096 2503 1266 2557 Elius
1287 2504 1552 2556 Adrianus
1576 2503 1833 2559 Romanis
1865 2503 2075 2574 quidem
2108 2505 2341 2574 impera-
2371 2508 2416 2564 Α
2517 2551 2518 2557 η

2371 2508 2416 2564 Α
2517 2508 2591 2557 Α’.
2627 2507 2806 2557 Αἰλίου
2832 2503 3118 2574 Ἀδριανοῦ
3160 2503 3443 2571 Ῥωμαίων
3476 2503 3571 2569 μὲν
3617 2502 4018 2569 βασιλεύοντος,

782 2611 887 2660 ret.
921 2597 1258 2652 damonibus
1289 2607 1467 2649 autem
1503 2607 1552 2650 et
1587 2598 1887 2650 simulacris
1925 2598 2204 2664 diligenter
2234 2612 2348 2650 ser-

785 2691 925 2743 viret
956 2706 968 2741 :
998 2686 1330 2740 admirabilis
1367 2703 1581 2755 quoque
1617 2687 1952 2740 Eleulberius
1987 2688 2076 2739 illo
2111 2697 2350 2754 tempore

783 2780 1034 2846 cognitus
1062 2785 1165 2839 est,
1204 2777 1364 2826 veluti
1412 2778 1653 2841 quzcdam
1693 2774 1844 2827 stella
1887 2775 2022 2828 diem
2055 2775 2348 2829 illustrans.

789 2869 887 2923 Cui
933 2868 1104 2937 patria
1159 2867 1373 2935 quidem
1414 2867 1512 2919 fuit
1562 2868 1755 2937 inclyta
1789 2877 1840 2921 et
1881 2883 2068 2939 magna
2129 2869 2345 2922 Roma:

787 2970 1040 3030 parentes
1071 2968 1248 3012 autem
1284 2973 1478 3027 genere
1519 2959 1730 3023 quidem
1767 2959 2105 3024 nobilissimi,
2153 2961 2352 3013 divitiis

787 3069 918 3107 vero
966 3053 1381 3118 opulentissimi,
1438 3051 1603 3118 gloria
1657 3052 1815 3102 etiam
1882 3052 2188 3104 clarissimi.
2251 3052 2355 3104 Ter

793 3143 1070 3196 consulem
1109 3143 1249 3194 enim
1279 3141 1443 3195 fuisse
1475 3142 1588 3209 ejus
1620 3153 1848 3209 patrem,
1898 3141 2014 3211 ejus
2056 3143 2242 3197 SCrlllll
2273 3144 2358 3196 hi-

792 3237 983 3291 Storia.
1021 3236 1125 3288 Sed
1156 3251 1275 3290 cum
1303 3247 1491 3289 essent
1521 3237 1652 3289 adeo
1688 3237 1943 3303 insignes,
1974 3252 2072 3292 nec
2115 3240 2193 3291 eis
2235 3239 2355 3307 qui-

791 3331 913 3381 dem
952 3331 1138 3380 deerat
1170 3327 1421 3379 nobilitas
1467 3343 1529 3378 ex
1572 3327 1768 3394 pietate
1802 3337 1916 3380 orta
1972 3339 2025 3380 et
2075 3327 2353 3394 religione.

795 3422 922 3485 Ejus
952 3421 1091 3472 enim
1127 3428 1295 3470 mater
1320 3418 1601 3479 Evanthia,
1630 3433 1746 3472 cum
1772 3420 1938 3472 divini
1966 3419 2108 3470 Pauli
2143 3429 2358 3485 apostov

796 3510 916 3563 licis
950 3509 1405 3563 admonitionibus
1441 3509 1871 3561 Iidemaceurate
1907 3510 2199 3570 didicisset,
2238 3525 2358 3561 ettm

795 3602 971 3653 studio
999 3600 1236 3652 virtutis.
1263 3599 1351 3650 Dei
1375 3613 1588 3667 quoque
1609 3599 1754 3651 cultu
1782 3608 1899 3652 erat
1926 3598 2079 3652 valde
2106 3600 2358 3669 locuples.

801 3693 872 3746 Ea
901 3707 1019 3746 cum
1055 3693 1195 3746 hunc
1227 3701 1473 3747 sanctum
1511 3691 1801 3759 peperisset
1830 3707 2072 3758 puerum,
2098 3691 2360 3748 Eleuthe-

795 3783 935 3836 rium
998 3783 1213 3849 quidem
1270 3779 1481 3834 vocavit
1537 3796 1600 3835 ex
1663 3780 1776 3848 ipso
1819 3791 1938 3834 ortu
1975 3799 1988 3834 :
2022 3783 2157 3833 adeo
2186 3792 2358 3834 autem

795 3873 1093 3927 liberaliter
1135 3881 1187 3925 et
1216 3873 1440 3926 honeste
1487 3886 1606 3924 eum
1642 3873 1908 3934 educavit,
1941 3880 1996 3922 ut
2029 3870 2231 3923 nomini
2277 3886 2362 3925 res

798 3979 1012 4034 quoque
1049 3962 1419 4015 convenirent.
1475 3961 1564 4014 Sic
1614 3977 1742 4030 ergo
1784 3964 2087 4026 educatum,
2122 3976 2242 4015 cum
2296 3961 2362 4016 ad

803 4055 1010 4107 virilem
1069 4062 1279 4106 aetatem
1333 4053 1692 4119 pervenisset,
1731 4051 1837 4107 Deo
1869 4063 1922 4106 et
1963 4052 2364 4124 archiepiscopo

795 4143 1024 4198 Aniceto
1055 4141 1130 4212 (1)
1163 4142 1252 4195 dat
1274 4157 1417 4206 eum,
1437 4141 1635 4196 donum
1671 4142 1788 4211 ipso
1811 4143 2049 4211 dignum.
2074 4144 2191 4213 Ipse
2219 4146 2361 4199 enim

800 4244 927 4288 tunc
959 4234 1212 4286 Bouianae
1238 4243 1465 4302 praeerat
1495 4232 1766 4286 Ecclesite.
1801 4234 1898 4298 Qui
1928 4235 2113 4288 videns
2154 4251 2360 4288 morum

801 4326 920 4393 ejus
970 4324 1389 4376 moderationem
1441 4332 1493 4374 et
1533 4323 1669 4377 alias
1701 4325 1944 4388 virtutes,
1993 4339 2114 4376 eum
2151 4325 2363 4391 quidem

799 4415 1033 4485 primum
1057 4413 1365 4476 diaconum,
1420 4413 1611 4467 deinde
1657 4414 2055 4484 presbyterum,
2095 4427 2364 4483 postremo

800 4508 1115 4575 episcopum
1151 4505 1369 4560 ordinat
1393 4504 1606 4575 Illyrici.

870 4598 936 4649 11.
973 4596 1172 4662 Sicque
1225 4595 1463 4655 lucerna,
1493 4607 1544 4648 ut
1567 4597 1871 4666 evangelice
1902 4599 2071 4652 dicam
2103 4601 2143 4661 ¹,
2195 4601 2364 4668 posita

802 4701 964 4755 super
993 4685 1396 4750 candelabrum,
1415 4687 1623 4741 etverbi
1646 4686 1875 4754 vitatque
1899 4689 2014 4742 luce
2032 4690 2368 4747 illuminante

803 4776 1095 4831 multorum
1124 4777 1480 4845 cogitationes
1513 4788 1593 4831 :et
1624 4778 1811 4833 falsam
1837 4781 2050 4848 quidem
2091 4785 2355 4838 mendacii

804 4867 1102 4921 doctrinam
1127 4869 1493 4936 proculcante,
1532 4868 1787 4926 doctrinae
1815 4887 2062 4927 sermone
2095 4873 2366 4938 amuente,

802 4959 869 5010 ad
932 4957 1102 5012 solius
1179 4969 1355 5011 autem
1427 4958 1518 5014 Dei
1564 4963 1921 5028 cognitionem
1990 4967 2182 5021 multos
2238 4984 2368 5022 con-

805 5057 1055 5102 verleute
1113 5058 1168 5102 et
1236 5049 1532 5105 deducente
1602 5050 1668 5105 ad
1719 5053 1996 5120 pietatem,
2030 5072 2132 5110 non
2165 5068 2369 5124 poterat

2391 3840 2436 3897 B

2452 2601 2666 2666 δαίμοσι
2697 2602 2753 2650 δὲ
2807 2601 2898 2650 καὶ
2929 2599 3166 2657 εἰδώλοις
3215 2598 3491 2663 ἐπιμελῶς
3525 2598 3891 2657 δουλεύοντος,
3929 2600 4026 2647 καὶ

2453 2693 2479 2743 ὁ
2507 2690 2817 2756 θαυμαστὴς
2860 2689 3193 2756 Ἐλευθέριος
3224 2688 3342 2738 κατ’
3366 2688 3541 2738 έκεῖνο
3566 2688 3779 2753 καιροῦ,
3816 2684 3908 2739 οἷά
3941 2705 4028 2748 τις

2455 2783 2854 2854 ἡμερολαμπὴς
2909 2781 3084 2851 ἀστὴρ
3138 2780 3486 2847 ὲγνωρίζετο·
3515 2773 3558 2845 ᾧ
3613 2782 3807 2849 πατρὶς
3847 2781 3948 2848 μὲν
3991 2783 4024 2847 ή

2458 2873 2668 2943 μεγάλη
2708 2873 2801 2924 καὶ
2839 2870 3134 2943 περιφανὴς
3168 2869 3428 2938 ἐτύγχανε
3459 2867 3666 2937 Ῥώμη,
3701 2869 3940 2938 πατέρες
3966 2870 4028 2921 δὲ

2455 2967 2622 3032 γένει,
2655 2963 2867 3032 πλούτῳ
2896 2981 2952 3013 τε
2987 2965 3077 3014 καὶ
3104 2962 3226 3030 δόξῃ
3259 2961 3716 3030 περιφανέστατοι
3748 2962 3840 3012 καὶ
3876 2960 4025 3027 λαμ-

2456 3057 2714 3122 πρότατοι
2743 3074 2753 3088 ·
2782 3055 3127 3123 τρισύπατον
3151 3055 3260 3122 γὰρ
3294 3053 3460 3105 αὐτοῦ
3498 3053 3586 3104 τὸν
3624 3054 3836 3123 πατέρα
3867 3053 4028 3118 γενέ-

2460 3143 2580 3195 σθαι
2609 3144 2793 3210 φασίν.
2864 3143 3025 3194 Ἀλλὰ
3080 3144 3174 3194 καὶ
3208 3144 3349 3194 οὕτω
3392 3144 3748 3211 περιφανείας
3783 3143 4028 3210 ἔχοντες,

2458 3239 2577 3290 οὐδὲ
2632 3238 2729 3308 τῆς
2763 3238 2882 3289 κατ’
2911 3236 3192 3288 εὐσέϐειαν
3237 3235 3595 3288 ἀπελείποντο
3647 3236 3958 3301 εὐγενείας·
4000 3239 4030 3302 ἡ

2462 3331 2641 3398 μήτηρ
2699 3329 2807 3396 γὰρ
2860 3327 3008 3394 αὐτῷ
3044 3327 3301 3390 Εὐανθία,
3333 3329 3450 3388 ταῖς
3481 3325 3574 3377 τοῦ
3629 3325 3774 3378 θείου
3810 3325 4030 3378 Παύλου

2461 3419 2844 3481 ἀποστολικαῖς
2900 3419 3262 3488 παραινέσεσι
3319 3417 3416 3488 τὴν
3465 3418 3647 3471 πίστιν
3683 3417 4034 3485 ἔκμαθοῦσα,

2462 3507 2661 3576 πολλὴν
2690 3509 2903 3576 ὑπῆρχε
2933 3514 3027 3560 σὺν
3049 3512 3112 3576 τῇ
3162 3510 3328 3577 ἀρετῇ
3363 3510 3669 3562 πλουτοῦσα
3713 3513 3808 3563 καὶ
3840 3512 4035 3562 θεοσέ-

2464 3598 2637 3650 δειαν.
2692 3597 2837 3666 Αὕτη
2871 3596 2962 3648 τὸν
3002 3599 3144 3666 ἱερὸν
3196 3597 3386 3649 τοῦτον
3442 3599 3786 3650 ἀποτεκοῦσα
3840 3599 4034 3658 παῖδα,

2475 3688 2811 3760 Ἐλευθέριον
2839 3689 2937 3758 μὲν
2963 3687 3268 3757 ὠνόμασεν,
3321 3687 3642 3756 ἐλευθερίως
3675 3688 3730 3739 δὲ
3762 3688 3905 3739 οὕτω
3939 3692 4037 3742 καὶ

2464 3781 2644 3843 καλῶς
2673 3781 3043 3851 ἁναθρέψασα,
3080 3781 3221 3833 ὥστε
3268 3781 3332 3850 τῇ
3366 3780 3556 3849 κλήσει
3594 3783 3904 3848 συμφωνεῖν
3935 3787 4036 3834 καὶ

2463 3874 2534 3926 τὰ
2563 3874 2880 3941 πράγματα.
2930 3874 3218 3940 Τραφέντα
3271 3872 3403 3940 γοῦν
3445 3875 3538 3927 καὶ
3570 3873 3913 3945 ἀνδρωθέντα
3949 3874 4035 3942 τῷ

2463 3966 2710 4034 ἀρχιερεῖ
2731 3966 2827 4033 τῆς
2871 3964 3158 4032 Ῥωμαίων
3191 3965 3515 4036 Ἐκκλησίας
3555 3967 3819 4036 ’Δνικήτῳ
3844 3965 4039 4037 [Ἄνα-

2464 4055 2671 4126 κλήτῳὶ
2710 4055 2883 4128 δῶρον
2919 4056 3067 4121 ἄξιον
3098 4057 3332 4122 δίδωσιν,
3366 4057 3424 4120 ὃς
3455 4057 3516 4110 τὸ
3549 4057 3642 4110 τοῦ
3668 4050 3830 4126 ἤθουζτ
3862 4056 4035 4109 αὐτοῦ

2464 4148 2687 4219 κόσμιον
2719 4150 2810 4201 καὶ⁹
2839 4149 2936 4218 τὴν
2964 4151 3132 4215 ἄλλην
3171 4150 3314 4216 ὁρῶν
3359 4148 3581 4216 ἀρετὴν,
3641 4149 3886 4199 διάκονον
3932 4149 4037 4216 μὲν

2463 4241 2704 4310 πρῶτον,
2728 4236 2845 4291 εἶτα
2867 4239 3256 4308 πρεσϐύτερον,
3281 4238 3375 4289 καὶ
3399 4237 3702 4291 τελευταῖον
3732 4236 4037 4293 ἐπίσκοπον

2464 4349 2524 4402 χε
2535 4331 2757 4400 ιροτονεῖ
2783 4328 2874 4380 τοῦ
2921 4329 3092 4397 Ίλλυρ
3103 4328 3240 4381 ικοῦ.

2539 4599 2613 4653 B'.
2646 4599 2754 4650 Kal.
2787 4599 2926 4650 οὕτω
2955 4599 3016 4667 δὴ
3038 4597 3130 4648 τοῦ
3169 4596 3382 4667 λύχνου,
3424 4595 3792 4661 εὐαγγελικῶς
3833 4598 4034 4659 εἰπεῖν,

2469 4691 2561 4742 ἐπὶ
2590 4689 2688 4754 τὴν
2716 4687 2936 4758 λυχνίαν
2968 4685 3241 4749 τεθέντος,
3301 4689 3394 4740 καὶ
3424 4685 3603 4753 πολλῷ
3657 4687 3731 4753 τῷ
3765 4687 3858 4739 τοῦ
3915 4686 4036 4755 βίου

2470 4781 2564 4834 καὶ
2594 4781 2668 4849 τῷ
2705 4780 2798 4834 τοῦ
2854 4781 3012 4845 λόγου
3069 4779 3208 4845 φωτὶ
3256 4779 3354 4838 τὰς
3388 4777 3495 4828 τῶν
3528 4777 3737 4830 πολλῶν
3793 4777 4040 4839 διανοίας

2473 4874 3027 4940 περιαστράπτοντος,
3052 4869 3147 4921 καὶ
3187 4868 3620 4934 καθοδηγοῦντος
3664 4868 3799 4936 πρὸς
3846 4867 4038 4920 θεοσέ-

2472 4966 2622 5016 6ειαν
2648 5004 2662 5026 ,
2701 4965 2799 5015 οὐκ
2833 4949 2910 5029 ἦν’
2943 4960 3114 5012 ταῦτα
3171 4960 3361 5027 πράως
3385 4961 3473 5011 τὸν
3497 4959 3731 5027 πονηρὸν
3765 4960 4036 5024 ἐνεγκεῖν,

2472 5055 2607 5107 ἀλλὰ
2633 5055 2750 5106 κατ’
2787 5052 2950 5104 αὐτοῦ
2979 5053 3072 5105 καὶ
3111 5052 3207 5118 τῆς
3232 5051 3515 5112 εὐσεϐείας
3542 5049 3714 5101 δεινὸν
3763 5049 3914 5102 ἔπνει
3943 5054 4041 5102 καὶ

807 5139 1077 5206 malignus
1107 5140 1219 5193 haec
1254 5139 1394 5195 ferre
1421 5142 1733 5201 moderate:
1771 5146 1861 5198 sed
1896 5148 2040 5200 rabie
2067 5148 2282 5215 quidem
2317 5152 2367 5202 in
2399 5197 2437 5219 ,_

2399 5197 2437 5219 ﬂ
2479 5151 2723 5219 μανικὸν,
2780 5145 2900 5197 ὅθεν
2955 5147 3048 5197 καὶ
3077 5143 3168 5196 τὸν
3208 5143 3483 5210 Ἀδριανὺν
3528 5141 3727 5198 ὑποδὺς
3755 5140 3896 5202 ὅλον,
3931 5143 4042 5208 πρὸ

808 5230 984 5297 ipsum
1018 5231 1341 5297 agitabatur,
1377 5240 1430 5285 et
1454 5233 1688 5301 graviter
1713 5234 1946 5302 spirabat
1973 5249 2160 5290 contra
2196 5239 2367 5308 pieta-

811 5331 942 5373 tem.
976 5317 1172 5374 Totum
1195 5336 1322 5375 vero
1355 5322 1899 5389 subieusAdrianum,
1932 5340 2052 5380 cum
2081 5326 2169 5380 illo
2194 5342 2371 5382 arma-

810 5422 899 5464 tur
930 5421 1117 5464 contra
1151 5414 1431 5468 veritatem
1471 5431 1484 5468 :
1518 5422 1570 5467 et
1604 5420 1726 5466 ante
1767 5415 1899 5467 alios
1939 5433 2123 5472 omnes
2150 5425 2373 5472 conton-

881 5574 896 5604 ¹
935 5574 1114 5631 Matth.
1159 5593 1207 5630 ν.

2475 5240 2582 5292 τῶν
2610 5240 2783 5292 ἄλλων
2812 5237 3085 5295 ἁπάντων,
3115 5236 3203 5286 τὸν
3243 5234 3575 5300 Ἐλευθέριον
3613 5232 3751 5282 ἑλεῖν
3774 5230 4042 5297 ἀγωνίζε-

2479 5346 2587 5386 ται.
2630 5329 2752 5386 τοὺς
2782 5323 3215 5393 ἐπισημοτέρους
3236 5322 3343 5373 τῶν
3377 5320 3615 5374 εὐσεϐῶν
3642 5321 3885 5374 σπεύδων
3904 5321 4038 5372 ἀπο-

2482 5417 2739 5484 θερίζειν,
2759 5416 2945 5482 ὥσπερ
2976 5414 3036 5484 δή
3066 5431 3216 5474 τινας
3246 5411 3350 5462 τῶν
3372 5411 3656 5480 ἀσταχύων
3688 5411 4042 5480 προέχοντος,

882 5694 956 5758 (ί)
1004 5691 1138 5761 Lf‘ge
1201 5696 1473 5761 clunt/clo,
1542 5710 1664 5750 cum
1711 5698 1971 5752 Anicetus
2003 5698 2202 5751 sederit
2243 5706 2358 5764 post
2400 5696 2724 5754 Adrianum,
2761 5691 2860 5741 sub
2899 5705 3004 5756 quo
3042 5702 3229 5754 passus
3262 5695 3344 5739 est
3417 5683 3779 5737 Eleutherius.
