4212 6440
163 417 266 480 1‘29

1355 412 1536 472 VITA
1580 410 1642 468 S.
1688 408 2192 470 ELEUTHERII.

3303 410 3406 473 130

151 533 331 592 Εὐθύς
365 525 457 582 οὖν
481 528 647 596 Φίληξ
678 544 758 589 τις
782 527 890 578 τῶν
924 526 1269 595 στρατιωτῶν
1307 527 1608 594 πέμπεται,
1640 526 1710 577 τδε

1835 522 1912 576 dit
1947 525 2010 576 de
2045 524 2222 577 medio
2277 523 2463 578 tollere
2497 522 2885 590 Eleutherimn,
2921 540 2983 579 ex
3041 526 3140 593 piis
3186 529 3404 580 studens

165 620 504 687 Ἐλευθέριον
529 620 606 688 τῷ
632 617 896 686 βασιλικῷ
933 617 1136 683 βήματι
1166 617 1514 685 παραστῆναι
1563 633 1716 668 κεκε-

151 712 470 778 λευσμένος.
535 713 574 762 Ο
598 710 653 762 δὲ
694 709 792 777 τὴν
824 708 1120 774 ἐκκλησίαν
1151 691 1718 775 κατάλαϐὼν,πλήθει

147 819 205 853 τε
240 801 792 869 περικυκλωσάμενος
855 799 1226 867 στρατιωτῶν,
1270 800 1364 850 καὶ
1421 799 1512 850 τὸν
1562 797 1716 864 ἅγιον

147 892 296 945 ἔνδον
329 892 639 951 ἀπολαϐὼν,
675 885 791 941 εἶτα
818 891 911 941 καὶ
942 888 1223 952 εἰσελθὼν,
1255 890 1349 941 καὶ
1395 889 1570 959 ἀγρίῳ
1622 890 1717 957 μὲν

144 985 378 1051 ὄμματι,
404 982 724 1050 ἀγριωτέρῳ
744 981 799 1033 δὲ
828 982 1140 1049 φρονήματι
1162 985 1274 1043 τοῖς
1300 981 1467 1050 ὁρῶσι
1503 981 1712 1046 φανείς·

141 1073 212 1134 ὡς
245 1074 298 1125 δὲ
331 1070 469 1124 εἶδον
510 1073 669 1124 αὐτὸν
699 1078 758 1124 τὸ
784 1076 879 1140 τῆς
911 1072 1266 1133 διδασκαλίας
1317 1073 1533 1140 ἥδιστον
1568 1073 1716 1138 νᾶμα

144 1163 468 1232 προχέοντα,
498 1164 590 1214 καὶ
623 1164 717 1214 σὺν
739 1163 1008 1233 εὐκοσμία
1037 1161 1201 1232 πολλῇ
1236 1166 1343 1224 τοῖς
1375 1161 1595 1213 συνοῦσι
1619 1164 1717 1229 τὴν

143 1256 426 1307 εὐσέϐειαν
457 1254 914 1321 καταγγέλλοντα,
949 1255 1046 1323 τὴν
1079 1253 1173 1306 τοῦ
1210 1251 1447 1320 Χριστοῦ
1483 1253 1711 1320 δύναμιν

143 1345 438 1414 θαυμάζων
472 1342 558 1414 ἦν.
589 1346 696 1397 Καὶ
731 1344 1051 1413 μεταϐαλὼν
1087 1344 1286 1396 αὐτίκα
1316 1345 1414 1412 τῆς
1450 1343 1709 1410 ἀγριότηο

140 1454 249 1500 τος,
285 1436 557 1505 πρόϐατον
581 1439 700 1491 ἀντὶ
724 1436 912 1499 λύκου,
947 1435 1037 1488 καὶ
1065 1433 1309 1503 μαθητὴς
1337 1434 1457 1486 ἀντὶ
1483 1432 1711 1485 διώκτου

139 1529 381 1594 γίνεται·
418 1531 510 1581 καὶ
542 1529 786 1598 ὑπερορᾷ
823 1529 920 1596 μὲν
947 1527 1112 1580 αὐτοῦ
1149 1525 1440 1595 βασιλέως,
1481 1524 1714 1594 προσπί-

137 1619 340 1672 πτειδὲ
370 1623 483 1681 τοῖς
510 1620 635 1672 ποσὶ
664 1618 756 1670 τοῦ
795 1618 972 1684 ἁγίου,
1013 1618 1106 1670 καὶ
1135 1617 1192 1668 τὸ
1225 1617 1332 1669 ἀπὸ
1357 1616 1508 1668 τοῦδε
1549 1616 1711 1684 συνῆν

136 1709 285 1776 αὐτῷ
322 1712 435 1770 τοῖς
466 1711 674 1762 ἐκείνου
707 1710 884 1774 λόγοις
919 1708 1054 1775 πρὸς
1077 1707 1175 1772 τὴν
1208 1705 1490 1758 εὐσέϐειαν
1525 1721 1714 1774 στηρι-

138 1800 383 1866 ζόμενος.
438 1801 572 1851 Ἀλλ’
619 1799 759 1852 οὓτω
789 1798 890 1865 μὲν
935 1799 962 1848 ὁ
991 1797 1159 1866 Φίληξ
1193 1797 1391 1861 ἐποίει,
1448 1795 1542 1853 καὶ
1581 1797 1718 1866 πρὸς

1826 617 2103 669 demetere
2126 631 2239 678 eos,
2272 619 2362 685 qui
2396 629 2550 670 erant
2577 618 2916 686 insigniores,
2949 627 3203 684 tanquam
3232 621 3406 686 spicas

1826 708 2086 774 quasdam
2125 711 2334 762 caeteris
2365 710 2768 778 praestantiore-5
2802 727 2812 761 :
2849 721 2901 762 et
2925 711 3104 762 statim
3144 726 3266 764 cum
3303 721 3408 763 ter-

1827 795 1968 849 ribili
1989 795 2255 864 legatione
2292 798 2523 851 mittitur
2543 798 2692 852 Felix
2718 797 2958 867 quidam,
2992 814 3127 853 unus
3155 813 3220 850 ex
3253 799 3406 851 duci-

1823 887 1924 939 bus
1976 888 2264 950 exercitus,
2296 887 2476 953 jussus
2509 899 2564 942 ut
2611 905 2706 957 per
2749 892 2854 942 vim
2888 890 3119 946 adducat
3151 889 3404 943 Eleuthe-

1824 979 1988 1042 rium,
2023 989 2076 1032 et
2108 994 2229 1033 eum
2258 980 2410 1033 sistat
2438 991 2559 1032 ante
2587 982 2820 1035 tribunal
2849 983 3278 1049 imperatorium.
3300 982 3403 1050 Qui

1821 1084 1944 1122 cum
1966 1071 2030 1121 ad
2050 1069 2248 1123 Christi
2276 1072 2551 1124 mandrain
2574 1073 2928 1138 pervenisset,
2956 1074 3260 1139 ecclesiam,
3281 1091 3400 1129 eam

1821 1166 2167 1214 extrinsecus
2231 1162 2574 1216 circumsidet
2639 1164 2980 1218 multitudine
3035 1166 3259 1220 militum
3299 1187 3314 1222 :
3348 1180 3403 1221 et

1821 1267 1940 1304 cum
1975 1254 2120 1306 intus
2153 1254 2529 1320 intercepisset
2562 1255 2954 1322 Eleutherium,
2991 1269 3238 1327 tanquam
3266 1278 3403 1328 pra:-

1820 1346 1942 1396 dam
1967 1345 2198 1413 aliquam
2235 1347 2702 1402 studebathabere
2733 1365 2924 1417 agnum
2952 1351 3174 1404 Christi.
3203 1351 3402 1406 Deinde

1824 1436 2083 1504 templum
2123 1437 2418 1506 ingressus,
2453 1449 2504 1493 et
2539 1440 2853 1494 truculentis
2884 1440 3102 1508 quidem
3134 1443 3312 1496 oculis
3347 1455 3401 1498 et

1824 1533 2207 1588 truculentiore
2229 1535 2390 1589 etiam
2420 1537 2895 1606 spiritu,tanquam
2936 1540 3052 1608 ipso
3081 1539 3228 1592 vultu
3261 1538 3398 1606 ejus,

1821 1625 1911 1690 qni
1948 1626 2186 1687 miserat,
2209 1627 2520 1694 signiﬁcans
2563 1631 2850 1694 saevitiam,
2888 1645 2945 1684 se
2995 1633 3286 1684 ostendens
3313 1630 3400 1696 iis,

1821 1714 1916 1781 qui
1956 1715 2209 1768 videbunt
2247 1737 2258 1770 :
2303 1726 2582 1786 postquam
2618 1721 2747 1773 vidit
2781 1721 3152 1775 Eleutherium
3183 1722 3398 1776 suavis-

1820 1801 2017 1855 simum
2055 1805 2314 1858 doctrinm
2353 1805 2612 1861 ﬂuentum
2659 1810 3090 1876 profundentem,
3131 1822 3186 1865 et
3233 1827 3399 1864 orna-

134 1891 224 1941 τὺν
267 1890 672 1942 ἀποστείλαντα
719 1889 973 1957 οὐδαμῶς
1037 1889 1402 1957 ἀναστρέφειν
1439 1886 1710 1957 ἠγάπαοί

1828 1893 2032 1948 tissime
2087 1896 2339 1963 pietatem
2402 1875 2807 1953 annuntiantem
2869 1900 2955 1964 iis,
3023 1901 3113 1970 qui
3159 1916 3281 1955 cum
3332 1915 3401 1955 eo

134 1979 276 2041 θεῖος
309 1977 366 2030 δὲ
413 1978 753 2049 Ἐλευθέριος
778 1977 1267 2050 παρρησιάσασθαι
1297 1977 1394 2047 τὴν
1426 1977 1717 2030 εὐσέϐειαν

132 2071 610 2140 προθυμούμενος,
664 2069 892 2141 πορείας
927 2070 1089 2132 εὐθὺς
1136 2069 1336 2138 εἴχετο,
1386 2070 1480 2120 καὶ
1512 2068 1602 2120 τὸν
1623 2067 1716 2120 Φί-

132 2163 279 2232 ληκα
302 2165 672 2232 συνεπόμενον
705 2163 866 2232 ἔχων.
909 2162 996 2223 Ὠς
1033 2161 1090 2212 δὲ
1127 2162 1267 2213 κατὰ
1288 2161 1386 2230 τὴν
1417 2161 1534 2212 ὁδὸν
1562 2160 1718 2214 ὐδατι

131 2255 482 2325 περιέτυχον,
536 2255 694 2317 ἄλλος
721 2248 878 2316 οὗτος
911 2253 1204 2321 Κανδάκης
1234 2255 1261 2304 ὁ
1285 2248 1450 2320 Φίληξ
1478 2251 1715 2317 γίνεται,

133 2349 227 2399 καὶ
250 2349 404 2417 παρά
427 2348 696 2400 Φιλίππου
727 2347 824 2399 τοῦ
861 2345 1005 2398 θείου
1060 2343 1400 2414 Ἐλευθερίου
1445 2341 1708 2414 βαπτίζε-

129 2454 241 2502 ται,
277 2438 378 2507 τὴν
410 2438 854 2506 εἰδωλολατρείαν
887 2455 946 2490 τε
982 2437 1375 2494 ἀποϐάλλεται.

1823 1985 2205 2050 versabantur,
2239 1986 2326 2040 ille
2349 1986 2648 2041 mirandum
2680 1990 2731 2042 in
2761 1989 2974 2042 modum
3030 1990 3400 2044 admirabatur

1818 2072 2022 2128 Christi
2059 2075 2314 2129 virtutem
2349 2095 2362 2129 :
2395 2086 2448 2130 et
2472 2077 2657 2132 statim
2684 2090 2886 2132 mutata
2927 2080 3133 2133 satvitia
3203 2082 3220 2147 (
3253 2080 3400 2135 visus

1818 2175 1903 2218 est
1937 2167 2081 2218 enim
2125 2166 2322 2220 habere
2361 2168 2598 2221 animum
2635 2179 2824 2236 aprum
2875 2173 2939 2222 ad
2997 2171 3398 2238 suscipiendum

1817 2254 2021 2307 semina
2052 2257 2315 2323 pietatis),
2349 2257 2404 2309 lit
2425 2259 2540 2312 ovis
2556 2273 2650 2325 pro
2680 2259 2820 2327 lupo,
2850 2268 2904 2312 et
2940 2275 3034 2328 pro
3057 2269 3400 2328 persecutore

1819 2345 2113 2414 discipulus
2148 2360 2161 2398 :
2195 2356 2246 2399 et
2270 2350 2510 2415 priorum
2561 2350 2722 2401 veluti
2759 2351 2977 2415 oblitus,
3026 2368 3128 2404 non
3174 2353 3311 2404 latro
3346 2359 3401 2404 et

1816 2445 2157 2503 persecutor,
2197 2439 2289 2491 sed
2323 2437 2547 2504 Christi,
2583 2455 2740 2508 quem
2772 2442 3220 2510 persequebatur,
3263 2443 3402 2496 ami-

129 2544 225 2585 cus
258 2540 314 2585 et
351 2533 644 2601 discipulus
679 2551 691 2587 :
729 2544 781 2586 et
815 2533 1042 2602 despicit
1076 2534 1288 2600 quidem
1325 2534 1493 2598 ipsum
1533 2533 1954 2600 imperatorem:
1990 2534 2233 2599 procedit
2297 2545 2479 2587 autem
2518 2541 2584 2589 ad
2645 2539 2804 2605 pedes
2871 2538 3075 2601 sancti,
3133 2550 3188 2593 et
3240 2538 3306 2591 ab
3337 2553 3400 2593 eo

135 2635 382 2694 tempore
412 2626 598 2680 lubens
618 2628 936 2680 versabatur
961 2641 1081 2678 cum
1111 2626 1390 2692 magistro,
1443 2625 1590 2676 illius
1633 2624 1810 2676 verbis
1873 2623 2228 2686 illuminatns,
2272 2636 2326 2678 et
2369 2625 2423 2678 in
2471 2628 2668 2695 pietate
2734 2631 3109 2682 confirmatus.
3145 2627 3248 2681 Sed
3320 2629 3398 2681 sic

127 2719 348 2785 quidem
376 2718 502 2770 fecit
528 2717 698 2779 Felix,
725 2726 777 2769 et
801 2730 1134 2784 nequaquam
1163 2715 1372 2767 curavit
1405 2714 1600 2766 reverti
1637 2712 1702 2765 ad
1745 2726 1891 2778 cum,
1962 2717 2050 2782 qui
2089 2716 2332 2770 miserat.
2369 2715 2485 2771 Nan
2516 2730 2633 2772 erat
2660 2731 2861 2784 autem,
2898 2720 2948 2771 id
2977 2719 3118 2786 quod
3179 2718 3398 2773 videba-

133 2821 217 2863 tur
251 2811 590 2864 Eleutherio.
621 2810 932 2864 Festinabat
956 2811 1097 2864 enim
1143 2811 1211 2863 ad
1250 2807 1651 2864 confeSsionem
1689 2825 1707 2863 ι
1743 2818 1968 2876 eratque
2034 2820 2282 2878 prompto
2313 2819 2366 2862 et
2432 2813 2598 2865 alacri
2632 2814 2812 2866 animo
2840 2816 2903 2866 ad
2938 2814 3191 2882 pietatem
3228 2815 3396 2869 libere

127 2903 614 2959 elIerendamJter
640 2902 1046 2973 certeprotinus
1089 2911 1174 2958 est
1230 2903 1524 2971 ingressus,
1583 2903 1790 2956 habens
1855 2904 2017 2956 etiam
2082 2917 2140 2956 se
2193 2914 2506 2972 sequentem
2565 2903 2794 2957 Felicem
2852 2906 3040 2957 duceni
3101 2907 3396 2960 exercitus.

126 3002 260 3053 Cum
317 3009 498 3054 autem
562 3004 702 3055 inter
753 3002 1003 3054 eumdum
1057 2999 1111 3052 in
1171 3013 1365 3068 aquam
1422 2996 1756 3062 incidissent,
1789 2998 1845 3050 ﬁt
1880 2997 1967 3050 hic
2006 2997 2156 3051 Felix
2220 3001 2359 3054 alius
2420 3000 2695 3053 Candaces
2732 3017 2745 3050 :
2787 3008 2841 3053 et
2878 3015 2907 3050 a
2943 3000 3122 3054 divino
3149 2999 3399 3069 Philippo

125 3087 508 3158 baptizatur”,
562 3101 754 3154 nempe
826 3087 1175 3152 Eleutherio,
1257 3095 1312 3140 et
1392 3085 1710 3140 idololatriae
1773 3085 2052 3154 caligine,
2143 3096 2396 3155 tanquam
2477 3090 2693 3156 putrido
2775 3089 2957 3156 aliquo
3026 3091 3395 3159 indumento,

126 3180 369 3233 exuitur.

198 3270 277 3328 I".
320 3272 476 3324 Ἐπελ⁷
505 3272 667 3326 δὲκαὶ
693 3271 790 3342 τὴν
824 3271 1045 3343 Ῥώμην
1075 3272 1398 3336 κατέλαϐον,
1421 3272 1586 3342 Φίληξ
1615 3274 1712 3341 μὲν
1743 3288 1783 3343 c

126 3367 237 3428 τοῖς
269 3366 330 3417 ὲν
401 3363 590 3434 Ῥώμῃ
648 3367 860 3426 πιστοῖς
919 3365 984 3418 τά
1042 3367 1184 3417 κατά
1235 3365 1324 3417 τὸν
1369 3363 1706 3432 Ἐλευθέριον

124 3457 492 3524 ἀπαγγέλλει,
565 3457 902 3525 Ἐλευθέριον
951 3458 1008 3509 δὲ
1055 3460 1082 3509 ὁ
1114 3458 1366 3527 βασιλεὺς
1399 3457 1474 3525 τῷ
1513 3454 1706 3508 ἑαυτοῦ

123 3548 431 3614 παρίστησι
468 3546 674 3612 βήματι
699 3562 713 3575 ·
749 3546 807 3596 ὃν
847 3547 944 3596 καὶ
979 3545 1105 3596 ἰδὼν
1158 3548 1274 3596 νέον
1301 3565 1359 3599 τε
1419 3548 1513 3599 καὶ
1550 3563 1708 3616 περι-

123 3637 326 3705 καλλῆ,
387 3636 480 3687 καὶ
526 3633 601 3702 τῷ
659 3637 757 3702 τῆς
791 3635 992 3703 ἀρετῆς
1029 3634 1219 3703 κόσμῳ
1257 3636 1436 3704 ψυχὴν
1465 3636 1582 3703 ἅμα
1615 3637 1708 3688 καὶ

120 3727 444 3795 ὀφθαλμοὺς
485 3725 834 3792 ἀγλαῖζοντα,
891 3723 1004 3776 Ἵνα
1037 3725 1110 3788 τί,
1146 3726 1332 3793 φησιν,
1381 3724 1704 3792 Ἐλευθέριε,

117 3821 221 3889 τὴν
247 3815 514 3887 πατρῴαν
541 3816 837 3887 θρησκείαν
862 3815 1164 3876 ἀπολιπὼν,
1188 3815 1373 3867 καινόν
1392 3831 1510 3866 τινα
1539 3830 1705 3884 πρεσ-

119 3910 304 3972 ϐεύεις
338 3909 493 3974 Θεὸν,
523 3911 616 3962 καὶ
647 3908 835 3960 τοῦτον
866 3907 1281 3976 ἐσταυρωμένον
1309 3924 1322 3972 ;
1370 3907 1707 3975 Ἐλευθέριος

117 4005 173 4056 δὲ
200 4003 345 4072 πρὸς
369 4001 544 4061 οὕτως
569 3999 935 4051 ἀσυιλετοῦντα
987 4000 1121 4066 μηδὲ
1163 3998 1559 4065 ἀποκρίνεσθαι
1615 3998 1704 4049 θέ-

119 4097 251 4160 λων,
287 4092 466 4152 ἇλλως
516 4107 572 4141 τε
606 4090 659 4141 δὲ
683 4090 774 4141 καὶ
799 4089 938 4142 αὐτά
957 4089 1020 4160 δὴ
1043 4091 1110 4142 τὰ
1133 4089 1224 4142 τοῦ
1248 4089 1481 4159 Χριστοῦ
1514 4092 1570 4142 ὲν
1595 4093 1706 4153 τοῖς

119 4187 262 4256 ὑπὲρ
307 4180 552 4254 Χριστοῦ
592 4181 946 4250 μιμούμενος,
1007 4181 1226 4234 σιωπῶν
1267 4183 1515 4252 ἑστήκει.
1565 4182 1704 4235 Ἀλλ’

119 4279 418 4348 ἁπόκρινε,
453 4273 546 4326 καὶ
587 4269 742 4334 αὖθις
767 4275 794 4324 ὁ
830 4273 1086 4340 βασιλεὺς
1115 4272 1240 4341 ἐφη,
1288 4274 1418 4340 περὶ
1451 4268 1524 4326 ὧν
1555 4274 1701 4341 ἠρω-

118 4369 320 4438 τήθης.
358 4362 494 4420 Εἶτα
524 4364 617 4417 καὶ
642 4365 738 4432 τῆς
776 4361 1000 4431 πικρίας
1041 4363 1260 4426 ἐνδοὺς,
1294 4361 1553 4432 Πείσθητί
1591 4379 1702 4430 μοι,

121 4460 306 4525 ἔλεγε,
373 4459 471 4510 καὶ
511 4459 626 4520 τοῖς
674 4456 968 4525 ἀηττήτοις
1019 4455 1179 4508 θῦσον
1230 4455 1411 4518 θεοῖς’
1464 4456 1513 4506 εί
1542 4454 1586 4507 δ’
1617 4452 1700 4518 οὒ,

119 4549 375 4619 χαλεπὰς
407 4547 590 4609 ἐπάξω
621 4564 702 4597 σοι
731 4547 1021 4615 τιμωρίας,
1047 4547 1353 4616 πειθομένῳ
1386 4547 1441 4599 δὲ
1475 4545 1571 4608 τὰς
1605 4563 1703 4614 με-

1888 3272 1980 3328 lll.
2009 3272 2299 3340 Postquam
2323 3286 2447 3325 vero
2477 3271 2670 3326 itinere
2703 3271 2950 3327 confecto
2974 3271 3200 3328 Romam
3238 3289 3398 3329 vene-

1821 3375 1976 3426 runt,
2001 3381 2028 3416 a
2067 3364 2313 3416 ﬁdelibus
2345 3363 2584 3430 quidem,
2621 3362 2709 3428 qui
2751 3372 2905 3416 erant
2945 3363 3144 3426 Reme,
3183 3365 3397 3430 agnitus

1815 3453 2092 3521 sigillatim
2143 3453 2208 3506 de
2247 3452 2561 3505 Eleutherio
2593 3451 2774 3503 omnia
2806 3451 3109 3504 annuntiat.
3140 3451 3394 3507 Eleuthe-

1819 3544 1961 3598 riutn
2009 3554 2191 3597 autem
2221 3545 2405 3609 jussus
2455 3544 2795 3610 imperatoris
2839 3543 3137 3609 imperabat
3176 3545 3292 3596 sisti
3327 3545 3394 3597 ad

1820 3638 1960 3691 illius
1991 3635 2246 3690 tribunal.
2279 3633 2371 3686 Ille
2405 3647 2530 3685 vero
2583 3642 2690 3685 tam
2727 3647 2917 3700 magno
2947 3642 2998 3685 et
3029 3633 3244 3688 excelso
3277 3636 3394 3688 ani-

1816 3743 1903 3778 mo
1949 3724 2272 3792 ingreditur,
2305 3739 2366 3777 ac
2394 3724 2437 3777 si
2483 3739 2586 3776 non
2621 3724 2686 3774 ad
2719 3723 3035 3785 certamina,
3076 3724 3167 3774 sed
3217 3725 3280 3775 ad
3314 3725 3395 3777 l‘e-

1817 3827 1960 3870 stum
1996 3823 2394 3867 accerseretur.
2453 3812 2623 3876 Quem
2672 3827 2792 3864 cum
2826 3815 3126 3880 aspexisset
3155 3815 3392 3882 impera-

1817 3918 1921 3971 tor,
1960 3914 2017 3959 ut
2056 3905 2188 3958 vidit
2217 3919 2338 3958 eum
2374 3917 2494 3957 esse
2543 3913 2597 3956 et
2624 3903 2876 3970 juvenem
2909 3912 2962 3956 et
3005 3902 3301 3958 tortuosum
3335 3912 3391 3960 et

1813 3996 2030 4047 virtutis
2087 4001 2406 4045 ornamento
2457 3997 2510 4041 et
2567 3992 2746 4042 animo
2789 3998 2842 4041 et
2889 3989 3056 4042 oculis
3081 3991 3337 4043 decorum
3369 4005 3390 4046 :

1813 4085 1940 4146 Cur,
1988 4083 2182 4152 inquit,
2229 4095 2260 4135 ο
2307 4080 2602 4143 Eleutheri,
2641 4079 2811 4148 patria
2864 4079 3052 4133 relicta
3105 4079 3386 4149 religione,

1814 4179 2034 4232 deorum
2083 4175 2282 4231 cultum
2333 4172 2486 4228 nihili
2535 4171 2766 4235 faciens,
2838 4185 3036 4225 novum
3101 4171 3386 4239 quemdam

1813 4270 1981 4322 Deum
2013 4266 2147 4320 colis
2181 4283 2194 4318 :
2237 4265 2389 4332 isque
2421 4278 2541 4316 cum
2573 4279 2678 4316 non
2707 4263 2881 4316 solum
2915 4264 2988 4315 sit
3029 4275 3212 4330 aperte
3244 4280 3386 4317 mor-

1812 4368 1957 4420 tuus,
1994 4357 2088 4412 sed
2122 4356 2286 4409 etiam
2338 4362 2566 4409 mortem
2612 4351 2843 4406 subierit
2903 4350 3268 4418 turpissimam
3304 4352 3326 4404 ἳ
3361 4370 3378 4403 ι

1813 4447 2157 4501 Eleutherius
2183 4454 2362 4498 autem
2393 4444 2465 4506 ei,
2492 4442 2580 4510 qui
2618 4447 2676 4495 Se
2708 4452 2813 4494 tam
2837 4441 2994 4495 stulte
3018 4441 3257 4511 gerebat,
3287 4456 3385 4496 nec

1815 4540 2246 4608 respondendum
2282 4537 2498 4606 quidem
2560 4549 2682 4588 esse
2726 4534 3040 4597 arbitratus,
3095 4544 3147 4586 et
3181 4533 3383 4601 alioqui

119 4643 320 4708 γίστας
358 4636 581 4705 παρέξω
611 4637 796 4704 τιμάς.
834 4637 941 4686 Καὶ
971 4638 998 4687 ὁ
1047 4636 1386 4703 Ἐλευθέριος
1415 4638 1699 4704 εὐπαρρηο

1820 4636 1984 4700 ipsum
2042 4630 2318 4684 Christum
2366 4629 2418 4680 in
2477 4628 2562 4690 iis,
2597 4639 2712 4690 quae
2760 4639 2855 4690 pro
2883 4622 3099 4676 Christo
3126 4636 3382 4689 passurus

123 4733 406 4791 σιάστως·
444 4727 552 4778 Καὶ
604 4725 720 4789 πῶς
793 4727 878 4788 ἂν,
919 4726 1047 4796 ἔφη,
1105 4725 1369 4789 τοιούτοις
1427 4725 1708 4795 λατρεύσω

120 4823 264 4883 Θεοῖς
289 4860 303 4884 ,
337 4820 374 4886 ἢ
410 4817 538 4872 ἀλλο
582 4817 896 4886 ἀνεχομένῳ
957 4817 1334 4887 συνθήσομαι;
1383 4818 1505 4878 Πῶς
1561 4815 1614 4868 δὲ
1645 4817 1706 4866 οὐ

129 4915 340 4985 μᾶλλον
379 4910 684 4980 ἀποστῆναι
710 4910 915 4962 τούτων
945 4911 1039 4963 καὶ
1064 4911 1190 4978 ὐμίν
1217 4908 1708 4976 συμϐουλεύσαιμι;

125 5003 502 5061 ἀπειθοῦντας
565 5003 619 5052 δὲ
671 4998 926 5067 δακρύσω
959 4998 1057 5066 τῆς
1107 4998 1384 5060 ἀπονοίας,
1448 4997 1528 5049 ὃτι
1568 4997 1710 5065 λόγῳ

130 5100 262 5166 πρδς
292 5094 435 5148 Θεοῦ
471 5092 813 5162 τιμηθέντες,
856 5091 1028 5155 ξύλων
1069 5093 1163 5142 καὶ
1206 5091 1367 5144 λίθων
1394 5089 1709 5157 ἀτιμότεροι

125 5186 542 5254 καθεστήκατε,
577 5181 731 5242 θεοὺς
761 5179 933 5232 ταῦτα
958 5177 1270 5247 ἡγούμενοι,
1305 5177 1397 5228 καὶ
1419 5176 1506 5226 τὸν
1533 5172 1706 5241 ἀληθῆ

127 5278 259 5330 Θεὸν
284 5275 546 5343 ἀφρόνως
575 5272 1065 5338 ἀποστρεφόμενοι,
1106 5269 1162 5328 ὃς
1202 5267 1270 5318 τὰ
1305 5268 1479 5318 πάντα
1503 5265 1710 5334 ῥήματι

127 5368 513 5435 συνεστήσατο
607 5366 701 5415 καὶ
742 5364 889 5430 ἡμᾶς
941 5361 1016 5420 δὲ,
1045 5360 1150 5412 τῶν
1203 5357 1364 5411 αὐτοῦ
1395 5357 1710 5424 κτισμάτων

126 5461 184 5511 τὸ
208 5457 508 5511 κάλλιστόν
533 5474 588 5506 τε
623 5457 713 5508 καὶ
746 5454 1095 5522 τιμιώτατον,
1127 5453 1174 5503 εί
1201 5453 1292 5504 καὶ
1321 5449 1508 5516 ὥσπερ
1535 5452 1590 5500 ἐν
1617 5465 1708 5498 νυ-

130 5552 440 5620 κτομαχίᾳ,
470 5552 527 5600 τὸ
554 5550 708 5616 φίλον
759 5567 815 5599 τε
851 5547 944 5599 καὶ
979 5545 1231 5614 πολέμιον
1264 5543 1585 5612 ἀγνοοῦμεν;
1618 5543 1712 5616 καί

135 5646 270 5715 πρὸς
304 5645 408 5708 μὲν
441 5643 531 5692 τὸν
585 5643 850 5710 ἡμέτερον
909 5640 1185 5708 Δεσπότην
1239 5634 1709 5704 ἐκπολεμούμεθα,

200 5781 219 5808 ²
250 5780 379 5832 Aet.
420 5791 535 5826 v::i.
615 5775 632 5802 ³
679 5773 806 5827 Luc.
849 5788 959 5824 ssi.

1808 4735 1947 4786 erat,
1981 4722 2199 4776 imitans
2227 4719 2405 4774 stabat
2433 4729 2636 4772 tacens.
2670 4734 2689 4768 ι
2723 4714 2829 4771 Sed
2864 4717 3150 4784 responde,
3189 4731 3383 4768 rursus

1809 4816 1942 4870 dixit
1979 4816 2306 4881 imperator:
2349 4812 2448 4877 Qui
2477 4812 2554 4873 lit,
2584 4811 2724 4875 quod
2753 4820 2801 4861 te
2837 4818 2942 4860 tam
2974 4807 3174 4861 stolide
3199 4823 3376 4879 geras,

1806 4915 1860 4959 et
1890 4907 1944 4958 in
1974 4905 2118 4956 hunc
2143 4901 2571 4954 Christianorum
2602 4898 2804 4950 cultum
2835 4897 3082 4950 insanum
3121 4906 3172 4951 te
3199 4897 3381 4950 immi-

1805 4996 1944 5050 seris
1977 4994 1999 5046 ‘.'
2039 5010 2056 5042 ι
2101 4991 2302 5046 Deinde
2337 4990 2670 5058 aliquantum
2703 4991 2984 5043 remittens
3016 4989 3080 5042 de
3109 4989 3379 5040 acerbita-

1806 5097 1861 5141 te
1891 5105 1903 5141 :
1935 5103 1952 5136 ι
1990 5082 2148 5149 Pare,
2182 5082 2373 5151 inquit,
2402 5081 2534 5133 mihi
2563 5091 2615 5132 et
2642 5080 2745 5133 diis
2777 5077 2992 5131 invictis
3023 5077 3284 5132 sacriﬁca.
3319 5078 3377 5132 Si

1812 5183 1956 5233 enim
1993 5189 2288 5245 persuasus
2327 5173 2687 5234 convertaris,
2736 5170 2969 5224 honores
3008 5170 3097 5222 tibi
3130 5172 3377 5237 praebebo

1813 5269 2075 5322 maximos
2111 5285 2122 5320 :
2160 5266 2241 5319 sin
2289 5273 2467 5317 autem
2501 5278 2603 5314 non
2634 5275 2842 5328 pareas,
2889 5260 3202 5328 gravissima
3242 5261 3375 5315 inl'e-

1813 5376 1923 5413 ram
1989 5359 2272 5426 supplicia.
2333 5353 2672 5406 Eleutherius
2731 5367 2857 5405 vero
2934 5350 3161 5404 Domino
3228 5354 3378 5406 invo—

1809 5465 1949 5515 Cato,
2018 5455 2106 5518 qui
2160 5450 2290 5500 dixit
2344 5467 2356 5500 :
2409 5446 2581 5499 Nolite
2641 5460 2758 5498 esse
2807 5443 3059 5508 solliciti,
3108 5447 3373 5510 quomodo

1809 5553 1901 5596 aut
1951 5543 2076 5610 quid
2131 5541 2514 5607 respondeatis.
2566 5526 2784 5589 Dabiiur
2831 5536 2972 5588 enim
3006 5535 3174 5597 vobis,
3205 5538 3376 5600 inquit

1813 5634 1918 5698 ille,
1963 5629 2246 5699 sapientia,
2285 5627 2366 5681 cui
2421 5627 2595 5681 nullus
2654 5626 2849 5694 poterit
2895 5623 3376 5687 rcsistcre’:Quo—
