4212 6440
812 419 905 485 I31

2097 403 2381 463 MENSIS
2414 402 2749 463 APRILIS.

3948 405 4051 466 132

813 530 993 593 modo,
1028 524 1220 595 inquit,
1251 530 1442 592 potero
1482 520 1753 574 sustinere
1794 514 1992 569 talibus
2024 514 2127 567 diis
2156 515 2381 578 servire,
2414 520 2459 576 Α

2414 520 2459 576 Α
2487 513 2613 568 τοὺς
2642 511 2698 563 δὲ
2720 509 2937 578 ἀληθῶς
2964 508 3259 577 πολεμίους
3286 510 3409 573 τοὺς
3432 510 3695 578 δαίμονας
3741 516 3928 581 τιμαῖς
3962 516 4053 568 οι-

817 631 909 677 aut
951 621 1042 673 alii
1090 618 1376 671 sustinenti
1410 613 1679 667 assentiar
1707 607 2039 677 {Quomodo
2070 615 2373 657 autemnon

819 714 987 782 magis
1022 712 1172 765 vobis
1207 707 1567 762 consuluerim
1600 706 1665 757 ab
1686 702 1763 755 eis
1795 701 2028 755 deﬁcere
2065 715 2078 752 :
2106 707 2158 751 et
2196 699 2238 752 si
2268 710 2374 749 non

814 802 1075 873 parcatis,
1106 809 1341 854 vestram
1372 796 1594 850 deﬂeam
1629 794 1944 853 amentiam,
1986 791 2124 859 quod
2171 789 2377 843 ratione

815 912 841 945 a
880 893 987 947 Deo
1024 890 1301 953 honorari,
1332 888 1509 943 ell‘eeti
1554 888 1683 940 estis
1726 886 1945 937 viliores
1974 883 2129 951 lignis
2158 891 2208 934 et
2241 881 2376 946 lapi-

2487 601 2798 673 ραπεύομεν
2829 602 2922 653 καὶ
2943 600 3174 662 θυσίαις.
3209 601 3424 667 Ἔγωγε
3446 600 3538 651 οὖν
3562 601 3656 652 τοῦ
3684 602 3817 670 ἐμοῦ
3844 606 4053 657 Δεσπό-

2483 710 2577 745 του
2612 694 2701 744 ἀεὶ
2757 690 3081 761 περιέχομαι
3145 706 3206 741 τε
3270 691 3364 742 καὶ
3425 691 3768 759 περιέξομαι,
3826 695 4053 763 ἀτιμίας

2485 784 2637 850 ὑμῶν
2669 781 3011 852 περιφρονῶν
3035 782 3127 833 καὶ
3150 782 3336 850 τιμὰς,
3370 782 3464 834 καὶ
3493 782 3550 833 τὸ
3580 782 3872 835 ἀποθανεῖν
3911 786 4053 855 ὑπὲρ

2484 876 2722 947 Χριστοῦ
2753 875 2965 946 τρυφὴν
2988 875 3082 927 καὶ
3111 873 3431 940 ἁγαλλίασιν
3454 874 3621 937 ὅντως
3650 876 3977 945 ἡγούμενος.

814 986 992 1049 dibus,
1018 988 1153 1037 adeo
1186 994 1243 1036 ut
1279 983 1390 1034 haec
1415 983 1543 1034 deos
1564 994 1684 1034 esse
1712 979 1913 1046 putetis
1944 994 1959 1033 :
1994 986 2047 1029 et
2077 991 2180 1028 non
2214 975 2383 1028 solum
2409 986 2554 1036 esse,
2600 973 2696 1026 sed
2730 970 2893 1023 etiam
2931 969 3065 1022 bene
3134 982 3256 1024 esse
3297 968 3619 1023 existimetis
3651 987 3665 1021 :
3735 970 3898 1039 idque
3928 984 4058 1025 vero

816 1079 925 1130 Deo
964 1076 1169 1137 relicto,
1206 1076 1293 1141 qui
1328 1074 1532 1125 ratione
1556 1072 1833 1125 constituit
1868 1068 2217 1122 universum?
2281 1066 2488 1120 Caelum
2561 1064 2703 1117 extim
2765 1073 2819 1116 et
2852 1071 2993 1115 terra
3046 1070 3170 1115 sunt
3233 1076 3368 1129 opus
3400 1077 3592 1115 manus
3634 1062 3799 1117 illius.
3849 1063 4054 1119 Sumus

813 1181 942 1218 vero
974 1180 1070 1219 nos
1093 1180 1159 1217 ex
1192 1164 1274 1225 iis,
1306 1178 1427 1230 quae
1456 1164 1681 1227 creavit,
1715 1176 1847 1227 opus
1881 1159 2297 1227 pulcherrimum
2324 1167 2377 1209 et
2419 1155 2902 1223 pretiosissimum:
2969 1153 3178 1206 etiamsi
3213 1163 3467 1220 tanquam
3537 1156 3589 1207 in
3622 1169 3791 1222 pugna
3830 1164 4057 1207 noctur-

814 1273 881 1308 na
944 1259 1257 1323 ignoramus
1300 1254 1351 1306 id
1402 1254 1542 1321 quod
1584 1262 1665 1305 est
1707 1254 1937 1304 amicum
1972 1261 2026 1303 et
2092 1249 2332 1303 hostile:
2404 1257 2455 1299 et
2496 1246 2754 1300 adversus
2803 1252 3041 1297 nostrum
3085 1244 3299 1311 quidem
3346 1245 3629 1298 Dominum
3680 1246 3872 1299 bellum
3915 1247 4061 1316 geri-

813 1366 933 1403 mus
964 1366 977 1401 :
1013 1364 1104 1402 eos
1132 1358 1329 1411 autent,
1359 1348 1449 1415 qui
1477 1355 1599 1398 sunt
1620 1360 1743 1398 vere
1768 1344 1935 1397 nostri
1966 1343 2168 1396 inimici
2195 1352 2249 1394 et
2275 1341 2457 1393 hostes
2480 1350 2531 1390 et
2566 1337 2860 1397 dtemones,
2886 1335 3127 1403 inquam,
3166 1345 3403 1398 nostros,
3426 1352 3457 1389 ο
3486 1338 3771 1399 insaniam,
3802 1349 4059 1405 putamus

811 1460 934 1500 esse
965 1444 1233 1503 dominos,
1275 1452 1330 1495 et
1357 1456 1448 1495 eos
1481 1440 1776 1493 honoribus
1804 1438 2109 1491 extollimus
2133 1446 2185 1489 et
2214 1434 2515 1488 sacriﬁciis.
2562 1431 2674 1502 Ego
2745 1432 2908 1501 igitur
2943 1430 3170 1486 Domino
3207 1449 3327 1488 meo
3391 1434 3660 1493 adhaereo,
3730 1443 3781 1488 et
3838 1451 4062 1505 semper

812 1539 1123 1599 adhzerebo,
1161 1548 1215 1591 et
1247 1534 1466 1590 Christo
1497 1547 1616 1584 meo
1650 1531 1906 1593 serviam,
1940 1529 2259 1596 ignominias
2312 1537 2520 1582 vestras
2572 1536 2627 1581 et
2686 1528 2940 1592 honores,
2996 1537 3051 1583 et
3077 1529 3171 1584 has
3195 1530 3428 1597 pueriles
3454 1530 3627 1583 larvas
3646 1531 4057 1598 suppliciorum,

814 1631 1100 1687 infantium
1127 1644 1247 1684 esse
1274 1629 1455 1697 plagas
1476 1634 1753 1695 reputans.
1782 1623 1907 1677 Mihi
1935 1625 2101 1688 enim,
2163 1634 2218 1676 ut
2255 1639 2405 1676 meus
2479 1622 2614 1675 dixit
2644 1622 2830 1675 doctor
2865 1622 3082 1689 Paulus,
3120 1633 3264 1677 totus
3296 1626 3523 1677 mundus
3550 1634 3632 1678 est
3663 1626 3976 1689 cruciﬁxus,
4006 1634 4061 1681 et

812 1744 913 1797 ego
946 1724 1144 1780 mundo
1170 1730 1190 1760 ι
1220 1740 1234 1777 :
1267 1732 1322 1777 et
1349 1722 1483 1775 mori
1518 1736 1611 1789 pro
1642 1720 1878 1782 Christo,
1909 1720 2117 1772 deliciae
2153 1720 2279 1771 mihi
2306 1728 2430 1771 sunt
2471 1729 2523 1771 et
2552 1718 2867 1772 exsultatio.
2902 1735 2921 1769 ι

886 1818 976 1873 IV.
1015 1817 1094 1869 Ira
1134 1816 1323 1883 plenus
1351 1828 1437 1881 per
1472 1814 1586 1866 hac
1632 1814 1809 1865 evadit
1836 1812 2145 1878 imperator,
2181 1821 2231 1861 et
2264 1825 2383 1877 gra-
2420 1816 2460 1870 Β

2420 1816 2460 1870 Β
2560 1808 2632 1862 Δ’.
2670 1809 2854 1876 Θυμοῦ
2887 1809 3152 1879 πλήρηςιό
3186 1808 3437 1877 βασιλεὺς
3482 1809 3541 1859 ὲν
3577 1808 3789 1873 τούτοις
3819 1810 4059 1877 γίνεται,

820 1912 1001 1966 batnm
1030 1910 1181 1975 jubet
1217 1905 1397 1958 aﬂ'ert'i
1431 1919 1661 1965 aeneum,
1697 1911 1749 1955 et
1794 1901 1842 1955 ei
1892 1901 2118 1954 multum
2168 1900 2382 1967 quidem

818 1999 961 2068 ignis
994 1996 1262 2052 substerni
1298 2011 1311 2048 :
1354 2008 1515 2063 supra
1567 2008 1688 2046 eum
1716 2003 1890 2043 autem
1927 1992 2123 2043 nudum
2171 1987 2382 2042 extendi

822 2092 1103 2154 athletam,
1137 2099 1190 2141 et
1223 2088 1301 2140 sic
1326 2097 1583 2155 perpetuo
1621 2084 1939 2153 deﬂagrare,
1969 2086 2137 2136 donec
2165 2083 2385 2136 omnino

819 2180 1105 2236 interierit.
1169 2177 1461 2247 Postquam
1521 2178 1702 2233 autem
1751 2178 1863 2227 haec
1905 2178 2013 2227 cito
2058 2175 2195 2226 facta
2240 2179 2381 2239 sunt,

827 2283 1032 2337 martyr
1071 2269 1276 2321 insiluit
1318 2267 1369 2318 in
1423 2272 1705 2334 grabatum
1730 2304 1745 2329 ,
1781 2273 1831 2317 et
1871 2274 2009 2316 lotus
2056 2264 2106 2316 in
2144 2272 2253 2316 toto
2289 2263 2385 2315 fuit

822 2372 1103 2416 extensus.
1139 2359 1342 2413 Civitas
1381 2372 1506 2411 vero
1534 2371 1673 2425 aegre
1714 2356 1889 2409 ferens
1931 2355 1983 2407 id
2012 2356 2149 2422 quod
2186 2354 2385 2405 factum

823 2453 990 2505 fuerat
1021 2452 1230 2520 (omnes
1267 2451 1409 2503 enim
1454 2447 1566 2501 fere
1612 2456 1979 2499 convenerant
2010 2446 2073 2496 ad
2103 2453 2386 2512 spectacu-

824 2544 956 2611 lum)
986 2542 1386 2611 exproprabaut
1432 2539 1744 2607 imperatori
1782 2537 2149 2591 crudelitatem
2190 2554 2201 2589 :
2255 2536 2383 2595 Cur,

825 2636 1087 2695 dicentes,
1114 2632 1195 2685 rir
1220 2632 1353 2684 adeo
1383 2630 1583 2694 clarus,
1611 2644 1913 2699 genereque
1944 2637 1996 2682 et
2020 2629 2280 2696 sapientia
2309 2630 2386 2679 in-

824 2726 1012 2793 signis,
1041 2723 1176 2776 male
1201 2724 1359 2791 perit,
1393 2733 1647 2791 tanquam
1674 2721 1889 2775 infamis
1919 2722 2179 2789 quispiam
2201 2722 2223 2773 Ἰ
2249 2721 2387 2773 Deus

825 2827 1005 2870 autem
1078 2814 1316 2868 dolorem
1368 2814 1970 2881 allevabatesuperis:
2027 2823 2080 2864 et
2136 2824 2385 2879 tanquam

824 2909 1055 2975 quodam
1076 2921 1197 2960 rore
1229 2905 1602 2974 refrigeratus,
1634 2913 1690 2956 et
1719 2905 1769 2952 in
1800 2901 1943 2953 molli
1978 2901 2137 2954 herba
2164 2901 2385 2963 cubans,

829 3005 1035 3065 martyr
1057 2995 1327 3049 sentiebat
1352 2992 1697 3061 voluptatem.
1728 2990 2022 3060 Imperator
2040 3001 2213 3045 autem
2239 3002 2386 3059 post-

825 3102 987 3156 quam
1026 3086 1189 3140 animi
1245 3085 1446 3139 rabiem
1502 3093 1766 3138 tormento
1805 3084 1916 3149 jam
1959 3083 2089 3141 satis
2138 3082 2381 3143 lenierat,

2485 1902 2580 1953 καὶ
2609 1898 2882 1968 κράϐατον
2917 1898 3203 1966 ἐνεχθῆναι
3245 1898 3456 1950 κελεύει
3480 1899 3736 1967 χαλκοῦν,
3773 1895 3833 1953 οὗ
3872 1904 4058 1954 κάτω-

2484 1989 2576 2042 θεν
2602 1990 2700 2057 μὲν
2732 1986 2845 2057 πῦρ
2873 1988 3289 2057 ὑποστρωθῆναι
3319 1988 3475 2050 πολὺ,
3506 1989 3713 2041 ἀνωθεν
3743 1989 3798 2041 δὲ
3836 2008 4061 2059 γυμνω-

2485 2083 2649 2134 θέντα
2684 2080 3007 2150 διαταθῆναι
3030 2080 3121 2132 τὸν
3148 2081 3407 2151 ἀθλητὴν,
3444 2080 3549 2145 ἕως
3578 2081 3641 2133 ἂν
3673 2082 3767 2135 καὶ
3794 2084 3874 2144 εἰς
3900 2083 4060 2144 τέλος

2484 2172 2775 2241 διαφθαρῇ.
2836 2172 2920 2233 Ὠς
2952 2170 3007 2222 δί
3038 2172 3210 2224 ταῦτα
3236 2173 3430 2225 θᾶττον
3460 2174 3693 2241 ἐγίνετο,
3716 2175 3809 2225 καὶ
3847 2176 3874 2226 ὁ
3912 2174 4059 2243 μάρ-

2483 2281 2577 2324 τυς
2616 2263 2747 2323 ὅλως
2783 2262 2889 2331 ὅλῳ
2927 2262 3003 2329 τῷ
3040 2263 3297 2331 κραῦἅτῳ
3327 2265 3637 2330 ὲφήττλωτο,
3680 2265 3729 2315 ul
3755 2265 3895 2317 κατὰ
3924 2265 4059 2316 θέαν

2484 2353 2882 2420 ἀθροισθέντες,
2943 2354 3156 2420 βαρέως
3215 2356 3534 2419 ἐνεγκόντες
3577 2355 3637 2406 τδ
3681 2356 3928 2421 γεγονὸς,
3980 2357 4061 2418 είς

2484 2444 2743 2514 ὠμότητα
2775 2444 3076 2513 ἐλοιδόρουν
3111 2445 3200 2497 τὸν
3236 2444 3485 2511 βασιλέα,
3530 2446 3647 2498 Ἵνα
3682 2442 3757 2509 τί,
3786 2446 4058 2513 λέγοντες,

2485 2536 2621 2606 ἀνὴρ
2647 2536 2787 2589 οὕτω
2849 2538 2994 2605 γένει
3023 2554 3080 2588 τε
3112 2539 3205 2589 καὶ
3236 2539 3398 2607 σοφίᾳ
3446 2539 3827 2608 περίϐλεπτος,
3858 2534 3949 2591 οἶά
3978 2558 4061 2601 τις

2484 2628 2591 2679 τῶν
2660 2627 2868 2695 ἀτίμων
2923 2628 3107 2691 κακῶς
3164 2629 3509 2693 aﬂuent;
3556 2628 3686 2694 Θεὸς
3730 2629 3785 2681 δὲ
3848 2631 4062 2683 ἄνωθεν

2486 2719 2812 2786 ὲπεκούφιζε
2837 2720 2933 2782 τὰς
2968 2714 3180 2783 ὀδύνας,
3219 2723 3313 2774 καὶ
3347 2721 3534 2790 ὥσπερ
3561 2723 3666 2773 τινὶ
3699 2722 4063 2791 μαλακῇ⁷πόᾳ

2489 2812 2581 2862 καὶ
2610 2810 2865 2879 δροσώδει
2906 2813 3335 2879 κατακείμενος,
3373 2814 3545 2873 οὕτως
3587 2817 3614 2865 ὀ
3642 2816 3849 2882 μάρτυς
3874 2816 4063 2864 ἐὐπα-

2488 2901 2594 2953 θῶν
2621 2896 2708 2969 ἦν.
2741 2903 2835 2953 Ὃν
2858 2905 2884 2953 ὸ
2909 2901 3173 2969 τύραννος
3194 2902 3448 2955 τεθνάναι
3478 2901 3783 2963 ὑπολαδὼν,
3822 2902 4061 2970 ἀρθῆναι

2486 2992 2577 3044 τὸν
2605 2993 2812 3044 ἐκείνου
2842 2994 3035 3062 νεκρὸν
3055 2994 3327 3046 ἐκέλευεν.
3361 2994 3447 3057 Ὠς
3471 2994 3527 3046 δι
3552 2995 3649 3061 τῆς
3679 2994 3901 3064 σιδηρᾶς
3940 2994 4062 3045 κλί-

2487 3101 2581 3150 νης
2617 3085 2829 3151 ἐκείνης
2862 3086 3103 3148 ἀναστὰς
3132 3088 3161 3139 ὁ
3202 3087 3438 3156 μάρτυς,
3477 3087 3694 3157 ἀπαθὴς
3745 3082 3813 3158 ἦν
3847 3088 3943 3140 καὶ
3969 3085 4065 3138 εὗ-

824 3178 1141 3230 existimans
1174 3192 1297 3231 eum
1324 3175 1433 3242 jam
1466 3190 1584 3227 esse
1614 3183 1901 3235 mortuum,
1932 3173 2080 3238 iubet
2110 3172 2254 3224 illinc
2282 3174 2383 3223 tol-
2409 3150 2453 3211 C

2409 3150 2453 3211 C
2487 3173 2676 3242 θνμος,
2707 3150 2940 3242 ’Υᾴὼσω
2971 3193 3052 3239 σε,
3070 3178 3097 3227 ὀ
3119 3150 3249 3239 Sed;
3277 3150 3402 3246 μου,
3428 3150 3463 3227 νδ
3488 3150 3750 3239 Βασιλεύς
3768 3150 3905 3246 μου,
3935 3176 4061 3247 μεθ’

827 3267 862 3321 li
912 3266 1053 3319 illius
1106 3278 1321 3332 corpus.
1367 3260 1655 3330 Postquam
1686 3276 1715 3314 e
1748 3260 1886 3314 lecto
1942 3260 2116 3313 ferreo
2156 3260 2389 3312 surrexit

828 3371 1056 3425 martyr,
1093 3370 1197 3410 non
1232 3354 1403 3410 solum
1444 3353 1663 3417 illzsus,
1702 3351 1793 3404 sed
1825 3350 1985 3405 etiam
2024 3348 2174 3402 laetus
2202 3357 2253 3401 et
2278 3348 2391 3401 ala-

827 3466 964 3504 cer:
1002 3448 1265 3502 Extollam
1308 3458 1357 3500 te
1395 3447 1536 3499 Deus
1594 3460 1763 3510 meus,
1798 3443 1908 3497 Rex
1947 3457 2117 3501 meus,
2164 3442 2393 3497 canebat

829 3554 950 3593 cum
997 3538 1214 3607 gaudio,
1262 3543 1319 3592 et
1377 3535 1604 3588 laudabo
1654 3548 1846 3587 nomen
1896 3540 2044 3585 tuum
2113 3540 2392 3599 perpetuo.

829 3630 1085 3685 Laudabo
1135 3629 1328 3693 Deum,
1382 3628 1470 3695 qui
1527 3625 1759 3678 laetiﬁcat
1799 3623 2137 3688 iuventutem
2194 3635 2391 3677 meam.

829 3721 1092 3787 Quoniam
1125 3719 1402 3788 generatio
1434 3725 1486 3771 et
1512 3715 1787 3784 generatio
1815 3713 2053 3766 laudabit
2086 3727 2247 3780 opera
2274 3722 2386 3777 tua,

2483 3263 2675 3330 ἡδονῆς
2706 3264 2925 3329 ἔψαλλε,
2966 3268 3060 3317 καὶ
3090 3267 3288 3319 αίνέσω
3316 3268 3375 3319 τὸ
3402 3268 3573 3336 ὄνομά
3599 3286 3692 3320 σου
3714 3269 3801 3321 διὰ
3826 3270 4063 3332 παντός.

2496 3352 2651 3404 Ἐπεὶ
2710 3352 2766 3405 δὲ
2824 3354 2915 3405 τὸν
2962 3355 3095 3407 Θεὸν
3155 3355 3297 3409 οὕτω
3336 3358 3572 3423 δοξάζων
3608 3359 4065 3429 θαρῤαλεὼτερος

2486 3444 2611 3515 ἑξῆς
2641 3444 2719 3515 τῷ
2748 3448 2997 3516 τυράννῳ
3031 3450 3295 3519 παρίστη.
3324 3450 3525 3520 Βλέψον
3549 3454 3627 3514 είς
3652 3453 3771 3519 ἐμὲ,
3810 3451 4064 3520 βασιλεῦ,

2488 3536 2611 3604 ἔφη,
2646 3537 2704 3589 ὃν
2751 3540 2817 3590 σὺ
2854 3541 3025 3609 scapo;
3073 3542 3235 3609 ἔργον
3290 3542 3545 3609 γενέσθαι
3588 3543 3910 3611 νενόμικας,
3969 3545 4071 3595 καὶ

2495 3627 2650 3689 σύνες
2693 3630 2790 3697 μὲν
2822 3629 2913 3681 τὸν
2944 3633 3036 3683 ὑπ’
3071 3634 3205 3700 ἐμοῦ
3258 3636 3683 3705 κηρυττόμενον,
3711 3634 3977 3703 ἑπίγνωθι
4008 3634 4069 3687 δὲ

2496 3719 2589 3770 καὶ
2616 3720 2722 3771 τῶν
2746 3720 2854 3773 σῶν
2882 3721 3021 3775 θεῶν
3045 3724 3143 3791 τὴν
3167 3725 3470 3781 ἀσθένειαν.

826 3827 879 3872 et
906 3814 1197 3886 potentiam
1242 3822 1387 3865 tuam
1452 3808 1872 3872 annuntiabunt,
1926 3815 1981 3860 et
2048 3808 2307 3861 miracula
2379 3817 2467 3861 tua
2528 3813 2884 3867 narrabunt'.
2916 3812 3205 3882 Postquam
3260 3832 3389 3869 vero
3434 3817 3543 3870 Deo
3604 3819 3682 3873 sic
3739 3818 4066 3887 gloriﬁcato,

829 3907 1087 3963 audacius
1142 3904 1398 3969 deinceps
1448 3903 1617 3954 astitit
1666 3910 1788 3954 ante
1841 3908 2125 3971 tyrannum
2170 3916 2185 3951 :

2245 3900 2439 3969 Aspice
2490 3904 2557 3957 ad
2616 3920 2719 3970 me,
2774 3907 2881 3971 ait,
2946 3923 2979 3963 ο
3037 3908 3364 3978 imperator,
3414 3924 3572 3979 quem
3625 3919 3678 3964 tu
3735 3912 4067 3976 existimasti

830 4007 899 4061 ab
923 4004 1042 4074 igne
1069 3996 1429 4061 exedendum,
1457 4004 1514 4052 et
1535 3995 1771 4063 intellige
1830 4010 1976 4057 eum,
2042 3995 2133 4059 qui
2193 4009 2327 4046 ame
2378 3997 2728 4063 praedicatur.
2782 4002 3027 4071 Agnosce
3070 4015 3247 4056 autem
3300 4011 3512 4058 tuorum
3570 4020 3781 4076 quoque
3838 4010 4068 4067 deorum

833 4092 1279 4149 imbecillitatem.

907 4184 971 4239 ν.
1025 4180 1177 4235 Hanc
1224 4178 1504 4233 audaciam
1545 4186 1600 4231 et
1640 4176 1851 4233 dicendi
1883 4176 2207 4243 libertatem,
2241 4191 2392 4231 suam

832 4291 954 4333 esse
984 4269 1363 4328 contumeliam
1392 4269 1681 4339 imperator
1701 4270 2012 4329 arbitratus.
2033 4278 2087 4324 et
2116 4282 2173 4322 se
2198 4268 2395 4322 victum

2574 4174 2649 4232 E'.
2694 4178 2750 4231 '0
2778 4177 2835 4231 δὲ
2866 4179 3146 4249 τύραννος,
3177 4180 3405 4249 νομίσας
3447 4183 3763 4253 ὑϐρίζεσθαι
3799 4163 3865 4255 τῇ
3918 4193 4071 4259 παῤ-

2505 4269 2670 4341 ρησίᾳ
2696 4268 2784 4322 τοῦ
2814 4268 3108 4340 μάρτυρος,
3149 4272 3242 4324 καὶ
3275 4272 3579 4341 ἡττηθῆναι
3607 4275 3766 4338 δόξας
3798 4277 3873 4344 τῷ
3900 4294 4070 4348 περι-

837 4375 957 4417 esse
983 4361 1255 4431 opinatus,
1288 4359 1432 4427 quod
1474 4367 1934 4420 contemneretur,
1982 4357 2297 4425 supplicimn
2332 4371 2397 4412 eo
2428 4376 2471 4431 ι)

2428 4376 2471 4431 ι)
2502 4361 2753 4430 φρονητῷ
2778 4360 2876 4429 τῆς
2906 4361 3200 4425 κολάσεως,
3229 4364 3453 4428 μείζονα
3480 4364 3682 4433 ταύτης
3710 4369 3803 4418 καὶ
3830 4371 4070 4442 σφοδρς-

837 4455 1109 4520 excogitat
1155 4450 1331 4519 majus
1369 4456 1424 4499 et
1477 4447 1870 4503 vehementius.
1918 4448 2128 4502 Rursus
2175 4463 2303 4519 ergo
2341 4450 2393 4503 in

842 4543 1020 4599 medio
1079 4540 1395 4612 proponitur
1447 4540 1724 4607 craticula,
1772 4540 1893 4610 igne
1942 4541 2154 4611 quidem
2208 4544 2397 4598 subtus

836 4646 1067 4689 accenso
1100 4650 1113 4686 :
1144 4631 1265 4686 oleo
1300 4639 1479 4687 autem
1512 4632 1742 4700 desuper
1772 4646 2013 4699 aspersa,
2047 4641 2101 4686 et
2125 4630 2395 4685 ﬂammam

838 4724 1077 4793 graviter
1108 4722 1429 4775 accendens.
1464 4720 1569 4774 Sed
1601 4736 1665 4773 ne
1696 4733 1822 4773 tunc
1855 4723 2070 4789 quidem
2102 4724 2271 4793 gratia
2305 4734 2397 4774 ne-

840 4814 1006 4885 glexit
1047 4819 1339 4883 martyrem
1370 4827 1385 4865 :
1434 4812 1528 4866 sed
1560 4811 1883 4881 simulatque
1916 4813 2010 4871 fuit
2038 4814 2149 4882 ipse
2176 4812 2396 4881 imposi-

840 4918 929 4961 tus
958 4905 1247 4968 craticula,
1268 4906 1405 4971 ignis
1429 4907 1609 4962 statim
1645 4904 1746 4960 fuit
1784 4907 2104 4968 exstinctus,
2126 4915 2180 4958 et
2206 4904 2397 4959 carbo-

839 5008 935 5051 nes
984 5004 1415 5050 emarcuerunt:
1461 4998 1716 5051 craticula
1779 5011 1929 5058 vero,
1984 5005 2235 5064 tanquam
2288 5010 2393 5049 non

838 5088 1042 5153 oleum,
1078 5088 1169 5141 sed
1199 5103 1332 5157 aqua
1364 5087 1541 5156 potius
1566 5086 1797 5157 desuper
1826 5088 1991 5143 fuisse
2027 5086 2223 5151 infusa,
2280 5086 2393 5154 ipsa

838 5194 1055 5249 quoque
1108 5186 1224 5234 erat
1255 5178 1465 5247 frigida,
1497 5188 1742 5236 sanctum
1777 5193 2105 5233 conservans
2146 5179 2391 5231 illmsum.

837 5271 976 5335 Quid
1000 5285 1126 5326 vero
1148 5270 1169 5324 2
1199 5285 1320 5326 cum
1346 5271 1498 5325 hisne
1517 5271 1615 5325 fuit
1632 5270 1986 5327 exstinctaria
2013 5271 2353 5337 imperatoris
2372 5269 2397 5321 ?

835 5360 1186 5430 Nequaquam
1220 5380 1233 5415 :
1276 5363 1369 5418 sed
1408 5363 1553 5418 rabie
1586 5364 1750 5418 semel
1803 5361 2061 5430 percitus,
2097 5369 2150 5415 et
2188 5360 2253 5413 ad
2289 5361 2391 5414 alia

836 5453 1056 5523 quidem
1114 5454 1279 5508 nihilo
1329 5454 1522 5510 melius
1558 5453 1800 5520 allectus,
1837 5470 1999 5524 quam
2030 5467 2204 5508 caecus
2250 5471 2263 5506 :
2327 5452 2391 5504 ad

840 5544 943 5600 hoc
972 5553 1153 5599 autem
1184 5546 1355 5600 solum
1382 5547 1620 5607 intuens.
1641 5558 1698 5601 ut
1725 5551 1829 5604 diis
1858 5552 1970 5603 suis
1998 5549 2393 5618 gratiﬁcaretur

839 5634 895 5689 in
918 5645 1104 5691 sancto
1132 5638 1421 5705 puniendo,
1449 5640 1540 5709 qui
1563 5639 1782 5708 quidem
1809 5651 1930 5695 sunt
1953 5642 2173 5695 omuin
2191 5641 2391 5695 daemo-

909 5770 932 5801 "
954 5771 1126 5825 Galat.
1164 5789 1237 5828 Vt.
1313 5775 1333 5805 '
1365 5774 1503 5829 Psal.
1532 5790 1709 5832 cxuv.

2496 4453 2661 4521 τέραν
2684 4453 2906 4503 ἐπινοεῖ.
2978 4451 3219 4520 Ἐσχάρα
3264 4450 3393 4517 γοῦν
3440 4454 3498 4505 ἂν
3546 4455 3695 4525 μέσῳ
3722 4461 4068 4527 προτίθεται,

2497 4543 2629 4611 πυρὶ
2664 4541 2763 4611 μὲν
2797 4540 3043 4595 κάτωθεν
3096 4541 3477 4616 διακαιομίνη,
3525 4547 3691 4619 ἐλαίῳ
3737 4550 3793 4603 δὲ
3848 4553 4070 4607 ἄνωθεν

2495 4631 2909 4704 διαδρεχομένη,
2958 4634 3053 4687 καὶ
3105 4636 3203 4706 τὴν
3242 4637 3414 4706 φλόγα
3476 4640 3665 4704 δεινῶς
3725 4644 4065 4707 ὲξάπτουσα.

2496 4723 2641 4788 Πλὴν
2694 4722 2815 4776 οὐδὲ
2866 4724 2985 4777 τότε
3014 4726 3109 4779 τοῦ
3143 4728 3422 4797 μάρτυρος
3471 4731 3502 4798 ὴ
3536 4731 3694 4799 χάρις
3724 4734 3953 4801 ἡμέλεν
3988 4739 4069 4801 ὡς

2496 4815 2602 4885 γὰρ
2632 4814 2914 4868 ἐπετίθετο
2936 4821 3001 4887 τῇ
3038 4818 3269 4888 ἐσχάρᾳ,
3290 4819 3349 4871 τὸ
3368 4820 3479 4887 πῦρ
3508 4821 3712 4885 εὐθέως
3748 4825 4070 4895 ἐσϐέννυτο,

2496 4907 2591 4958 καὶ
2620 4908 2668 4958 oi
2696 4906 2966 4975 ἄνθρακες
2992 4910 3357 4977 ἆμαραίνοντο
3376 4926 3388 4939 ⁶
3418 4912 3450 4982 η
3486 4913 3693 4985 ισχάρα
3732 4915 3812 4979 δὲ,
3848 4916 3922 4980 ὠς
3960 4920 4072 4973 οὐκ

2496 4994 2675 5047 ελαίου
2702 4997 2903 5065 μᾶλλον
2941 4998 3055 5049 ἀλλ’
3112 4998 3302 5064 ὕδατος
3337 5002 3713 5073 ὶπιχεομένου,
3744 5007 3925 5077 ψυχρὰ
3970 5015 4071 5065 καὶ

2496 5085 2631 5157 αὑτὴ
2680 5083 2767 5157 ἦν,
2810 5089 2995 5141 κακῶν
3024 5091 3208 5161 ἀπαθῆ
3245 5092 3574 5163 διατηροῦσα
3631 5098 3722 5149 τὸν
3764 5099 3938 5163 ἅγιον.
4002 5104 4071 5156 Τί

2493 5175 2549 5228 δέ
2578 5194 2593 5243 ;
2632 5176 2954 5229 συνέσὸεστο
2984 5182 3190 5239 τούτοις
3231 5180 3336 5248 ἄρα
3367 5183 3457 5232 καὶ
3485 5183 3513 5233 δ
3543 5183 3632 5235 τοῦ
3666 5183 3928 5253 βασιλέως
3964 5190 4065 5243 Ou.

2497 5266 2629 5335 μός;
2694 5267 3004 5333 Οὗμενοῦνσ
3082 5268 3239 5330 αὖθις
3289 5272 3398 5341 γὰρ
3463 5274 3749 5347 ἐνεχθῆναι
3819 5281 4070 5347 τήγανον

2494 5358 2843 5428 προστάττει,
2900 5360 3068 5429 κηρόν
3122 5378 3178 5414 τε
3228 5364 3320 5415 καὶ
3374 5365 3592 5430 πίσσαν,
3654 5371 3746 5421 καὶ⁸
3802 5370 3977 5441 στέαρ
4014 5377 4071 5425 εν

2494 5450 2641 5520 αὑτῷ
2673 5450 3029 5521 ἑμόληθῆναι,
3057 5453 3189 5522 πυρὶ
3209 5453 3265 5506 δὲ
3292 5455 3471 5524 πολλῷ
3506 5459 3768 5529 δκκαῆναι
3786 5460 4066 5527 κάτωθεν,

2494 5545 2585 5597 καὶ
2607 5543 2797 5609 ,οὕτως
2829 5547 2886 5595 ὲν
2919 5544 3068 5613 αὑτῴ
3094 5547 3258 5599 πάλιν
3302 5548 3620 5621 διαταθῆναι
3654 5552 3743 5605 τὸν
3776 5555 4066 5625 μάρτυρα.

2506 5637 2590 5698 Ὠ,
2617 5634 2710 5690 οὖν
2744 5636 2902 5707 ἔργον
2942 5635 3132 5705 γέγονε
3163 5637 3221 5691 τὸ
3261 5641 3708 5711 κεκελευσμένον,
3739 5647 3829 5698 καὶ
3863 5645 3923 5697 τὸ
3960 5646 4066 5710 τή-
