4212 6440
181 368 284 434 133

1379 366 1416 423 ν
1431 365 1553 422 lTA
1590 365 1651 424 S.
1690 363 2195 425 ELEUTHERII.

3318 370 3422 438 134

177 504 341 558 γανον
380 486 499 538 ὅλον
531 480 882 552 ἀνθρακῶδες
932 477 1019 550 ἦν,
1060 479 1243 529 ἵστατο
1277 479 1331 530 δὲ
1365 477 1459 530 καὶ
1485 478 1512 531 ὁ
1547 478 1758 547 μάρτυς

1866 491 1960 532 nes
1995 479 2302 547 homicidae,
2344 493 2534 534 rursus
2559 478 2712 546 jubet
2745 478 2930 535 atferri
2969 483 3318 554 sartaginem,
3351 503 3441 546 ee‘

173 581 274 648 τὴν
311 575 583 646 τιμωρίαν
609 571 1023 639 ὑποδεξάμενος,
1057 570 1084 618 ὁ
1121 567 1382 636 τύραννος
1414 567 1583 620 πολλὰ.
1610 583 1752 638 παρ·

177 669 399 728 αινὲσας
429 663 596 732 αὐτῷ,
633 660 908 720 ποικίλαις
932 676 988 710 τε
1019 657 1304 718 κολακίαις
1341 657 1610 722 ὑπελθὼν,
1637 657 1759 709 ἐπεὶ

175 757 512 816 ἀπειθοῦντα
547 735 714 823 ἐώρα,
744 753 835 802 καὶ
859 751 957 811 τὰς
1000 749 1261 809 κολακίας
1288 749 1560 816 εὐστόχως
1599 748 1759 816 ὕϐρε-

178 869 263 903 σιν
295 848 662 917 ἀμειϐόμενον
701 841 904 912 (λύκον
934 841 1040 908 γὰρ
1093 841 1386 910 Ἀραϐικὸν
1418 839 1605 891 τοῦτον
1635 840 1762 893 ἐκά-

176 944 281 1003 λει,
313 942 404 993 ἅτε
439 941 546 999 τοῖς
581 938 673 989 τοῦ
700 935 936 1004 Χριστοῦ
969 935 1262 1005 προϐάτοις
1294 932 1758 1000 ἐπιϐουλεύοντα),

176 1033 256 1100 τῷ
292 1032 509 1100 τηγάνῳ
533 1031 694 1081 αὑτὸν
728 1028 939 1080 κελεύει
967 1027 1310 1097 διαταθῆναι.
1370 1025 1545 1087 Εὐθὺς
1575 1021 1668 1077 οῦν
1693 1026 1761 1077 τὰ

179 1126 317 1176 αὐτὰ
348 1127 460 1185 τοῖς
492 1123 776 1191 προτέροις
813 1120 1194 1189 ἐπηκολούθει,
1230 1122 1325 1172 καὶ
1357 1119 1756 1189 μεταϐάλλεται

181 1220 282 1283 μὲν
314 1217 390 1276 εἰς
422 1215 610 1282 δρόσον
641 1213 701 1264 τὸ
726 1212 858 1283 πῦρ,
894 1211 1037 1284 αὖρα
1071 1213 1126 1265 δὲ
1164 1229 1248 1274 τις
1299 1210 1490 1282 ἡδίστη
1516 1209 1608 1262 τδν
1638 1227 1762 1277 75v-

180 1310 335 1358 ναῖον
362 1303 655 1372 ἀνέψυχεν.

1859 586 2088 639 ramqne
2115 581 2169 626 et
2211 573 2408 640 picem,
2455 583 2509 627 et
2542 573 2755 642 adipem
2791 575 2841 628 in
2875 589 2994 628 eam
3047 575 3220 644 injici,
3265 582 3438 636 multo

1861 676 1987 715 vero
2015 664 2135 730 igne
2166 665 2357 718 subtus
2385 664 2629 728 accendi,
2655 673 2708 718 et
2736 665 2887 718 sicin
2908 680 2969 719 ea
3001 681 3186 721 rursus
3219 673 3439 724 extendi

1863 763 2182 824 martyrem.
2226 755 2515 824 Postquam
2549 772 2679 825 ergo
2712 756 2912 810 factum
2946 757 3068 821 fuit,
3096 762 3235 828 quod
3261 761 3444 814 fuerat

1861 845 2212 915 imperatum,
2257 857 2312 901 et
2369 858 2593 916 sartago
2633 859 2742 904 tota
2798 862 2917 903 erat
2968 853 3252 908 candens:
3290 855 3444 907 stetit

1859 947 2042 991 autem
2093 952 2300 1009 martyr
2346 955 2563 1008 quoque
2612 942 2890 994 subiturus
2950 942 3316 1011 supplicium:
3364 944 3444 1000 No

1859 1027 2099 1090 dilferas,
2134 1029 2308 1096 inquit
2359 1032 2676 1096 imperator,
2723 1045 2756 1082 ο
2807 1029 3109 1096 Eleutlteri,
3141 1043 3255 1087 stas
3295 1035 3443 1088 enim

1862 1121 2070 1174 medius
2104 1122 2248 1174 inter
2279 1133 2508 1175 murtem
2566 1132 2618 1175 et
2661 1124 2846 1186 vitam,
2880 1139 3008 1176 cura
3055 1126 3105 1177 id
3154 1129 3298 1193 quod
3348 1126 3444 1180 libi

1862 1208 2100 1263 futurum
2135 1220 2220 1265 est
2249 1213 2608 1267 conducibile.
2639 1212 2769 1267 Nam
2809 1230 2908 1283 ego
2939 1216 3153 1284 quidem
3191 1231 3443 1286 magnam

1864 1303 1939 1356 tui
1973 1318 2157 1355 curam
2202 1321 2419 1373 gerens,
2457 1320 2520 1356 ne
2555 1306 2696 1358 male
2723 1321 2934 1375 pereas,
2972 1309 3021 1360 in
3066 1317 3120 1362 te
3157 1324 3277 1362 sum
3307 1308 3444 1362 affe-

178 1408 320 1458 ctus,
360 1406 612 1463 tanquam
647 1395 696 1447 in
731 1407 1046 1462 germanum
1071 1390 1236 1444 filium
1269 1407 1283 1443 :
1323 1405 1419 1444 nec
1448 1388 1638 1444 vellem
1703 1405 1798 1455 per
1837 1391 1988 1454 deos,
2024 1395 2197 1447 virum
2223 1406 2330 1447 tam
2369 1397 2534 1448 nobili
2577 1397 2696 1451 loco
2729 1407 2939 1462 uatum,
2976 1409 3031 1451 et
3067 1400 3157 1466 qui
3186 1408 3270 1454 est
3331 1399 3447 1466 ipse

179 1495 318 1544 adeo
353 1495 542 1550 bonus,
588 1499 693 1540 tam
726 1489 960 1540 disertus
987 1526 1000 1547 ,
1043 1495 1096 1539 et
1141 1494 1247 1537 tam
1300 1485 1519 1552 pulchra
1565 1485 1764 1550 specie,
1808 1485 2050 1552 seipsum
2123 1489 2522 1543 inconsiderate
2552 1490 2772 1556 injicere
2834 1493 2883 1545 in
2916 1493 3212 1559 periculum
3245 1510 3258 1546 :
3288 1494 3448 1559 idque

180 1598 405 1654 promer
436 1583 568 1636 nihil
600 1584 742 1634 aliud
761 1596 921 1650 qualn
954 1577 1543 1647 propterpervicaciam
1606 1591 1795 1631 vanam
1837 1592 1890 1632 et
1925 1581 2190 1634 inutilem.
2256 1577 2745 1648 Pnstqnamautem
2778 1587 2928 1638 stetit
2951 1595 3158 1654 martyr
3189 1588 3450 1640 adversus

187 1685 303 1736 ha-e
342 1695 600 1748 generose
647 1678 955 1739 decertans,
999 1686 1120 1742 apte
1165 1676 1377 1742 probris
1412 1690 1768 1729 remunerans
1805 1677 2116 1738 blanditias,
2185 1687 2237 1729 et
2281 1678 2427 1728 illum
2507 1677 2689 1744 lupum
2738 1682 3017 1746 appellans
3046 1682 3359 1748 Arabicnm,
3390 1691 3450 1734 ut

180 1777 273 1844 qui
337 1774 526 1824 nvibus
570 1770 772 1824 Christi
809 1769 1116 1832 insidietur,
1151 1769 1365 1820 tandem
1407 1768 1520 1821 haec
1586 1782 1804 1836 quoque
1844 1769 2038 1837 adjecit
2066 1785 2080 1821 :
2107 1768 2375 1836 Quidquid
2444 1768 2660 1837 feceris,
2681 1786 2785 1825 non
2821 1772 2951 1826 mibi
2987 1775 3358 1845 persuadebis,
3389 1784 3451 1829 ut

182 1871 253 1922 ab
289 1869 388 1920 huc
419 1868 503 1935 pia
530 1875 584 1919 et
607 1866 762 1916 beata
793 1865 1046 1915 desistam
1075 1863 1401 1916 cnnstantia.

254 1958 346 2026 ς’.
392 1955 668 2026 Ἀδριανὸς
721 1953 775 2005 δὲ
826 1956 1044 2006 πάντων
1086 1952 1236 2021 αὐτῷ
1295 1955 1426 2021 πρὸς
1457 1953 1768 2006 τούναντίον
1803 1957 1842 2013 Β

185 2050 627 2121 μεθισταμένων,
693 2046 915 2112 ἀπορῶν
952 2045 1206 2110 ἐκάθητο,
1253 2043 1444 2112 ϐαθείᾳ
1492 2044 1638 2114 λύπῃ
1665 2044 1765 2114 τὴν

181 2142 432 2209 γλῶτταν
473 2136 852 2204 πεπεδημένος
875 2152 887 2165 ο
916 2135 976 2186 ὃν
1032 2134 1155 2186 ἰδὼν
1194 2134 1367 2197 οὕτως
1397 2136 1593 2204 ἔχοντα
1624 2139 1650 2189 ὁ
1673 2153 1768 2206 τη-

181 2230 412 2286 νικαῦτα
445 2231 541 2298 τῆς
581 2229 788 2289 πόλεως
811 2226 1074 2295 ἔπαρχος,
1107 2226 1375 2296 Κορέμων
1398 2228 1546 2295 αὐτῷ
1576 2228 1765 2298 δνομα,

181 2325 352 2384 δεινὸς
379 2323 433 2374 δὲ
468 2318 625 2383 οῧτος
670 2320 939 2389 βασάνους
975 2319 1221 2389 ἐξευρεῖν
1257 2320 1600 2390 καινοτέρας,
1631 2322 1768 2375 ἀλλὰ

183 2416 278 2469 καὶ
307 2416 374 2467 τα
423 2415 567 2465 κατὰ
624 2414 716 2465 τὸν
747 2413 1127 2481 στρατηλάτην
1186 2411 1398 2481 Φίληκα
1429 2414 1636 2482 μαθὼν,
1677 2417 1768 2466 καὶ

182 2507 285 2577 ἠδη
313 2505 411 2574 μὲν
437 2505 729 2574 σπέρματα
762 2505 860 2573 τῆς
892 2503 1000 2554 τῶν
1033 2504 1379 2572 Χριστιανῶν
1431 2505 1663 2566 πίστεως
1690 2507 1768 2565 είς

185 2599 413 2666 καρδίαν
434 2597 750 2663 δεξάμενος,
786 2595 866 2646 ἔτι
889 2593 944 2646 δὲ
978 2593 1086 2644 τῶν
1124 2594 1458 2660 Ἑλληνικῶν
1487 2596 1765 2662 ἐχόμενος,

187 2691 278 2741 καὶ
331 2687 410 2756 τῷ
467 2686 675 2756 βασιλεί
736 2683 1140 2754 χαριζόμενος·
1208 2680 1366 2744 οὗτος
1423 2685 1488 2753 δὴ
1525 2687 1643 2737 τότε
1677 2690 1768 2740 τὸν

197 2780 474 2847 Ἀδριανδν
493 2774 860 2846 διαποροῦντα
894 2775 1062 2843 ὁρῶν,
1092 2776 1410 2846 προσελθών
1447 2793 1458 2806 ·
1514 2776 1654 2843 Ἐγὼ
1685 2793 1765 2841 σε,

187 2876 343 2942 φησὶ,
401 2869 649 2940 βασιλεῦ,
691 2868 991 2932 ἀπαλλάξω
1021 2868 1388 2939 πραγμάτων,
1431 2869 1523 2919 καὶ
1558 2868 1769 2920 τουτον)⁹

185 2966 275 3015 τον
300 2965 420 3013 νέον
446 2960 642 3024 διδάξω
673 2959 764 3012 τὸν
799 2958 1132 3011 ἀπειθοῦντά
1160 2975 1242 3010 σοι
1269 2959 1342 3026 μὴ
1363 2957 1620 3019 τοιούτοις
1644 2960 1768 3009 ἐπι-

185 3059 410 3124 χειρεῖν,
456 3053 590 3103 ἀλλὰ
627 3053 719 3102 καὶ
752 3049 1006 3110 κλίϐανος
1064 3050 1162 3117 μὲν
1203 3050 1480 3118 ὲνεχθήτω
1510 3050 1768 3117 χαλκοῦς,

184 3143 455 3197 ὀϐελίσκοι
489 3142 545 3194 δὲ
571 3142 710 3205 ὀξεῖς
743 3139 826 3208 ἐφ’
850 3139 1092 3208 ἑκάτερα
1116 3137 1226 3190 τῶν
1258 3139 1439 3208 μερῶν
1476 3138 1645 3190 αὑτοῦ
1673 3142 1769 3207 ἐμ-

187 3238 545 3304 παγήτωσαν,
588 3235 680 3286 καὶ
739 3232 859 3301 ὕψει
911 3231 1034 3284 ὅσον
1101 3229 1256 3284 οὔπω
1292 3230 1384 3283 τὸν
1431 3230 1766 3300 Ἐλευθέριον

186 3328 218 3394 ἦ
258 3327 575 3395 πειθόμενον
602 3326 634 3396 ἢ
660 3324 844 3385 κακῶς
868 3323 1264 3392 ἀπολλύμενον.
1299 3323 1487 3376 Ταῦτα
1516 3324 1570 3376 δὲ
1595 3323 1768 3390 λέγων

187 3419 450 3472 ἐλάνθανε
490 3419 582 3470 τὸν
628 3417 817 3468 λέοντα
867 3416 1054 3483 φοϐεῖν
1097 3416 1347 3482 καλάμου
1394 3416 1630 3484 πληγαῖς
1665 3417 1772 3469 οίό-

190 3528 374 3580 μενος.
411 3512 601 3578 Ὅμως
657 3507 859 3576 ἤρεσκε
918 3508 1096 3560 ταῦτα
1131 3505 1208 3576 τῷ
1266 3505 1498 3575 βασιλεῖ,
1534 3506 1630 3558 καὶ
1678 3507 1770 3559 τοῦ

189 3601 584 3672 μηχανήματος
620 3599 822 3670 σπουδῇ
855 3597 1226 3663 τελεσθέντος,
1260 3599 1399 3669 ἄρας
1426 3599 1552 3661 τοὺς
1585 3615 1774 3667 φαινο-

190 3695 384 3762 μένους
439 3690 554 3759 ἅμα
612 3691 706 3743 καὶ
754 3694 882 3752 τοὺς
932 3692 1160 3759 ἀφανεῖς
1191 3690 1530 3759 ὀφθαλμοὺς,
1558 3691 1774 3743 καὶτὸν

185 3782 310 3835 νοῦν
334 3783 453 3836 ὅλον
482 3785 562 3845 εἰς
593 3780 860 3852 οὐρανοὺς
901 3781 1204 3851 άπερείσας
1227 3797 1241 3811 °
1301 3781 1629 3851 Εὑχαριστῶ
1668 3798 1772 3845 σοι,

185 3872 314 3942 ἔφη,
343 3874 513 3942 Κύριε
557 3874 734 3943 Ἰησοῦ
764 3873 967 3942 Χριστὲ
995 3875 1090 3926 καὶ
1120 3872 1244 3936 est,
1297 3873 1379 3926 ὅτι
1410 3873 1673 3926 τοιούτων
1706 3891 1772 3943 με

188 3967 282 4018 καὶ
315 3965 588 4016 τοσούτων
621 3964 842 4030 ἀγαθῶν
873 3963 1136 4032 ἠξίωσας,
1198 3965 1280 4015 ὅτι
1341 3965 1485 4034 χειρὶ
1537 3965 1774 4032 κραταιᾷ

188 4074 283 4109 σου
322 4055 552 4124 δύναμιν
596 4053 960 4124 περιέζωσας,
1001 4055 1083 4106 ὅτι
1118 4053 1260 4124 ὑπὲρ
1300 4053 1394 4105 σοῦ
1419 4052 1642 4107 τοιαῦτα
1665 4054 1774 4107 πά·-

187 4165 341 4215 σχειν
366 4146 665 4213 εὐδόκησας
687 4163 698 4174 ·
738 4146 830 4218 καὶ
863 4144 958 4197 νῦν
992 4144 1290 4212 ὲπίϐλεψον
1318 4145 1376 4210 ἐξ
1399 4144 1650 4216 οὐρανοῦ,
1680 4145 1775 4197 καὶ

188 4241 263 4292 ῖδε
293 4232 382 4291 οἷα
415 4237 794 4289 τεκταίνουσιν
829 4238 877 4288 οἱ
912 4235 1196 4302 μισοῦντές
1225 4252 1283 4286 σε
1323 4236 1442 4288 κατ’
1467 4235 1624 4303 ἐμοῦ,
1681 4235 1775 4285 καὶ

187 4329 355 4401 ῥῦσαι
411 4329 519 4383 ἀπὸ
570 4329 757 4398 βέλους
785 4328 972 4381 αὐτῶν
1013 4327 1113 4398 τὴν
1145 4326 1324 4397 ψυχήν
1357 4345 1482 4398 μου,
1517 4328 1602 4380 ἵνα
1625 4327 1772 4379 [iam

186 4423 416 4485 πάντες,
447 4422 527 4474 ὅτι
562 4421 704 4493 πλὴν
749 4419 843 4474 σοῦ
874 4419 976 4472 οὐκ
1009 4419 1123 4473 ἐστι
1165 4420 1321 4484 Θεός.
1357 4416 1488 4472 Εἶτα
1512 4420 1605 4472 καὶ
1635 4419 1774 4490 ὑπὲρ

188 4513 301 4565 τῶν
363 4513 722 4577 κολαζόντων,
781 4512 974 4583 ὥσπερ
1007 4511 1165 4572 ἄλλος
1195 4527 1277 4573 τις
1318 4511 1591 4577 Στέφανος
1631 4510 1773 4578 ὑπὲρ

1948 1950 2034 2002 Vl.
2071 1950 2168 2003 Hic
2198 1950 2469 2003 Adrianus
2493 1951 2675 2004 animo
2702 1952 3196 2016 sauciatus,verbis
3224 1955 3450 2024 relictis,

1869 2041 1934 2094 ad
1979 2042 2118 2093 facta
2153 2056 2212 2093 se
2237 2042 2486 2104 contulit,
2517 2051 2570 2094 et
2615 2040 2771 2109 jubet
2813 2057 2938 2094 eum
2983 2045 3198 2097 extendi
3249 2047 3298 2098 in
3329 2062 3449 2100 sar-

1871 2135 2070 2202 tagine.
2099 2131 2252 2197 Quod
2286 2148 2409 2186 cum
2444 2133 2644 2187 factum
2682 2145 2848 2199 esset,
2872 2135 3085 2201 eadem,
3117 2153 3238 2206 qua:
3275 2144 3446 2209 prius,

1869 2241 2060 2279 rursus
2104 2235 2230 2279 sunt
2277 2237 2566 2279 consecuta
2606 2243 2620 2279 :
2659 2236 2714 2281 et
2747 2227 2887 2293 ignis
2940 2231 3157 2298 quidem
3206 2241 3450 2288 mutatur

1872 2315 1926 2369 in
1968 2332 2144 2369 rorem
2187 2333 2200 2369 :
2235 2330 2368 2368 aura
2407 2330 2537 2369 vero
2585 2318 2829 2385 quaedam
2887 2322 3209 2374 suavissima
3251 2323 3444 2377 fortem

1870 2425 1933 2463 ac
1965 2423 2290 2476 generosum
2324 2409 2503 2462 virum
2555 2409 2918 2478 refrigeravit.
2946 2413 3220 2470 Adrianus
3265 2428 3444 2472 autem

1869 2503 2137 2563 nesciens,
2174 2501 2303 2568 quid
2353 2509 2562 2568 ageret,
2599 2517 2722 2556 cum
2771 2504 2819 2558 ei
2870 2514 3211 2561 mutarentur
3263 2510 3450 2565 omnia

1868 2594 1920 2645 in
1962 2594 2318 2654 contrarium,
2351 2593 2575 2646 sedebat
2626 2593 2792 2649 animi
2841 2596 3057 2659 dubius,
3113 2601 3303 2653 bovem
3348 2603 3450 2655 ha-

1870 2684 1999 2738 bens
2053 2683 2104 2736 in
2175 2684 2377 2753 lingua,
2442 2693 2500 2736 ut
2557 2683 2779 2751 dicitur,
2833 2694 2888 2740 et
2936 2687 3175 2755 linguam
3235 2691 3452 2746 vinctus

1868 2779 2134 2850 profundo
2173 2780 2379 2833 dolore.
2431 2781 2600 2845 Quem
2643 2795 2767 2834 eum
2817 2781 3045 2835 vidisset
3087 2781 3166 2836 sic
3198 2782 3448 2840 allectum

1871 2870 1936 2932 is,
1957 2869 2046 2936 qui
2073 2882 2198 2921 tunc
2225 2878 2340 2921 erat
2367 2869 2652 2936 prznfeetus
2678 2870 2851 2933 urbis,
2871 2871 3086 2924 nomine
3116 2873 3325 2928 Corebo
3348 2875 3448 2944 (‘2),

1869 2965 1932 3015 ad
1983 2979 2118 3015 nova
2169 2962 2490 3014 invenienda
2536 2971 2804 3016 tormenta
2853 2966 2935 3016 vir
2978 2967 3251 3035 egregius,
3290 2979 3346 3022 et
3381 2971 3449 3024 ad

1871 3054 2176 3108 faciendum
2248 3052 2474 3120 aliquid,
2533 3053 2678 3122 quod
2738 3056 3000 3110 adversus
3062 3059 3444 3116 necessitatem

1867 3155 2012 3198 esset
2038 3159 2161 3200 acre
2193 3154 2246 3200 et
2275 3144 2458 3199 efficax
2509 3146 2650 3217 (erat
2679 3154 2856 3200 autem
2889 3145 3188 3204 Christiani
3223 3150 3448 3221 dogma-

1875 3235 1944 3287 tis
1979 3253 2083 3288 nnn
2117 3237 2340 3288 omnino
2372 3236 2715 3303 ignarus,sed
2746 3246 2799 3289 et
2825 3252 2946 3305 qua:
2973 3236 3136 3293 Felici
3171 3243 3449 3298 exercitus

1875 3324 1995 3378 duci
2025 3325 2363 3389 acciderant,
2391 3326 2570 3380 verbis
2593 3335 2896 3394 acceperat,
2929 3336 2983 3381 et
3011 3327 3447 3386 Christianorum

1875 3416 1997 3469 fidei
2065 3413 2227 3468 veluti
2287 3415 2530 3483 quaedam
2589 3415 2795 3469 semina
2859 3424 2913 3470 et
2965 3417 3117 3477 initia
3178 3421 3229 3474 in
3287 3421 3453 3476 corde

1873 3517 2161 3574 acceperat
2200 3523 2212 3558 :
2251 3508 2427 3561 adhuc
2475 3521 2602 3562 vero
2650 3506 2966 3561 sectabatur
3021 3522 3109 3562 res
3146 3510 3446 3578 gentilium,

1872 3596 2086 3666 plurimi
2130 3597 2331 3651 faciens
2364 3597 2540 3651 colere
2590 3607 2644 3652 et
2680 3596 2970 3652 observare
3019 3598 3451 3668 imperatorem),

1881 3688 1998 3753 ipse
2045 3696 2222 3739 autem
2275 3698 2398 3740 tunc
2440 3687 2629 3741 videns
2662 3686 2956 3740 Adrianum
3002 3687 3363 3756 dubitantem,
3400 3700 3456 3746 et

1877 3778 2206 3832 nescientem
2243 3780 2513 3846 quomodo
2553 3794 2612 3832 se
2664 3778 2717 3831 in
2773 3789 3021 3833 sanctum
3071 3790 3307 3849 gereret,
3355 3797 3449 3835 ac-

1875 3868 2072 3920 cedens
2121 3883 2135 3919 :
2195 3864 2303 3936 Ego
2352 3876 2424 3931 te,
2465 3865 2662 3935 inquit,
2695 3881 2729 3920 o
2775 3866 3089 3936 imperator,
3133 3868 3375 3925 liberabo
3414 3886 3449 3925 a

1874 3955 2121 4022 negotiis,
2142 3965 2192 4009 et
2221 3957 2361 4010 hunc
2395 3956 2668 4025 juvenem,
2701 3955 2791 4024 qui
2829 3965 3092 4025 repugnat
3126 3957 3229 4012 tuis
3252 3957 3446 4024 jussis,

1873 4045 2076 4099 docebo
2116 4060 2393 4112 nunquam
2445 4047 2549 4098 tale
2585 4045 2714 4112 quid
2766 4045 3005 4116 aggredi.
3049 4046 3154 4098 Sed
3208 4047 3455 4104 clibanus

1875 4147 2091 4215 quidem
2153 4146 2421 4200 inferatur
2478 4160 2664 4201 aeneus
2721 4163 2736 4200 :
2789 4143 2937 4199 acuti
2988 4153 3166 4198 autem
3226 4145 3452 4201 obelisci

1874 4235 2231 4303 inliganturin
2253 4244 2480 4302 utraque
2495 4233 2610 4302 ejus
2629 4243 2799 4301 parte,
2819 4240 2872 4284 et
2892 4245 3014 4285 mox
3035 4234 3175 4288 scies
3194 4232 3450 4289 Eleuthe-

1876 4327 2015 4382 rium
2046 4336 2136 4380 aut
2158 4324 2407 4396 paruisse
2425 4334 2516 4379 aut
2542 4325 2679 4380 male
2699 4324 2945 4395 periisse.
2960 4322 3083 4380 litec
3101 4338 3227 4380 vero
3242 4324 3453 4393 dicens,

1876 4435 1983 4474 non
2018 4419 2484 4473 animadvertebat
2514 4431 2571 4472 se
2600 4417 2807 4473 leonem
2844 4432 3037 4489 putare
3068 4433 3223 4488 posse
3250 4425 3457 4474 terrere

1877 4510 1983 4563 ictu
2017 4509 2316 4562 arundinis.
2365 4509 2489 4563 Hmc
2533 4518 2710 4563 tamen
2760 4512 3080 4580 placuerunt
3112 4513 3452 4580 imperatori,

185 4604 301 4658 τῶν
334 4603 688 4666 λιθαζόντων,
709 4602 1025 4675 εὐχόμενος,
1050 4602 1222 4671 ’Ἃψαι
1244 4601 1342 4669 τῆς
1366 4601 1569 4666 αὐτῶν,
1596 4599 1769 4667 ἔλεγε,

1882 4610 1937 4656 et
1961 4600 2067 4655 cito
2101 4600 2347 4654 confecta
2391 4599 2659 4666 machina,
2697 4612 2902 4675 martyr
2934 4602 2988 4657 in
3020 4602 3216 4657 cadum
3251 4602 3451 4658 tollens

187 4697 442 4767 καρδίας,
472 4695 734 4749 πολυέλεε
767 4696 1041 4762 Δέσποτα,
1085 4695 1182 4748 καὶ
1232 4693 1370 4764 πρὸς
1425 4693 1486 4744 τὸ
1522 4694 1614 4746 σὺν
1647 4693 1769 4746 καθ·

1880 4691 2065 4747 oculos
2096 4701 2201 4745 tam
2240 4691 2330 4760 qui
2361 4703 2682 4758 cernuntur,
2716 4708 2878 4760 qnam
2913 4694 3006 4762 qui
3042 4693 3144 4748 sub
3175 4703 3454 4762 aspectum

186 4789 460 4860 οδήγησον
499 4789 736 4858 θέλημα.
781 4787 866 4839 ἵνα
891 4786 1065 4854 γνῶσί
1099 4803 1159 4838 σε
1190 4786 1285 4838 τὸν
1328 4783 1491 4854 μόνον
1525 4783 1769 4855 ἀληθινοὶ

1881 4798 1987 4838 non
2032 4782 2252 4843 cadunt,
2289 4790 2342 4834 et
2382 4789 2550 4832 totam
2588 4792 2822 4834 mentem
2857 4783 2910 4835 in
2945 4783 3141 4837 cmlum
3190 4784 3453 4853 deligens,

188 4878 348 4942 Θεὸν,
376 4879 469 4929 καὶ
505 4879 604 4948 τῆς
647 4875 898 4945 ὀλεθρίου
954 4873 1062 4928 τῶν
1099 4873 1338 4927 εἰδώλων
1369 4873 1652 4928 ἀποστῶσι
1683 4873 1769 4926 λα·

1881 4883 1936 4928 et
1967 4888 2076 4943 prae
2107 4871 2302 4941 gaudio
2341 4880 2483 4926 totus
2512 4872 2669 4942 quasi
2702 4887 2730 4925 a
2764 4872 2874 4928 Deo
2907 4875 3117 4930 amatus
3153 4892 3166 4929 :
3201 4876 3315 4942 Ago
3351 4873 3454 4929 tibi

188 4967 405 5036 τρείας,
438 4968 519 5019 ὅτι
546 4967 842 5036 εὐλογητὸς
866 4962 917 5020 εἴ
937 4967 1017 5030 είς
1044 4965 1172 5028 τοὺς
1200 4966 1428 5030 αἰῶνας.
1474 4966 1670 5038 Ἀμήν.

1883 4964 2106 5036 gratias,
2139 4963 2332 5030 inquit,
2368 4962 2589 5016 Domine
2621 4961 2749 5016 Jesu
2791 4961 3004 5017 Christe
3033 4974 3088 5018 et
3117 4962 3279 5026 Deus,
3311 4961 3454 5030 quod

192 5077 281 5117 tne
312 5063 510 5119 tatibus
560 5073 616 5118 et
664 5065 828 5117 tantis
869 5063 1024 5117 bonis
1066 5063 1140 5116 sis
1182 5060 1435 5130 dignatus
1469 5077 1481 5114 :
1548 5062 1690 5130 quod
1727 5076 1814 5116 me
1855 5075 2015 5114 manu
2067 5068 2156 5112 tua
2195 5058 2400 5127 potenti
2467 5058 2665 5112 virtute
2704 5056 3029 5123 accinxeris,
3060 5058 3201 5126 quod
3235 5072 3330 5125 pro
3365 5067 3458 5112 tuo

191 5156 418 5214 nomine
449 5157 576 5209 talia
623 5157 716 5212 tibi
767 5157 876 5227 pati
949 5157 1122 5212 visum
1172 5157 1266 5212 sit.
1318 5155 1384 5210 Et
1465 5171 1609 5210 nunc
1659 5157 1842 5225 aspice
1883 5155 1950 5210 de
1995 5155 2154 5218 caalo,
2198 5162 2252 5208 et
2307 5151 2427 5206 vide
2477 5153 2656 5222 qualia
2707 5157 2896 5206 contra
2949 5166 3035 5205 me
3087 5149 3446 5213 fabricantur.

193 5251 286 5321 qui
309 5258 378 5321 te
407 5250 639 5304 oderunt
673 5268 686 5303 :
721 5261 776 5302 et
809 5248 975 5303 libera
1027 5249 1261 5302 animam
1310 5258 1482 5302 meam
1517 5263 1545 5302 a
1580 5248 1761 5317 jaculo
1800 5263 2011 5310 eorum,
2081 5255 2133 5300 et
2173 5262 2202 5299 a
2235 5244 2368 5299 viris
2408 5245 2731 5315 sanguinum
2755 5244 2798 5312 ⁶,
2832 5245 2922 5314 qui
2963 5245 3136 5300 bonus
3179 5259 3255 5306 es,
3291 5259 3450 5300 serva

194 5316 352 5397 me.:
404 5351 462 5394 ut
508 5340 683 5395 sciant
736 5355 948 5403 omnes,
1001 5351 1052 5395 te
1117 5356 1238 5396 esse
1316 5339 1488 5395 solum
1571 5341 1736 5394 Deum
1784 5349 1839 5394 et
1892 5339 2184 5409 gloriosum
2236 5337 2286 5390 in
2347 5347 2457 5390 toto
2511 5337 2641 5391 orbe
2693 5346 2978 5391 terrarum.
3033 5335 3235 5391 Deinde
3288 5337 3452 5391 etiam

195 5454 295 5510 pro
371 5436 438 5490 iis
499 5436 665 5504 ipsis,
735 5435 826 5502 qui
884 5435 1034 5489 illum
1095 5436 1447 5501 cruciabant,
1514 5436 1657 5491 sicut
1711 5434 2060 5502 Stephanns’
2125 5447 2220 5500 pro
2269 5432 2353 5496 iis,
2408 5432 2500 5502 qui
2546 5448 2669 5488 eum
2744 5432 3014 5502 lapidibus
3101 5433 3448 5502 appetebant,

195 5547 365 5590 orans
402 5549 416 5584 :
448 5529 636 5600 Tange
675 5545 770 5586 cor
799 5544 1013 5594 eorum,
1052 5531 1288 5597 dicebat,
1322 5547 1354 5585 ο
1398 5531 1646 5594 Domine,
1711 5531 1803 5599 qui
1845 5546 1902 5585 es
1948 5529 2129 5583 multae
2166 5525 2574 5594 misericordiae,
2641 5537 2695 5581 et
2740 5535 2890 5582 tuum
2937 5538 3184 5582 sanctum
3232 5526 3316 5584 eis
3357 5540 3455 5583 uo-

265 5626 288 5657 ⁶
319 5624 466 5681 Psal.
496 5639 548 5679 v.
627 5626 645 5656 "
677 5624 778 5678 Act
829 5639 922 5677 vn.

270 5743 354 5814 (2)
383 5741 633 5796 Correum
667 5742 808 5796 hunc
837 5752 994 5798 vocat
1032 5743 1174 5796 Beda
1211 5743 1263 5797 in
1293 5742 1682 5812 Martyrologio
1724 5745 1788 5797 ad
1831 5745 1970 5798 hunc
1996 5744 2158 5797 diem.
