4212 6440
775 416 878 480 135

2070 408 2354 467 MENSIS
2391 407 2724 466 APlllLiS.

3924 396 4027 463 136

777 541 897 582 men
938 525 1022 580 fac
1088 526 1158 580 sit
1233 522 1536 590 cognitum,
1586 531 1640 574 et
1675 521 1845 573 deduc
1876 521 1939 573 ad
1979 531 2122 574 tuam
2179 522 2553 582 voluntatem:
2605 533 2662 573 ιιι
2742 529 3069 588 cognoscant
3126 527 3176 572 te
3244 516 3416 571 solunt
3484 533 3668 571 verum
3733 517 3920 579 Deum,
3976 527 4031 570 et

778 620 1038 674 desistant
1074 633 1101 670 a
1149 616 1453 688 pernicioso
1500 615 1644 668 cultu
1680 613 2086 667 simulacrorum
2119 631 2134 667 :
2167 613 2421 681 quoniam
2455 613 2771 668 benedictus
2803 627 2859 666 es
2890 614 2939 665 in
2979 612 3181 664 secula.
3217 611 3410 662 Amen.

851 737 960 791 VII.
993 736 1126 789 Cum
1171 735 1380 788 Corebo
1434 733 1512 787 sic
1566 741 1808 786 orantem
1845 730 2164 785 attendisset
2205 745 2347 783 mar-
2379 737 2425 792 Α

2525 731 2597 783 Ζ’.
2633 729 2818 789 Οὕτως
2867 726 3151 796 εὐξαμένῳ
3186 726 3262 795 τῷ
3300 726 3536 795 μάρτυρι
3587 724 3836 794 προσχὼν
3871 727 3897 777 6
3929 726 4037 777 Κο-

781 838 973 899 tyrem,
1007 826 1167 879 veluti
1212 837 1459 888 accenso,
1494 823 1583 892 qui
1636 831 1751 876 erat
1798 822 1845 876 ei
1895 822 2180 891 repositus,
2220 835 2341 873 car-

781 923 918 973 bone
954 918 1195 986 pietatis,
1231 923 1448 983 repente
1493 923 1731 967 mutatur
1781 913 1939 980 longe
1981 911 2344 980 pulcherrima

779 1009 1082 1063 mutatione
1127 1022 1140 1058 :
1196 1015 1248 1060 et
1299 1016 1546 1074 tanquam
1604 1019 1705 1056 non
1751 1004 1798 1056 is
1849 1012 2012 1067 esset,
2050 1003 2137 1071 qui
2189 1003 2346 1069 paulo

784 1113 908 1154 ante
977 1097 1313 1166 excogitabat
1379 1096 1640 1164 supplicia
1703 1094 1962 1148 adversus
2029 1103 2342 1162 martyrem,

782 1189 1046 1242 accedens
1082 1190 1146 1240 ad
1184 1188 1566 1254 imperatorem
1623 1201 1636 1238 :
1689 1185 1790 1239 Pro
1839 1199 1966 1253 quo,
2007 1183 2195 1251 inquit,
2233 1198 2345 1234 ma-

783 1280 974 1342 Ieticio,
1032 1288 1123 1329 aut
1176 1291 1270 1345 pro
1322 1291 1424 1344 quo
1478 1277 1704 1330 crimine
1760 1277 1842 1328 his
1889 1275 2068 1342 poenis
2122 1273 2349 1326 afficitur

784 1369 1169 1424 Eletttberius?
1199 1377 1292 1422 aut
1320 1384 1416 1438 pro
1458 1383 1560 1436 qua
1597 1383 1757 1421 causa
1784 1380 1955 1421 morte
2003 1376 2110 1419 tam
2155 1367 2348 1420 acerba

781 1463 1110 1517 damnatur?
1136 1463 1433 1528 Imperator
1459 1475 1588 1513 vero
1619 1460 1717 1513 hac
1757 1459 2033 1528 inopinata
2075 1458 2348 1512 auditione

784 1552 937 1606 valde
983 1563 1306 1615 commotus,
1344 1558 1496 1605 torve
1530 1550 1744 1602 intuens
1777 1547 2112 1604 Corebonetn
2157 1566 2169 1600 :
2212 1548 2346 1601 Nunt

785 1656 838 1695 tu
874 1659 952 1708 es,
987 1644 1177 1711 inquit,
1210 1642 1276 1705 is,
1305 1656 1464 1710 quem
1494 1655 1593 1710 ego
1624 1641 1768 1705 novi,
1803 1639 2055 1694 Corebo?
2081 1638 2346 1704 Quidnam

781 1747 959 1790 autem
1011 1736 1105 1790 tibi
1159 1735 1376 1799 accidit,
1413 1743 1505 1787 aut
1543 1733 1800 1802 quidnam
1835 1734 1926 1786 tibi
1977 1731 2179 1785 factum
2221 1731 2350 1786 fuit?

781 1827 1048 1896 Numquid
1083 1839 1132 1881 te
1166 1827 1307 1895 cepit
1341 1840 1532 1877 aurum
1565 1823 1632 1876 ab
1667 1823 1813 1876 illius
1845 1832 2016 1876 matre
2047 1834 2348 1890 acceptum,

782 1929 838 1971 et
881 1931 987 1970 tam
1040 1928 1256 1984 repente
1292 1914 1554 1968 mutavit?
1601 1913 1769 1978 Quam
1818 1913 1980 1967 multa
2032 1928 2156 1966 vero
2185 1913 2349 1967 etiam

783 2026 813 2062 a
875 2011 1056 2063 multis
1123 2009 1243 2062 aliis
1303 2007 1397 2061 tibi
1449 2007 1594 2072 data,
1639 2005 1914 2074 potuerint
1960 2005 2191 2059 conferri
2230 2021 2348 2058 cum

2449 823 2652 892 ρέμων,
2675 823 2768 872 καὶ
2795 821 2882 871 τὸν
2916 819 3385 888 προαποκείειιενον
3417 817 3562 885 αὑτῷ
3589 818 3685 885 τῆς
3713 818 4034 877 Οεοσεεεῐας

2447 913 2694 980 ἄνθρακα
2750 910 2938 977 ῶσπερ
3005 910 3480 977 ἀναζωπυρεῖ,οέιῆ
3530 908 3682 975 ἄφνω
3717 907 4024 975 μεταϐολὴν

2452 1003 2844 1072 μεταϐάλλεται
2872 1002 2971 1068 τὴν
2998 1001 3318 1069 καλλίστην,
3341 1003 3432 1052 καὶ
3450 1001 3525 1069 τῷ
3564 1000 3774 1069 βησιλεῖ
3799 1002 4032 1068 προτελ-

2449 1096 2580 1160 θὼν,
2617 1095 2800 1158 Ποεου,
2836 1097 3020 1162 φησιν,
3059 1095 3393 1162 ἀδικήματος
3421 1095 3578 1161 χάριν
3607 1096 3632 1145 6
3658 1095 3849 1160 πικρὸς
3875 1090 4030 1151 οὗτος

2461 1187 2783 1256 Ἐλευθερίῳ
2816 1185 3257 1256 καταψηφίζεται
3307 1185 3569 1249 θάνατος
3632 1186 3740 1237 Καὶ
3797 1188 3822 1237 6
3880 1185 4034 1252 βασι-

2449 1279 2594 1340 λεὺς,
2627 1279 2703 1348 τῷ
2732 1276 3024 1348 παραδόξῳ
3055 1278 3145 1330 τοῦ
3173 1279 3520 1348 ἀκούσματος
3549 1279 3868 1344 ἐκπλαγεὶς,
3900 1296 4027 1348 γορ⁸

2449 1371 2544 1435 γον
2579 1386 2630 1420 τι
2684 1369 2777 1419 καὶ
2825 1367 3088 1438 βλοσυρὸν
3129 1368 3264 1437 πρὸς
3318 1370 3408 1420 τὸν
3468 1370 3757 1440 Κορέμονα
3787 1369 4030 1438 βλέψας·

2451 1457 2522 1509 Σὺ
2559 1456 2721 1518 αὐτὸς
2747 1452 2818 1521 εἴ,
2874 1457 3000 1526 ἔφη,
3041 1455 3098 1509 ὃν
3138 1456 3248 1525 ἐγὼ
3281 1457 3530 1524 γινώσκω
3579 1459 3896 1528 Κορέμονα;
3935 1460 4036 1513 καὶ

2450 1551 2504 1602 τι
2539 1549 2772 1615 πάθοις;
2830 1551 2978 1621 Μήτι
3037 1567 3093 1602 σε
3127 1551 3328 1620 χρυσὸς
3379 1546 3522 1603 εἷλεν
3578 1551 3680 1603 ὑπὸ
3720 1553 3816 1619 τῆς
3865 1552 4035 1604 αὑτοῦ

2451 1641 2733 1709 δεδομένος
2771 1644 3012 1709 μητρὸς;
3053 1640 3146 1692 καὶ
3191 1641 3328 1692 πόσα
3364 1639 3429 1692 ἂν
3457 1653 3538 1692 σοι
3571 1641 3664 1692 καὶ
3703 1641 3853 1708 παρὰ
3904 1641 4040 1691 πολ-

2453 1733 2560 1786 λῶν
2601 1735 2806 1805 ἑτέρων
2846 1735 3121 1802 διδόμενα,
3181 1734 3289 1786 τῶν
3333 1733 3483 1803 ἐμῶν
3534 1732 3751 1804 δωρεῶν
3806 1733 4038 1797 ἀντάξια

2453 1826 2683 1892 γένοιτο,
2705 1826 2762 1876 δν
2800 1825 2909 1892 ἐγὼ
2952 1826 3042 1876 καὶ
3076 1824 3312 1890 πλούτῳ,
3352 1825 3445 1876 καὶ
3477 1824 3625 1895 δόξῃ,
3662 1827 3755 1877 καὶ
3791 1827 3854 1893 τῇ
3895 1827 4037 1893 πρὸς

2455 1914 2555 1982 ἐμὲ
2593 1916 2867 1968 οἰκειώσει
2921 1915 3160 1986 ζηλωτὸν
3196 1918 3250 1966 ὲν
3295 1917 3482 1984 Ῥώμῃ
3519 1917 3868 1986 κατέστησα;
3913 1917 4038 1968 ἀλλ’

2455 2009 2501 2060 εἰ
2543 2009 2636 2060 καὶ
2669 2008 2931 2061 πλειόνων
2986 2009 3136 2078 ἐρᾷς,
3169 2009 3216 2058 oi
3265 2008 3386 2076 ἐμοὶ
3425 2008 3626 2070 πάντες
3677 2009 3912 2060 ἀνεῖνταί
3954 2025 4038 2061 σοι

785 2105 917 2158 meis
969 2103 1145 2166 donis,
1203 2116 1362 2169 quem
1423 2115 1520 2166 ego
1555 2109 1606 2152 et
1653 2101 1843 2165 Opibus
1891 2109 1944 2150 et
1977 2099 2143 2164 gloria
2200 2114 2341 2161 mea,
2381 2096 2421 2149 Β
2451 2099 2508 2168 0r

2454 2099 2716 2168 θησαυροί
2753 2114 2766 2129 ⁸
2804 2099 3010 2152 τούτων
3035 2101 3370 2168 ἀμφοτέραις
3420 2100 3620 2163 ἄντλει,
3657 2100 3750 2152 καὶ
3787 2101 3860 2168 μὴ
3892 2100 4039 2151 οὕτω

784 2194 1152 2248 familiaritate
1201 2202 1259 2245 et
1294 2191 1674 2258 conjunctione
1731 2188 1943 2243 beatum
1999 2189 2182 2242 Romae
2229 2192 2350 2242 red-

783 2284 931 2337 didi?
960 2282 1111 2348 Quod
1142 2281 1183 2334 si
1223 2281 1373 2351 plura
1402 2280 1698 2342 desideras,
1734 2281 1856 2334 licet
1885 2281 1978 2334 tibi
2018 2281 2217 2332 nostris
2247 2279 2352 2332 frui

783 2370 984 2425 aﬂ'atim
1026 2389 1039 2425 :
1078 2370 1168 2423 tibi
1202 2381 1324 2422 sunt
1372 2369 1542 2438 aperti
1571 2383 1761 2421 omnes
1801 2369 1901 2420 mei
1954 2369 2190 2420 thesauri
2237 2385 2250 2421 :
2287 2383 2352 2420 ex

783 2465 869 2517 bis
920 2463 1075 2514 hauri
1136 2461 1398 2513 ambabus
1465 2461 1729 2522 manibus,
1782 2473 1954 2525 neque
2007 2461 2230 2526 teipsum
2281 2459 2351 2513 ita

785 2557 1002 2624 prodas,
1038 2570 1068 2607 a
1120 2553 1320 2606 fontina
1381 2551 1522 2606 furto
1574 2552 1834 2615 sublatus,
1889 2560 1942 2604 et
1994 2566 2160 2619 pauco
2213 2568 2344 2606 auro

785 2659 1015 2716 emptus.
1060 2648 1267 2702 Corebo
1323 2656 1503 2699 autem
1551 2644 1663 2711 jam
1724 2654 1865 2711 totus
1923 2645 2158 2712 repletus
2203 2645 2342 2698 bono

783 2742 996 2805 Spiritu,
1030 2749 1083 2790 et
1131 2739 1381 2805 martyris
1413 2738 1665 2803 precibus
1703 2746 1934 2788 mentem
1977 2737 2177 2788 habens
2227 2738 2346 2788 illtt-

784 2832 1063 2894 minatam,
1109 2830 1430 2884 exclamavit
1491 2827 1619 2879 illud
1672 2827 1986 2880 admirabile
2034 2836 2087 2879 et
2129 2827 2344 2894 dignum

783 2922 924 2989 quod
977 2921 1278 2973 celebretur
1333 2937 1345 2969 :
1399 2915 1633 2971 Pretium
1695 2926 1866 2981 tttmn,
1910 2918 2117 2978 dicens,
2173 2928 2343 2970 tecum

783 3021 872 3065 eat
914 3015 963 3064 in
1004 3011 1382 3079 perditionem.
1413 3008 1539 3060 Tua:
1581 3024 1703 3061 vero
1755 3010 1988 3074 pecuniae
2024 3007 2129 3060 sint
2177 3007 2346 3060 lomes

785 3103 945 3173 ignis,
981 3103 1071 3171 qui
1102 3114 1151 3157 te
1181 3111 1377 3156 manet.
1413 3101 1550 3164 Quid
1582 3101 1721 3153 enim
1759 3108 1844 3150 tua
1885 3108 2076 3166 sponte
2103 3099 2344 3159 caecutis,

2450 2187 2808 2258 καταπροδῷς
2862 2189 3114 2254 σεαυτὸν,
3175 2189 3398 2256 κλέμμα
3435 2188 3693 2252 γυναικὸς
3723 2191 3817 2240 καὶ
3849 2189 4037 2255 ὀλίγον

3309 2278 3367 2330 Ὀ
3403 2281 3456 2330 δὲ
3493 2282 3784 2348 Κορέμων,
3827 2281 3927 2348 ἥδη
3969 2284 4033 2348 τῇ

2451 2373 2542 2423 τοῦ
2583 2373 2858 2441 μάρτυρος
2891 2373 3020 2439 εὑχῇ
3055 2370 3150 2439 τὴν
3184 2371 3362 2439 ψυχὴν
3395 2372 3706 2439 φωτισθεὶς,
3733 2371 4036 2439 τὸθαυμα-

2455 2468 2586 2518 στὸν
2637 2465 2732 2516 καὶ
2787 2463 3118 2534 ἀξιύμνητον
3153 2464 3474 2531 ἐξεϐόησεν·
3517 2465 3714 2523 Ἔστω,
3770 2461 3970 2528 λέγων,
4007 2464 4038 2531 ἡ

2451 2297 2549 2349 χρυ
2561 2280 2652 2331 σοῦ
2719 2281 3008 2348 γενόμενος
3058 2279 3238 2331 ὤνιον.

2448 2557 2578 2624 τιμή
2623 2573 2716 2607 σου
2756 2557 2852 2606 σὺν
2883 2557 2964 2605 σοι
2994 2558 3072 2615 εἰς
3105 2553 3399 2617 ἀπώλειαν,
3436 2553 3500 2605 τὰ
3548 2553 3604 2604 δὲ
3650 2540 3908 2626 χρήζιατᾴ
3941 2570 4036 2603 σου

2450 2647 2746 2714 ὐπόκαυμα
2773 2645 2850 2714 τῷ
2889 2645 3249 2714 περιμένοντί
3295 2661 3351 2696 σε
3387 2645 3520 2711 πυρὶ
3565 2645 3801 2711 γένοιτο·
3837 2643 3889 2694 τι
3927 2644 4038 2711 γὰρ

2449 2737 2514 2803 δὴ
2543 2739 2633 2787 καὶ
2667 2737 2805 2787 ἑκὼν
2839 2737 3196 2802 τυφλώττεις,
3249 2739 3343 2787 καὶ
3396 2734 3566 2787 ταῦτα
3621 2735 3784 2804 πείρᾳ
3821 2735 4037 2803 μαθὼν,

2449 2828 2533 2878 ὅτι
2573 2826 2680 2878 τῶν
2714 2825 2810 2894 μὲν
2846 2826 2953 2876 σῶν
2989 2825 3126 2876 Θεῶν
3159 2826 3333 2886 οὐδεὶς
3390 2825 3480 2876 τὸν
3525 2825 3862 2893 ἐμϐληθέντα
3901 2827 4040 2892 πυρὶ

2454 2920 2624 2971 σῶσαι
2660 2918 2902 2981 δύναται,
2931 2919 2988 2970 ὃν
3026 2919 3081 2970 δὲ
3127 2919 3154 2969 6
3194 2916 3536 2985 Ἐλευθέριος
3587 2910 3736 2978 οὗτος
3792 2917 4041 2978 σέὸεται,

2453 3011 2545 3062 καὶ
2587 3010 2756 3078 πυρὸς
2783 3010 2944 3062 αὑτὸν
2968 3010 3208 3060 δείκνυσι
3241 3010 3331 3059 καλ⁹
3363 3010 3540 3079 πάσης
3573 3007 3735 3076 ἄλλης
3762 3008 4040 3070 κολάσεως

2458 3101 2804 3171 ἰσχυρότερον
2831 3117 2844 3165 ;

785 3211 840 3253 et
878 3200 1093 3252 conaris
1127 3209 1342 3249 movere
1371 3209 1455 3258 ea,
1491 3207 1605 3260 quae
1638 3197 1763 3245 sunt
1797 3191 2126 3246 immobilia?
2161 3192 2341 3258 idque,
2384 3209 2504 3246 cum
2577 3193 2829 3248 didiceris
2875 3195 3235 3263 experientia,
3279 3193 3419 3263 quod
3498 3192 3672 3247 nullus
3718 3193 3938 3262 quidem
3973 3208 4042 3248 ex

787 3292 890 3346 tuis
933 3291 1036 3344 diis
1075 3297 1249 3356 potest
1281 3287 1442 3339 ullum
1475 3300 1539 3337 ex
1576 3285 1660 3348 iis,
1693 3284 1783 3352 qui
1813 3285 2026 3348 adsunt,
2072 3283 2122 3335 in
2171 3282 2348 3351 ignem
2393 3285 2647 3351 injectum
2677 3300 2916 3339 servare.
2940 3285 2986 3339 is
3018 3296 3221 3351 autem,
3250 3302 3406 3355 quem
3472 3286 3600 3340 colit
3662 3286 4043 3354 Eleutherius,

787 3384 964 3438 reddit
994 3399 1112 3436 eum
1147 3390 1197 3434 et
1230 3381 1350 3448 igne
1393 3379 1748 3446 potentiorem
1781 3388 1834 3430 et
1868 3382 2057 3446 qn0vis
2092 3379 2194 3431 alio
2229 3378 2508 3448 supplicio.

859 3499 994 3552 Vlll.
1030 3498 1120 3550 His
1156 3497 1233 3551 sic
1265 3497 1364 3548 dici
1401 3510 1503 3548 non
1539 3504 1731 3563 potest,
1761 3505 1958 3564 quanta
1995 3497 2070 3548 ira
2109 3506 2161 3548 et
2194 3497 2348 3549 dictis
2377 3506 2418 3564 C

787 3593 996 3646 insania
1024 3593 1256 3656 repletus
1287 3587 1442 3640 fuerit
1477 3597 1753 3654 tyrannus.
1795 3587 1977 3640 Solent
2002 3589 2141 3639 enim
2170 3603 2350 3639 revera

786 3685 973 3737 valida:
1032 3683 1279 3733 amicitia:
1336 3679 1538 3730 validas
1595 3693 1803 3743 quoque
1857 3677 2104 3730 similiter
2167 3692 2353 3742 parere

787 3775 1124 3833 inimicitias.
1181 3771 1335 3825 Unde
1389 3772 1551 3823 etiam
1588 3770 1741 3838 jubet
1798 3769 2106 3837 praefectum
2166 3771 2350 3822 eodem

787 3867 963 3937 puniri
1001 3867 1232 3927 clibano,
1267 3879 1370 3931 quo
1420 3865 1531 3930 ipse
1571 3863 1935 3923 consuluerat,
1965 3873 2020 3911 ut
2073 3863 2352 3928 puniretur

788 3959 1156 4012 Eleutlterius.
1204 3955 1333 4008 Cum
1388 3969 1515 4021 ergo
1571 3954 1681 4020 jam
1735 3963 2187 4022 appropinquaret
2238 3962 2352 4003 tur-

789 4061 991 4113 mento,
1041 4051 1144 4100 Ora
1207 4061 1302 4113 pro
1355 4060 1459 4109 me,
1517 4045 1770 4100 clamavit
1828 4045 2040 4100 Corebo
2104 4047 2349 4112 martyri,

787 4153 960 4196 etme
993 4156 1138 4192 arma
1197 4139 1280 4190 his
1335 4140 1521 4201 armis,
1570 4153 1758 4205 nempe
1808 4139 2008 4192 Christi
2055 4138 2350 4203 signaculo,

787 4235 984 4301 quibus
1015 4234 1200 4284 ducem
1233 4229 1505 4283 exercitus
1544 4230 1761 4284 munisti
1795 4227 2047 4283 Felicem.
2087 4229 2178 4282 Sic
2225 4245 2351 4298 ergo

788 4325 995 4378 Corebo
1047 4334 1283 4377 armatus
1329 4340 1357 4376 a
1412 4332 1672 4393 martyre,
1717 4332 1768 4376 et
1821 4324 2070 4390 protinus
2125 4321 2353 4387 injectus

789 4420 843 4470 in
875 4419 1165 4477 clibanum,
1204 4419 1315 4484 ipse
1350 4432 1564 4485 quoque
1611 4415 1807 4466 tuausit
1854 4414 2102 4466 similiter
2133 4415 2198 4464 ab
2234 4414 2354 4480 igne

791 4526 894 4562 non
955 4517 1314 4577 expugnatus.
1372 4507 1644 4560 Adrianus
1700 4513 1879 4558 autem
1937 4504 2019 4556 his
2079 4505 2356 4556 tormentis

2529 3494 2609 3547 ΞΓ.
2643 3496 2866 3560 Τούτοις
2905 3498 3000 3550 οὐκ
3035 3496 3182 3550 ἔστιν
3234 3500 3406 3552 εἰπεῖν
3438 3498 3569 3568 ὅσης
3594 3498 3759 3568 ὀργῆς
3810 3499 3905 3550 καὶ
3938 3519 4044 3569 μα-

2458 3587 2572 3647 νίας
2602 3589 2844 3658 ἐπλήσθη
2877 3591 2902 3639 6
2936 3590 3196 3658 τύραννος
3227 3607 3238 3619 ’
3270 3592 3495 3642 εἰώθασι
3549 3595 3655 3660 γὰρ
3706 3595 3757 3644 αἱ
3820 3593 4044 3663 ἰσχυραὶ

2458 3679 2628 3744 φιλίαι
2665 3683 2890 3747 ἰσχυρὰς
2921 3681 3119 3749 ὁμοίως
3145 3682 3343 3750 ἔχθρας
3381 3685 3689 3751 ἀπογεννᾷν
3793 3685 3913 3735 ὅθεν
3952 3687 4047 3737 καὶ

2455 3773 2603 3841 αὑτῴ
2630 3773 2800 3842 τούτῳ
2828 3773 3038 3826 κελεύει
3095 3776 3170 3844 τῷ
3209 3775 3449 3844 κλιϐάνῳ
3500 3776 3886 3843 τιμιιιρηοῆναι
3949 3777 4046 3828 τὸν

2457 3865 2716 3932 ἔπαρχον,
2755 3860 2910 3933 ᾧπερ
2969 3866 3130 3926 αὐτὸς
3185 3866 3517 3934 κολασθῆναι
3567 3867 3656 3917 τὸν
3701 3867 4044 3936 Ἐλευθέριον

2456 3952 2859 4003 συνεϐούλευεν.
2898 3953 2983 4015 Ὠς
3009 3953 3063 4004 δὲ
3097 3955 3158 4022 τῇ
3196 3953 3412 4024 βασάνῳ
3454 3957 3848 4024 προσήγγισεν,
3872 3955 4046 4022 Εὗξαι

2456 4042 2593 4112 ὑπὲρ
2622 4043 2778 4112 ἐμοῦ,
2803 4043 2830 4094 6
2863 4045 3130 4114 Κορέμων
3167 4047 3244 4115 τῷ
3271 4047 3508 4117 μάρτυρι
3534 4050 3820 4118 ἐπεϐόησε,
3852 4054 3948 4103 καὶ
3977 4057 4044 4122 τῇ

2454 4136 2546 4186 τοῦ
2589 4135 2828 4200 Χριστοῦ
2892 4153 2959 4204 με
3020 4137 3276 4204 σφραγῖδι
3332 4138 3676 4201 καθόπλισον,
3734 4136 3897 4210 ᾖκαὶ
3952 4145 4048 4193 τὸν

2460 4224 2838 4293 στρατηλάτην
2899 4227 3306 4296 περιετύχησας
3365 4228 3593 4298 Φίληκα.
3655 4231 3844 4295 Οὕτως
3886 4229 3980 4283 οὖν
4019 4239 4048 4284 6

2459 4316 2722 4386 Κορέμων
2755 4316 2860 4368 ὑπὸ
2910 4317 3002 4368 τοῦ
3041 4318 3317 4388 μάρτυρος
3370 4319 3667 4385 ὁπλισοεὶς,
3711 4323 3804 4372 καὶ
3836 4322 3910 4390 τῷ
3943 4323 4046 4390 ὀρτ

2457 4409 2607 4477 γάνῳ
2639 4408 2880 4477 βληθεὶς,
2915 4387 3188 4467 ἀνάλωτος
3219 4413 3353 4478 πυρὶ
3390 4411 3481 4462 καὶ
3514 4413 3673 4473 αὐτὸς
3696 4407 3782 4481 ἦν.
3829 4387 4049 4482 Ἀδριαί

2459 4501 2543 4562 νὸς
2575 4502 2630 4552 δὲ
2661 4500 2726 4551 τὰ
2762 4499 2866 4551 τῶν
2904 4499 3155 4568 βασάνων
3193 4501 3533 4572 ἀπειρηκὼς,
3565 4501 3705 4571 ξίφει
3741 4505 3838 4572 τὴν
3869 4523 4050 4572 κεφαο

791 4599 1054 4664 defessus,
1089 4613 1210 4652 eum
1255 4597 1602 4662 c0ndetrtnat,
1642 4608 1699 4650 ut
1734 4599 1780 4649 ei
1820 4603 1980 4665 caput
2028 4605 2353 4663 amputetur.
2418 4588 2508 4643 .λὶ

2458 4588 2553 4658 λὴν
2585 4589 2748 4640 αὐτον
2803 4589 3147 4658 ἐκτμηθῆναι
3188 4590 3419 4643 κελεύει.
3478 4595 3586 4644 Καὶ
3635 4595 3902 4662 Κορέμων
3940 4597 4048 4663 μὲν

789 4691 855 4750 Et
891 4691 1160 4742 Coreboni
1216 4688 1431 4753 quidem
1480 4689 1559 4739 sic
1607 4688 1844 4741 succedit
1895 4687 2017 4742 finis
2059 4687 2300 4756 martyrii
2340 4704 2352 4739 :

788 4787 843 4830 et
900 4779 1052 4846 quia
1107 4777 1346 4831 multisa
1410 4778 1605 4831 smnio
1642 4778 2014 4840 desideratur,
2067 4779 2151 4831 bic
2210 4781 2352 4832 brevi

2459 4676 2612 4742 οὗτος
2647 4674 2724 4732 ἐν’
2761 4681 2951 4750 βραχεῖ
3010 4682 3100 4735 τὸν
3133 4682 3344 4743 πολλοῖς
3377 4684 3434 4746 ἐξ
3478 4683 3669 4745 αἰῶνος
3701 4686 4047 4753 ποθουμενον

2457 4775 2673 4843 ἥρπασε
2735 4773 3029 4843 Θησαυρόν.
3095 4771 3173 4824 Τὰ
3227 4773 3280 4825 δὲ
3315 4775 3454 4844 μετὰ
3511 4775 3685 4829 ταῦτα
3736 4779 3895 4843 τίνα;
3934 4783 4048 4832 Και

792 4877 1031 4933 tempore
1079 4867 1389 4920 thesaurum
1446 4867 1692 4937 arripuit.
1747 4867 1999 4931 Ouzeuam
2057 4884 2183 4920 vero
2235 4881 2357 4922 sunt
2395 4876 2434 4928 D
2478 4864 2508 4914 Ἰ

2478 4864 2811 4930 Ἐλευῢέριος
2845 4863 2921 4931 τῷ
2949 4863 3187 4933 κλιϐάνῳ
3219 4866 3568 4934 ἐμϐάλλεται,
3599 4869 3825 4930 καὶτοῖς
3856 4870 4042 4920 662).!-

788 4953 1100 5011 Eleutlterio
1163 4969 1352 5026 postea
1431 4960 1762 5012 censet-uta?
1839 4959 2077 5013 Primum
2139 4961 2357 5028 quidem

792 5048 905 5114 ipse
935 5048 986 5100 in
1012 5049 1278 5101 clibanum
1305 5049 1650 5102 immittitur:
1681 5051 1873 5104 deinde
1898 5053 2058 5103 etiam
2085 5054 2354 5120 obeliscis,

793 5147 852 5191 ut
883 5139 1186 5202 videbatur,
1223 5141 1582 5209 transfigitur.
1620 5139 1684 5193 Et
1713 5143 1959 5196 clibanus
1991 5143 2205 5209 quidem
2239 5161 2357 5196 rur-

793 5243 910 5292 sus,
941 5231 1081 5282 sicut
1121 5233 1269 5299 prius
1321 5233 1682 5301 exstinguitur
1715 5251 1728 5286 :
1760 5245 2148 5289 convertuntur
2179 5245 2354 5288 autem

791 5322 1034 5386 protinus
1075 5322 1322 5389 cuspides
1359 5322 1742 5388 obeliscorum,
1792 5326 2186 5392 quodammodo
2229 5341 2346 5380 car-

793 5423 914 5462 nem
949 5411 1271 5463 honorantes
1299 5412 1570 5480 martyris,
1601 5425 1652 5464 et
1687 5414 1820 5484 ejus,
1848 5415 1933 5480 qui
1962 5413 2137 5479 punit,
2164 5415 2355 5465 animm

792 5508 1082 5565 arguentes
1110 5503 1406 5553 caecitatem
1449 5519 1461 5553 :
1497 5504 1789 5570 quinetiam
1825 5504 2020 5554 multos
2049 5518 2114 5554 ex
2147 5504 2231 5564 iis,
2266 5503 2356 5569 qui

794 5591 1060 5654 astabant,
1097 5593 1428 5646 attrahentes
1463 5596 1527 5646 ad
1572 5592 1664 5645 Dei
1695 5594 2080 5663 cognitionem,
2121 5596 2209 5662 qui
2247 5597 2358 5648 lucc

793 5683 1028 5740 faciebat
1067 5683 1327 5741 miracula
1368 5707 1382 5741 :
1435 5691 1526 5756 qui
1579 5691 1764 5755 etiam,

793 5792 890 5845 per
924 5777 1313 5832 Eleutherimn.

2462 4970 2610 5014 σκοις
2669 4971 2726 5004 τε
2759 4957 2817 5006 τδ
2856 4954 3033 5008 δοκεῖν
3064 4959 3446 5026 περιπείρεται
3469 4975 3481 4987 ·
3545 4959 3659 5010 ἀλλ’
3685 4961 3844 5024 εὐθὺς
3876 4962 3902 5013 6
3940 4964 4050 5030 μὲν

2459 5046 2711 5109 κλίϐανος
2746 5047 3051 5110 σϐέννυται,
3088 5050 3408 5118 στρέφονται
3437 5051 3491 5103 δὲ
3536 5053 3624 5104 καί
3649 5055 3703 5104 αἱ
3734 5053 3837 5104 τῶν
3865 5054 4051 5105 6651!-

2460 5155 2605 5189 σκων
2665 5139 2860 5206 ἀκμαι,
2897 5142 3131 5208 τιμῶσαι
3189 5141 3378 5211 ῶσπερ
3415 5146 3621 5212 σάρκας
3668 5148 4048 5213 μαρτυρικὰς,

2459 5229 2551 5282 καὶ
2590 5231 2769 5300 ψυχῆς
2824 5232 3095 5299 τύφλωσιν
3163 5234 3486 5304 ἐλέγχουσαι
3544 5233 3638 5289 τοῦ
3697 5237 4049 5304 κολάζοντος,

2459 5323 2593 5375 ἀλλὰ
2641 5326 2734 5376 καὶ
2781 5326 3007 5389 πολλοὺς
3035 5328 3143 5379 τῶν
3180 5329 3548 5394 παρεστώτων
3604 5331 3681 5389 εἰς
3738 5329 4046 5393 ἐπίγνωσιν

2465 5416 2598 5467 Θεοῦ
2632 5419 2723 5469 τοῦ
2762 5418 2933 5470 ταῦτα
2961 5419 3500 5489 Οαυματουργοῦντςς
3532 5422 3806 5479 ἕλκουσαι,
3840 5421 3887 5472 οἳ
3922 5425 4038 5486 καὶς

2464 5508 2650 5574 Μέγας
2676 5510 2701 5560 6
2725 5511 2852 5571 Θεὸς
2884 5512 2990 5561 τῶν
3025 5513 3384 5580 Χριστιανῶν,
3408 5513 3592 5578 ἐῦὁων,
3627 5514 3653 5563 6
3681 5513 3744 5570 δι’
3792 5511 4044 5563 ἘλευΘεο

2469 5604 2583 5668 ρίου
2627 5604 2756 5668 ἡμῖν
2788 5604 3210 5672 κηρυττόμενος.

1844 5689 2070 5760 Magnus
2127 5703 2210 5744 est
2265 5690 2404 5747 Deus
2473 5694 2926 5762 Christianorum,
2974 5700 3301 5763 clamabant,
3347 5703 3435 5768 qui
3500 5700 3650 5754 nobis
3717 5699 4053 5768 praedicatur
