4212 6440
197 414 302 483 137

266 526 345 580 0'.
377 521 537 586 Αὖθις
568 518 659 577 οὖν
686 524 889 595 inopia
918 523 1009 576 καὶ
1048 523 1188 592 λύπη
1247 525 1517 595 λαμϐάνει
1553 526 1641 577 τὸν
1682 524 1775 579 τύ·
1810 534 1852 587 Α

198 634 411 688 ραννον,
446 613 537 668 καί
567 615 686 667 τότε
736 616 833 683 μὲν
859 618 923 685 τῇ
956 619 1166 685 φρουρᾷ
1194 621 1283 669 τὸν
1338 619 1593 685 μάρτυρα
1619 617 1775 670 δίδω-

198 728 303 772 σιν,
363 708 589 778 ὕστερον
629 708 685 761 δὲ
736 707 805 759 δι’
836 707 965 776 ὅλης
1005 708 1219 778 ἡμέρας
1280 710 1609 779 σκεψαμένῳ
1642 708 1781 779 μετὰ

191 804 302 856 τῶν
344 803 434 854 ὑπ’
473 800 658 865 αὑτοῦ,
722 799 823 853 ποῦ
857 802 953 853 καὶ
1001 800 1150 864 ὅπως
1196 802 1535 871 Ἐλευθέριος
1567 802 1781 875 ὑπόσχῃ

193 895 290 963 τὴν
316 894 608 964 τιμωρίαν,
644 893 807 957 ἔδοξε.
842 892 1018 955 Τόπος
1046 893 1145 962 μὲν
1181 896 1206 961 ἡ
1242 895 1471 963 φρουρὰ,
1500 895 1699 963 τρόπος
1723 894 1782 946 δὲ

192 988 466 1048 οἴκτιστος
505 988 533 1039 ό
588 985 674 1037 διὰ
728 983 913 1054 λιμοῦ.
968 985 1178 1054 Συχνας
1236 982 1331 1038 οὖν
1364 988 1578 1055 ἡμέρας
1632 990 1689 1039 ἐν
1712 988 1778 1057 τῇ

191 1080 386 1150 εἱρκτῇ
419 1078 750 1130 ὲπυκτεύετο
782 1076 859 1146 τῷ
886 1076 1031 1147 λιμῷ
1058 1095 1070 1107 ·
1099 1077 1214 1129 ἀλλ’
1245 1080 1272 1130 ό
1295 1076 1371 1148 τῷ
1402 1079 1602 1148 Δανιὴλ
1627 1094 1777 1145 ποτε,

193 1173 287 1222 καὶ
314 1170 393 1239 τῷ
427 1169 583 1241 Ἠλίᾳ
608 1171 749 1240 μετὰ
781 1170 979 1231 ταῦτα,
1011 1170 1220 1241 τροφὴν
1271 1171 1359 1223 διὰ
1414 1172 1620 1240 πτηνοῦ
1651 1188 1781 1241 χορ-

193 1262 433 1329 ηγήσας,
460 1262 551 1313 καί
572 1260 760 1313 τοῦτον
787 1260 976 1329 τρέφει
998 1260 1083 1312 διὰ
1112 1263 1461 1329 περιστερᾶς.
1496 1262 1602 1314 Καὶ
1622 1264 1650 1313 ό
1683 1260 1781 1331 μὲν

195 1354 517 1418 εὐχαρίστει
542 1349 681 1419 Θεῷ,
712 1350 792 1400 ὅτι
828 1352 933 1400 τῶν
963 1350 1093 1401 ἰσων
1126 1351 1236 1411 τοῖς
1286 1351 1543 1419 μεγάλοις
1572 1350 1780 1412 τούτοις

188 1440 420 1507 ἠξίωται
444 1456 456 1468 ’
487 1441 516 1492 ό
545 1440 601 1494 δὲ
634 1439 898 1509 τύραννος
926 1441 1215 1508 ὲμεμήνει,
1238 1441 1314 1505 ὡς
1343 1440 1600 1502 ἀσθενοῦς
1634 1440 1781 1509 αύτῷ

191 1533 548 1601 ἐλεγχθέντος
592 1532 686 1585 τοῦ
758 1534 1187 1602 μηχανήματος·
1250 1532 1372 1585 ὅθεν
1432 1538 1521 1589 καὶ
1583 1534 1783 1597 ἵππους

190 1607 427 1696 ἀγρίους
460 1626 563 1677 ὑπὸ
590 1624 758 1692 ζυγὸν
795 1625 1011 1677 κελεύει
1042 1623 1265 1691 δεθῆναι
1300 1627 1391 1676 καὶ
1420 1625 1509 1675 τὸν
1538 1625 1784 1679 Ἐλευθέ-

201 1734 341 1786 ριον,
370 1718 459 1770 ἵνα
485 1718 592 1770 τῶν
613 1718 795 1768 ἵππων
814 1716 1039 1784 ἀμαθῶν
1064 1717 1235 1767 ὄντων
1255 1716 1420 1781 ζυγοῦ
1444 1718 1533 1768 καὶ
1552 1717 1778 1785 ἀγρίων,

200 1808 279 1876 τῷ
308 1810 478 1879 ῥοίζῳ
516 1826 571 1859 τε
604 1808 699 1859 τοῦ
736 1807 978 1876 ἅρματος
1030 1807 1168 1869 ἄγαν
1212 1806 1660 1875 ἐκταραχθέντων
1688 1810 1781 1860 καὶ

1412 418 1448 471 ν
1466 418 1584 475 l'l‘A
1624 415 1681 475 S.
1727 414 2241 478 ELEUTHERII.

3351 420 3451 482 138

1956 524 2045 578 IX.
2105 524 2317 579 Rursus
2370 538 2498 594 ergo
2531 532 2585 579 et
2621 524 2885 579 haesitatio
2936 536 2989 578 et
3040 542 3264 599 magnus
3299 533 3452 588 dolor

1892 619 2104 673 invadit
2174 628 2479 688 tyrannum.
2550 615 2617 671 Et
2683 627 2805 671 tunc
2866 618 3082 686 quidem
3164 633 3453 694 martyrem

1887 711 2060 764 tradit
2100 710 2151 764 in
2199 707 2499 763 custodiam
2534 724 2547 761 :
2591 719 2779 777 postea
2822 718 3001 763 autem
3034 711 3264 770 eximios
3292 718 3459 772 exiis

1882 800 1973 870 qui
2024 799 2072 854 ei
2138 798 2419 870 parebant,
2476 808 2802 854 convocatos
2858 810 3150 871 congregat
3182 820 3195 857 :
3226 813 3281 859 et
3331 822 3457 868 cum

1886 903 1997 947 toto
2026 893 2115 947 die
2147 892 2523 957 deliberassel,
2547 890 2634 945 ubi
2670 902 2727 945 et
2755 906 2989 960 quonam
3020 896 3176 950 modo
3204 895 3461 953 Eleuthe-

1886 986 1999 1040 rius
2072 986 2280 1041 subiret
2353 984 2725 1054 supplicium,
2789 984 2935 1039 visus
3014 996 3098 1042 est
3182 989 3231 1042 ei
3310 988 3459 1044 locns

1885 1078 2101 1149 quidem
2138 1092 2324 1132 carcer
2368 1093 2383 1130 :
2444 1077 2639 1131 modus
2691 1091 2823 1132 vero
2878 1076 3115 1134 maxime
3166 1080 3455 1136 miserabi-

1884 1169 1973 1236 lis,
2007 1184 2198 1239 nempe
2256 1184 2353 1238 per
2409 1168 2626 1223 laniem.
2693 1167 2760 1223 Et
2825 1180 3110 1240 postquam
3165 1170 3279 1227 hac
3344 1176 3459 1227 visa

1884 1272 2031 1337 sunt,
2093 1262 2292 1318 multos
2343 1262 2556 1329 quidem
2607 1260 2719 1315 dies
2770 1261 2823 1315 in
2881 1276 3104 1320 carcere
3165 1264 3464 1319 decertavit

1885 1366 2006 1405 cum
2088 1350 2248 1405 fame.
2324 1350 2427 1404 Sed
2486 1348 2576 1419 qui
2642 1347 2768 1402 olim
2846 1350 3051 1405 Danieli
3094 1350 3114 1382 ⁸
3163 1364 3217 1404 et
3272 1351 3461 1409 Elim’

1887 1461 1979 1511 per
2030 1445 2300 1499 volucrem
2358 1444 2670 1500 alimentum
2735 1444 3117 1515 suppeditavit,
3155 1459 3277 1499 eum
3324 1461 3462 1517 quo-

1887 1552 1989 1606 que
2024 1539 2118 1589 alit
2152 1553 2245 1605 per
2278 1536 2606 1602 columbam,
2642 1544 2695 1591 et
2734 1534 2850 1604 ejus
2881 1534 3115 1587 animam
3145 1533 3331 1603 implet
3368 1536 3464 1589 bo-

1889 1628 1991 1679 nis.
2055 1628 2119 1679 Et
2186 1627 2274 1679 ille
2338 1628 2553 1695 quidem
2611 1626 2803 1697 agebat
2871 1623 3108 1694 gratias,
3168 1625 3307 1693 quod
3377 1624 3464 1681 his

1888 1720 2099 1787 magnis
2140 1718 2295 1773 bonis
2327 1720 2398 1771 sit
2448 1719 2644 1788 dignus
2697 1717 2914 1771 habitus
2945 1735 2958 1770 :
2991 1724 3257 1787 tyrannus
3285 1726 3465 1771 autem

1890 1814 2214 1876 insaniebat,
2243 1823 2297 1867 et
2330 1813 2470 1881 quod
2506 1823 2785 1867 ostensum
2816 1819 2963 1867 esset
3007 1812 3463 1866 machinationem

202 1900 545 1970 πλημμελῶς
578 1900 916 1968 φερομένων,
946 1902 970 1949 ὁ
996 1898 1205 1967 μάρτυς
1232 1898 1465 1967 πέτραις
1484 1900 1576 1951 καὶ
1607 1897 1782 1962 ἄλλοις

1891 1903 2055 1959 fuisse
2090 1904 2434 1971 imbecillam,
2461 1901 2792 1958 eﬂerabatur
2828 1922 2843 1959 :
2880 1914 2934 1958 et
2966 1902 3087 1957 ideo
3117 1918 3288 1973 equos
3318 1902 3466 1959 feros

202 1992 738 2062 προσαρασσόμενος,
771 1992 869 2052 τὰς
900 1991 1108 2060 σάρκας
1130 1990 1464 2060 διασπασθῇ,
1500 1991 1593 2043 καὶ
1624 1993 1784 2061 μελη·

197 2086 287 2137 δὸν
319 2086 652 2145 κατακοπεὶς
700 2082 985 2152 ἀπορρήξῃ
1033 2083 1129 2150 τὴν
1179 2083 1377 2151 ψυχήν.
1429 2083 1567 2134 Ἀλλ’
1596 2083 1783 2152 ὥσπερ

192 2179 402 2239 ὲκεῖνος
452 2178 551 2228 οὐκ
607 2176 812 2244 ἔκαμνε
845 2174 913 2226 τὰ
975 2175 1109 2243 πρὸς
1160 2174 1461 2243 διαφθορὰν
1516 2175 1778 2244 ὲνεργῶν,

190 2272 367 2333 οὕτως
418 2271 539 2323 οὐδὲ
577 2269 810 2339 Χριστὸς
863 2268 929 2318 τὰ
966 2266 1099 2335 πρὸς
1150 2266 1425 2335 σωτηρίαν
1448 2267 1777 2335 οἰκονομῶν·

191 2360 427 2429 ἄγγελος
481 2361 591 2428 γὰρ
624 2359 681 2423 ἐξ
730 2356 962 2427 ούρανοῦ
1000 2355 1249 2417 ἐπιστὰς.
1276 2358 1399 2417 τοὺς
1429 2356 1654 2426 ἀγρίους
1689 2356 1781 2407 ἵπ-

190 2470 328 2514 πους
364 2450 605 2510 ἐκείνους
637 2450 878 2517 ἡμέρους
912 2448 1066 2513 ἄφνω
1096 2445 1291 2509 ἐποίει,
1329 2452 1424 2499 καὶ
1458 2448 1550 2497 τὸν
1596 2447 1783 2498 Ἐλευ-

192 2544 376 2614 θέριον
399 2544 591 2607 λύσας,
628 2540 941 2603 ἐπιδιδάξει
964 2538 1039 2607 τῷ
1073 2540 1302 2607 ἅρματι,
1336 2538 1431 2589 καὶ
1470 2539 1604 2608 πρὸς
1635 2539 1692 2591 τὸ
1718 2542 1782 2610 τῇ

191 2637 346 2688 πόλει
409 2634 682 2701 γειτονοῦν
718 2633 843 2700 όρος
896 2632 1021 2692 τοὺς
1074 2632 1274 2692 ἵππους
1315 2630 1521 2693 ἰθύνας,
1559 2630 1783 2694 ἀλύπως

193 2728 288 2779 καὶ
343 2724 563 2792 ὁμαλῶς
615 2722 861 2773 ἀνελθεῖν
910 2720 1000 2771 τὸν
1064 2718 1317 2788 μάρτυρα
1371 2720 1777 2789 παρεσκεύασε.

194 2818 553 2887 Προσγίνεται
575 2812 629 2865 δὲ
661 2813 837 2882 τούτῳ
864 2812 958 2864 καὶ
992 2811 1183 2882 ἕτερόν
1214 2828 1263 2861 τι
1299 2811 1403 2862 τῶν
1438 2812 1780 2878 παραδόξων.

206 2909 294 2962 Ἰ-ἷν
325 2909 405 2977 τῷ
438 2907 553 2974 ὄρει
590 2906 699 2977 γὰρ
748 2904 1041 2974 γενομένου
1090 2903 1184 2956 τοῦ
1224 2904 1524 2973 μάρτυρος,
1562 2906 1654 2955 καὶ
1694 2905 1784 2956 τὸν

192 3002 326 3055 Θεὸν
362 2998 608 3068 συνήθως
636 2998 936 3063 αἰνοῦντος,
970 2998 1165 3065 ἄρκτοι
1200 2997 1292 3048 καὶ
1332 2995 1567 3057 λέοντες,
1604 2997 1698 3047 καὶ
1732 2995 1787 3047 ετ

193 3111 243 3145 τι
283 3092 413 3144 ἄλλο
462 3090 570 3141 τῶν
626 3089 917 3157 ἀνημέρων
971 3086 1179 3154 θηρίων
1238 3087 1650 3154 προσελθόντες,
1690 3106 1784 3141 κυ-

190 3180 382 3234 κλοῦσί
416 3195 473 3231 τε
498 3179 589 3230 τὸν
610 3176 703 3229 τοῦ
736 3176 871 3229 Θεοῦ
905 3176 1091 3229 δοῦλον
1118 3176 1211 3228 καὶ
1247 3177 1650 3245 περισαίνουσι,
1690 3180 1784 3231 καὶ

188 3268 277 3327 οἷα
308 3273 410 3343 τῆς
443 3272 655 3325 ἐκείνου
686 3270 935 3323 συνιέντα
970 3268 1174 3339 φωνῆς,
1206 3270 1548 3335 συνευὶογεῖν
1586 3289 1641 3323 τε
1688 3275 1781 3327 καὶ

190 3368 522 3433 προσκυνεῖν
552 3363 831 3435 ὥρμηντο,
862 3364 952 3415 καὶ
986 3360 1143 3413 τοῦτο
1176 3361 1363 3430 ἐδήλου
1414 3364 1478 3431 τῇ
1533 3379 1589 3414 τε
1641 3364 1778 3433 πρὸς

187 3460 297 3530 γῆν
338 3461 541 3523 νεύσει,
572 3459 663 3511 καὶ
716 3459 780 3525 τῇ
811 3456 945 3522 προς
980 3455 1116 3524 ἀέρα
1168 3454 1274 3505 τῶν
1315 3453 1487 3506 ποδῶν
1520 3455 1775 3525 ὲπάρσει,

185 3555 286 3607 καὶ
313 3556 380 3622 τῇ
417 3551 551 3621 ἄλλῃ
584 3547 914 3600 διατυπώσει
948 3544 1043 3597 τοῦ
1073 3545 1348 3613 σώματος.

188 3649 325 3704 Nam
359 3662 481 3702 cum
511 3645 669 3698 sicin
699 3652 931 3695 montem
968 3642 1203 3695 venisset
1239 3648 1462 3708 martyr,
1526 3652 1581 3695 et
1656 3645 1851 3703 deinde
1893 3643 2156 3702 rationale
2242 3638 2588 3700 Sacriﬁcium,

1889 2005 1940 2049 et
1974 1995 2195 2047 minime
2230 2005 2561 2055 mansuetos,
2595 1994 2676 2046 eis
2706 1994 2864 2063 longe
2900 1992 3117 2056 saevior,
3146 1992 3303 2061 jubet
3335 1992 3466 2061 jugo

1888 2088 2117 2157 alligari,
2149 2098 2201 2141 et
2244 2086 2322 2139 eis
2353 2087 2515 2139 etiam
2553 2084 2760 2152 alligari
2799 2084 3173 2138 Eleutherium
3208 2101 3220 2136 :
3255 2093 3311 2137 ut
3341 2099 3464 2138 cum

1885 2179 2031 2246 equi,
2063 2178 2150 2244 qui
2177 2176 2365 2243 jugnm
2403 2174 2542 2228 ferre
2575 2190 2678 2226 non
2711 2175 3036 2237 didicerant,
3068 2185 3123 2227 et
3150 2184 3307 2227 erant
3337 2173 3467 2227 alio-

1887 2270 1976 2337 qui
2004 2267 2126 2333 l'eri,
2164 2267 2393 2336 strepitu
2429 2280 2625 2320 currus
2658 2266 2813 2318 valde
2844 2274 3025 2318 essent
3064 2267 3384 2333 perturbati,
3411 2277 3467 2318 et

1889 2362 1992 2415 huc
2047 2370 2099 2414 et
2150 2360 2276 2413 illuc
2327 2370 2527 2412 temere
2580 2356 2871 2423 ferrentur,
2916 2359 3162 2426 martyri,
3203 2359 3371 2425 petris
3412 2368 3467 2411 et

1889 2452 2008 2504 aliis
2059 2451 2232 2511 alliso,
2279 2450 2670 2502 divellerentur
2722 2458 2775 2500 et
2813 2449 3183 2500 lacerarentur
3216 2465 3406 2502 carnes
3445 2457 3464 2501 :

1888 2555 1943 2598 ut
1982 2544 2060 2598 sic
2091 2542 2456 2613 particulatim
2484 2551 2537 2595 et
2568 2541 2912 2594 membratim
2939 2541 3217 2605 concisus,
3245 2544 3465 2595 abrum-

1887 2643 2039 2705 peret
2078 2636 2338 2688 animum.
2387 2634 2492 2688 Sed
2552 2649 2649 2688 nec
2705 2636 2818 2687 haec
2866 2634 2913 2686 ei
2966 2645 3349 2702 processerunt
3397 2648 3464 2686 ex

1886 2726 2050 2779 animi
2079 2725 2382 2787 sententia;
2414 2725 2505 2776 sed
2547 2724 2818 2790 quomodo
2851 2722 2936 2775 ille
2983 2738 3088 2775 non
3129 2724 3375 2775 cessabat
3401 2734 3464 2775 ea

1887 2815 2124 2885 operari,
2157 2829 2275 2883 quae
2320 2814 2387 2867 ad
2422 2814 2527 2865 vim
2564 2812 2865 2865 faciendam
2920 2811 3282 2880 pertinebant,
3314 2821 3366 2865 et
3397 2814 3465 2865 ad

1888 2907 2221 2964 all'erendum
2254 2907 2532 2961 interitum
2569 2927 2583 2963 :
2626 2904 2699 2958 ita
2754 2920 2849 2957 nec
2884 2904 3136 2959 Christus
3169 2920 3231 2959 ea
3285 2907 3466 2975 provi-

1886 2996 2037 3062 dere,
2072 3012 2192 3061 quae
2234 2996 2551 3064 spectabant
2594 2995 2660 3045 ad
2698 2994 2947 3047 salutem.
2993 2995 3228 3061 Angelus
3263 2994 3404 3048 enim
3434 3010 3467 3049 0

1887 3089 2027 3145 cmlo
2057 3087 2371 3149 adveniens,
2406 3096 2458 3139 et
2489 3086 2632 3140 feros
2658 3084 2780 3139 illos
2818 3101 2986 3154 eqnos
3013 3096 3231 3153 repente
3280 3086 3465 3139 reddi-

1890 3185 1969 3238 dit
2004 3184 2160 3238 mites
2188 3191 2249 3236 et
2270 3190 2581 3235 mansuetos
2615 3197 2629 3233 :
2660 3187 2713 3233 et
2746 3194 2863 3231 cum
2912 3178 3163 3233 solvisset
3205 3178 3464 3233 Eleuthe-

1890 3277 2055 3339 rinm,
2086 3288 2210 3327 eum
2245 3272 2485 3324 immittit
2516 3270 2568 3323 in
2615 3286 2834 3323 currum
2870 3288 2883 3323 :
2922 3279 2976 3323 et
3007 3286 3127 3324 cum
3175 3271 3470 3324 direxisset

1887 3378 2057 3432 equos
2117 3360 2183 3414 ad
2246 3371 2483 3422 montem
2558 3359 2793 3411 vicinum
2855 3359 3086 3423 civitati,
3142 3360 3349 3425 effecit,
3408 3367 3468 3412 ut

1888 3466 2096 3523 martyr
2128 3456 2449 3507 ascenderet
2483 3452 2681 3504 leniter
2717 3459 2769 3504 et
2801 3449 3033 3517 placide.
3064 3452 3122 3504 Ei
3158 3468 3284 3505 vero
3320 3453 3466 3507 aliud

1886 3562 2099 3619 quoque
2151 3542 2359 3597 accedit
2420 3542 2737 3595 admirabile
2778 3552 2830 3595 et
2883 3552 3074 3596 centra
3130 3546 3465 3613 Opinionem.

2664 3647 2978 3705 con5uetam
3051 3640 3157 3692 Deo
3228 3640 3464 3705 laudem,

186 3740 556 3800 sacrificaret,
593 3746 709 3805 qnte
743 3735 973 3791 aderant
1021 3734 1297 3799 animalia,
1332 3735 1441 3787 ursi
1473 3743 1527 3790 et
1588 3734 1797 3810 leones,
1842 3750 1895 3793 et
1938 3740 1979 3793 si
2019 3752 2138 3805 qum
2184 3746 2340 3786 erant
2385 3734 2502 3785 alia:
2570 3732 2719 3794 ferte,
2767 3734 3090 3791 accedentes
3126 3734 3470 3792 circumdant

188 3837 283 3892 Dei
329 3835 617 3896 famulum,
658 3842 710 3884 et
746 3832 794 3886 ei
835 3831 1186 3884 blandiuntur
1224 3850 1235 3884 :

187 3948 341 3997 rare,
378 3944 430 3985 et
468 3934 568 3985 hoc
618 3930 1015 3995 signiﬁcabant,
1084 3930 1223 3996 quod
1296 3938 1349 3980 et
1396 3928 1446 3980 in
1500 3939 1703 3985 terram
1764 3941 2097 3994 annuerent,

183 4026 309 4081 aliis
338 4028 504 4079 etiam
535 4025 776 4089 gestibus
801 4022 1068 4087 corporis.

254 4124 316 4177 ι’.
366 4117 527 4173 ’Δλλα
567 4118 635 4166 τὰ
694 4116 793 4183 μὲν
832 4114 998 4183 θηρία
1048 4115 1190 4168 οὕτω
1234 4118 1332 4185 τὴν
1367 4117 1587 4188 χορείαν
1614 4117 1782 4187 ἐπλή-

185 4233 338 4285 Ρουνν
365 4211 566 4279 ὥσπερ
616 4206 941 4279 χορολέκτου
980 4209 1072 4257 καὶ
1117 4213 1507 4275 πρωτοστάτου
1547 4212 1782 4280 τυχόντα

183 4306 279 4359 τοῦ
334 4304 651 4374 μάρτυρος·
721 4297 999 4369 Ἀδριανὸς
1053 4296 1107 4348 δὲ
1144 4297 1241 4367 οὐχ
1294 4298 1372 4349 ὅτι
1411 4301 1624 4363 τούτου,
1666 4301 1781 4351 ἀλλ’

182 4398 307 4450 οὐδὲ
381 4395 492 4447 τῶν
543 4391 745 4462 θηρίων
805 4389 987 4443 αὐτῶν
1046 4390 1224 4460 ᾐδεῖτο
1271 4390 1368 4459 τὴν
1402 4388 1653 4442 σύνεσιν·
1702 4393 1781 4452 εις

182 4490 359 4559 ἀκοὴν
412 4485 519 4556 γάρ
575 4486 797 4537 ἐκείνων
840 4484 1031 4545 ὲλοὼν,
1104 4484 1381 4552 Ἀδριανὸς
1434 4480 1501 4554 ἦν
1542 4482 1857 4582 όαὺτὸς.Β

184 4579 375 4649 πολλῷ
432 4579 527 4629 καὶ
580 4577 788 4644 θηρίων
839 4576 935 4626 καὶ
996 4575 1132 4625 ὄνων
1187 4575 1539 4644 ἀνοητότερός
1589 4594 1646 4629 τε
1683 4578 1776 4629 καὶ

182 4673 531 4741 ἀγριώτερος
556 4683 568 4695 ⁸
604 4668 664 4717 οὐ
714 4667 875 4735 μόνον
910 4664 1016 4735 γὰρ
1072 4663 1298 4734 βελτίων
1352 4665 1504 4717 οὐδὲν
1545 4667 1652 4717 ἁτιὸ
1687 4666 1779 4718 τοῦ

184 4766 473 4833 θαύματος
537 4760 785 4827 γέγονεν,
820 4757 956 4811 ἀλλὰ
1007 4758 1100 4809 καὶ
1155 4755 1495 4826 στρατιώτας
1528 4758 1781 4827 ξιφήρεις

182 4860 431 4927 ἔπεμπε,
463 4854 657 4907 Θᾶττον
692 4850 1133 4921 συλληψομένους
1184 4849 1273 4899 τὸν
1324 4849 1681 4919 Ἐλευθέριον,
1712 4847 1779 4900 τὰ

182 4953 239 5004 δὲ
267 4950 466 5016 Θηρία,
503 4947 577 5004 ὡς
618 4947 683 4998 ἂν
726 4943 969 5012 ἀκριϐῶς
1000 4944 1191 5003 εἰδότα,
1221 4942 1315 4993 καὶ
1365 4942 1549 5007 φίλους
1575 4943 1779 5012 κρίνειν

181 5039 278 5094 τοῦ
312 5036 530 5093 ἑαυτῶν
562 5035 826 5087 δεσπότου
860 5033 956 5085 xa‘t
989 5032 1303 5100 πολεμίους,
1334 5030 1406 5092 ὡς
1446 5031 1605 5101 μόνον
1637 5030 1774 5085 εἶδον

179 5136 311 5193 τοὺς
348 5127 718 5200 στρατιώτας,
755 5126 965 5194 ταχέως
1019 5124 1297 5193 ἐφέροντο,
1340 5122 1435 5173 καὶ
1481 5120 1677 5191 μικροῦ
1712 5122 1777 5174 ἂν

182 5226 275 5277 καὶ
308 5220 683 5274 διεσπάσαντο
712 5217 935 5290 τούτους
964 5215 1158 5285 κέρασι
1191 5212 1283 5263 καὶ
1315 5211 1548 5275 ὀδοῦσιν,
1580 5212 1627 5261 εί
1652 5211 1726 5280 μὴ
1748 5212 1777 5263 ὁ

184 5320 405 5389 μάρτυς
466 5315 578 5373 τοῖς
616 5310 713 5379 μὲν
746 5308 821 5369 ώς
874 5307 1001 5376 περί
1057 5316 1183 5356 *τινα
1246 5304 1465 5372 χαλινὸν
1495 5303 1586 5355 τὸν
1622 5302 1777 5371 λόγον

180 5408 474 5480 ἐμϐαλὼν,
505 5404 628 5458 ὅθεν
657 5401 818 5473 ἦλθον
852 5400 1133 5453 ἐπανιέναι
1167 5398 1521 5467 προσέταττε,
1572 5398 1682 5457 τοῖς
1715 5395 1771 5448 δὲ

185 5499 562 5573 στρατιώταις
606 5497 773 5558 λύσας
826 5496 915 5547 τὸν
943 5490 1129 5561 φόϐον,
1163 5492 1260 5543 καὶ
1296 5492 1393 5561 τὴν
1429 5486 1546 5553 μεθ’
1589 5488 1770 5543 ὃπλων

184 5595 409 5649 [λευσιν
442 5590 733 5649 ὀνειδίσας.
772 5588 847 5638 Οὐ
875 5588 983 5655 γὰρ
1004 5584 1094 5637 ἐπί
1117 5599 1255 5645 τινα,
1292 5584 1480 5651 φησὶν,
1507 5578 1771 5650 ἀνδροφο-

185 5704 276 5743 νον
306 5685 340 5748 ἢ
375 5683 585 5753 λῃστὴν
614 5681 831 5751 ἧλθετι,
868 5676 961 5739 οὓς
997 5677 1101 5729 ἔδει
1135 5674 1364 5744 νεύματι
1397 5674 1542 5743 μόνῳ
1593 5673 1773 5744 σημή-

262 5833 284 5864 ⁸
314 5834 460 5887 Dan.
488 5842 594 5881 xw.
672 5824 783 5879 ⁸111
820 5824 951 5894 Reg.
983 5839 1113 5878 xm.

528 5926 789 5982 PATROL.
836 5928 948 5979 tjn.
982 5922 1083 5980 CX
1102 5922 1168 5979 Υ.

1276 3843 1330 3885 et
1379 3834 1633 3903 tanqnan‘i
1706 3835 1850 3892 illius
1894 3848 2078 3890 vocem
2128 3830 2517 3899 intelligentes,
2552 3824 2869 3880 benedicere
2904 3840 3187 3894 coeperunt
3230 3838 3283 3881 et
3330 3829 3467 3881 ado-

2172 3938 2227 3982 et
2262 3940 2449 3981 rursus
2481 3925 2531 3977 in
2564 3936 2741 3976 aerem
2778 3919 3000 3991 pedibus
3032 3921 3377 3988 cll‘errcntur,
3410 3930 3467 3976 et

1959 4110 2024 4168 Χ.
2070 4108 2177 4165 Sed
2228 4108 2309 4162 sic
2352 4106 2570 4176 quidem
2623 4104 2773 4169 ferae,
2809 4104 3032 4172 perinde
3075 4119 3136 4156 ac
3174 4106 3217 4158 si
3261 4113 3463 4177 martyr

1884 4215 2029 4262 esset
2064 4202 2215 4258 chori
2245 4200 2518 4253 institutor
2544 4206 2599 4251 et
2626 4198 2836 4261 ductor,
2863 4207 2915 4249 et
2946 4211 3066 4248 cum
3099 4195 3143 4249 is
3175 4196 3464 4265 incepisset

1883 4310 2099 4356 canere,
2132 4308 2208 4346 ea:
2242 4305 2457 4359 quoque
2499 4292 2754 4343 choream
2785 4289 3069 4356 implentes
3098 4289 3459 4343 circumsilie-

1885 4390 2014 4441 bant
2064 4394 2115 4437 et
2160 4382 2312 4452 quasi
2364 4380 2781 4450 respondebant,
2819 4387 2874 4431 et
2909 4380 3243 4447 magistrum,
3279 4382 3460 4449 quoad

1886 4477 2001 4547 ejus
2023 4476 2136 4530 ﬁeri
2157 4475 2776 4546 poterat,sequebantur
2808 4471 3222 4525 admirabiliter.
3268 4472 3457 4527 Adria-

1888 4585 1987 4624 nns
2016 4581 2192 4623 autem
2215 4584 2317 4621 non
2344 4567 2517 4620 solum
2562 4565 2839 4632 martyris.
2876 4563 2967 4615 sed
2990 4580 3055 4615 ne
3075 4564 3311 4631 ipsarum
3339 4566 3461 4635 qui-

1883 4666 2003 4718 dem
2041 4661 2277 4714 ferarum
2313 4656 2658 4709 reverebatur
2690 4653 3097 4721 intelligentiam
3146 4672 3158 4705 :
3193 4656 3285 4709 sed
3333 4672 3455 4710 enm

1883 4760 1947 4807 ad
2004 4752 2125 4805 illas
2176 4748 2407 4801 venisset
2456 4745 2781 4809 audiendas,
2832 4757 2949 4800 erat
2999 4746 3141 4801 idem
3189 4747 3457 4803 Adrianus

1882 4844 2066 4898 multis
2099 4843 2259 4896 etiam
2300 4841 2430 4896 feris
2476 4850 2528 4895 et
2578 4839 2747 4894 asinis
2794 4839 3138 4908 insipientior
3166 4851 3219 4894 et
3265 4840 3458 4895 effera-

1885 4941 2007 4993 tior.
2049 4936 2198 4990 Multi
2255 4937 2423 4999 enim,
2467 4932 2661 5001 quibus
2712 4947 2858 4984 curze
2903 4942 3020 4983 erat
3062 4932 3294 4995 venatio,
3332 4948 3459 4985 cum

1880 5032 1996 5086 haec
2032 5032 2146 5085 suis
2178 5031 2435 5081 vidissent
2462 5022 2657 5090 oculis,
2692 5023 3075 5077 renuntiarunt
3135 5023 3447 5094 imperatori

1882 5124 1973 5177 sed
2007 5122 2096 5175 ille
2120 5128 2261 5185 erat,
2299 5129 2355 5171 ut
2388 5128 2469 5171 est
2502 5118 2555 5172 in
2592 5117 2897 5186 proverbio,
2928 5118 3113 5170 asinus
3154 5120 3219 5170 ad
3252 5117 3450 5186 lyram.

1883 5214 1998 5269 Non
2028 5214 2203 5269 solum
2235 5212 2378 5265 enim
2411 5209 2678 5265 miraculo
2723 5208 2859 5261 nihil
2901 5209 3077 5263 evasit
3116 5208 3328 5272 melior,
3359 5199 3459 5263 sed

1882 5306 2046 5361 etiam
2098 5314 2343 5359 armatos
2383 5305 2567 5357 emisit
2606 5301 2831 5364 milites,
2863 5315 2985 5353 mox
3037 5298 3456 5368 comprehensu-

1884 5414 1973 5454 ros
2023 5397 2415 5453 Eleutlterium.
2453 5394 2603 5449 Fere
2654 5406 2839 5448 autem
2900 5405 3001 5444 non
3055 5391 3455 5447 conservabant

1884 5505 2067 5559 parem
2102 5491 2154 5543 in
2190 5489 2310 5544 illos
2352 5486 2752 5543 observantiam
2788 5502 2801 5539 :
2837 5485 2928 5539 sed
2958 5492 3015 5537 ut
3042 5498 3161 5552 qua:
3205 5490 3460 5536 accurate

1883 5586 2087 5638 scirent
2118 5583 2200 5637 sui
2242 5581 2449 5637 domini
2489 5581 2801 5636 discernere
2846 5576 3050 5632 amicos
3080 5583 3135 5629 et
3175 5574 3453 5636 inimicos.

1882 5690 2005 5731 cum
2048 5675 2280 5743 primum
2323 5675 2717 5737 sosviderunt,
2759 5669 3044 5725 celerrime
3088 5668 3143 5721 in
3188 5682 3280 5721 eos
3306 5666 3451 5721 fere.

2978 5908 3012 5968 5
