4212 6440
766 381 875 442 159

763 496 955 550 bantur
1004 510 1015 545 :
1063 500 1115 548 et
1163 499 1354 559 parum
1414 496 1604 559 abluit,
1652 496 1781 562 quin
1831 508 1923 547 eos
1975 496 2336 562 discerperent

766 587 1022 641 cornibus
1072 593 1125 640 et
1181 582 1455 649 dentibus,
1515 583 1616 637 nisi
1692 595 1897 655 martyr
1960 586 2062 639 illis
2121 587 2338 655 quidem

775 681 1028 749 tanquam
1061 677 1214 732 freno
1247 675 1430 743 aliquo
1461 692 1567 730 non
1604 677 1944 745 aspectabili,
1984 679 2180 746 injecta
2212 694 2339 733 ora-

770 773 939 838 tione,
985 771 1239 838 iussisset
1288 785 1380 824 eas
1429 773 1627 824 reverti
1679 770 1820 824 unde
1869 783 2146 825 venerant.
2201 773 2337 827 Cum

762 863 1030 920 militibus
1061 878 1191 915 vero
1237 873 1435 914 metum
1468 861 1742 926 solvisset,
1774 872 1828 915 et
1858 863 1949 931 qui
2000 877 2122 916 cum
2166 865 2335 920 armis

2081 387 2362 448 MENSlS
2402 390 2714 452 APRlLlS

1004 510 1015 545 :
1063 500 1115 548 et
1163 499 1354 559 parum
1414 491 1604 559 abluit,
1652 492 1781 562 quin
1831 508 1923 547 eos
1975 495 2336 562 discerperent

2447 516 2644 561 ναντας
2667 503 2755 552 τὸν
2783 503 3114 572 ζητούμενον
3141 507 3290 576 Ἐχιιν
3323 511 3606 580 ἑπόμενον.
3643 515 3828 580 Οὕτως
3863 522 4036 573 εἰπὼν

3926 409 4032 472 161)

2455 593 2748 663 προθύμως
2801 596 3125 664 ἠκολούθει·
3166 601 3338 653 πολλὰ
3370 604 3426 655 δὲ
3464 606 3603 658 κατά
3647 607 3746 677 τὴν
3800 613 4036 680 πορείαν

2451 683 2659 747 τούτοις
2685 686 3094 758 διαλεγόμενος,
3121 693 3385 757 ἐπιεικῶς
3419 713 3475 748 τε
3513 699 3798 768 παραινῶν
3825 707 3916 754 καὶ
3951 703 4034 755 δι-

2448 774 2683 842 δάσκων,
2735 781 2946 845 πολλοῖς
2977 784 3158 836 αὐτῶν
3198 787 3258 838 τὸ
3284 789 3382 858 τῆς
3429 790 3691 859 ἀληθείας
3744 767 4034 866 tempe:

2448 868 2586 938 ιςῶς.

762 957 981 1012 Inerant
1024 955 1105 1010 eis
1150 957 1434 1009 adventum
1482 957 1867 1024 exprobrasset
1927 955 2124 1024 (neque
2173 960 2319 1012 enim
2385 960 2452 1012 ad
2522 964 2849 1029 parricidam
2886 966 3123 1037 aliquem
3154 973 3373 1029 venisse
3409 987 3502 1030 aut
3571 978 3856 1036 latronem.
3891 997 4034 1049 quos

759 1051 1066 1119 oportebat,
1100 1065 1220 1102 cum
1258 1059 1391 1102 nutu
1433 1048 1606 1102 solum
1677 1049 2103 1118 signiﬁcassent,
2171 1063 2490 1121 sequentem
2544 1059 2748 1114 habere
2813 1078 2958 1127 cum,
2996 1065 3086 1134 qui
3133 1067 3201 1122 ab
3283 1070 3362 1123 eis
3395 1073 3702 1142 qttaeritur),
3756 1076 3856 1130 hoc
3899 1093 4030 1129 cum

760 1144 1011 1208 dixisset,
1048 1143 1171 1196 laeto
1201 1151 1256 1196 et
1288 1142 1455 1197 alacri
1503 1143 1686 1197 animo
1756 1149 2113 1213 sequebatur,
2170 1147 2410 1202 multum
2469 1150 2748 1209 disserens
2803 1157 2857 1211 in
2914 1157 3107 1213 itinere
3154 1179 3166 1214 :
3220 1172 3274 1215 et
3331 1165 3375 1217 si
3428 1167 3560 1220 nihil
3620 1170 3786 1233 aliud,
3838 1174 4032 1226 dicens

756 1251 1011 1311 oportere
1041 1255 1135 1293 eos
1175 1241 1412 1294 revereri
1445 1240 1679 1293 ferarum
1714 1241 2151 1311 intelligentiam,
2215 1254 2271 1298 et
2340 1259 2405 1299 ex
2447 1247 2528 1301 eis
2577 1263 2776 1318 capere
2820 1264 3028 1308 certum
3079 1259 3387 1327 exemplum
3438 1263 3504 1314 ad
3552 1278 3698 1327 eum,
3736 1266 3828 1335 qui
3879 1267 4034 1335 ipsos

758 1335 984 1398 ereavit,
1043 1337 1470 1404 agnoscendum.
1531 1333 1737 1391 Deinde
1801 1339 2005 1404 optime
2070 1354 2194 1392 cum
2257 1339 2339 1393 eis
2417 1341 2673 1398 disseruit
2722 1347 2786 1402 de
2839 1364 3005 1419 regno
3059 1353 3316 1407 caalorum
3374 1367 3426 1411 et
3475 1359 3722 1427 gebenna

3760 1379 3774 1415 :
3845 1376 3895 1418 et
3951 1365 4036 1418 sic

756 1447 852 1502 per
890 1441 1057 1486 totam
1101 1431 1242 1484 viam
1275 1431 1666 1499 benignissime
1702 1431 2005 1488 admonens
2035 1442 2090 1488 et
2120 1435 2344 1502 docens,
2385 1443 2593 1493 tantam
2654 1441 2762 1495 vim
2801 1444 3008 1512 habuit,
3077 1458 3134 1502 ut
3185 1452 3370 1506 multis
3411 1469 3474 1507 ex
3519 1457 3601 1511 eis
3648 1461 4029 1525 persuaderet,

753 1529 1124 1595 efﬁceretque,
1183 1536 1242 1580 ut
1285 1530 1376 1580 lux
1430 1529 1675 1583 veritatis
1728 1529 1932 1583 luceret
1984 1530 2038 1583 iu
2096 1529 2310 1587 illorum
2349 1535 2568 1592 animis.

825 1643 917 1698 Xl.
947 1643 1239 1713 Postquam
1275 1657 1400 1696 vero
1426 1638 1647 1696 Romam
1681 1656 2067 1711 pervenerunt,
2100 1645 2336 1715 impera-
2374 1657 2417 1712 Β

755 1745 843 1791 tor
884 1737 1067 1790 statim
1124 1735 1418 1787 maximam
1456 1747 1721 1789 convocat
1767 1738 2112 1802 concionem,
2154 1738 2337 1791 volens

754 1830 958 1883 habere
1018 1828 1284 1896 plurimos
1338 1835 1506 1880 testes
1565 1829 1818 1882 interitus
1873 1832 2146 1900 martyris.
2198 1830 2334 1883 Cum

757 1935 939 1980 autem
972 1922 1197 1976 fuerunt
1241 1925 1420 1974 omnia
1461 1931 1678 1988 parata,
1708 1931 1760 1975 et
1793 1921 2052 1990 frequens
2082 1925 2334 1978 convenit

755 2021 1006 2088 p0pulus,
1061 2032 1219 2071 seeos
1271 2017 1473 2079 evenit,
1524 2031 1684 2085 quam
1743 2017 1968 2084 putabat
2016 2019 2330 2087 imperator.

755 2113 858 2176 Qui
891 2111 1296 2172 enimaderant,
1325 2124 1430 2161 non
1463 2109 1714 2176 martyris
1731 2111 2044 2172 occisionis,
2064 2111 2333 2163 sedChri-

751 2207 844 2268 sti,
878 2219 997 2273 qum
1029 2204 1080 2255 in
1115 2203 1230 2270 ipso
1259 2213 1398 2265 erat,
1435 2200 1650 2254 virtutis
1685 2200 1902 2254 fuerunt
1934 2201 2111 2271 potius
2144 2209 2330 2267 testes,

753 2296 900 2350 omni
943 2296 1268 2359 exceptione
1302 2295 1562 2360 majores.
1597 2293 1728 2346 Nam
1763 2294 1929 2348 leazna
1971 2296 2188 2363 quidem
2236 2298 2332 2348 ad-

752 2387 970 2440 modum
1016 2401 1156 2439 sazt'a
1203 2387 1256 2438 iu
1301 2400 1421 2439 eum
1474 2385 1788 2439 immittitur
1822 2403 1834 2439 :
1866 2402 1985 2456 quae
2028 2388 2202 2441 instar
2238 2386 2330 2440 teli

751 2493 947 2548 magno
978 2479 1180 2547 impetu
1222 2478 1383 2531 irruit
1412 2487 1465 2530 et
1492 2478 1557 2530 ad
1589 2488 1836 2531 sanetum
1867 2478 2100 2540 accedit,
2131 2495 2238 2532 non
2274 2487 2332 2531 ut

750 2568 1119 2622 Eleutherium
1146 2570 1502 2635 discerperet,
1532 2578 1625 2620 aut
1652 2567 1734 2620 vel
1765 2570 1960 2638 exiguo
1990 2585 2172 2624 morsu
2203 2586 2326 2624 eum

746 2662 1047 2718 oﬂenderet
1079 2679 1093 2714 :
1141 2661 1233 2716 sed
1280 2663 1457 2728 potius
1492 2671 1548 2714 ut
1587 2660 1731 2714 illius
1764 2667 1928 2730 pedes
1959 2677 2068 2730 prae
2122 2678 2320 2731 magna

744 2755 1164 2822 amplecteretur
1196 2751 1593 2805 benevolentia.
1625 2749 1776 2816 Quod
1811 2753 2027 2819 quidem
2073 2752 2198 2805 fecit
2234 2769 2326 2803 ac-

743 2860 992 2899 currens.
1032 2844 1315 2897 lnclinavit
1351 2844 1496 2894 enim
1553 2844 1821 2896 cervicem
1871 2843 1988 2908 ejus
2035 2843 2259 2910 pedibus
2309 2858 2323 2895 :

743 2940 925 3008 lingua
957 2954 1082 2990 vero
1111 2935 1386 2988 lambebat
1411 2933 1531 3003 ejus
1561 2933 1791 3002 plantas.
1821 2931 2116 2987 Videbatur
2144 2948 2322 2989 autem

743 2996 886 3103 aegre
914 3030 1084 3093 ferre,
1121 3028 1260 3098 quod
1289 3043 1394 3081 nou
1443 3029 1607 3080 etiam
1652 3042 1837 3080 vocem
1876 3028 2098 3081 haberet
2135 3030 2326 3080 huma-
2351 2996 2396 3057 Ο

746 3141 896 3186 naut,
925 3137 1046 3190 qua:
1082 3136 1178 3188 pro
1207 3123 1409 3187 pietate
1437 3118 1754 3184 loqueretur
1777 3132 1901 3169 cum
1932 3125 2187 3187 martyre.
2221 3119 2325 3172 Sed

742 3231 844 3270 nec
869 3217 980 3267 btet:
1005 3213 1331 3280 persuadent
1361 3209 1695 3277 imperatori,
1721 3208 1810 3276 qui
1835 3217 1952 3261 erat
1975 3211 2110 3264 duro
2135 3213 2320 3275 corde,

740 3307 880 3361 sicut
918 3316 970 3359 et
1014 3305 1101 3358 ille
1147 3303 1380 3368 Pharao,
1419 3312 1475 3355 ut
1525 3303 1780 3369 pietatem
1829 3319 1893 3356 ex
1938 3301 2020 3357 eis
2054 3303 2320 3370 disceret;

739 3399 835 3450 sed
867 3398 1046 3462 utqui
1092 3396 1318 3448 bestiam
1361 3395 1672 3448 damnasset
1718 3394 2133 3460 imbecillitatis,
2178 3401 2321 3464 quod

740 3503 804 3541 ea
836 3499 978 3542 esset
1013 3487 1230 3548 letniua,
1257 3486 1411 3553 jubet
1443 3487 1607 3539 etiaut
1643 3501 1848 3539 marem
1900 3488 2060 3540 simul
2099 3488 2320 3542 immitti

740 3579 799 3635 in
823 3577 1244 3648 martyremJlle
1271 3593 1396 3628 vero
1421 3580 1566 3629 velut
1588 3581 1924 3629 contendens
1946 3593 2067 3630 cum
2096 3582 2318 3645 femina,

743 3682 796 3726 et
827 3688 930 3724 tton
967 3673 1144 3723 minus
1175 3669 1469 3722 benevolus
1509 3669 1695 3723 volens
1743 3670 1917 3723 videri
1952 3671 2001 3724 in
2033 3673 2316 3737 athletam,

743 3764 890 3817 illam
917 3762 1133 3832 quidem
1169 3761 1380 3830 repellit
1414 3779 1426 3814 :
1465 3762 1581 3830 ipse
1612 3772 1792 3816 autem
1827 3780 2124 3818 accurrens
2156 3771 2319 3836 pedes

743 3856 1111 3925 amplectitur,
1143 3855 1405 3916 adhwret,
1443 3853 1652 3914 lambit,
1684 3853 1855 3913 exilit,
1888 3864 2065 3922 gesto,
2101 3867 2317 3920 aspectu

741 3956 798 3999 et
829 3956 972 3997 tuotu
994 3959 1148 3998 suam
1179 3943 1463 3995 annuntiat
1489 3943 1944 3999 benevolentiam.
1969 3943 2043 3999 Ex
2075 3942 2138 4000 iis
2172 3961 2316 4012 vero,

742 4035 834 4105 qui
864 4037 1090 4088 aderant
1134 4043 1189 4087 et
1232 4033 1345 4086 haec
1393 4033 1665 4098 videbant,
1715 4035 1805 4102 qui
1857 4037 2053 4090 animae
2098 4036 2315 4104 quidem

743 4130 915 4185 oculis
962 4138 1232 4194 utcunque
1276 4128 1646 4190 intuebantur,
1708 4130 1954 4193 pratiuus
2011 4129 2318 4182 clamabant

744 4235 995 4290 ntagnum
1061 4232 1180 4272 esse
1233 4215 1424 4283 Deum,
1477 4217 1570 4286 qui
1623 4216 1819 4270 colitur
1866 4218 1933 4273 ab
1980 4216 2313 4273 Eleutherio.

2515 1649 2615 1706 lA’.
2670 1653 2848 1741 '0;_5é
2907 1658 3005 1728 τὴν
3071 1660 3292 1733 Ῥώμην
3329 1666 3651 1735 κατέλαϐεν,
3702 1674 3730 1724 ὁ
3766 1672 4030 1741 βασιλεὺς

2440 1740 2666 1812 Θέατρον
2699 1748 2954 1815 μέγιστον
2980 1758 3223 1824 συνιστᾷ,
3253 1758 3532 1827 μάρτυρας
3560 1763 3844 1826 πλείστους
3875 1767 4028 1835 ἔχειν

2439 1833 2760 1903 βουλόμενος
2786 1840 2886 1910 τῆς
2917 1842 3009 1894 τοῦ
3042 1847 3321 1917 μάρτυρος
3373 1851 3665 1916 ἀπωλείας.
3695 1857 4028 1910 Τούναντίον

2435 1925 2489 1977 δὲ
2521 1928 2722 1996 μᾶλλον
2775 1933 3058 1988 ἐπέϐαινεν
3102 1939 3132 2008 ἢ
3196 1939 3373 1993 ἐδόκει
3405 1943 3482 2013 τῷ
3531 1945 3777 2013 βασιλεῖ’
3828 1952 3875 2002 οἱ
3907 1954 4023 2019 γὰρ

2437 2019 2708 2088 παρόντες
2759 2025 2818 2075 οὐ
2854 2027 2952 2094 τῆς
3009 2028 3104 2080 τοῦ
3148 2033 3428 2102 μάρτυρος
3480 2037 3837 2107 ἀναιρέσεως,
3875 2042 4024 2096 ἀλλὰ

2435 2107 2534 2177 τῆς
2568 2113 2654 2164 ἐπ’
2683 2115 2833 2185 αὐτῷ
2860 2118 3144 2190 δυνάμεως
3173 2123 3266 2174 τοῦ
3307 2125 3548 2195 Χριστοῦ
3578 2130 3778 2198 μᾶλλον
3807 2135 4024 2204 μάρτυ-

2435 2217 2526 2271 ρες
2551 2198 2692 2272 ἦσαν
2732 2211 2984 2278 φανερῶς
3039 2213 3491 2283 ἀπαράγραπτοι.
3546 2222 3748 2272 Λέαινα
3784 2225 3879 2288 μὲν
3907 2226 4022 2292 γαρ

2433 2293 2582 2360 αὐτῴ
2641 2299 2933 2365 ὲπαφίεται
3008 2302 3149 2354 πάνυ
3215 2306 3401 2374 ἀγρία,
3463 2309 3583 2376 ἥτις
3642 2310 3882 2380 σφοδρῶς
3921 2316 4024 2381 μὲν

2432 2383 2610 2437 ἔπεισι
2632 2387 2708 2456 τῷ
2752 2389 2938 2460 Ἀγίῳ,
2973 2394 3030 2444 οὐ
3067 2394 3174 2464 μὴν
3203 2395 3344 2449 ὥστε
3393 2399 3738 2467 λαφύξασθαι
3780 2407 3811 2474 ἦ
3847 2408 4023 2477 ὀλίγῳ

2431 2475 2669 2545 δήγματι
2699 2480 2959 2551 λυπῆσαι,
2993 2485 3105 2538 ἀλλ’
3134 2487 3275 2541 ὥστε
3304 2491 3429 2552 τοὺς
3483 2494 3695 2547 ὲκεέιιου
3724 2498 3887 2560 πόδας
3927 2502 4021 2551 εὐ-

2432 2572 2626 2634 νοϊκῶς
2659 2575 3101 2644 περιπτύξασθαι
3126 2597 3140 2610 ·
3200 2582 3377 2635 ἔκλινε
3411 2585 3510 2654 μὲν
3563 2587 3672 2658 γὰρ
3703 2590 3885 2652 αὐτοῖς
3929 2593 4022 2643 τὸν

2429 2662 2654 2731 αὐχένα,
2693 2666 2910 2730 ύπένιξε
2970 2669 3025 2721 δὲ
3056 2674 3120 2740 τῇ
3151 2672 3369 2742 γλώττῃ
3403 2678 3469 2729 τά
3522 2678 3666 2748 ἴχνη,
3701 2698 3798 2732 και
3826 2681 4020 2752 ῶσπερ

2430 2753 2622 2820 ’ἤχθετο
2639 2755 2718 2805 ὅτι
2741 2759 2814 2821 μὴ
2833 2760 2924 2809 καί
2949 2765 3130 2827 φωνὴν
3155 2763 3502 2831 ἁπιθρωπεῖαν
3525 2766 3636 2837 εἶχε
3671 2773 4022 2840 συμφθεγγο-

2431 2843 2598 2913 μένην
2654 2845 2795 2917 ὑπὲρ
2832 2849 3112 2912 εὐσεϐείας
3167 2851 3244 2922 τῷ
3302 2859 3567 2926 μάρτυρι.
3624 2863 3699 2913 Οὐ
3747 2864 3802 2914 δὲ
3836 2865 4020 2917 ταῦτα

2431 2938 2680 2991 πείθουσι
2707 2940 2797 2992 τὸν
2821 2943 2962 2995 κατὰ
2987 2943 3078 2996 τὸν
3104 2944 3305 3016 Φαραὼ
3333 2949 3760 3020 σκληροκάρδιον
3779 2955 4021 3022 βασιλέα

2433 3031 2772 3100 μεταμαθεῖν
2831 3035 2927 3106 τὴν
2979 3037 3290 3104 εὐσέϐειαν,
3334 3042 3449 3095 ἀλλ’
3476 3044 3668 3115 ὥσπερ
3699 3047 4015 3114 ἀσθένειαν,

2429 3120 2510 3171 ὅτι
2564 3121 2721 3189 θῆλυ,
2776 3131 3080 3195 καταγνοὺς
3130 3124 3223 3184 τού
3287 3134 3498 3206 θηρίου,
3559 3142 3650 3192 καὶ
3690 3143 3898 3212 ἄρρενα
3936 3145 4016 3213 τῷ

2431 3212 2667 3283 μάρτυρι
2700 3219 3068 3287 συναφεθῆναι
3095 3224 3309 3276 κελεύει
3339 3241 3352 3256 ·
3380 3231 3630 3290 κάκεῖνος
3671 3235 3834 3284 οἱονεὶ
3873 3239 4016 3305 πρὸς

2425 3305 2524 3374 τὴν
2549 3305 2769 3374 θηλειαν
2825 3311 3229 3378 ἁμιλλώμενος,
3291 3317 3590 3371 ἀπωθεῖται
3645 3323 3743 3389 μὲν
3776 3327 4012 3393 ταύτην,

2424 3393 2575 3459 οὗτος
2602 3399 2657 3450 δὲ
2689 3401 2765 3468 τῷ
2803 3401 3037 3469 μάρτυρι
3073 3406 3441 3475 προσδραμὼν
3468 3413 3860 3480 περιπλέκεται
3897 3421 4012 3480 τοῖς

2427 3489 2575 3550 ποσὶ,
2606 3489 2955 3558 περιφύεται,
3019 3495 3216 3561 σαίνει,
3272 3501 3490 3569 σκιρτᾷ,
3538 3504 3781 3571 σχήμασί
3819 3523 3875 3557 τε
3911 3510 4012 3561 καὶ

2425 3582 2676 3648 νεύμασι,
2712 3584 2802 3634 καὶ
2832 3588 3111 3653 κινήμασι,
3147 3591 3245 3658 τὴν
3271 3590 3485 3644 εὔνοιαν
3508 3596 3864 3664 ἀπαγγέλλει.
3883 3600 4010 3652 Τῶν

2423 3669 2481 3722 δὲ
2513 3671 2685 3724 ταῦτα
2715 3673 3042 3741 βλεπόντων,
3077 3680 3125 3730 οἱ
3163 3679 3263 3747 μὲν
3300 3684 3482 3747 ποσῶς
3503 3687 3733 3754 ὁρῶντες
3759 3694 3871 3751 τοῖς
3904 3693 4011 3759 τῆς

2420 3765 2599 3834 ψυχῆς
2658 3767 2976 3834 ὀφθαλμοῖς,
3038 3771 3198 3831 εὐθὺς
3266 3775 3434 3826 ἐϐἑων
3499 3780 3670 3843 μέγαν
3721 3776 3862 3832 εἶναι
3913 3788 4009 3834 τὸν

2435 3857 2776 3925 Ἐλευθερίου
2809 3860 2960 3922 Θεδν,
2989 3860 3036 3911 οἱ
3072 3860 3126 3912 δὲ
3162 3864 3565 3930 τυφλώττοντες
3622 3869 3712 3920 διὰ
3747 3872 3846 3940 τὴν
3878 3877 4011 3925 ἀσέ-

2423 3947 2598 4013 ϐειαν,
2630 3950 2827 4006 πλάνον
2863 3955 2955 4006 καὶ
2984 3959 3276 4024 φαρμακὸν
3311 3957 3399 4011 τὸν
3436 3959 3625 4028 Ἀγιον
3664 3965 4006 4024 ἀπεκάλουν.

2435 4043 2572 4096 Ἀλλ’
2605 4047 2955 4116 ἐμφραγῆναι
2983 4051 3197 4113 πάντως
3229 4053 3333 4105 ἔδει
3364 4059 3427 4109 τὰ
3462 4060 3610 4131 χείλη
3637 4063 3701 4114 τὰ
3725 4064 3895 4125 δόλια.
3927 4069 4008 4132 ὡς

2421 4134 2449 4186 ὁ
2479 4137 2619 4196 θεῖος
2651 4138 2753 4205 ἔφη
2785 4138 2964 4199 Δανῒδ,
2995 4143 3060 4192 τὰ
3113 4143 3378 4199 λαλοῦντα
3438 4154 3576 4204 κατὰ
3631 4155 3724 4206 τοῦ
3782 4137 4005 4212 diuiso

2423 4228 2672 4297 ἀνομίαν,
2714 4231 2770 4281 ἐν
2819 4231 3198 4307 ύπερηφανείᾳ
3254 4240 3345 4290 καὶ
3407 4242 3774 4308 ὲξουδινώσει,
3808 4241 4007 4322 ὥσπερ

739 4308 980 4380 Quorum
1012 4322 1192 4367 autem
1225 4312 1420 4364 mentis
1451 4311 1598 4364 visos
1625 4310 1963 4376 caecutiebat,
1995 4312 2032 4364 ii
2064 4325 2311 4367 sanctum

2428 4322 2530 4391 ἄρα
2550 4325 2640 4374 καὶ
2667 4323 3074 4394 ὲνεφράγησαν,
3103 4331 3195 4380 καὶ
3217 4335 3312 4399 τὴν
3335 4334 3569 4402 ἐσχάτην
3600 4340 3810 4409 σιωπὴν
3836 4346 4006 4396 ἐσιώ-

741 4410 1014 4460 vocabaut
1080 4404 1300 4474 planum
1359 4411 1416 4456 et
1485 4402 1808 4467 maleﬁcum,
1864 4407 1955 4474 qui
2015 4407 2128 4461 haec
2188 4408 2318 4462 solis

739 4498 1032 4567 praestigiis
1083 4493 1220 4549 falso
1270 4493 1502 4548 iaciebat
1547 4509 1828 4562 apparere.
1879 4494 1984 4549 Sed
2034 4497 2147 4550 ﬁeri
2207 4515 2313 4554 non

2421 4431 2602 4484 πησαν
2626 4430 2639 4443 ο
2676 4416 2873 4482 μεταξτυ
2913 4416 3020 4484 γὰρ
3043 4418 3148 4471 τῶν
3183 4419 3353 4487 λόγων
3384 4426 3631 4492 ἀοράτως
3667 4431 4000 4503 πληγέντες,

2415 4507 2646 4558 θάνατον
2671 4505 2835 4568 εὐθὺς
2869 4501 3026 4576 εὖρον
3059 4512 3126 4563 τὰ
3161 4512 3258 4581 τῆς
3296 4513 3652 4588 βλασφημίας
3685 4523 3958 4596 ἐπίχειρα.

740 4604 971 4665 poterat.
1023 4594 1079 4647 ut
1129 4596 1180 4646 in
1232 4591 1316 4646 bis
1362 4590 1543 4646 divina
1571 4590 2141 4661 quiesceretjustitia;
2196 4600 2288 4653 sed
2331 4603 2614 4674 oportebat
2663 4604 2882 4658 omnino
2951 4607 3160 4660 obslrui
3207 4610 3353 4664 labra
3404 4615 3610 4680 dolosa,
3681 4629 3739 4671 ut
3776 4590 4005 4678 dit-inus

741 4689 873 4745 dicit
915 4684 1110 4748 David,
1140 4699 1259 4752 quae
1290 4683 1549 4738 adversus
1614 4684 1821 4754 justum
1889 4685 2251 4755 loquebantur
2314 4691 2682 4765 iniquitatem.
2735 4697 2786 4749 in
2837 4699 3087 4766 superbia
3159 4703 3367 4756 scilicet
3417 4717 3471 4758 et
3515 4715 3919 4780 contemptione
3982 4735 4000 4771 :

741 4781 883 4833 sicut
918 4777 1079 4832 etiam
1115 4774 1390 4830 obstructa
1425 4787 1574 4840 sunt,
1611 4788 1664 4829 et
1695 4777 1889 4830 ultimo
1920 4779 2122 4836 siluere
2189 4783 2427 4843 silentio.
2495 4788 2629 4842 Nam
2687 4790 2830 4843 inter
2901 4793 3228 4860 loquendum
3301 4798 3406 4852 ictu
3454 4803 3720 4870 percussi,
3758 4806 3848 4874 qui
3884 4822 4000 4860 non

741 4871 969 4929 cadebat
997 4868 1100 4924 sub
1141 4877 1440 4936 aspectum,
1475 4867 1722 4937 protinus
1763 4869 2036 4939 accipiunt
2080 4886 2308 4926 mortem
2349 4881 2569 4944 praemia
2603 4879 2969 4949 blasphemiae.

812 4987 931 5044 XII.
987 4986 1207 5053 Iniquus
1238 4994 1418 5037 autem
1479 4985 1771 5052 imperator
1817 4987 1871 5040 in
1925 5002 2190 5042 summam
2224 4993 2319 5042 ad-

743 5081 940 5136 duetus
970 5075 1380 5141 dubitationem,
1415 5085 1700 5144 postquam
1736 5078 1868 5132 vidit
1899 5082 2081 5137 omnia
2119 5082 2314 5136 cedere

741 5174 998 5243 martyris
1030 5167 1199 5224 ruenti
1225 5177 1281 5220 et
1326 5170 1536 5236 gratiae,
1571 5185 1697 5224 eum
1729 5181 1908 5226 morte
1955 5174 2310 5238 condemnat,

743 5281 868 5338 quae
902 5262 1082 5333 gladio
1111 5262 1181 5316 sit
1208 5261 1259 5314 ei
1295 5259 1594 5316 alierenda.
1624 5261 1760 5317 Nam
1783 5266 2040 5332 quoniam
2065 5271 2309 5338 martyrii

744 5369 944 5411 cursus
993 5366 1106 5407 non
1161 5362 1379 5422 poterat
1431 5352 1590 5406 aliter
1622 5353 1780 5408 linem
1838 5358 2186 5426 accipere,et
2216 5362 2304 5413 hic

741 5451 858 5516 ipse
879 5446 1080 5501 athleta
1117 5449 1302 5497 venire
1326 5448 1392 5496 ad
1418 5443 1716 5512 Christum,
1749 5462 1906 5516 quem
1943 5451 2307 5516 desiderabat,

741 5540 916 5610 ipsum
937 5537 1179 5606 quidem,
1199 5536 1286 5602 qui
1304 5546 1430 5591 sunt
1451 5535 1609 5602 hujus
1627 5540 1700 5589 rei
1727 5540 1982 5602 ministri,
2006 5543 2188 5609 gladio
2214 5546 2297 5597 in-

742 5631 1015 5682 terimunt.
1041 5625 1241 5679 Deinde
1263 5634 1486 5678 matrem
1510 5642 1857 5695 quoquequee
1881 5642 1994 5682 erat
2025 5632 2142 5698 ejus
2167 5633 2305 5687 collo

737 5720 1084 5781 circumfusa,
1109 5729 1162 5770 et
1190 5720 1234 5770 ei
1263 5720 1432 5786 magis
1461 5727 1622 5774 corde
1644 5736 1808 5786 quam
1833 5737 1927 5775 ore
1953 5727 2298 5780 adhaerebat:

737 5809 867 5866 nihil
918 5817 1093 5862 autem
1135 5812 1400 5865 muliebre
1452 5821 1542 5863 aut
1597 5823 1896 5867 maternum
1947 5815 2296 5884 loquebatur,

2489 4994 2588 5050 lB’.
2627 4995 2685 5051 '0
2718 4998 2900 5066 μέντοι
2933 5000 3251 5071 παράνομος
3278 5003 3530 5073 βασιλεὺς
3558 5015 3669 5073 τοῖς
3700 5015 3840 5078 ὅλοις
3863 5019 4001 5072 dno-

2418 5085 2624 5156 ρηθεῖς,
2659 5091 2781 5141 ἐπεὶ
2807 5092 2900 5141 καὶ
2925 5092 3101 5146 πάντα
3142 5095 3284 5164 ἑώρα
3309 5100 3406 5166 τῆς
3436 5103 3527 5152 τοῦ
3572 5105 3807 5176 ἀθλητοῦ
3840 5114 3992 5176 γνώ-

2417 5195 2524 5248 μης
2560 5181 2866 5249 ἡττώμενα,
2918 5185 3146 5240 Θάνατον
3197 5189 3363 5241 αὐτοῦ
3417 5197 3737 5266 κατακρίνει
3777 5201 3866 5252 τὸν
3900 5205 3996 5260 διὰ

2416 5274 2712 5343 μαχαίρας.
2747 5276 2917 5327 Αὐτὸν
2951 5278 3047 5345 μὲν
3073 5275 3166 5332 οὖν
3195 5280 3360 5338 εὐθὺς
3402 5286 3451 5335 οἱ
3507 5290 3644 5356 πρὸς
3679 5291 3840 5345 τοῦτο
3871 5295 3992 5349 δια-

2413 5363 2693 5427 κονοῦντες
2721 5367 3005 5436 ἀναιροῦσι
3049 5370 3124 5438 τῷ
3157 5372 3321 5438 ξίςςει.
3360 5377 3590 5430 Ἔπειτα
3627 5389 3714 5432 και
3740 5388 3837 5451 τὴν
3878 5406 3989 5458 μη-

2412 5454 2545 5523 τέρα
2578 5458 3009 5527 περιπλακεῖσαν
3046 5465 3210 5515 αὐτοῦ
3233 5465 3310 5536 τῷ
3346 5471 3624 5541 τραχήλῳ,
3666 5480 3757 5526 και
3788 5484 3992 5552 καρδίᾳ

2414 5546 2661 5615 μᾶλλονῆ
2692 5549 2916 5615 στόματι
2940 5559 3475 5626 περιπτυςσομένην,
3507 5570 3815 5627 γυναικεῖον
3832 5573 3993 5621 οὐδὲν

2411 5638 2442 5705 ἢ
2469 5641 2734 5707 μητρικὸν
2763 5644 3253 5717 ἐπιφθεγγομένην,
3277 5653 3335 5702 οὐ
3370 5652 3411 5702 δ’
3443 5656 3659 5718 ἀνάξιόν
3701 5678 3746 5711 τ.
3775 5662 3990 5716 tomis“:

2409 5731 2619 5795 παιδὸς,
2657 5733 2793 5784 ἀλλὰ
2819 5738 2910 5787 καὶ
2947 5740 3056 5798 τοῖς
3083 5741 3290 5805 ἀγῶσιν
3315 5745 3476 5796 αὐτοῦ
3521 5750 3719 5814 μᾶλλον
3755 5755 3988 5823 φαιδρυ-

2408 5823 2659 5891 νομένην,
2693 5823 2935 5896 ἀνηλεῶς
2957 5831 3003 5880 οἱ
3044 5829 3323 5896 δυσσεϐεῖς
3358 5838 3624 5909 ἐχομένην
3665 5843 3757 5894 τοῦ
3793 5846 3984 5911 παιδὸς
