4212 6440
193 408 291 471 149
1472 413 1648 474 VITA
1690 413 1728 471 S

1791 412 2140 472 GEORGII.
3315 408 3412 471 150

179 518 304 585 πρὸς
335 534 502 586 ονομα
532 518 767 570 καλοῦσα
792 517 881 571 τὸν
918 517 1159 590 ἀθλητήν
1181 536 1192 548 ·
1231 518 1425 572 ἔπειτα
1452 521 1545 573 καὶ
1572 521 1729 589 ἄγγε-

1768 521 2023 585 Αδηίιηο
2065 520 2317 589 appellat.
2368 521 2435 575 Et
2469 521 2571 574 hoc
2621 518 2834 588 quidem
2878 518 2999 573 loco
3038 518 3146 573 divi
3200 518 3414 575 Davldis

178 608 258 669 λος
286 607 422 660 Θεοῦ
457 609 763 679 παραστὰς,
806 608 923 661 λύει
967 610 1067 679 μὲν
1105 609 1215 662 τῶν
1245 610 1464 680 δεσμῶν
1518 612 1741 664 ἐκείνων

177 694 315 763 μάλα
358 697 899 771 ῥᾳδίωςηθεραπεύει
934 700 989 751 δὲ
1022 699 1122 762 τὰς
1155 702 1369 770 πληγὰς
1392 701 1581 773 ὥσπερ
1611 704 1731 756 οὐδὲ

1850 614 2053 666 dictum
2103 614 2397 683 impletur:
2438 629 2455 663 r
2504 611 2762 666 lmmittet
2814 611 3037 681 angelus
3084 611 3300 665 Domini
3363 612 3415 664 in

1838 706 2063 757 circuitu
2095 706 2399 760 timentium
2428 720 2573 766 eum,
2602 713 2656 757 et
2683 704 2871 772 eripiet
2905 717 3022 756 eos.
3073 721 3092 751 ι

175 790 470 856 γενομένας
523 792 805 859 πρότερον,
834 790 895 842 ού
938 793 1043 860 μὴν
1095 792 1231 845 ἀλλὰ
1288 795 1382 845 καὶ
1419 794 1494 856 ὡς
1534 795 1684 859 φίλον
1709 795 1808 864 ήδη
1849 796 1942 847 καὶ
1974 797 2311 866 συμπολίτην
2336 796 2734 867 προσαγορεύει
2766 796 2835 848 τὰ
2869 793 3223 864 φιλικώτατα.
3271 794 3417 861 Πλη-

178 880 359 947 ροῦται
410 880 515 949 γὰρ
550 879 825 933 κάνταῦθα
855 882 914 932 τδ
944 881 1049 934 ὑπὸ
1098 883 1190 936 τοῦ
1248 883 1390 935 θείου
1439 884 1600 937 Δαυῖδ
1658 890 2152 959 προηγορευμένον,
2193 889 2276 940 ὅτι
2316 908 2334 939 α
2381 886 2734 959 Παρεμὸαλεῖ
2780 888 3010 954 ἄγγελος
3061 887 3263 957 Κυρίου
3322 884 3421 938 κύ·

173 975 279 1041 κλῳ
308 974 414 1024 τῶν
451 972 796 1039 φοΰουμένων
821 972 1003 1037 αὑτὸν,
1034 973 1127 1024 καὶ
1156 972 1379 1042 ῥύσεται
1402 974 1618 1036 αὐτούς.

240 1065 341 1116 IA'.
380 1060 511 1113 Εἶτα
538 1063 628 1113 τὸν
656 1062 847 1129 ’Λγιον
877 1062 1173 1130 ὲνησθῆναί
1204 1081 1261 1115 τε
1294 1068 1405 1125 τοῖς
1435 1066 1739 1132 γινομένοις

170 1154 257 1205 καὶ
287 1153 510 1214 δοξάσαι
539 1153 629 1203 τὸν
658 1153 883 1221 Κύριον,
925 1154 1155 1222 ’Υψώσω
1184 1170 1266 1219 σε,
1289 1155 1537 1222 λέγοντα,
1556 1160 1583 1209 6
1606 1158 1737 1223 Θεός

170 1262 293 1311 μου,
346 1244 373 1294 6
408 1242 671 1306 Βασιλεύς
729 1261 853 1311 μον,
910 1248 1001 1297 καὶ
1031 1246 1313 1314 εὐλογήσω
1352 1248 1410 1298 τὸ
1440 1247 1612 1317 ὄνομα
1644 1266 1737 1301 σου

166 1341 238 1398 είς
268 1338 359 1389 τον
392 1338 564 1390 αἰῶνα
587 1354 601 1369 ο
636 1341 838 1391 αἰνέσω
860 1339 951 1391 τὸν
983 1340 1117 1391 Θεόν
1144 1358 1244 1408 μου
1274 1342 1362 1393 διὰ
1398 1344 1619 1404 παντὸς,
1647 1343 1738 1395 τὸν

164 1428 289 1479 θεὸν
323 1430 411 1479 τὸν
446 1429 809 1496 εὐφραίνοντα
834 1430 930 1497 τὴν
964 1431 1188 1496 νεότητὰ
1226 1449 1348 1499 μου.
1402 1427 1532 1483 Εἶτα
1569 1449 1735 1499 φανε-

164 1522 251 1586 ρὸν
274 1520 467 1572 ἑαυτὸν
492 1520 568 1589 τῷ
592 1519 802 1589 βασιλεῖ
829 1523 917 1571 καὶ
945 1524 1052 1582 τοῖς
1081 1521 1256 1583 ἄλλοις
1291 1522 1459 1575 ποιῶν
1479 1524 1506 1575 6
1527 1523 1731 1590 Ἄγιος,

164 1610 325 1677 μέσος
360 1612 539 1664 αὐτῶν
600 1613 830 1680 γίνεται,
894 1611 1085 1675 θυσίας
1149 1618 1262 1677 τοῖς
1314 1615 1509 1683 ἐπίσης
1549 1616 1734 1679 αὐτοῖς

161 1703 503 1773 ἀναισθήτοις
560 1705 941 1773 προσαγόντων
999 1706 1161 1768 θεοῖς,
1200 1709 1351 1777 φωνῇ
1388 1724 1447 1759 τε
1479 1707 1734 1777 λαμπρο-

160 1796 311 1864 τέρα,
384 1797 699 1863 Ἐπίγνωθι,
755 1795 999 1864 βασιλεῦ,
1055 1796 1186 1865 ἔφη,
1249 1799 1332 1860 τίς
1390 1799 1487 1867 μὲν
1515 1797 1732 1866 ὲγὼ,δν

161 1886 314 1954 ὑμεῖς
372 1890 453 1949 εἰς
514 1888 789 1942 ἀπώλειαν
831 1890 1188 1952 ὲκδεδώκατε,
1220 1890 1302 1952 τίς
1352 1890 1409 1943 δὲ
1446 1892 1673 1954 ἐκεῖνος,
1703 1893 1732 1944 6

158 1977 253 2042 τῆς
277 1981 478 2044 πικρᾶς
505 1980 658 2046 ὑμῶν
682 1980 997 2043 ἀπαλλάξας
1027 1998 1091 2047 με
1117 1981 1389 2049 τιμωρίας
1418 1998 1431 2011 ⁸
1465 1981 1733 2047 ἑπίγνωτε

158 2064 367 2127 τοῦτον,
396 2070 490 2118 καὶ
528 2068 661 2118 Θεὸν
696 2070 948 2136 ἀληθινὸν
971 2066 1110 2121 εἶναι
1142 2070 1489 2137 πιστεύσατε,
1516 2074 1732 2124 παυσά-

162 2173 310 2224 μενοι
340 2159 627 2225 προσέχειν
661 2159 824 2221 θεοῖς,
852 2160 1044 2224 οἵτινες
1069 2162 1128 2212 ού
1169 2162 1328 2226 μόνον
1350 2163 1576 2230 ἑτέροις,
1598 2164 1732 2217 ἀλλὰ

160 2248 246 2297 καὶ
280 2248 491 2310 ἑαυτοῖς
513 2249 761 2303 ἀδύνατοι
786 2251 1022 2320 βοηθεῖν.
1063 2253 1300 2305 Ἤκουσε
1320 2256 1491 2307 ταῦτα
1514 2256 1541 2306 6
1574 2254 1731 2323 βασι-

156 2338 300 2401 λεὺς.
340 2343 434 2392 καὶ
486 2344 584 2409 τὴν
636 2344 756 2412 ὄψιν
792 2343 1117 2412 προσϐαλὼν
1158 2346 1234 2413 τῷ
1267 2347 1526 2416 μάρτυρι,
1559 2347 1643 2408 τίς
1672 2362 1728 2398 τε

154 2434 241 2500 εἴη
296 2432 703 2497 διεπυνθάνετο,
767 2440 859 2487 καὶ
899 2437 1026 2504 περὶ
1081 2438 1180 2504 τὴν
1225 2437 1355 2487 θέαν
1392 2439 1729 2506 ἀμφαγνοεῖν

1920 1067 2008 1120 XI.
2058 1065 2319 1133 Georgius
2353 1066 2588 1129 posthac
2634 1064 2852 1131 gavisus
2906 1064 2972 1117 de
3029 1064 3110 1117 his
3165 1063 3416 1117 omnibus

1852 1158 2131 1212 Dominum
2176 1158 2489 1226 gloriﬁcavit
2523 1173 2538 1208 :
2588 1156 2852 1209 Exaltabo
2882 1168 2951 1218 te,
3002 1155 3169 1219 Deus,
3203 1156 3414 1218 dicens,

1850 1250 1919 1301 mi
1959 1265 2074 1311 rex,
2109 1258 2164 1302 et
2210 1247 2439 1301 laudabo
2480 1262 2672 1299 nomen
2706 1254 2852 1300 tuum
2887 1246 2939 1298 in
2970 1256 3256 1298 aeternum.
3288 1245 3417 1299 ςιο.

1850 1339 2071 1393 riﬁcabo
2110 1340 2275 1392 Deum
2307 1351 2482 1391 meum
2528 1352 2763 1407 semper,
2804 1335 2971 1390 Deum
3000 1337 3088 1404 qui
3125 1336 3418 1390 hetilicavit

1850 1430 2187 1497 juventutem
2239 1446 2433 1484 meam.
2483 1429 2613 1484 Dein
2666 1442 2887 1484 sanctus
2919 1444 3097 1483 coram
3147 1444 3270 1499 rege
3309 1446 3414 1482 caa-

1843 1522 2082 1587 terisqne
2125 1536 2186 1576 se
2261 1524 2591 1575 constituens
2645 1522 2735 1589 qui
2792 1522 2894 1575 diis
2962 1521 3211 1574 inanibus
3258 1536 3416 1577 sacra

1845 1610 2131 1674 faciebant,
2155 1611 2299 1664 clara
2324 1624 2453 1663 voce
2480 1628 2491 1662 :
2527 1609 2898 1669 Considerate.
2931 1610 3123 1675 inquit,
3150 1610 3270 1677 quis
3293 1623 3414 1679 ego,

1844 1717 2001 1770 quem
2035 1701 2292 1771 perniciei
2326 1701 2639 1763 devovistis,
2676 1708 2730 1752 et.
2771 1701 2893 1767 quis
2920 1700 3004 1752 ille
3042 1701 3131 1769 qui
3166 1700 3297 1751 diris
3330 1715 3416 1752 me

1847 1793 2046 1847 vestris
2073 1794 2403 1846 cruciatibus
2432 1794 2649 1861 eripuit.
2682 1790 2833 1845 Hunc
2853 1791 3166 1860 cognoscite
3196 1805 3414 1842 verum-

1768 1929 1808 1983 Β
1839 1900 1942 1953 que
1964 1887 2123 1939 Deum
2142 1900 2259 1939 esse
2283 1884 2503 1945 credite,
2524 1884 2627 1937 diis
2656 1883 2853 1936 vestris
2876 1883 2985 1950 jam
3012 1897 3113 1936 non
3135 1882 3416 1935 studentes

1843 1977 1931 2042 qui
1969 1992 2036 2029 ne
2065 1978 2167 2031 sibi
2205 1978 2351 2043 ipsis,
2381 1976 2578 2030 nedum
2623 1975 2741 2029 aliis
2781 1976 2982 2028 auxilio
3016 1989 3136 2028 esse
3162 1981 3407 2042 possunt.

1844 2067 1935 2120 His
1958 2067 2178 2126 auditis,
2217 2068 2509 2132 imperator
2535 2067 2706 2119 oculis
2734 2069 2783 2119 in
2817 2078 3112 2135 martyrem
3138 2064 3415 2119 conversis

1841 2159 1960 2226 quis
1999 2166 2141 2209 esset
2174 2156 2410 2224 rogavit;
2434 2155 2546 2223 jam
2582 2156 2720 2207 enim
2759 2156 2931 2210 oculis
2957 2153 3194 2208 diffidere
3220 2167 3407 2221 cmpe-

1844 2259 1945 2303 rat.
1979 2248 2109 2314 Quis
2165 2263 2352 2301 revera
2394 2246 2683 2315 Georgium
2713 2247 2889 2300 adhuc
2934 2246 3117 2300 vivere
3147 2246 3412 2308 suspicari

1843 2358 2003 2395 ausus
2037 2340 2234 2394 fuerit?
2279 2342 2399 2410 quis
2466 2356 2587 2393 eum
2620 2351 2741 2409 post
2776 2349 2854 2394 tot
2898 2351 2955 2393 et
3000 2348 3107 2392 tam
3153 2339 3269 2391 dira
3304 2347 3413 2390 tor-

1798 2493 1813 2515 ι
1841 2447 2015 2487 menta
2052 2434 2375 2487 incolumem
2409 2443 2460 2487 et
2485 2435 2701 2487 sanitati
2734 2433 2994 2485 redditum
3017 2430 3343 2486 crediderit?

157 2515 354 2590 ἐῴκει·
387 2523 487 2575 ποῦ
521 2525 626 2590 γὰρ
686 2523 777 2573 καὶ
833 2523 977 2583 εἰκὸς
1032 2519 1099 2592 ἦν
1137 2523 1411 2575 πιστεύειν
1454 2526 1534 2576 ὅτι
1568 2524 1663 2576 καὶ
1712 2520 1819 2585 ζῶν
1848 2525 2124 2593 διαρκέσει
2184 2524 2491 2593 Γεώργιος;
2551 2522 2625 2594 μὴ
2674 2523 2754 2575 ὅτι
2816 2525 2911 2575 καὶ
2940 2522 3008 2574 τὰ
3038 2524 3095 2574 ἐν
3129 2520 3204 2589 τῷ
3234 2522 3413 2592 τροχῷ

158 2620 326 2687 δεσμὰ
385 2617 664 2684 διακόψας,
719 2619 813 2668 καλ⁵
864 2618 962 2681 τὰς
1035 2619 1367 2689 ἀνηκέστους
1430 2620 1642 2692 πληγὰς
1703 2621 2037 2691 ὲξυγιωθεὶς,

155 2708 297 2779 ἴχνος
325 2728 379 2761 τι
403 2708 676 2771 κολάσεως
713 2711 1097 2779 ἐπισημαιειειν
1130 2712 1206 2780 τῷ
1233 2712 1445 2781 σώματι
1472 2732 1485 2779 ;

2116 2620 2329 2691 ἀπαθὴς
2388 2621 2447 2680 τὸ
2500 2618 2768 2673 σταοάπαν
2817 2620 3066 2686 ὁρᾶσθαι,
3132 2618 3224 2668 καὶ
3277 2618 3411 2685 μηδὲ

226 2799 327 2857 ω’,
372 2800 527 2852 Ἐπεὶ
575 2801 631 2852 δὲ
681 2802 889 2863 ἐκεῖνος
936 2801 1095 2853 πάλιν
1136 2803 1330 2854 ἑαυτὸν
1376 2802 1607 2865 ἐδείκνυ,
1636 2805 1729 2857 καὶ

1768 2798 1804 2849 Ε
1910 2804 2023 2859 XII.
2060 2803 2250 2858 Postea
2284 2800 2495 2871 publice
2526 2799 2837 2869 prodeundo
2860 2798 3110 2853 omnibus
3144 2798 3235 2867 qui
3271 2812 3401 2852 ocu-

154 2894 264 2954 τοῖς
303 2892 379 2961 μὴ
406 2893 544 2944 πάνυ
581 2894 941 2961 πεπηρῶσθαι
974 2893 1068 2945 καὶ
1101 2892 1415 2961 ὀφθαλμοὺς
1463 2896 1560 2948 καὶ
1608 2895 1731 2947 νοῦν

158 2983 505 3052 βουλομένοις
536 2983 787 3050 ἐπίδηλος
822 2980 908 3051 ἦν,
953 2986 1045 3034 καὶ
1082 2985 1243 3047 αὐτὸς
1271 2981 1409 3037 εἷναι
1437 2986 1729 3055 Γεώργιος,

156 3074 318 3137 αὐτὸς
342 3077 368 3125 6
392 3074 489 3141 τῆς
538 3074 791 3142 ἀληθείας
852 3074 1062 3143 μάρτυς
1097 3076 1341 3144 ἀκριϐῶς
1382 3078 1729 3130 ἐπιστεύετο·

156 3161 370 3222 πολλοῖς
430 3160 598 3221 αἴτιος
636 3162 906 3231 σωτηρίας
946 3163 1174 3229 ἐγίνετο,
1212 3164 1305 3214 καὶ
1351 3165 1446 3233 τῆς
1481 3166 1559 3225 εἰς
1593 3167 1730 3234 Χριο

158 3254 281 3304 στὸν
314 3253 548 3314 πίστεως
580 3255 841 3325 πρόξενος
876 3255 1081 3324 ἀληθής
1105 3271 1118 3284 ⁸
1148 3256 1239 3308 καὶ
1267 3253 1502 3325 πρώτοις
1535 3273 1597 3322 γε
1626 3256 1731 3308 τῶν

153 3346 351 3407 ἄλλων.
387 3350 499 3408 τοῖς
540 3350 631 3398 καὶ
656 3348 890 3417 πρώτοις
925 3349 1024 3418 τὴν
1060 3349 1402 3417 ἐπιφάνειαν,
1440 3348 1730 3418 Ἀνατολίῳ

155 3440 298 3507 φημὶ
361 3439 459 3488 καὶ
520 3438 883 3503 Πρωτολέοντι
940 3442 1052 3501 τοῖς
1098 3441 1517 3508 στρατηλάταις.
1553 3441 1615 3492 Οἳ
1642 3441 1734 3492 καὶ

156 3528 406 3597 φανερῶς
447 3527 542 3579 ἕνα
576 3528 706 3577 Θεὸν
755 3529 1005 3597 ἀληθινὸν
1059 3525 1197 3581 εἶναι
1249 3530 1355 3581 τῶν
1390 3532 1732 3600 Χριστιανῶν

154 3622 591 3690 ἀνακράξαντες,
616 3622 671 3673 ὲν
700 3621 886 3683 τόποις
915 3622 1141 3690 ἐρήμοις
1184 3623 1561 3691 κατακοπῆναι
1594 3624 1731 3692 μετὰ

149 3712 255 3764 τῶν
284 3714 465 3765 ἄλλων
491 3713 599 3764 τῶν
634 3716 1364 3781 συμπιστευσαντωναύτοῖς
1396 3716 1729 3785 κατεκρίθη·

151 3818 272 3863 σαν,
312 3803 411 3854 καὶ
437 3804 598 3855 τοῦτο
631 3805 820 3871 μισθὸν
848 3802 989 3874 εἶχον
1009 3806 1107 3874 τῆς
1133 3805 1434 3871 εὐσεϐείας,
1461 3806 1522 3858 τὸ
1550 3809 1733 3860 ἐκεῖνα

149 3894 369 3953 παθεῖν,
396 3892 430 3944 ἃ
466 3893 643 3959 πολλῷ
681 3895 883 3959 μᾶλλον
910 3896 1033 3955 τοὺς
1070 3897 1168 3964 τὴν
1205 3896 1386 3963 κρίσιν
1422 3896 1734 3961 ἐξενεγκόνο

148 3999 244 4043 τας
270 3980 339 4051 ἦν
369 3984 541 4047 ἄξιον.
580 3985 946 4053 Ἀπαγόμενοι
970 3986 1025 4038 δὲ
1050 3988 1129 4047 εἰς
1152 3985 1242 4037 τὸν
1273 3989 1369 4056 τῆς
1398 3986 1730 4050 τελειώσεως

145 4076 338 4143 τόπον,
377 4077 578 4139 πάντες
609 4079 681 4141 ὠς
716 4081 776 4130 ὲκ
812 4082 939 4148 μιᾶς
968 4082 1059 4132 καὶ
1085 4079 1329 4149 γλώττης
1361 4080 1453 4132 καὶ
1482 4081 1729 4149 γνώμης,

148 4170 348 4236 Κύριε,
378 4168 631 4237 ἔκραζον,
658 4171 834 4238 Ἰησοῦ
858 4172 1084 4235 Χριστὲ,
1116 4173 1406 4237 προσδεξαι
1430 4173 1521 4233 τὰς
1552 4173 1726 4239 ψυχὰς

148 4264 309 4331 ἡμῶν
344 4266 402 4315 ἐν
436 4264 630 4335 εἰρήνῃ
652 4280 667 4295 σ
724 4266 817 4317 καὶ
850 4265 946 4317 τὴν
980 4264 1238 4335 βραχεῖαν
1274 4267 1564 4335 ὁμολογίαν
1594 4267 1725 4319 ταύ-

145 4372 244 4421 την
276 4357 379 4424 τῆς
413 4360 491 4417 είς
524 4358 580 4408 σὲ
617 4357 869 4421 πίστεως,
894 4360 973 4420 εἰς
997 4357 1343 4430 δικαιοσύνην
1374 4360 1729 4430 λογισάμενος

149 4447 244 4499 καὶ
275 4450 660 4518 ἀπολύτρωσιν
692 4450 797 4503 τῶν
828 4453 1109 4521 ἡμετέρων
1144 4453 1449 4521 ἁμαρτιῶν,
1488 4454 1592 4506 ὑπὸ
1631 4456 1731 4523 τὴν

147 4542 248 4607 σὴν
293 4542 449 4609 ημᾶς
510 4541 787 4611 ἁδιάδοχον
816 4545 1153 4609 κατάστησον
1212 4544 1524 4611 βασιλειανο
1559 4545 1729 4606 οὕτως

144 4632 427 4694 εἰπόντας.
454 4634 513 4685 τὸ
545 4634 643 4703 τῆς
680 4634 979 4702 μαρτυρίας
1010 4635 1289 4703 ἐκδέχεται
1314 4637 1483 4699 τέλος.
1516 4638 1725 4711 Ε·;ρέθη

1838 2896 1904 2948 Iis
1949 2910 2011 2949 ac
2062 2903 2241 2945 mente
2269 2891 2408 2957 capti
2474 2900 2577 2943 nan
2626 2900 2828 2952 essent,
2875 2889 3165 2956 Georgium
3221 2903 3279 2941 se
3311 2902 3410 2941 an-

1836 2983 2101 3039 nuntiavit
2146 2991 2200 3035 et
2247 2980 2490 3035 veritatis
2523 2981 2675 3033 testis
2706 2993 2826 3032 esse
2868 2980 3108 3031 creditus
3143 2990 3248 3041 est,
3287 2979 3404 3047 pln-

1840 3076 1992 3129 rimis
2034 3074 2225 3129 salutis
2257 3081 2447 3126 auctor
2485 3081 2537 3124 et
2573 3069 2693 3124 ﬁdei
2722 3069 2774 3122 in
2806 3064 3079 3122 Christum
3114 3068 3407 3135 sospitator

1842 3169 2037 3229 factus,
2069 3174 2125 3217 ut
2149 3163 2398 3217 Anatolio
2420 3172 2473 3216 et
2499 3160 2833 3225 Protoleonti
2859 3159 3081 3213 ducibus
3098 3158 3186 3226 qui
3222 3158 3272 3210 in
3301 3158 3411 3223 pri-

1839 3259 1940 3309 mis
1982 3257 2229 3309 iidelibus
2259 3254 2607 3307 exstiterunt.
2657 3250 2718 3303 lli
2772 3265 2934 3303 unum
2978 3250 3411 3304 Christianorum

1838 3352 2005 3405 Donni
2052 3363 2236 3402 verum
2266 3362 2383 3401 esse
2434 3345 2763 3400 unanimiter
2807 3348 3204 3405 exclamarunt,
3254 3350 3307 3392 et
3358 3340 3410 3392 in

1838 3445 1956 3499 loco
1988 3442 2202 3496 deserto
2254 3449 2312 3493 ut
2351 3438 2524 3507 capite
2573 3437 2937 3506 plecterentur
2983 3450 3106 3488 cum
3140 3432 3409 3501 aliquibus

1837 3538 2178 3591 consortibus
2224 3535 2567 3587 condemnati
2610 3543 2757 3586 sunt.
2810 3531 3030 3585 Pietatis
3073 3530 3234 3599 igitur
3268 3542 3409 3582 mer-

1836 3632 2023 3683 cedem
2058 3629 2201 3681 nacti
2233 3636 2383 3688 sunt,
2425 3640 2526 3691 qua
2560 3625 2772 3690 judices
2808 3625 2954 3688 impii
2989 3624 3159 3675 multo
3196 3621 3407 3688 dignio-

1839 3736 1927 3774 res
1957 3719 2193 3772 inerant.
2248 3717 2347 3771 Ubi
2392 3718 2444 3771 iu
2496 3715 2668 3769 locum
2726 3713 2967 3782 supplicii
3025 3722 3404 3779 pervenerunt,

1836 3827 2024 3870 omnes
2043 3826 2146 3865 una
2178 3825 2309 3864 voce
2342 3822 2393 3863 et
2427 3826 2525 3862 una
2558 3820 2767 3863 mente;
2797 3806 3015 3861 Domine
3031 3804 3153 3859 .Iesu
3175 3804 3407 3866 Christe,

1837 3906 2233 3967 clamaverunt,
2275 3901 2452 3970 recipe
2486 3902 2698 3953 animas
2736 3908 2945 3951 nostras
2981 3898 3029 3948 in
3066 3913 3225 3965 pace;
3274 3904 3327 3950 et
3365 3894 3409 3948 si

1838 3996 1985 4048 hisce
2016 3993 2171 4046 (idem
2205 3994 2256 4045 in
2284 4003 2333 4044 te
2356 3991 2696 4060 proﬁtemur,
2726 3989 2778 4040 in
2805 3987 3069 4056 jusutiam
3097 3986 3407 4053 imputabis,

1841 4094 1895 4138 et
1928 4084 2169 4137 remissis
2207 4082 2442 4149 peccatis
2492 4083 2542 4133 in
2583 4090 2787 4132 aeterno
2836 4093 2933 4130 nos
2968 4091 3133 4143 rogno
3168 4086 3255 4127 tuo
3282 4090 3413 4127 con-

1842 4179 2037 4238 stitue;
2079 4176 2274 4241 quibus
2317 4174 2474 4224 dictis
2517 4172 2760 4239 martyrii
2818 4184 3017 4221 corona
3070 4169 3149 4220 eis
3198 4168 3409 4235 obtigit.

1841 4264 2147 4319 Alexandra
2170 4279 2381 4333 quoque
2407 4262 2715 4331 imperatrir
2750 4261 2944 4314 bonam
2976 4268 3173 4312 terram
3203 4259 3408 4311 imitata

1838 4358 2007 4413 fuisse
2051 4367 2105 4412 et
2152 4372 2335 4412 semen
2386 4370 2415 4409 a
2453 4355 2682 4424 Georgio
2731 4350 2973 4422 sparsum
3011 4350 3133 4404 lidei
3164 4350 3215 4402 in
3244 4349 3405 4403 Chri-

1839 4465 1978 4507 stum
2017 4454 2309 4505 inseruisse
2341 4451 2570 4504 vitletur.
2610 4448 2865 4503 l’ietatetn
2904 4461 3135 4515 namque
3165 4447 3411 4499 modeste

1838 4545 2019 4597 colens
2062 4554 2115 4595 et
2164 4543 2528 4595 Christianam
2560 4554 2679 4592 sese
2714 4540 3001 4601 confitens,
3036 4539 3139 4605 piis
3168 4537 3407 4589 moribus

1839 4638 2091 4690 insistere
2122 4649 2393 4703 nunquam
2426 4632 2653 4686 destitit.

154 4728 251 4779 καὶ
307 4730 339 4794 ἡ
384 4726 595 4793 βασιλὶς
661 4728 1005 4798 Ἀλεξάνδρα,
1044 4731 1147 4798 τὴν
1199 4732 1411 4801 ἀγαθὴν
1466 4734 1570 4801 γῆν
1630 4735 2012 4803 μιμησαμένη,
2071 4733 2166 4786 κα)⁵
2221 4733 2511 4802 σπέρματα
2578 4730 2816 4784 λαϐοῦσα
2874 4728 2968 4781 καὶ
3032 4725 3286 4797 ἀφορμὰς
3336 4724 3407 4778 τά

147 4820 291 4871 κατὰ
326 4819 420 4871 τὸν
452 4817 592 4870 θεῖον
618 4818 905 4887 Γεώργιον,
952 4820 1218 4889 εῦσταχυν
1259 4822 1521 4890 ἐγεώργει
1563 4824 1660 4895 τὴν
1688 4826 1766 4888 είς
1817 4827 1906 4879 τὸν
1946 4825 2177 4895 Χριστὸν
2215 4826 2422 4877 πίστιν·
2456 4823 2596 4895 αὕτη
2642 4820 2703 4877 τὸ
2734 4824 2830 4876 νῦν
2864 4822 2986 4893 ἔχον
3032 4823 3223 4892 μικρὸν
3266 4822 3410 4891 παῤ-

147 4912 538 4981 ρησιασαμένη
574 4912 670 4981 τὴν
702 4911 1005 4967 εὑσέΰειαν.
1045 4914 1136 4965 καὶ
1186 4914 1514 4986 Χριστιανὴν
1546 4918 1744 4981 ἑαυτὴν
1791 4920 2265 4988 ἀνομολογήσασα,
2304 4917 2494 4985 ἔμενεν
2544 4915 2684 4970 οὕτω
2726 4916 2857 4983 παρ’
2912 4917 3079 4983 ἑαυτῆ
3131 4914 3407 4981 τρέφουσα

143 5002 274 5063 τοὺς
316 5002 567 5063 εὐσεϐεῖς
603 5004 916 5072 λογισμούς.

222 5095 322 5149 II".
358 5094 467 5145 Τὸν
502 5097 683 5161 μέντοι
708 5096 930 5164 βασιλέα
966 5098 1105 5150 κατὰ
1130 5097 1220 5149 τοῦ
1260 5100 1530 5169 μάρτυρος
1561 5100 1731 5170 θυμὸς

150 5186 443 5254 ὐποοήξας
478 5186 615 5251 ἄγαν
640 5188 862 5255 θερμὸς,
894 5190 1103 5258 χαλεπῇ
1148 5190 1305 5241 πάλιν
1337 5193 1497 5243 αὐτὸν
1532 5192 1729 5261 ἤπειγε

150 5280 502 5343 παραδοῦναι
536 5280 772 5331 κολάσει.
798 5281 1008 5350 Τιτάνῳ
1026 5281 1177 5349 γοῦν.
1202 5281 1259 5332 ὃν
1296 5283 1521 5349 σύνηθες
1546 5283 1730 5333 καλεῖν

146 5368 440 5431 ἄσϐεστον,
473 5370 976 5441 ἄρτισόεσθέντι,ἢ
1013 5374 1135 5438 τόγε
1158 5372 1521 5441 ἀληθέστερον
1553 5376 1729 5441 εἰπεῖν

148 5464 475 5531 ἀναφθέν-ιι,
538 5467 921 5535 συγχωςθῆναι
962 5467 1192 5529 κελεύει,
1250 5466 1499 5534 φύλακας
1551 5484 1609 5519 τε
1637 5466 1724 5519 διὰ

150 5555 353 5615 παντὸς
416 5556 801 5625 παρεδρεύειν,
846 5558 918 5620 ώς
953 5559 1118 5627 μηδὲν
1155 5560 1242 5610 ἐπ’
1296 5558 1447 5626 αύτῷ
1477 5558 1729 5625 γενέσθαι

148 5646 570 5715 φιλάνθρωπον,
635 5650 768 5718 μηδὲ
828 5649 1273 5720 κακουργηθῆναί
1336 5667 1390 5702 τι
1452 5650 1585 5718 πρὸς
1620 5651 1730 5702 τῶν

143 5741 367 5792 οικείων
420 5739 727 5806 μηόοτιοῦν.
801 5736 925 5810 Εἶχε
964 5744 1061 5811 μὲν
1090 5742 1234 5795 οὕτω
1294 5743 1354 5795 τὸ
1404 5741 1729 5795 κελευσθέν·

152 5822 214 5902 ἦρ
233 5835 373 5905 ερῶν
410 5833 465 5884 δὲ
491 5832 653 5903 τριῶν
678 5834 1094 5905 διαγενομένων,
1131 5838 1155 5887 6
1184 5837 1455 5905 βασιλεὺς,
1486 5838 1606 5889 ὅσον
1638 5839 1726 5890 επί

1915 5100 2053 5154 XIII.
2092 5099 2305 5168 Georgii
2338 5100 2503 5153 animi
2540 5098 2797 5154 fortitudo
2824 5097 3002 5153 eﬂecit
3053 5108 3105 5149 ut
3148 5106 3408 5163 tyrannus

1842 5194 1993 5247 navis
2015 5210 2135 5248 eum
2158 5192 2438 5262 suppliciis
2469 5194 2681 5246 tradere
2706 5190 2972 5245 Statuerit.
2998 5189 3163 5258 Igitur
3190 5191 3405 5243 ashesto

1838 5302 1957 5339 eum
2010 5285 2185 5353 obtegi
2262 5294 2316 5338 ct
2375 5284 2685 5337 custodibus
2741 5282 2977 5349 undique
3032 5280 3171 5348 cingi
3218 5280 3403 5348 jussit,

1839 5396 1905 5433 ne
1960 5381 2083 5448 quid
2136 5378 2257 5430 boni
2312 5378 2391 5430 vei
2438 5376 2561 5429 ntali
2606 5384 2899 5445 pateretur.
2944 5373 3034 5427 Sic
3082 5374 3405 5439 imperatum

1839 5476 2035 5527 fuerat.
2084 5470 2382 5533 [interiectis
2434 5469 2625 5521 deinde
2667 5467 2835 5518 tribus
2875 5466 3065 5519 diebus
3094 5464 3405 5531 imperator,

1842 5570 1897 5615 ut
1929 5576 2025 5629 par
2062 5570 2201 5621 erat,
2248 5561 2536 5628 Georgium
2566 5561 2901 5611 demortuum
2943 5571 3062 5609 esse
3091 5564 3146 5609 et
3173 5554 3283 5621 jam
3313 5570 3400 5622 pn«

1843 5657 2078 5705 trescerc
2114 5652 2356 5721 putabat.
2391 5652 2557 5717 Igitur
2602 5650 2797 5703 milites
2842 5647 3106 5714 delegavit
3145 5646 3234 5714 qui
3282 5659 3411 5700 ossa

1842 5742 2081 5797 defuncti
2114 5745 2253 5794 nulla
2288 5758 2433 5795 mora
2468 5737 3405 5809 dispergerentCln'istiauorumqne

1838 5835 2142 5890 liberalitati
2180 5836 2536 5896 insultarent;
2593 5832 2757 5898 probe
2784 5832 2925 5885 enim
2966 5838 3185 5883 noverat
3218 5823 3403 5895 quanti
