4212 6440
729 371 832 436 155

731 594 832 632 nus
869 578 984 631 falsi
1017 581 1302 632 convictus
1357 592 1437 634 cst
1472 600 1629 652 quam
1663 588 1750 654 qui
1797 588 1999 661 Moysis
2034 597 2307 652 miraculis

729 669 854 721 olim
916 670 1345 725 olitestarentur.
1404 672 1540 728 Hinc
1592 679 1744 733 multi
1801 684 2080 748 gentilium
2143 700 2301 756 atque

732 765 1036 817 incantator
1083 767 1198 832 ipse
1233 767 1603 834 Athanasius,
1647 772 1912 826 idolorum
1955 776 2186 832 falsitate
2222 797 2302 833 re-

730 858 966 919 cngnita,
997 857 1155 908 almae
1199 858 1420 922 pietatis
1460 861 1563 914 luci
1603 877 1661 916 se
1696 879 1816 917 cum
1857 865 2046 920 fiducia
2084 872 2301 925 dedide-

731 955 876 996 runt.
916 944 1016 1009 Qui
1067 962 1258 1003 onmes
1293 968 1393 1004 una
1446 970 1566 1006 cum
1619 970 1683 1008 eo
1735 974 1892 1025 quem
1927 959 2190 1029 Georgius
2235 967 2300 1018 ad

727 1040 889 1087 vitam
922 1042 1228 1106 reduxerat,
1268 1054 1494 1111 tyranno
1521 1047 1763 1116 jubente,
1819 1052 2011 1119 capitis
2063 1055 2298 1110 datnnati

728 1137 876 1188 sunt,
908 1130 1109 1183 Christi
1147 1134 1326 1200 sigillo
1357 1148 1514 1190 antea
1554 1141 1815 1208 insigniti.

727 1222 958 1275 εἰδώλων
990 1226 1194 1296 πλάνης
1223 1231 1550 1298 ἑτοιμότατα
1589 1236 1971 1302 καταγνόντες,
1998 1237 2074 1307 τῷ
2106 1241 2300 1306 φέγγει
2337 1245 2432 1313 τῆς

2031 391 2316 452 MENSIS
2357 398 2686 458 APRlLlS.

730 489 1100 556 phantasticos
1142 484 1509 546 subStitueret
1537 510 1549 558 ;
1585 497 1676 549 sed
1734 514 1760 551 a
1806 511 2041 570 martyre
2074 521 2176 557 non
2209 509 2306 561 mi-
2337 551 2346 566 λ

2413 511 2653 577 γεγονός.
2682 514 2759 564 Δι’
2790 515 2854 580 ἦν
2885 517 3063 568 αἰτίαν
3097 519 3190 570 καὶ
3258 520 3574 575 Ἀθανάσιόν
3631 527 3646 592 (

3654 524 3706 592 8)
3743 545 3864 581 τινα
3895 531 3983 592 εἰς

2417 604 2578 672 μέσον
2607 606 2952 674 παραχθῆναι
3005 609 3237 672 κελεύει,
3285 612 3443 675 δόξαν
3485 615 3578 668 οὸτι
3636 617 3893 688 πλείστην
3916 623 3987 674 bc

2412 696 2662 763 γοητείας
2707 697 2886 766 ἑαυτῴ
2931 701 3378 770 περιτιθέμενοι),
3441 707 3768 775 ἀνατρέπειν
3837 713 3989 765 οὕτω

2410 790 2526 845 ταῖς
2555 788 2718 839 αὐτοῦ
2757 791 3077 855 φαντασίαις
3107 794 3449 862 πειρώμενον
3474 795 3571 866 τὴν
3607 799 3863 869 ἀλήθειαν
3883 821 3895 833 ·
3922 805 3987 865 ὃς

2410 879 2560 929 οὐδὲν
2585 873 2745 949 ἦττον
2768 883 3006 952 εὐχερῶς
3036 884 3139 935 ὑπ’)
3175 885 3266 936 τοῦ
3299 890 3575 958 μάρτυρος
3606 891 3916 961 διελέγχθη,
3950 896 3985 964 ἢ

2410 972 2455 1019 οἰ
2483 971 2557 1039 τῷ
2608 971 2832 1025 Μωὺσέῐ
2868 976 3132 1045 πρότερον
3161 978 3730 1051 ἀντιθαυματουργεῖν
3761 984 3985 1054 νομιζό-

2414 1079 2584 1129 μενοι,
2620 1065 2893 1135 Ταύτῃτοι
2919 1067 3015 1120 καὶ
3046 1067 3233 1122 πολλοὶ
3257 1070 3366 1122 τῶν
3403 1073 3692 1140 Ἑλλήνων,
3730 1074 3866 1127 ἀλλὰ
3889 1079 3987 1129 καὶ

2408 1154 2568 1218 αὑῖὸς
2603 1151 2780 1222 οὗτος,
2818 1161 2844 1210 ὁ
2875 1162 2973 1230 τὴν
3012 1163 3271 1230 γοητείαν
3323 1166 3456 1217 πολὺ
3507 1167 3848 1232 Ἀθά-λάσιος,
3883 1171 3986 1237 τῆς

2489 1249 2769 1312 εὐσεϐείας
2801 1251 3018 1319 θερμῶς
3048 1256 3423 1326 προσέδραμον
3449 1273 3464 1288 ⁸
3491 1260 3561 1324 οἳ,
3619 1265 3711 1313 καὶ
3739 1279 3986 1331 προστα-

726 1317 819 1383 γὲν
853 1319 994 1373 οὑτω
1050 1326 1199 1392 παρὰ
1235 1326 1327 1377 τοῦ
1383 1330 1669 1397 τυράννου,
1702 1334 1800 1399 τὴν
1843 1333 1929 1386 διὰ
1982 1335 2168 1404 ξίφους
2203 1339 2447 1409 δέχονται
2500 1343 2752 1414 τελευτὴν
2794 1348 2888 1399 σὺν
2915 1348 2994 1417 τῷ
3032 1350 3095 1403 ὲκ
3121 1353 3326 1420 νεκρῶν
3356 1355 3671 1422 ἀναστάντι,
3713 1360 3982 1428 πρότερον

725 1411 823 1479 τὴν
842 1417 897 1465 ὲν
919 1417 1136 1485 Χριστῷ
1159 1421 1431 1488 σφραγῖδα
1468 1423 1619 1492 παρὰ
1646 1422 1739 1475 τοῦ
1781 1424 1965 1491 Ἀγίου
1991 1427 2295 1498 δεξάμενοι.

799 1507 918 1564 XX.
949 1510 1247 1566 ldololatra:
1282 1531 1441 1582 porro
1477 1517 1680 1570 immoti
1718 1520 1798 1572 his
1836 1521 1996 1575 rebus
2043 1523 2095 1576 in
2134 1541 2296 1579 sensu

725 1597 1070 1655 abundabant
1110 1621 1226 1668 suo,
1279 1617 1424 1660 artes
1473 1612 1643 1662 malas
1673 1616 1997 1667 exercendo.
2037 1615 2293 1671 Miraculo

726 1694 870 1742 enim
903 1704 1120 1758 peracto
1159 1697 1384 1748 multum
1428 1698 1598 1750 abfuit
1628 1711 1682 1751 ut
1721 1704 1972 1768 pietatem
2005 1709 2298 1774 amplecte-

728 1797 934 1846 rentur,
973 1797 1029 1837 ut
1079 1799 1356 1842 auctorem
1407 1792 1652 1846 miraculi
1706 1809 2033 1863 Cognoscere
2068 1800 2292 1863 vellent;

725 1891 753 1925 e
787 1889 974 1928 contra
1028 1880 1271 1932 veritatis
1314 1891 1638 1936 sectatorem
1689 1889 1924 1954 pessime
1971 1891 2296 1958 tractabant,

725 1965 780 2020 in
815 1982 1084 2022 carcerem
1122 1988 1306 2026 rursus
1337 1976 1694 2030 detrudendo.
1727 1979 1826 2033 Sed
1858 1978 1950 2034 Dei
1981 1997 2170 2037 osores
2196 2001 2299 2040 non

725 2060 953 2124 gratiam
989 2077 1201 2130 quoque
1255 2067 1368 2118 viro
1417 2079 1607 2120 sancto
1645 2069 1970 2137 itnpertitatn
2001 2089 2122 2126 cum
2183 2079 2301 2145 ipso

727 2151 1137 2206 Concluserunt.
1174 2154 1453 2211 Multitudo
1502 2161 1644 2212 enim
1698 2165 2030 2216 credentium
2065 2165 2134 2217 ibi
2175 2183 2303 2220 con-

724 2243 890 2307 venit,
918 2256 970 2297 ct
1005 2257 1227 2314 argento
1264 2252 1582 2303 custodibus
1617 2253 1798 2305 oblato
1829 2254 1877 2305 id
1915 2253 2212 2311 effecerunt
2245 2268 2303 2312 ut.

724 2336 897 2387 sancti
955 2337 1163 2389 vultum
1207 2342 1533 2404 aspicerent,
1586 2344 1997 2414 gratiarumque
2047 2350 2303 2419 multipli-

722 2430 867 2480 cium
901 2427 1002 2493 ipsi
1025 2439 1304 2496 compotes
1331 2431 1539 2484 tierent.
1576 2433 1897 2503 Quicunque
1923 2439 2064 2490 enim
2097 2441 2299 2494 morbis

727 2518 1058 2585 laborarent,
1092 2537 1121 2575 a
1152 2526 1471 2593 propinquis
1502 2527 1562 2580 ad
1597 2530 1833 2584 carceris
1878 2531 2019 2586 fores
2064 2535 2299 2588 adduce-

728 2613 946 2680 bantur,
987 2617 1074 2667 ubi
1116 2621 1403 2672 sanitatem
1446 2620 1804 2674 desideratam
1834 2626 2297 2691 adipiscebantur.

725 2701 872 2757 inter
907 2722 1039 2773 quos
1063 2706 1346 2778 Glycerius
1379 2714 1615 2778 quidam,
1652 2729 1854 2782 pauper
1897 2719 2153 2780 rusticus,
2179 2733 2297 2771 cum

725 2794 823 2849 bos
851 2797 898 2848 ei
934 2799 1077 2850 inter
1100 2804 1360 2854 arandum
1385 2803 1649 2868 periisset.
1678 2804 1743 2858 ad
1777 2815 2018 2860 sanctum
2050 2808 2297 2875 accessit,

725 2885 965 2955 fusisque
996 2891 1244 2955 plurimis
1280 2892 1534 2964 lacrymis
1567 2895 1856 2966 Gem-ginm
1883 2900 2167 2965 permovit.
2195 2899 2299 2953 Sed

725 2981 813 3046 qui
846 2983 1036 3048 Opibus
1081 3001 1184 3037 non
1228 2987 1403 3050 dives,
1440 2989 1485 3040 is
1535 2988 1734 3056 pietate
1770 3005 1875 3042 non
1923 3006 2127 3059 pauper
2157 3000 2295 3056 erat,

726 3075 924 3141 quippe
957 3077 1046 3142 qui
1082 3079 1320 3129 animum
1360 3079 1588 3133 fertilem
1632 3091 1684 3134 et
1729 3082 1944 3149 pictatis
1987 3083 2179 3136 semini
2212 3097 2298 3134 re-

2282 1845 2294 1868 ’
2335 1849 2373 1902 Β

2480 1533 2559 1584 Κ¹.
2593 1533 2652 1584 Οἱ
2674 1531 2730 1583 δὲ.
2758 1528 2867 1582 τῶν
2891 1528 3126 1582 εἰδώλων
3154 1529 3486 1600 θεραπευταὶ
3519 1532 3808 1585 ἀσάλευτοι
3837 1528 3981 1602 μᾶλ-

2405 1624 2492 1675 λον
2551 1620 2692 1694 ἦσαν
2745 1625 2841 1676 καὶ
2897 1625 3050 1676 αὐτοὶ
3076 1624 3442 1696 διαφερόντως
3468 1626 3546 1687 εἰς
3587 1627 3784 1679 κακίαν
3811 1643 3825 1656 ·
3854 1626 3976 1680 δέον

2405 1718 2512 1784 γὰρ
2541 1715 2633 1767 τοῦ
2667 1713 2946 1784 θαύματος
2975 1717 3269 1782 γενομένου
3315 1716 3652 1784 μεταμαθεῖν
3689 1717 3786 1786 τὴν
3815 1718 3974 1770 εὐσέ-

2407 1807 2591 1858 ϐειαν*
2619 1807 2756 1870 δέον,
2809 1807 2890 1868 τίς
2920 1809 2946 1859 ό
2986 1807 3156 1859 ποιῶν
3183 1806 3379 1871 ταῦτα,
3418 1807 3630 1876 μαθεῖν.
3684 1811 3746 1861 Οἱ
3808 1810 3862 1862 δὲ
3913 1813 3974 1863 οὑ

2406 1897 2607 1956 γνῶναι
2632 1881 2840 1967 ’μᾶλλον
2864 1898 3112 1967 οὐδαμῶς
3147 1897 3439 1961 ἔσπευσαν,
3471 1898 3606 1950 ἀλλὰ
3637 1903 3730 1950 καὶ
3751 1900 3842 1951 τὸν
3873 1899 3979 1967 τῆς

2404 1988 2660 2060 ἀληθείας
2725 1991 3107 2060 προσκυνητὴν
3177 1990 3363 2053 κακῶς
3417 1990 3729 2061 ἠμείϐοντο,
3783 1993 3874 2044 καὶ
3910 1996 3977 2062 τῇ

2404 2083 2591 2152 εἱρκτῇ
2622 2082 2782 2134 πάλιν
2811 2083 2860 2134 οί
2889 2082 3163 2151 θεομισείς
3197 2083 3493 2135 ἐνέκλειον.
3535 2083 3678 2154 Πλὴν
3710 2082 3824 2136 ἀλλ’
3853 2084 3978 2153 οὐχὶ

2405 2175 2498 2225 καὶ
2530 2173 2626 2243 τὴν
2683 2175 2958 2241 ἑπομένην
3020 2173 3170 2241 αὑτῷ
3219 2175 3379 2242 χάριν
3414 2175 3680 2242 οὐμενοῦν
3736 2192 3980 2242 συγκατο

2405 2259 2646 2310 ἐκλειονο
2701 2262 2761 2310 τὸ
2799 2261 2905 2330 γὰρ
2971 2260 3173 2329 πλῆθος
3221 2259 3330 2312 τῶν
3389 2267 3799 2317 πιστευσάντων
3860 2267 3982 2317 ἐκεῖ

2407 2349 2603 2412 συνιὸν,
2631 2351 2725 2400 καὶ
2759 2350 2885 2413 τοὺς
2909 2349 3276 2418 φυλάττοντας
3302 2348 3360 2406 εὖ
3393 2353 3787 2422 ὑπερχόμενον,
3814 2355 3982 2408 ὤνιόν

2401 2459 2459 2495 τε
2484 2443 2576 2494 καὶ
2598 2443 2895 2511 χρημάτων
2920 2444 3232 2512 ποιούμενοι
3256 2445 3354 2513 τὴν
3391 2444 3484 2498 τοῦ
3522 2446 3799 2514 μάρτυρος
3826 2446 3978 2514 ὕψι-ι,

2404 2536 2718 2605 πολυτίμων
2755 2538 2910 2588 αὐτοὶ
2938 2537 3177 2607 χαρίτων
3224 2537 3467 2606 ἀτεχνῶς
3511 2536 3786 2590 ἁπέλαὸον
3814 2552 3827 2567 ³
3861 2539 3982 2590 ὅσοι

2403 2632 2508 2698 γὰρ
2537 2625 2677 2699 ἦσαν
2698 2628 3012 2696 ὁμιλοῦντες
3051 2629 3247 2689 νόσοις.
3273 2623 3420 2680 οὑτοι
3466 2629 3616 2696 παρὰ
3660 2629 3766 2681 τῶν
3805 2647 3979 2698 προσ-

2402 2723 2644 2788 ηκόντων
2690 2723 2770 2782 εἰς
2815 2722 2914 2790 τὴν
2945 2721 3169 2789 εἱρκτὴν
3219 2720 3437 2788 ἤγοντο,
3496 2720 3588 2772 καὶ
3636 2717 3703 2790 ἦς
3767 2722 3984 2774 ἐδέοντο

2405 2813 2586 2878 ὑγείας
2623 2812 2682 2863 οὑ
2715 2813 3103 2880 διημάρτανον.
3141 2810 3274 2861 Μεθ’
3310 2804 3382 2862 ὧν
3425 2811 3519 2862 καί.
3572 2810 3859 2881 Γλυκέριός
3894 2828 3982 2872 τις

2404 2908 2576 2972 πένης
2610 2904 2702 2954 καί
2755 2907 3033 2972 ἄγροικος,
3068 2906 3191 2974 ἄρτι
3229 2902 3320 2955 τοῦ
3371 2903 3487 2973 βοὸς
3518 2903 3669 2972 αὐτῴ
3721 2905 3850 2971 περὶ
3878 2904 3981 2967 τὴν

2403 2996 2592 3066 ἄροσιν
2632 2997 2908 3058 πεσόντος,
2936 2997 3214 3066 προελθὼν
3257 3000 3461 3059 ἐκεῖνος
3488 2996 3564 3065 τῷ
3596 2999 3856 3065 μάρτυρι,
3885 2999 3982 3048 καὶ

2402 3092 2613 3161 δάκρυα
2659 3090 2806 3156 δοὺς,
2850 3093 2994 3161 ἅπερ
3025 3086 3137 3160 εἶχε
3171 3091 3265 3142 καὶ
3312 3084 3390 3152 οἷς
3432 3091 3522 3141 τὸν
3557 3091 3743 3154 Ἀγιον
3775 3090 3983 3155 μᾶλλον

727 3165 974 3241 cipiendo
1001 3175 1182 3236 aptum
1220 3173 1441 3238 gerebat
1473 3172 1776 3244 (dictitabat
1813 3176 1979 3239 enim,
2026 3175 2301 3230 Christum
2333 3183 2346 3236 t

2411 3185 2826 3254 καμφθήσεσθαι
2861 3185 3107 3255 ἤλπισεν,
3139 3179 3258 3234 εἶτα
3290 3184 3382 3234 καὶ
3413 3183 3539 3250 περὶ
3576 3181 3674 3251 τὴν
3697 3181 3984 3234 εὐσέϐειαν

727 3255 841 3310 haec
869 3258 1045 3312 facere
1085 3277 1242 3329 posse
1277 3275 1461 3330 utpote
1490 3265 1662 3320 solum
1697 3284 1880 3322 verum
1912 3269 2125 3339 Deum).
2159 3271 2303 3325 Dixit

729 3349 795 3400 ci'
844 3351 1010 3417 igitur
1063 3358 1146 3406 vir
1198 3367 1417 3411 sanctus
1477 3373 1490 3409 :
1555 3359 1609 3413 Si
1659 3365 1855 3427 credis,
1916 3364 2104 3418 bovem
2155 3374 2303 3418 tuum

725 3440 906 3494 vivum
939 3447 1199 3513 reperies.

2408 3279 2468 3330 οὑ
2502 3277 2669 3346 πένης
2717 3279 3034 3345 ἀναφανεὶς,
3079 3273 3214 3325 ἀλλὰ
3247 3272 3422 3341 ψυχὴν
3454 3274 3593 3340 ἔχων
3644 3271 3852 3337 εὑγειον
3884 3277 3984 3323 καὶ

2414 3373 2702 3438 σπέρματα
2725 3367 2978 3429 δέξασθαι
2999 3366 3094 3433 τῆς
3113 3365 3393 3425 εὐσεϐείας
3414 3363 3724 3432 ἐπιτηδείαν
3754 3361 3990 3432 (εἴρηκε

2413 3463 2521 3532 γὰρ
2549 3461 2823 3515 πιστεύειν
2847 3460 3106 3512 δύνασθαι
3159 3459 3332 3514 ταῦτα
3389 3460 3478 3511 τὸν
3513 3459 3745 3528 Χριστὸν
3783 3461 3982 3520 ποιεῖν,

725 3541 820 3590 καὶ
853 3539 1014 3594 αὑτὸν
1050 3539 1191 3596 εἶναι
1229 3547 1389 3614 μόνον
1449 3549 1623 3621 ἀληθῆ
1668 3554 1834 3623 Θεόν)
1866 3574 1879 3586 ·
1910 3557 2082 3621 οὕτως
2115 3559 2319 3626 ἐκεῖνος
2377 3561 2538 3632 ἔχων,
2569 3561 2734 3632 ἦκουε
2767 3559 2917 3630 παρὰ
2948 3556 3040 3610 τοῦ
3075 3555 3263 3625 Ἀγίου
3291 3575 3302 3587 ·
3357 3556 3415 3608 ει
3471 3554 3770 3618 πιστεύεις,
3817 3553 3989 3606 dim}.-

726 3632 833 3685 Θὼν
864 3637 1119 3706 εὑρήσεις
1150 3639 1328 3703 ζῶντα
1369 3643 1459 3697 τὸν
1495 3644 1643 3699 Βοῦν.

796 3727 936 3783 XXI.
990 3730 1055 3784 Et
1108 3747 1227 3788 cum
1282 3751 1471 3792 revera
1526 3743 1856 3810 reperiiSset,
1905 3748 2008 3800 ritu
2067 3749 2296 3806 Judaico

731 3832 1063 3890 contempto,
1118 3826 1387 3882 Samarita
1449 3832 1507 3885 fit
1539 3843 1592 3887 et
1634 3835 1971 3907 tlterapeuta,
2019 3842 2109 3908 qui
2162 3843 2303 3898 inter

727 3915 964 3966 eundum
1011 3917 1117 3969 Deo
1141 3927 1344 3984 gratias
1369 3924 1578 3978 dict-bat
1609 3938 1657 3980 et
1701 3929 1854 3983 fidem
1893 3942 2134 3986 sanctam
2173 3950 2302 4004 pro-

728 4009 975 4075 pagabat.
1033 4008 1239 4064 Idcirco
1266 4013 1376 4082 jam
1421 4030 1552 4082 non,
1592 4027 1647 4070 ut
1683 4032 1862 4082 antea.
1896 4023 1947 4073 in
1985 4034 2304 4091 paupertate

723 4099 878 4162 vivit,
916 4105 1008 4154 sed
1041 4104 1244 4157 divitiae
1286 4109 1386 4174 ipsi
1427 4125 1635 4178 magna:
1677 4121 1730 4164 et
1765 4112 2137 4169 inalienabiles
2168 4130 2300 4169 con-

724 4194 1014 4248 ceduntur.
1074 4193 1189 4249 Non
1240 4198 1381 4251 enim
1450 4217 1743 4269 paucorum
1799 4205 2050 4274 jugerum
2148 4218 2302 4262 terra:

731 4284 985 4339 dominus
1011 4299 1151 4353 erat,
1203 4292 1295 4342 sed
1343 4307 1558 4344 onmem
1612 4300 1919 4361 paradisum
1953 4302 2299 4368 possidebat;

729 4377 781 4431 id
814 4391 994 4432 autent
1047 4387 1339 4448 quomodo,
1373 4386 1521 4438 audi.
1568 4385 1785 4457 Mattyri
1844 4391 1934 4459 qui
1981 4405 2047 4445 ex
2084 4406 2302 4446 carcere

728 4476 1103 4529 rchrtebatur
1145 4478 1290 4532 obvii
1343 4481 1467 4533 facti
1510 4484 1953 4548 praevaricatores
1987 4486 2158 4554 impii,
2205 4501 2298 4541 ρον

2475 3757 2609 3807 KA'.
2653 3752 2804 3802 Ἔπεί
2841 3744 2933 3800 οὖν
2964 3749 3059 3799 καὶ
3093 3744 3346 3798 ἀπελθὼν
3382 3742 3554 3804 οὑτως
3587 3733 3735 3812 εὗρε,
3789 3741 3849 3793 τδ
3874 3743 3987 3796 τῶν

2420 3845 2691 3902 Ἰουδαίων
2724 3847 2959 3914 μισήσας
2984 3841 3081 3914 (9),
3107 3839 3455 3908 Σαμαρείτης
3475 3839 3531 3889 ὲν
3556 3837 3728 3903 τούτῳ
3753 3836 3992 3903 γίνεται,

2408 3945 2500 3996 καὶ
2552 3944 2689 4011 πρὸς
2728 3942 2818 3995 τὸν
2871 3939 3215 4010 θεραπευτὴν
3271 3936 3672 4004 ἐπανέρχεται·
3734 3935 3993 3996 καὶτοὺς

2412 4033 2510 4101 μὲν
2545 4033 2710 4090 πόδας
2739 4035 2771 4098 ὴ
2808 4029 3004 4096 πορεία
3034 4024 3169 4095 εἶχε,
3199 4026 3266 4077 τὰ
3292 4027 3444 4093 χείλη
3476 4025 3533 4076 δὲ
3573 4026 3604 4092 ἡ
3635 4023 3988 4091 εὐχαριστία,

2407 4124 2555 4192 καὶὴ
2608 4123 2706 4193 τῆς
2761 4121 2946 4189 ὑγιοῦς
3007 4120 3242 4180 πίστεως
3277 4116 3632 4187 ἀνακήρυξις.
3682 4115 3780 4168 Διὰ
3809 4114 3986 4168 ταῦτα

2404 4215 2534 4284 γοῦν
2559 4214 2679 4266 οὑδὲ
2709 4213 2950 4282 ἀφίεται,
2975 4215 3049 4275 ὡς
3077 4213 3138 4264 τὸ
3163 4212 3427 4282 πρότερον
3459 4213 3557 4281 τὴν
3588 4210 3779 4262 πενίαν
3801 4207 3988 4259 σύνοι-

2407 4324 2500 4357 κον
2531 4304 2697 4373 ἔχειν,
2725 4305 2860 4354 ἀλλὰ
2903 4304 3134 4364 πλοῦτος
3170 4303 3321 4370 αὑτῴ
3373 4301 3573 4353 δίδοται
3604 4300 3769 4362 πολὺς
3799 4316 3857 4351 τε
3889 4303 3986 4353 καὶ

2407 4397 2600 4457 ἄσυλος
2622 4411 2635 4424 ·
2664 4394 2756 4447 καὶ
2805 4396 2913 4463 γὰρ
2946 4393 3128 4446 οὐκέτι
3154 4393 3401 4461 πλέθρων
3429 4392 3625 4460 ὀλίγων
3659 4391 3761 4460 γῆς
3795 4391 3988 4461 κύριος

2403 4484 2492 4558 ἦν,
2526 4488 2639 4541 ἀλλ’
2667 4487 2785 4540 ὅλον
2824 4486 3154 4555 κληρονομεῖ
3180 4486 3269 4537 τὸν
3304 4484 3636 4553 παράδεισον
3659 4501 3670 4514 '
3701 4485 3985 4548 καὶὸπως,

728 4565 876 4634 guito
914 4577 1116 4634 quanto
1139 4571 1316 4621 studio
1349 4576 1507 4622 rebus
1541 4572 1864 4627 Clu-isuauis
1894 4574 2122 4642 faveret,
2150 4595 2294 4632 com-
2333 4583 2346 4637 Ι

2407 4581 2522 4649 ὥρα
2555 4579 2768 4650 μαθεῖν.
2811 4578 3194 4630 Ἐπανελθόντι
3221 4577 3319 4644 τῆς
3350 4576 3572 4645 εἱρκτῆς
3601 4576 3693 4626 καὶ
3714 4575 3805 4626 τοῦ
3837 4576 3987 4645 μάρὲ-

729 4661 1054 4724 prehensum
1107 4672 1227 4711 eum
1279 4661 1343 4713 ad
1393 4661 1778 4732 imperatorem
1836 4664 2072 4732 ducunt;
2110 4671 2201 4737 qui
2237 4686 2302 4725 ne

726 4749 886 4803 solita
917 4750 1134 4816 quidem
1167 4752 1588 4822 interrogatione
1616 4773 1738 4810 cum
1763 4748 2015 4827 dignatus
2045 4767 2097 4812 et
2123 4775 2297 4814 rerum

729 4843 1061 4896 mntaiarum
1119 4859 1338 4899 causam
1401 4849 1758 4918 investigandi
1795 4854 2014 4906 minime
2048 4855 2298 4920 cupidus,

730 4936 846 4988 solo
890 4937 1102 4986 aurium
1141 4937 1341 5000 judicio
1371 4938 1532 4992 linem
1563 4955 1743 4995 causae
1785 4942 2060 5010 imponere
2099 4945 2297 5014 gestie-

727 5024 857 5091 bat;
893 5040 1023 5078 ense
1065 5025 1207 5078 enim
1257 5041 1499 5082 sanctum
1557 5033 1701 5086 brevi
1751 5043 1872 5102 post.
1922 5035 2078 5101 plecti
2116 5036 2299 5105 jussit.

735 5118 826 5169 Sic
857 5118 1020 5187 igitur
1053 5120 1211 5171 vitam
1241 5121 1411 5172 finivit
1444 5134 1758 5188 paupertate
1784 5125 2091 5194 gloriosam,
2127 5139 2300 5182 morte

729 5219 1047 5263 cancrorum
1074 5213 1617 5284 :emulationedigna,
1647 5219 1863 5285 proprio
1904 5233 2002 5271 suo
2031 5221 2289 5287 sanguine

727 5301 1053 5372 baptizatus.

2411 4686 2590 4739 τυρος,
2633 4669 2947 4738 ἐντυχόντες
2974 4669 3024 4722 οί
3052 4669 3150 4736 τῆς
3176 4667 3435 4726 ἀσεϐείας
3470 4667 3730 4734 ὑπουργοὶ
3762 4665 3989 4732 δραστι-

2409 4765 2661 4828 κώτατοι,
2704 4768 2796 4817 καὶ
2855 4765 3116 4834 μαθόντες
3154 4762 3299 4822 ὅπως
3339 4758 3405 4810 τὰ
3438 4754 3784 4826 Χριστιανῶν
3815 4757 3987 4826 ἐπρέ-

2410 4856 2567 4908 σϐευέ
2626 4874 2686 4908 τε
2745 4859 2836 4908 καὶ
2888 4855 3195 4923 διαρρήδην
3245 4853 3516 4920 ἐκήρυττε
3549 4892 3563 4915 ,
3623 4849 3986 4914 συλλαϐόντες

2406 4949 2596 5014 ἄγουσι
2628 4948 2762 5016 πρὸς
2787 4947 2876 4997 τὸν
2915 4945 3140 5013 βασιλέα
3163 4961 3174 4972 ·
3215 4947 3306 4996 καὶ
3331 4945 3411 5003 ὃς,
3446 4943 3564 4993 οὐδὲ
3588 4942 3686 5007 τῆς
3720 4941 3990 5008 συνήθους

2408 5041 2730 5109 ἐρωτήσεως
2785 5038 3045 5101 ἀξιώσας,
3077 5035 3198 5088 οὑδὲ
3249 5035 3343 5105 τὴν
3379 5033 3561 5086 αἰτίαν
3590 5034 3857 5099 ἀναγνοὺς
3883 5034 3988 5103 τῆς

2409 5133 2736 5202 μεταὸολῆς,
2791 5133 3006 5199 ἕτοιμος
3063 5127 3130 5200 ἦν
3159 5133 3287 5198 περὶ
3321 5128 3549 5198 τὴντῶν
3603 5126 3988 5180 ἀκουσθέντων

2407 5226 2577 5294 τομὴν
2615 5228 2706 5279 καί⁸
2733 5225 3006 5294 ἀπότομος
3027 5241 3041 5255 ο
3073 5225 3216 5288 ξίφει
3246 5225 3352 5291 γὰρ
3388 5221 3607 5273 ἐκέλευε
3637 5219 3986 5288 παραχρῆμα

2407 5318 2808 5385 κατακοπῆναι.
2847 5319 2948 5368 Καὶ
2981 5316 3124 5368 οὑτω
3189 5313 3511 5373 τελειοῦται,
3540 5313 3639 5381 τῆς
3669 5311 3768 5380 μὲν
3793 5313 3987 5370 πενίας

729 5406 892 5474 ζήλου
928 5399 1154 5471 μηδενὸς
1210 5401 1355 5464 ἄξιος
1387 5399 1482 5466 ὣν,
1511 5401 1605 5453 τοῦ
1635 5403 1690 5455 δὲ
1736 5405 1923 5468 τέλους
1960 5405 2346 5476 ἁξιοζήλωτος,
2392 5410 2604 5479 μάρτυς
2634 5409 2873 5478 γεγονὼς
2922 5409 3152 5478 σχέδιος,
3191 5411 3284 5459 καὶ
3313 5405 3390 5475 τῷ
3440 5405 3626 5475 οἰκείῳ
3659 5405 3856 5474 αἵματι
3882 5405 3987 5474 βα·-

728 5496 996 5557 πτισθείς.

804 5640 882 5708 (8)
913 5639 1046 5693 Aeta
1073 5639 1253 5692 Omnia
1292 5638 1393 5692 alia
1443 5639 1591 5709 prius
1637 5639 1906 5694 adducunt
1955 5640 2309 5695 Athanasium

738 5727 901 5780 quam
938 5721 1097 5777 agant
1123 5710 1189 5762 de
1216 5719 1426 5761 mortuo
1455 5712 1733 5763 suscitato.

819 5782 895 5850 t9)
925 5783 1189 5834 Alluditur
1227 5782 1288 5833 ad
1325 5781 1460 5833 is'tud
1500 5780 1797 5849 Evangelii,
1855 5783 1942 5836 ubi
2007 5799 2070 5836 ex
2128 5785 2310 5836 decem

2426 5640 2652 5707 leprosis
2705 5634 2994 5696 mundatis,
3067 5646 3301 5710 quorum
3363 5633 3987 5710 novem“snppoituntur

2433 5697 2595 5763 fuisse
2645 5707 2833 5767 Judaei,
2869 5697 3244 5759 Samaritanus
3297 5702 3445 5755 solus
3476 5702 3653 5761 rediit,
3682 5701 3747 5751 ad
3783 5697 3988 5749 beneti-

2420 5782 2560 5834 cium
2597 5796 2622 5830 a
2660 5778 2941 5832 Salvatore
3006 5785 3279 5841 receptum
3312 5771 3730 5840 agnoscendum.
