4212 6440
211 417 313 482 157

1519 416 1696 478 VITA
1736 414 1794 474 S.
1839 413 2190 474 GEORGII.

3337 413 3442 478 158

276 533 406 584 KB‘.
433 528 637 584 Μαθὼν
669 529 724 582 δέ
747 530 773 580 6
802 528 1074 598 βασιλεὺς,
1109 525 1182 588 ὡς
1208 525 1340 579 πολύ
1371 543 1423 579 τι
1478 525 1681 594 πλῆθος
1715 526 1772 576 ἐν
1801 521 1848 580 Α

1801 521 1848 580 Α
1945 524 2111 578 XXII.
2152 524 2246 580 Ubi
2280 526 2573 592 imperator
2608 521 2834 587 audivit,
2873 530 3166 594 martyrem
3198 538 3226 576 a
3263 522 3442 578 multi-

203 627 270 694 τῇ
308 625 520 692 φυλακῇ
553 621 630 690 τῷ
663 621 896 693 μάρτυρι
929 619 1152 687 προσιὸν
1188 621 1312 671 ὅσαι
1351 614 1490 690 ὧραι
1523 622 1588 688 τῇ
1617 619 1777 670 εὐσε-

203 715 330 788 ϐείᾳ
389 715 784 783 προστίθενται,
843 715 943 766 οὐκ
989 714 1232 775 ἀνεκτῶς
1288 713 1484 783 ισχεν·
1517 713 1651 765 ἀλλὰ
1685 712 1777 765 τὸν

208 810 398 876 Ἀγιον
426 807 958 876 μετακαλεσάμενος,
1012 805 1242 873 ὀργίλως
1296 806 1394 872 μὲν
1427 805 1506 856 ἔτι
1561 806 1654 858 καὶ
1679 806 1772 857 αὐ-

207 899 444 968 στηρῶς,
471 898 717 966 οὐδαμῶς
745 916 757 928 ·

208 1009 326 1062 νης,
356 993 450 1044 καὶ
485 993 582 1060 τὴν
631 990 923 1056 ἀλωπεκῆν
981 989 1311 1058 προσετίθει,
1368 989 1462 1040 καὶ
1496 989 1554 1040 τὸ
1579 989 1774 1057 πικρὸν

207 1082 303 1132 καὶ
337 1080 606 1147 ἀπότομον
647 1080 751 1131 ὑπο
796 1080 1144 1147 προσχήματι
1179 1078 1426 1146 καλύψας
1468 1077 1774 1146 φιλανθρω-

209 1171 360 1234 πῐας,
393 1171 581 1236 πράως
631 1170 792 1223 πάλιν
841 1172 1133 1239 ὑπέρχεται
1168 1171 1260 1222 καὶ
1289 1172 1497 1240 ἠπίωςο
1537 1172 1620 1240 Νὴ
1649 1175 1774 1235 τοὺς

206 1260 385 1322 Οεούς,
413 1261 670 1331 εἰρηκὼς,
701 1264 752 1314 εἴ
778 1279 878 1329 μου
907 1262 1166 1332 ἀκούσῃς,
1193 1261 1453 1330 Γεώργιε,
1484 1265 1578 1316 καὶ
1604 1281 1774 1333 προσν-

204 1353 376 1406 ελοὼν
414 1354 603 1425 οὐσῃς,
656 1355 874 1420 ἀγαθῶν
922 1355 1101 1422 ἀγαθὰ
1131 1356 1406 1427 εὑρήσεις,
1443 1357 1533 1408 καὶ
1558 1357 1775 1425 χρημάο

203 1463 316 1498 των
371 1447 467 1515 μὲν
535 1450 722 1515 κύριος
775 1448 870 1517 ἔσῃ
923 1447 1152 1515 συχνῶν,
1209 1449 1422 1516 πρῶτον
1447 1449 1503 1500 δέ
1531 1466 1623 1502 σου
1658 1450 1774 1516 μεθ⁹

205 1536 353 1603 ἡμᾶς
384 1536 571 1604 ἓτερον
599 1539 675 1598 εἰς
701 1537 864 1608 τιμὴν
916 1536 1012 1604 οὐχ
1049 1536 1191 1599 ’ἐξεις
1213 1555 1225 1567 ·
1263 1537 1513 1606 Κήδομαι
1541 1537 1648 1608 γάρ
1681 1555 1773 1590 σου

205 1630 301 1680 καὶ
327 1627 426 1696 τῆς
462 1628 718 1695 εὐγενοῦς
743 1629 909 1698 ὧρας,
945 1630 1035 1680 καὶ
1065 1630 1161 1697 τῆς
1185 1629 1433 1696 νεότητος
1457 1625 1637 1681 οἶκτον
1669 1629 1776 1697 ἔχω

203 1719 393 1782 πολὺν,
447 1721 541 1771 καὶ
571 1720 830 1788 βούλομαί
884 1737 942 1770 σε
978 1721 1075 1789 ζῇν
1129 1721 1328 1789 μᾶλλον
1358 1720 1388 1788 ἥ
1423 1722 1636 1788 Θανάτῳ
1665 1723 1776 1774 δια-

203 1808 478 1877 φθαρῆναι
521 1808 724 1876 πικρῷ.
754 1809 938 1868 Οὕτως
973 1807 1127 1860 εἶπεν
1167 1811 1194 1861 6
1226 1809 1498 1876 βασιλεὺς,
1526 1811 1774 1874 Μαγνεν-

201 1899 300 1969 τίῳ
331 1898 409 1968 ίτῷ
437 1897 575 1967 φίλῳ
610 1898 873 1958 πεισθεὶς,
898 1897 1137 1967 εἰρηκότι
1167 1897 1265 1966 τὴν
1303 1898 1535 1965 ἐσχάτην
1569 1898 1773 1964 ταύτην

207 1990 342 2059 πρὸς
371 1990 462 2041 τὸν
507 1991 695 2055 Ἀγιον
733 1988 966 2057 ὁμιλίαν,
1019 1987 1093 2051 ὼς
1143 1983 1253 2039 οἷόν
1283 2004 1340 2040 τε
1375 1988 1772 2057 θεραπευτικὴν

795 898 929 950 ἀλλὰ
961 899 1056 965 τῆς
1096 897 1314 964 λεοντῆς
1353 898 1424 965 μὴ
1456 896 1773 966 ἐξικνουμέ-

204 2070 555 2149 πσιῆσασθαι.
620 2083 678 2136 Ὀ
707 2083 761 2135 δὲ
798 2083 1005 2152 μάρτυς
1062 2082 1416 2151 εὐπρόσωπον
1445 2081 1634 2150 ὥσπερ
1669 2082 1768 2151 τὴν

202 2175 502 2243 ἀπολογίαν
525 2175 774 2229 ἐντεῦθεν
821 2175 998 2244 εὑρών
1027 2191 1038 2202 ·
1080 2175 1140 2226 Ei
1167 2175 1399 2243 πρῶτον,
1439 2173 1563 2242 ἔφη,
1601 2173 1771 2226 ταῦτα

202 2268 408 2333 ἔλεγες,
447 2263 591 2337 εἶχον
625 2267 690 2320 ἂν
741 2269 832 2320 καὶ
880 2267 1062 2336 χώραν
1101 2269 1149 2319 οί
1185 2267 1333 2334 λόγοι
1359 2281 1373 2295 ⁹
1419 2268 1513 2320 νῦν
1549 2268 1603 2320 δέ
1638 2284 1776 2336 μετα

202 2361 469 2422 τοσαύτας
531 2360 734 2424 αἰκίας,
782 2361 938 2430 είπερ
967 2360 1030 2428 δὴ
1087 2361 1180 2410 καὶ
1229 2360 1598 2429 πεισθείημεν,
1631 2359 1682 2411 τί
1711 2360 1776 2413 ἂν

202 2452 373 2504 ποιῶν
407 2452 825 2522 ἁντιμετρήσεις
859 2450 922 2501 τὰ
949 2451 1165 2517 λυπηρά
1191 2466 1204 2512 ;
1235 2451 1402 2501 Τοῦτο
1448 2453 1670 2512 ἐκεῖνος,
1702 2453 1775 2515 ὠς

202 2543 434 2612 ιρμαιόν
463 2559 514 2594 τι
540 2544 638 2595 σὺν
661 2542 817 2610 ἡδονῇ
854 2541 1085 2608 μάλιστα
1117 2541 1444 2608 διαρπάσας,
1472 2542 1561 2595 ἆτε
1593 2542 1656 2611 δὴ
1684 2544 1775 2595 καὶ

204 2633 398 2686 ἐλπίδα
467 2633 589 2685 τινὰ
617 2631 709 2685 τοῦ
743 2633 1132 2702 πεισθήσεσθαι
1168 2633 1502 2701 ὑποφαίνων,
1548 2632 1633 2696 Ὦς
1668 2651 1770 2685 παο

200 2727 312 2796 τρὶ,
370 2727 496 2795 ἔφη,
531 2725 717 2779 τέκνον
765 2726 1108 2793 φιλούμενον,
1142 2727 1313 2779 ταῦτά
1345 2743 1434 2794 μοι
1475 2725 1627 2792 ἄφες,
1674 2727 1767 2778 καὶ

1885 618 2072 670 tudine
2123 618 2175 670 in
2223 631 2444 670 carcere
2492 615 2730 671 obsideri
2768 629 2831 668 ac
2867 613 3022 668 [idem
3067 625 3295 677 mutare,
3355 616 3448 670 ira:

1882 711 2193 778 impatiens,
2242 710 2413 762 \irtttn
2461 718 2708 763 sanctum
2752 709 3038 762 arcessivit
3074 710 3192 776 pelli
3223 708 3448 764 leooinze

1880 801 2151 867 vulpinam
2217 801 2606 865 superaddeus,
2662 811 2715 854 et
2764 801 3230 854 mansuetudinem
3283 815 3445 869 quam

1882 896 2027 946 inlus
2085 909 2420 961 nequaquam
2485 893 2787 956 sentiebat,
2844 895 3106 947 simulans
3169 894 3321 945 dulce,
3385 909 3448 946 ac

1879 987 2114 1041 suaviter
2145 1006 2157 1040 :
2202 985 2302 1038 Per
2332 987 2484 1048 deos,
2523 987 2720 1054 inqttit,
2751 988 2794 1039 si
2830 1003 2913 1039 me
2937 987 3109 1049 audis,
3142 985 3360 1053 Georgi,
3395 991 3451 1038 et

1879 1080 1980 1132 diis
2011 1077 2307 1138 sacrificas,
2353 1093 2623 1130 summum
2672 1081 2933 1132 bonorum
2981 1077 3272 1141 obtinebis,
3317 1091 3448 1144 opes

1880 1185 2099 1237 magnas
2131 1170 2459 1223 nancisceris
2490 1185 2551 1222 ac
2582 1170 2860 1223 secandos
2893 1171 2944 1221 in
2977 1169 3225 1238 imperio,
3256 1176 3448 1234 pra-ter

1880 1276 1987 1322 nte,
2026 1260 2259 1314 honores
2297 1261 2635 1328 adipisceris.
2691 1261 2906 1315 Miseret
2957 1262 3100 1313 enim
3147 1275 3231 1312 me
3270 1260 3356 1313 tui.
3398 1270 3451 1314 et

1879 1351 2297 1419 pulchritudinis
2317 1361 2420 1404 ture
2449 1362 2501 1404 et
2533 1353 2912 1406 adolescentia!
2939 1364 3159 1414 tenerae,
3184 1366 3243 1404 ac
3268 1352 3450 1403 vivere

1881 1457 1929 1498 te
1958 1461 2119 1511 quam
2171 1445 2361 1498 acerba
2413 1453 2584 1496 morte
2631 1446 2807 1511 perire
2843 1443 3000 1501 malo.
3052 1443 3200 1496 Talia
3235 1442 3448 1497 loeutus

1878 1545 1964 1589 est
2005 1538 2320 1604 imperator,
2372 1537 2661 1605 instigante
2712 1537 2891 1589 amico
2941 1535 3268 1604 Magnentio,
3304 1533 3452 1585 allira

1879 1638 2080 1689 mante,
2154 1629 2251 1679 hac
2303 1629 2512 1681 ratione
2562 1629 2735 1680 virum
2784 1637 3028 1680 sanctum
3093 1625 3448 1691 subigendum

1880 1717 2010 1773 lore.
2050 1719 2313 1784 Georgius
2360 1736 2488 1774 vero
2528 1730 2805 1790 gratanter
2847 1721 3026 1774 audita
3063 1719 3164 1772 ista
3200 1716 3450 1786 proposi-

1879 1813 2043 1878 tione,
2066 1812 2119 1865 Si
2144 1815 2315 1878 prius.
2341 1813 2500 1875 dixit,
2532 1815 2652 1865 talia
2680 1815 3096 1873 enuntiavisses,
3119 1811 3449 1865 deliberandi

1881 1906 2028 1957 locus
2075 1906 2287 1958 fuisset.
2347 1904 2497 1959 Nunc
2539 1918 2744 1966 autem,
2796 1907 2838 1958 si
2899 1913 3018 1973 post
3068 1913 3144 1956 tot
3195 1913 3453 1970 tantaque

1881 2005 2150 2049 tormenta
2210 2005 2262 2050 te
2315 1997 2584 2058 audirem.
2641 1998 2909 2065 quomodo
2966 2011 3050 2049 me
3099 2009 3285 2048 eorum
3333 2007 3455 2062 qua)

1881 2102 2165 2157 perpessus
2220 2105 2360 2152 sum,
2428 2090 2671 2143 oblivisci
2728 2089 2995 2142 doceres?
3055 2088 3346 2152 Imperator
3397 2085 3450 2137 in

1880 2182 2029 2233 lucro
2075 2197 2278 2250 ponens
2330 2184 2428 2238 viri
2481 2183 2655 2237 sancti
2706 2183 3150 2237 coaversionem.
3186 2195 3345 2248 quam
3392 2195 3451 2231 se

1874 2277 2222 2328 obtenturutn
2261 2277 2531 2342 sperabat,
2565 2272 2642 2327 Ne
2692 2289 3014 2328 succenseas
3045 2272 3198 2335 mihi,
3254 2271 3448 2339 inquit,

1875 2369 1962 2435 qui
1995 2377 2047 2423 te
2095 2368 2236 2421 sicut
2267 2379 2418 2433 pater
2450 2368 2612 2418 lilium
2647 2366 2900 2418 dilectum
2937 2366 3308 2431 complector;
3346 2363 3450 2414 diis

1875 2468 2050 2511 autem
2093 2458 2364 2512 sacriﬁca.
2406 2458 2495 2510 Sic
2549 2457 2690 2509 enim
2729 2456 2850 2511 illos
2901 2455 3160 2523 propitios
3209 2452 3448 2516 habebis,

1874 2559 1926 2599 et
1966 2548 2079 2612 ipse
2109 2546 2314 2615 optima
2349 2561 2575 2613 quaeque
2603 2547 2877 2612 acquires.
2931 2544 3010 2597 Ad
3059 2546 3171 2597 haec
3203 2551 3444 2610 martyr:

1881 2640 1936 2692 Si
1967 2641 2100 2702 haec,
2131 2654 2163 2693 ο
2193 2654 2308 2701 rex,
2340 2637 2534 2706 inquit,
2561 2647 2650 2691 tua
2677 2638 2943 2690 sententia
2966 2646 3068 2700 est,
3093 2635 3205 2704 jam
3226 2636 3292 2687 ad
3321 2636 3450 2688 deos

1879 2741 1962 2786 est
1991 2733 2434 2801 confugiendum.

204 2824 521 2894 προσελθὼν
552 2823 740 2878 θυίαν
763 2826 1094 2894 προσένεγκε
1126 2827 1236 2886 τοῖς
1261 2824 1436 2886 θεοῖς’
1478 2825 1620 2877 οὕτω
1661 2831 1767 2895 γὰρ
1807 2829 2045 2891 ἐκεῖνους
2089 2847 2146 2883 τε
2196 2831 2445 2899 εὐμενεῖς
2473 2831 2637 2896 ἕξεις,
2667 2833 2762 2882 καὶ
2809 2829 3022 2898 σεαυτῷ
3071 2829 3138 2880 τὰ
3180 2827 3443 2880 κάλλιστα

209 2921 580 2989 προξενήσεις.
622 2921 730 2972 Καὶ
760 2921 788 2970 6
822 2921 1049 2987 μάρτυς,
1078 2920 1137 2971 El
1159 2918 1314 2972 τοῦτό
1343 2936 1447 2983 σοι,
1476 2919 1600 2990 ἔφη,
1623 2922 1764 2974 κατὰ
1794 2922 2036 2993 γνώμην,
2072 2919 2115 2975 ὧ
2145 2924 2388 2993 βασιλεῦ,
2421 2924 2539 2994 ὥρα
2566 2924 2700 2992 πρὸς
2724 2922 2877 2984 Θεούς
2909 2923 3150 2975 ἀπιέναι.

273 3037 406 3090 Kl".
449 3035 537 3097 Ὠς
567 3029 658 3086 οῦν
694 3032 863 3086 ταῦτα
885 3035 911 3086 6
937 3034 1314 3100 Διοκλητιανδς
1344 3037 1563 3102 ἤκουσε,
1607 3054 1773 3106 προς-

204 3131 464 3198 τέιγματα
497 3128 658 3185 εὐθὺς
705 3127 1010 3195 πανταχόσε
1043 3126 1208 3178 διέθει
1236 3128 1314 3188 εἰς
1339 3127 1398 3177 τδ
1428 3129 1570 3195 ἰερὸν
1600 3129 1770 3180 ᾶπαν-

1947 3037 2136 3092 ΧΧΙΗ.
2174 3037 2266 3091 His
2299 3038 2496 3090 auditis
2527 3037 2899 3090 Diocletianus
2932 3037 3110 3089 edicto
3161 3036 3450 3104 magistra-

1880 3141 1966 3183 tus
2009 3132 2262 3199 populum
2302 3147 2366 3185 ac
2420 3131 2620 3184 milites
2673 3145 2863 3183 omnes
2919 3129 2970 3182 in
3026 3129 3221 3195 templo
3262 3129 3451 3180 adesse

201 3243 303 3287 τας
327 3223 478 3291 αὐτῷ
507 3222 768 3285 συνιέναι,
801 3222 914 3274 ὅσοι
948 3236 1006 3272 τε
1038 3218 1146 3272 τῶν
1172 3222 1229 3271 ἐν
1257 3219 1398 3270 τέλει
1427 3221 1517 3270 καὶ
1542 3221 1652 3271 ὅσοι
1678 3220 1770 3271 τοῦ
1799 3249 1843 3305 C

1799 3249 1843 3305 α
1879 3235 1974 3286 per
1995 3235 2293 3287 prmconem
2331 3220 2515 3288 jussit,
2571 3220 2836 3286 siquidem
2871 3217 3155 3287 Georgius,
3194 3218 3449 3272 Calilzeul

199 3318 378 3384 δήμου
407 3315 498 3368 καὶ
522 3314 628 3366 τῶν
658 3312 1002 3384 στρατιωτῶν
1025 3307 1186 3380 ἦσαν,
1217 3310 1570 3378 ῦπόλαμπρον
1599 3311 1774 3376 ἐκφω-

201 3406 385 3458 νοῦντι
415 3406 490 3473 τῷ
523 3407 743 3472 κήρυκι,
778 3404 858 3454 ὅτι
885 3403 1174 3471 Γεώργιος,
1196 3403 1223 3454 6
1248 3403 1304 3452 ἐν
1344 3401 1647 3462 Γαλιλαίοις
1681 3418 1770 3453 πε-

205 3496 516 3566 ρίὸ).επτος,
590 3491 884 3542 Ἀπόλὶωνι
938 3491 1300 3558 προσέρχεται
1353 3490 1548 3542 Θύσων.
1587 3491 1772 3558 Παρα-

201 3584 394 3655 χρῆμα
447 3579 578 3650 γοῦν
615 3581 820 3642 πάντες
873 3579 1132 3647 Ἕλληνες
1162 3580 1378 3646 κρότοις
1420 3579 1514 3628 καὶ
1550 3583 1773 3632 παιᾶσιν

201 3675 710 3745 ἑνευφραινόμενοι,
775 3671 1000 3743 βασιλέα
1033 3688 1091 3724 τε
1156 3671 1247 3722 καὶ
1294 3669 1384 3722 τὸν
1412 3670 1617 3724 ἐκείνου
1651 3670 1773 3722 Θεὸν

213 3767 526 3822 Ἀπόλλωνα
562 3764 786 3833 κικητὴν
814 3764 1124 3832 ηὐφήμουν.
1190 3763 1340 3815 Ἐπεὶ
1394 3761 1449 3815 δὲ
1503 3761 1595 3816 τοῦ
1628 3761 1774 3832 ίεροῦ

198 3857 352 3917 ἐντος
375 3851 534 3924 ἦσαν,
574 3855 783 3923 σιωπῆς
807 3856 1127 3922 γενομένης,
1157 3851 1408 3921 προσχὼν
1438 3856 1465 3904 6
1488 3855 1676 3919 ’Ἄγιος
1699 3854 1775 3923 τῷ

199 3948 503 4016 ἀγάλματι,
532 3944 560 3996 6
589 3945 680 3997 τοῦ
720 3946 1056 4006 Ἀπόλλωνος
1077 3940 1168 4014 ἦν,
1204 3947 1298 3996 καὶ
1333 3943 1467 4012 πρὸς
1494 3945 1626 3998 αὐτὸ
1655 3945 1775 4016 βλέ-

199 4041 335 4110 ψας,
364 4038 436 4090 ΣΞ)
463 4033 510 4088 εἷ
545 4036 664 4098 θεός
691 4053 704 4099 ς
731 4036 858 4104 ἔφη,
896 4039 988 4089 καὶ
1016 4037 1076 4088 σὲ
1109 4039 1189 4090 δεῖ
1213 4041 1537 4108 προσκυνεῖν
1568 4038 1778 4109 ἀνθρώοι

202 4148 372 4194 πους;
401 4131 474 4184 Τὸ
496 4129 550 4181 δὲ
583 4127 825 4180 ἐνοικοῦν
851 4127 1047 4179 αὐτίκα
1080 4129 1313 4197 πονηρὸν
1335 4127 1571 4195 πνεῦμα,
1591 4128 1777 4198 ὥσπερ

201 4223 278 4293 τῷ
312 4223 410 4277 τοῦ
460 4221 644 4290 ’Δγίου
679 4221 827 4289 φόϐῳ
881 4219 1210 4284 καταπειθὲς
1252 4219 1561 4288 γενόμενον,
1599 4221 1777 4272 καίτοι

201 4313 526 4382 φιλοψευδὲς
557 4312 638 4374 6v,
692 4313 822 4366 ἄκον
850 4314 1150 4381 ἐκήρυττεν
1191 4313 1287 4382 τὴν
1319 4313 1573 4381 ἀλήθειαν
1595 4328 1607 4342 ⁸
1664 4314 1778 4367 Οὐκ

200 4408 320 4474 etp).
371 4405 486 4471 ἐγὼ
535 4405 656 4466 Θεὺς
689 4405 888 4472 λέγων,
937 4403 1124 4471 ὥσπερ
1157 4403 1276 4456 οὐδὲ
1295 4406 1341 4455 ci
1397 4406 1492 4457 σὺν
1519 4405 1640 4473 ἐμοὶ
1687 4404 1777 4456 τὸν

201 4499 332 4552 ναὸν
361 4495 662 4556 οἰκοῦντες,
713 4496 826 4548 ἀλλ’
879 4492 958 4557 εἷς
998 4493 1204 4562 ἀληθὴς
1229 4495 1257 4545 6
1282 4495 1536 4562 Χριστός.
1586 4489 1716 4548 Εἶτα
1750 4495 1778 4546 6

1878 3313 2014 3365 bene
2045 3322 2223 3377 notus,
2249 3312 2480 3379 Apollini
2501 3313 2903 3365 sacrificaturus
2928 3309 3153 3364 adforet.
3174 3309 3451 3374 Extemplo

1876 3405 2103 3475 gentiles
2124 3404 2458 3458 carminibus
2479 3415 2530 3458 et
2548 3405 2763 3475 hymnis
2784 3406 3036 3473 gaudium
3059 3401 3452 3456 manifestando

1881 3497 2260 3560 imperatorem
2327 3504 2380 3548 et
2429 3496 2587 3546 demn
2642 3497 2812 3564 ipsius
2847 3495 3145 3560 Apollinem
3201 3495 3450 3548 laudibus

1877 3585 2125 3639 efferunt.
2157 3583 2446 3652 Postquam
2471 3600 2660 3639 omnes
2692 3585 2951 3652 templum
2985 3583 3212 3652 ingressi
3245 3593 3448 3646 essent,

1879 3677 2098 3729 silentio
2153 3678 2312 3739 facto,
2347 3677 2612 3746 Georgius
2662 3678 2925 3748 Apollinis
2961 3686 3196 3735 statuant
3235 3676 3454 3742 conspi-

1879 3779 2062 3824 catus:
2102 3766 2175 3822 Tu
2204 3769 2336 3822 deus
2363 3783 2441 3833 es,
2477 3769 2669 3834 inquit,
2701 3781 2754 3821 et
2787 3774 2853 3824 ab
2890 3771 3195 3823 hominibus
3231 3768 3448 3824 adorari

1880 3861 2204 3928 prmsumis?
2238 3861 2372 3915 Tum
2405 3860 2689 3915 confestim
2727 3862 2900 3914 malus
2929 3863 3138 3914 daamon
3187 3861 3453 3928 inclusus,

1877 3961 2060 4019 utpote
2086 3955 2257 4006 sancti
2288 3964 2429 4005 metu
2454 3955 2755 4022 perculsus,
2790 3957 3024 4022 alioquin
3060 3958 3312 4012 mendax.
3349 3955 3452 4012 hoc

1881 4053 2056 4097 tamen
2099 4043 2237 4108 loco,
2283 4043 2408 4096 licet
2452 4042 2673 4106 invitus,
2721 4058 2906 4096 verum
2954 4043 3295 4097 enuntiavit:
3332 4043 3449 4098 Non

1879 4149 1996 4185 sum
2026 4135 2180 4196 deus,
2200 4135 2406 4193 dicens,
2429 4148 2602 4195 neque
2633 4133 2723 4198 qui
2762 4147 2968 4187 mecum
3005 4132 3169 4185 hocce
3193 4130 3450 4198 templum

1879 4222 2144 4288 incolunt,
2177 4224 2269 4277 sed
2297 4239 2434 4275 unus
2472 4222 2744 4275 Christus.
2779 4221 2914 4274 Tum
2953 4233 3179 4292 martyr,
3212 4223 3316 4276 Vos
3349 4221 3450 4288 igi-

1881 4322 1983 4375 tur,
2005 4313 2094 4382 qui
2130 4312 2201 4366 dii
2249 4327 2351 4366 non
2387 4313 2542 4374 estis,
2570 4311 2936 4367 curhomines
2963 4313 3233 4381 decipitis,
3255 4313 3448 4380 inquit,

1879 4421 1974 4474 pro
2004 4408 2106 4459 diis
2147 4406 2332 4461 haberi
2365 4405 2792 4474 prmsumentes?
2826 4405 2926 4471 Qui
2969 4405 3027 4458 (it
3075 4418 3132 4458 ut
3183 4420 3264 4456 me
3292 4417 3450 4458 servo

1885 4497 2091 4550 ChriSti
2129 4510 2392 4564 praesente
2427 4499 2552 4550 huic
2587 4498 2761 4551 fraudi
2790 4513 2892 4550 non
2924 4497 3277 4551 renuntietis?
3323 4496 3449 4552 Hice

205 4592 442 4662 μάρτυς,
476 4576 661 4640 Καὶέί
694 4588 766 4656 μή
800 4589 922 4639 ἐστε
955 4587 1088 4650 Osci,
1117 4584 1243 4655 ἔφη,
1274 4586 1326 4636 τί
1360 4585 1645 4647 παθόντες,
1675 4587 1769 4636 ἀνι
1814 4604 1856 4660 υ

1814 4604 1856 4660 ι)
1885 4606 2004 4645 cum
2048 4591 2276 4645 dixisset
2311 4601 2536 4660 martyr.
2570 4600 2619 4645 el
2646 4591 2896 4647 Omnibus
2929 4591 3017 4656 qui
3048 4591 3292 4652 aderant,
3325 4604 3451 4642 cru-

201 4684 460 4754 ορώπους
492 4679 797 4745 ἐξαπατᾶτε
834 4680 909 4741 ὼς
953 4681 1097 4741 θεοῖς
1153 4677 1439 4748 προσέχειν
1471 4677 1628 4746 ὑμῖν;
1657 4677 1774 4741 πῶς

201 4777 255 4827 δὲ
285 4777 379 4826 καὶ
410 4776 702 4841 ὑπομεῖναι
738 4771 877 4832 ὅλως
900 4769 1059 4839 ὑμεῖς
1107 4771 1503 4842 τεθαρρήκατε,
1531 4768 1664 4839 ἐμοῦ
1695 4771 1780 4821 ἐν·

202 4864 380 4918 ταῦθα
406 4865 676 4932 παρόντος
698 4864 790 4916 τοῦ
814 4863 1001 4916 δούλου
1031 4861 1302 4930 Χριστοῦ;
1329 4861 1515 4924 Οῦτως
1535 4863 1778 4924 εἰπόντος

201 4957 299 5010 τοῦ
366 4955 666 5027 μάρτυρος,
704 4956 798 5007 καὶ
857 4956 1044 5023 ὥσπερ
1079 4971 1132 5007 τι
1160 4954 1374 5022 ἄμαχον
1416 4952 1577 5005 ὅπλον
1601 4957 1658 5006 τὸ
1682 4952 1776 5006 τοῦ

205 5048 448 5122 σταυροῦ
479 5049 704 5117 σημεῖον
726 5050 909 5111 αὐτοῖς
945 5049 1340 5109 ἐπισείσαντος,
1361 5046 1594 5113 τάραχος
1615 5045 1776 5109 εὐοὺς

1886 4685 1966 4737 cis
2001 4683 2209 4753 signum
2245 4684 2388 4736 sicut
2436 4684 2598 4737 telum
2643 4681 2982 4739 irresistibile
3027 4680 3324 4747 iniecisset,
3361 4678 3450 4730 tu-

1887 4773 2084 4827 multus
2117 4773 2357 4826 clamore
2403 4781 2456 4826 et
2498 4774 2696 4841 gemitu
2747 4772 2942 4827 mis-tus
2978 4772 3190 4824 auditus
3229 4777 3313 4820 est
3340 4769 3451 4820 da:-

1886 4879 2100 4916 tnonum
2134 4864 2292 4915 simul
2326 4863 2754 4932 aul'ugieutinm;
2787 4864 2926 4916 idola
2978 4876 3107 4914 vero
3138 4858 3450 4928 ipsa,quasi

1884 4969 2043 5006 manu
2097 4954 2219 5008 [orti
2276 4963 2524 5023 correpta
2566 4953 2839 5008 communi
2868 4951 3022 5006 ruina
3066 4953 3118 5005 in
3171 4951 3446 5021 pulverem

1882 5046 2099 5103 redacta
2123 5049 2396 5114 iacebant.

203 5147 466 5216 ἠκούετο,
518 5144 608 5196 καὶ
661 5141 756 5212 βοὴ
790 5143 887 5195 καὶ
933 5141 1132 5212 Θρῆνος
1179 5142 1242 5192 ἐκ
1290 5141 1384 5194 τοῦ
1419 5141 1588 5210 ἱεροῦ,
1631 5141 2071 5212 δραπετευόντων
2118 5144 2226 5196 τῶν
2273 5142 2598 5212 δαιμονίωνο
2641 5141 2784 5194 αὐτά
2824 5159 2884 5194 τε
2922 5141 2989 5192 τὰ
3030 5138 3223 5192 εἴδωλα
3260 5138 3446 5207 ὥσπερ

204 5243 311 5296 ὑπό
355 5257 506 5302 τινος
535 5240 796 5310 κραταιᾶς
824 5240 1002 5308 χειρὸς
1043 5237 1466 5307 κατασπώμενα,
1500 5235 1686 5306 ἕτερον
1715 5239 1793 5310 τῷ
1842 5240 2018 5312 ἑτέρῳ
2069 5241 2516 5306 συγκαταπίπτον
2557 5238 2802 5309 ἐφέρετο,
2826 5237 2918 5290 καὶ
2951 5237 3028 5298 είς
3063 5234 3190 5305 χοῦν
3223 5233 3448 5285 ἐλεπτύ-

205 5354 348 5390 νετο.

278 5428 408 5480 ΚΔ’.
442 5423 507 5476 Τί
539 5423 596 5475 τὸ
627 5424 717 5475 ἐπὶ
749 5422 992 5484 τούτοις;
1036 5419 1272 5491 Ἀθυμία
1309 5420 1409 5489 μὲν
1431 5420 1523 5473 τὸν
1552 5419 1777 5490 βασιλέα

206 5519 300 5570 καὶ
329 5514 459 5577 τοὺς
492 5515 618 5584 περὶ
642 5515 804 5569 αὐτὸν
831 5510 944 5582 εἶχε
980 5512 1150 5582 πολλή
1175 5529 1187 5542 ·
1243 5512 1548 5582 εὐφροσύνη
1574 5514 1628 5565 δὲ
1653 5515 1778 5575 τοὺς

211 5611 438 5670 πιστοὺς
469 5609 726 5678 ἄρῤητος,
764 5609 856 5662 καὶ
888 5606 1086 5675 μᾶλλον
1117 5605 1467 5659 ἑὸεδαιοῦντο
1514 5608 1649 5675 πρὸς
1682 5605 1779 5674 τὴν

207 5702 472 5770 ἀλήθειαν
501 5712 513 5725 ⁸
555 5699 645 5750 καὶ
708 5701 813 5768 πρό
844 5717 904 5766 γε
943 5699 1052 5750 τῶν
1107 5697 1282 5751 ἄλλων
1314 5699 1346 5766 ἡ
1383 5697 1594 5767 βασιλὶς
1633 5696 1777 5748 Ἀλε-

212 5793 438 5862 ξάνερα,
499 5791 530 5862 ἧ
574 5790 664 5844 καὶ
718 5791 960 5862 μείζονος
999 5789 1306 5861 παρρησίας
1345 5787 1493 5840 ἔνθεν
1528 5789 1774 5856 ὑποπληο

1951 5419 2091 5475 Χιν.
2124 5420 2261 5488 Quid
2301 5420 2526 5487 postea?
2570 5418 2882 5486 Desperatio
2931 5433 3122 5484 magna
3155 5417 3446 5483 imperato-

1884 5528 2018 5574 rem,
2057 5523 2110 5567 et
2154 5514 2244 5582 qui
2289 5528 2408 5565 cum
2437 5528 2501 5566 eo
2527 5521 2702 5573 erant,
2745 5510 2998 5573 tenebat;
3034 5508 3216 5561 ﬁdeles
3259 5518 3444 5562 autem

1883 5606 2133 5675 gaudium
2181 5603 2453 5659 iueﬂ'abile
2483 5605 2533 5657 in
2575 5603 2676 5656 [ide
2703 5601 3080 5664 continuabat,
3121 5601 3263 5655 inter
3306 5615 3442 5667 quo!

1886 5699 2187 5752 Alexandra
2217 5698 2554 5768 lmperntrix,
2579 5712 2698 5766 quae
2729 5695 2850 5747 inde
2879 5693 3133 5748 audacior
3162 5693 3300 5745 facta
3331 5695 3445 5747 ido-

1888 5792 1951 5843 lis
1987 5807 2092 5844 non
2131 5804 2316 5858 parum
2367 5789 2553 5844 irrisit.
2609 5789 2778 5842 Iratus
2824 5785 2933 5854 jam
2991 5794 3101 5838 tum
3147 5784 3445 5854 imperator
