4212 6440
198 423 305 489 165

267 537 341 588 Γν.
381 536 438 586 Ὀ
475 535 529 586 δὲ
570 535 842 603 μακάριος
871 536 1096 605 Μάρκος
1139 535 1203 602 τῇ
1231 532 1458 600 δευτέρᾳ
1482 530 1666 601 ἡμέρᾳ
1692 531 1769 588 εἰς
1805 538 1846 592 Α

193 629 288 690 τὴν
325 626 730 696 Ἀλεξάνδρειαν
758 629 1091 697 παρεγένετο
1113 625 1205 677 καὶ
1229 623 1322 676 τοῦ
1348 623 1530 675 πλοίου
1562 621 1772 683 ἀποϐὰς

192 716 358 789 ἦλθεν
416 721 497 778 εἰς
557 736 678 770 τινα
713 719 875 770 τόπον
915 719 1254 787 καλούμενον
1307 717 1556 770 Μένδιον.
1598 714 1771 767 Αὑτοῦ

193 813 292 880 τὴν
319 813 493 882 πύλην
523 813 854 875 εἰσελθόντος
881 814 977 880 τῆς
1000 814 1226 872 πόλεως,
1255 812 1412 875 εὐθὺς
1438 812 1498 862 τὸ
1521 810 1774 878 ὑπόδημα

194 905 361 958 αὑτοῦ
422 906 709 976 διερῤἀγη.
789 906 845 958 Ὀ
890 906 945 956 δὲ
989 907 1260 974 μακάριος
1289 904 1584 968 ἀπόστολος
1615 907 1773 970 γνοὺς

193 1000 300 1068 ἔφη
322 1015 334 1026 ·
365 1001 567 1059 Ὄντως
597 1001 626 1066 ἡ
655 999 770 1059 666;
797 998 1039 1061 εῦλυτος.
1085 999 1463 1067 Ιιαλαιοράφον
1489 999 1542 1050 δὲ
1575 997 1772 1050 Θεασάι

196 1108 358 1159 μενος
401 1092 680 1143 ἐπέδωκεν
745 1091 892 1159 αὐτῷ
931 1093 990 1144 τὸ
1021 1092 1306 1160 ύπόδημαο
1371 1092 1430 1142 τὸ
1485 1091 1654 1160 ράφος
1697 1089 1773 1159 τῷ

191 1182 401 1252 ὁπητὰρ
428 1183 663 1250 ἑπλῃξεν
697 1179 860 1235 αὑτοῦ
898 1187 995 1252 τὴν
1022 1183 1318 1252 ἀριστερὰν
1366 1186 1520 1252 χεῖρα.
1551 1183 1643 1235 καί
1667 1200 1769 1250 φη-

195 1289 312 1323 σιν·
379 1268 468 1334 Εἷς
503 1273 656 1336 Θεός.
729 1274 785 1326 ’0
830 1276 886 1326 δὲ
928 1277 1197 1344 μακάριος
1238 1276 1458 1344 Μάρκος
1495 1276 1766 1338 ἀκούσας·

193 1359 287 1426 Εἷς
314 1364 468 1428 Θεὸς,
505 1365 608 1434 ἔφη
652 1367 706 1418 ὲν
739 1367 917 1433 ἑαυτῷ
950 1367 1187 1433 γελάσας
1211 1383 1224 1396 ·
1263 1369 1523 1421 Εῦώδωσε
1567 1368 1770 1438 Κύριος

192 1457 290 1527 τὴν
319 1457 432 1510 ὸδόν
464 1475 584 1528 μου.
614 1460 722 1510 Καὶ
757 1461 969 1522 πτύσας
1002 1461 1195 1529 χαμαὶ,
1235 1462 1491 1531 ἐποίησεν
1514 1461 1681 1528 πηλὸν
1713 1463 1776 1512 ἐκ

189 1549 284 1602 τοῦ
320 1551 635 1618 πτύσματος
657 1553 1026 1621 καὶὲπὲχρισε
1099 1555 1196 1623 τὴν
1237 1557 1395 1622 χεῖρα
1433 1552 1526 1605 τοῦ
1579 1555 1770 1623 ἀνδρὸς

190 1638 400 1705 λέγων·
458 1641 544 1693 Ἑν
597 1641 674 1709 τῷ
721 1643 949 1709 ὀνόματι
1009 1641 1183 1709 Ἰησοῦ
1221 1641 1476 1706 Χριστοῦ,
1510 1639 1602 1691 τοῦ
1637 1641 1770 1692 Υὲοῦ

191 1730 285 1782 τοῦ
336 1731 468 1784 Θεοῦ
507 1732 600 1783 τοῦ
658 1734 856 1795 ζῶντος
889 1733 966 1792 εἰς
1013 1732 1136 1791 τοὺς
1169 1732 1390 1793 αἰῶνας,
1448 1731 1554 1782 ἴσοι
1588 1733 1765 1798 ὑγιής.

191 1822 522 1883 Καὶεῦῢέως
557 1822 680 1890 ἰάθη
734 1824 763 1890 ἡ
807 1823 928 1890 χεὶρ
973 1821 1068 1875 τοῦ
1107 1823 1319 1890 ἀνδρός.
1357 1821 1414 1873 Ὁ
1451 1822 1506 1873 δὲ
1541 1822 1767 1873 παλαιο-

1514 417 1694 477 γιτΑ
1739 417 1798 474 S.
1844 413 1949 474 MA
1966 412 2114 473 RCI.

3347 421 3448 486 166

1947 527 2030 581 ΙΙΙ.
2070 526 2265 580 Beatus
2323 540 2450 581 vero
2501 526 2713 583 Marcus
2758 531 3018 598 postridie
3063 533 3447 589 Alexandriam

1877 628 2022 673 venit
2058 621 2151 689 (l).
2185 618 2427 688 Cumque
2458 621 2824 676 descendisset
2852 637 2882 676 e
2914 625 3060 690 navi,
3099 626 3232 678 adiit
3269 627 3447 680 locum

1877 716 2192 780 quemdam,
2245 712 2337 780 qui
2375 712 2667 765 vocabatur
2732 713 3005 768 Mendion.
3069 715 3199 769 Cum
3268 729 3448 771 autem

1877 803 1995 870 ejus
2034 804 2186 856 urbis
2239 814 2444 871 portant
2498 804 2775 869 ingressus
2829 818 2993 868 esset,
3041 809 3222 864 statim
3281 808 3450 876 ipsius

1877 895 2301 948 calceantentnm
2343 894 2665 948 dlSSOiUlllm
2703 897 2822 951 fuit.
2863 898 3011 964 Quod
3058 902 3249 953 beatus
3312 916 3446 967 apo-

1877 987 2046 1039 stolus
2095 987 2402 1057 intelligens
2435 1007 2447 1042 :
2479 985 2640 1052 Vere,
2679 989 2877 1056 inquit,
2917 991 3002 1044 via
3058 991 3167 1044 haec
3198 993 3446 1059 expedita

1876 1088 1930 1130 et
1984 1079 2160 1132 facilis
2217 1091 2321 1133 est.
2359 1077 2596 1148 Visoque
2653 1093 2891 1134 veterum
2954 1085 3445 1139 calceamentOrum

1876 1177 2082 1234 sutore,
2118 1171 2546 1224 calceamentnm
2589 1172 2939 1226 reﬁciendum
2990 1175 3038 1227 ei
3082 1177 3320 1229 tradidit.
3354 1176 3446 1230 ille

1877 1275 2006 1314 vero
2054 1261 2546 1314 calceamentorum
2597 1274 2746 1315 sutor
2785 1265 2972 1316 subula
3013 1265 3290 1318 sinistram
3333 1282 3449 1319 ma-

1879 1367 2003 1403 num
2037 1367 2186 1430 suam
2242 1355 2531 1420 percussit,
2563 1365 2616 1406 et
2647 1355 2904 1408 continuo
2957 1354 3212 1409 clamavit
3249 1375 3262 1408 :
3299 1357 3449 1412 Unus

1877 1445 2019 1498 Deus
2051 1422 2151 1498 est).
2188 1445 2252 1498 ld
2286 1462 2406 1498 cum
2440 1447 2623 1499 beatus
2672 1447 2881 1502 Marcus
2916 1449 3232 1506 audivisset.
3261 1464 3444 1501 secum

1875 1542 2117 1606 Cogitans
2146 1555 2209 1592 ac
2242 1539 2429 1593 ridens
2461 1539 2596 1592 dixit
2635 1556 2647 1592 :
2681 1538 3002 1606 Prosperum
3035 1540 3161 1592 fecit
3190 1539 3447 1592 Dominus

1876 1631 1977 1682 iter
2014 1647 2214 1684 meum.
2248 1631 2492 1698 Cumque
2526 1632 2578 1684 itt
2614 1632 2832 1683 humum
2863 1631 3185 1700 deSpttisset,
3220 1647 3285 1683 ex
3330 1633 3446 1700 ipso

1873 1732 2032 1787 sputo
2065 1721 2230 1772 lutum
2262 1722 2517 1786 confecit,
2549 1733 2603 1774 et
2639 1721 2753 1787 ejus
2788 1723 2885 1775 viri
2924 1738 3136 1775 manum
3179 1723 3398 1780 illincns
3430 1739 3444 1775 :

1877 1810 1929 1863 In
1973 1816 2215 1873 nomine,
2249 1813 2441 1879 inquit,
2470 1810 2597 1864 Jesu
2630 1812 2831 1864 Christi
2867 1813 3095 1866 viventis
3135 1814 3186 1864 itt
3223 1819 3442 1878 smeula,

193 1913 362 1983 ρᾶφος
419 1915 708 1982 ιστορήσας
752 1915 849 1982 τὴν
893 1913 1121 1982 δύναμιν
1154 1913 1247 1966 τοῦ
1293 1913 1506 1982 ἀνδρὸς,
1541 1914 1633 1965 καὶ
1672 1914 1768 1982 τὴν

1882 1911 1998 1956 esto
2031 1918 2227 1968 sanus;
2263 1918 2324 1955 ac
2371 1905 2554 1956 statim
2587 1905 2700 1974 ejus
2732 1904 2829 1956 viri
2868 1920 3059 1959 manus
3108 1901 3444 1962 sanata'esr.

191 2009 470 2077 ἐνέργειαν
503 2007 596 2060 τοῦ
629 2008 788 2075 λόγου
813 2009 1000 2071 αὑτοῦ,
1027 2010 1117 2059 καὶ
1149 2009 1208 2060 τὸ
1234 2007 1527 2074 ἀσκητικὸν
1563 2007 1766 2076 σχῆμα,

195 2096 346 2155 εἶπεν
381 2102 558 2169 αὐτῷ·
592 2102 794 2168 Δέομαί
829 2119 946 2162 σου,
997 2101 1252 2168 ἄνθρωπε
1286 2099 1375 2150 τοῦ
1408 2099 1565 2162 Θεοῦ,
1611 2098 1772 2166 δεῦρο

191 2192 494 2244 κατάλυσον
534 2194 773 2262 σήμερον
811 2193 890 2252 εἰς
949 2194 1039 2242 τὸν
1093 2186 1240 2243 οἷκον
1280 2190 1370 2241 τοῦ
1411 2190 1599 2250 παιδός
1651 2208 1768 2254 σου,

191 2284 284 2338 καὶ
324 2284 632 2352 φαγώμεοα
682 2285 818 2352 ὁμοῦ
877 2284 1069 2352 ψωμὸν
1124 2284 1316 2354 ἄρτου,
1357 2284 1444 2335 ὅτε
1509 2283 1771 2352 ἐποίησας

192 2378 338 2438 ἑὶεος
378 2377 493 2437 μετ’
535 2376 667 2444 ἐμοῦ
728 2380 990 2446 σήμερον.
1068 2376 1124 2427 '0
1155 2377 1210 2428 δὲ
1249 2377 1517 2446 μακάριος
1547 2377 1774 2444 Μάρκος

193 2467 500 2538 περιχαρὴς
532 2470 824 2538 γενόμενος
853 2469 957 2537 ἔφη
979 2487 991 2498 ·
1036 2468 1091 2520 '0
1124 2467 1324 2534 Κύριος
1353 2467 1462 2536 δῴῃ
1497 2484 1578 2518 σοι
1609 2467 1773 2535 ἄρτον

189 2560 336 2629 ζωῆς
363 2562 712 2628 ἐπουρανίου.
759 2561 819 2614 ὐ
846 2561 900 2612 δὲ
950 2560 1235 2628 ἄνθρωπος
1279 2559 1654 2626 παρεὸιάσατο
1682 2561 1771 2611 τὸν

189 2650 488 2702 ἀπόστολον
523 2649 617 2701 καὶ
649 2650 967 2718 εἰσήνεγκεν
997 2648 1160 2701 αὑτὸν
1195 2648 1272 2710 εἰς
1303 2648 1393 2698 τὸν
1436 2643 1582 2700 οἷκον
1604 2649 1770 2702 αὑτοῦ

190 2741 414 2810 χᾱίρων.

257 2923 332 2972 Δ’.
367 2917 638 2970 Εἰσελθὼν
667 2918 723 2971 δὲ
749 2920 777 2971 6
809 2920 1080 2991 μακάριος
1113 2921 1342 2991 Μάρκος
1370 2917 1524 2976 εἶπεν
1550 2939 1565 2955 ο
1604 2923 1771 2976 Εὐλο-

189 3011 285 3078 γὶα
342 3013 546 3079 Κυρίου
602 3007 704 3065 ὦδε
730 3029 742 3043 ·
778 3014 1072 3082 εὐξόμεθα,
1128 3017 1372 3083 ἀδελφοί.
1403 3018 1510 3068 Καὶ
1536 3016 1771 3086 ηὔξαντο

189 3105 330 3171 ἅμα,
359 3107 452 3154 καὶ
486 3104 622 3172 μετὰ
648 3104 745 3172 τὴν
776 3106 942 3173 εὐχὴν
976 3106 1375 3176 ἀνεκλῄοησοιν.
1421 3109 1506 3172 Ὠς
1538 3110 1592 3161 δὲ
1630 3112 1771 3178 ἠγα-

1878 1992 2038 2046 Sutor
2074 2006 2250 2046 autem
2294 1995 2382 2047 ille
2417 2011 2537 2048 cum
2571 1997 2800 2063 aposwli
2834 1996 2995 2050 Marci
3034 2001 3354 2065 potentiam,
3387 2008 3442 2052 et

1876 2086 2141 2138 orationis
2175 2085 2570 2151 eﬂicacitatem,
2627 2087 2981 2158 habitumque
3028 2091 3244 2143 virtutis
3283 2103 3446 2144 exer-

1874 2175 2120 2226 citationi
2171 2176 2587 2229 convenientem
2639 2179 3116 2233 animadvertisset
3169 2199 3181 2233 :
3226 2179 3444 2248 l‘recor,

1874 2262 2072 2329 inquit,
2105 2271 2176 2325 te,
2210 2263 2373 2315 homo
2413 2261 2530 2327 Dei,
2570 2278 2626 2316 ut
2661 2269 2844 2319 venias
2897 2269 3054 2320 hodie
3101 2279 3154 2320 et
3207 2269 3449 2323 divertas

1875 2356 1940 2407 ad
2001 2360 2217 2408 domum
2278 2357 2419 2408 servi
2469 2358 2567 2420 tui,
2618 2367 2674 2410 ιιι
2727 2358 2887 2411 simul
2947 2375 3084 2428 pane
3143 2376 3446 2427 vescamur,

1876 2447 2131 2514 quoniam
2172 2449 2542 2503 miserit-ordia
2593 2451 2752 2504 hodie
2801 2467 2884 2506 me
2919 2464 3234 2520 prosecutus
3274 2453 3445 2510 fuisti.

1874 2541 2073 2598 Beatus
2134 2543 2412 2612 apostolus
2477 2544 2692 2599 Marcus
2743 2561 2806 2600 ea
2856 2561 2912 2600 re
2969 2547 3122 2600 valde
3164 2549 3374 2604 laetatus
3431 2567 3447 2609 ;

1876 2637 2158 2703 Dominus,
2197 2639 2390 2705 inquit,
2427 2638 2572 2692 dabit
2609 2640 2701 2692 tibi
2756 2655 2948 2706 panem
3008 2643 3126 2694 vita:
3182 2643 3446 2696 caelestis.

1876 2727 2046 2784 llotno
2099 2731 2263 2798 igitur
2321 2732 2408 2783 ille
2460 2733 2612 2784 valde
2663 2730 2873 2796 hilaris,
2921 2733 3101 2800 coegit
3144 2735 3448 2802 apostolum

1875 2824 2092 2878 domum
2126 2840 2277 2877 suam
2310 2824 2600 2877 divertere.

1951 2917 2039 2973 ιν.
2078 2917 2246 2983 Quam
2281 2933 2400 2969 cum
2439 2917 2630 2968 beatus
2671 2914 2882 2970 Marcus
2912 2915 3251 2972 introivisset
3286 2937 3298 2973 :
3344 2917 3447 2972 Be-

1876 3013 2131 3072 nedic-tio,
2168 3010 2364 3076 inquit,
2418 3009 2627 3061 Domini
2673 3011 2758 3062 hic
2799 3011 2889 3061 sit.
2923 3008 3215 3062 Precemur
3258 3009 3480 3074 Dettm,_

1877 3105 2089 3158 fratres.
2145 3104 2220 3154 Ae
2275 3101 2435 3153 simul
2498 3101 2701 3170 precati
2764 3112 2913 3162 sunt,
2963 3112 3016 3153 et
3073 3112 3193 3168 post
3255 3117 3444 3170 preces

187 3194 486 3264 Θύνθησαν,
522 3189 674 3245 εἶπεν
697 3197 722 3246 6
751 3195 1040 3264 ἄνθρωπος
1071 3212 1085 3226 °
1131 3199 1333 3267 Πάτερ,
1377 3200 1428 3251 τί
1457 3202 1585 3269 ἄρα,
1619 3203 1767 3254 καλῶ

1876 3197 2271 3250 accubuerunt.
2306 3193 2376 3248 Ut
2408 3208 2534 3246 vero
2576 3193 2802 3262 benigne
2835 3207 2892 3246 se
2930 3192 3164 3246 vicissim
3215 3208 3444 3262 accepe-

187 3302 269 3349 σε,
315 3285 401 3347 τίς
432 3281 480 3336 εἷ
509 3287 601 3338 καὶ
628 3286 790 3338 πόθεν
831 3288 858 3338 6
890 3286 1044 3353 λόγος
1075 3281 1226 3349 οὗτος
1259 3291 1286 3339 6
1313 3288 1532 3351 δυνατὸς
1564 3293 1622 3341 ἐν
1651 3293 1768 3356 σοί;

185 3378 324 3434 Eine
382 3381 439 3434 δὲ
469 3383 496 3434 ὁ
521 3382 674 3448 ἅγιος
700 3382 924 3450 Μάρκος
949 3398 961 3410 ·
1010 3381 1152 3450 Ἐγὼ
1183 3381 1367 3445 δοῦλός
1400 3386 1517 3453 εἰμι
1538 3383 1636 3435 τοῦ
1661 3387 1772 3436 Κυ-

190 3475 308 3543 ρίου
354 3475 531 3545 Ἰησοῦ
570 3475 808 3542 Χριστοῦ
845 3476 938 3529 τοῦ
972 3478 1103 3531 Υἱοῦ
1135 3478 1227 3530 τοῦ
1259 3478 1416 3534 Θεοῦ.
1477 3475 1608 3531 Eine.
1663 3480 1716 3530 δὲ
1741 3478 1768 3530 6

184 3566 522 3635 ἅνθρωπος·
592 3568 932 3638 Ἐϐουλόμην
990 3573 1154 3624 αὑτὸν
1215 3575 1364 3626 ἰδεῖν.
1430 3572 1562 3627 Εἷπε
1624 3577 1678 3628 δὲ
1741 3578 1769 3629 6

184 3659 342 3721 ἅγιος
371 3658 583 3725 μάρτυς
611 3658 702 3734 τοῦ
731 3660 970 3730 Χριστοῦ
1000 3662 1225 3731 Μάρκος
1251 3679 1265 3693 ·
1321 3664 1461 3729 Ἐγώ
1498 3682 1578 3715 σοι
1604 3668 1769 3718 αὑτὸν

180 3749 445 3802 δεικνύω.
476 3749 584 3801 Καὶ
613 3751 817 3820 ἧρξιτο
845 3753 871 3803 6
908 3753 1063 3820 ἆγιος
1116 3755 1342 3822 Μάρκος
1389 3757 1562 3826 ἀρχὴν
1603 3759 1769 3807 ποιεῖ-

180 3843 309 3895 σθαι
335 3841 432 3894 τοῦ
462 3843 796 3910 Εὐαγγελίου
833 3845 1008 3915 Ἰησοῦ
1035 3846 1296 3915 Χριστοῦ,
1332 3847 1457 3899 Υἱοῦ
1489 3849 1580 3900 τοῦ
1607 3848 1764 3913 Θεοῦ,

184 3934 317 3986 Υἰοῦ
349 3934 628 4003 Ἀϐραὰμ,
661 3937 755 3988 καὶ
779 3936 1052 3988 δεικνύειν
1076 3937 1223 4003 αὑτῴ
1253 3939 1321 3986 τὰ
1353 3941 1478 4004 περὶ
1504 3939 1609 3988 τῶν
1635 3955 1766 4005 προσ

180 4030 374 4095 φητών
393 4027 581 4077 αὐτοῦ.
617 4025 675 4077 '0
704 4027 758 4077 δὲ
785 4027 1072 4096 ἄνθρωπος
1133 4022 1254 4079 εἷπε
1275 4042 1289 4055 ·
1323 4030 1547 4096 Δέομαι,
1586 4029 1763 4097 κύριε.

179 4119 293 4187 ἐγὼ
322 4117 546 4187 γραφὰς
586 4116 765 4186 ἅσπερ
795 4119 856 4168 σὺ
881 4119 1080 4184 λέγεις,
1114 4121 1365 4172 οὐδέποτε
1399 4122 1626 4190 ἥκουσα,
1652 4121 1764 4173 ἀλλ’

191 4211 400 4264 Ἰλίιόςι
429 4213 521 4262 καὶ
568 4210 906 4270 Ὀδυσειάδα,
945 4211 1041 4263 καὶ
1075 4213 1175 4264 ὅσα
1212 4214 1527 4278 σοφίζονται
1569 4218 1615 4264 οἱ
1657 4231 1764 4266 των

175 4303 500 4370 Αἰγυπτίων
535 4303 745 4362 παῖδες.
779 4302 962 4354 Τότεὸ
996 4303 1150 4370 ἅγιος
1196 4304 1420 4372 Μάρκος
1474 4305 1762 4370 εὐαγγελί-

176 4392 375 4456 ζεσθαι
417 4391 567 4460 αὺτῴ
595 4393 685 4444 τὸν
717 4393 950 4462 Χριστὸν
988 4395 1082 4444 καὶ
1117 4393 1383 4445 δεικνύειν
1417 4393 1563 4464 αὐτῷ
1615 4397 1696 4446 ὅτι
1729 4396 1761 4463 ή

178 4487 346 4552 σοφία
370 4485 465 4537 τοῦ
489 4487 694 4553 κόσμου
727 4486 916 4537 τούτου
947 4489 1131 4556 μωρία
1164 4490 1315 4556 παρὰ
1335 4489 1411 4557 τῲ
1435 4489 1560 4556 Θεῷ
1591 4491 1761 4542 ἐστιν.

1876 3300 2022 3354 runt,
2060 3289 2194 3342 dixit
2245 3287 2405 3340 homo
2436 3287 2522 3339 ille
2558 3303 2570 3337 :
2606 3286 2786 3348 Pater,
2817 3287 3046 3341 obsecro
3083 3296 3155 3350 te,
3183 3289 3305 3354 quis
3340 3287 3445 3340 es?

1873 3382 1938 3434 Et
1972 3383 2236 3434 undenam
2287 3380 2463 3432 oratio
2514 3381 2615 3431 ista
2663 3388 2770 3430 tam
2809 3390 2998 3445 potens
3033 3379 3082 3429 in
3119 3388 3168 3431 te
3202 3381 3441 3447 profecta

1871 3473 2121 3526 est?Cui
2156 3483 2376 3524 sanctus
2424 3470 2638 3525 Marcus
2671 3472 2806 3523 dixit
2851 3489 2863 3522 :
2907 3469 3016 3538 Ego
3063 3487 3254 3525 servus
3314 3486 3434 3524 sum

1876 3563 2086 3617 Domitii
2117 3561 2242 3614 Jesu
2276 3560 2497 3621 Christi,
2538 3561 2654 3612 Filii
2692 3562 2806 3613 Dei.
2847 3561 3070 3622 Vellem,
3105 3563 3275 3628 inquit
3331 3560 3439 3620 ille,

1875 3659 2045 3710 Deum
2077 3658 2274 3710 videre.
2309 3653 2444 3706 Tum
2503 3660 2719 3705 sanctus
2776 3651 2987 3704 Marcus
3022 3669 3035 3704 :
3067 3652 3220 3705 litum
3257 3653 3431 3720 ipsum

1870 3752 1962 3802 tibi
1981 3753 2282 3801 ostendam.
2304 3748 2590 3814 Coepitque
2612 3755 2832 3799 sant-tus
2862 3746 3141 3813 apostolus
3167 3760 3437 3813 exponere

1872 3840 2082 3893 initiuttt
2124 3839 2264 3890 illius
2301 3838 2570 3903 Evangelii
2624 3853 2635 3887 :
2687 3834 2848 3888 Liber
2905 3838 3270 3904 generationis
3309 3835 3435 3889 Jcsn

1869 3932 2094 3995 Christi,
2131 3930 2219 3984 lilii
2250 3928 2434 3990 David,
2463 3928 2558 3981 lilii
2581 3928 2886 3980 Abraltam'
2911 3927 3100 3994 :eique
3127 3929 3433 3990 ostendere,

1868 4038 1988 4090 qua:
2019 4023 2292 4087 pt-Ophetae
2320 4024 2417 4088 ipsi
2458 4021 2526 4073 de
2546 4023 2761 4074 Christo
2791 4020 3179 4089 praedixerunt.
3215 4017 3307 4072 Vir
3338 4034 3440 4071 au-

1872 4127 1973 4169 tem
1997 4115 2083 4168 ille
2110 4132 2122 4167 :
2148 4113 2304 4173 Istas,
2331 4115 2528 4179 inquit,
2549 4114 2786 4173 domine,
2805 4113 3111 4177 Scripturas
3128 4127 3261 4179 quas
3285 4124 3339 4163 tu
3358 4112 3438 4162 di-

1869 4209 2246 4274 cis.nunquam
2270 4221 2369 4274 ego
2391 4204 2589 4269 audivi,
2619 4206 2709 4257 sed
2734 4202 2951 4257 Iliadem
2969 4213 3021 4254 et
3044 4201 3362 4272 Odysscam,
3382 4213 3436 4256 ct

1867 4313 2217 4366 quseeutnque
2247 4295 2618 4364 Aigpytiorntn
2657 4295 2750 4344 lilii
2806 4296 2985 4345 doceri
3036 4296 3227 4346 solent.
3285 4293 3435 4346 Tunc

1867 4391 2034 4457 ('(Bpil
2085 4400 2307 4442 sanetus
2359 4386 2688 4455 evangeltsm
2741 4381 2952 4437 Marcus
3011 4383 3284 4437 Christum
3337 4385 3436 4452 ipsi

1870 4484 2145 4543 nuntiare,
2179 4491 2339 4548 atque
2371 4482 2657 4533 ostendere
2702 4478 2861 4544 hujus
2895 4476 3077 4529 mundi
3117 4479 3435 4542 sapientiam

187 4575 516 4627 Ἐπιστευσε
577 4575 677 4626 6ὲὸ
709 4573 996 4644 ἄνθρωπος
1030 4576 1105 4644 τῷ
1132 4577 1248 4645 Θεῴ
1277 4579 1364 4627 διὰ
1397 4580 1505 4628 τῶν
1535 4578 1638 4629 ὑπὸ
1672 4578 1761 4629 τοῦ

1876 4577 2149 4628 stultitiam
2192 4589 2312 4626 esse
2338 4573 2475 4638 apud
2511 4571 2692 4626 Deum.
2714 4569 2954 4621 Credidit
2989 4570 3149 4620 homo
3185 4570 3272 4621 ille
3308 4569 3434 4632 Deo,

175 4668 412 4736 Μάρκου
437 4665 752 4734 λεγομένων
779 4667 1024 4736 σημείων
1057 4670 1152 4720 καὶ
1185 4671 1450 4737 τεράτων,
1489 4671 1584 4720 καὶ
1618 4671 1764 4737 ἐφω-

171 4759 341 4829 τίσθη
373 4758 561 4821 αὐτὸς,
596 4760 688 4810 καὶ
717 4759 838 4822 ὅλος
863 4763 892 4812 6
940 4755 1086 4823 οἶκος
1111 4761 1297 4826 αὑτοῦ,
1330 4762 1423 4813 καὶ
1454 4760 1588 4812 πολὺ
1624 4761 1761 4828 πλῆ-

173 4853 267 4916 θος
307 4853 405 4906 τοῦ
435 4853 601 4904 τόπου
630 4853 866 4906 ἐκείνου.
903 4849 1011 4905 Ἦν
1041 4853 1096 4906 ὀὶ
1127 4854 1188 4905 τὸ
1216 4853 1389 4923 ὄνομα.
1421 4851 1514 4906 τοῦ
1547 4852 1759 4922 ἀνθρώ-

172 4963 280 5000 που
310 4951 404 4999 ἐκε
417 4947 529 4998 ίνου
569 4946 837 5010 Ἁνανίας.

242 5133 324 5190 E'.
370 5133 464 5197 Ὠς
502 5132 558 5185 δὲ
591 5130 748 5202 ὖχλος
780 5133 1000 5201 ἐγένετο
1021 5132 1131 5186 τῶν
1162 5133 1526 5186 πιστευόντων
1556 5132 1647 5182 ἐπὶ
1671 5131 1762 5182 τὸν

170 5231 410 5300 Κύριον,
438 5227 676 5299 ἡκουσαν
696 5228 742 5278 οἱ
769 5228 959 5294 ἄνδρες
992 5227 1089 5295 τῆς
1117 5227 1350 5288 πόλεως,
1372 5226 1455 5278 ὅτι
1478 5223 1762 5285 Γαλιλαῖός

168 5338 254 5383 τις
312 5319 656 5389 παρεγένετο
715 5316 973 5380 ἐνταῦθα,
1035 5319 1128 5370 καὶ
1191 5319 1490 5386 ἀνατρέπει
1529 5315 1624 5376 τὰς
1653 5316 1760 5366 τῶν

169 5413 314 5467 Θεῶν
341 5413 562 5474 θυσίας,
594 5411 688 5464 καὶ
716 5410 915 5463 κωλύει
945 5410 1126 5462 αὐτῶν
1157 5412 1254 5471 τὰς
1287 5409 1608 5479 ορησκείας,
1662 5408 1756 5458 καὶ

167 5506 408 5578 ἐζήτουν
443 5506 604 5556 αὑτὸν
635 5505 978 5568 ἀποκτεῖναι,
1029 5504 1122 5555 καὶ
1158 5502 1358 5571 ἔθηκαν
1387 5501 1534 5570 αὐτῷ
1552 5500 1754 5566 ,ἐνεδρι

166 5600 363 5654 πολλὰ.
412 5597 699 5663 Ἑπιγνοὺς
731 5598 785 5650 δὲ
821 5599 846 5647 ὀ
878 5595 1032 5662 ἅγιος
1071 5594 1293 5664 Μάρκος
1327 5596 1421 5653 τὰς
1459 5593 1752 5654 επιϐουλὰς

244 5721 261 5750 ⁸
301 5715 502 5768 Matth.
539 5729 576 5777 I,
621 5712 663 5780 Ι,
700 5715 754 5768 2.

1865 4677 2084 4737 propter
2110 4681 2171 4718 ea
2199 4679 2319 4734 qttze
2346 4679 2375 4717 a
2401 4661 2584 4715 Marco
2609 4661 2748 4714 dicta
2780 4670 2926 4724 sunt,
2949 4671 3002 4712 et
3032 4673 3251 4729 propter
3281 4662 3436 4728 signa

1867 4773 1917 4811 ct
1954 4760 2196 4828 prodigia
2239 4773 2334 4827 per
2377 4767 2499 4809 eum
2562 4754 2747 4806 (tcta:
2793 4753 3014 4820 ipseque
3059 4761 3113 4804 et
3164 4761 3274 4804 tota
3319 4754 3438 4818 ejus

1866 4851 2079 4912 domus,
2131 4855 2184 4900 et
2244 4861 2437 4913 magna
2503 4844 2622 4911 ejus
2691 4843 2927 4909 regionis
3001 4842 3311 4904 multitudo,
3368 4843 3436 4896 ab

1866 4940 2192 5009 evangelista
2227 4938 2342 5007 ipso
2366 4935 2666 4988 illuminata
2695 4941 2798 4987 est.
2829 4933 2960 4986 Erat
2989 4944 3168 4986 autem
3201 4934 3436 4986 hominis

1865 5033 2006 5086 illius
2036 5045 2230 5084 nomen
2262 5031 2526 5082 Anianus.

1937 5124 1997 5178 V.
2030 5122 2163 5178 Cum
2208 5138 2334 5176 vero
2385 5121 2649 5176 crevisset
2704 5133 2962 5174 numerus
3019 5133 3207 5175 eorum
3244 5120 3334 5186 qui
3377 5119 3433 5170 in

1863 5217 2092 5272 Domino
2154 5217 2540 5277 crediderunt,
2594 5213 2916 5267 audiverunt
2983 5212 3222 5266 civitatis
3290 5212 3433 5263 illius

1859 5313 2168 5376 optimates,
2217 5310 2496 5363 Galilzeum
2550 5309 2835 5377 quemdam
2892 5306 3016 5359 illuc
3058 5308 3300 5368 venisse,
3338 5306 3430 5372 qui

1858 5405 2080 5458 deorum
2144 5403 2414 5455 sacriticia
2481 5413 2772 5466 everteret,
2823 5409 2878 5453 et
2932 5401 3170 5466 ipsorum
3227 5398 3426 5453 cultum

1859 5497 2163 5564 impediret.
2196 5493 2556 5559 Quamobrem
2590 5508 2713 5545 eum
2771 5492 3080 5545 inter-licere
3117 5489 3424 5552 studebant,

1858 5601 2018 5658 atque
2054 5586 2277 5640 insidias
2325 5589 2517 5640 inultas
2554 5587 2599 5639 ei
2645 5585 2935 5639 faciebant.
2970 5584 3115 5648 Quas
3150 5598 3269 5636 cum
3303 5595 3424 5633 san-

240 5861 512 5930 (t)Anao
547 5857 615 5910 45
653 5855 798 5909 venit
839 5854 1240 5911 Alexandriam.
1283 5853 1414 5907 Vide
1457 5851 1653 5906 Euseb.
1695 5853 1744 5906 in
1792 5850 1985 5904 Chron.
2013 5847 2211 5902 Baron.
2249 5862 2314 5901 an
2347 5845 2436 5902 45.
