4212 6440
228 402 330 464 169

1511 400 1691 459 νιΤΑ
1731 399 1791 457 S.
1835 396 2100 457 MARCI.

3368 406 3467 463 ΠΟ

218 517 567 571 ἀπολοῦνται.
620 516 840 586 Ταύτην
899 516 999 587 τὴν
1061 514 1326 569 ὀπτασίαν
1363 514 1702 583 θεασάμενος
1766 513 1792 565 ὁ

1911 509 1949 567 n
1984 511 2147 568 cmios
2195 507 2513 581 suscipient,
2560 521 2615 567 et
2639 512 2881 584 reliquiae
2929 523 3032 572 tuze
3076 516 3129 572 in
3177 521 3337 575 terris
3364 538 3469 576 non

221 609 490 679 μακάριος
519 610 769 677 Μάρκος,
802 608 895 670 τὰς
932 610 1118 677 χεῖρας
1148 605 1313 659 αὑτοῦ
1345 607 1584 668 τανύσας
1618 601 1793 657 εἶπεν⁸

1903 607 2173 675 peribunt.
2207 603 2359 661 Hanc
2388 607 2648 661 visionem
2684 622 2805 662 cum
2837 608 3028 665 beatus
3059 609 3275 668 Marcus
3306 614 3475 671 vidis-

218 700 542 768 Εὑχαριςτῶ
582 716 681 763 σοι,
722 700 897 769 Κύριέ
930 715 1033 767 μου
1091 697 1266 765 Ἰησοῦ
1312 699 1552 766 Χριστδ,
1585 699 1668 750 ὅτι
1700 697 1800 750 οὐκ

1911 707 2006 762 set,
2040 713 2234 753 manus
2264 711 2388 753 suas
2424 700 2479 753 in
2511 699 2706 754 caelum
2725 702 2971 757 extendit
3001 718 3064 758 ac
3090 704 3221 760 dixit
3254 724 3266 760 :
3295 727 3313 760 (
3337 708 3477 764 Gra-

218 794 584 860 εγκατέλιπές
638 810 705 864 με
734 832 751 857 ,
808 793 941 846 ἀλλά
978 793 1505 862 συγκατηρίθμησάς
1558 809 1624 861 με
1663 791 1801 862 μετά

217 885 325 937 τῶν
356 886 527 954 ἁγίων
562 902 678 939 σου.
723 885 925 953 Δέομαί
960 902 1075 949 σου,
1140 883 1316 954 Κύριε
1356 882 1528 953 Ἰησοῦ
1573 882 1798 952 Χριστὲ,

218 979 429 1048 πρόσδε
443 979 529 1043 ξαι
556 980 613 1031 ὲν
642 978 833 1048 εἰρήνῃ
866 977 963 1048 τὴν
1000 977 1180 1048 ψυχήν
1209 994 1311 1047 μου
1337 977 1429 1029 καὶ
1462 977 1535 1045 μή
1578 993 1642 1043 με
1668 976 1805 1027 ἀπο-

217 1071 527 1141 δοκιμάσῃς
592 1070 701 1122 ἀπὸ
731 1071 827 1139 τῆς
859 1070 1088 1139 χάριτός
1144 1088 1259 1122 σου.
1296 1070 1405 1120 Καὶ
1435 1068 1606 1119 ταῦτα
1636 1064 1801 1119 αὑτοῦ

217 1165 493 1227 εἰπόντος,
522 1166 548 1217 ό
582 1163 787 1233 Κύριος
831 1162 1042 1230 Ἰησοῦς
1096 1160 1433 1230 παρεγένετο
1475 1160 1610 1230 πρὸς
1640 1158 1801 1211 αὐτὸν

216 1259 297 1327 τῷ
327 1260 568 1329 σχήματι
590 1252 633 1325 ᾧ
665 1254 732 1329 ἦν
767 1258 905 1328 μετὰ
926 1256 1034 1309 τῶν
1064 1254 1323 1326 μαθητῶν
1362 1252 1552 1315 αὑτοῦ,
1594 1250 1688 1303 καὶ
1717 1249 1806 1319 οἵᾳ.

223 1354 409 1419 μορφῇ
461 1347 527 1419 ἦν
580 1350 687 1420 πρὸ
726 1349 820 1402 τοῦ
853 1348 1049 1402 παθεῖν
1101 1345 1269 1400 αὐτὸν
1298 1344 1391 1397 καὶ
1415 1343 1677 1412 ταφῆναι,
1711 1340 1807 1395 καὶ

218 1439 369 1504 λέγει
393 1440 544 1510 αὐτῷ
565 1457 579 1471 ·
618 1441 827 1511 Εἰρήνη
858 1456 958 1505 σοι,
991 1437 1229 1508 ήμέτερε
1269 1435 1488 1506 Μάρκε,
1521 1431 1809 1500 εύαγγελι⁴

220 1534 322 1584 στά
347 1551 472 1600 μου.
512 1534 571 1585 '0
594 1533 649 1585 δι
683 1533 955 1603 μακάριος
982 1531 1212 1601 Μάρκος
1248 1525 1403 1582 εἴπεν
1428 1544 1441 1557 ·
1468 1528 1671 1598 Εἰρήνη
1699 1542 1808 1591 σοι,

220 1622 399 1691 Κύριέ
430 1640 529 1691 μου
564 1622 741 1693 Ἰησοῦ
763 1622 987 1692 Χριστέ.

287 1719 366 1767 6'.
410 1716 627 1784 Πρωῖας
655 1715 711 1766 δὲ
742 1713 1066 1782 γενομένης,
1098 1707 1268 1783 ἦλθεν
1312 1710 1475 1764 πάλιν
1516 1711 1575 1763 τὸ
1603 1710 1807 1779 πλῆθος

218 1806 316 1872 τῆς
351 1806 559 1865 πόλεως
592 1806 685 1857 καὶ
709 1804 1101 1871 ἐξενέγκαντες
1132 1804 1295 1857 αὑτὸν
1322 1806 1383 1856 ὲκ
1408 1806 1509 1873 τῆς
1531 1804 1804 1871 φυλακῆς,

217 1896 408 1950 ἔϐαλον
443 1896 603 1950 πάλιν
634 1898 693 1950 τὸ
724 1896 965 1967 σχοινίον
993 1899 1073 1961 είς
1100 1897 1190 1949 τὸν
1218 1897 1492 1965 τράχηλον
1529 1896 1692 1949 αὑτοῦ
1715 1895 1810 1947 καὶ
1844 1893 1885 1948 Β
1914 1890 2197 1943 multitudo
2247 1904 2261 1942 :

216 1983 411 2055 loupev
436 1985 685 2051 λέγοντες
707 2000 721 2014 ·
751 1985 1002 2056 Σύρομεν
1024 1986 1117 2037 τὸν
1144 1985 1411 2054 βούϐαλον
1444 1986 1523 2047 είς
1568 1986 1636 2037 1'1
1679 1984 1809 2052 βου-

218 2076 400 2128 κόλου.
454 2075 512 2129 ὐ
543 2077 598 2128 δὲ
635 2078 907 2147 μακάριος
931 2078 1158 2146 Μάρκος
1186 2076 1569 2146 εὐχαριστείας
1608 2076 1808 2145 μᾶλλον

212 2166 539 2231 ἁνέπεμπεν
567 2167 644 2238 τῷ
674 2170 1076 2239 παντοκράτορι
1125 2168 1317 2238 Κυρίῳ
1365 2167 1542 2237 Ἰησοῦ
1585 2167 1807 2238 Χριστῷ

216 2259 415 2329 λέγωνι
442 2262 536 2323 Είς
556 2263 743 2333 χεῖράς
769 2280 888 2329 σου,
913 2262 1112 2333 Κύριε,
1137 2262 1485 2334 παρατίθημι
1504 2262 1563 2316 τὸ
1589 2262 1812 2333 πνεῦμά

218 2368 348 2421 μου.
380 2354 489 2407 Καὶ
516 2354 674 2408 τοῦτο
695 2354 870 2409 είπὼν
903 2358 1193 2425 παρέδωκε
1247 2356 1311 2410 τό
1346 2356 1591 2427 πνεῦμα.
1647 2358 1721 2411 Τὸ
1751 2358 1809 2411 δὲ

218 2444 426 2513 πλῆθος
455 2446 562 2499 τῶν
595 2446 878 2502 δυσσεσῶν
921 2450 1193 2520 Ἐλλήνων
1225 2449 1337 2520 πῦρ
1380 2450 1689 2519 ἀνάψαντες
1731 2450 1811 2513 είς

216 2538 345 2600 τοὺς
380 2538 753 2609 καλουμένους
806 2540 1102 2609 ἀγγέλους,
1134 2542 1451 2610 ὲτέφρωσαν
1473 2540 1533 2593 τὸ
1558 2540 1811 2610 λείψανον

216 2626 313 2679 τοῦ
342 2627 578 2682 δικαίου.
616 2631 749 2684 Τότε
788 2632 1021 2701 προνοίᾳ
1048 2632 1146 2686 τοῦ
1197 2632 1406 2703 Κυρίου
1443 2632 1538 2687 καὶ
1557 2633 1811 2703 Σωτῆρος

216 2716 382 2785 ἡμῶν
444 2714 619 2787 Ἰησοῦ
669 2720 912 2790 Χριστοῦ
984 2706 1191 2793 κατέδη
1250 2722 1474 2791 λαίλαψ,
1523 2724 1618 2775 καὶ
1673 2720 1811 2791 ζάλη

218 2810 428 2880 ἀνέμου
459 2813 681 2880 ἐγένετο
719 2814 955 2883 μεγάλη,
985 2817 1080 2869 καὶ
1105 2819 1131 2869 ό
1158 2815 1310 2887 ἥλιος
1346 2813 1687 2869 συνέστειλεν
1713 2814 1812 2876 τάς

218 2899 472 2971 ἀκτῖνας,
506 2906 601 2959 καὶ
628 2908 846 2972 ἐγένετο
877 2908 1120 2977 βροντῶν
1149 2904 1281 2979 ἦχος
1322 2907 1493 2971 πολὺς
1537 2906 1633 2960 καὶ
1659 2905 1814 2967 ὑετὸς

220 2992 481 3057 πλεῖστος
531 2996 671 3065 μετά
734 2999 978 3067 χαλάζης
1034 3001 1138 3061 ῑως
1195 3000 1461 3070 ἑσπέρας,
1518 2999 1662 3053 ὥστε
1718 2998 1813 3052 καὶ

218 3086 507 3155 οἰκήματα
537 3087 705 3139 πολλά
747 3090 1116 3141 καταπίπτειν
1149 3092 1244 3143 καὶ
1289 3092 1521 3154 πολλοὺς
1548 3093 1812 3162 τεθνηκέ-

1906 791 2009 847 tias
2060 805 2163 857 ago
2196 791 2313 859 tibi,
2362 791 2585 847 Domine
2627 794 2698 847 mi
2751 791 2881 848 Jcsu
2928 794 3160 863 Christe,
3193 800 3334 868 quod
3369 815 3476 855 non

1905 880 2244 949 dereliquisti
2283 894 2392 946 me,
2418 883 2511 936 sed
2537 897 2660 936 cum
2687 883 2887 938 sanctis
2914 885 3020 940 tuis
3058 902 3143 941 me
3184 903 3482 946 connume-

1907 970 2061 1023 rasti.
2096 969 2297 1026 Precor
2340 980 2414 1040 te,
2468 973 2695 1028 Domine
2720 972 2848 1029 Jesu
2878 975 3109 1045 Christe,
3158 988 3214 1033 ut
3247 981 3479 1052 accipias

1908 1061 1960 1114 in
2002 1077 2133 1130 pace
2178 1064 2415 1117 animam
2464 1080 2665 1131 meam,
2719 1082 2896 1137 neque
2945 1084 3031 1124 me
3076 1072 3354 1141 reprobes,
3392 1084 3487 1129 aut

1908 1156 2166 1209 excludas
2209 1171 2237 1209 a
2289 1156 2462 1225 gratia
2506 1167 2649 1211 tua.»
2687 1157 2929 1229 Cumque
2961 1160 3075 1217 haec
3108 1163 3196 1218 ille
3244 1165 3481 1231 dixisset,

1910 1245 2169 1301 Dominus
2208 1244 2367 1303 Iesus
2409 1248 2660 1305 Christus
2710 1252 2775 1305 ad
2815 1267 2935 1306 eum
2977 1256 3123 1309 venit
3178 1257 3349 1325 ﬁgura
3395 1258 3487 1312 illa

1909 1355 2069 1409 quam
2101 1340 2351 1406 habebat,
2386 1357 2493 1411 quo
2539 1352 2781 1411 tempore
2814 1343 3129 1399 versabatur
3158 1361 3279 1401 cum
3322 1349 3488 1402 disci-

1909 1431 2049 1500 pulis
2084 1431 2217 1495 suis,
2266 1442 2319 1485 et
2369 1448 2472 1500 qua
2516 1431 2689 1487 forma
2737 1444 2875 1498 erat,
2923 1445 3214 1504 antequam
3268 1453 3487 1493 crucem

1910 1536 2126 1590 passus,
2169 1530 2225 1576 et
2264 1523 2510 1592 sepultus
2564 1523 2773 1579 fuisset.
2812 1523 2911 1591 Qui
2962 1534 3018 1581 et
3058 1526 3108 1582 ei
3157 1528 3294 1581 dixit
3328 1548 3340 1582 :
3375 1529 3489 1585 Pax

1911 1612 2029 1676 tibi,
2062 1611 2241 1665 Iiarce
2280 1614 2607 1681 evangelista
2659 1632 2835 1672 meus.
2869 1617 3068 1675 Beatus
3113 1635 3243 1675 vero
3271 1620 3487 1678 Marcus

1910 1703 2046 1757 dixit
2074 1720 2087 1755 :
2116 1703 2224 1757 Pax
2258 1704 2375 1769 tibi,
2413 1705 2636 1760 Domine
2662 1706 2787 1761 Jesu
2824 1708 3058 1766 Christe.

1987 1793 2079 1849 IX.
2113 1796 2246 1850 Cum
2278 1811 2406 1852 vero
2437 1796 2554 1853 dies
2578 1799 2865 1865 illuxisset,
2906 1802 3053 1856 venit
3087 1802 3214 1859 illuc
3248 1807 3487 1863 civitatis

2317 1905 2437 1959 quae
2492 1906 2614 1944 cum
2665 1892 2814 1945 illum
2869 1893 3204 1950 eduxissete
3248 1912 3489 1965 carcere,

1913 1996 2101 2037 rursus
2144 1983 2195 2035 in
2239 1980 2357 2049 ejus
2406 1983 2603 2037 collum
2664 1982 2847 2039 funem
2898 1984 3218 2053 injecerunt,
3260 2005 3494 2059 eumque

1912 2075 2314 2143 pertrahentes,
2372 2075 2621 2129 dicebant
2681 2093 2695 2129 :
2751 2077 3062 2133 Trahamus
3117 2081 3371 2134 bubalum
3435 2082 3490 2137 in

1911 2164 2131 2219 bubulci
2182 2165 2478 2221 stabulum.
2527 2168 2598 2219 At
2652 2169 2840 2223 beatus
2887 2168 3102 2225 Marcus
3147 2186 3213 2227 eo
3258 2173 3493 2242 majores

1911 2259 2118 2329 gratias
2149 2258 2511 2329 omnipotenti
2562 2258 2793 2315 Domino
2830 2259 2960 2316 Jesu
3008 2263 3229 2320 Christo
3272 2268 3489 2334 agebat,

1913 2351 2101 2406 dicens
2152 2368 2167 2406 :
2222 2367 2242 2402 ι
2298 2350 2355 2405 in
2402 2366 2597 2407 manus
2658 2362 2801 2417 tuas,
2861 2354 3108 2421 Domine,
3164 2359 3488 2413 commendo

1911 2445 2162 2513 spiritum
2198 2458 2378 2498 meum
2402 2443 2423 2474 '
2454 2460 2471 2499 ι
2512 2461 2531 2496 ι
2568 2444 2816 2515 Cumque
2848 2446 2952 2501 hoc
2980 2443 3234 2513 dixisset,
3265 2450 3492 2505 tradidit

1915 2536 2025 2591 Deo
2051 2536 2323 2607 spiritum.
2357 2536 2647 2607 impiorum
2678 2552 2808 2593 vero
2836 2536 3149 2594 Grzcorum
3177 2540 3489 2605 multitudo.

1912 2640 2034 2680 cum
2077 2627 2279 2695 ignem,
2316 2639 2383 2679 eo
2415 2625 2467 2679 in
2502 2624 2620 2680 loco
2651 2625 2743 2695 qui
2782 2628 3116 2695 Angelorum
3154 2630 3374 2683 nomine
3398 2644 3493 2698 ap-

1915 2717 2168 2787 pellatur.
2229 2717 2590 2783 accendisset,
2655 2717 2798 2772 illius
2869 2717 2970 2773 viri
3039 2717 3173 2787 justi
3236 2721 3495 2791 reliquias

1914 2812 2290 2867 comburebat.
2319 2811 2475 2866 Tune
2507 2811 2720 2865 Domini
2752 2820 2806 2866 et
2832 2810 3132 2867 Saivatoris
3164 2812 3334 2868 nostri
3363 2811 3492 2869 Jcsu

1913 2900 2115 2956 Christi
2168 2901 2507 2970 providentia
2559 2900 2762 2955 factum
2814 2913 2918 2968 est,
2954 2912 3013 2957 ut
3062 2904 3220 2959 turbo
3265 2904 3485 2974 quidam

1914 3002 2252 3063 erumperet,
2284 3003 2339 3047 et
2387 3002 2679 3062 tempestas
2729 3008 2921 3063 magna
2974 2996 3145 3059 ﬂeret,
3178 3004 3233 3050 et
3265 2995 3348 3051 soi
3378 2997 3495 3065 ipse

1911 3086 2098 3141 radios
2154 3098 2281 3139 suos
2347 3087 2720 3150 contraheret,
2783 3084 3135 3154 tonitrusque
3192 3095 3251 3141 et
3298 3101 3492 3142 eorum

220 3188 334 3229 ναι.
362 3175 698 3247 Φοὸηθέντες
725 3180 783 3234 δὲ
818 3180 1049 3233 ὲάσαντο
1084 3180 1339 3251 λείψανον
1380 3182 1477 3235 τοῦ
1514 3184 1670 3251 ἁγίου
1718 3184 1808 3237 καὶ

1915 3176 2129 3230 sonitus
2174 3173 2378 3228 multus
2428 3174 2731 3240 audiretur,
2776 3174 3009 3243 plurima
3047 3190 3266 3246 quoque
3314 3178 3495 3247 pluvia

219 3264 291 3335 ιφ
310 3285 453 3335 λγον.
482 3242 703 3340 ἐΕτεροι
740 3270 797 3323 δὲ
832 3242 1284 3342 διαχλευάζοντες
1332 3271 1542 3343 ἔλεγον,
1562 3242 1651 3336 ’ὥς
1672 3273 1753 3326 ὅτι
1781 3276 1808 3329 ό

1914 3281 2037 3321 cum
2064 3264 2332 3336 grandine
2353 3265 2638 3320 commista
2663 3280 2830 3334 usque
2849 3264 2916 3318 ad
2944 3279 3221 3334 vesperam
3249 3267 3493 3335 duraret,

223 3360 637 3431 τρισμακάριος
684 3362 926 3433 Σέραπις
983 3364 1162 3417 αὐτῶν
1202 3363 1302 3432 τὴν
1351 3363 1658 3436 ἐπισκοπὴν
1712 3363 1807 3419 τοῦ

223 3448 424 3518 ἀνδρὸς
455 3454 753 3521 ἐποιήσατο
781 3456 869 3508 διὰ
898 3456 958 3507 τὸ
991 3456 1155 3508 αὑτοῦ
1187 3457 1484 3524 γενέθλιον.

1915 3360 1988 3413 ita
2035 3368 2092 3411 ut
2131 3357 2363 3412 aediﬁcia
2416 3356 2579 3411 multa
2625 3365 2969 3422 corruerent,
2997 3364 3054 3412 et
3089 3358 3339 3415 homines
3381 3376 3490 3417 non

1916 3450 2074 3522 pauci
2101 3449 2300 3504 mortui
2330 3450 2611 3507 caderent.
2644 3447 2772 3519 Ejus
2809 3450 2977 3521 igitur
3025 3453 3104 3507 rei
3135 3452 3330 3509 timore
3365 3468 3489 3524 per-

228 3542 397 3609 cuisi,
464 3543 722 3612 reliquias
773 3548 946 3601 saneti
1013 3547 1179 3601 Marci
1221 3549 1631 3617 dereliquerunt
1683 3564 1746 3603 ac
1810 3549 2082 3617 fugerunt.
2133 3544 2240 3601 Alli
2297 3559 2424 3599 vero
2496 3543 2785 3600 irridentes
2851 3543 3123 3611 dicebant,
3177 3543 3493 3602 beatissima

225 3637 449 3691 illorum
487 3637 765 3708 Serapidis
806 3643 1139 3706 providentia
1178 3644 1291 3699 haec
1348 3644 1401 3698 in
1436 3644 1525 3700 ilio
1563 3647 1683 3700 viro
1724 3642 1893 3699 fuisse
1920 3643 2065 3696 facta
2096 3652 2319 3709 propter
2344 3639 2576 3693 natalem
2616 3640 2786 3707 ipsius
2815 3641 2980 3695 diem.

297 3735 356 3787 l’.
389 3734 526 3788 Τότε
588 3735 835 3801 ἐλθόντες
895 3740 1089 3809 ἀνδρες
1140 3742 1412 3806 εὐλαϐεῖς.
1462 3743 1811 3797 συνέστειλαν

224 3821 487 3891 λείψανον
539 3826 629 3879 τοῦ
688 3828 897 3883 δικαίου
944 3832 1053 3884 ἀπὸ
1090 3833 1188 3902 τῆς
1209 3834 1414 3903 τέφρας
1446 3836 1540 3887 καὶ
1572 3836 1811 3905 ήνεγκαν

224 3918 361 3969 ὅπου
393 3918 492 3979 τὰς
520 3919 687 3987 εύχάς
710 3922 889 3974 αὐτῶν
915 3925 1128 3988 καὶτὰς
1152 3925 1472 3997 ψαλμῳδίας
1498 3926 1807 3990 ἐπετέλουν,

227 4009 323 4063 καὶ
347 4008 654 4078 ἐκήδευσαν
687 4012 851 4063 αὑτὸν
908 4014 1093 4078 καθὼς
1124 4019 1245 4082 ἔθος
1273 4022 1341 4089 τῇ
1375 4019 1549 4079 πόλει.
1586 4019 1679 4072 καὶ
1702 4019 1809 4074 ἀπ-

224 4100 417 4155 έθεντο
466 4103 525 4155 ιν
557 4103 709 4174 τόπῳ
760 4103 1190 4176 λελατομημένφ
1254 4112 1480 4177 ἐνδόξως
1528 4112 1811 4175 τελοῦντες

224 4192 397 4247 αὐτοῦ
419 4196 519 4265 τὴν
547 4197 769 4267 μνήμην
795 4199 933 4267 μετὰ
959 4200 1327 4269 σωφροσύνων
1350 4204 1443 4255 καὶ
1469 4202 1811 4271 προσευχῶν,

225 4282 302 4344 ὼς
331 4283 554 4352 πρῶτον
586 4290 873 4357 κειμήλιον
903 4291 962 4342 ἐν
1019 4290 1405 4363 Ἀλεξανδρείᾳ
1459 4292 1814 4363 κεκτημένοι,

225 4375 324 4428 καὶ
356 4376 438 4440 είς
464 4376 524 4429 τὸ
547 4378 864 4433 ἀνατολικὸν
898 4382 1067 4454 μέρος
1096 4385 1385 4440 ἀπέθεντο.
1452 4386 1756 4458 Ἐκοιμήθη
1786 4386 1813 4437 ὀ

1988 3739 2058 3796 Χ.
2091 3738 2245 3793 Tune
2274 3747 2541 3792 venerunt
2572 3736 2820 3793 homines
2864 3737 3100 3807 religiosi
3139 3747 3195 3795 et
3223 3741 3325 3797 viri
3355 3742 3493 3812 justi

1915 3834 2173 3903 reliquias
2200 3846 2230 3886 a
2260 3832 2447 3887 cinere
2476 3840 2847 3893 secreverunt,
2876 3839 3039 3899 atque
3068 3834 3122 3887 in
3151 3848 3274 3888 eum
3309 3836 3486 3889 locum

1912 3923 2175 3985 tulerunt,
2234 3920 2321 3973 ubi
2384 3934 2574 3988 preces
2632 3926 2687 3973 et
2736 3918 2972 3987 psalmos
3036 3934 3163 3977 suos
3219 3924 3487 3990 canebat;

1913 4014 2135 4083 ejusque
2166 4011 2327 4066 {unus
2357 4018 2642 4076 curarunt,
2677 4017 2738 4064 ut
2768 4011 3009 4066 civitatis
3042 4027 3158 4068 mos
3196 4023 3339 4070 erat.
3379 4016 3490 4072 Re-

1910 4106 2109 4175 iiquias
2138 4114 2318 4159 autem
2357 4103 2726 4172 deposuerunt
2754 4103 2808 4156 in
2843 4102 2964 4157 loco
3001 4102 3195 4157 illustri
3226 4120 3257 4160 e
3290 4105 3487 4175 lapidi-

1910 4199 2015 4253 hus
2062 4194 2271 4258 exciso,
2310 4194 2480 4261 ipsius
2535 4194 2856 4246 memoriam
2907 4192 3087 4249 sobrie
3125 4204 3181 4250 et
3229 4195 3318 4266 pie
3360 4209 3485 4253 cum

1911 4288 2164 4359 precibus
2195 4285 2565 4349 celebrantes.
2601 4299 2711 4356 quo
2743 4284 2876 4340 nihil
2912 4288 3205 4355 pretiosius
3246 4291 3487 4346 Alexan-

1910 4382 2067 4435 drina
2087 4380 2277 4436 civitas
2300 4378 2633 4448 possidebat.
2672 4377 2798 4432 illas
2819 4391 2998 4436 autem
3024 4381 3277 4451 reliquias
3296 4382 3488 4440 Orien—

226 4467 508 4535 μακάριος
531 4468 759 4538 Μάρκος
783 4471 812 4522 ό
851 4473 1250 4546 εύαγγελιστὴς
1282 4476 1377 4529 καὶ
1407 4479 1808 4547 πρωτομάρτυς

1914 4480 2021 4526 tem
2070 4484 2267 4527 versus
2322 4468 2683 4525 collocarunt.
2741 4468 2924 4523 Codex
2980 4469 3095 4525 MS.
3150 4476 3313 4526 etiam
3372 4476 3489 4530 διε

223 4550 322 4605 τοῦ
356 4555 566 4636 Κυρίου
617 4556 776 4625 ήμῶν
820 4560 997 4631 Ἰησοῦ
1046 4564 1286 4633 Χριστοῦ
1334 4566 1394 4619 ἐν
1430 4564 1808 4636 Ἀλεξανδρείᾳ

1917 4562 2064 4618 addit
2096 4580 2111 4617 :
2154 4560 2277 4617 Fuit
2310 4569 2492 4614 autem
2538 4560 2715 4614 forma
2746 4560 3049 4617 beatissimi
3085 4563 3252 4622 larcl
3296 4567 3483 4636 hujus-

225 4646 291 4713 τῇ
327 4628 756 4716 πρὸξΑῐγυπτον
785 4628 915 4722 μηνὶ
936 4652 1057 4707 κατ’
1075 4628 1407 4723 Ᾰίγυπτίους
1436 4628 1716 4727 Φαρμουθὶ
1742 4628 1808 4720 λ’..

1915 4654 2109 4709 modi:
2148 4652 2332 4721 Longo
2380 4666 2535 4719 naso,
2586 4653 2854 4709 subducto
2904 4657 3211 4726 supercilio,
3266 4628 3492 4731 pulcher

227 4736 375 4790 κατά
397 4736 458 4791 δὲ
501 4736 806 4811 Ῥωμαίους
832 4745 969 4815 πρὸς
992 4745 1061 4799 τά
1093 4747 1390 4802 Καλανδῶν
1416 4748 1610 4802 Μαίων
1634 4764 1649 4780 ·
1669 4746 1808 4802 κατὰ

1911 4746 2103 4810 oculis,
2156 4747 2507 4809 recalvaster.
2556 4747 2762 4815 prolixa
2807 4748 2995 4814 barba,
3040 4750 3217 4816 velox,
3274 4755 3491 4811 habito-

224 4832 283 4886 δι
326 4832 619 4905 Ἐϐραίους
650 4837 965 4911 Νισασρίων
1019 4844 1480 4915 ἑπτακαιδεκάτη,
1536 4846 1627 4897 επὶ
1662 4845 1808 4915 βασι-

1914 4839 2055 4894 dinis
2101 4839 2339 4909 optimae,
2380 4838 2555 4891 aetatis
2582 4838 2793 4904 mediae,
2838 4841 2994 4895 canis
3034 4856 3309 4911 aspersus,
3356 4848 3490 4905 affe-

228 4923 386 4988 λείας
416 4924 580 4979 Γαΐου
612 4928 865 5001 Τισερίου
897 4933 1173 5004 Καίσαρος
1199 4952 1212 4966 ·
1245 4938 1387 4988 κατά
1406 4936 1464 4988 δὲ
1508 4937 1656 5005 ἡμᾶς
1686 4938 1808 5000 τοὺς

1917 4931 2100 4987 ctione
2126 4931 2438 4994 continens,
2472 4930 2646 4999 gratia
2696 4928 2793 4986 Dei
2841 4929 3055 5000 plenus.
3085 4933 3283 4992 Beatus
3324 4939 3493 5008 igitur

227 5013 603 5087 Χριστιανοὺς
649 5017 1029 5089 βασιλεύοντος
1063 5023 1157 5077 τοῦ
1193 5026 1401 5095 Κυρίου
1441 5026 1600 5095 ήμῶν
1635 5025 1808 5095 Ἰησοῦ

1922 5023 2136 5079 Marcus
2207 5022 2561 5089 evangelista,
2631 5024 2839 5094 primus
2901 5026 3102 5083 Christi
3155 5040 3363 5101 martyr
3430 5033 3484 5087 in

229 5110 503 5181 Χριστοῦ,
564 5107 609 5182 ᾦ
640 5116 672 5186 ή
704 5114 830 5181 δόξα
864 5120 960 5170 καὶ
1009 5119 1070 5172 sb
1104 5122 1302 5191 κράτος
1338 5120 1420 5183 είς
1454 5120 1579 5182 τοὺς
1608 5119 1808 5182 αίῶνας

1924 5116 2145 5188 Egypti
2209 5117 2559 5183 Alexandria,
2615 5130 2823 5186 mense,
2870 5120 2965 5189 qui
3012 5122 3153 5189 apud
3207 5121 3489 5194 Egyptios

230 5203 341 5255 τῶν
372 5205 612 5272 αίώνων.
657 5208 854 5279 ’Δμήν.

1924 5208 2371 5275 Pharututius,et
2389 5210 2529 5279 apud
2555 5206 2810 5266 ﬂebmos
2831 5210 2995 5267 Nisan
3020 5213 3244 5283 dicitur,
3260 5220 3491 5284 septimo

231 5293 509 5353 Kalendas
572 5299 719 5368 Maii,
778 5312 836 5357 ut
887 5302 1115 5360 Romani
1181 5316 1485 5370 numerant,
1549 5308 1652 5362 hoc
1710 5312 1814 5368 est,
1858 5302 2058 5372 Aprilis
2106 5302 2361 5357 vicesimo
2411 5301 2622 5372 quinto,
2662 5304 2815 5369 obiit,
2872 5306 3198 5377 imperatore
3260 5309 3487 5367 Claudio

233 5390 456 5446 Nerone
479 5392 691 5453 Casare
720 5415 734 5451 :
767 5396 925 5452 nobis
946 5408 1126 5453 autem
1188 5396 1517 5454 Christianis
1585 5400 1887 5467 imperante
1929 5395 2157 5450 Domino
2214 5406 2403 5451 nostro
2452 5396 2583 5455 Iesu
2632 5396 2885 5467 Christo;
2934 5404 3021 5459 cui
3078 5403 3247 5473 gloria
3300 5416 3385 5462 est
3434 5415 3490 5461 et

233 5484 529 5555 imperium
566 5501 687 5543 cum
720 5489 879 5545 Patre
923 5500 979 5546 et
1012 5489 1217 5562 Spiritu
1263 5501 1476 5556 sancto,
1510 5491 1563 5546 in
1616 5487 1810 5545 smcuia
1847 5486 2188 5553 silentiorum,
2220 5484 2417 5543 Amen.

306 5606 328 5635 '
354 5603 493 5659 Luc.
521 5622 678 5673 nm,
708 5609 801 5664 ιε.

504 5921 777 5983 Ρλτιιοι..
818 5922 932 5984 Gn.
997 5926 1181 5987 cxv.
3074 5934 3107 5996 ϐ
