4212 6440
207 450 310 517 173

1474 453 1652 516 νιτΑ
1694 453 1756 514 S.
1791 449 2144 513 ANTHIMI.

3335 449 3441 513 174

196 569 292 621 καὶ
323 566 422 635 τὴν
451 566 738 636 συμφορὰν
770 565 1100 635 ἀνωδύρετο.
1135 565 1492 636 Νικομηδέων
1522 565 1704 617 τοίνυν
1728 565 1775 617 οί

1879 562 2113 618 deﬂebat
2153 559 2559 625 miserabiliter,
2615 566 2667 614 et
2699 558 3018 629 deplorabat
3051 561 3443 618 calamitatem.

196 662 488 732 πρόκριτοι
527 661 622 712 καὶ
653 657 889 728 μάλιστα
918 658 1017 722 τῆς
1066 657 1396 726 Ἑκκλησίας
1427 658 1555 710 ὅσον
1587 657 1773 726 τρόφι-

199 771 302 822 μον
362 750 430 821 ἦν
462 753 520 804 τὸ
570 752 799 820 στυγνὸν
831 751 1007 802 έκεῖνο
1033 749 1128 803 καὶ
1162 750 1361 819 πικρὸν
1390 749 1489 818 τῆς
1536 749 1774 819 ἐρημίας

195 846 371 906 πάθος
404 844 465 897 οὐ
517 844 796 912 φέροντες,
853 841 1114 912 μάρτυρά
1141 857 1203 894 τε
1231 843 1329 912 τῆς
1376 842 1555 894 αὐτῶν
1589 841 1772 910 ψήφου

195 936 257 990 τδ
286 937 442 989 Θείον
467 935 696 989 ἐκάλουν
720 934 812 986 καὶ
852 921 1064 987 ἐδέοντο
1101 933 1325 1004 θερμῶς
1358 934 1771 1003 ικκαλυφθῆναι

194 1033 434 1096 τούτοις,
463 1031 511 1083 εί
544 1029 620 1097 τῷ
654 1027 774 1096 Θεῷ
801 1027 870 1082 τὰ
893 1031 993 1096 τῆς
1021 1027 1203 1080 αὐτῶν
1243 1028 1469 1097 γνώμης
1500 1029 1774 1080 ἀπόδεκτα

195 1125 306 1192 εἴη,
337 1124 432 1176 καὶ
463 1125 512 1175 εί
551 1124 648 1192 τὴν
682 1119 886 1173 ἄνωθεν
924 1120 1097 1189 ἔχοιεν
1143 1120 1320 1188 ψῆφον
1367 1119 1774 1189 ὲπιμαρτυροῦυ

194 1230 298 1269 σαν
327 1215 420 1266 καὶ
447 1213 616 1281 αὐτὴν
646 1213 739 1264 καὶ
771 1211 1270 1281 συμφθεγγομένην
1322 1210 1400 1278 τῷ
1449 1212 1769 1279 πράγματι·

195 1309 293 1361 καὶ
356 1307 464 1358 ίδοί)
530 1305 644 1374 φῶς
681 1305 828 1372 μέγα
874 1307 968 1358 καὶ
1004 1304 1320 1372 θαυμαστὸν
1377 1303 1645 1374 ἠστραψε,
1677 1308 1772 1355 καὶ

195 1400 350 1466 φωνή
388 1415 470 1460 τις
505 1398 582 1466 τῷ
614 1396 852 1467 Ἀνθίμῳ
889 1396 1010 1450 θεία
1032 1395 1517 1465 προσεμαρτύρει,
1552 1395 1649 1447 καὶ
1676 1394 1773 1462 τὴν

192 1490 378 1558 ψῆφον
438 1490 736 1560 ἐπεκύρου,
801 1489 894 1543 καὶ
937 1490 1016 1551 είς
1049 1489 1222 1556 πέρας
1254 1489 1482 1555 ἀγαγεῖν
1516 1485 1775 1556 προετρέ-

195 1599 348 1638 πετο.
405 1582 464 1636 '0
518 1583 617 1652 μὲν
653 1579 746 1637 οὖν
777 1582 956 1644 οὕτως
1013 1581 1106 1634 ἐπὶ
1139 1581 1249 1635 τῶν
1275 1581 1610 1653 οίάκωνμτῆς
1653 1581 1764 1635 Ἐκ-

195 1675 428 1744 κίι.ησὶις
455 1649 770 1740 καθέζεται,
807 1675 902 1727 καὶ
933 1675 1023 1727 τὸν
1058 1673 1210 1739 ἄξιον
1237 1675 1264 1727 ὁ
1299 1649 1774 1742 θρόνοξάπολαμ-

190 1767 365 1831 ϐἀνει,
398 1769 492 1820 καὶ
523 1769 614 1822 τὸν
643 1769 844 1819 οἰκεῖον
885 1768 1194 1837 ἀναιρεῖται
1229 1766 1430 1834 κόσμον
1477 1767 1510 1835 ή
1540 1765 1777 1834 Ἐκκληο

195 1861 307 1920 σία,
345 1860 438 1912 καὶ
462 1861 562 1930 τὴν
593 1861 897 1929 κατήφειαν
942 1859 1234 1926 ἀποτίθησι
1255 1899 1270 1923 ,
1315 1858 1559 1914 τοιούτου
1596 1858 1777 1922 (κατά

1883 653 2378 710 Nicomediensinm
2415 653 2595 722 itaque
2627 651 2923 722 praepositi,
2963 661 3020 707 et
3066 654 3305 708 maxime
3349 661 3446 725 qui

1881 756 2044 802 erant
2069 746 2276 801 alumni
2312 744 2577 812 ecclesiae,
2622 757 2682 800 se
2714 759 2835 800 esse
2868 747 3112 802 desertos
3163 748 3449 817 aegerrime

1881 838 2139 905 ferentes,
2177 853 2366 895 omnes
2392 840 2532 893 inter
2565 852 2625 892 se
2644 841 2919 894 communi
2957 839 3210 909 suffragio
3253 842 3444 895 decer—

1881 941 2036 996 nunt,
2071 931 2328 985 Anthimo
2353 932 2718 985 mandandum
2747 946 2866 986 esse
2890 931 3279 1000 episc0patum.
3307 930 3442 985 Cum

1881 1035 2011 1089 ergo
2041 1022 2312 1075 venissent
2339 1021 2404 1075 ad
2429 1021 2736 1086 ecclesiam,
2772 1023 2936 1076 Deum
2973 1023 3235 1077 vocabant
3257 1032 3446 1078 testem

1882 1129 1992 1168 sua:
2017 1114 2318 1177 electionis,
2349 1125 2404 1169 et
2453 1115 2810 1169 vehementer
2842 1115 3126 1184 rogabant,
3161 1126 3221 1168 ut
3251 1118 3332 1170 eis
3361 1132 3450 1170 re.

1878 1202 2173 1267 velaretur,
2211 1219 2280 1257 an
2313 1214 2458 1257 esset
2485 1203 2591 1257 Deo
2622 1215 2843 1273 accepta
2873 1221 3061 1259 eorum
3091 1208 3379 1271 sententia,
3404 1217 3458 1259 et

1883 1311 1948 1348 an
1976 1296 2238 1349 haberent
2270 1310 2565 1365 supernum
2604 1295 2918 1367 suﬂ‘ragium
2944 1299 3029 1352 eis
3059 1298 3364 1368 sum-agens
3400 1314 3454 1352 et

1882 1386 2205 1454 astipulans.
2238 1386 2376 1441 Ecce
2406 1397 2583 1442 autem
2634 1389 2996 1443 circummisit
3031 1390 3119 1442 lux
3150 1406 3344 1456 magna
3398 1401 3452 1443 et

1883 1477 2222 1531 admirabilis
2263 1495 2277 1531 :
2319 1487 2375 1533 et
2407 1494 2509 1534 vox
2555 1482 2803 1550 quaedam
2834 1482 3094 1536 Anthimo
3126 1483 3249 1537 tulit
3301 1484 3454 1537 testi-

1887 1569 2148 1632 monium,
2187 1576 2241 1621 et
2270 1584 2456 1623 eorum
2491 1573 2836 1626 cuntirmavit
2867 1575 3211 1642 electionem,
3243 1586 3302 1631 et
3329 1578 3457 1631 hor.

1885 1669 1995 1716 tata
2018 1669 2121 1726 est,
2148 1668 2208 1713 ut
2232 1662 2298 1715 ad
2324 1661 2572 1718 eilectum
2608 1665 2953 1724 deducerent.
2983 1673 3156 1737 Atque
3177 1671 3253 1723 sic
3279 1673 3455 1740 praeti-

1884 1757 2027 1811 citur
2049 1760 2202 1813 clavo
2223 1765 2456 1831 regendo
2481 1762 2756 1825 Ecclesiae,
2783 1773 2840 1817 et
2863 1764 3019 1818 sedes
3041 1765 3213 1818 virum
3237 1766 3457 1833 dignum

1888 1853 2141 1922 suscipit,
2173 1863 2230 1909 et
2255 1869 2412 1909 suum
2433 1864 2811 1911 ornamentum
2837 1858 3034 1926 accipit
3075 1857 3316 1913 Ecclesia
3359 1878 3374 1913 :
3407 1871 3463 1916 et

193 1951 442 2022 Παῦλον)
469 1951 836 2021 ἀνεπιλήπτου
875 1951 1039 2020 φάναι
1073 1947 1166 2003 καὶ
1194 1949 1336 2003 οὕτω
1365 1949 1530 2018 σοφοῦ
1555 1949 1650 2002 καὶ
1683 1965 1778 2018 με·

1891 1947 2113 2013 deponit
2147 1947 2446 2014 tristitiam,
2479 1959 2535 2003 nt
2566 1965 2685 2018 qua:
2725 1953 2861 2005 adeo
2891 1953 2971 2022 (ut
3017 1967 3141 2006 cum
3191 1952 3360 2008 Paulo
3383 1956 3464 2008 di-

191 2044 358 2111 γάλου
383 2044 622 2114 τυχοῦσα
657 2043 749 2096 τοῦ
786 2045 1100 2096 ἐπιστάτου.

261 2223 341 2277 F'.’
383 2222 441 2276 '0
489 2223 547 2276 δὶ
603 2222 744 2280 κατὰ
795 2223 922 2286 τοὺς
977 2221 1214 2291 ἀγαθοὺς
1269 2220 1608 2291 κυϐερνήτας
1642 2220 1780 2290 πρὶς

189 2316 354 2369 τοῦτο
386 2315 546 2385 μόνον
577 2315 684 2386 ὅλῳ
716 2315 794 2386 τῷ
823 2315 1086 2386 ὀφθαλμῷ
1114 2315 1262 2385 ἑώρα
1301 2319 1395 2368 καὶ
1430 2314 1780 2386 παρεσκεύα-

191 2425 307 2469 ato,
365 2410 512 2473 ὅπως
548 2425 604 2462 τε
650 2409 741 2461 τὸν
776 2408 1016 2478 χαλεπὸν
1072 2408 1171 2479 τῆς
1223 2408 1478 2470 ἀσεϐείας
1513 2408 1781 2477 κοιμίσειε

189 2500 461 2564 κλύδωνα,
499 2501 594 2553 καὶ
629 2499 778 2563 ὅπως
809 2500 907 2562 τὰς
937 2500 1044 2552 τῶν
1075 2498 1463 2566 συμπλεόντων
1495 2499 1674 2567 ψυχὰς
1703 2500 1785 2558 είς

187 2593 283 2644 τὸν
340 2591 538 2660 λιμένα
584 2591 676 2644 τοῦ
731 2592 865 2643 Θεοῦ
924 2590 1330 2658 καθορμίσειεν.
1392 2584 1548 2642 Οἶδεν
1603 2591 1782 2657 Ἰνδης

187 2700 252 2737 τα
265 2685 367 2736 ῦτα
390 2687 483 2736 καὶ
506 2685 688 2751 Δόμνα
709 2700 722 2713 ο
770 2682 947 2752 Ἴνδης
978 2684 1186 2744 ἐκεῖνος
1211 2681 1350 2750 ἀνὴρ
1374 2679 1691 2751 θαυμαστός
1718 2695 1780 2732 τε

189 2777 288 2832 καὶ¹
318 2778 638 2843 ἁξιέπαινος
665 2795 677 2808 ·
712 2778 876 2832 αὐτὸν
909 2779 1008 2843 μὲν
1042 2777 1271 2848 βασιλέα
1303 2781 1397 2831 καὶ
1427 2778 1493 2832 τὰ
1519 2778 1644 2847 περὶ
1679 2775 1780 2848 βα-

190 2869 350 2923 σιλέα
403 2871 582 2923 πάντα
628 2870 968 2936 καταλιπὼν,
1031 2874 1096 2940 τῇ
1131 2869 1385 2939 εὐσεϐείᾳ
1415 2870 1470 2922 δὲ
1514 2871 1652 2939 μετὰ
1681 2870 1783 2936 τῆς

186 2962 406 3033 Δόμνης
460 2964 748 3032 προτεθεὶς
803 2964 897 3016 καὶ
951 2964 1044 3015 τὸν
1100 2962 1277 3016 κοινὸν
1330 2962 1496 3032 ἄμφω
1557 2960 1783 3032 βασιλέα

188 3053 603 3123 πλουτήσαντες
629 3070 641 3082 ·
676 3053 796 3104 οὐδὲ
831 3053 1123 3120 Γλυκέριος
1149 3056 1240 3105 καὶ
1270 3054 1531 3120 Θεόφιλος
1560 3054 1658 3122 τῆς
1689 3051 1783 3105 τοῦ

188 3143 389 3214 ἀνδρὸς
424 3143 550 3212 περὶ
579 3142 678 3213 τὴν
701 3142 985 3194 εὐσέϐειαν
1017 3142 1253 3211 σπουδῆς
1284 3143 1562 3209 ἄγευστοι,
1601 3143 1784 3194 ίκανδν

184 3237 353 3289 τοῦτο
375 3237 676 3305 τεκμήριον
703 3236 795 3287 τὶν
813 3235 954 3306 ὑπὲρ
980 3236 1218 3305 Χριστοῦ
1246 3235 1477 3289 θάνατον
1503 3235 1783 3305 παρασχό-

191 3347 350 3400 μενοι
377 3347 390 3360 ·
425 3330 547 3384 οὐδὲ
576 3328 789 3396 πληθὺς
817 3328 952 3399 ἄλλη
983 3328 1287 3400 δισμυρίων
1315 3329 1400 3381 διὰ
1429 3329 1601 3398 πυρὸς
1632 3328 1781 3397 αὐτῷ

187 3425 286 3477 καὶ
317 3417 468 3476 οὗτοι
500 3422 882 3484 τελειωθέντες
907 3440 920 3454 ο
958 3423 1074 3475 ὅσοι
1105 3439 1165 3474 τε
1197 3423 1323 3492 περὶ
1353 3422 1656 3493 Μαρδόνιον
1691 3423 1780 3475 καὶ

186 3516 524 3584 Μυγδόνιον,
562 3517 765 3583 Πέτρον
793 3513 888 3566 καὶ
908 3514 998 3564 τὸν
1018 3515 1494 3582 καρτερικώτατον
1531 3516 1780 3584 Ζήνωνα,

186 3611 285 3662 τὸν
322 3613 441 3663 ἴσον
478 3609 573 3659 καὶ
601 3607 755 3659 αὐτοὶ
789 3607 928 3674 πρὸς
983 3605 1221 3674 Χριστὸν
1253 3606 1655 3673 ἐπιδειξάμενοι
1684 3608 1782 3659 πόα

188 3704 305 3769 θον,
341 3705 464 3756 ἐπεὶ
505 3700 579 3771 μὴ
611 3701 706 3753 καὶ
741 3699 840 3769 τῆς
885 3701 1006 3773 ἴσης
1038 3699 1267 3761 ἰκτίνοις
1321 3699 1611 3770 ἠνέσχοντο
1639 3715 1782 3768 μαρ-

186 3796 391 3866 τυρεῖς
418 3791 851 3863 ἀπολειφθῆναι·
896 3791 1134 3863 τοσαύτη
1181 3790 1281 3856 μὲν
1311 3789 1375 3862 δὴ
1405 3792 1525 3844 τότε
1567 3790 1781 3853 πολλοῖς

187 3896 290 3961 τῆς
315 3889 605 3951 εὐσεϐείας
636 3887 876 3947 ιπίδοσις
899 3885 1006 3939 ὑπὸ
1036 3884 1130 3937 τοῦ
1168 3882 1484 3952 θαυμαστοῦ
1525 3882 1780 3952 Ἀνθίμον

187 3985 419 4051 ἐγένετο
441 3995 453 4008 ·
501 3978 655 4046 ἄφνω
704 3978 759 4030 δέ
793 3994 874 4039 τις
905 3975 1116 4047 χειμὼν
1156 3975 1430 4043 ιγείρεται
1459 3972 1780 4042 χαλεπώτα-

186 4092 302 4135 τος.
329 4071 427 4125 xatl
449 4069 782 4140 σφοδροτέρα
805 4069 1058 4135 καταιγὶς
1079 4065 1398 4136 ὶμπεσοῦσα
1421 4061 1780 4133 Χριστιανοὺς

187 4167 462 4222 κατέδυσε
494 4165 699 4228 πάντας
727 4180 739 4192 ·
770 4157 840 4235 ἦν
870 4163 971 4231 μὲν
995 4160 1104 4234 γὰρ
1139 4161 1237 4214 ἐπὶ
1261 4160 1358 4230 τῆς
1386 4158 1560 4230 ἀρχῆς
1603 4159 1782 4223 Μαει-

191 4261 416 4330 μιανὸς,
447 4258 706 4326 διωγμῶν
728 4257 784 4310 δὲ
824 4257 850 4307 6
885 4254 1189 4326 βαρύτατος
1225 4256 1329 4306 ιπι
1357 4253 1497 4322 μέγα
1531 4269 1586 4303 τε
1619 4252 1783 4320 ἦρετο

188 4354 289 4406 καί
317 4352 464 4405 κατά
497 4351 599 4418 γῆς
633 4349 850 4419 ἀπάσης
881 4345 1080 4418 ἐχώρει
1128 4345 1221 4398 καὶ
1249 4345 1299 4397 οί
1341 4343 1441 4414 μὲν
1470 4343 1782 4413 ὴρευνῶντο

188 4443 569 4515 Χριστιανῶν,
597 4444 646 4494 οἱ
672 4442 726 4495 δὲ
749 4440 1004 4508 ἔφευγον,
1031 4440 1078 4492 oi
1107 4438 1164 4492 δὲ
1202 4435 1524 4509 ἀνῃροῦντο.
1558 4436 1631 4490 Τὸ
1656 4435 1782 4508 μέν·

187 4555 276 4591 τοι
298 4537 406 4606 τῆς
439 4535 724 4594 εὐσεϐείας
748 4533 905 4594 ἄνθος
933 4534 1022 4584 τὸν
1057 4533 1320 4601 Ἀνθιμον
1346 4531 1504 4599 δῆλον
1537 4531 1569 4599 ἡ
1611 4530 1780 4600 ἀρετὴ

187 4625 484 4684 κάνταῦθα
509 4627 654 4676 ποιεῖ
678 4622 773 4675 καὶ
830 4621 1094 4692 μηνύεται
1139 4625 1254 4685 τοῖς
1311 4619 1379 4673 τὰ
1433 4620 1780 4689 Χριστιανῶν

187 4718 488 4791 ιρευνὼσι,
535 4717 629 4769 καὶ
683 4708 859 4779 οὗτος.
887 4717 915 4768 ὁ
969 4713 1065 4767 νῦν
1097 4715 1196 4784 μὲν
1236 4716 1294 4765 έν
1327 4712 1532 4784 ἱερεῦσι
1565 4714 1762 4784 μέγας,

193 4812 389 4885 μικρῷ
429 4811 490 4866 δὲ
517 4809 743 4879 ὕστερον
775 4808 880 4860 κάν
905 4810 1018 4860 τοί⁵
1043 4808 1336 4878 μάρτυσιν.

262 4912 343 4961 Δ’.
392 4905 454 4958 Ὀ
487 4905 585 4974 μιν
621 4902 727 4971 γὰρ
754 4898 904 4968 παρά
942 4915 1049 4952 τινι
1079 4900 1314 4970 διέτριϐε
1351 4897 1513 4971 κώμῃ
1544 4900 1784 4970 σπείρων

1882 2049 2000 2088 eam
2030 2038 2081 2104 ⁸)
2116 2039 2646 2107 irreprehensibilem
2668 2054 2722 2098 et
2757 2045 2890 2099 adeo
2912 2046 3209 2114 sapientem
3237 2058 3294 2102 et
3341 2063 3463 2102 ma-

1884 2140 2050 2195 gnum
2083 2131 2157 2182 sit
2191 2145 2440 2187 assecuta
2479 2139 2814 2203 przeiectum.

1962 2218 2053 2274 111.
2085 2221 2178 2276 ille
2201 2233 2407 2290 autem,
2441 2230 2713 2294 quomodo
2740 2229 2864 2284 boni
2889 2231 3306 2302 gubernatores,
3353 2237 3461 2295 hoc

1883 2313 2059 2369 solum
2089 2320 2387 2386 spectabat,
2417 2330 2470 2373 et
2497 2322 2563 2376 ad
2614 2322 2665 2376 id
2714 2338 2774 2379 se
2826 2326 3073 2395 parabat,
3122 2341 3180 2383 ut
3233 2331 3455 2386 sedaret

1884 2421 2076 2476 graves
2101 2407 2298 2464 ﬂuctus
2335 2411 2649 2480 impietatis,
2691 2425 2744 2468 et
2781 2425 2838 2468 ut
2886 2421 3095 2475 animas
3139 2438 3329 2478 eorum
3365 2421 3462 2496 qui

1885 2496 2046 2551 simul
2076 2513 2203 2553 cum
2237 2515 2302 2555 eo
2336 2501 2684 2573 navigabant,
2719 2507 2786 2560 ad
2832 2520 3050 2578 portum
3083 2511 3177 2567 Dei
3214 2515 3460 2575 duceret.

1886 2587 1999 2643 Hoc
2027 2593 2177 2645 novit
2206 2593 2363 2649 ludes
2387 2604 2442 2650 et
2464 2595 2690 2656 Domna.
2715 2599 2872 2658 ludes
2904 2605 2993 2661 ille
3020 2605 3104 2661 vir
3127 2608 3463 2668 admirabilis

1883 2691 1941 2736 et
1970 2681 2128 2738 laude
2157 2685 2372 2754 dignus,
2406 2691 2520 2756 qui,
2551 2692 2740 2745 relicto
2771 2695 3101 2764 imperatore
3149 2711 3204 2755 et
3233 2704 3465 2772 impera-

1888 2776 2026 2831 toris
2057 2779 2220 2832 rebus
2257 2781 2532 2846 omnibus,
2567 2797 2689 2837 cum
2737 2784 2948 2842 Domna
2982 2793 3214 2848 accessit
3251 2796 3316 2848 ad
3353 2797 3465 2866 pice

1889 2878 2076 2936 tatem,
2115 2886 2167 2925 et
2200 2887 2543 2929 communem
2579 2890 2758 2947 regem
2801 2882 2962 2937 ambo
3017 2894 3145 2940 sunt
3203 2896 3460 2945 assecuti.

1896 2958 2080 3028 Neque
2112 2963 2393 3032 Ciycerius
2450 2976 2503 3018 et
2555 2966 2888 3036 TbeOphiius
2947 2972 3166 3030 fuerunt
3215 2984 3468 3048 expertes

1889 3053 2053 3105 studii
2086 3053 2243 3120 hujus
2276 3055 2376 3108 viri
2410 3057 2653 3126 pietatis,
2691 3062 2784 3129 qui
2847 3065 2949 3118 hoc
3012 3068 3286 3125 sufﬁciens
3327 3089 3464 3140 pra:-

1891 3141 2064 3197 buere
2119 3146 2509 3208 testimonium,
2549 3164 2740 3219 nempe
2790 3161 3019 3208 mortent
3077 3171 3174 3225 pro
3224 3160 3462 3217 Christo.

1831 3297 1851 3318 η
1887 3230 2073 3302 Neque
2122 3236 2226 3289 alia
2284 3236 2569 3292 multitudo
2604 3240 2790 3310 viginti
2823 3242 3071 3309 millium,
3105 3247 3193 3314 qui
3242 3247 3462 3304 fuerunt

1886 3338 1982 3392 per
2045 3327 2223 3393 ignem
2289 3329 2667 3382 consummati.
2730 3330 3041 3386 Mardonius
3098 3351 3350 3406 quoque,
3408 3353 3463 3393 et

1884 3413 2221 3485 Mygdonius,
2253 3415 2546 3482 etPetrus,
2582 3429 2636 3474 et
2673 3419 3002 3478 fortissimus
3027 3423 3195 3494 Zeno,
3238 3431 3328 3499 qui
3355 3433 3456 3500 ipsi

1885 3524 2105 3580 quoque
2142 3512 2499 3567 ostenderunt
2546 3529 2732 3583 parem
2762 3516 2818 3570 in
2871 3517 3146 3577 Christum
3191 3538 3456 3589 amorem,

1887 3605 2144 3671 quoniam
2184 3619 2285 3657 nec
2327 3619 2353 3655 a
2390 3604 2505 3671 pari
2551 3606 2772 3672 quidem
2825 3610 3201 3665 sustinuerunt
3266 3617 3462 3672 abesse

1884 3697 2169 3765 martyrio.
2209 3696 2686 3767 Tantuntquidem
2740 3700 2793 3753 in
2827 3701 3031 3770 pietate
3065 3705 3460 3763 incrementum

1889 3794 2016 3840 tunc
2037 3785 2190 3839 multi
2236 3801 2571 3857 acceperunt
2608 3792 2674 3844 ab
2701 3790 2959 3849 Antltimo
2989 3795 3314 3854 admirabili.
3351 3799 3461 3855 Re-

1887 3883 2047 3948 pente
2093 3889 2273 3934 autem
2324 3882 2596 3935 excitatur
2646 3890 2938 3951 tempestas
2976 3891 3458 3950 vehementissima

1885 3981 1940 4024 et
1961 3973 2258 4026 saevissima
2292 3975 2523 4041 procella
2559 3976 2769 4031 irruens
2803 3977 2856 4032 in
2885 3979 3242 4049 Christianos,
3269 4001 3460 4042 omnes

1885 4065 2142 4134 perculit.
2175 4063 2311 4118 Nam
2348 4065 2631 4133 imperium
2688 4070 2903 4137 quidem
2951 4073 3234 4130 obtinebat
3288 4078 3461 4134 Maxi-

1888 4158 2103 4212 mianus
2137 4167 2365 4212 :exorta
2417 4167 2502 4212 est
2535 4165 2715 4213 autem
2750 4160 3074 4230 gravissima
3125 4174 3456 4234 persecutio,

1887 4259 1942 4305 et
1971 4251 2207 4319 pervasit
2235 4251 2287 4303 in
2328 4263 2544 4303 omnem
2581 4258 2780 4303 terram
2805 4269 2819 4304 :
2844 4262 2896 4305 et
2927 4267 2991 4308 ex
3027 4257 3349 4314 Christianis
3371 4264 3460 4315 alii

1886 4343 2103 4415 quidem
2136 4343 2536 4411 quaerebantur,
2568 4342 2658 4395 alii
2686 4357 2815 4398 vero
2840 4345 3328 4407 interficiebantur.
3364 4355 3462 4409 At—

1891 4448 1997 4506 que
2020 4431 2208 4488 llorem
2239 4433 2458 4502 quidem
2490 4433 2732 4504 pietatis.
2758 4426 3100 4504 Anthimiim,
3131 4442 3302 4500 virtns
3331 4453 3463 4503 tune

1890 4529 2022 4580 iacit
2045 4524 2391 4578 manifestum
2419 4542 2433 4580 :
2459 4525 2801 4581 etindicatur
2831 4542 3045 4597 quoque
3071 4532 3175 4585 illis
3197 4535 3289 4602 qui
3310 4550 3465 4604 qua.

1891 4621 2082 4674 rebant
2103 4617 2465 4684 Christianos,
2505 4620 2548 4671 is
2572 4619 2663 4687 qui
2695 4625 2826 4672 tunc
2846 4622 3062 4688 quidem
3088 4635 3206 4678 erat
3230 4642 3462 4696 magnus

1893 4712 2037 4768 inter
2071 4712 2403 4775 sacerdotes,
2428 4711 2590 4780 paulo
2615 4721 2735 4780 post
2764 4721 2942 4769 autem
2959 4716 3121 4771 etiam
3151 4716 3292 4774 inter
3311 4736 3461 4777 mar-

1893 4815 2062 4875 tyres.

1966 4899 2057 4953 ιν.
2139 4897 2278 4954 Nam
2326 4899 2416 4956 ille
2465 4901 2681 4970 quidem
2737 4899 3054 4954 versabatur
3115 4903 3167 4957 in
3226 4905 3461 4972 quodam

186 5017 254 5060 τι.
274 4999 360 5070 τῷ
397 4997 541 5066 λόγῳ
591 4996 691 5064 τῆς
737 4994 994 5064 ἀληθείας
1025 4992 1119 5046 καὶ
1158 4994 1219 5044 τὸ
1275 4993 1540 5047 τάλαντον
1562 4993 1661 5062 τῆς
1692 4995 1780 5047 πί-

1895 5006 2052 5065 pago,
2085 4995 2360 5048 seminans
2391 4992 2617 5048 verbum
2649 4990 2919 5060 veritatis,
2947 5000 3002 5047 et
3047 4992 3307 5050 talentum
3339 4995 3462 5051 ﬁdei

189 5109 373 5154 στεως
429 5088 924 5153 πολλαπλασιάζων
945 5102 958 5117 ⁸
1001 5087 1214 5157 πέμπει
1244 5086 1300 5138 δὲ
1340 5089 1420 5149 si;
1454 5086 1665 5138 εἴκοσιν
1694 5088 1785 5139 ιπ-

189 5189 333 5250 πέας
367 5189 398 5240 ὁ
431 5182 793 5254 Μαξιμιανὺς,
818 5183 960 5236 ὥστε
990 5180 1275 5234 συλλαϐεῖν
1302 5179 1491 5232 τοῦτον
1524 5179 1619 5232 καὶ
1651 5179 1786 5252 παρ’

183 5279 357 5334 αὑτὸν
383 5278 637 5346 ἀγαγεῖν.
672 5276 738 5331 Ol.
770 5277 826 5330 δὲ
859 5277 916 5328 ιν
953 5277 1021 5346 τῇ
1068 5273 1295 5346 Σημάνῃ
1341 5274 1781 5345 παραγεγονότες

187 5371 399 5446 (τοῦτο
434 5372 543 5441 γὰρ
576 5370 750 5440 ὄνομα
779 5370 845 5441 τῇ
882 5367 1084 5439 κώμῃ)
1122 5367 1514 5438 ιντυγχάνουσι
1543 5365 1621 5438 τῷ
1663 5367 1780 5418 Ἀν-

181 5468 336 5537 θίμῳ
366 5464 465 5517 καὶ
499 5464 573 5534 μὴ
597 5464 991 5534 συμϐαλόντες,
1017 5462 1091 5525 ὡς
1119 5455 1273 5524 οὗτος
1299 5463 1507 5522 ἐκεῖνος
1535 5461 1562 5513 ὀ
1590 5457 1783 5528 ζητού-

186 5574 354 5630 μενος
392 5557 504 5622 ιίη.
545 5556 709 5609 αὑτὸν
743 5554 1006 5625 Ἀνθιμον
1052 5553 1282 5624 ⁴ἠρώτων
1334 5552 1458 5623 περὶ
1502 5551 1778 5620 Ἀνθίμου,

181 5655 282 5705 καὶ
313 5653 468 5711 ὅστις
503 5643 656 5712 οὗτος
683 5649 942 5720 ὑπάρχοι,
979 5647 1070 5700 καὶ
1094 5648 1227 5700 ὅπου
1256 5644 1525 5716 διατρίϐει
1549 5645 1650 5712 τῆς
1678 5643 1784 5697 κώ-

187 5761 330 5817 μης.
370 5741 438 5794 '0
469 5741 562 5795 καὶ
589 5742 722 5804 τέως
759 5742 854 5811 μὲν
881 5741 972 5794 ἰπὶ
1011 5739 1188 5804 ξενίαν
1209 5738 1428 5800 τούτους
1457 5735 1786 5808 παραλαϐὼν

262 5910 279 5941 ⁸
320 5906 340 5963 1
373 5903 521 5962 Tim.
560 5923 642 5973 ιιι,
674 5907 728 5962 2.

1893 5085 2286 5154 multiplicans.
2314 5083 2477 5139 Mittit
2499 5094 2678 5139 autem
2705 5082 3066 5140 Maximianus
3097 5087 3242 5143 circa
3271 5086 3464 5157 viginti

1892 5175 2127 5244 equites,
2161 5183 2222 5229 ut
2243 5189 2368 5231 eum
2405 5176 2931 5245 comprehenderent
2959 5183 3015 5232 et
3047 5177 3116 5232 ad
3145 5193 3267 5234 eum
3291 5181 3451 5238 addu-

1890 5277 2102 5324 cerent.
2139 5268 2222 5323 illi
2278 5278 2457 5324 autem
2510 5282 2630 5324 cum
2690 5265 2976 5322 Semanam
3027 5270 3306 5326 venissent
3356 5271 3466 5344 (est

1890 5360 2035 5416 enim
2086 5360 2189 5416 hoc
2236 5373 2433 5415 nomen
2460 5361 2641 5431 pagol,
2679 5358 2960 5415 oﬂ'endunt
3012 5359 3326 5417 Antbimum
3361 5377 3378 5417 :
3409 5376 3470 5418 et

1891 5471 2000 5509 non
2019 5455 2370 5525 conjicientes
2399 5455 2539 5510 hunc
2570 5454 2720 5509 illum
2754 5467 2900 5519 esse,
2931 5467 3094 5523 quem
3129 5455 3460 5524 quaerebant.

1887 5549 2060 5618 ipsum
2089 5549 2406 5603 Antbimum
2434 5548 2698 5618 rogabant
2728 5547 2794 5603 de
2822 5547 3098 5615 Anthimo,
3130 5557 3180 5604 et
3206 5550 3455 5618 quisnam

1886 5643 1932 5696 is
1960 5649 2127 5705 esset,
2165 5649 2221 5695 et
2248 5640 2464 5696 ubinam
2496 5641 2546 5696 in
2576 5654 2715 5711 pago
2736 5640 2979 5709 degeret.
3026 5639 3122 5694 ille
3164 5654 3294 5694 vero
3324 5654 3449 5695 cum

1887 5749 1980 5790 eos
2007 5733 2226 5805 quidem
2278 5734 2495 5790 interim
2543 5734 2775 5802 hospitio
2811 5731 3130 5802 accepisset,
3162 5743 3216 5788 et
3248 5732 3328 5787 eis
3359 5747 3454 5800 pa-
