4230 6436
739 423 842 491 Πὸ

2040 427 2322 486 MENSIS
2355 429 2678 490 APRlLlS.

3869 442 3980 506 176

742 556 862 592 nem
893 549 945 593 et
977 538 1126 592 fabas
1156 538 1213 590 in
1247 543 1403 589 omna
1459 539 1819 607 apposuisset,
1871 550 1924 593 et
1974 555 2070 608 pro
2107 541 2314 594 virilms
2347 550 2388 602 Α

2347 550 2388 602 Λ
2421 543 2514 593 καὶ
2539 543 2749 596 δεῖπνον
2769 545 2950 608 αὐτοῖς
2987 547 3272 617 παραθεὶς,
3308 550 3470 617 ἄρτον
3493 568 3556 604 τε
3593 553 3687 605 καὶ
3717 558 3993 622 κυάμους,

742 633 1044 686 convivium
1075 631 1442 692 exhibuisset,
1492 632 1683 685 deinde
1736 647 1794 688 se
1836 648 1954 686 esse
1999 634 2311 686 Anthimum

745 725 1040 779 renuntiat.
1077 723 1228 790 Quod
1250 722 1467 792 quidem
1497 737 1614 776 cum
1642 723 1713 776 illi
1739 723 2094 786 audivissent,
2121 738 2315 793 prope-

743 820 961 872 tnodum
993 818 1408 884 obstupuerunt,
1438 824 1490 869 et
1523 830 1620 869 nec
1677 816 1743 869 ad
1794 815 1934 870 illius
1961 817 2177 885 quidem
2223 832 2313 870 ca-

739 926 844 965 nos
885 919 1134 978 poterant
1185 911 1411 962 omnino
1462 909 1680 967 intueri.
1738 919 2048 977 reputantes
2095 910 2308 978 quidem

744 1018 1015 1064 mensam,
1046 1012 1102 1056 et
1145 1015 1376 1065 coenam,
1415 1009 1469 1053 et
1520 999 1839 1067 hospitium,
1899 1013 2087 1054 rursus
2134 1009 2308 1052 autem

739 1099 1063 1166 cogitantes,
1108 1111 1337 1163 quanam
1380 1101 1445 1147 de
1479 1108 1668 1158 causa,
1701 1103 1752 1146 et
1783 1103 2001 1162 propter
2038 1093 2164 1162 quid
2211 1093 2308 1146 dn-

740 1189 880 1241 cturi
914 1196 1087 1242 essent
1119 1201 1241 1240 eum
1264 1187 1329 1238 ad
1363 1184 1769 1248 Maximianum,
1802 1185 1866 1236 ad
1893 1195 2134 1237 extrema
2165 1184 2311 1236 scili-

738 1289 824 1333 cet
858 1279 1016 1343 mala,
1049 1289 1103 1331 et
1134 1287 1341 1331 certum
1386 1276 1738 1345 supplicium.
1800 1275 1954 1340 Quod
1987 1274 2201 1342 quidem
2255 1283 2308 1325 et

735 1387 922 1427 eorum
951 1371 1146 1423 animis
1181 1369 1436 1437 majorem
1459 1367 1720 1421 afferebat
1749 1367 2012 1427 dolorem,
2046 1363 2308 1418 eteﬂicie—

736 1470 854 1528 bat,
881 1475 938 1516 ut
964 1462 1101 1531 apud
1132 1461 1446 1514 Antliinmm
1475 1460 1878 1514 erubescerent.
1913 1456 2020 1512 Hac
2049 1457 2112 1511 de
2143 1472 2304 1511 causa

733 1571 855 1609 cum
890 1570 952 1610 os
987 1554 1130 1608 illius
1168 1552 1463 1606 veridicum
1504 1549 1765 1603 haberent
1797 1548 1914 1617 ejus
1953 1547 2212 1613 indicem,
2252 1559 2307 1602 et

734 1663 800 1700 ex
846 1645 961 1712 ejus
1014 1645 1193 1714 lingua
1231 1642 1596 1709 intelligerent
1647 1655 1767 1695 eum
1805 1654 1926 1694 esse
1965 1640 2301 1705 Anthimunt,

729 1756 853 1793 eum
880 1741 1126 1793 lubenter
1154 1733 1516 1794 dimittebant,
1567 1743 1620 1788 et
1650 1744 1706 1787 ut
1753 1733 2052 1796 recederet,
2105 1733 2303 1787 suade-

732 1835 858 1888 bant
883 1849 911 1886 ιε
935 1833 1183 1885 sciebant
1212 1828 1354 1881 enim
1388 1826 1522 1880 nihil
1545 1829 1670 1880 boni
1703 1827 1750 1880 ei
1770 1841 1891 1880 esse
1917 1841 2297 1880 successurum

729 1940 798 1978 ex
826 1939 923 1978 suo
957 1925 1184 1976 adventu
1217 1921 1282 1974 ad
1319 1920 1732 1973 Maximianum.
1790 1917 1957 1974 Nobis
2019 1929 2198 1973 autem
2229 1919 2296 1973 ad

731 2028 998 2081 nostram,
1037 2016 1278 2078 aiebant,
1319 2012 1513 2066 sufﬁcit
1548 2009 1937 2076 defensionem,
1982 2011 2296 2065 Antltimum

728 2114 943 2181 quidem
979 2111 1205 2163 multum
1239 2105 1554 2175 quies-ivisse
1584 2119 1678 2173 per
1715 2104 2018 2158 universam
2049 2103 2298 2156 Nicome-

729 2207 900 2270 diam,
937 2217 1040 2256 non
1068 2201 1310 2272 potuisse
1359 2209 1538 2254 tamen
1576 2214 1696 2252 eum
1749 2199 2009 2252 invenire.
2068 2195 2171 2252 Sed
2203 2196 2294 2265 qui

729 2296 821 2352 Dei
859 2305 1125 2365 praecepta
1167 2307 1383 2360 semper
1437 2291 1799 2344 meditabatur
1848 2289 2158 2353 Anthitnus,
2207 2302 2300 2340 eos

727 2389 957 2444 omnino
989 2386 1288 2440 adhortans
1325 2391 1378 2435 et
1409 2381 1632 2444 docens,
1663 2389 1721 2434 ut
1753 2381 2028 2433 veritatem
2071 2380 2298 2446 loquan-

727 2491 816 2536 tur
847 2486 900 2533 tn
937 2477 1099 2531 corde
1129 2490 1248 2537 suo,
1304 2485 1356 2528 et
1411 2488 1511 2528 nec
1543 2473 1664 2527 illos
1717 2482 1933 2542 propter
1991 2473 2164 2542 ipsum
2217 2472 2296 2525 vel

732 2571 866 2628 solis
903 2571 1070 2624 labris
1131 2567 1349 2622 mentiri
1392 2567 1692 2628 sustinens,
1722 2574 1773 2617 et
1805 2564 1912 2618 alio
1951 2565 2039 2633 qui
2081 2576 2298 2632 propter

725 2664 1006 2719 Christum
1036 2669 1268 2715 mortem
1311 2659 1527 2722 sitiens,
1575 2671 1680 2710 una
1741 2671 1859 2710 cum
1915 2658 1996 2710 eis
2040 2657 2186 2710 illinc
2215 2667 2299 2710 est

730 2754 1026 2828 prolectus,
1077 2760 1130 2806 et
1165 2751 1268 2804 iter
1310 2751 1448 2804 iniit.
1518 2749 1650 2804 Cum
1699 2763 1794 2802 eos
1835 2760 2014 2802 autem
2073 2749 2294 2801 multum

727 2858 872 2904 esset
894 2849 1212 2900 exhortatus
1234 2844 1298 2896 ad
1331 2842 1608 2910 pietatem,
1636 2849 1690 2892 et
1742 2841 1806 2893 de
1841 2837 2036 2892 tuturis
2067 2853 2186 2891 cum
2217 2839 2298 2893 eis

729 2939 1102 2998 disseruisset,
1147 2935 1269 2989 etsi
1300 2933 1425 3002 quid
1450 2932 1529 2986 eis
1577 2931 1768 2984 durum
1822 2939 1876 2985 et
1925 2944 2177 2998 asperum
2232 2945 2296 2984 ex

730 3033 929 3102 pietate
954 3030 1151 3090 inerat,
1175 3026 1225 3080 id
1260 3023 1566 3094 levigasset,
1596 3031 1650 3077 et
1688 3021 2112 3091 complanasset,
2137 3035 2185 3078 et
2216 3025 2296 3078 eis

729 3125 921 3178 anima
961 3135 1149 3190 agrum
1179 3117 1463 3179 nntndum,
1491 3124 1546 3169 et
1572 3114 1636 3167 ad
1667 3115 1881 3183 pietatis
1907 3130 2089 3170 semen
2123 3116 2297 3170 susci-

2418 635 2598 696 xa‘ttb;
2628 632 2741 704 εἶχε
2771 639 2950 705 χειρὸς
2985 641 3075 690 καὶ
3100 632 3381 707 δυνάμειιῖς
3410 643 3686 706 ἑστιάσας,
3722 644 3839 696 εἶτα
3866 647 4002 698 ἑαυ-

2414 724 2504 775 τὸν
2558 721 2696 779 εἶναι
2749 727 2841 778 τὸν
2875 730 3135 796 Ἀνϐιμον
3190 732 3562 798 ἀπαγγέλλει”
3617 736 3752 803 ὅπερ
3792 740 3998 788 ἐκεῖνοι

2414 813 2766 877 ἀκούσαντες,
2801 815 2985 883 ὀλίγου
3029 817 3137 868 δεῖν
3165 820 3515 886 ἐπεπήγεσαν
3561 822 3653 873 καὶ
3685 823 3804 874 οὐδὲ
3841 829 3997 874 ἀντι-

2413 903 2634 956 6λέπειν
2666 911 2744 967 εἰς
2796 907 2894 976 τὴν
2930 909 3147 960 ἐκείνου
3189 909 3382 962 πολιὰν
3423 912 3628 980 ἴσχυον,
3671 914 3998 980 ἀναλογιζό-

2415 1011 2564 1062 μενοι
2612 997 2710 1065 μὲν
2758 997 2856 1066 τὴν
2894 1000 3197 1067 τράπεζαν,
3248 1002 3344 1053 καὶ
3390 1003 3448 1053 τὸ
3495 1005 3728 1067 δεῖπνον,
3765 1007 3859 1057 καὶ
3891 1010 3995 1075 τήν

2414 1086 2613 1148 ξενίαν.
2660 1087 3085 1158 Ἐνουμοιὲμενοι
3110 1090 3164 1142 δὲ
3202 1093 3384 1154 πάλιν,
3424 1094 3546 1145 ὅτου
3584 1095 3746 1148 ἓνεκα
3781 1099 3876 1147 καὶ
3905 1097 3994 1164 ἐφ’

2410 1178 2516 1247 ὅτῳ
2545 1180 2792 1248 μέλλοιέν
2819 1179 2982 1232 αὐτὸν
3015 1199 3086 1233 πα
3100 1181 3166 1251 ρὰ
3191 1183 3534 1252 Μαξιμιανδν
3553 1188 3802 1254 ἀγαγεῖν,
3829 1188 3997 1257 δῆλον

2410 1271 2648 1333 πάντως,
2682 1269 2756 1332 ὼς
2810 1273 2901 1323 ἐπὶ
2934 1275 3122 1333 κακοῖς
3162 1274 3410 1342 ἐσχάτοις
3444 1276 3535 1326 καὶ
3577 1279 3994 1348 ὁμολογουμένῃ

2411 1362 2682 1431 τιμωρία·
2714 1362 2740 1414 ὃ
2776 1363 2839 1432 δὴ
2875 1365 2967 1416 καὶ
3003 1365 3205 1431 μᾶλλον
3235 1365 3426 1419 ἐλύπει
3455 1384 3514 1418 τε
3542 1370 3718 1421 αὐτῶν
3747 1376 3844 1432 τὰς
3885 1373 3992 1439 ψυο

2407 1457 2506 1523 χὰς
2532 1455 2786 1524 καὶπρὸς
2823 1455 2911 1507 τὸν
2967 1457 3227 1526 Ἀνθιμον
3266 1457 3448 1522 αἰδοῦς
3478 1461 3768 1515 ἀνεπίπλα.
3803 1465 3992 1534 Ταύτῃ

2408 1561 2488 1597 τοι
2521 1547 2616 1598 καὶ
2655 1549 2902 1616 μηνυτὴν
2931 1550 3023 1600 τοῦ
3049 1548 3243 1618 ἀνδρὸς
3275 1549 3479 1620 ἀψευδῆ
3507 1552 3565 1603 τὸ
3590 1553 3800 1604 ἐκείνου
3832 1557 3989 1623 ἔχον-

2405 1653 2494 1698 τες
2524 1639 2701 1707 στόμα
2744 1640 2838 1692 καὶ
2869 1639 2944 1701 ὡς
2976 1641 3138 1701 αὐτὸς
3174 1641 3433 1712 ’Δνθηιμος
3466 1645 3551 1714 εἴη
3583 1647 3732 1714 παρά
3764 1648 3862 1716 τῆς
3892 1650 3992 1700 αὑ-

2404 1731 2497 1784 τοῦ
2530 1733 2774 1801 γλώττης
2807 1735 3192 1802 μανθάνοντες,
3250 1737 3402 1804 ὅμως
3459 1739 3689 1806 ἠφίεσάν
3735 1759 3791 1793 τε
3823 1744 3989 1794 αὐτὸν

2405 1825 2620 1885 ἑκόντες
2654 1826 2749 1877 καὶ
2782 1827 3088 1895 ὑποχωρεῖν
3124 1828 3554 1897 προετρέποντο·
3596 1833 3817 1900 ἧδεισαν
3852 1836 3985 1902 γὰρ,

2400 1915 2476 1979 ὡς
2525 1917 2678 1969 οὐδὲν
2719 1917 2958 1986 χρηστὸν
3016 1919 3114 1986 τῆς
3147 1919 3296 1988 παρά
3346 1920 3693 1987 Μαξιμιανοῦ
3747 1926 3986 1989 ἀφίξεως

2399 2009 2716 2062 ἀπολαύσοι.
2757 2011 2915 2079 Ἡμῖν
2936 2009 2989 2062 δὲ
3021 2010 3259 2080 ἀπόχρη,
3291 2010 3522 2077 ἔφασαν,
3554 2015 3633 2075 είς
3662 2014 3984 2080 ἀπολογίαν,

2397 2101 2458 2154 τὸ
2490 2101 2660 2154 πολλὰ
2692 2102 2792 2171 μὲν
2822 2103 2913 2155 τὸν
2940 2104 3201 2173 Ἀνθιμον
3226 2106 3327 2158 ἀνα
3363 2105 3462 2174 τὴν
3487 2107 3848 2176 Νικομηδέων
3876 2112 3984 2162 ττὶ-

2401 2211 2497 2246 σαν
2535 2194 2792 2264 ζητῆσαι,
2824 2197 2972 2266 ὅμως
2998 2197 3054 2248 δὲ
3094 2199 3168 2265 μὴ
3198 2197 3494 2268 δυνηθῆναι
3531 2202 3804 2268 ἀνευρεῖν.
3833 2203 3981 2253 Ἀλλ’

2399 2288 2431 2355 ἡ
2476 2289 2582 2340 τῶν
2614 2288 2842 2340 ὲντολῶν
2897 2288 2990 2340 τοῦ
3023 2288 3158 2339 Θεοῦ
3192 2291 3413 2358 μελέτη,
3456 2294 3483 2342 ὁ
3517 2293 3661 2361 ἱερὸς
3717 2296 3809 2347 τοῦ
3840 2296 3980 2347 Θεοῦ

2402 2380 2687 2447 Ἀνθιμος,
2719 2379 2899 2432 λαλεῖν
2926 2381 3183 2450 ἀλήθειαν
3212 2385 3266 2432 ὲν
3289 2385 3486 2454 καρδία
3513 2387 3719 2450 πάντας
3747 2407 3987 2460 προτρε-

2399 2470 2634 2538 πόμενος
2665 2472 2756 2521 καὶ
2787 2470 3078 2534 διδάσκων,
3107 2472 3336 2534 ἐκείνοις
3382 2475 3516 2542 μηδὲ
3563 2479 3619 2529 ὲν
3651 2481 3837 2546 μόνοις
3867 2485 3984 2538 τοῖς

2397 2563 2599 2631 χείλεσι
2633 2561 2937 2630 ψεύσασθαι
2988 2561 3055 2615 δι’
3101 2563 3264 2614 αὐτὸν
3305 2565 3652 2634 ἀνεχόμενος,
3712 2569 3888 2630 ἄλλως
3928 2573 3983 2623 δὲ

2398 2653 2492 2705 καὶ
2519 2654 2607 2703 τόν
2645 2654 2785 2720 ὑπὲρ
2842 2653 3079 2722 Χριστοῦ
3130 2653 3299 2722 διψῶν
3354 2656 3598 2721 θάνατον,
3633 2664 3986 2731 συναπήρετσ

2399 2749 2582 2809 αὐτοῖς
2613 2749 2821 2800 ἐκεῖθεν
2855 2750 2949 2799 καὶ
3012 2747 3134 2800 ὀδοῦ
3196 2749 3391 2816 εἴχετο.
3453 2753 3632 2807 Πολλὰ
3679 2758 3735 2808 δὲ
3767 2760 3985 2821 τούτοις

2401 2840 2537 2908 πρὸς
2571 2839 2857 2891 εὐσέϐειαν
2880 2843 3219 2909 παραινέσας
3256 2844 3349 2893 καὶ
3377 2847 3507 2912 περὶ
3532 2846 3639 2896 τῶν
3674 2849 3986 2914 μελλόντων

2397 2930 2685 2995 διεξελθὼν
2724 2933 2815 2983 καὶ
2850 2933 2957 2984 πᾶν
2992 2934 3044 2984 εἴ
3075 2949 3125 2984 τι
3163 2933 3398 3003 σκληρὸν
3431 2936 3539 2986 ἀπὸ
3574 2937 3672 3003 τῆς
3724 2940 3985 3004 ἀσεϐείας

2399 3025 2578 3085 αὐτοῖς
2614 3025 2646 3096 ἦ
2680 3025 2976 3077 ἀντίτυπον
3027 3025 3326 3096 ἐνυπῆρχε,
3381 3027 3576 3090 λεάνας
3609 3046 3664 3081 τε
3705 3032 3837 3084 αὐτὸ
3887 3035 3984 3087 καὶ

2398 3115 2737 3183 διομαλίσας,
2764 3119 2856 3167 καὶ
2886 3116 3135 3185 καθαρὰν
3160 3119 3343 3179 αὐτοῖς
3364 3121 3462 3189 τὴν
3485 3120 3581 3189 τῆς
3604 3121 3778 3192 ψυχῆς
3813 3124 3982 3194 ἀρου-

729 3215 985 3286 piendum
1041 3217 1225 3278 aptum
1263 3205 1608 3269 reddidisset,
1642 3204 1858 3258 divinas
1888 3207 2037 3272 prius
2072 3205 2298 3259 effundit
2325 3235 2366 3291 ο

2325 3235 2366 3291 c
2401 3224 2500 3276 ραν
2536 3209 2630 3258 καὶ
2685 3209 2763 3268 εἰς
2823 3208 3105 3272 εὐσεϐείας
3174 3213 3376 3279 σπόρον
3428 3213 3742 3282 ἐπιτηδείαν
3798 3233 3984 3284 παρα-

729 3321 918 3373 preces
950 3320 965 3358 :
992 3290 1188 3358 deinde
1226 3313 1347 3354 cum
1386 3296 1607 3352 ﬂuvium
1639 3295 1956 3353 oll‘endisset
2005 3298 2056 3352 in
2087 3299 2298 3366 itinere,

737 3414 833 3453 eos
869 3396 1131 3465 baptizat,
1191 3403 1245 3446 et
1285 3393 1385 3446 iter
1436 3405 1625 3445 rursus
1655 3403 1889 3460 emptum
1942 3393 2301 3462 persequitur,

733 3493 904 3546 donec
938 3487 1080 3541 venit
1110 3486 1161 3539 in
1196 3485 1490 3547 civitatem,
1521 3493 1573 3537 et
1595 3482 1660 3537 ad
1699 3482 1931 3538 tribunal
1971 3487 2180 3554 tyranni
2221 3486 2303 3538 in-

734 3581 995 3651 greditur.
1052 3593 1192 3647 pone
1228 3577 1443 3645 quidem
1476 3590 1667 3628 manus
1725 3575 1959 3629 vinctus.
2016 3575 2106 3630 Sic
2161 3578 2301 3629 enim

733 3684 955 3746 propter
1001 3673 1256 3743 pietatem
1309 3669 1613 3738 Oportebat,
1671 3677 1922 3736 tanquam
1978 3668 2299 3733 maleiicutn,

746 3770 864 3826 sisti
903 3779 1028 3822 ante
1069 3767 1448 3834 imperatorem
1485 3781 1499 3815 :
1538 3771 1773 3815 mentem
1817 3772 1995 3815 autem
2030 3764 2094 3817 ad
2139 3765 2304 3818 cclos

734 3860 1080 3922 extendebat,
1113 3858 1253 3910 unde
1283 3855 1350 3908 ad
1400 3868 1463 3910 se
1519 3852 1778 3922 sperabat
1812 3861 2094 3908 venturum
2147 3855 2302 3906 auxi-

735 3956 888 4009 lium.

807 4045 872 4102 ν.
908 4032 1104 4098 Voieus
1158 4056 1286 4110 ergo
1331 4043 1627 4108 imperator
1660 4037 1741 4090 vel
1777 4038 1890 4106 ipso
1938 4039 2052 4094 solo
2085 4050 2302 4110 aspectu

733 4137 991 4194 Antaimo
1015 4132 1322 4197 ostendere,
1361 4145 1524 4200 quam
1557 4139 1704 4182 esset
1733 4144 1898 4194 grave
1949 4139 2002 4183 et
2046 4131 2302 4183 acerbum

734 4230 982 4282 aditurus
1036 4223 1356 4292 perieulum,
1410 4229 1466 4273 ut
1519 4235 1640 4274 eum
1703 4219 1885 4274 statim
1943 4219 1992 4273 in
2042 4219 2304 4290 principio

735 4319 1009 4374 inveniret
1046 4315 1369 4377 molliorem,
1426 4311 1783 4365 instrumenta
1842 4312 2048 4380 publica
2084 4312 2151 4366 ad
2190 4325 2294 4367 tor-

733 4410 1008 4482 quendum
1045 4414 1382 4474 comparata,
1412 4405 1461 4458 ei
1498 4405 1646 4472 prius
1679 4405 1924 4472 producit
1972 4405 2026 4458 in
2083 4421 2303 4473 conspe-

736 4515 885 4559 ctum
922 4519 934 4555 :
967 4511 1020 4556 et
1062 4515 1183 4554 cum
1213 4514 1333 4552 eum
1367 4497 1509 4551 intro
1540 4506 1784 4548 vocasset
1817 4495 1932 4548 :Tu
1968 4510 2045 4559 es,
2097 4499 2298 4564 inquit,

2408 3301 2698 3360 σκευάσας,
2762 3300 2858 3362 τὰς
2915 3300 3064 3362 Θείας
3091 3301 3525 3368 προκαταὸαλλει
3591 3305 3793 3372 εὐχάς·
3861 3304 3983 3360 εἶτα

2404 3394 2496 3443 καὶ
2528 3393 2769 3460 ποταμὸν
2803 3394 2858 3443 ἐν
2888 3396 2952 3461 τῇ
3011 3394 3229 3460 παρόδῳ
3260 3395 3599 3457 καταλαὸὼν,
3626 3397 3850 3464 τούτους
3881 3399 3983 3466 βα-

2405 3483 2582 3545 πτίζει
2614 3484 2708 3535 καὶ
2734 3482 2833 3552 τῆς
2874 3484 3244 3552 προκειμένης
3283 3487 3464 3554 ἔχεται
3520 3487 3678 3540 πάλιν
3728 3494 3985 3560 πορείας,

2405 3573 2507 3636 ἕως
2538 3575 2628 3625 ἐπὶ
2652 3575 2748 3644 τὴν
2780 3575 2934 3627 πόλιν
2968 3575 3199 3642 ἀφίκετο
3223 3578 3317 3629 καὶ
3346 3577 3404 3629 th
3432 3579 3751 3648 topzwm’iv
3781 3582 3981 3634 εἴσεισι

2406 3658 2578 3728 βῆμα,
2613 3661 2789 3714 ὀπίσω
2825 3664 2921 3732 μὲν
2950 3665 3027 3734 τῷ
3058 3667 3209 3734 χεῖρε
3227 3666 3515 3736 δεδεμένος
3539 3686 3550 3697 ·
3584 3669 3724 3722 οὕτω
3756 3673 3867 3741 γὰρ
3895 3674 3984 3724 δια

2404 3753 2502 3822 τὴν
2534 3754 2812 3807 εὐσέϐειαν
2838 3756 2912 3816 ὡς
2968 3757 3280 3824 κακοῦργον
3325 3759 3724 3825 ἑμφανισθῆναι
3764 3763 3873 3812 ἔδει
3904 3763 3982 3830 τῷ

2408 3845 2640 3913 βασιλεῖ,
2665 3849 2744 3909 είς
2770 3849 3031 3914 οὐρανοὺς
3054 3848 3109 3900 δὲ
3134 3847 3232 3917 τὴν
3256 3847 3487 3901 διάνοιαν
3520 3851 3832 3917 ἀνατείνων,
3855 3854 3984 3906 ὅθεν

2406 3937 2501 3988 καὶ
2527 3935 2676 4006 ἥξειν
2704 3935 2852 4005 αὖτῷ
2882 3937 2978 4007 τὴν
3013 3938 3264 4008 βοήθειαν
3301 3939 3550 4011 ἡλπιζεν.

2474 4028 2549 4082 E'.
2596 4028 2653 4082 Ὀ
2678 4028 2930 4099 βασιλεὺς
2954 4030 3134 4085 τοίνυν
3170 4033 3364 4104 πείρας
3393 4036 3592 4106 πικρὸν
3619 4037 3710 4089 καὶ
3739 4039 3847 4090 ἀπὸ
3883 4041 3980 4107 ψι-

2403 4118 2501 4190 λῆς
2521 4119 2645 4182 θέας
2682 4121 2922 4188 Ἀνθίμῳ
2960 4122 3278 4191 βουλόμενος
3330 4126 3618 4192 ἐπιδεῖξαι,
3650 4129 3795 4190 ὅπως
3828 4133 3984 4202 αὐτῴ

2405 4214 2497 4263 καί
2526 4211 2897 4282 μαλακωτέρῳ
2926 4213 3022 4283 τὴν
3055 4213 3276 4285 πρώτην
3319 4220 3732 4287 προσενεχθείη,
3767 4220 3834 4273 τά
3884 4240 3981 4275 κο-

2405 4303 2668 4371 λαστήρια
2707 4305 2974 4375 πρότερον
2999 4307 3089 4359 ὐπ’
3120 4308 3243 4376 ὄψιν
3280 4309 3492 4378 ὗργανα
3529 4310 3764 4380 δημοσία
3792 4317 3982 4382 προτίο

2407 4397 2530 4465 Θησι
2572 4399 2664 4449 καὶ
2723 4397 2883 4449 αὐτὸν
2917 4399 3276 4461 εἰσκαλέσας’
3331 4402 3403 4453 Σὺ
3438 4396 3507 4466 εἴ,
3559 4403 3710 4470 φησὶ,
3741 4406 3769 4456 ὁ
3802 4406 3986 4460 ὀπίσω

2407 4487 2500 4540 τοῦ
2538 4488 2833 4556 λεγομένου
2889 4489 3125 4558 Χριστοῦ
3182 4492 3532 4561 πλανώμενος
3579 4498 3842 4566 ’Ἂνθιμος
3881 4504 3982 4552 καὶ

735 4597 826 4666 qui
862 4606 985 4664 post
1012 4594 1314 4654 Christum,
1348 4588 1438 4657 qui
1469 4587 1689 4648 dicitur,
1748 4600 1919 4650 erras,
1970 4585 2256 4640 Autltimus
2289 4606 2300 4640 :
2337 4578 2379 4633 Ι)

2337 4578 2379 4633 D
2410 4581 2500 4635 τὸν
2541 4580 2707 4633 πολὺν
2740 4581 2911 4652 ἀφελῆ
2940 4584 3031 4636 καὶ
3065 4583 3284 4638 εὐκολον
3313 4587 3597 4657 ἄνθρωπον
3632 4593 3698 4658 τῇ
3737 4592 3822 4660 ἴσῃ
3850 4587 3981 4660 περὶ

736 4687 1058 4754 facilemque
1094 4693 1146 4737 et
1177 4681 1476 4751 simplicem
1518 4679 1733 4732 turbam
1771 4679 1822 4730 itt
1855 4679 2100 4731 eumdem
2134 4680 2301 4732 addu-

736 4779 814 4831 cis
847 4789 1110 4836 errorem,
1143 4783 1194 4825 et
1221 4774 1352 4823 deos
1384 4779 1597 4823 nostros
1632 4768 2129 4822 innumerabilibus
2173 4785 2304 4821 con.

738 4867 977 4925 tumeliis
1048 4863 1268 4919 allicis?
1320 4863 1410 4917 Ille
1457 4874 1633 4918 autem
1690 4878 1753 4914 ex
1809 4877 1963 4929 chno
2019 4864 2201 4917 ridens
2251 4874 2305 4918 et

734 4969 1001 5015 tormenta
1053 4956 1351 5028 proposita,
1395 4965 1448 5008 et
1480 4970 1540 5008 ea
1572 4969 1695 5023 qua:
1744 4956 1956 5007 dixerat
1993 4965 2250 5024 tyrannus
2287 4970 2301 5008 :

732 5052 810 5108 Ne
848 5051 913 5104 ad
943 5051 1058 5104 haec
1095 5049 1335 5117 quidem,
1369 5048 1560 5115 inquit,
1594 5047 1684 5100 tibi
1712 5047 2118 5114 respOuderem,
2151 5056 2299 5100 certo

730 5145 897 5209 scias,
925 5160 956 5197 ο
993 5144 1306 5210 imperator,
1347 5142 1450 5195 nisi
1490 5141 1620 5193 milii
1678 5155 1833 5194 sacer
1861 5151 1914 5192 et
1946 5140 2164 5194 divinus
2209 5142 2304 5194 do-

731 5248 849 5292 ctor
883 5235 1080 5289 Paulus
1107 5233 1476 5302 persuaderet,
1513 5234 1712 5285 docens
1748 5233 1766 5261 ¹
1802 5247 1900 5285 nos
1934 5248 2055 5286 esse
2085 5247 2299 5300 paratos

739 5329 961 5382 cuilibet
1010 5326 1211 5397 petenti
1264 5326 1486 5379 reddere
1542 5326 1825 5377 rationem.
1883 5323 2162 5378 Pollicitus
2217 5335 2299 5379 est

730 5420 877 5474 enim
906 5421 1059 5474 nobis
1091 5419 1233 5472 Deus
1264 5417 1376 5472 oris
1414 5418 1760 5485 sapientiam,
1801 5435 1817 5465 I
1857 5419 1940 5470 cui
1973 5432 2075 5469 non
2110 5428 2296 5483 potuc-

730 5522 856 5566 runt
885 5510 1138 5566 resistere
1169 5527 1356 5566 omnes
1391 5513 1558 5564 nostri
1590 5511 1882 5564 adversarii
1918 5511 1958 5564 ³.
1992 5531 2008 5557 ν
2041 5509 2172 5563 Nam
2201 5526 2298 5581 ego

731 5606 948 5671 quidem
998 5603 1147 5673 prius
1182 5605 1256 5659 tui
1291 5605 1342 5657 in
1381 5603 1670 5658 simulacra
1724 5605 1948 5666 erroris,
1998 5611 2051 5656 et
2103 5606 2154 5655 in
2201 5619 2296 5659 eos

727 5711 864 5764 quos
892 5695 1024 5750 dicis
1053 5697 1204 5758 deos,
1262 5694 1582 5749 damnabatu
1637 5693 2056 5748 crassitudinem
2096 5710 2111 5750 :
2152 5710 2294 5750 nunc

798 5880 817 5913 ³
844 5874 1007 5931 Hebr.
1043 5890 1158 5940 xui,
1189 5873 1280 5939 l7;
1319 5870 1334 5927 Ι
1373 5872 1515 5927 Petr.
1554 5888 1632 5934 tn,
1672 5872 1754 5926 15.
1835 5873 1853 5904 ³
1887 5873 2017 5927 Luc.
2054 5889 2168 5939 χχι,
2203 5873 2290 5926 15.

2401 4677 2560 4729 αὐτὸν
2616 4678 2961 4745 ὑπαγόμενος
3006 4681 3190 4749 ἀπάτῃ
3248 4681 3342 4732 καὶ
3399 4684 3597 4751 μυρίαν
3659 4684 3814 4753 ὕϐριν
3864 4688 3980 4737 τῶν

2403 4770 2685 4838 ἡμετέρων
2711 4769 2846 4820 θεῶν
2870 4771 3184 4839 καταχέων;
3232 4770 3289 4825 Ὀ
3321 4773 3375 4826 δὲ
3400 4775 3486 4827 ἐπ’
3522 4777 3642 4845 {at};
3672 4779 3738 4828 τα
3765 4795 3822 4828 τε
3852 4795 3981 4845 προ-

2403 4862 2630 4931 κείμενα
2653 4861 2860 4930 ὄργανα
2893 4864 2985 4915 καὶ
3014 4866 3139 4927 τοὺς
3171 4864 3264 4917 τοῦ
3293 4867 3558 4934 τυράννου
3595 4867 3784 4932 λόγους
3813 4868 3977 4934 γελά-

2407 4967 2505 5012 σας
2530 4966 2542 4980 ·
2581 4950 2715 5002 Οὐδὲ
2756 4953 3137 5023 ἀπεκρινάμην
3192 4955 3257 5008 ἄν
3288 4973 3389 5015 σοι,
3420 4956 3576 5022 φησι,
3610 4958 3743 5025 πρὸς
3775 4959 3974 5023 ταῦτα,

2405 5041 2534 5105 ἴσοι,
2568 5037 2611 5096 ὦ
2649 5042 2898 5112 βασιλεῦ,
2919 5047 2965 5096 εἰ
3001 5047 3073 5114 μή
3100 5062 3164 5114 με
3200 5048 3226 5097 ὁ
3255 5045 3397 5114 ἱερὸς
3427 5047 3518 5098 καὶ
3546 5047 3684 5110 Θείος
3717 5047 3975 5102 6.6313)“:-

2405 5133 2490 5198 λος
2525 5135 2707 5186 ἔπειθε
2745 5135 2976 5201 Παῦλος,
3022 5138 3275 5206 ἑτοίμους
3310 5139 3454 5207 ἡμᾶς
3510 5136 3648 5192 εἶναι
3682 5141 3974 5205 διδάσκων,

2406 5230 2570 5281 παντὶ
2605 5230 2681 5298 τῷ
2715 5229 2952 5282 αἰτοῦντι
2992 5231 3146 5298 λόγον
3196 5232 3394 5284 διδόναι
3417 5247 3430 5260 ’
3469 5235 3836 5301 ἐπηγγείλατο
3865 5236 3976 5304 γὰρ

2407 5322 2538 5389 ἡμῖν
2570 5324 2596 5374 ὁ
2629 5323 2759 5384 θεὸς
2787 5322 2984 5375 διδόναι
3013 5328 3102 5373 καὶ
3134 5323 3307 5391 στόμα
3345 5324 3437 5376 καὶ
3461 5326 3685 5392 σοφίαν,
3792 5325 3854 5377 οὐ
3888 5326 3978 5377 δυ-

2406 5417 2660 5484 νήσονται
2698 5417 3010 5484 ἀντιστῆναι
3057 5417 3256 5479 πάντες
3304 5420 3353 5469 οἱ
3405 5418 3776 5484 ἀντικείμενοι
3820 5423 3971 5487 ἡμῖν.

2415 5509 2501 5569 ,Ως
2535 5509 2707 5575 ἔγωγε
2743 5508 2942 5579 πολλήν
2979 5527 3071 5562 σου
3111 5511 3204 5562 καὶ
3245 5513 3508 5580 πρότερον
3546 5511 3834 5580 παχύτητα
3875 5511 3973 5580 ἤδη

2406 5602 2833 5668 καταγινώσκων
2862 5603 2957 5672 τῆς
2980 5605 3105 5674 περὶ
3133 5607 3200 5656 τὰ
3222 5603 3415 5655 εἴδωλα
3445 5604 3648 5674 πλάνης
3680 5606 3805 5666 τοὺς
3838 5606 3974 5670 ὑμε-

2406 5697 2617 5765 τέρους,
2641 5695 2712 5758 ὡς
2736 5695 2889 5764 ἔφης,
2918 5695 3095 5761 θεοὺς,
3129 5696 3220 5752 νῦν
3246 5697 3467 5751 πλείονά
3497 5715 3588 5750 σου
3623 5699 3711 5750 καὶ
3735 5693 3980 5763 φανερὰν
