4230 6436
748 442 849 503 179

2042 416 2322 482 MENSiS
2367 416 2697 478 APRlLlS.

3888 418 3995 483 130

740 557 889 609 illinc
918 552 1067 609 audit
1099 564 1289 605 vocem
1317 561 1442 604 eum
1475 545 1644 614 magis
1675 540 2042 600 roborantem,
2070 542 2123 587 ct
2152 544 2310 598 spon-
2342 530 2386 586 A

2342 530 2386 586 Δ
2417 528 2601 597 φωνῆς
2632 527 2843 581 ἐκεῖθεν
2864 526 2957 579 ἐπὶ
2981 527 3181 597 μᾶλλον
3210 528 3371 583 αὐτὸν
3395 529 3748 600 ἐνισχυούσης
3775 530 3994 597 ἀκούει,

737 652 955 703 dentem
1018 643 1324 703 victoriam,
1387 648 1441 692 et
1501 633 1719 706 prmmia
1781 629 2205 701 promittentem,
2258 632 2311 675 et

741 756 865 793 mox
922 752 1139 792 manum
1199 734 1525 804 praebentem
1576 744 1699 799 quae
1742 726 1981 793 imponat
2026 731 2306 773 coronam.

742 833 852 887 Vox
886 842 1069 887 autem
1104 830 1221 900 ejus
1252 829 1488 881 animant
1527 820 1797 878 convertit
1835 816 1900 870 ad
1940 810 2310 881 tranquillita-

739 932 869 990 tem,
922 934 973 979 et
1023 923 1139 988 eius
1191 921 1393 975 vultum
1461 915 1695 972 reddidit
1752 909 2095 967 alacriorem.
2146 902 2314 954 Porro

739 1032 921 1073 att-tem
978 1015 1247 1083 jucundus
1299 1027 1515 1083 quoque
1548 1007 1766 1079 quidam
1818 1002 2066 1059 snbrisus
2118 994 2316 1051 insidet

739 1112 857 1177 ejus
914 1108 1099 1169 labris,
1136 1106 1452 1172 significans
1489 1102 1755 1153 internam
1790 1094 1971 1149 c0rdis
2005 1085 2313 1157 tranquilli-

740 1206 926 1257 tatem.
960 1196 1085 1250 Ha-c
1115 1210 1245 1265 ergo
1280 1194 1465 1248 videns
1499 1189 1879 1249 Maximianus,
1912 1181 2162 1251 stupebat
2191 1178 2311 1246 qui-

738 1294 883 1350 dem,
930 1297 986 1341 ut
1018 1295 1141 1342 erat
1186 1296 1607 1341 consentaneum
1671 1278 1877 1348 (quidni
1927 1276 2068 1329 enim
2128 1281 2312 1339 stupe-

739 1380 909 1449 ret?):
951 1380 1025 1434 rei
1058 1390 1235 1433 tamen
1274 1378 1683 1441 detrahebat,et
1709 1387 1826 1427 eam
1853 1369 2077 1423 vocabat
2104 1364 2315 1434 νιιεεῑὶ-

737 1477 871 1541 gias,
904 1482 957 1527 et
989 1471 1438 1533 incantationem,
1472 1477 1525 1521 et
1566 1465 1786 1533 rogabat
1843 1476 2087 1517 causzun.
2119 1456 2309 1511 Justus

738 1574 945 1630 autem,
979 1564 1139 1627 Sunt,
1181 1563 1376 1631 inquit,
1417 1560 1547 1614 mibi
1584 1557 1893 1629 praesentia,
1926 1570 1958 1608 ο
1988 1556 2309 1622 imperator,

738 1662 876 1712 bona
911 1659 1133 1725 praemia
1171 1666 1226 1710 et
1255 1666 1402 1710 certa
1438 1652 1725 1722 promissio
1778 1651 2105 1703 futurorum.
2156 1642 2311 1696 Brevi

740 1750 885 1801 enim
940 1749 1255 1802 convincam
1300 1755 1349 1801 te
1382 1747 1582 1800 frustra
1616 1756 1735 1798 esse
1788 1740 2047 1802 inﬂatum,
2080 1744 2134 1789 et
2163 1735 2311 1794 deos,

742 1856 879 1901 quos
942 1843 1206 1901 nominas,
1267 1840 1547 1892 ostendam
1614 1849 1736 1888 esse
1800 1828 2050 1885 humanis
2110 1826 2312 1879 viribus

742 1936 895 2003 longe
916 1933 1331 1993 imbecilliores,
1358 1930 1489 1983 adeo
1518 1939 1572 1980 ut
1603 1937 1651 1981 te
1677 1928 1748 1981 sit
1773 1925 2015 1980 subitura
2044 1921 2311 1991 paeniten-

740 2030 834 2089 tia,
860 2027 1000 2096 quod
1032 2027 1133 2078 mei
1165 2025 1355 2078 feceris
1384 2020 1674 2090 periculum
1696 2036 1709 2073 :
1732 2015 1942 2085 etquod
1967 2030 2069 2068 non
2098 2030 2124 2066 a
2160 2011 2315 2065 nobis

738 2122 897 2173 citius
927 2120 1234 2179 recesseris.
1275 2132 1378 2170 non
1414 2116 1528 2170 leve
1562 2114 1639 2167 sis
1662 2116 1916 2167 damnum
1948 2108 2310 2175 iudicaturus.

817 2212 942 2267 Vlll.
1005 2212 1099 2266 His
1149 2212 1502 2264 Vehementer
1562 2217 1865 2260 commotus
1931 2202 2310 2262 Maximianus,

730 2308 886 2375 jubet
921 2314 1212 2375 martyrem
1247 2312 1375 2356 rotae
1404 2300 1703 2368 alligatum,
1728 2296 2070 2349 continenter
2096 2294 2312 2361 quidem

740 2401 790 2450 in
822 2408 936 2451 rota
972 2396 1198 2461 versari,
1228 2395 1367 2465 ignis
1393 2403 1571 2447 autem
1606 2388 1944 2458 lampadibus
1973 2384 2089 2451 ejus
2119 2397 2315 2438 carnes

738 2487 983 2543 consumi
1020 2497 1071 2540 et
1122 2484 1368 2553 eliquari.
1408 2484 1586 2551 Atque
1617 2479 1944 2533 Maximiano
1974 2475 2190 2545 quidem
2247 2471 2314 2527 ad

738 2580 990 2634 effectum
1032 2580 1215 2632 statim
1249 2578 1511 2631 deductus
1547 2574 1649 2628 fuit
1679 2572 1863 2640 jussus
1901 2589 1915 2624 :
1950 2579 2003 2624 et
2036 2568 2314 2638 lampades

741 2676 791 2726 in
829 2690 989 2726 manu
1027 2673 1288 2727 habentes
1339 2669 1579 2732 lictores,
1605 2673 1958 2720 accesserunt
1992 2662 2056 2716 ad
2109 2670 2311 2730 marty-

741 2784 855 2821 rem
894 2766 983 2836 qui
1038 2774 1155 2821 erat
1202 2773 1462 2818 extensus
1514 2761 1567 2813 in
1622 2767 1779 2823 rota,
1826 2757 2001 2824 ignem
2049 2754 2316 2822 spirantes

742 2864 917 2924 ignem
975 2858 1239 2921 videntes,
1298 2856 1473 2926 ignem
1528 2852 1766 2906 ferentes
1815 2867 1828 2901 :
1870 2847 2069 2902 animis
2105 2847 2157 2901 in
2193 2862 2313 2899 eum

740 2951 1012 3003 flammam
1067 2947 1332 3018 spirantes
1385 2944 1700 3007 ferventius,
1735 2955 1899 3010 quam
1953 2937 2111 3007 ignis,
2153 2950 2313 3005 quem

742 3044 1011 3097 habebant
1043 3043 1094 3094 in
1132 3041 1400 3099 manibus,
1438 3052 1502 3090 ac
1535 3036 1920 3104 propemodum
1959 3032 2313 3092 arbitrantes,

739 3154 795 3191 se
829 3136 1085 3190 athletam
1122 3133 1364 3186 facturos
1415 3144 1539 3184 esse
1584 3136 1754 3181 totum
1791 3125 2125 3179 ﬂammeum.
2160 3121 2316 3175 Post-

2416 621 2511 672 καὶ
2563 621 2660 689 τὴν
2708 620 2863 689 νίκην
2893 620 3318 690 πηαρεγγυὼσης,
3378 625 3471 676 καὶ
3517 623 3587 675 τὰ
3642 624 3848 677 ἔπαθλα
3885 625 3998 676 ὑπο

2418 714 2797 784 ισχνουμένης,
2832 715 2926 767 καὶ
2950 715 3074 767 ὅσον
3103 714 3315 767 οὐδέπω
3345 717 3502 785 χεῖρα
3539 715 3836 786 ὀρεγούσης
3873 734 4001 770 etab

2416 807 2728 875 φανηφόρον
2752 824 2764 835 ·
2804 808 2897 860 καὶ
2930 810 2960 877 ἡ
2992 808 3143 879 φωνὴ
3177 826 3313 879 προς
3336 804 3404 861 ’τὸ
3431 809 3795 879 εὐθυμότερον
3821 810 3999 863 αὐτοῦ

2414 898 2513 967 τὴν
2568 899 2746 968 ψυχὴν
2787 901 3114 969 μεταϐάλλει
3149 904 3245 955 καὶ
3297 902 3655 973 φαιδρότερον
3714 902 4001 971 διατίθησι

2416 991 2509 1043 τοῦ
2536 992 2827 1062 προσώπου
2851 992 2948 1063 τὴν
2983 994 3132 1063 ὤραν
3161 995 3252 1047 καί
3286 1012 3338 1048 τι
3392 998 3485 1048 καὶ
3514 994 3771 1064 μειδίαμα
3804 994 4002 1066 χαρίεν

2415 1088 2525 1145 τοῖς
2562 1085 2796 1150 χείλεσιν
2833 1085 3098 1153 ἐφιζάνει,
3135 1086 3233 1157 τὴν
3268 1086 3415 1139 ἔνδον
3442 1088 3540 1155 τῆς
3565 1087 3796 1156 καρδίας
3819 1089 4001 1154 γαλή-

2414 1196 2511 1247 νην
2541 1178 2933 1247 ὑποσημαῖνον.
2973 1179 3161 1233 Ταῦτα
3220 1179 3311 1233 οὖν
3343 1180 3484 1250 ὀρῶν
3525 1180 3871 1250 Μαξιμιανδς
3911 1181 4004 1244 ἐξ·

2414 1273 2709 1340 επλήττετο
2745 1273 2844 1343 μὲν
2875 1274 3062 1344 ὥσπερ
3088 1274 3234 1338 εἰκὸς
3283 1275 3370 1345 (τί
3415 1277 3521 1345 γὰρ
3548 1277 3646 1329 οὐκ
3688 1277 3915 1347 ἔμελλεν
3940 1278 3998 1343 ς)

2415 1364 2628 1432 διέσυρε
2658 1367 2713 1419 δὲ
2738 1368 2887 1435 ὅμως
2912 1366 2971 1418 τὸ
3001 1370 3237 1438 πρᾶγμα
3266 1370 3360 1422 καὶ
3401 1370 3659 1437 γοητείαν
3681 1369 3868 1422 ἐκάλει
3902 1373 4001 1422 καὶ

2413 1458 2511 1525 τὴν
2534 1458 2712 1511 αἰτίαν
2743 1460 3096 1514 ἐπυνθάνετο.
3144 1460 3202 1514 '0
3232 1461 3288 1513 δὲ
3323 1461 3536 1524 δίκαιος
3561 1477 3575 1492 ·
3611 1462 3842 1532 Χρηστά
3878 1480 3997 1528 μοι,

2415 1549 2542 1617 ἔφη,
2575 1551 2839 1621 προοίμια
2868 1552 2939 1605 τὰ
2968 1553 3236 1623 παρόντα,
3261 1548 3306 1606 ὦ
3337 1553 3579 1623 βασιλεῦ,
3622 1554 3717 1607 καὶ
3752 1553 4001 1622 ἀψευδὴς

2412 1642 2521 1693 τῶν
2554 1641 2854 1710 μελλόντων
2886 1642 3193 1709 ἐπαγγελία
3224 1658 3237 1672 ·
3272 1643 3532 1710 διελέγξω
3582 1643 3690 1713 γάρ
3721 1659 3780 1694 σε
3812 1646 3999 1711 μάτην

2414 1733 2825 1803 ἁ-ιαφυσόμενον
2872 1734 2976 1787 οὐκ
3011 1735 3093 1796 εὶς
3126 1734 3343 1803 μακρὰν
3379 1736 3473 1787 καὶ
3532 1733 3709 1797 θεοὺς,
3760 1731 3856 1795 οὓς
3883 1734 4000 1785 όνο-

2421 1824 2633 1890 μάξεις,
2658 1825 3084 1895 ἀσθενεστέρους
3110 1824 3290 1895 πολλῷ
3327 1826 3611 1894 δυνάμεως
3646 1826 4000 1897 ἀνθρωπίνης

2418 1920 2513 1971 καὶ
2542 1919 2741 1982 αὐτοὺς
2776 1919 3047 1985 ἐπιδείξω,
3080 1919 3157 1982 ὡς
3187 1917 3566 1989 μεταμελῆσαί
3602 1935 3685 1970 σοι
3731 1918 3831 1985 τῆς
3862 1916 3999 1983 παρ’

2418 2012 2519 2081 ἐμὲ
2545 2012 2739 2080 πείρας
2769 2014 2862 2065 καὶ
2884 2014 3017 2075 ὅλως
3039 2014 3120 2066 ὅτι
3148 2014 3222 2083 μὴ
3250 2012 3444 2068 θᾶττον
3466 2012 3621 2085 ἡμῶν
3645 2013 3996 2083 ἀπηλλάγης,

2420 2107 2622 2175 ζημίαν
2652 2107 2712 2158 οὐ
2744 2107 2843 2177 τὴν
2876 2106 3147 2175 τυχοῦσαν
3174 2111 3379 2175 κρῖναι.

2489 2198 2572 2252 ll'.
2605 2198 2829 2261 Τούτοις
2883 2198 3225 2266 ὀξυκινηθεὶς
3256 2197 3622 2266 Μαξιμιανὸς,
3654 2195 3867 2249 κελεύει
3902 2196 4001 2249 ἐπὶ

2418 2290 2614 2361 τροχοῦ
2641 2292 2732 2343 τὸν
2780 2291 3034 2361 μάρτυρα
3085 2290 3423 2355 διαδεθέντα,
3467 2290 3871 2362 συστρέφεσθαι
3899 2290 4001 2360 μὲν

2422 2384 2660 2454 συνεχῶς
2686 2385 2764 2453 τῷ
2788 2385 2989 2456 τροχῷ,
3030 2385 3281 2455 λαμπάσι
3326 2386 3496 2455 πυρὸς
3525 2386 3621 2449 τὰς
3655 2386 3865 2456 σάρκας
3897 2384 4004 2436 αὑ-

2417 2477 2511 2530 τοῦ
2562 2478 3040 2534 καταδαπανᾶσθαι
3092 2479 3187 2533 καὶ
3230 2478 3608 2550 διατήκεσθαι.
3669 2476 4005 2545 Μαξιμιατῷ

2422 2569 2521 2639 μὲν
2561 2565 2653 2624 οὖν
2693 2571 2910 2641 ἔργονὴ
2949 2571 3245 2641 πρόσταξις
3275 2568 3344 2643 ἦν
3378 2573 3472 2626 καὶ
3514 2569 3603 2625 διὰ
3632 2570 3813 2641 χειρὸς
3844 2569 4001 2638 ἔχον-

2419 2679 2509 2725 τες
2527 2665 2575 2715 οἱ
2601 2664 2781 2733 δήμιοι
2806 2664 2903 2726 τὰς
2926 2664 3237 2732 λαμπάδας,
3254 2663 3562 2734 προσῄεσαν
3591 2667 3728 2717 κατὰ
3757 2662 3851 2715 τοῦ
3875 2679 4009 2731 τροι-

2420 2757 2517 2827 χοῦ
2554 2758 2836 2827 τεταμένῳ
2866 2756 2943 2827 τῷ
2974 2758 3235 2827 μάρτυρι,
3256 2755 3367 2828 πῦρ
3388 2756 3661 2817 πνέοντες,
3695 2755 3803 2823 πῦρ
3826 2756 4002 2820 ὁρῶν-

2420 2870 2530 2917 τες,
2563 2853 2674 2921 πῦρ
2699 2853 2976 2921 φέροντες,
3020 2852 3200 2920 πολλῷ
3232 2852 3330 2913 τὰς
3358 2849 3537 2919 ψυχὰς
3566 2850 3655 2902 ἐπ’
3686 2850 3848 2901 αὐτὸν
3904 2849 4003 2900 τοῦ

2421 2949 2477 2998 ἐν
2507 2948 2666 3016 χερσὶ
2695 2945 2865 3014 πυρδς
2902 2944 3238 3015 θερμότερον
3272 2942 3507 3007 ζέοντες,
3553 2944 3779 3011 μονονοὺ
3824 2942 4006 3010 φλόγα

2420 3039 2508 3091 τὸν
2544 3036 2780 3106 ἀθλητὴν
2807 3035 3029 3104 ποιῆσαι
3057 3036 3318 3104 οἰόμενοι.
3356 3036 3440 3097 Ὠς
3464 3034 3518 3088 δὲ
3552 3034 3649 3105 ἤδη
3680 3033 3772 3087 τοῦ
3802 3033 4003 3103 τροχοῦ

2420 3130 2651 3199 πλησίον
2684 3125 2847 3202 ἦλθον
2890 3127 2969 3199 (ὦ
3025 3128 3350 3198 θαυμαστῆς
3381 3144 3476 3180 σου
3513 3129 3641 3196 περὶ
3677 3128 3767 3179 τὸν
3804 3127 4004 3198 ἄνδρα,

739 3245 901 3299 quam
949 3235 1128 3281 autem
1171 3226 1283 3296 jam
1319 3230 1585 3277 venerunt
1629 3234 1796 3289 prope
1828 3225 2022 3283 rotam,
2054 3216 2107 3287 (ο
2140 3214 2312 3267 adtni-
2344 3230 2387 3289 ο

2344 3230 2387 3289 C
2422 3222 2645 3292 Χριστὲ,
2674 3222 2960 3289 δυνάμεως
2983 3221 3030 3289 Ξ)
3064 3221 3193 3286 ἔστη
3227 3221 3325 3288 μὲν
3357 3219 3515 3282 εὐθὺς
3537 3218 3746 3271 ἐκείνου
3777 3218 3879 3287 τῆς
3914 3236 3969 3269 κι
3992 3249 4004 3256 -

740 3323 960 3376 rabilctn
1009 3331 1177 3383 tuam,
1218 3333 1250 3373 ο
1300 3317 1538 3381 Christe,
1597 3316 1652 3369 in
1718 3328 1839 3369 eum
1892 3310 2190 3375 virtutem),
2223 3306 2313 3361 illa

739 3418 958 3487 quidem
994 3414 1255 3469 continuo
1286 3410 1491 3465 destitit
1537 3407 1744 3463 moveri
1779 3422 1793 3460 :
1836 3406 2065 3460 illivero
2115 3403 2317 3457 cadunt

740 3512 796 3562 in
852 3521 1073 3571 terram,
1120 3515 1174 3560 et
1228 3505 1400 3559 ﬂuunt
1458 3500 1735 3570 lampades
1781 3513 1811 3553 e
1864 3496 2133 3557 manibus,
2196 3507 2317 3561 quae

739 3605 942 3658 trullam
1003 3615 1190 3655 earum
1251 3612 1435 3651 curam
1499 3602 1692 3664 gerunt
1741 3610 1753 3644 :
1803 3600 1859 3644 et
1910 3589 2019 3657 jam
2072 3587 2316 3641 dimissae

742 3707 870 3753 sunt
896 3708 1096 3755 vacuae,
1120 3690 1279 3747 veluti
1304 3688 1537 3758 quodam
1561 3698 1758 3757 sopore
1780 3698 1871 3737 eas
1898 3681 2311 3750 torpefaciente.

742 3792 969 3857 Propter
1031 3787 1146 3841 lucc
1215 3785 1296 3839 ira
1365 3782 1608 3851 percitus
1679 3780 2009 3849 imperator,
2081 3783 2317 3829 tortores

738 3882 1105 3937 insectabatur
1190 3875 1535 3939 maledictis,
1588 3882 1642 3927 et
1694 3871 2088 3926 criminabatur
2169 3865 2313 3936 quod

733 3974 885 4037 jussa
945 3968 1167 4040 exsequi
1217 3967 1570 4036 negligerent.
1618 3972 1672 4020 et
1724 3960 2075 4032 prtesentium
2132 3972 2312 4013 rerum

739 4081 925 4121 curam
973 4078 1188 4118 omnem
1221 4061 1542 4129 abjicerent.
1576 4057 1643 4111 Et
1672 4075 1685 4111 :
1723 4053 2028 4121 Quomodo,
2076 4053 2314 4115 dicebat,

739 4178 803 4217 eo
826 4158 1050 4212 venistis
1077 4155 1338 4217 audaciae,
1366 4161 1425 4205 ut
1445 4167 1542 4207 vos
1568 4158 1715 4204 tanta
1748 4145 2011 4202 invaserit
2040 4145 2313 4210 socordia,

737 4263 792 4306 ct
825 4252 982 4305 istum
1026 4255 1214 4302 nostro
1247 4246 1477 4315 imperio
1507 4243 1879 4314 prmtuleritis,
1912 4239 2047 4294 adeo
2108 4250 2165 4293 ut
2216 4254 2313 4293 no-

737 4359 849 4401 stra
907 4344 1121 4410 quidem
1174 4341 1325 4408 jussa
1385 4337 1716 4406 reliqueritis
1779 4334 2115 4403 imperfecta,
2165 4331 2312 4385 humi

738 4447 917 4491 autem
970 4429 1354 4493 aceubueritis,
1386 4439 1443 4482 ut
1477 4438 1532 4483 et
1565 4425 1861 4495 vobisipsis
1909 4423 2312 4494 gratilicemini,

737 4544 788 4585 et
822 4531 1006 4584 labore
1038 4526 1281 4582 defessos
1317 4522 1615 4579 recreetis?
1646 4520 1821 4584 Videt,
1854 4515 2311 4588 quemadmodum

2426 3321 2667 3385 νήσεως·
2725 3317 2775 3368 οἱ
2830 3315 2887 3366 δὲ
2930 3314 3071 3368 κατὰ
3106 3315 3210 3382 γῆς
3233 3313 3491 3365 πίπτουσι
3542 3313 3637 3364 καὶ
3667 3312 4005 3382 ὑπορρέουσι

2423 3410 2533 3463 τῶν
2567 3407 2768 3478 χειρῶν
2818 3409 2873 3460 αἱ
2920 3406 3203 3475 λαμπάδες
3230 3422 3243 3435 ⁸
3300 3404 3441 3458 αἰδὲ
3485 3406 3669 3473 χεῖρες
3706 3400 4007 3468 ἀμελοῦσιν

2426 3502 2606 3557 αὐτῶν
2642 3507 2735 3554 καὶ⁴
2766 3500 2965 3571 ἔρημοι
2996 3499 3096 3569 ἤδη
3128 3501 3402 3568 ἀφεῖνται,
3435 3497 3624 3566 ὥσπερ
3660 3494 3829 3547 ὕπνου
3854 3495 4007 3557 τινὸς

2425 3596 2595 3659 αὐτὰς
2619 3591 3173 3664 καταρῥαθυμοῦντος
3234 3592 3359 3643 Ἐπὶ
3384 3591 3596 3652 τούτοις
3626 3589 3765 3659 ὀργὴ
3788 3589 4008 3656 λαμϐά-

2424 3707 2503 3744 νει
2533 3690 2623 3742 τὸν
2655 3688 2877 3759 βασιλέα
2904 3687 2997 3740 καὶ
3025 3686 3212 3743 κακῶς
3237 3684 3391 3751 ἔλεγε
3420 3684 3549 3744 τοὺς
3599 3683 3849 3751 δημίους,
3885 3681 4001 3732 όλι-

2425 3783 2634 3851 γωρίαν
2664 3800 2722 3834 τε
2759 3782 2943 3842 αὐτοῖς
2965 3779 3073 3831 τῶν
3096 3775 3448 3846 προστάξεων
3479 3772 3721 3826 ἐνεκάλει
3757 3774 3845 3824 καί
3866 3772 4008 3839 ἁμέ-

2425 3875 2575 3925 λειαν
2606 3872 2713 3925 τῶν
2756 3872 2812 3922 ἐν
2857 3869 3016 3941 χερσὶ
3068 3866 3369 3938 φροντίδων
3401 3864 3533 3918 καίε
3584 3864 3706 3926 Πῶς
3736 3866 3814 3926 εὶς
3843 3862 4007 3915 τοῦτο

2424 3964 2653 4035 τόλμης,
2712 3963 2921 4030 ἔλεγεν,
2962 3963 3118 4029 ὑμεῖς
3149 3959 3363 4031 ἤλθετε,
3403 3958 3484 4012 δτι
3540 3959 3634 4011 καὶ
3667 3959 3824 4019 ὄκνος
3859 3950 4007 4008 εἷλεν

2427 4059 2571 4123 ὑμᾶς
2603 4060 2697 4108 καὶ
2722 4053 2911 4106 τοῦτον
2940 4052 3034 4105 τοῦ
3059 4052 3329 4121 ἡμετέρου
3358 4052 3781 4118 προστάγματος
3810 4048 4004 4100 ἔθεσθε

2428 4147 2844 4217 προτιμότερον,
2879 4146 2953 4207 ὠς
2984 4143 3354 4214 ἡμιτελῆσμέν
3394 4141 3463 4196 τὰ
3492 4140 3852 4211 ὲπιταχθέντα
3898 4158 4008 4192 κα·-

2425 4243 2695 4307 ταλιπείν,
2737 4240 3130 4311 κατακλιθῆναι
3158 4238 3214 4293 δὲ
3253 4237 3331 4308 τῷ
3376 4237 3584 4304 ἐδάφει,
3625 4237 3712 4287 ἵνα
3748 4234 3839 4286 καὶ
3870 4235 4006 4287 ἐαυ-

2422 4340 2536 4399 τοῖς
2584 4354 2636 4388 τι
2675 4336 2977 4405 χαρίσησθε
3028 4335 3123 4386 καὶ
3175 4330 3555 4400 πεπονηκότας
3610 4328 3671 4380 ἐκ
3704 4325 3797 4379 τοῦ
3829 4328 4007 4379 κόπου

2424 4425 2858 4496 διαναπαύσητε;
2934 4425 3096 4495 Ὁρᾷς
3142 4421 3217 4484 ὡς
3269 4421 3389 4474 οῦδὲ
3440 4419 3729 4473 ἀναλαϐεῖν
3774 4419 4006 4481 ἑαυτοὺς

2422 4519 2675 4572 δΰνανται
2727 4519 2847 4573 οὐδὲ
2900 4516 3209 4589 χρήσασθαι
3279 4518 3400 4578 ταῖς
3458 4515 3644 4585 χερσὶν
3701 4515 3780 4575 είς
3837 4511 4005 4574 δέους

738 4640 805 4677 ne
834 4623 1045 4689 seipsos
1074 4618 1292 4688 quidem
1331 4615 1541 4684 possint
1574 4612 1885 4678 restituere,
1920 4624 2096 4681 neque
2132 4608 2308 4663 mani-
2344 4598 2389 4654 Ι)

2344 4598 2389 4654 Ῐ)
2419 4613 2629 4683 ἀγνοῶν
2654 4615 2681 4667 ό
2723 4614 2973 4683 μάταιος,
3008 4613 3090 4665 δτι
3135 4610 3258 4663 θεία
3286 4610 3517 4675 δύναμις
3558 4607 3782 4659 ξσὸεσεν
3819 4606 4005 4659 αὐτῶν

732 4720 838 4771 bus
869 4716 941 4770 uti
980 4714 1046 4769 ad
1070 4714 1119 4768 id
1143 4713 1283 4781 quod
1310 4722 1390 4767 est
1418 4723 1553 4776 opus
1591 4727 1604 4761 :
1638 4709 1731 4765 sed
1757 4707 2038 4779 ignorabat
2060 4703 2309 4771 stolidus,

736 4812 977 4865 divinam
1034 4808 1316 4871 virtutem,
1374 4821 1483 4861 non
1546 4813 1725 4857 autem
1785 4803 2113 4866 socordiam,
2172 4800 2313 4855 vires

736 4922 922 4959 eorum
980 4902 1327 4957 exstinxisse.
1391 4899 1468 4955 llli
1523 4906 1702 4952 autem
1754 4916 1765 4950 :
1813 4895 1928 4948 Non
1982 4894 2053 4947 ita
2115 4908 2201 4947 res
2253 4909 2312 4947 se

736 5002 957 5065 habent,
1012 5012 1044 5052 ο
1093 4998 1404 5064 imperator,
1464 4993 1878 5063 responderunt,
1940 5002 2115 5057 neque
2175 4988 2310 5040 tardi

736 5108 924 5145 Hlllills
960 5093 1011 5143 in
1054 5088 1160 5145 tuis
1183 5088 1349 5155 jussis
1383 5085 1782 5156 exsequendis:
1818 5082 1979 5146 absit,
2014 5091 2070 5136 ut
2105 5088 2311 5134 tantum

740 5185 1074 5240 insaniamtts
1131 5200 1143 5235 :
1205 5196 1383 5251 neque
1447 5180 1714 5235 cessimus
1775 5175 2074 5238 socordiae,
2138 5188 2314 5243 neque

741 5292 930 5329 manus
992 5282 1193 5328 nOstrm
1247 5288 1441 5342 magno
1487 5269 1714 5325 defessae
1770 5278 1899 5322 sunt
1951 5266 2134 5318 labore
2172 5282 2184 5316 :
2220 5264 2314 5318 sed

738 5370 994 5423 terribilis
1041 5369 1285 5436 quedam
1332 5367 1471 5421 visio
1523 5380 1623 5418 nos
1673 5363 1749 5415 sic
1797 5362 1997 5426 alTecit,
2051 5376 2172 5429 quae
2214 5374 2313 5413 nos

736 5461 885 5516 humi
921 5460 1134 5526 dejecit,
1179 5470 1231 5515 et
1280 5476 1470 5513 manus
1503 5465 1716 5512 nostras
1750 5455 1998 5508 dissolvit
2041 5470 2054 5506 :
2101 5461 2156 5507 et
2200 5452 2312 5520 jam

738 5572 925 5611 sumus
950 5557 1207 5610 membris
1230 5555 1497 5615 dissoluti,
1516 5565 1567 5606 et
1589 5551 1760 5607 οπεριὶ
1784 5550 2005 5603 omnino
2030 5546 2308 5601 imbecilli.

738 5652 871 5704 Tres
900 5650 1043 5703 enim
1070 5649 1191 5711 viri,
1224 5656 1443 5717 aspectu
1474 5645 1690 5717 quidem
1722 5643 1960 5705 candidi,
1989 5651 2041 5695 et
2066 5641 2314 5696 candidis

738 5745 909 5801 induti
984 5742 1245 5805 vestibus,
1299 5743 1477 5810 specie
1545 5751 1724 5795 autem
1796 5737 2089 5800 terribiles,
2157 5735 2313 5790 nobis

740 5838 1083 5903 apparentes.
1127 5845 1279 5889 torve
1335 5835 1384 5888 in
1419 5850 1513 5888 nos
1547 5848 1598 5887 et
1644 5832 1896 5887 ferociter
1930 5840 2256 5900 aspexerttut
2300 5848 2307 5855 ~

737 5939 790 5986 et
830 5932 966 6001 tgnts
998 5932 1088 6001 qui
1124 5928 1317 5985 eratin
1360 5926 1628 5993 manibus,
1661 5944 1725 5983 ex
1761 5926 2097 5997 lampadibus
2130 5938 2309 5980 statim

2418 4708 2515 4777 τὴν
2547 4708 2719 4778 ίσχῦν,
2743 4706 2858 4759 ἀλλ’
2884 4705 3007 4775 οὐχὶ
3031 4705 3209 4766 ὄκνος.
3234 4703 3298 4755 υἱ
3320 4702 3376 4754 δέ
3398 4717 3413 4732 ο
3443 4698 3649 4765 Ταῦτα,
3676 4694 3720 4754 ὦ
3748 4697 4001 4769 βασιλεῦ,

2416 4803 2801 4872 ἀπεκρίναντο,
2834 4800 2953 4852 οὐδὲ
2991 4798 3212 4867 βραδεῖς
3241 4797 3371 4865 περὶ
3400 4797 3499 4857 τὰς
3533 4796 3631 4856 σας
3671 4792 4003 4863 προστάξεις

2419 4897 2599 4964 ἡμεῖς,
2626 4896 2745 4947 οὐδὲ
2773 4896 2879 4945 ἀπὸ
2910 4890 2998 4945 τοῦ
3030 4889 3226 4944 πολλοῦ
3257 4891 3430 4944 κόπου
3466 4888 3675 4956 ἔκαμον
3713 4886 3771 4939 αἱ
3814 4888 4002 4955 χεῖρες

2417 4992 2568 5058 ἡμῖν,
2599 4988 2732 5040 ἀλλὰ
2761 4987 2967 5057 φοϐερά
2995 5006 3076 5052 τις
3122 4987 3244 5053 ὄψις
3289 4985 3431 5038 οῦτω
3460 4983 3713 5051 διέθηκεν
3749 4983 3896 5049 ἡμᾶς
3930 4984 3999 5048 τῇ

2418 5087 2484 5151 γῇ
2522 5079 3070 5151 προσκαταϐαλοῦσα,
3105 5078 3201 5130 καὶ
3224 5076 3534 5147 παρείμεθα
3559 5076 3657 5137 τὰς
3687 5075 3869 5138 δεξιὰς
3901 5074 4003 5126 καὶ

2418 5173 2757 5242 ὲκλελύμεθα
2786 5172 2886 5242 ἤδη
2919 5171 3011 5223 καὶ
3060 5168 3120 5221 τὸ
3153 5169 3272 5221 ὅλον
3315 5168 3493 5221 ἄτονοι
3529 5164 3959 5231 καθεστήκαμεν
3982 5178 3995 5193 ο

2417 5270 2563 5337 τρεῖς
2621 5266 2729 5336 γὰρ
2785 5265 2997 5335 ἄνδρες,
3031 5262 3216 5315 λευκοὶ
3259 5261 3360 5329 μὲν
3393 5258 3491 5329 τὴν
3524 5258 3674 5317 θέαν,
3722 5255 3912 5307 λευκοὶ
3942 5255 3999 5306 δὲ

2417 5361 2514 5428 τὴν
2544 5358 2832 5425 ἀναϐολὴν,
2868 5356 3094 5424 φοϐεροὶ
3130 5354 3193 5404 τὸ
3252 5349 3414 5413 εἶδος,
3445 5347 3809 5416 ἐπιφανέντες
3839 5348 3998 5412 ἧμίν,

2420 5453 2615 5520 πικρόν
2651 5468 2707 5503 τε
2746 5452 2823 5512 εἰς
2856 5451 3001 5518 ἡμᾶς
3028 5450 3121 5498 καὶ
3152 5446 3342 5515 ἄγριον
3390 5440 3530 5495 εἶδον
3559 5440 3656 5492 καὶ
3678 5438 3740 5490 τὸ
3772 5435 4003 5489 ἐπὶτῶν

2417 5546 2616 5618 χειρῶν
2676 5543 2784 5614 πῦρ
2831 5542 2954 5595 καθ’
2996 5538 3151 5610 ἡμῶν
3200 5538 3362 5597 εὐθὺς
3384 5532 3492 5586 ἀπὸ
3528 5530 3637 5583 τῶν
3693 5525 4001 5597 λαμπάδων

2420 5640 2609 5692 ἔπι-εν
2671 5636 2863 5687 ἔπειτα
2923 5632 3285 5691 κελεύσαντες
3353 5625 3663 5681 ἀποστῆναι
3734 5619 3999 5687 Ἀνθίμου

2422 5732 2759 5800 (θεράποντα
2790 5729 2843 5780 δέ
2867 5724 3004 5778 Θεοῦ
3034 5724 3221 5776 τοῦτον
3257 5720 3525 5788 ἐκάλουν)
3560 5713 4001 5771 καταϐάλλουσιν

2422 5828 2564 5894 ἡμᾶς
2598 5824 2688 5875 καὶ
2724 5821 2895 5881 οῦτως
2930 5815 3239 5880 αὑτίκα,ὡς
3270 5816 3423 5886 ὁρᾷς,
3462 5811 3804 5865 διατιθιῐσιν.
3833 5803 4001 5863 Οὗτοι

2426 5928 2519 5995 μιν
2546 5920 2637 5975 οῦν
2670 5915 2924 5987 ἀλλήλοις
2958 5913 3257 5983 ordei/own
3291 5912 3483 5963 ταῦτα.
