4230 6436
750 428 849 491 183

747 635 1128 701 seipsum'pro
1172 631 1362 685 ovibus
1391 647 1405 688 :
1439 640 1489 683 et
1529 628 1579 682 in
1615 645 1833 684 crucem
1883 639 2058 695 actus,
2087 638 2316 681 mortem

743 720 1075 788 suscepit,et
1099 718 1184 772 die
1214 718 1371 772 tertio
1402 718 1722 780 resurrexit,
1749 726 1805 770 et
1832 717 1881 770 in
1908 716 2101 771 cadum
2130 732 2318 771 rursus

745 811 1010 876 ascendit,
1034 825 1119 863 me
1145 824 1360 879 quoque
1388 810 1547 865 simul
1578 809 1835 872 evehens,
1870 810 1961 876 qui
1997 807 2142 861 illinc
2172 808 2319 860 ceci-

744 907 930 959 deram
1005 914 1225 972 propter
1302 903 1743 957 inobedientiam.
1814 900 1987 971 Hujus
2048 914 2167 955 sum
2220 914 2320 968 ego

745 995 1026 1059 sacerdos,
1060 1004 1112 1048 et
1137 993 1184 1049 ei
1217 994 1480 1063 meipsum
1509 994 1674 1047 statui
1702 992 1897 1049 oll‘erre
1926 993 2180 1047 hostiam.
2215 992 2322 1045 Res

748 1096 925 1139 autem
984 1095 1198 1151 vestrae,
1246 1096 1300 1139 et
1346 1096 1670 1149 vestrorum,
1717 1094 1774 1138 ut
1824 1085 2028 1151 dicitis,
2075 1084 2317 1150 deorum,

748 1180 924 1247 dignae
976 1188 1103 1233 sunt
1156 1187 1312 1233 nocte
1365 1186 1419 1231 et
1475 1179 1711 1247 angulis,
1750 1186 1805 1233 et
1854 1192 1974 1246 quae
2038 1177 2323 1245 lugeantur

752 1270 928 1336 potius
954 1280 1173 1339 propter
1203 1270 1481 1324 interitum
1507 1280 1559 1324 et
1583 1268 1948 1323 calamitatem
1974 1284 2135 1337 quam
2161 1283 2323 1338 appe-

753 1371 934 1413 tautur
960 1361 1273 1414 maledictis.

822 1449 937 1503 XII.
975 1448 1068 1504 His
1096 1451 1164 1504 ita
1201 1452 1437 1520 percitus
1466 1451 1780 1521 imperator,
1814 1451 1964 1523 jubet
2001 1465 2321 1520 generosum

748 1543 1065 1596 Anthimum
1102 1544 1221 1596 duci
1257 1542 1321 1594 ad
1354 1552 1606 1596 mortem.
1643 1543 1867 1598 Ducitur
1919 1558 2048 1612 ergo
2100 1542 2320 1603 athleta,

750 1646 844 1699 spe
893 1630 1194 1684 futurorum
1230 1630 1436 1685 habens
1472 1632 1741 1701 vigentem
1795 1631 2053 1685 laetitiam.
2088 1630 2155 1684 Et
2199 1646 2321 1685 cum

752 1724 1090 1792 pervenisset
1143 1724 1208 1779 ad
1270 1723 1469 1788 locum,
1520 1725 1573 1777 in
1628 1739 1735 1794 quo
1786 1734 1904 1779 erat
1949 1741 2044 1793 per
2096 1736 2324 1780 mortem

749 1827 1115 1883 perventurus
1149 1815 1213 1867 ad
1254 1815 1419 1869 vitam
1471 1815 1565 1885 (2),
1602 1817 1670 1870 ad
1712 1816 2041 1885 precandum
2086 1825 2327 1885 tempore

2082 424 2364 485 ΜΕΝὸιὸ
2400 420 2653 483 ΜΑΙυΞ

743 542 837 610 qui
876 554 981 594 non
1012 547 1186 609 potest
1215 537 1603 605 comprehendi
1637 553 1649 588 :
1684 537 1778 593 sed
1807 538 1967 591 etiam
1996 537 2319 592 sacriﬁcavit
2350 538 2397 593 Α
2427 537 2526 587 καὶ
2578 536 2949 607 ἀπερίληπτος
2972 554 2985 568 ·
3042 536 3178 589 ἀλλὰ

2427 537 2526 587 καὶ
2578 536 2949 607 ἀπερίληπτος
2972 554 2985 568 ⁸

3909 410 4009 475 184

3042 536 3178 589 ἀλλὰ
3226 536 3320 587 καὶ
3379 533 3570 587 ἑαυτὸν
3602 533 3833 587 τέθυκεν
3866 530 4011 596 ὑπὲρ

2428 627 2537 681 τῶν
2571 631 2883 699 προϐάτων,
2941 634 3039 684 καὶ
3079 628 3316 699 σταυροῦ
3352 627 3575 695 γεύεται
3602 628 3694 679 καὶ
3747 625 4012 690 θανάτου,

2429 721 2524 774 καὶ
2570 724 2867 791 τριήμερος
2904 723 3215 788 ἀνίσταται,
3265 722 3362 773 καὶ
3396 721 3477 782 εἰς
3507 719 3773 789 οὐρανοὺς
3830 718 4013 771 ἄνεισι

2428 815 2611 891 πάλιν,
2645 814 3035 884 συναναφέρων
3087 832 3155 883 με
3187 814 3278 866 τὸν
3317 811 3531 865 ἰκεῖθεν
3580 811 3670 863 διὰ
3700 809 3799 879 τὴν
3828 826 4017 877 παρα-

2427 905 2558 974 κοὴν
2616 904 2982 957 πεπτωκότα·
3024 904 3214 957 τούτου
3281 903 3463 973 ἱερεὺς
3513 900 3630 968 ἐγὼ
3679 900 3773 951 καὶ
3830 899 4014 967 τούτῳ

2428 1001 2800 1069 προπαγαγεῖν
2820 997 3057 1067 ἐμαυτὸν
3093 995 3283 1049 Θυσίαν
3306 995 3664 1065 προῄρημαι*
3694 991 3763 1044 τὰ
3791 991 3850 1043 δὲ
3876 990 4017 1057 ὑμέ-

2429 1106 2560 1156 τερα
2584 1088 2674 1140 καὶ
2707 1086 2816 1139 τῶν
2850 1085 3154 1156 ὑμετέρων,
3181 1083 3255 1145 ὣς
3282 1100 3440 1151 φατε,
3468 1080 3626 1143 Οεῶν,
3661 1078 3859 1140 νυκτὸς
3889 1076 4018 1140 ἄξιε

2429 1184 2522 1236 καὶ
2553 1181 2751 1249 γωνίας
2785 1179 3136 1250 θρηνούμενα
3191 1175 3277 1228 διὰ
3329 1174 3427 1242 τὴν
3458 1172 3737 1226 ἀπώλειαν
3786 1173 3883 1223 καὶ
3918 1168 4018 1238 τὴν

2433 1274 2721 1346 συμφορᾶν
2750 1273 2948 1342 μᾶλλον
2973 1272 3005 1341 ἦ
3038 1267 3445 1339 λοιδορούμενα.

2502 1428 2601 1482 ῐΒ’.
2658 1427 2884 1488 Τούτοις
2933 1427 3245 1496 ὑπερζέσας
3296 1423 3373 1495 τῷ
3434 1422 3591 1492 θυμῷ
3643 1419 4017 1491 Μαξιμιανδς,

2432 1520 2646 1573 κελεύει
2667 1521 2757 1573 τὸν
2785 1522 3032 1587 γενναῖον
3060 1519 3323 1586 Ἀνθιμον
3359 1518 3457 1585 τὴν
3487 1515 3578 1568 ἐπὶ
3611 1513 3844 1566 Θάνατον
3883 1512 4016 1577 ἄγε-

2435 1615 2558 1668 σθαι
2580 1631 2592 1644 °
2632 1613 2825 1681 ἄγεται
2852 1612 3030 1663 τοίνυν
3053 1613 3080 1663 ὁ
3119 1610 3363 1681 ἀθλητὴς
3416 1605 3838 1675 ὲνακμὰζουοαν
3867 1601 4019 1670 αὐτῷ

2433 1707 2497 1774 τῇ
2524 1702 2630 1755 τῶν
2667 1701 2972 1771 μελλόντων
3004 1699 3313 1770 ἐπαγγελίᾳ
3346 1699 3485 1768 ἔχων
3511 1697 3610 1766 τὴν
3644 1694 3843 1763 ἡδονήν
3872 1709 3884 1723 ·
3924 1693 4022 1743 καὶ

2435 1795 2526 1846 τον
2556 1793 2717 1845 τόπον
2753 1790 3095 1851 καταλαϐὼν,
3136 1791 3193 1841 ὲν
3245 1783 3289 1858 ᾧ
3346 1788 3432 1841 διὰ
3467 1786 3561 1839 τοῦ
3607 1783 3842 1837 θανάτου
3877 1781 4023 1849 ’πρὸς

736 1871 918 1974 ,ρριῑιο
960 1916 1013 1960 et
1062 1918 1306 1975 accepto,
1352 1871 1485 1961 cum‘
1520 1871 1794 1976 postremo
1842 1916 1989 1961 esset
2048 1871 2324 1975 precatus,
2358 1896 2401 1949 Β
2430 1884 2523 1957 τὴν
2565 1882 2710 1953 ζωὴν
2763 1881 2967 1976 ἔμελλέ
3000 1879 3210 1976 διαδῆνε

2430 1884 2523 1957 τὴν
2565 1882 2710 1953 ζωὴν
2763 1881 2955 1951 ἔμελλε
3000 1879 3275 1948 διαϐῆναι,
3342 1878 3536 1947 καιρὸν
3588 1876 3668 1938 εἰς
3706 1871 4023 1943 προαευχὴν

752 2008 802 2051 et
837 1998 1002 2051 Deum
1034 2000 1321 2063 allocutus,
1350 2002 1395 2052 ei
1426 2002 1643 2053 beatum
1674 1999 1802 2057 illud
1834 2008 1995 2068 caput
2017 2008 2330 2068 amputatur

756 2089 916 2143 tertio
943 2092 1143 2143 mensis
1188 2091 1544 2157 Septembris.
1584 2088 1814 2158 Vespere
1850 2102 2028 2144 autem
2059 2091 2329 2145 accedeno

757 2192 840 2234 tes
890 2181 1109 2248 quidam
1173 2182 1379 2245 ﬁdeles,
1430 2198 1549 2235 cum
1600 2184 1893 2251 pretiosum
1940 2198 2134 2252 corpus
2188 2183 2331 2237 illius

760 2272 1131 2339 sustulissent,
1159 2286 1454 2342 sancteque
1477 2286 1530 2328 et
1553 2276 1850 2330 honoriﬁce
1870 2277 2330 2342 composuissent,

758 2363 813 2414 in
857 2364 973 2430 ipso
1020 2363 1161 2431 loco,
1202 2366 1253 2417 in
1308 2380 1414 2434 quo
1473 2364 1573 2418 fuit
1623 2376 2055 2429 consummatus,
2107 2366 2333 2435 pulchre

759 2458 1059 2529 deponunt,
1083 2456 1361 2511 laudantes
1392 2457 1629 2519 Patrem,
1661 2466 1713 2510 et
1742 2455 1961 2521 Filium,
1990 2466 2045 2510 et
2068 2455 2329 2523 Spiritum

760 2557 1031 2611 sanctum,
1065 2564 1225 2601 unam
1257 2548 1597 2603 divinitatem
1628 2559 1682 2604 et
1726 2564 1986 2621 regnum;
2023 2549 2107 2603 cui
2154 2549 2334 2604 omnis

763 2638 956 2704 gloria,
1006 2640 1181 2693 honor
1232 2650 1287 2693 et
1341 2641 1587 2695 adoratio
1637 2641 1688 2695 in
1734 2640 1927 2698 saeCula
1987 2641 2329 2696 saeculorum.

763 2732 955 2785 Anien.

2431 1979 2680 2047 αἰτήσας,
2715 1977 2809 2028 καὶ
2840 1972 3043 2034 λαϐὼν,
3072 1974 3166 2026 καὶ
3196 1974 3263 2024 τὰ
3292 1971 3583 2023 τελευταῖα
3633 1967 4022 2039 προσευξάμε-

2431 2087 2518 2130 νος
2550 2070 2642 2121 καὶ
2674 2066 2974 2137 διαλεχθεὶς
3005 2065 3081 2135 τῷ
3133 2064 3274 2135 Θεῷ,
3331 2062 3430 2133 τὴν
3466 2060 3744 2131 μακαρῖαν
3798 2059 4025 2125 ἐκείνην

2432 2161 2676 2229 κεφαλὴν
2708 2160 3045 2229 ἀφαιρεῖται,
3100 2156 3261 2227 τρίτῃ
3287 2154 3381 2207 τοῦ
3411 2152 3788 2222 Σεπτεμϐρίου
3826 2150 4023 2218 μηνός.

2442 2254 2711 2322 Ἐσπέρας
2731 2253 2785 2305 δέ
2816 2269 2961 2313 τινες
2994 2249 3429 2317 παραγενόμενοι
3455 2246 3561 2296 τῶν
3581 2242 3809 2302 πιστῶν,
3838 2240 4025 2293 καὶτὸ

2436 2346 2647 2400 ἐκείνου
2672 2344 2831 2412 σῶμα
2852 2342 2911 2392 τὸ
2934 2342 3113 2407 τίμιον
3132 2339 3466 2406 ἀνελόμενοι,
3482 2336 3577 2386 καὶ
3596 2333 3754 2394 ὁσὲως
3772 2332 3864 2383 καὶ
3882 2330 4029 2399 λαμ-

2438 2438 2589 2507 πρῶς
2612 2433 3077 2503 περιστείλαντες,
3101 2428 3229 2499 παρ’
3254 2428 3416 2480 αὑτὸν
3437 2426 3528 2478 τὸν
3554 2428 3652 2495 τῆς
3684 2423 4027 2483 τελειώσεως

2440 2533 2603 2584 τόπον
2632 2525 2955 2596 διαπρεπῶς
2982 2526 3121 2591 ἄγαν
3153 2520 3534 2581 κατατιθέασι,
3561 2515 3878 2581 δοξάζοντες
3913 2515 4025 2565 Πα-

2442 2620 2595 2691 τέρά.
2654 2620 2749 2673 καὶ
2787 2618 2937 2679 TUM,
2991 2618 3082 2668 ml
3118 2614 3341 2682 Πνεῦμα
3374 2612 3551 2678 ἅγιον,
3583 2608 3682 2676 τὴν
3718 2606 3846 2675 μίαν
3876 2602 4026 2655 θειό·

2443 2728 2583 2781 τητα
2629 2709 2723 2760 καὶ
2776 2705 3077 2776 βασιλείαν,
3108 2699 3367 2778 ᾖπρέπει
3400 2703 3549 2753 πᾶσα
3579 2698 3727 2762 δόξα,
3759 2694 3897 2764 τιμὴ
3929 2692 4027 2744 καὶ

2447 2800 2819 2870 προσκύνησις
2849 2800 2928 2861 εἰς
2961 2797 3085 2859 τοὺς
3121 2796 3325 2857 αἰῶνας
3360 2794 3469 2846 τῶν
3500 2790 3732 2846 αἰώνων.
3788 2787 3987 2856 Ἀμήν.

836 2932 916 3005 (9)
949 2936 1077 2990 Vide
1124 2937 1321 2991 Euseb.
1374 2935 1519 2991 Hist.
1566 2936 1767 2993 Eccles.
1821 2939 1914 2991 lib.
1962 2955 2079 3002 vm,
2113 2956 2161 2992 c.
2192 2939 2243 3003 ϐ,
2287 2950 2337 2992 et
2378 2938 2575 2995 Baron.
2608 2954 2698 2993 an.
2731 2937 2857 2993 502.

794 3091 2288 3127 Μ

2310 3077 4019 3127 Μ

1608 3290 2384 3468 MENSIS
2536 3286 3210 3466 MAIUS

1179 3767 1358 3879 DE
1450 3767 2013 3883 SANCTO
2097 3771 2756 3881 PHILIPPO
2847 3765 3590 3879 APOSTOLO

1782 3992 2118 4050 MARTYRE
2160 3994 2525 4055 lllERAPOLl
2568 3996 2636 4053 ΙΝ
2670 3995 2996 4052 PHRYGIA.

1107 4143 1239 4196 (Maii
1264 4146 1342 4195 die
1371 4147 1408 4197 ί.
1437 4152 1555 4205 Acta
1582 4152 1869 4199 Sanctorum
1900 4149 2123 4197 Bollmtd.
2152 4151 2262 4200 Maii
2289 4158 2406 4199 tom.
2446 4152 2483 4211 Ι,
2510 4169 2556 4215 p.
2583 4154 2607 4199 Ἰ
2635 4152 2836 4212 latine;
2861 4155 3027 4203 Grece
3062 4167 3109 4213 p.
3135 4153 3245 4211 755,
3270 4164 3331 4199 ex
3358 4153 3466 4199 eod.
3496 4148 3640 4209 γει.)

2367 4330 2436 4337 ———

849 4460 899 4510 θ.
943 4459 1188 4512 Celebris
1237 4468 1322 4512 est
1372 4461 1435 4511 ad
1497 4459 1766 4514 Kalendas
1820 4460 1943 4515 Maii
1997 4464 2257 4517 memoria
2309 4462 2366 4518 S.
2412 4464 2641 4532 Philippi
2702 4460 2933 4531 apostoli
2986 4460 3041 4514 in
3095 4459 3493 4530 antiquissimis
3546 4459 3723 4517 Fastis
3775 4458 4014 4513 Latinis-

766 4556 1146 4608 Pervetustum
1201 4549 1567 4624 Martyrologii
1615 4553 2031 4628 Hieronyniiani
2084 4560 2476 4629 apographum,
2519 4574 2546 4611 a
2591 4556 2735 4611 mille
2783 4570 2949 4626 prope
3000 4556 3160 4611 annis
3212 4566 3518 4623 exaratum,
3572 4572 3679 4627 quo
3732 4557 3801 4611 ab
3854 4556 4013 4610 initio

766 4646 948 4713 operis
982 4655 1040 4699 ut
1074 4656 1258 4700 nostro
1293 4648 1373 4699 usi
1411 4662 1617 4713 sumus,
1643 4650 1899 4716 quodque
1934 4649 2423 4720 Epternacensibus
2460 4660 2513 4704 ut
2548 4666 2704 4703 suum
2741 4648 3082 4715 exigentibus
3122 4648 3474 4712 reddidimus,
3518 4648 3680 4701 habet
3732 4648 4015 4713 praeﬁxum

769 4738 1066 4793 lndiculum
1100 4740 1162 4793 de
1184 4740 1332 4795 festis
1363 4742 1727 4809 apostolorum
1750 4743 1957 4806 diebus,
1988 4753 2041 4797 et
2077 4743 2361 4798 referenda
2395 4745 2459 4798 ad
2496 4744 2761 4797 Kalendas
2792 4740 2911 4795 Maii
2948 4743 3049 4796 ista
3079 4739 3321 4810 suggerit
3355 4758 3368 4795 :
3406 4740 3669 4799 «Natalis
3698 4738 3754 4792 S.
3781 4737 4015 4804 Philippi

770 4831 1019 4898 apostoli,
1052 4831 1103 4883 in
1137 4832 1358 4884 civitate
1400 4832 1670 4902 Hierapoli
1722 4836 2011 4903 provincia:
2054 4835 2215 4888 Asim.
2254 4854 2271 4885 ι
2305 4834 2503 4889 Verum
2542 4834 2594 4887 in
2629 4843 2875 4887 contextu
2908 4832 3275 4904 Martyrologii
3315 4832 3380 4886 ad
3413 4830 3686 4885 Kalendas
3717 4826 3840 4883 Maii
3898 4830 4013 4885 haec

768 4924 940 4976 solum
986 4923 1236 4993 leguntur
1276 4942 1288 4977 :
1332 4944 1349 4974 ι
1394 4923 1595 4979 Natalis
1624 4936 1932 4980 sanctorum
1968 4929 2333 4996 apostolorum
2367 4926 2593 4994 Philippi
2620 4936 2675 4979 et
2700 4924 2901 4979 Jacobi.
2943 4944 2959 4975 ι
2995 4924 3051 4978 In
3088 4926 3396 4994 apographo
3426 4924 3742 4979 Corbeiensi
3780 4924 4013 4979 Parisiis

768 5029 967 5067 excuso
1026 5014 1270 5083 ejusdem
1308 5014 1672 5084 Martyrologii
1714 5015 2118 5087 llieronyiniani
2156 5020 2225 5073 ita
2261 5019 2497 5071 habetur
2549 5036 2559 5071 :
2598 5038 2615 5067 ι
2646 5019 2702 5071 lu
2758 5018 2884 5070 Asia
2923 5016 3193 5085 Hierapoli
3234 5018 3338 5072 SS.
3392 5017 3625 5088 Philippi
3681 5017 3909 5085 apostoli
3961 5027 4016 5072 et

770 5106 977 5160 Jacobi.
1023 5124 1042 5157 ι
1084 5106 1157 5160 De
1201 5104 1257 5158 S.
1297 5102 1521 5169 Jacobo,
1575 5107 1665 5172 qui
1716 5122 1817 5160 non
1864 5117 2071 5177 spectat
2130 5111 2196 5162 ad
2247 5107 2599 5175 Hierapolim,
2654 5125 2775 5162 mox
2833 5110 3063 5162 seorsim
3121 5125 3361 5179 agemus.
3413 5109 3621 5163 Similia
3673 5111 3737 5165 de
3780 5121 4013 5180 utroque

771 5203 1038 5255 habentur
1062 5199 1116 5252 in
1146 5199 1544 5267 antiquioribus
1578 5198 1753 5255 Fastis
1786 5216 1915 5255 mss.
1946 5218 2081 5270 quos
2111 5218 2214 5256 non
2242 5210 2324 5256 est
2354 5216 2530 5271 operte
2566 5203 2801 5272 pretium
2859 5202 3122 5256 indicare.
3154 5201 3488 5258 Venerabilis
3518 5203 3657 5256 Beda
3690 5203 3740 5257 in
3771 5204 4012 5268 genuino

773 5310 871 5348 suo
923 5293 1329 5363 Martyrologio,
1363 5292 1506 5360 quod
1544 5300 1668 5345 ante
1724 5303 1923 5345 tomum
1971 5296 2266 5347 secundum
2312 5295 2568 5348 Actorum
2611 5294 2786 5349 Martii
2825 5311 2889 5349 ex
2936 5304 3059 5348 octo
3103 5296 3342 5363 antiquis
3395 5297 3670 5349 codicibus
3716 5294 4007 5359 edidimus,

774 5391 874 5443 ista
911 5388 1101 5441 scribit
1141 5405 1152 5440 :
1199 5407 1217 5439 ι
1262 5387 1317 5440 ln
1356 5386 1626 5455 Hierapoli
1661 5384 1890 5455 Philippi
1926 5390 2175 5455 apostoli,
2214 5398 2265 5443 et
2301 5388 2484 5443 Jacobi
2522 5390 2745 5458 apostoli
2777 5389 2960 5442 fratris
2996 5386 3228 5443 Domini.
3271 5408 3286 5438 ι
3324 5390 3481 5441 Addit
3520 5388 3714 5442 Florus
3747 5404 3761 5441 :
3800 5405 3819 5437 ι
3857 5386 4010 5453 Quo-

773 5493 891 5532 rum
921 5478 1122 5545 primus
1153 5480 1201 5531 in
1232 5478 1355 5531 Asia
1390 5477 1443 5531 in
1475 5476 1691 5531 civitate
1742 5476 2007 5547 Hierapoli
2050 5480 2337 5547 provincia!
2375 5478 2617 5551 Phrygiae
2637 5495 2827 5549 passus
2856 5490 2959 5544 est,
2997 5480 3176 5549 ibique
3226 5495 3343 5534 cum
3384 5479 3592 5533 ﬁliabus
3645 5481 3757 5534 suis
3790 5481 4010 5550 requie-

772 5574 893 5625 scit.
931 5590 948 5621 ι
986 5570 1257 5635 Rabanus,
1291 5579 1447 5625 aztate
1483 5570 1781 5637 proximus,
1816 5572 1894 5623 sic
1926 5572 2116 5625 scribit
2156 5592 2168 5626 :
2209 5591 2225 5623 ‹
2263 5572 2316 5627 lit
2354 5572 2623 5641 Hierapoli
2654 5574 2882 5644 Philippi
2921 5574 3175 5639 apostoli,
3214 5573 3302 5641 qui
3336 5570 3715 5627 Ehionitarum
3747 5574 4003 5629 bzeresitn

766 5666 1046 5731 exstinxit,
1082 5677 1135 5718 et
1168 5665 1372 5733 quievit
1419 5664 1468 5717 in
1504 5678 1652 5731 pace.
1697 5680 1713 5712 ›
1759 5662 2036 5720 Usuardus
2068 5668 2273 5737 scripto
2320 5669 2593 5722 mandavit
2626 5669 2739 5721 litec
2781 5668 2940 5721 verba
2981 5686 2993 5720 :
3031 5689 3047 5717 ι
3107 5664 3298 5721 Natale
3356 5665 3717 5733 apostolorum
3772 5666 4009 5736 Philippi

765 5768 815 5809 et
857 5756 1066 5816 Jacobi,
1101 5773 1162 5811 ex
1204 5756 1397 5823 quibus
1446 5754 1520 5809 Ph
1554 5756 1722 5825 tippus
1777 5765 2055 5835 postquam
2110 5762 2384 5829 Scythiam
2453 5762 2513 5815 ad
2566 5761 2719 5816 ﬁdem
2774 5762 2969 5816 Christi
3027 5762 3400 5822 convci'tiSset,
3450 5758 3588 5830 apud
3647 5758 4002 5829 Hierapolim,

769 5854 904 5907 Asiae
939 5853 1231 5917 civitatem,
1271 5852 1499 5921 gloriose
1536 5856 1634 5906 line
1675 5856 1895 5923 qlll‘EVH’.
