  <div class='ocr_page' id='page_1' title='image "/cluster/home/n/w/nwhite01/storage/ocr_20150623/115/nnc1.0046980261/100.png"; bbox 0 0 4230 6436; ppageno 0'>
   <div class='ocr_carea' id='block_1_1' title="bbox 221 389 3492 457">
    <p class='ocr_par' dir='ltr' id='par_1_1' title="bbox 221 389 3492 457">
     <span class='ocr_line' id='line_1_1' title="bbox 221 389 3492 457; baseline 0.002 -6"><span class='ocrx_word' id='word_1_1' title='bbox 221 389 331 452; x_wconf 82' lang='grc'><strong>185</strong></span> <span class='ocrx_word' id='word_1_2' title='bbox 1289 392 1468 451; x_wconf 74' lang='lat' dir='ltr'><strong>VITA</strong></span> <span class='ocrx_word' id='word_1_3' title='bbox 1514 393 1573 451; x_wconf 93' lang='lat' dir='ltr'><strong>S.</strong></span> <span class='ocrx_word' id='word_1_4' title='bbox 1620 391 1967 451; x_wconf 79' lang='lat' dir='ltr'><strong>PIIlLIPPI</strong></span> <span class='ocrx_word' id='word_1_5' title='bbox 2009 391 2399 455; x_wconf 83' lang='lat' dir='ltr'><strong>APOSTOLI.</strong></span> <span class='ocrx_word' id='word_1_6' title='bbox 3389 389 3492 457; x_wconf 77' lang='lat'><strong>186</strong></span> 
     </span>
    </p>
   </div>
   <div class='ocr_carea' id='block_1_2' title="bbox 290 496 3492 571">
    <p class='ocr_par' dir='ltr' id='par_1_2' title="bbox 290 496 3492 571">
     <span class='ocr_line' id='line_1_2' title="bbox 290 496 3492 571; baseline -0.002 -16"><span class='ocrx_word' id='word_1_7' title='bbox 290 504 347 555; x_wconf 73' lang='lat'><strong>2.</strong></span> <span class='ocrx_word' id='word_1_8' title='bbox 370 502 488 555; x_wconf 92' lang='lat' dir='ltr'><strong>Ado</strong></span> <span class='ocrx_word' id='word_1_9' title='bbox 520 502 967 571; x_wconf 80' lang='lat' dir='ltr'><strong>archiepiscopus</strong></span> <span class='ocrx_word' id='word_1_10' title='bbox 989 500 1338 566; x_wconf 81' lang='lat' dir='ltr'><strong>Viennensis,</strong></span> <span class='ocrx_word' id='word_1_11' title='bbox 1362 504 1412 555; x_wconf 92' lang='lat' dir='ltr'><strong>in</strong></span> <span class='ocrx_word' id='word_1_12' title='bbox 1443 503 1623 557; x_wconf 85' lang='lat' dir='ltr'><strong>libello</strong></span> <span class='ocrx_word' id='word_1_13' title='bbox 1655 503 1729 557; x_wconf 87' lang='lat' dir='ltr'><strong>De</strong></span> <span class='ocrx_word' id='word_1_14' title='bbox 1753 504 2126 571; x_wconf 74' lang='lat' dir='ltr'><strong>festivitatibus</strong></span> <span class='ocrx_word' id='word_1_15' title='bbox 2150 513 2453 555; x_wconf 74' lang='lat' dir='ltr'><strong>sanctorum</strong></span> <span class='ocrx_word' id='word_1_16' title='bbox 2485 499 2870 570; x_wconf 74' lang='lat' dir='ltr'><strong>apostolorum,</strong></span> <span class='ocrx_word' id='word_1_17' title='bbox 2893 500 2993 553; x_wconf 87' lang='lat' dir='ltr'><strong>hoc</strong></span> <span class='ocrx_word' id='word_1_18' title='bbox 3017 499 3251 570; x_wconf 81' lang='lat' dir='ltr'><strong>elogium</strong></span> <span class='ocrx_word' id='word_1_19' title='bbox 3284 496 3492 551; x_wconf 78' lang='lat' dir='ltr'><strong>edidit:</strong></span> 
     </span>
    </p>
   </div>
   <div class='ocr_carea' id='block_1_3' title="bbox 224 592 3493 664">
    <p class='ocr_par' dir='ltr' id='par_1_3' title="bbox 224 592 3493 664">
     <span class='ocr_line' id='line_1_3' title="bbox 224 592 3493 664; baseline -0.001 -18"><span class='ocrx_word' id='word_1_20' title='bbox 224 615 242 646; x_wconf 74' lang='grc' dir='ltr'>ι</span> <span class='ocrx_word' id='word_1_21' title='bbox 288 593 499 648; x_wconf 79' lang='lat' dir='ltr'><strong>Natalis</strong></span> <span class='ocrx_word' id='word_1_22' title='bbox 538 594 818 648; x_wconf 80' lang='lat' dir='ltr'><strong>beatorum</strong></span> <span class='ocrx_word' id='word_1_23' title='bbox 869 594 1235 661; x_wconf 77' lang='lat' dir='ltr'><strong>apostolorum</strong></span> <span class='ocrx_word' id='word_1_24' title='bbox 1285 594 1517 664; x_wconf 80' lang='lat' dir='ltr'><strong>Philippi</strong></span> <span class='ocrx_word' id='word_1_25' title='bbox 1552 607 1605 649; x_wconf 93' lang='lat' dir='ltr'><strong>et</strong></span> <span class='ocrx_word' id='word_1_26' title='bbox 1646 596 1833 651; x_wconf 76' lang='lat' dir='ltr'><strong>Jacobi</strong></span> <span class='ocrx_word' id='word_1_27' title='bbox 1873 614 1885 649; x_wconf 91' lang='lat'><strong>:</strong></span> <span class='ocrx_word' id='word_1_28' title='bbox 1918 612 1983 649; x_wconf 79' lang='lat' dir='ltr'><strong>ex</strong></span> <span class='ocrx_word' id='word_1_29' title='bbox 2030 598 2228 663; x_wconf 85' lang='lat' dir='ltr'><strong>quibus</strong></span> <span class='ocrx_word' id='word_1_30' title='bbox 2272 596 2578 662; x_wconf 81' lang='lat' dir='ltr'><strong>Philippus,</strong></span> <span class='ocrx_word' id='word_1_31' title='bbox 2611 609 2730 647; x_wconf 88' lang='lat' dir='ltr'><strong>cum</strong></span> <span class='ocrx_word' id='word_1_32' title='bbox 2783 608 2917 661; x_wconf 89' lang='lat' dir='ltr'><strong>pene</strong></span> <span class='ocrx_word' id='word_1_33' title='bbox 2948 592 3227 662; x_wconf 85' lang='lat' dir='ltr'><strong>Scythiam</strong></span> <span class='ocrx_word' id='word_1_34' title='bbox 3262 606 3493 645; x_wconf 85' lang='lat' dir='ltr'><strong>conver-</strong></span> 
     </span>
    </p>
   </div>
   <div class='ocr_carea' id='block_1_4' title="bbox 217 686 3487 758">
    <p class='ocr_par' dir='ltr' id='par_1_4' title="bbox 217 686 3487 758">
     <span class='ocr_line' id='line_1_4' title="bbox 217 686 3487 758; baseline -0.001 -18"><span class='ocrx_word' id='word_1_35' title='bbox 217 689 401 751; x_wconf 86' lang='lat' dir='ltr'><strong>tisset,</strong></span> <span class='ocrx_word' id='word_1_36' title='bbox 439 687 780 752; x_wconf 83' lang='lat' dir='ltr'><strong>diaconibus,</strong></span> <span class='ocrx_word' id='word_1_37' title='bbox 813 686 1143 755; x_wconf 82' lang='lat' dir='ltr'><strong>presbyteris</strong></span> <span class='ocrx_word' id='word_1_38' title='bbox 1182 698 1237 740; x_wconf 91' lang='lat' dir='ltr'><strong>et</strong></span> <span class='ocrx_word' id='word_1_39' title='bbox 1284 689 1555 758; x_wconf 80' lang='lat' dir='ltr'><strong>episcopis</strong></span> <span class='ocrx_word' id='word_1_40' title='bbox 1588 690 1657 742; x_wconf 88' lang='lat' dir='ltr'><strong>ibi</strong></span> <span class='ocrx_word' id='word_1_41' title='bbox 1697 690 2029 748; x_wconf 90' lang='lat' dir='ltr'><strong>constitutis,</strong></span> <span class='ocrx_word' id='word_1_42' title='bbox 2063 702 2319 742; x_wconf 81' lang='lat' dir='ltr'><strong>reversus</strong></span> <span class='ocrx_word' id='word_1_43' title='bbox 2350 698 2432 742; x_wconf 87' lang='lat' dir='ltr'><strong>est</strong></span> <span class='ocrx_word' id='word_1_44' title='bbox 2463 688 2528 740; x_wconf 90' lang='lat' dir='ltr'><strong>ad</strong></span> <span class='ocrx_word' id='word_1_45' title='bbox 2562 689 2771 752; x_wconf 80' lang='lat' dir='ltr'><strong>Asiam,</strong></span> <span class='ocrx_word' id='word_1_46' title='bbox 2800 687 2887 740; x_wconf 90' lang='lat' dir='ltr'><strong>ubi</strong></span> <span class='ocrx_word' id='word_1_47' title='bbox 2922 687 3176 739; x_wconf 87' lang='lat' dir='ltr'><strong>continua</strong></span> <span class='ocrx_word' id='word_1_48' title='bbox 3218 686 3487 752; x_wconf 62' lang='lat' dir='ltr'><strong>praedica-</strong></span> 
     </span>
    </p>
   </div>
   <div class='ocr_carea' id='block_1_5' title="bbox 221 781 3490 853">
    <p class='ocr_par' dir='ltr' id='par_1_5' title="bbox 221 781 3490 853">
     <span class='ocr_line' id='line_1_5' title="bbox 221 781 3490 853; baseline -0 -20"><span class='ocrx_word' id='word_1_49' title='bbox 221 783 377 835; x_wconf 89' lang='lat' dir='ltr'><strong>tione</strong></span> <span class='ocrx_word' id='word_1_50' title='bbox 405 797 500 849; x_wconf 90' lang='lat' dir='ltr'><strong>per</strong></span> <span class='ocrx_word' id='word_1_51' title='bbox 533 782 738 851; x_wconf 85' lang='lat' dir='ltr'><strong>aliquot</strong></span> <span class='ocrx_word' id='word_1_52' title='bbox 773 799 945 838; x_wconf 89' lang='lat' dir='ltr'><strong>annos</strong></span> <span class='ocrx_word' id='word_1_53' title='bbox 980 786 1268 847; x_wconf 77' lang='lat' dir='ltr'><strong>insistens,</strong></span> <span class='ocrx_word' id='word_1_54' title='bbox 1319 782 1724 837; x_wconf 77' lang='lat' dir='ltr'><strong>multitudinem</strong></span> <span class='ocrx_word' id='word_1_55' title='bbox 1784 784 2098 853; x_wconf 88' lang='lat' dir='ltr'><strong>populorum</strong></span> <span class='ocrx_word' id='word_1_56' title='bbox 2139 781 2379 843; x_wconf 89' lang='lat' dir='ltr'><strong>Christo,</strong></span> <span class='ocrx_word' id='word_1_57' title='bbox 2430 782 2705 836; x_wconf 82' lang='lat' dir='ltr'><strong>laboribus</strong></span> <span class='ocrx_word' id='word_1_58' title='bbox 2754 783 2857 849; x_wconf 90' lang='lat' dir='ltr'><strong>piis</strong></span> <span class='ocrx_word' id='word_1_59' title='bbox 2900 796 3114 849; x_wconf 86' lang='lat' dir='ltr'><strong>semper</strong></span> <span class='ocrx_word' id='word_1_60' title='bbox 3159 781 3490 845; x_wconf 77' lang='lat' dir='ltr'><strong>inserviens,</strong></span> 
     </span>
    </p>
   </div>
   <div class='ocr_carea' id='block_1_6' title="bbox 216 874 3484 945">
    <p class='ocr_par' dir='ltr' id='par_1_6' title="bbox 216 874 3484 945">
     <span class='ocr_line' id='line_1_6' title="bbox 216 874 3484 945; baseline -0 -18"><span class='ocrx_word' id='word_1_61' title='bbox 216 874 475 930; x_wconf 86' lang='lat' dir='ltr'><strong>lucratus</strong></span> <span class='ocrx_word' id='word_1_62' title='bbox 502 887 589 929; x_wconf 87' lang='lat' dir='ltr'><strong>est</strong></span> <span class='ocrx_word' id='word_1_63' title='bbox 622 894 634 929; x_wconf 91' lang='lat'><strong>:</strong></span> <span class='ocrx_word' id='word_1_64' title='bbox 670 879 869 944; x_wconf 87' lang='lat' dir='ltr'><strong>quique</strong></span> <span class='ocrx_word' id='word_1_65' title='bbox 906 878 1046 945; x_wconf 87' lang='lat' dir='ltr'><strong>apud</strong></span> <span class='ocrx_word' id='word_1_66' title='bbox 1080 876 1410 941; x_wconf 79' lang='lat' dir='ltr'><strong>Hierapolim</strong></span> <span class='ocrx_word' id='word_1_67' title='bbox 1447 878 1586 929; x_wconf 72' lang='lat' dir='ltr'><strong>Asiae</strong></span> <span class='ocrx_word' id='word_1_68' title='bbox 1617 876 1891 929; x_wconf 86' lang='lat' dir='ltr'><strong>civitatem</strong></span> <span class='ocrx_word' id='word_1_69' title='bbox 1924 875 2179 928; x_wconf 83' lang='lat' dir='ltr'><strong>dormivit</strong></span> <span class='ocrx_word' id='word_1_70' title='bbox 2212 889 2335 929; x_wconf 81' lang='lat' dir='ltr'><strong>cum</strong></span> <span class='ocrx_word' id='word_1_71' title='bbox 2369 874 2611 943; x_wconf 88' lang='lat' dir='ltr'><strong>patribus</strong></span> <span class='ocrx_word' id='word_1_72' title='bbox 2638 874 2771 938; x_wconf 84' lang='lat' dir='ltr'><strong>suis,</strong></span> <span class='ocrx_word' id='word_1_73' title='bbox 2804 874 2963 927; x_wconf 90' lang='lat' dir='ltr'><strong>beato</strong></span> <span class='ocrx_word' id='word_1_74' title='bbox 3016 874 3121 926; x_wconf 86' lang='lat' dir='ltr'><strong>fine</strong></span> <span class='ocrx_word' id='word_1_75' title='bbox 3163 874 3424 941; x_wconf 80' lang='lat' dir='ltr'><strong>sepultus.</strong></span> <span class='ocrx_word' id='word_1_76' title='bbox 3466 895 3484 928; x_wconf 80' lang='grc' dir='ltr'><strong><em>ι</em></strong></span> 
     </span>
    </p>
   </div>
   <div class='ocr_carea' id='block_1_7' title="bbox 218 965 3490 1040">
    <p class='ocr_par' dir='ltr' id='par_1_7' title="bbox 218 965 3490 1040">
     <span class='ocr_line' id='line_1_7' title="bbox 218 965 3490 1040; baseline -0.001 -16"><span class='ocrx_word' id='word_1_77' title='bbox 218 970 351 1024; x_wconf 65' lang='lat' dir='ltr'><strong>Haec</strong></span> <span class='ocrx_word' id='word_1_78' title='bbox 389 973 544 1036; x_wconf 82' lang='lat' dir='ltr'><strong>Ado;</strong></span> <span class='ocrx_word' id='word_1_79' title='bbox 577 972 776 1040; x_wconf 88' lang='lat' dir='ltr'><strong>quibus</strong></span> <span class='ocrx_word' id='word_1_80' title='bbox 810 973 961 1025; x_wconf 87' lang='lat' dir='ltr'><strong>addit</strong></span> <span class='ocrx_word' id='word_1_81' title='bbox 998 971 1266 1025; x_wconf 76' lang='lat' dir='ltr'><strong>Notkerus</strong></span> <span class='ocrx_word' id='word_1_82' title='bbox 1298 988 1311 1023; x_wconf 91' lang='lat'><strong>:</strong></span> <span class='ocrx_word' id='word_1_83' title='bbox 1357 990 1374 1021; x_wconf 85' lang='grc'><strong><em>‹</em></strong></span> <span class='ocrx_word' id='word_1_84' title='bbox 1415 971 1690 1024; x_wconf 78' lang='lat' dir='ltr'><strong>Exstincta</strong></span> <span class='ocrx_word' id='word_1_85' title='bbox 1738 968 1929 1023; x_wconf 62' lang='lat' dir='ltr'><strong>haeresi</strong></span> <span class='ocrx_word' id='word_1_86' title='bbox 1981 968 2376 1032; x_wconf 83' lang='lat' dir='ltr'><strong>Ehionitarum,</strong></span> <span class='ocrx_word' id='word_1_87' title='bbox 2408 968 2498 1036; x_wconf 89' lang='lat' dir='ltr'><strong>qui</strong></span> <span class='ocrx_word' id='word_1_88' title='bbox 2538 966 2813 1021; x_wconf 82' lang='lat' dir='ltr'><strong>Christum</strong></span> <span class='ocrx_word' id='word_1_89' title='bbox 2845 965 3028 1021; x_wconf 83' lang='lat' dir='ltr'><strong>Jesum</strong></span> <span class='ocrx_word' id='word_1_90' title='bbox 3080 976 3203 1020; x_wconf 82' lang='lat' dir='ltr'><strong>ante</strong></span> <span class='ocrx_word' id='word_1_91' title='bbox 3236 967 3490 1021; x_wconf 75' lang='lat' dir='ltr'><strong>lucarna-</strong></span> 
     </span>
    </p>
   </div>
   <div class='ocr_carea' id='block_1_8' title="bbox 219 1060 3489 1136">
    <p class='ocr_par' dir='ltr' id='par_1_8' title="bbox 219 1060 3489 1136">
     <span class='ocr_line' id='line_1_8' title="bbox 219 1060 3489 1136; baseline -0.002 -16"><span class='ocrx_word' id='word_1_92' title='bbox 219 1067 387 1120; x_wconf 82' lang='lat' dir='ltr'><strong>tionis</strong></span> <span class='ocrx_word' id='word_1_93' title='bbox 424 1076 634 1136; x_wconf 86' lang='lat' dir='ltr'><strong>tempus</strong></span> <span class='ocrx_word' id='word_1_94' title='bbox 669 1068 835 1120; x_wconf 85' lang='lat' dir='ltr'><strong>fuisse</strong></span> <span class='ocrx_word' id='word_1_95' title='bbox 878 1067 1168 1136; x_wconf 81' lang='lat' dir='ltr'><strong>negabant.</strong></span> <span class='ocrx_word' id='word_1_96' title='bbox 1211 1086 1228 1117; x_wconf 72' lang='grc' dir='ltr'>ι</span> <span class='ocrx_word' id='word_1_97' title='bbox 1267 1066 1324 1119; x_wconf 83' lang='grc' dir='ltr'><strong>1η</strong></span> <span class='ocrx_word' id='word_1_98' title='bbox 1355 1065 1624 1119; x_wconf 88' lang='lat' dir='ltr'><strong>hodierno</strong></span> <span class='ocrx_word' id='word_1_99' title='bbox 1660 1062 2049 1132; x_wconf 79' lang='lat' dir='ltr'><strong>Martyrologio</strong></span> <span class='ocrx_word' id='word_1_100' title='bbox 2091 1060 2333 1113; x_wconf 78' lang='lat' dir='ltr'><strong>Romano</strong></span> <span class='ocrx_word' id='word_1_101' title='bbox 2383 1061 2657 1113; x_wconf 88' lang='lat' dir='ltr'><strong>adduntur</strong></span> <span class='ocrx_word' id='word_1_102' title='bbox 2692 1061 2944 1127; x_wconf 85' lang='lat' dir='ltr'><strong>nonnulla</strong></span> <span class='ocrx_word' id='word_1_103' title='bbox 2980 1061 3045 1113; x_wconf 87' lang='lat' dir='ltr'><strong>de</strong></span> <span class='ocrx_word' id='word_1_104' title='bbox 3075 1060 3191 1128; x_wconf 89' lang='lat' dir='ltr'><strong>ejus</strong></span> <span class='ocrx_word' id='word_1_105' title='bbox 3226 1064 3489 1132; x_wconf 86' lang='lat' dir='ltr'><strong>martyrio</strong></span> 
     </span>
    </p>
   </div>
   <div class='ocr_carea' id='block_1_9' title="bbox 214 1150 3484 1225">
    <p class='ocr_par' dir='ltr' id='par_1_9' title="bbox 214 1150 3484 1225">
     <span class='ocr_line' id='line_1_9' title="bbox 214 1150 3484 1225; baseline -0.002 -14"><span class='ocrx_word' id='word_1_106' title='bbox 214 1159 303 1211; x_wconf 90' lang='lat' dir='ltr'><strong>his</strong></span> <span class='ocrx_word' id='word_1_107' title='bbox 342 1158 521 1212; x_wconf 82' lang='lat' dir='ltr'><strong>verbis</strong></span> <span class='ocrx_word' id='word_1_108' title='bbox 558 1176 571 1211; x_wconf 89' lang='lat'><strong>:</strong></span> <span class='ocrx_word' id='word_1_109' title='bbox 608 1179 626 1209; x_wconf 74' lang='grc' dir='ltr'>ι</span> <span class='ocrx_word' id='word_1_110' title='bbox 666 1157 871 1213; x_wconf 82' lang='lat' dir='ltr'><strong>Natalis</strong></span> <span class='ocrx_word' id='word_1_111' title='bbox 914 1160 1193 1213; x_wconf 85' lang='lat' dir='ltr'><strong>beatorum</strong></span> <span class='ocrx_word' id='word_1_112' title='bbox 1233 1160 1604 1225; x_wconf 86' lang='lat' dir='ltr'><strong>apostolorum</strong></span> <span class='ocrx_word' id='word_1_113' title='bbox 1653 1156 1881 1222; x_wconf 83' lang='lat' dir='ltr'><strong>Philippi</strong></span> <span class='ocrx_word' id='word_1_114' title='bbox 1922 1164 1974 1209; x_wconf 91' lang='lat' dir='ltr'><strong>et</strong></span> <span class='ocrx_word' id='word_1_115' title='bbox 2020 1153 2224 1215; x_wconf 85' lang='lat' dir='ltr'><strong>Jacobi,</strong></span> <span class='ocrx_word' id='word_1_116' title='bbox 2260 1168 2323 1206; x_wconf 84' lang='lat' dir='ltr'><strong>ex</strong></span> <span class='ocrx_word' id='word_1_117' title='bbox 2360 1152 2557 1221; x_wconf 89' lang='lat' dir='ltr'><strong>quibus</strong></span> <span class='ocrx_word' id='word_1_118' title='bbox 2602 1150 2906 1221; x_wconf 82' lang='lat' dir='ltr'><strong>Philippus,</strong></span> <span class='ocrx_word' id='word_1_119' title='bbox 2945 1162 3227 1219; x_wconf 80' lang='lat' dir='ltr'><strong>postquam</strong></span> <span class='ocrx_word' id='word_1_120' title='bbox 3269 1169 3484 1207; x_wconf 85' lang='lat' dir='ltr'><strong>omnem</strong></span> 
     </span>
    </p>
   </div>
   <div class='ocr_carea' id='block_1_10' title="bbox 216 1248 3489 1321">
    <p class='ocr_par' dir='ltr' id='par_1_10' title="bbox 216 1248 3489 1321">
     <span class='ocr_line' id='line_1_10' title="bbox 216 1248 3489 1321; baseline -0 -19"><span class='ocrx_word' id='word_1_121' title='bbox 216 1252 332 1303; x_wconf 90' lang='lat' dir='ltr'><strong>fere</strong></span> <span class='ocrx_word' id='word_1_122' title='bbox 391 1251 669 1321; x_wconf 82' lang='lat' dir='ltr'><strong>Scythiam</strong></span> <span class='ocrx_word' id='word_1_123' title='bbox 708 1252 771 1304; x_wconf 88' lang='lat' dir='ltr'><strong>ad</strong></span> <span class='ocrx_word' id='word_1_124' title='bbox 825 1254 980 1305; x_wconf 82' lang='lat' dir='ltr'><strong>[idem</strong></span> <span class='ocrx_word' id='word_1_125' title='bbox 1017 1252 1216 1305; x_wconf 85' lang='lat' dir='ltr'><strong>Christi</strong></span> <span class='ocrx_word' id='word_1_126' title='bbox 1255 1252 1634 1313; x_wconf 72' lang='lat' dir='ltr'><strong>convertisset,</strong></span> <span class='ocrx_word' id='word_1_127' title='bbox 1681 1252 1821 1320; x_wconf 87' lang='lat' dir='ltr'><strong>apud</strong></span> <span class='ocrx_word' id='word_1_128' title='bbox 1856 1249 2180 1316; x_wconf 85' lang='lat' dir='ltr'><strong>Hierapolim</strong></span> <span class='ocrx_word' id='word_1_129' title='bbox 2214 1248 2353 1301; x_wconf 69' lang='lat' dir='ltr'><strong>Asia:</strong></span> <span class='ocrx_word' id='word_1_130' title='bbox 2388 1248 2683 1310; x_wconf 80' lang='lat' dir='ltr'><strong>civitatem,</strong></span> <span class='ocrx_word' id='word_1_131' title='bbox 2724 1250 2872 1300; x_wconf 86' lang='lat' dir='ltr'><strong>cruci</strong></span> <span class='ocrx_word' id='word_1_132' title='bbox 2897 1250 3108 1310; x_wconf 68' lang='lat' dir='ltr'><strong>aliixus,</strong></span> <span class='ocrx_word' id='word_1_133' title='bbox 3132 1257 3185 1302; x_wconf 90' lang='lat' dir='ltr'><strong>et</strong></span> <span class='ocrx_word' id='word_1_134' title='bbox 3222 1249 3489 1315; x_wconf 80' lang='lat' dir='ltr'><strong>lapidibus</strong></span> 
     </span>
    </p>
   </div>
   <div class='ocr_carea' id='block_1_11' title="bbox 216 1342 3484 1416">
    <p class='ocr_par' dir='ltr' id='par_1_11' title="bbox 216 1342 3484 1416">
     <span class='ocr_line' id='line_1_11' title="bbox 216 1342 3484 1416; baseline 0 -21"><span class='ocrx_word' id='word_1_135' title='bbox 216 1344 476 1408; x_wconf 89' lang='lat' dir='ltr'><strong>obrutus,</strong></span> <span class='ocrx_word' id='word_1_136' title='bbox 510 1346 750 1415; x_wconf 89' lang='lat' dir='ltr'><strong>glorioso</strong></span> <span class='ocrx_word' id='word_1_137' title='bbox 781 1346 889 1400; x_wconf 85' lang='lat' dir='ltr'><strong>line</strong></span> <span class='ocrx_word' id='word_1_138' title='bbox 922 1346 1147 1416; x_wconf 87' lang='lat' dir='ltr'><strong>quievit.</strong></span> <span class='ocrx_word' id='word_1_139' title='bbox 1187 1365 1205 1398; x_wconf 74' lang='grc' dir='ltr'><strong><em>ι</em></strong></span> <span class='ocrx_word' id='word_1_140' title='bbox 1243 1345 1368 1400; x_wconf 64' lang='grc' dir='ltr'><strong>Ηκο</strong></span> <span class='ocrx_word' id='word_1_141' title='bbox 1395 1347 1490 1413; x_wconf 77' lang='lat' dir='ltr'><strong>ibi,</strong></span> <span class='ocrx_word' id='word_1_142' title='bbox 1525 1346 1719 1415; x_wconf 87' lang='lat' dir='ltr'><strong>quibus</strong></span> <span class='ocrx_word' id='word_1_143' title='bbox 1746 1346 1941 1399; x_wconf 87' lang='lat' dir='ltr'><strong>similia</strong></span> <span class='ocrx_word' id='word_1_144' title='bbox 1972 1344 2024 1397; x_wconf 90' lang='lat' dir='ltr'><strong>in</strong></span> <span class='ocrx_word' id='word_1_145' title='bbox 2063 1361 2159 1399; x_wconf 90' lang='lat' dir='ltr'><strong>suo</strong></span> <span class='ocrx_word' id='word_1_146' title='bbox 2189 1343 2570 1415; x_wconf 83' lang='lat' dir='ltr'><strong>Martyrologio</strong></span> <span class='ocrx_word' id='word_1_147' title='bbox 2610 1346 2774 1397; x_wconf 81' lang='lat' dir='ltr'><strong>tradit</strong></span> <span class='ocrx_word' id='word_1_148' title='bbox 2805 1342 3134 1407; x_wconf 71' lang='lat' dir='ltr'><strong>Galesinius,</strong></span> <span class='ocrx_word' id='word_1_149' title='bbox 3164 1345 3231 1398; x_wconf 87' lang='lat' dir='ltr'><strong>At</strong></span> <span class='ocrx_word' id='word_1_150' title='bbox 3262 1345 3484 1398; x_wconf 80' lang='lat' dir='ltr'><strong>Mauro-</strong></span> 
     </span>
    </p>
   </div>
   <div class='ocr_carea' id='block_1_12' title="bbox 216 1437 3485 1509">
    <p class='ocr_par' dir='ltr' id='par_1_12' title="bbox 216 1437 3485 1509">
     <span class='ocr_line' id='line_1_12' title="bbox 216 1437 3485 1509; baseline -0 -17"><span class='ocrx_word' id='word_1_151' title='bbox 216 1441 374 1509; x_wconf 87' lang='lat' dir='ltr'><strong>lyens</strong></span> <span class='ocrx_word' id='word_1_152' title='bbox 411 1441 695 1504; x_wconf 85' lang='lat' dir='ltr'><strong>aliquanto</strong></span> <span class='ocrx_word' id='word_1_153' title='bbox 730 1440 886 1507; x_wconf 88' lang='lat' dir='ltr'><strong>plura</strong></span> <span class='ocrx_word' id='word_1_154' title='bbox 925 1443 1281 1502; x_wconf 88' lang='lat' dir='ltr'><strong>interserens,</strong></span> <span class='ocrx_word' id='word_1_155' title='bbox 1317 1460 1333 1492; x_wconf 74' lang='grc' dir='ltr'>ί</span> <span class='ocrx_word' id='word_1_156' title='bbox 1376 1441 1585 1505; x_wconf 81' lang='lat' dir='ltr'><strong>Natale,</strong></span> <span class='ocrx_word' id='word_1_157' title='bbox 1619 1441 1813 1509; x_wconf 90' lang='lat' dir='ltr'><strong>inquit,</strong></span> <span class='ocrx_word' id='word_1_158' title='bbox 1854 1442 2133 1492; x_wconf 85' lang='lat' dir='ltr'><strong>beatorum</strong></span> <span class='ocrx_word' id='word_1_159' title='bbox 2169 1441 2533 1507; x_wconf 72' lang='lat' dir='ltr'><strong>apostolorum</strong></span> <span class='ocrx_word' id='word_1_160' title='bbox 2581 1437 2814 1506; x_wconf 84' lang='lat' dir='ltr'><strong>Philippi</strong></span> <span class='ocrx_word' id='word_1_161' title='bbox 2849 1448 2906 1492; x_wconf 92' lang='lat' dir='ltr'><strong>et</strong></span> <span class='ocrx_word' id='word_1_162' title='bbox 2934 1437 3141 1501; x_wconf 83' lang='lat' dir='ltr'><strong>Jacobi,</strong></span> <span class='ocrx_word' id='word_1_163' title='bbox 3171 1456 3239 1494; x_wconf 81' lang='lat' dir='ltr'><strong>ex</strong></span> <span class='ocrx_word' id='word_1_164' title='bbox 3285 1441 3485 1508; x_wconf 89' lang='lat' dir='ltr'><strong>quibus</strong></span> 
     </span>
    </p>
   </div>
   <div class='ocr_carea' id='block_1_13' title="bbox 214 1531 3483 1607">
    <p class='ocr_par' dir='ltr' id='par_1_13' title="bbox 214 1531 3483 1607">
     <span class='ocr_line' id='line_1_13' title="bbox 214 1531 3483 1607; baseline -0.001 -22"><span class='ocrx_word' id='word_1_165' title='bbox 214 1533 517 1602; x_wconf 70' lang='lat' dir='ltr'><strong>Philippus,</strong></span> <span class='ocrx_word' id='word_1_166' title='bbox 550 1546 834 1603; x_wconf 86' lang='lat' dir='ltr'><strong>postquam</strong></span> <span class='ocrx_word' id='word_1_167' title='bbox 872 1535 1149 1607; x_wconf 82' lang='lat' dir='ltr'><strong>Scythiam</strong></span> <span class='ocrx_word' id='word_1_168' title='bbox 1177 1536 1241 1588; x_wconf 90' lang='lat' dir='ltr'><strong>ad</strong></span> <span class='ocrx_word' id='word_1_169' title='bbox 1273 1534 1429 1587; x_wconf 84' lang='lat' dir='ltr'><strong>fidem</strong></span> <span class='ocrx_word' id='word_1_170' title='bbox 1459 1535 1661 1588; x_wconf 84' lang='lat' dir='ltr'><strong>Christi</strong></span> <span class='ocrx_word' id='word_1_171' title='bbox 1697 1535 1982 1598; x_wconf 88' lang='lat' dir='ltr'><strong>convertit,</strong></span> <span class='ocrx_word' id='word_1_172' title='bbox 2015 1533 2102 1585; x_wconf 91' lang='lat' dir='ltr'><strong>ubi</strong></span> <span class='ocrx_word' id='word_1_173' title='bbox 2145 1534 2357 1600; x_wconf 89' lang='lat' dir='ltr'><strong>dejecto</strong></span> <span class='ocrx_word' id='word_1_174' title='bbox 2387 1531 2575 1587; x_wconf 83' lang='lat' dir='ltr'><strong>Martis</strong></span> <span class='ocrx_word' id='word_1_175' title='bbox 2609 1533 2902 1586; x_wconf 74' lang='lat' dir='ltr'><strong>simulacro</strong></span> <span class='ocrx_word' id='word_1_176' title='bbox 2938 1541 3192 1586; x_wconf 75' lang='lat' dir='ltr'><strong>erexerat</strong></span> <span class='ocrx_word' id='word_1_177' title='bbox 3239 1548 3483 1595; x_wconf 82' lang='lat' dir='ltr'><strong>erucem,</strong></span> 
     </span>
    </p>
   </div>
   <div class='ocr_carea' id='block_1_14' title="bbox 218 1623 3482 1697">
    <p class='ocr_par' dir='ltr' id='par_1_14' title="bbox 218 1623 3482 1697">
     <span class='ocr_line' id='line_1_14' title="bbox 218 1623 3482 1697; baseline -0.002 -17"><span class='ocrx_word' id='word_1_178' title='bbox 218 1638 273 1680; x_wconf 83' lang='lat' dir='ltr'><strong>et</strong></span> <span class='ocrx_word' id='word_1_179' title='bbox 318 1642 648 1682; x_wconf 87' lang='lat' dir='ltr'><strong>venenosum</strong></span> <span class='ocrx_word' id='word_1_180' title='bbox 679 1630 977 1683; x_wconf 82' lang='lat' dir='ltr'><strong>draconem</strong></span> <span class='ocrx_word' id='word_1_181' title='bbox 1014 1629 1434 1689; x_wconf 84' lang='lat' dir='ltr'><strong>exterminarat;</strong></span> <span class='ocrx_word' id='word_1_182' title='bbox 1481 1629 1619 1697; x_wconf 89' lang='lat' dir='ltr'><strong>apud</strong></span> <span class='ocrx_word' id='word_1_183' title='bbox 1659 1625 1987 1694; x_wconf 86' lang='lat' dir='ltr'><strong>Hierapolim</strong></span> <span class='ocrx_word' id='word_1_184' title='bbox 2033 1626 2307 1679; x_wconf 89' lang='lat' dir='ltr'><strong>civitatem</strong></span> <span class='ocrx_word' id='word_1_185' title='bbox 2340 1626 2481 1679; x_wconf 70' lang='lat' dir='ltr'><strong>Asiae</strong></span> <span class='ocrx_word' id='word_1_186' title='bbox 2531 1625 2765 1693; x_wconf 83' lang='lat' dir='ltr'><strong>glorioso</strong></span> <span class='ocrx_word' id='word_1_187' title='bbox 2820 1625 2925 1678; x_wconf 89' lang='lat' dir='ltr'><strong>line</strong></span> <span class='ocrx_word' id='word_1_188' title='bbox 2966 1623 3216 1691; x_wconf 85' lang='lat' dir='ltr'><strong>quievit:</strong></span> <span class='ocrx_word' id='word_1_189' title='bbox 3256 1625 3368 1677; x_wconf 90' lang='lat' dir='ltr'><strong>sive</strong></span> <span class='ocrx_word' id='word_1_190' title='bbox 3416 1628 3482 1677; x_wconf 87' lang='lat' dir='ltr'><strong>ab</strong></span> 
     </span>
    </p>
   </div>
   <div class='ocr_carea' id='block_1_15' title="bbox 214 1716 3483 1792">
    <p class='ocr_par' dir='ltr' id='par_1_15' title="bbox 214 1716 3483 1792">
     <span class='ocr_line' id='line_1_15' title="bbox 214 1716 3483 1792; baseline 0.001 -23"><span class='ocrx_word' id='word_1_191' title='bbox 214 1716 483 1773; x_wconf 85' lang='lat' dir='ltr'><strong>Ebionitis</strong></span> <span class='ocrx_word' id='word_1_192' title='bbox 513 1722 657 1776; x_wconf 81' lang='lat' dir='ltr'><strong>cruci</strong></span> <span class='ocrx_word' id='word_1_193' title='bbox 692 1720 880 1776; x_wconf 79' lang='lat' dir='ltr'><strong>aﬂixus</strong></span> <span class='ocrx_word' id='word_1_194' title='bbox 913 1734 965 1777; x_wconf 92' lang='lat' dir='ltr'><strong>et</strong></span> <span class='ocrx_word' id='word_1_195' title='bbox 993 1724 1258 1791; x_wconf 83' lang='lat' dir='ltr'><strong>lapidatus</strong></span> <span class='ocrx_word' id='word_1_196' title='bbox 1288 1724 1542 1778; x_wconf 81' lang='lat' dir='ltr'><strong>occubuit</strong></span> <span class='ocrx_word' id='word_1_197' title='bbox 1573 1741 1584 1775; x_wconf 92' lang='lat'>:</span> <span class='ocrx_word' id='word_1_198' title='bbox 1613 1722 1764 1792; x_wconf 80' lang='lat' dir='ltr'><strong>juxta</strong></span> <span class='ocrx_word' id='word_1_199' title='bbox 1794 1736 1955 1790; x_wconf 87' lang='lat' dir='ltr'><strong>quem</strong></span> <span class='ocrx_word' id='word_1_200' title='bbox 2004 1722 2124 1774; x_wconf 85' lang='lat' dir='ltr'><strong>duae</strong></span> <span class='ocrx_word' id='word_1_201' title='bbox 2170 1719 2290 1773; x_wconf 67' lang='lat' dir='ltr'><strong>lilia:</strong></span> <span class='ocrx_word' id='word_1_202' title='bbox 2347 1721 2466 1789; x_wconf 83' lang='lat' dir='ltr'><strong>ejus</strong></span> <span class='ocrx_word' id='word_1_203' title='bbox 2504 1722 2743 1788; x_wconf 83' lang='lat' dir='ltr'><strong>virgines</strong></span> <span class='ocrx_word' id='word_1_204' title='bbox 2794 1721 3071 1774; x_wconf 75' lang='lat' dir='ltr'><strong>lumulalae</strong></span> <span class='ocrx_word' id='word_1_205' title='bbox 3123 1731 3275 1784; x_wconf 88' lang='lat' dir='ltr'><strong>sunt;</strong></span> <span class='ocrx_word' id='word_1_206' title='bbox 3326 1721 3483 1775; x_wconf 83' lang='lat' dir='ltr'><strong>tertia</strong></span> 
     </span>
    </p>
   </div>
   <div class='ocr_carea' id='block_1_16' title="bbox 216 1809 3480 1887">
    <p class='ocr_par' dir='ltr' id='par_1_16' title="bbox 216 1809 3480 1887">
     <span class='ocr_line' id='line_1_16' title="bbox 216 1809 3480 1887; baseline 0.002 -24"><span class='ocrx_word' id='word_1_207' title='bbox 216 1809 414 1878; x_wconf 77' lang='lat' dir='ltr'><strong>Ephesi</strong></span> <span class='ocrx_word' id='word_1_208' title='bbox 444 1814 609 1883; x_wconf 72' lang='lat' dir='ltr'><strong>jacet.</strong></span> <span class='ocrx_word' id='word_1_209' title='bbox 650 1833 665 1865; x_wconf 78' lang='grc' dir='ltr'><strong>ι</strong></span> <span class='ocrx_word' id='word_1_210' title='bbox 701 1812 823 1870; x_wconf 73' lang='lat' dir='ltr'><strong>Haec</strong></span> <span class='ocrx_word' id='word_1_211' title='bbox 858 1815 1196 1887; x_wconf 82' lang='lat' dir='ltr'><strong>Maurolycus</strong></span> <span class='ocrx_word' id='word_1_212' title='bbox 1235 1835 1248 1870; x_wconf 92' lang='lat'>:</span> <span class='ocrx_word' id='word_1_213' title='bbox 1285 1826 1483 1884; x_wconf 74' lang='lat' dir='ltr'><strong>prmter</strong></span> <span class='ocrx_word' id='word_1_214' title='bbox 1512 1831 1632 1885; x_wconf 68' lang='lat' dir='ltr'><strong>qum</strong></span> <span class='ocrx_word' id='word_1_215' title='bbox 1663 1815 2052 1869; x_wconf 88' lang='lat' dir='ltr'><strong>Constantinus</strong></span> <span class='ocrx_word' id='word_1_216' title='bbox 2076 1812 2311 1869; x_wconf 81' lang='lat' dir='ltr'><strong>Felirius</strong></span> <span class='ocrx_word' id='word_1_217' title='bbox 2344 1813 2596 1867; x_wconf 79' lang='lat' dir='ltr'><strong>nortuulla</strong></span> <span class='ocrx_word' id='word_1_218' title='bbox 2632 1814 2823 1868; x_wconf 89' lang='lat' dir='ltr'><strong>miscet</strong></span> <span class='ocrx_word' id='word_1_219' title='bbox 2861 1829 2925 1867; x_wconf 81' lang='lat' dir='ltr'><strong>ex</strong></span> <span class='ocrx_word' id='word_1_220' title='bbox 2965 1814 3116 1867; x_wconf 82' lang='lat' dir='ltr'><strong>Actis</strong></span> <span class='ocrx_word' id='word_1_221' title='bbox 3158 1812 3386 1878; x_wconf 75' lang='lat' dir='ltr'><strong>Grrccis,</strong></span> <span class='ocrx_word' id='word_1_222' title='bbox 3414 1814 3480 1869; x_wconf 88' lang='lat' dir='ltr'><strong>de</strong></span> 
     </span>
    </p>
   </div>
   <div class='ocr_carea' id='block_1_17' title="bbox 211 1906 853 1978">
    <p class='ocr_par' dir='ltr' id='par_1_17' title="bbox 211 1906 853 1978">
     <span class='ocr_line' id='line_1_17' title="bbox 211 1906 853 1978; baseline 0.019 -24"><span class='ocrx_word' id='word_1_223' title='bbox 211 1906 415 1974; x_wconf 75' lang='lat' dir='ltr'><strong>quibus</strong></span> <span class='ocrx_word' id='word_1_224' title='bbox 447 1924 569 1962; x_wconf 79' lang='lat' dir='ltr'><strong>mox</strong></span> <span class='ocrx_word' id='word_1_225' title='bbox 602 1926 853 1978; x_wconf 80' lang='lat' dir='ltr'><strong>agemus.</strong></span> 
     </span>
    </p>
   </div>
   <div class='ocr_carea' id='block_1_18' title="bbox 283 1988 3485 2073">
    <p class='ocr_par' dir='ltr' id='par_1_18' title="bbox 283 1988 3485 2073">
     <span class='ocr_line' id='line_1_18' title="bbox 283 1988 3485 2073; baseline 0.002 -23"><span class='ocrx_word' id='word_1_226' title='bbox 283 2000 336 2050; x_wconf 84' lang='grc'><strong>5.</strong></span> <span class='ocrx_word' id='word_1_227' title='bbox 378 1999 599 2054; x_wconf 79' lang='lat' dir='ltr'><strong>Vocatio</strong></span> <span class='ocrx_word' id='word_1_228' title='bbox 634 2002 863 2073; x_wconf 88' lang='lat' dir='ltr'><strong>Philippi</strong></span> <span class='ocrx_word' id='word_1_229' title='bbox 918 2004 981 2057; x_wconf 91' lang='lat' dir='ltr'><strong>ad</strong></span> <span class='ocrx_word' id='word_1_230' title='bbox 1017 2004 1375 2071; x_wconf 88' lang='lat' dir='ltr'><strong>apostolatum</strong></span> <span class='ocrx_word' id='word_1_231' title='bbox 1416 2003 1691 2056; x_wconf 87' lang='lat' dir='ltr'><strong>nonnullis</strong></span> <span class='ocrx_word' id='word_1_232' title='bbox 1731 2004 1895 2057; x_wconf 87' lang='lat' dir='ltr'><strong>etiam</strong></span> <span class='ocrx_word' id='word_1_233' title='bbox 1934 2000 2107 2054; x_wconf 83' lang='lat' dir='ltr'><strong>Fastis</strong></span> <span class='ocrx_word' id='word_1_234' title='bbox 2147 2003 2210 2053; x_wconf 91' lang='lat' dir='ltr'><strong>ad</strong></span> <span class='ocrx_word' id='word_1_235' title='bbox 2242 2000 2311 2053; x_wconf 69' lang='lat'><strong>‘28</strong></span> <span class='ocrx_word' id='word_1_236' title='bbox 2369 2000 2649 2055; x_wconf 85' lang='lat' dir='ltr'><strong>Februarii</strong></span> <span class='ocrx_word' id='word_1_237' title='bbox 2696 1988 2986 2055; x_wconf 64' lang='lat' dir='ltr'><strong>dseribitur</strong></span> <span class='ocrx_word' id='word_1_238' title='bbox 3024 2018 3036 2054; x_wconf 92' lang='lat'>:</span> <span class='ocrx_word' id='word_1_239' title='bbox 3101 2000 3194 2055; x_wconf 84' lang='lat' dir='ltr'><strong>sed</strong></span> <span class='ocrx_word' id='word_1_240' title='bbox 3258 2004 3360 2055; x_wconf 84' lang='lat' dir='ltr'><strong>ista</strong></span> <span class='ocrx_word' id='word_1_241' title='bbox 3418 2015 3485 2055; x_wconf 73' lang='lat' dir='ltr'><strong>sx</strong></span> 
     </span>
    </p>
   </div>
   <div class='ocr_carea' id='block_1_19' title="bbox 212 2082 3476 2165">
    <p class='ocr_par' dir='ltr' id='par_1_19' title="bbox 212 2082 3476 2165">
     <span class='ocr_line' id='line_1_19' title="bbox 212 2082 3476 2165; baseline 0.001 -22"><span class='ocrx_word' id='word_1_242' title='bbox 212 2118 224 2153; x_wconf 82' lang='grc' dir='ltr'><strong>ι</strong></span> <span class='ocrx_word' id='word_1_243' title='bbox 270 2092 357 2145; x_wconf 90' lang='lat' dir='ltr'><strong>die</strong></span> <span class='ocrx_word' id='word_1_244' title='bbox 392 2092 512 2146; x_wconf 78' lang='lat' dir='ltr'><strong>Maii</strong></span> <span class='ocrx_word' id='word_1_245' title='bbox 544 2095 703 2149; x_wconf 82' lang='lat' dir='ltr'><strong>latius</strong></span> <span class='ocrx_word' id='word_1_246' title='bbox 730 2097 1041 2151; x_wconf 89' lang='lat' dir='ltr'><strong>deducenda</strong></span> <span class='ocrx_word' id='word_1_247' title='bbox 1086 2097 1255 2159; x_wconf 90' lang='lat' dir='ltr'><strong>fuere,</strong></span> <span class='ocrx_word' id='word_1_248' title='bbox 1282 2106 1340 2151; x_wconf 92' lang='lat' dir='ltr'><strong>ut</strong></span> <span class='ocrx_word' id='word_1_249' title='bbox 1384 2099 1467 2150; x_wconf 86' lang='lat' dir='ltr'><strong>via</strong></span> <span class='ocrx_word' id='word_1_250' title='bbox 1503 2107 1838 2151; x_wconf 87' lang='lat' dir='ltr'><strong>sterneretur</strong></span> <span class='ocrx_word' id='word_1_251' title='bbox 1872 2096 1936 2152; x_wconf 89' lang='lat' dir='ltr'><strong>ad</strong></span> <span class='ocrx_word' id='word_1_252' title='bbox 1982 2106 2099 2150; x_wconf 87' lang='lat' dir='ltr'><strong>acta</strong></span> <span class='ocrx_word' id='word_1_253' title='bbox 2140 2093 2350 2157; x_wconf 84' lang='lat' dir='ltr'><strong>Latina,</strong></span> <span class='ocrx_word' id='word_1_254' title='bbox 2382 2095 2554 2161; x_wconf 88' lang='lat' dir='ltr'><strong>primo</strong></span> <span class='ocrx_word' id='word_1_255' title='bbox 2584 2095 2701 2149; x_wconf 89' lang='lat' dir='ltr'><strong>loco</strong></span> <span class='ocrx_word' id='word_1_256' title='bbox 2736 2096 2934 2159; x_wconf 85' lang='lat' dir='ltr'><strong>danda,</strong></span> <span class='ocrx_word' id='word_1_257' title='bbox 2965 2095 3015 2148; x_wconf 91' lang='lat' dir='ltr'><strong>in</strong></span> <span class='ocrx_word' id='word_1_258' title='bbox 3051 2095 3250 2165; x_wconf 89' lang='lat' dir='ltr'><strong>quibus</strong></span> <span class='ocrx_word' id='word_1_259' title='bbox 3274 2082 3476 2147; x_wconf 81' lang='lat' dir='ltr'><strong>omnia</strong></span> 
     </span>
    </p>
   </div>
   <div class='ocr_carea' id='block_1_20' title="bbox 210 2182 3487 2260">
    <p class='ocr_par' dir='ltr' id='par_1_20' title="bbox 210 2182 3487 2260">
     <span class='ocr_line' id='line_1_20' title="bbox 210 2182 3487 2260; baseline 0.002 -28"><span class='ocrx_word' id='word_1_260' title='bbox 210 2182 586 2251; x_wconf 81' lang='lat' dir='ltr'><strong>cmttineutur,</strong></span> <span class='ocrx_word' id='word_1_261' title='bbox 621 2203 739 2256; x_wconf 61' lang='lat' dir='ltr'><strong>quae</strong></span> <span class='ocrx_word' id='word_1_262' title='bbox 769 2190 819 2241; x_wconf 90' lang='lat' dir='ltr'><strong>in</strong></span> <span class='ocrx_word' id='word_1_263' title='bbox 849 2191 1029 2244; x_wconf 84' lang='lat' dir='ltr'><strong>citatis</strong></span> <span class='ocrx_word' id='word_1_264' title='bbox 1065 2189 1467 2260; x_wconf 77' lang='lat' dir='ltr'><strong>Martyrologiis</strong></span> <span class='ocrx_word' id='word_1_265' title='bbox 1495 2191 1853 2259; x_wconf 73' lang='lat' dir='ltr'><strong>attingnntur.</strong></span> <span class='ocrx_word' id='word_1_266' title='bbox 1884 2189 2082 2242; x_wconf 80' lang='lat' dir='ltr'><strong>Eadem</strong></span> <span class='ocrx_word' id='word_1_267' title='bbox 2110 2190 2243 2241; x_wconf 89' lang='lat' dir='ltr'><strong>Acta</strong></span> <span class='ocrx_word' id='word_1_268' title='bbox 2279 2189 2543 2241; x_wconf 84' lang='lat' dir='ltr'><strong>habemus</strong></span> <span class='ocrx_word' id='word_1_269' title='bbox 2572 2188 2624 2241; x_wconf 85' lang='lat' dir='ltr'><strong>in</strong></span> <span class='ocrx_word' id='word_1_270' title='bbox 2669 2188 2837 2241; x_wconf 88' lang='lat' dir='ltr'><strong>tribtts</strong></span> <span class='ocrx_word' id='word_1_271' title='bbox 2870 2189 3173 2241; x_wconf 85' lang='lat' dir='ltr'><strong>illustribus</strong></span> <span class='ocrx_word' id='word_1_272' title='bbox 3207 2189 3487 2243; x_wconf 74' lang='lat' dir='ltr'><strong>codicibus</strong></span> 
     </span>
    </p>
   </div>
   <div class='ocr_carea' id='block_1_21' title="bbox 213 2278 3486 2355">
    <p class='ocr_par' dir='ltr' id='par_1_21' title="bbox 213 2278 3486 2355">
     <span class='ocr_line' id='line_1_21' title="bbox 213 2278 3486 2355; baseline 0.002 -28"><span class='ocrx_word' id='word_1_273' title='bbox 213 2278 437 2340; x_wconf 89' lang='lat' dir='ltr'><strong>nostris,</strong></span> <span class='ocrx_word' id='word_1_274' title='bbox 472 2296 702 2348; x_wconf 88' lang='lat' dir='ltr'><strong>quorum</strong></span> <span class='ocrx_word' id='word_1_275' title='bbox 738 2283 936 2351; x_wconf 83' lang='lat' dir='ltr'><strong>aliquis</strong></span> <span class='ocrx_word' id='word_1_276' title='bbox 971 2296 1098 2339; x_wconf 90' lang='lat' dir='ltr'><strong>ante</strong></span> <span class='ocrx_word' id='word_1_277' title='bbox 1130 2289 1473 2355; x_wconf 77' lang='lat' dir='ltr'><strong>octingentos</strong></span> <span class='ocrx_word' id='word_1_278' title='bbox 1504 2301 1673 2340; x_wconf 85' lang='lat' dir='ltr'><strong>annos</strong></span> <span class='ocrx_word' id='word_1_279' title='bbox 1710 2285 1918 2337; x_wconf 86' lang='lat' dir='ltr'><strong>videtur</strong></span> <span class='ocrx_word' id='word_1_280' title='bbox 1950 2294 2227 2336; x_wconf 71' lang='lat' dir='ltr'><strong>exaratos.</strong></span> <span class='ocrx_word' id='word_1_281' title='bbox 2265 2283 2529 2336; x_wconf 66' lang='lat' dir='ltr'><strong>Prmterea</strong></span> <span class='ocrx_word' id='word_1_282' title='bbox 2561 2285 2871 2351; x_wconf 75' lang='lat' dir='ltr'><strong>accepimus</strong></span> <span class='ocrx_word' id='word_1_283' title='bbox 2895 2283 3083 2336; x_wconf 87' lang='lat' dir='ltr'><strong>eadem</strong></span> <span class='ocrx_word' id='word_1_284' title='bbox 3121 2282 3390 2350; x_wconf 89' lang='lat' dir='ltr'><strong>descripta</strong></span> <span class='ocrx_word' id='word_1_285' title='bbox 3418 2298 3486 2341; x_wconf 76' lang='lat' dir='ltr'><strong>ex</strong></span> 
     </span>
    </p>
   </div>
   <div class='ocr_carea' id='block_1_22' title="bbox 214 2372 3483 2446">
    <p class='ocr_par' dir='ltr' id='par_1_22' title="bbox 214 2372 3483 2446">
     <span class='ocr_line' id='line_1_22' title="bbox 214 2372 3483 2446; baseline 0.003 -26"><span class='ocrx_word' id='word_1_286' title='bbox 214 2372 445 2425; x_wconf 84' lang='lat' dir='ltr'><strong>vetustis</strong></span> <span class='ocrx_word' id='word_1_287' title='bbox 480 2375 761 2430; x_wconf 86' lang='lat' dir='ltr'><strong>codicibus</strong></span> <span class='ocrx_word' id='word_1_288' title='bbox 815 2378 1127 2433; x_wconf 88' lang='lat' dir='ltr'><strong>Trevirensi</strong></span> <span class='ocrx_word' id='word_1_289' title='bbox 1168 2380 1225 2433; x_wconf 93' lang='grc'><strong>5.</strong></span> <span class='ocrx_word' id='word_1_290' title='bbox 1263 2378 1508 2443; x_wconf 81' lang='lat' dir='ltr'><strong>Martini,</strong></span> <span class='ocrx_word' id='word_1_291' title='bbox 1548 2378 1743 2446; x_wconf 87' lang='lat' dir='ltr'><strong>duplici</strong></span> <span class='ocrx_word' id='word_1_292' title='bbox 1778 2377 2175 2430; x_wconf 85' lang='lat' dir='ltr'><strong>Audomarensi</strong></span> <span class='ocrx_word' id='word_1_293' title='bbox 2212 2375 2469 2429; x_wconf 75' lang='lat' dir='ltr'><strong>Ecclesia:</strong></span> <span class='ocrx_word' id='word_1_294' title='bbox 2515 2376 2863 2436; x_wconf 83' lang='lat' dir='ltr'><strong>cathedralis.</strong></span> <span class='ocrx_word' id='word_1_295' title='bbox 2911 2374 3263 2445; x_wconf 83' lang='lat' dir='ltr'><strong>Ultrajcctino</strong></span> <span class='ocrx_word' id='word_1_296' title='bbox 3301 2376 3483 2430; x_wconf 82' lang='lat' dir='ltr'><strong>cccle-</strong></span> 
     </span>
    </p>
   </div>
   <div class='ocr_carea' id='block_1_23' title="bbox 211 2464 3487 2539">
    <p class='ocr_par' dir='ltr' id='par_1_23' title="bbox 211 2464 3487 2539">
     <span class='ocr_line' id='line_1_23' title="bbox 211 2464 3487 2539; baseline 0.001 -20"><span class='ocrx_word' id='word_1_297' title='bbox 211 2464 306 2519; x_wconf 70' lang='lat' dir='ltr'><strong>siae</strong></span> <span class='ocrx_word' id='word_1_298' title='bbox 351 2465 411 2521; x_wconf 89' lang='lat' dir='ltr'><strong>S.</strong></span> <span class='ocrx_word' id='word_1_299' title='bbox 450 2468 775 2537; x_wconf 86' lang='lat' dir='ltr'><strong>Salvatoris,</strong></span> <span class='ocrx_word' id='word_1_300' title='bbox 814 2471 1060 2525; x_wconf 84' lang='lat' dir='ltr'><strong>Romano</strong></span> <span class='ocrx_word' id='word_1_301' title='bbox 1095 2476 1387 2527; x_wconf 86' lang='lat' dir='ltr'><strong>cardinalis</strong></span> <span class='ocrx_word' id='word_1_302' title='bbox 1418 2474 1654 2527; x_wconf 87' lang='lat' dir='ltr'><strong>Baronii.</strong></span> <span class='ocrx_word' id='word_1_303' title='bbox 1696 2471 2011 2525; x_wconf 82' lang='lat' dir='ltr'><strong>Invenimus</strong></span> <span class='ocrx_word' id='word_1_304' title='bbox 2061 2473 2172 2539; x_wconf 91' lang='lat' dir='ltr'><strong>ipsa</strong></span> <span class='ocrx_word' id='word_1_305' title='bbox 2208 2471 2368 2523; x_wconf 89' lang='lat' dir='ltr'><strong>etiam</strong></span> <span class='ocrx_word' id='word_1_306' title='bbox 2411 2470 2465 2523; x_wconf 91' lang='lat' dir='ltr'><strong>in</strong></span> <span class='ocrx_word' id='word_1_307' title='bbox 2516 2472 2689 2523; x_wconf 91' lang='lat' dir='ltr'><strong>tribus</strong></span> <span class='ocrx_word' id='word_1_308' title='bbox 2742 2471 2940 2538; x_wconf 60' lang='lat' dir='ltr'><strong>reginae</strong></span> <span class='ocrx_word' id='word_1_309' title='bbox 2993 2465 3202 2523; x_wconf 71' lang='lat' dir='ltr'><strong>Sueeise</strong></span> <span class='ocrx_word' id='word_1_310' title='bbox 3259 2468 3487 2537; x_wconf 81' lang='lat' dir='ltr'><strong>signatis</strong></span> 
     </span>
    </p>
   </div>
   <div class='ocr_carea' id='block_1_24' title="bbox 215 2562 3481 2631">
    <p class='ocr_par' dir='ltr' id='par_1_24' title="bbox 215 2562 3481 2631">
     <span class='ocr_line' id='line_1_24' title="bbox 215 2562 3481 2631; baseline 0.001 -21"><span class='ocrx_word' id='word_1_311' title='bbox 215 2576 449 2615; x_wconf 89' lang='lat' dir='ltr'><strong>numero</strong></span> <span class='ocrx_word' id='word_1_312' title='bbox 478 2563 567 2626; x_wconf 82' lang='lat' dir='ltr'><strong>8i,</strong></span> <span class='ocrx_word' id='word_1_313' title='bbox 603 2564 709 2617; x_wconf 72' lang='grc'><strong>482</strong></span> <span class='ocrx_word' id='word_1_314' title='bbox 742 2567 800 2616; x_wconf 82' lang='lat' dir='ltr'><strong>et</strong></span> <span class='ocrx_word' id='word_1_315' title='bbox 832 2565 991 2627; x_wconf 69' lang='grc'><strong>1604,</strong></span> <span class='ocrx_word' id='word_1_316' title='bbox 1032 2565 1325 2620; x_wconf 83' lang='lat' dir='ltr'><strong>Parisiensi</strong></span> <span class='ocrx_word' id='word_1_317' title='bbox 1357 2566 1652 2624; x_wconf 86' lang='lat' dir='ltr'><strong>cardinalis</strong></span> <span class='ocrx_word' id='word_1_318' title='bbox 1684 2565 1967 2629; x_wconf 82' lang='lat' dir='ltr'><strong>Mazarini,</strong></span> <span class='ocrx_word' id='word_1_319' title='bbox 2010 2567 2277 2619; x_wconf 81' lang='lat' dir='ltr'><strong>Duacensi</strong></span> <span class='ocrx_word' id='word_1_320' title='bbox 2314 2565 2625 2619; x_wconf 83' lang='lat' dir='ltr'><strong>monasterii</strong></span> <span class='ocrx_word' id='word_1_321' title='bbox 2657 2564 3045 2631; x_wconf 83' lang='lat' dir='ltr'><strong>Aquicinctini,</strong></span> <span class='ocrx_word' id='word_1_322' title='bbox 3075 2562 3370 2617; x_wconf 87' lang='lat' dir='ltr'><strong>Bodeccnsi</strong></span> <span class='ocrx_word' id='word_1_323' title='bbox 3427 2562 3481 2617; x_wconf 88' lang='lat' dir='ltr'><strong>in</strong></span> 
     </span>
    </p>
   </div>
   <div class='ocr_carea' id='block_1_25' title="bbox 218 2648 3485 2728">
    <p class='ocr_par' dir='ltr' id='par_1_25' title="bbox 218 2648 3485 2728">
     <span class='ocr_line' id='line_1_25' title="bbox 218 2648 3485 2728; baseline 0.001 -26"><span class='ocrx_word' id='word_1_324' title='bbox 218 2648 582 2720; x_wconf 85' lang='lat' dir='ltr'><strong>Westphalia,</strong></span> <span class='ocrx_word' id='word_1_325' title='bbox 616 2665 673 2708; x_wconf 88' lang='lat' dir='ltr'><strong>et</strong></span> <span class='ocrx_word' id='word_1_326' title='bbox 711 2655 763 2707; x_wconf 91' lang='lat' dir='ltr'><strong>in</strong></span> <span class='ocrx_word' id='word_1_327' title='bbox 797 2657 988 2711; x_wconf 87' lang='lat' dir='ltr'><strong>codice</strong></span> <span class='ocrx_word' id='word_1_328' title='bbox 1015 2674 1117 2712; x_wconf 89' lang='lat' dir='ltr'><strong>ms.</strong></span> <span class='ocrx_word' id='word_1_329' title='bbox 1158 2658 1440 2728; x_wconf 80' lang='lat' dir='ltr'><strong>hOspitalis</strong></span> <span class='ocrx_word' id='word_1_330' title='bbox 1474 2658 1532 2713; x_wconf 86' lang='grc'>5,</span> <span class='ocrx_word' id='word_1_331' title='bbox 1563 2658 1767 2711; x_wconf 66' lang='lat' dir='ltr'><strong>lVieolai</strong></span> <span class='ocrx_word' id='word_1_332' title='bbox 1801 2673 1962 2726; x_wconf 87' lang='lat' dir='ltr'><strong>prope</strong></span> <span class='ocrx_word' id='word_1_333' title='bbox 1988 2657 2181 2712; x_wconf 83' lang='lat' dir='ltr'><strong>Cusam</strong></span> <span class='ocrx_word' id='word_1_334' title='bbox 2215 2675 2228 2710; x_wconf 89' lang='lat'><strong>:</strong></span> <span class='ocrx_word' id='word_1_335' title='bbox 2263 2674 2436 2725; x_wconf 88' lang='lat' dir='ltr'><strong>neque</strong></span> <span class='ocrx_word' id='word_1_336' title='bbox 2472 2658 2538 2710; x_wconf 88' lang='lat' dir='ltr'><strong>ab</strong></span> <span class='ocrx_word' id='word_1_337' title='bbox 2572 2658 2655 2710; x_wconf 87' lang='lat' dir='ltr'><strong>his</strong></span> <span class='ocrx_word' id='word_1_338' title='bbox 2694 2657 2911 2709; x_wconf 83' lang='lat' dir='ltr'><strong>diversa</strong></span> <span class='ocrx_word' id='word_1_339' title='bbox 2947 2665 3096 2720; x_wconf 80' lang='lat' dir='ltr'><strong>sunt,</strong></span> <span class='ocrx_word' id='word_1_340' title='bbox 3133 2669 3254 2723; x_wconf 68' lang='lat' dir='ltr'><strong>qure</strong></span> <span class='ocrx_word' id='word_1_341' title='bbox 3294 2655 3485 2708; x_wconf 83' lang='lat' dir='ltr'><strong>habuit</strong></span> 
     </span>
    </p>
   </div>
   <div class='ocr_carea' id='block_1_26' title="bbox 209 2747 3480 2820">
    <p class='ocr_par' dir='ltr' id='par_1_26' title="bbox 209 2747 3480 2820">
     <span class='ocr_line' id='line_1_26' title="bbox 209 2747 3480 2820; baseline 0.001 -23"><span class='ocrx_word' id='word_1_342' title='bbox 209 2756 407 2801; x_wconf 91' lang='lat' dir='ltr'><strong>auctor</strong></span> <span class='ocrx_word' id='word_1_343' title='bbox 436 2747 678 2802; x_wconf 80' lang='lat' dir='ltr'><strong>historia:</strong></span> <span class='ocrx_word' id='word_1_344' title='bbox 717 2751 783 2804; x_wconf 90' lang='lat' dir='ltr'><strong>de</strong></span> <span class='ocrx_word' id='word_1_345' title='bbox 815 2751 1195 2807; x_wconf 85' lang='lat' dir='ltr'><strong>Translatione</strong></span> <span class='ocrx_word' id='word_1_346' title='bbox 1225 2753 1430 2806; x_wconf 91' lang='lat' dir='ltr'><strong>brachii</strong></span> <span class='ocrx_word' id='word_1_347' title='bbox 1472 2753 1528 2806; x_wconf 85' lang='lat' dir='ltr'><strong>S.</strong></span> <span class='ocrx_word' id='word_1_348' title='bbox 1564 2752 1789 2820; x_wconf 82' lang='lat' dir='ltr'><strong>Philippi</strong></span> <span class='ocrx_word' id='word_1_349' title='bbox 1846 2749 2197 2805; x_wconf 78' lang='lat' dir='ltr'><strong>Florentiam.</strong></span> <span class='ocrx_word' id='word_1_350' title='bbox 2236 2750 2567 2820; x_wconf 80' lang='lat' dir='ltr'><strong>Legendaria</strong></span> <span class='ocrx_word' id='word_1_351' title='bbox 2604 2750 2646 2803; x_wconf 92' lang='lat' dir='ltr'><strong>si</strong></span> <span class='ocrx_word' id='word_1_352' title='bbox 2700 2748 2946 2802; x_wconf 87' lang='lat' dir='ltr'><strong>libuisset</strong></span> <span class='ocrx_word' id='word_1_353' title='bbox 2993 2759 3278 2814; x_wconf 80' lang='lat' dir='ltr'><strong>excutere,</strong></span> <span class='ocrx_word' id='word_1_354' title='bbox 3329 2751 3480 2817; x_wconf 88' lang='lat' dir='ltr'><strong>plura</strong></span> 
     </span>
    </p>
   </div>
   <div class='ocr_carea' id='block_1_27' title="bbox 209 2843 3484 2916">
    <p class='ocr_par' dir='ltr' id='par_1_27' title="bbox 209 2843 3484 2916">
     <span class='ocr_line' id='line_1_27' title="bbox 209 2843 3484 2916; baseline 0.002 -24"><span class='ocrx_word' id='word_1_355' title='bbox 209 2857 497 2910; x_wconf 87' lang='lat' dir='ltr'><strong>possemus</strong></span> <span class='ocrx_word' id='word_1_356' title='bbox 526 2843 774 2900; x_wconf 84' lang='lat' dir='ltr'><strong>indicare</strong></span> <span class='ocrx_word' id='word_1_357' title='bbox 803 2845 1073 2916; x_wconf 83' lang='lat' dir='ltr'><strong>exempla.</strong></span> <span class='ocrx_word' id='word_1_358' title='bbox 1097 2846 1201 2899; x_wconf 90' lang='lat' dir='ltr'><strong>Sed</strong></span> <span class='ocrx_word' id='word_1_359' title='bbox 1234 2847 1285 2898; x_wconf 91' lang='lat' dir='ltr'><strong>in</strong></span> <span class='ocrx_word' id='word_1_360' title='bbox 1319 2846 1511 2914; x_wconf 80' lang='lat' dir='ltr'><strong>primis</strong></span> <span class='ocrx_word' id='word_1_361' title='bbox 1542 2847 1909 2900; x_wconf 83' lang='lat' dir='ltr'><strong>memorabilis</strong></span> <span class='ocrx_word' id='word_1_362' title='bbox 1933 2856 2014 2899; x_wconf 87' lang='lat' dir='ltr'><strong>est</strong></span> <span class='ocrx_word' id='word_1_363' title='bbox 2040 2846 2196 2899; x_wconf 87' lang='lat' dir='ltr'><strong>nobis</strong></span> <span class='ocrx_word' id='word_1_364' title='bbox 2221 2849 2408 2898; x_wconf 82' lang='lat' dir='ltr'><strong>eadem</strong></span> <span class='ocrx_word' id='word_1_365' title='bbox 2440 2845 2570 2897; x_wconf 84' lang='lat' dir='ltr'><strong>Acta</strong></span> <span class='ocrx_word' id='word_1_366' title='bbox 2600 2845 2885 2898; x_wconf 78' lang='lat' dir='ltr'><strong>continens</strong></span> <span class='ocrx_word' id='word_1_367' title='bbox 2916 2845 3083 2898; x_wconf 79' lang='lat' dir='ltr'><strong>codex</strong></span> <span class='ocrx_word' id='word_1_368' title='bbox 3117 2856 3484 2915; x_wconf 84' lang='lat' dir='ltr'><strong>pervetustus,</strong></span> 
     </span>
    </p>
   </div>
   <div class='ocr_carea' id='block_1_28' title="bbox 209 2938 3485 3010">
    <p class='ocr_par' dir='ltr' id='par_1_28' title="bbox 209 2938 3485 3010">
     <span class='ocr_line' id='line_1_28' title="bbox 209 2938 3485 3010; baseline 0.003 -25"><span class='ocrx_word' id='word_1_369' title='bbox 209 2938 497 3003; x_wconf 81' lang='lat' dir='ltr'><strong>quadratis</strong></span> <span class='ocrx_word' id='word_1_370' title='bbox 544 2938 847 2993; x_wconf 88' lang='lat' dir='ltr'><strong>litterarum</strong></span> <span class='ocrx_word' id='word_1_371' title='bbox 884 2939 1139 2995; x_wconf 91' lang='lat' dir='ltr'><strong>ductibus</strong></span> <span class='ocrx_word' id='word_1_372' title='bbox 1171 2950 1225 2995; x_wconf 89' lang='lat' dir='ltr'><strong>et</strong></span> <span class='ocrx_word' id='word_1_373' title='bbox 1262 2940 1577 2994; x_wconf 87' lang='lat' dir='ltr'><strong>discrimine</strong></span> <span class='ocrx_word' id='word_1_374' title='bbox 1614 2940 2077 3009; x_wconf 85' lang='lat' dir='ltr'><strong>diphthongorum</strong></span> <span class='ocrx_word' id='word_1_375' title='bbox 2113 2950 2277 3007; x_wconf 86' lang='lat' dir='ltr'><strong>atque</strong></span> <span class='ocrx_word' id='word_1_376' title='bbox 2324 2942 2589 2995; x_wconf 77' lang='lat' dir='ltr'><strong>vocalium</strong></span> <span class='ocrx_word' id='word_1_377' title='bbox 2647 2948 2901 2994; x_wconf 77' lang='lat' dir='ltr'><strong>accurate</strong></span> <span class='ocrx_word' id='word_1_378' title='bbox 2936 2953 3149 2994; x_wconf 76' lang='lat' dir='ltr'><strong>servato</strong></span> <span class='ocrx_word' id='word_1_379' title='bbox 3199 2956 3485 3010; x_wconf 75' lang='lat' dir='ltr'><strong>exaratus,</strong></span> 
     </span>
    </p>
   </div>
   <div class='ocr_carea' id='block_1_29' title="bbox 208 3030 3487 3100">
    <p class='ocr_par' dir='ltr' id='par_1_29' title="bbox 208 3030 3487 3100">
     <span class='ocr_line' id='line_1_29' title="bbox 208 3030 3487 3100; baseline 0.002 -18"><span class='ocrx_word' id='word_1_380' title='bbox 208 3032 302 3098; x_wconf 88' lang='lat' dir='ltr'><strong>qui</strong></span> <span class='ocrx_word' id='word_1_381' title='bbox 358 3032 486 3083; x_wconf 89' lang='lat' dir='ltr'><strong>olim</strong></span> <span class='ocrx_word' id='word_1_382' title='bbox 543 3034 803 3100; x_wconf 85' lang='lat' dir='ltr'><strong>pertinuit</strong></span> <span class='ocrx_word' id='word_1_383' title='bbox 856 3034 923 3086; x_wconf 91' lang='lat' dir='ltr'><strong>ad</strong></span> <span class='ocrx_word' id='word_1_384' title='bbox 978 3032 1368 3087; x_wconf 87' lang='lat' dir='ltr'><strong>monasterium</strong></span> <span class='ocrx_word' id='word_1_385' title='bbox 1425 3032 1524 3087; x_wconf 84' lang='lat' dir='ltr'><strong>SS.</strong></span> <span class='ocrx_word' id='word_1_386' title='bbox 1571 3031 1714 3085; x_wconf 90' lang='lat' dir='ltr'><strong>Petri</strong></span> <span class='ocrx_word' id='word_1_387' title='bbox 1767 3045 1821 3084; x_wconf 89' lang='lat' dir='ltr'><strong>ct</strong></span> <span class='ocrx_word' id='word_1_388' title='bbox 1874 3031 2024 3084; x_wconf 86' lang='lat' dir='ltr'><strong>Pauli</strong></span> <span class='ocrx_word' id='word_1_389' title='bbox 2067 3032 2118 3084; x_wconf 91' lang='lat' dir='ltr'><strong>in</strong></span> <span class='ocrx_word' id='word_1_390' title='bbox 2161 3030 2523 3100; x_wconf 78' lang='lat' dir='ltr'><strong>Wissenburg</strong></span> <span class='ocrx_word' id='word_1_391' title='bbox 2578 3032 2831 3085; x_wconf 69' lang='lat' dir='ltr'><strong>dimensis</strong></span> <span class='ocrx_word' id='word_1_392' title='bbox 2875 3032 3173 3100; x_wconf 86' lang='lat' dir='ltr'><strong>Spirensis,</strong></span> <span class='ocrx_word' id='word_1_393' title='bbox 3228 3052 3369 3089; x_wconf 91' lang='lat' dir='ltr'><strong>nunc</strong></span> <span class='ocrx_word' id='word_1_394' title='bbox 3405 3046 3487 3090; x_wconf 63' lang='lat' dir='ltr'><strong>est</strong></span> 
     </span>
    </p>
   </div>
   <div class='ocr_carea' id='block_1_30' title="bbox 208 3124 3485 3202">
    <p class='ocr_par' dir='ltr' id='par_1_30' title="bbox 208 3124 3485 3202">
     <span class='ocr_line' id='line_1_30' title="bbox 208 3124 3485 3202; baseline 0.002 -25"><span class='ocrx_word' id='word_1_395' title='bbox 208 3125 537 3194; x_wconf 83' lang='lat' dir='ltr'><strong>amplissimi</strong></span> <span class='ocrx_word' id='word_1_396' title='bbox 571 3126 795 3180; x_wconf 84' lang='lat' dir='ltr'><strong>baronis</strong></span> <span class='ocrx_word' id='word_1_397' title='bbox 826 3126 1047 3192; x_wconf 88' lang='lat' dir='ltr'><strong>Blumii,</strong></span> <span class='ocrx_word' id='word_1_398' title='bbox 1086 3128 1287 3195; x_wconf 60' lang='lat' dir='ltr'><strong>sapius</strong></span> <span class='ocrx_word' id='word_1_399' title='bbox 1335 3142 1360 3177; x_wconf 86' lang='lat' dir='ltr'><strong>a</strong></span> <span class='ocrx_word' id='word_1_400' title='bbox 1397 3127 1555 3179; x_wconf 87' lang='lat' dir='ltr'><strong>nobis</strong></span> <span class='ocrx_word' id='word_1_401' title='bbox 1591 3128 1902 3190; x_wconf 87' lang='lat' dir='ltr'><strong>memorati,</strong></span> <span class='ocrx_word' id='word_1_402' title='bbox 1938 3127 2007 3181; x_wconf 88' lang='lat' dir='ltr'><strong>ob</strong></span> <span class='ocrx_word' id='word_1_403' title='bbox 2058 3135 2327 3180; x_wconf 85' lang='lat' dir='ltr'><strong>vetustum</strong></span> <span class='ocrx_word' id='word_1_404' title='bbox 2365 3124 2731 3198; x_wconf 71' lang='lat' dir='ltr'><strong>Martyrologii</strong></span> <span class='ocrx_word' id='word_1_405' title='bbox 2784 3127 3194 3201; x_wconf 86' lang='lat' dir='ltr'><strong>liieronymiani</strong></span> <span class='ocrx_word' id='word_1_406' title='bbox 3250 3146 3485 3202; x_wconf 85' lang='lat' dir='ltr'><strong>ap0gra-</strong></span> 
     </span>
    </p>
   </div>
   <div class='ocr_carea' id='block_1_31' title="bbox 211 3220 3485 3290">
    <p class='ocr_par' dir='ltr' id='par_1_31' title="bbox 211 3220 3485 3290">
     <span class='ocr_line' id='line_1_31' title="bbox 211 3220 3485 3290; baseline 0.002 -19"><span class='ocrx_word' id='word_1_407' title='bbox 211 3224 401 3289; x_wconf 86' lang='lat' dir='ltr'><strong>phum,</strong></span> <span class='ocrx_word' id='word_1_408' title='bbox 457 3221 596 3289; x_wconf 77' lang='lat' dir='ltr'><strong>quod</strong></span> <span class='ocrx_word' id='word_1_409' title='bbox 650 3222 765 3290; x_wconf 88' lang='lat' dir='ltr'><strong>ipse</strong></span> <span class='ocrx_word' id='word_1_410' title='bbox 796 3238 860 3276; x_wconf 83' lang='lat' dir='ltr'><strong>ex</strong></span> <span class='ocrx_word' id='word_1_411' title='bbox 921 3222 1109 3277; x_wconf 90' lang='lat' dir='ltr'><strong>eodem</strong></span> <span class='ocrx_word' id='word_1_412' title='bbox 1158 3220 1493 3274; x_wconf 88' lang='lat' dir='ltr'><strong>monasterio</strong></span> <span class='ocrx_word' id='word_1_413' title='bbox 1526 3230 1801 3289; x_wconf 87' lang='lat' dir='ltr'><strong>acceptum</strong></span> <span class='ocrx_word' id='word_1_414' title='bbox 1840 3237 1939 3289; x_wconf 86' lang='lat' dir='ltr'><strong>pro</strong></span> <span class='ocrx_word' id='word_1_415' title='bbox 1971 3236 2068 3278; x_wconf 89' lang='lat' dir='ltr'><strong>sua</strong></span> <span class='ocrx_word' id='word_1_416' title='bbox 2126 3222 2466 3276; x_wconf 84' lang='lat' dir='ltr'><strong>humanitate</strong></span> <span class='ocrx_word' id='word_1_417' title='bbox 2520 3222 2965 3277; x_wconf 88' lang='lat' dir='ltr'><strong>communicavit.</strong></span> <span class='ocrx_word' id='word_1_418' title='bbox 3003 3222 3076 3275; x_wconf 69' lang='lat' dir='ltr'><strong>Ex</strong></span> <span class='ocrx_word' id='word_1_419' title='bbox 3123 3224 3224 3279; x_wconf 92' lang='lat' dir='ltr'><strong>hoc</strong></span> <span class='ocrx_word' id='word_1_420' title='bbox 3271 3235 3485 3280; x_wconf 88' lang='lat' dir='ltr'><strong>vetusto</strong></span> 
     </span>
    </p>
   </div>
   <div class='ocr_carea' id='block_1_32' title="bbox 206 3310 3485 3383">
    <p class='ocr_par' dir='ltr' id='par_1_32' title="bbox 206 3310 3485 3383">
     <span class='ocr_line' id='line_1_32' title="bbox 206 3310 3485 3383; baseline 0.003 -20"><span class='ocrx_word' id='word_1_421' title='bbox 206 3311 399 3365; x_wconf 81' lang='lat' dir='ltr'><strong>codice</strong></span> <span class='ocrx_word' id='word_1_422' title='bbox 433 3312 566 3365; x_wconf 83' lang='lat' dir='ltr'><strong>Acta</strong></span> <span class='ocrx_word' id='word_1_423' title='bbox 604 3311 867 3367; x_wconf 84' lang='lat' dir='ltr'><strong>virtutum</strong></span> <span class='ocrx_word' id='word_1_424' title='bbox 906 3325 959 3367; x_wconf 89' lang='lat' dir='ltr'><strong>et</strong></span> <span class='ocrx_word' id='word_1_425' title='bbox 990 3315 1303 3383; x_wconf 83' lang='lat' dir='ltr'><strong>passionum</strong></span> <span class='ocrx_word' id='word_1_426' title='bbox 1339 3320 1651 3365; x_wconf 90' lang='lat' dir='ltr'><strong>sanctorum</strong></span> <span class='ocrx_word' id='word_1_427' title='bbox 1697 3310 1900 3365; x_wconf 88' lang='lat' dir='ltr'><strong>Christi</strong></span> <span class='ocrx_word' id='word_1_428' title='bbox 1936 3311 2329 3380; x_wconf 87' lang='lat' dir='ltr'><strong>apostolorum,</strong></span> <span class='ocrx_word' id='word_1_429' title='bbox 2361 3312 2657 3368; x_wconf 75' lang='lat' dir='ltr'><strong>Ileinoldus</strong></span> <span class='ocrx_word' id='word_1_430' title='bbox 2688 3315 2943 3379; x_wconf 89' lang='lat' dir='ltr'><strong>Dehnius,</strong></span> <span class='ocrx_word' id='word_1_431' title='bbox 2976 3316 3256 3372; x_wconf 84' lang='lat' dir='ltr'><strong>societatis</strong></span> <span class='ocrx_word' id='word_1_432' title='bbox 3286 3330 3485 3375; x_wconf 61' lang='lat' dir='ltr'><strong>nostra</strong></span> 
     </span>
    </p>
   </div>
   <div class='ocr_carea' id='block_1_33' title="bbox 208 3406 2377 3479">
    <p class='ocr_par' dir='ltr' id='par_1_33' title="bbox 208 3406 2377 3479">
     <span class='ocr_line' id='line_1_33' title="bbox 208 3406 2377 3479; baseline 0.005 -22"><span class='ocrx_word' id='word_1_433' title='bbox 208 3406 292 3458; x_wconf 83' lang='lat' dir='ltr'><strong>vir</strong></span> <span class='ocrx_word' id='word_1_434' title='bbox 331 3407 600 3473; x_wconf 83' lang='lat' dir='ltr'><strong>eruditus,</strong></span> <span class='ocrx_word' id='word_1_435' title='bbox 633 3408 906 3479; x_wconf 90' lang='lat' dir='ltr'><strong>descripta</strong></span> <span class='ocrx_word' id='word_1_436' title='bbox 939 3412 1091 3465; x_wconf 88' lang='lat' dir='ltr'><strong>nobis</strong></span> <span class='ocrx_word' id='word_1_437' title='bbox 1128 3410 1455 3465; x_wconf 89' lang='lat' dir='ltr'><strong>transmisit.</strong></span> <span class='ocrx_word' id='word_1_438' title='bbox 2368 3459 2377 3467; x_wconf 92' lang='lat'><strong>.</strong></span> 
     </span>
    </p>
   </div>
   <div class='ocr_carea' id='block_1_34' title="bbox 278 3502 3483 3576">
    <p class='ocr_par' dir='ltr' id='par_1_34' title="bbox 278 3502 3483 3576">
     <span class='ocr_line' id='line_1_34' title="bbox 278 3502 3483 3576; baseline 0.002 -21"><span class='ocrx_word' id='word_1_439' title='bbox 278 3502 333 3555; x_wconf 79' lang='grc'>4.</span> <span class='ocrx_word' id='word_1_440' title='bbox 370 3502 674 3571; x_wconf 74' lang='lat' dir='ltr'><strong>l&#39;rteligilur</strong></span> <span class='ocrx_word' id='word_1_441' title='bbox 724 3505 847 3557; x_wconf 88' lang='lat' dir='ltr'><strong>huic</strong></span> <span class='ocrx_word' id='word_1_442' title='bbox 897 3506 1071 3560; x_wconf 87' lang='lat' dir='ltr'><strong>codici</strong></span> <span class='ocrx_word' id='word_1_443' title='bbox 1128 3522 1148 3557; x_wconf 74' lang='lat' dir='ltr'><strong>r</strong></span> <span class='ocrx_word' id='word_1_444' title='bbox 1196 3506 1426 3575; x_wconf 85' lang='lat' dir='ltr'><strong>epistola</strong></span> <span class='ocrx_word' id='word_1_445' title='bbox 1463 3504 1751 3571; x_wconf 79' lang='lat' dir='ltr'><strong>Melitouis,</strong></span> <span class='ocrx_word' id='word_1_446' title='bbox 1808 3526 1827 3558; x_wconf 74' lang='grc' dir='ltr'><strong><em>ι</em></strong></span> <span class='ocrx_word' id='word_1_447' title='bbox 1870 3505 1992 3563; x_wconf 91' lang='lat' dir='ltr'><strong>aliis</strong></span> <span class='ocrx_word' id='word_1_448' title='bbox 2034 3503 2245 3572; x_wconf 79' lang='lat' dir='ltr'><strong>Molliti,</strong></span> <span class='ocrx_word' id='word_1_449' title='bbox 2292 3525 2311 3557; x_wconf 71' lang='grc' dir='ltr'><strong><em>α</em></strong></span> <span class='ocrx_word' id='word_1_450' title='bbox 2366 3506 2606 3576; x_wconf 88' lang='lat' dir='ltr'><strong>episcopi</strong></span> <span class='ocrx_word' id='word_1_451' title='bbox 2653 3507 3025 3571; x_wconf 90' lang='lat' dir='ltr'><strong>Laodicensis,</strong></span> <span class='ocrx_word' id='word_1_452' title='bbox 3074 3509 3141 3562; x_wconf 87' lang='lat' dir='ltr'><strong>ad</strong></span> <span class='ocrx_word' id='word_1_453' title='bbox 3193 3509 3483 3566; x_wconf 85' lang='lat' dir='ltr'><strong>universos</strong></span> 
     </span>
    </p>
   </div>
   <div class='ocr_carea' id='block_1_35' title="bbox 204 3593 3475 3671">
    <p class='ocr_par' dir='ltr' id='par_1_35' title="bbox 204 3593 3475 3671">
     <span class='ocr_line' id='line_1_35' title="bbox 204 3593 3475 3671; baseline 0.002 -23"><span class='ocrx_word' id='word_1_454' title='bbox 204 3595 491 3671; x_wconf 83' lang='lat' dir='ltr'><strong>episcOpos</strong></span> <span class='ocrx_word' id='word_1_455' title='bbox 524 3604 575 3646; x_wconf 89' lang='lat' dir='ltr'><strong>et</strong></span> <span class='ocrx_word' id='word_1_456' title='bbox 608 3593 884 3649; x_wconf 84' lang='lat' dir='ltr'><strong>Ecclesias</strong></span> <span class='ocrx_word' id='word_1_457' title='bbox 910 3595 1336 3665; x_wconf 86' lang='lat' dir='ltr'><strong>Catholicorum,</strong></span> <span class='ocrx_word' id='word_1_458' title='bbox 1369 3600 1435 3653; x_wconf 90' lang='lat' dir='ltr'><strong>de</strong></span> <span class='ocrx_word' id='word_1_459' title='bbox 1467 3601 1699 3669; x_wconf 86' lang='lat' dir='ltr'><strong>quodam</strong></span> <span class='ocrx_word' id='word_1_460' title='bbox 1734 3598 1955 3662; x_wconf 84' lang='lat' dir='ltr'><strong>Leucio,</strong></span> <span class='ocrx_word' id='word_1_461' title='bbox 1984 3601 2075 3669; x_wconf 90' lang='lat' dir='ltr'><strong>qui</strong></span> <span class='ocrx_word' id='word_1_462' title='bbox 2111 3600 2472 3669; x_wconf 85' lang='lat' dir='ltr'><strong>quorumdam</strong></span> <span class='ocrx_word' id='word_1_463' title='bbox 2504 3601 2672 3654; x_wconf 82' lang='lat' dir='ltr'><strong>Actus</strong></span> <span class='ocrx_word' id='word_1_464' title='bbox 2703 3599 3073 3663; x_wconf 86' lang='lat' dir='ltr'><strong>apostolorum</strong></span> <span class='ocrx_word' id='word_1_465' title='bbox 3106 3601 3419 3669; x_wconf 83' lang='lat' dir='ltr'><strong>scripserat.</strong></span> <span class='ocrx_word' id='word_1_466' title='bbox 3458 3622 3475 3651; x_wconf 76' lang='grc' dir='ltr'><strong>υ</strong></span> 
     </span>
    </p>
   </div>
   <div class='ocr_carea' id='block_1_36' title="bbox 204 3686 3483 3762">
    <p class='ocr_par' dir='ltr' id='par_1_36' title="bbox 204 3686 3483 3762">
     <span class='ocr_line' id='line_1_36' title="bbox 204 3686 3483 3762; baseline 0.002 -21"><span class='ocrx_word' id='word_1_467' title='bbox 204 3687 368 3741; x_wconf 73' lang='grc' dir='ltr'><strong>Νοιειι</strong></span> <span class='ocrx_word' id='word_1_468' title='bbox 400 3688 543 3743; x_wconf 90' lang='lat' dir='ltr'><strong>hunc</strong></span> <span class='ocrx_word' id='word_1_469' title='bbox 575 3686 758 3746; x_wconf 77' lang='lat' dir='ltr'><strong>Melito</strong></span> <span class='ocrx_word' id='word_1_470' title='bbox 809 3689 1061 3747; x_wconf 83' lang='lat' dir='ltr'><strong>falsitatis</strong></span> <span class='ocrx_word' id='word_1_471' title='bbox 1096 3692 1270 3756; x_wconf 91' lang='lat' dir='ltr'><strong>titulo,</strong></span> <span class='ocrx_word' id='word_1_472' title='bbox 1321 3694 1662 3762; x_wconf 87' lang='lat' dir='ltr'><strong>potissimum</strong></span> <span class='ocrx_word' id='word_1_473' title='bbox 1696 3694 1818 3762; x_wconf 86' lang='lat' dir='ltr'><strong>quia</strong></span> <span class='ocrx_word' id='word_1_474' title='bbox 1850 3695 2009 3759; x_wconf 78' lang='lat' dir='ltr'><strong>dixit,</strong></span> <span class='ocrx_word' id='word_1_475' title='bbox 2066 3712 2083 3743; x_wconf 78' lang='grc' dir='ltr'>ι</span> <span class='ocrx_word' id='word_1_476' title='bbox 2118 3708 2214 3746; x_wconf 91' lang='lat' dir='ltr'><strong>eos</strong></span> <span class='ocrx_word' id='word_1_477' title='bbox 2248 3693 2503 3747; x_wconf 88' lang='lat' dir='ltr'><strong>docuisse</strong></span> <span class='ocrx_word' id='word_1_478' title='bbox 2538 3694 2642 3746; x_wconf 92' lang='lat' dir='ltr'><strong>duo</strong></span> <span class='ocrx_word' id='word_1_479' title='bbox 2691 3691 2956 3761; x_wconf 83' lang='lat' dir='ltr'><strong>principia</strong></span> <span class='ocrx_word' id='word_1_480' title='bbox 2997 3692 3122 3746; x_wconf 92' lang='lat' dir='ltr'><strong>boni</strong></span> <span class='ocrx_word' id='word_1_481' title='bbox 3153 3702 3207 3746; x_wconf 90' lang='lat' dir='ltr'><strong>et</strong></span> <span class='ocrx_word' id='word_1_482' title='bbox 3244 3692 3391 3759; x_wconf 88' lang='lat' dir='ltr'><strong>mali,</strong></span> <span class='ocrx_word' id='word_1_483' title='bbox 3427 3704 3483 3748; x_wconf 79' lang='lat' dir='ltr'><strong>et</strong></span> 
     </span>
    </p>
   </div>
   <div class='ocr_carea' id='block_1_37' title="bbox 210 3782 3482 3856">
    <p class='ocr_par' dir='ltr' id='par_1_37' title="bbox 210 3782 3482 3856">
     <span class='ocr_line' id='line_1_37' title="bbox 210 3782 3482 3856; baseline 0.001 -19"><span class='ocrx_word' id='word_1_484' title='bbox 210 3785 349 3837; x_wconf 89' lang='lat' dir='ltr'><strong>bona</strong></span> <span class='ocrx_word' id='word_1_485' title='bbox 380 3798 409 3835; x_wconf 91' lang='lat' dir='ltr'><strong>a</strong></span> <span class='ocrx_word' id='word_1_486' title='bbox 445 3782 590 3839; x_wconf 89' lang='lat' dir='ltr'><strong>bono</strong></span> <span class='ocrx_word' id='word_1_487' title='bbox 635 3793 688 3839; x_wconf 90' lang='lat' dir='ltr'><strong>et</strong></span> <span class='ocrx_word' id='word_1_488' title='bbox 740 3785 879 3841; x_wconf 86' lang='lat' dir='ltr'><strong>mala</strong></span> <span class='ocrx_word' id='word_1_489' title='bbox 914 3802 943 3839; x_wconf 91' lang='lat' dir='ltr'><strong>a</strong></span> <span class='ocrx_word' id='word_1_490' title='bbox 983 3786 1123 3841; x_wconf 87' lang='lat' dir='ltr'><strong>malo</strong></span> <span class='ocrx_word' id='word_1_491' title='bbox 1174 3787 1485 3842; x_wconf 89' lang='lat' dir='ltr'><strong>substitisse</strong></span> <span class='ocrx_word' id='word_1_492' title='bbox 1537 3786 1822 3856; x_wconf 87' lang='lat' dir='ltr'><strong>principio.</strong></span> <span class='ocrx_word' id='word_1_493' title='bbox 1862 3806 1881 3838; x_wconf 64' lang='grc' dir='ltr'><em>ν</em></span> <span class='ocrx_word' id='word_1_494' title='bbox 1935 3786 2134 3840; x_wconf 87' lang='lat' dir='ltr'><strong>Eadem</strong></span> <span class='ocrx_word' id='word_1_495' title='bbox 2178 3785 2410 3856; x_wconf 87' lang='lat' dir='ltr'><strong>epistola</strong></span> <span class='ocrx_word' id='word_1_496' title='bbox 2461 3786 2760 3855; x_wconf 64' lang='lat' dir='ltr'><strong>prazfigitur</strong></span> <span class='ocrx_word' id='word_1_497' title='bbox 2805 3797 2930 3839; x_wconf 85' lang='lat' dir='ltr'><strong>ante</strong></span> <span class='ocrx_word' id='word_1_498' title='bbox 2971 3786 3103 3839; x_wconf 75' lang='lat' dir='ltr'><strong>Acta</strong></span> <span class='ocrx_word' id='word_1_499' title='bbox 3156 3786 3214 3839; x_wconf 88' lang='grc'><strong>5.</strong></span> <span class='ocrx_word' id='word_1_500' title='bbox 3255 3786 3482 3844; x_wconf 84' lang='lat' dir='ltr'><strong>Joannis</strong></span> 
     </span>
    </p>
   </div>
   <div class='ocr_carea' id='block_1_38' title="bbox 206 3880 3475 3959">
    <p class='ocr_par' dir='ltr' id='par_1_38' title="bbox 206 3880 3475 3959">
     <span class='ocr_line' id='line_1_38' title="bbox 206 3880 3475 3959; baseline 0.001 -25"><span class='ocrx_word' id='word_1_501' title='bbox 206 3880 550 3947; x_wconf 67' lang='lat' dir='ltr'><strong>cvangelislae</strong></span> <span class='ocrx_word' id='word_1_502' title='bbox 576 3881 717 3950; x_wconf 90' lang='lat' dir='ltr'><strong>apud</strong></span> <span class='ocrx_word' id='word_1_503' title='bbox 749 3881 1122 3959; x_wconf 86' lang='lat' dir='ltr'><strong>Florentinum</strong></span> <span class='ocrx_word' id='word_1_504' title='bbox 1154 3884 1217 3936; x_wconf 88' lang='lat' dir='ltr'><strong>ad</strong></span> <span class='ocrx_word' id='word_1_505' title='bbox 1253 3882 1704 3952; x_wconf 71' lang='lat' dir='ltr'><strong>Martyrologium</strong></span> <span class='ocrx_word' id='word_1_506' title='bbox 1743 3882 2251 3951; x_wconf 84' lang='lat' dir='ltr'><strong>llieronymiauum.</strong></span> <span class='ocrx_word' id='word_1_507' title='bbox 2293 3882 2492 3937; x_wconf 83' lang='lat' dir='ltr'><strong>Mentio</strong></span> <span class='ocrx_word' id='word_1_508' title='bbox 2526 3881 2771 3951; x_wconf 66' lang='lat' dir='ltr'><strong>praedicti</strong></span> <span class='ocrx_word' id='word_1_509' title='bbox 2809 3881 3018 3949; x_wconf 83' lang='lat' dir='ltr'><strong>Leucii,</strong></span> <span class='ocrx_word' id='word_1_510' title='bbox 3052 3884 3171 3938; x_wconf 87' lang='lat' dir='ltr'><strong>aliis</strong></span> <span class='ocrx_word' id='word_1_511' title='bbox 3233 3881 3475 3948; x_wconf 81' lang='lat' dir='ltr'><strong>Leontii,</strong></span> 
     </span>
    </p>
   </div>
   <div class='ocr_carea' id='block_1_39' title="bbox 206 3971 3477 4047">
    <p class='ocr_par' dir='ltr' id='par_1_39' title="bbox 206 3971 3477 4047">
     <span class='ocr_line' id='line_1_39' title="bbox 206 3971 3477 4047; baseline 0.003 -26"><span class='ocrx_word' id='word_1_512' title='bbox 206 3971 422 4024; x_wconf 80' lang='lat' dir='ltr'><strong>videtur</strong></span> <span class='ocrx_word' id='word_1_513' title='bbox 466 3972 581 4024; x_wconf 72' lang='lat' dir='ltr'><strong>fieri</strong></span> <span class='ocrx_word' id='word_1_514' title='bbox 630 3973 682 4024; x_wconf 91' lang='lat' dir='ltr'><strong>in</strong></span> <span class='ocrx_word' id='word_1_515' title='bbox 733 3972 992 4027; x_wconf 88' lang='lat' dir='ltr'><strong>Tractatu</strong></span> <span class='ocrx_word' id='word_1_516' title='bbox 1048 3975 1120 4029; x_wconf 85' lang='lat' dir='ltr'><strong>De</strong></span> <span class='ocrx_word' id='word_1_517' title='bbox 1166 3976 1270 4046; x_wconf 80' lang='lat' dir='ltr'><strong>[ide</strong></span> <span class='ocrx_word' id='word_1_518' title='bbox 1325 3978 1429 4029; x_wconf 80' lang='lat' dir='ltr'><strong>sive</strong></span> <span class='ocrx_word' id='word_1_519' title='bbox 1475 3977 1539 4029; x_wconf 80' lang='lat' dir='ltr'><strong>de</strong></span> <span class='ocrx_word' id='word_1_520' title='bbox 1578 3975 1797 4029; x_wconf 77' lang='lat' dir='ltr'><strong>Unitate</strong></span> <span class='ocrx_word' id='word_1_521' title='bbox 1836 3975 2116 4029; x_wconf 74' lang='lat' dir='ltr'><strong>Trinitatis</strong></span> <span class='ocrx_word' id='word_1_522' title='bbox 2166 3988 2349 4028; x_wconf 80' lang='lat' dir='ltr'><strong>contra</strong></span> <span class='ocrx_word' id='word_1_523' title='bbox 2412 3974 2758 4042; x_wconf 71' lang='lat' dir='ltr'><strong>Manichwos,</strong></span> <span class='ocrx_word' id='word_1_524' title='bbox 2806 3978 2899 4047; x_wconf 88' lang='lat' dir='ltr'><strong>qui</strong></span> <span class='ocrx_word' id='word_1_525' title='bbox 2951 3987 3097 4032; x_wconf 90' lang='lat' dir='ltr'><strong>tomo</strong></span> <span class='ocrx_word' id='word_1_526' title='bbox 3133 3977 3199 4032; x_wconf 74' lang='lat' dir='ltr'><strong>Vl</strong></span> <span class='ocrx_word' id='word_1_527' title='bbox 3241 3977 3477 4047; x_wconf 88' lang='lat' dir='ltr'><strong>Opermn</strong></span> 
     </span>
    </p>
   </div>
   <div class='ocr_carea' id='block_1_40' title="bbox 206 4064 3478 4139">
    <p class='ocr_par' dir='ltr' id='par_1_40' title="bbox 206 4064 3478 4139">
     <span class='ocr_line' id='line_1_40' title="bbox 206 4064 3478 4139; baseline 0.002 -18"><span class='ocrx_word' id='word_1_528' title='bbox 206 4066 262 4121; x_wconf 90' lang='lat' dir='ltr'><strong>S.</strong></span> <span class='ocrx_word' id='word_1_529' title='bbox 320 4064 613 4135; x_wconf 82' lang='lat' dir='ltr'><strong>Augustini</strong></span> <span class='ocrx_word' id='word_1_530' title='bbox 668 4068 985 4121; x_wconf 86' lang='lat' dir='ltr'><strong>continetur</strong></span> <span class='ocrx_word' id='word_1_531' title='bbox 1028 4083 1043 4120; x_wconf 87' lang='lat'><strong>:</strong></span> <span class='ocrx_word' id='word_1_532' title='bbox 1090 4084 1276 4123; x_wconf 84' lang='lat' dir='ltr'><strong>verum</strong></span> <span class='ocrx_word' id='word_1_533' title='bbox 1334 4085 1440 4124; x_wconf 88' lang='lat' dir='ltr'><strong>non</strong></span> <span class='ocrx_word' id='word_1_534' title='bbox 1497 4069 1725 4124; x_wconf 91' lang='lat' dir='ltr'><strong>habetur</strong></span> <span class='ocrx_word' id='word_1_535' title='bbox 1773 4070 1826 4123; x_wconf 88' lang='lat' dir='ltr'><strong>in</strong></span> <span class='ocrx_word' id='word_1_536' title='bbox 1879 4069 2379 4123; x_wconf 80' lang='lat' dir='ltr'><strong>Retractationibus</strong></span> <span class='ocrx_word' id='word_1_537' title='bbox 2424 4067 2561 4136; x_wconf 82' lang='lat' dir='ltr'><strong>ejus,</strong></span> <span class='ocrx_word' id='word_1_538' title='bbox 2602 4084 2776 4136; x_wconf 88' lang='lat' dir='ltr'><strong>neque</strong></span> <span class='ocrx_word' id='word_1_539' title='bbox 2819 4071 2872 4122; x_wconf 89' lang='lat' dir='ltr'><strong>in</strong></span> <span class='ocrx_word' id='word_1_540' title='bbox 2912 4068 3156 4127; x_wconf 90' lang='lat' dir='ltr'><strong>lndiculo</strong></span> <span class='ocrx_word' id='word_1_541' title='bbox 3210 4071 3478 4139; x_wconf 88' lang='lat' dir='ltr'><strong>Possidii;</strong></span> 
     </span>
    </p>
   </div>
   <div class='ocr_carea' id='block_1_41' title="bbox 202 4158 3479 4230">
    <p class='ocr_par' dir='ltr' id='par_1_41' title="bbox 202 4158 3479 4230">
     <span class='ocr_line' id='line_1_41' title="bbox 202 4158 3479 4230; baseline 0.002 -19"><span class='ocrx_word' id='word_1_542' title='bbox 202 4162 517 4226; x_wconf 77' lang='lat' dir='ltr'><strong>asseritque</strong></span> <span class='ocrx_word' id='word_1_543' title='bbox 546 4158 826 4229; x_wconf 82' lang='lat' dir='ltr'><strong>Philippus</strong></span> <span class='ocrx_word' id='word_1_544' title='bbox 871 4159 1055 4215; x_wconf 86' lang='lat' dir='ltr'><strong>Labhe</strong></span> <span class='ocrx_word' id='word_1_545' title='bbox 1092 4160 1165 4215; x_wconf 86' lang='lat' dir='ltr'><strong>De</strong></span> <span class='ocrx_word' id='word_1_546' title='bbox 1198 4161 1561 4230; x_wconf 82' lang='lat' dir='ltr'><strong>Scriptoribus</strong></span> <span class='ocrx_word' id='word_1_547' title='bbox 1601 4165 1997 4228; x_wconf 71' lang='lat' dir='ltr'><strong>ecclesiasticis,</strong></span> <span class='ocrx_word' id='word_1_548' title='bbox 2039 4182 2057 4215; x_wconf 69' lang='grc' dir='ltr'><em>ς</em></span> <span class='ocrx_word' id='word_1_549' title='bbox 2097 4164 2331 4219; x_wconf 86' lang='lat' dir='ltr'><strong>evicisse</strong></span> <span class='ocrx_word' id='word_1_550' title='bbox 2372 4163 2722 4217; x_wconf 84' lang='lat' dir='ltr'><strong>Sirmoudum</strong></span> <span class='ocrx_word' id='word_1_551' title='bbox 2758 4163 2807 4216; x_wconf 89' lang='lat' dir='ltr'><strong>iu</strong></span> <span class='ocrx_word' id='word_1_552' title='bbox 2838 4162 3074 4217; x_wconf 84' lang='lat' dir='ltr'><strong>lli5toria</strong></span> <span class='ocrx_word' id='word_1_553' title='bbox 3110 4165 3479 4219; x_wconf 67' lang='lat' dir='ltr'><strong>Praedestina-</strong></span> 
     </span>
    </p>
   </div>
   <div class='ocr_carea' id='block_1_42' title="bbox 208 4251 3474 4328">
    <p class='ocr_par' dir='ltr' id='par_1_42' title="bbox 208 4251 3474 4328">
     <span class='ocr_line' id='line_1_42' title="bbox 208 4251 3474 4328; baseline 0.003 -23"><span class='ocrx_word' id='word_1_554' title='bbox 208 4251 355 4305; x_wconf 84' lang='lat' dir='ltr'><strong>tiana</strong></span> <span class='ocrx_word' id='word_1_555' title='bbox 386 4268 452 4306; x_wconf 78' lang='lat' dir='ltr'><strong>ex</strong></span> <span class='ocrx_word' id='word_1_556' title='bbox 481 4252 583 4307; x_wconf 87' lang='lat' dir='ltr'><strong>fide</strong></span> <span class='ocrx_word' id='word_1_557' title='bbox 612 4270 747 4310; x_wconf 87' lang='lat' dir='ltr'><strong>mss.</strong></span> <span class='ocrx_word' id='word_1_558' title='bbox 791 4258 1061 4323; x_wconf 85' lang='lat' dir='ltr'><strong>codicum,</strong></span> <span class='ocrx_word' id='word_1_559' title='bbox 1100 4257 1372 4327; x_wconf 77' lang='lat' dir='ltr'><strong>prrecipue</strong></span> <span class='ocrx_word' id='word_1_560' title='bbox 1408 4258 1785 4322; x_wconf 88' lang='lat' dir='ltr'><strong>Corheiensis,</strong></span> <span class='ocrx_word' id='word_1_561' title='bbox 1824 4260 1966 4327; x_wconf 92' lang='lat' dir='ltr'><strong>quod</strong></span> <span class='ocrx_word' id='word_1_562' title='bbox 1998 4259 2073 4311; x_wconf 83' lang='lat' dir='ltr'><strong>sit</strong></span> <span class='ocrx_word' id='word_1_563' title='bbox 2106 4258 2293 4318; x_wconf 72' lang='lat' dir='ltr'><strong>Evodii</strong></span> <span class='ocrx_word' id='word_1_564' title='bbox 2326 4259 2564 4328; x_wconf 88' lang='lat' dir='ltr'><strong>episcopi</strong></span> <span class='ocrx_word' id='word_1_565' title='bbox 2601 4259 2910 4323; x_wconf 85' lang='lat' dir='ltr'><strong>Uzalcnsis,</strong></span> <span class='ocrx_word' id='word_1_566' title='bbox 2947 4280 2966 4314; x_wconf 69' lang='grc' dir='ltr'><strong>ι</strong></span> <span class='ocrx_word' id='word_1_567' title='bbox 3007 4279 3057 4315; x_wconf 82' lang='grc' dir='ltr'><strong>ιη</strong></span> <span class='ocrx_word' id='word_1_568' title='bbox 3091 4261 3474 4317; x_wconf 86' lang='lat' dir='ltr'><strong>Proconsulari</strong></span> 
     </span>
    </p>
   </div>
   <div class='ocr_carea' id='block_1_43' title="bbox 205 4346 3476 4423">
    <p class='ocr_par' dir='ltr' id='par_1_43' title="bbox 205 4346 3476 4423">
     <span class='ocr_line' id='line_1_43' title="bbox 205 4346 3476 4423; baseline 0.004 -29"><span class='ocrx_word' id='word_1_569' title='bbox 205 4346 492 4413; x_wconf 84' lang='lat' dir='ltr'><strong>provincia</strong></span> <span class='ocrx_word' id='word_1_570' title='bbox 532 4348 739 4415; x_wconf 88' lang='lat' dir='ltr'><strong>Africa,</strong></span> <span class='ocrx_word' id='word_1_571' title='bbox 778 4353 843 4404; x_wconf 88' lang='lat' dir='ltr'><strong>ad</strong></span> <span class='ocrx_word' id='word_1_572' title='bbox 876 4367 1038 4420; x_wconf 89' lang='lat' dir='ltr'><strong>quem</strong></span> <span class='ocrx_word' id='word_1_573' title='bbox 1071 4362 1289 4407; x_wconf 78' lang='lat' dir='ltr'><strong>exstant</strong></span> <span class='ocrx_word' id='word_1_574' title='bbox 1318 4352 1479 4406; x_wconf 66' lang='lat' dir='ltr'><strong>variae</strong></span> <span class='ocrx_word' id='word_1_575' title='bbox 1514 4349 1573 4405; x_wconf 89' lang='lat' dir='ltr'><strong>S.</strong></span> <span class='ocrx_word' id='word_1_576' title='bbox 1602 4351 1891 4423; x_wconf 73' lang='lat' dir='ltr'><strong>Augustini</strong></span> <span class='ocrx_word' id='word_1_577' title='bbox 1936 4350 2180 4423; x_wconf 71' lang='lat' dir='ltr'><strong>epistola:</strong></span> <span class='ocrx_word' id='word_1_578' title='bbox 2220 4368 2233 4405; x_wconf 87' lang='lat'>:</span> <span class='ocrx_word' id='word_1_579' title='bbox 2268 4362 2327 4405; x_wconf 91' lang='lat' dir='ltr'><strong>ut</strong></span> <span class='ocrx_word' id='word_1_580' title='bbox 2360 4351 2442 4405; x_wconf 85' lang='lat' dir='ltr'><strong>vel</strong></span> <span class='ocrx_word' id='word_1_581' title='bbox 2480 4360 2605 4407; x_wconf 90' lang='lat' dir='ltr'><strong>tunc</strong></span> <span class='ocrx_word' id='word_1_582' title='bbox 2657 4361 2783 4407; x_wconf 87' lang='lat' dir='ltr'><strong>ante</strong></span> <span class='ocrx_word' id='word_1_583' title='bbox 2823 4352 3092 4407; x_wconf 84' lang='lat' dir='ltr'><strong>indicatus</strong></span> <span class='ocrx_word' id='word_1_584' title='bbox 3137 4353 3319 4408; x_wconf 83' lang='lat' dir='ltr'><strong>Melito</strong></span> <span class='ocrx_word' id='word_1_585' title='bbox 3362 4354 3476 4408; x_wconf 88' lang='lat' dir='ltr'><strong>sive</strong></span> 
     </span>
    </p>
   </div>
   <div class='ocr_carea' id='block_1_44' title="bbox 206 4439 1298 4510">
    <p class='ocr_par' dir='ltr' id='par_1_44' title="bbox 206 4439 1298 4510">
     <span class='ocr_line' id='line_1_44' title="bbox 206 4439 1298 4510; baseline 0.007 -20"><span class='ocrx_word' id='word_1_586' title='bbox 206 4439 447 4491; x_wconf 76' lang='lat' dir='ltr'><strong>Mellitus</strong></span> <span class='ocrx_word' id='word_1_587' title='bbox 477 4440 763 4510; x_wconf 84' lang='lat' dir='ltr'><strong>episcopus</strong></span> <span class='ocrx_word' id='word_1_588' title='bbox 799 4446 999 4498; x_wconf 77' lang='lat' dir='ltr'><strong>vixisse</strong></span> <span class='ocrx_word' id='word_1_589' title='bbox 1032 4446 1298 4499; x_wconf 87' lang='lat' dir='ltr'><strong>videatur.</strong></span> 
     </span>
    </p>
   </div>
   <div class='ocr_carea' id='block_1_45' title="bbox 278 4532 3476 4609">
    <p class='ocr_par' dir='ltr' id='par_1_45' title="bbox 278 4532 3476 4609">
     <span class='ocr_line' id='line_1_45' title="bbox 278 4532 3476 4609; baseline 0.003 -23"><span class='ocrx_word' id='word_1_590' title='bbox 278 4533 335 4588; x_wconf 83' lang='lat'><strong>5.</strong></span> <span class='ocrx_word' id='word_1_591' title='bbox 373 4532 512 4589; x_wconf 90' lang='lat' dir='ltr'><strong>Sunt</strong></span> <span class='ocrx_word' id='word_1_592' title='bbox 560 4534 673 4588; x_wconf 59' lang='lat' dir='ltr'><strong>haec</strong></span> <span class='ocrx_word' id='word_1_593' title='bbox 717 4535 1085 4603; x_wconf 89' lang='lat' dir='ltr'><strong>apostolorum</strong></span> <span class='ocrx_word' id='word_1_594' title='bbox 1130 4544 1248 4592; x_wconf 79' lang='lat' dir='ltr'><strong>acta</strong></span> <span class='ocrx_word' id='word_1_595' title='bbox 1280 4536 1626 4604; x_wconf 90' lang='lat' dir='ltr'><strong>postmodum</strong></span> <span class='ocrx_word' id='word_1_596' title='bbox 1674 4537 1825 4592; x_wconf 86' lang='lat' dir='ltr'><strong>varie</strong></span> <span class='ocrx_word' id='word_1_597' title='bbox 1866 4544 2047 4599; x_wconf 86' lang='lat' dir='ltr'><strong>aucta,</strong></span> <span class='ocrx_word' id='word_1_598' title='bbox 2081 4543 2134 4589; x_wconf 89' lang='lat' dir='ltr'><strong>ct</strong></span> <span class='ocrx_word' id='word_1_599' title='bbox 2161 4535 2262 4589; x_wconf 90' lang='lat' dir='ltr'><strong>sub</strong></span> <span class='ocrx_word' id='word_1_600' title='bbox 2293 4536 2514 4589; x_wconf 89' lang='lat' dir='ltr'><strong>nomine</strong></span> <span class='ocrx_word' id='word_1_601' title='bbox 2544 4536 2748 4601; x_wconf 70' lang='lat' dir='ltr'><strong>Abdiae,</strong></span> <span class='ocrx_word' id='word_1_602' title='bbox 2787 4536 3099 4607; x_wconf 74' lang='lat' dir='ltr'><strong>Babylonite</strong></span> <span class='ocrx_word' id='word_1_603' title='bbox 3131 4542 3371 4609; x_wconf 89' lang='lat' dir='ltr'><strong>episcopi</strong></span> <span class='ocrx_word' id='word_1_604' title='bbox 3410 4546 3476 4596; x_wconf 88' lang='lat' dir='ltr'><strong>ah</strong></span> 
     </span>
    </p>
   </div>
   <div class='ocr_carea' id='block_1_46' title="bbox 204 4628 3476 4703">
    <p class='ocr_par' dir='ltr' id='par_1_46' title="bbox 204 4628 3476 4703">
     <span class='ocr_line' id='line_1_46' title="bbox 204 4628 3476 4703; baseline 0.001 -19"><span class='ocrx_word' id='word_1_605' title='bbox 204 4629 475 4699; x_wconf 86' lang='lat' dir='ltr'><strong>apostolis</strong></span> <span class='ocrx_word' id='word_1_606' title='bbox 518 4629 774 4695; x_wconf 89' lang='lat' dir='ltr'><strong>ordinati,</strong></span> <span class='ocrx_word' id='word_1_607' title='bbox 810 4631 1009 4699; x_wconf 56' lang='lat' dir='ltr'><strong>saepius</strong></span> <span class='ocrx_word' id='word_1_608' title='bbox 1054 4646 1284 4696; x_wconf 86' lang='lat' dir='ltr'><strong>recusa;</strong></span> <span class='ocrx_word' id='word_1_609' title='bbox 1321 4630 1477 4701; x_wconf 88' lang='lat' dir='ltr'><strong>quasi</strong></span> <span class='ocrx_word' id='word_1_610' title='bbox 1522 4645 1583 4685; x_wconf 89' lang='lat' dir='ltr'><strong>ea</strong></span> <span class='ocrx_word' id='word_1_611' title='bbox 1630 4646 1700 4686; x_wconf 81' lang='lat' dir='ltr'><strong>ex</strong></span> <span class='ocrx_word' id='word_1_612' title='bbox 1746 4629 2013 4686; x_wconf 85' lang='lat' dir='ltr'><strong>Hebraica</strong></span> <span class='ocrx_word' id='word_1_613' title='bbox 2064 4629 2115 4681; x_wconf 93' lang='lat' dir='ltr'><strong>in</strong></span> <span class='ocrx_word' id='word_1_614' title='bbox 2167 4629 2410 4681; x_wconf 71' lang='lat' dir='ltr'><strong>Graecam</strong></span> <span class='ocrx_word' id='word_1_615' title='bbox 2461 4628 2703 4698; x_wconf 84' lang='lat' dir='ltr'><strong>linguam</strong></span> <span class='ocrx_word' id='word_1_616' title='bbox 2763 4631 3137 4685; x_wconf 86' lang='lat' dir='ltr'><strong>transtulisset</strong></span> <span class='ocrx_word' id='word_1_617' title='bbox 3174 4633 3476 4703; x_wconf 86' lang='lat' dir='ltr'><strong>discipulus</strong></span> 
     </span>
    </p>
   </div>
   <div class='ocr_carea' id='block_1_47' title="bbox 204 4720 3476 4794">
    <p class='ocr_par' dir='ltr' id='par_1_47' title="bbox 204 4720 3476 4794">
     <span class='ocr_line' id='line_1_47' title="bbox 204 4720 3476 4794; baseline 0.001 -14"><span class='ocrx_word' id='word_1_618' title='bbox 204 4723 397 4780; x_wconf 67' lang='lat' dir='ltr'><strong>Abdia:</strong></span> <span class='ocrx_word' id='word_1_619' title='bbox 436 4720 753 4790; x_wconf 88' lang='lat' dir='ltr'><strong>Eutropius,</strong></span> <span class='ocrx_word' id='word_1_620' title='bbox 787 4733 841 4776; x_wconf 88' lang='lat' dir='ltr'><strong>et</strong></span> <span class='ocrx_word' id='word_1_621' title='bbox 883 4722 1010 4777; x_wconf 88' lang='lat' dir='ltr'><strong>hinc</strong></span> <span class='ocrx_word' id='word_1_622' title='bbox 1037 4722 1087 4775; x_wconf 91' lang='lat' dir='ltr'><strong>in</strong></span> <span class='ocrx_word' id='word_1_623' title='bbox 1120 4720 1368 4777; x_wconf 88' lang='lat' dir='ltr'><strong>Latinam</strong></span> <span class='ocrx_word' id='word_1_624' title='bbox 1417 4724 1645 4779; x_wconf 86' lang='lat' dir='ltr'><strong>vertisse</strong></span> <span class='ocrx_word' id='word_1_625' title='bbox 1682 4739 1741 4779; x_wconf 89' lang='lat' dir='ltr'><strong>se</strong></span> <span class='ocrx_word' id='word_1_626' title='bbox 1789 4724 1935 4777; x_wconf 87' lang='lat' dir='ltr'><strong>dicat</strong></span> <span class='ocrx_word' id='word_1_627' title='bbox 1979 4722 2158 4778; x_wconf 82' lang='lat' dir='ltr'><strong>Julius</strong></span> <span class='ocrx_word' id='word_1_628' title='bbox 2196 4722 2504 4788; x_wconf 84' lang='lat' dir='ltr'><strong>Africanus,</strong></span> <span class='ocrx_word' id='word_1_629' title='bbox 2552 4729 2641 4794; x_wconf 90' lang='lat' dir='ltr'><strong>qni</strong></span> <span class='ocrx_word' id='word_1_630' title='bbox 2693 4728 2853 4781; x_wconf 84' lang='lat' dir='ltr'><strong>tertio</strong></span> <span class='ocrx_word' id='word_1_631' title='bbox 2908 4728 3108 4782; x_wconf 62' lang='lat' dir='ltr'><strong>saeculo</strong></span> <span class='ocrx_word' id='word_1_632' title='bbox 3134 4728 3318 4782; x_wconf 89' lang='lat' dir='ltr'><strong>floruit</strong></span> <span class='ocrx_word' id='word_1_633' title='bbox 3373 4731 3476 4786; x_wconf 87' lang='lat' dir='ltr'><strong>sub</strong></span> 
     </span>
    </p>
   </div>
   <div class='ocr_carea' id='block_1_48' title="bbox 204 4816 3474 4891">
    <p class='ocr_par' dir='ltr' id='par_1_48' title="bbox 204 4816 3474 4891">
     <span class='ocr_line' id='line_1_48' title="bbox 204 4816 3474 4891; baseline 0.001 -19"><span class='ocrx_word' id='word_1_634' title='bbox 204 4817 630 4886; x_wconf 85' lang='lat' dir='ltr'><strong>imperatoribus</strong></span> <span class='ocrx_word' id='word_1_635' title='bbox 678 4817 1025 4887; x_wconf 76' lang='lat' dir='ltr'><strong>lleliogabald</strong></span> <span class='ocrx_word' id='word_1_636' title='bbox 1052 4828 1106 4871; x_wconf 90' lang='lat' dir='ltr'><strong>et</strong></span> <span class='ocrx_word' id='word_1_637' title='bbox 1136 4816 1446 4872; x_wconf 84' lang='lat' dir='ltr'><strong>Alexandro</strong></span> <span class='ocrx_word' id='word_1_638' title='bbox 1477 4818 1771 4873; x_wconf 67' lang='lat' dir='ltr'><strong>Mammaea:</strong></span> <span class='ocrx_word' id='word_1_639' title='bbox 1799 4818 1931 4873; x_wconf 83' lang='lat' dir='ltr'><strong>lilio.</strong></span> <span class='ocrx_word' id='word_1_640' title='bbox 1957 4819 2224 4873; x_wconf 81' lang='lat' dir='ltr'><strong>Baronius</strong></span> <span class='ocrx_word' id='word_1_641' title='bbox 2260 4820 2311 4872; x_wconf 92' lang='lat' dir='ltr'><strong>in</strong></span> <span class='ocrx_word' id='word_1_642' title='bbox 2351 4820 2493 4873; x_wconf 89' lang='lat' dir='ltr'><strong>notis</strong></span> <span class='ocrx_word' id='word_1_643' title='bbox 2534 4820 2601 4873; x_wconf 88' lang='lat' dir='ltr'><strong>ad</strong></span> <span class='ocrx_word' id='word_1_644' title='bbox 2632 4821 2775 4873; x_wconf 90' lang='lat' dir='ltr'><strong>hunc</strong></span> <span class='ocrx_word' id='word_1_645' title='bbox 2804 4821 2973 4881; x_wconf 82' lang='lat' dir='ltr'><strong>diem,</strong></span> <span class='ocrx_word' id='word_1_646' title='bbox 3009 4839 3026 4871; x_wconf 80' lang='lat' dir='ltr'><strong>t</strong></span> <span class='ocrx_word' id='word_1_647' title='bbox 3068 4821 3242 4888; x_wconf 89' lang='lat' dir='ltr'><strong>Licet,</strong></span> <span class='ocrx_word' id='word_1_648' title='bbox 3277 4821 3474 4891; x_wconf 84' lang='lat' dir='ltr'><strong>inquit,</strong></span> 
     </span>
    </p>
   </div>
   <div class='ocr_carea' id='block_1_49' title="bbox 203 4913 3469 4987">
    <p class='ocr_par' dir='ltr' id='par_1_49' title="bbox 203 4913 3469 4987">
     <span class='ocr_line' id='line_1_49' title="bbox 203 4913 3469 4987; baseline 0.001 -18"><span class='ocrx_word' id='word_1_649' title='bbox 203 4914 515 4985; x_wconf 81' lang='lat' dir='ltr'><strong>apocrypha</strong></span> <span class='ocrx_word' id='word_1_650' title='bbox 553 4924 879 4967; x_wconf 89' lang='lat' dir='ltr'><strong>censeantur</strong></span> <span class='ocrx_word' id='word_1_651' title='bbox 910 4914 1024 4969; x_wconf 80' lang='lat' dir='ltr'><strong>haec</strong></span> <span class='ocrx_word' id='word_1_652' title='bbox 1064 4916 1163 4969; x_wconf 89' lang='lat' dir='ltr'><strong>sub</strong></span> <span class='ocrx_word' id='word_1_653' title='bbox 1215 4913 1433 4969; x_wconf 82' lang='lat' dir='ltr'><strong>n0tnine</strong></span> <span class='ocrx_word' id='word_1_654' title='bbox 1478 4916 1687 4975; x_wconf 64' lang='lat' dir='ltr'><strong>Abdiie,</strong></span> <span class='ocrx_word' id='word_1_655' title='bbox 1716 4929 1843 4968; x_wconf 89' lang='lat' dir='ltr'><strong>vera</strong></span> <span class='ocrx_word' id='word_1_656' title='bbox 1890 4923 2069 4968; x_wconf 87' lang='lat' dir='ltr'><strong>tamen</strong></span> <span class='ocrx_word' id='word_1_657' title='bbox 2110 4914 2374 4967; x_wconf 89' lang='lat' dir='ltr'><strong>nonnulla</strong></span> <span class='ocrx_word' id='word_1_658' title='bbox 2405 4914 2479 4968; x_wconf 91' lang='lat' dir='ltr'><strong>ibi</strong></span> <span class='ocrx_word' id='word_1_659' title='bbox 2512 4930 2634 4970; x_wconf 88' lang='lat' dir='ltr'><strong>esse</strong></span> <span class='ocrx_word' id='word_1_660' title='bbox 2687 4917 2816 4971; x_wconf 91' lang='lat' dir='ltr'><strong>mihi</strong></span> <span class='ocrx_word' id='word_1_661' title='bbox 2856 4916 3016 4972; x_wconf 88' lang='lat' dir='ltr'><strong>facile</strong></span> <span class='ocrx_word' id='word_1_662' title='bbox 3063 4922 3367 4987; x_wconf 89' lang='lat' dir='ltr'><strong>persuadeo</strong></span> <span class='ocrx_word' id='word_1_663' title='bbox 3400 4938 3411 4974; x_wconf 90' lang='lat'><strong>:</strong></span> <span class='ocrx_word' id='word_1_664' title='bbox 3451 4941 3469 4971; x_wconf 73' lang='grc' dir='ltr'><strong>ι</strong></span> 
     </span>
    </p>
   </div>
   <div class='ocr_carea' id='block_1_50' title="bbox 205 5008 3475 5079">
    <p class='ocr_par' dir='ltr' id='par_1_50' title="bbox 205 5008 3475 5079">
     <span class='ocr_line' id='line_1_50' title="bbox 205 5008 3475 5079; baseline 0.002 -17"><span class='ocrx_word' id='word_1_665' title='bbox 205 5008 444 5062; x_wconf 82' lang='lat' dir='ltr'><strong>maxime</strong></span> <span class='ocrx_word' id='word_1_666' title='bbox 468 5010 687 5075; x_wconf 89' lang='lat' dir='ltr'><strong>quando</strong></span> <span class='ocrx_word' id='word_1_667' title='bbox 713 5008 930 5063; x_wconf 84' lang='lat' dir='ltr'><strong>aliunde</strong></span> <span class='ocrx_word' id='word_1_668' title='bbox 952 5024 1014 5062; x_wconf 93' lang='lat' dir='ltr'><strong>ea</strong></span> <span class='ocrx_word' id='word_1_669' title='bbox 1039 5008 1171 5063; x_wconf 84' lang='lat' dir='ltr'><strong>Acta</strong></span> <span class='ocrx_word' id='word_1_670' title='bbox 1208 5019 1289 5077; x_wconf 86' lang='lat' dir='ltr'><strong>(ut</strong></span> <span class='ocrx_word' id='word_1_671' title='bbox 1317 5010 1404 5063; x_wconf 89' lang='lat' dir='ltr'><strong>hic</strong></span> <span class='ocrx_word' id='word_1_672' title='bbox 1428 5014 1494 5063; x_wconf 90' lang='lat' dir='ltr'><strong>de</strong></span> <span class='ocrx_word' id='word_1_673' title='bbox 1522 5011 1579 5065; x_wconf 90' lang='lat' dir='ltr'><strong>S.</strong></span> <span class='ocrx_word' id='word_1_674' title='bbox 1608 5010 1899 5078; x_wconf 88' lang='lat' dir='ltr'><strong>Philippo),</strong></span> <span class='ocrx_word' id='word_1_675' title='bbox 1930 5009 2063 5066; x_wconf 91' lang='lat' dir='ltr'><strong>satis</strong></span> <span class='ocrx_word' id='word_1_676' title='bbox 2092 5010 2415 5077; x_wconf 89' lang='lat' dir='ltr'><strong>probantur.</strong></span> <span class='ocrx_word' id='word_1_677' title='bbox 2442 5009 2670 5063; x_wconf 84' lang='lat' dir='ltr'><strong>Exstant</strong></span> <span class='ocrx_word' id='word_1_678' title='bbox 2695 5012 2886 5063; x_wconf 89' lang='lat' dir='ltr'><strong>eadem</strong></span> <span class='ocrx_word' id='word_1_679' title='bbox 2913 5025 3111 5065; x_wconf 80' lang='lat' dir='ltr'><strong>excusa</strong></span> <span class='ocrx_word' id='word_1_680' title='bbox 3143 5028 3287 5066; x_wconf 89' lang='lat' dir='ltr'><strong>anno</strong></span> <span class='ocrx_word' id='word_1_681' title='bbox 3317 5014 3475 5079; x_wconf 80' lang='grc'>1551,</span> 
     </span>
    </p>
   </div>
   <div class='ocr_carea' id='block_1_51' title="bbox 205 5100 3472 5174">
    <p class='ocr_par' dir='ltr' id='par_1_51' title="bbox 205 5100 3472 5174">
     <span class='ocr_line' id='line_1_51' title="bbox 205 5100 3472 5174; baseline 0.001 -18"><span class='ocrx_word' id='word_1_682' title='bbox 205 5105 353 5158; x_wconf 89' lang='lat' dir='ltr'><strong>inter</strong></span> <span class='ocrx_word' id='word_1_683' title='bbox 383 5100 689 5168; x_wconf 81' lang='lat' dir='ltr'><strong>flapsodias</strong></span> <span class='ocrx_word' id='word_1_684' title='bbox 718 5101 989 5172; x_wconf 85' lang='lat' dir='ltr'><strong>Anonymi</strong></span> <span class='ocrx_word' id='word_1_685' title='bbox 1040 5100 1331 5156; x_wconf 82' lang='lat' dir='ltr'><strong>Philaletlri</strong></span> <span class='ocrx_word' id='word_1_686' title='bbox 1366 5102 1686 5170; x_wconf 82' lang='lat' dir='ltr'><strong>Eusebiani,</strong></span> <span class='ocrx_word' id='word_1_687' title='bbox 1718 5104 1773 5156; x_wconf 88' lang='lat' dir='ltr'><strong>in</strong></span> <span class='ocrx_word' id='word_1_688' title='bbox 1817 5102 1989 5168; x_wconf 81' lang='lat' dir='ltr'><strong>Vitas,</strong></span> <span class='ocrx_word' id='word_1_689' title='bbox 2022 5102 2282 5157; x_wconf 89' lang='lat' dir='ltr'><strong>miracula</strong></span> <span class='ocrx_word' id='word_1_690' title='bbox 2336 5104 2729 5174; x_wconf 86' lang='lat' dir='ltr'><strong>passionesque</strong></span> <span class='ocrx_word' id='word_1_691' title='bbox 2766 5106 3139 5172; x_wconf 90' lang='lat' dir='ltr'><strong>apostolorum</strong></span> <span class='ocrx_word' id='word_1_692' title='bbox 3196 5122 3225 5159; x_wconf 87' lang='lat' dir='ltr'><strong>a</strong></span> <span class='ocrx_word' id='word_1_693' title='bbox 3266 5104 3472 5161; x_wconf 87' lang='lat' dir='ltr'><strong>Frede-</strong></span> 
     </span>
    </p>
   </div>
   <div class='ocr_carea' id='block_1_52' title="bbox 208 5192 3470 5265">
    <p class='ocr_par' dir='ltr' id='par_1_52' title="bbox 208 5192 3470 5265">
     <span class='ocr_line' id='line_1_52' title="bbox 208 5192 3470 5265; baseline 0 -14"><span class='ocrx_word' id='word_1_694' title='bbox 208 5201 325 5252; x_wconf 88' lang='lat' dir='ltr'><strong>rico</strong></span> <span class='ocrx_word' id='word_1_695' title='bbox 375 5194 583 5250; x_wconf 80' lang='lat' dir='ltr'><strong>Nausea</strong></span> <span class='ocrx_word' id='word_1_696' title='bbox 631 5192 931 5251; x_wconf 86' lang='lat' dir='ltr'><strong>collectas:</strong></span> <span class='ocrx_word' id='word_1_697' title='bbox 967 5206 1020 5249; x_wconf 89' lang='lat' dir='ltr'><strong>et</strong></span> <span class='ocrx_word' id='word_1_698' title='bbox 1064 5195 1116 5248; x_wconf 89' lang='lat' dir='ltr'><strong>in</strong></span> <span class='ocrx_word' id='word_1_699' title='bbox 1167 5195 1435 5265; x_wconf 89' lang='lat' dir='ltr'><strong>plerisque</strong></span> <span class='ocrx_word' id='word_1_700' title='bbox 1473 5196 1665 5249; x_wconf 90' lang='lat' dir='ltr'><strong>horum</strong></span> <span class='ocrx_word' id='word_1_701' title='bbox 1717 5208 1825 5249; x_wconf 91' lang='lat' dir='ltr'><strong>nou</strong></span> <span class='ocrx_word' id='word_1_702' title='bbox 1874 5196 2071 5265; x_wconf 77' lang='lat' dir='ltr'><strong>legitur</strong></span> <span class='ocrx_word' id='word_1_703' title='bbox 2118 5194 2259 5264; x_wconf 89' lang='lat' dir='ltr'><strong>quod</strong></span> <span class='ocrx_word' id='word_1_704' title='bbox 2304 5193 2583 5263; x_wconf 84' lang='lat' dir='ltr'><strong>Philippus</strong></span> <span class='ocrx_word' id='word_1_705' title='bbox 2618 5213 2636 5246; x_wconf 72' lang='grc' dir='ltr'><strong><em>ι</em></strong></span> <span class='ocrx_word' id='word_1_706' title='bbox 2668 5197 2815 5251; x_wconf 91' lang='lat' dir='ltr'><strong>cruci</strong></span> <span class='ocrx_word' id='word_1_707' title='bbox 2851 5195 3045 5251; x_wconf 73' lang='lat' dir='ltr'><strong>afﬁxus</strong></span> <span class='ocrx_word' id='word_1_708' title='bbox 3089 5206 3144 5250; x_wconf 90' lang='lat' dir='ltr'><strong>et</strong></span> <span class='ocrx_word' id='word_1_709' title='bbox 3197 5198 3470 5265; x_wconf 83' lang='lat' dir='ltr'><strong>lapidibus</strong></span> 
     </span>
    </p>
   </div>
   <div class='ocr_carea' id='block_1_53' title="bbox 203 5286 3475 5357">
    <p class='ocr_par' dir='ltr' id='par_1_53' title="bbox 203 5286 3475 5357">
     <span class='ocr_line' id='line_1_53' title="bbox 203 5286 3475 5357; baseline -0 -12"><span class='ocrx_word' id='word_1_710' title='bbox 203 5296 443 5348; x_wconf 83' lang='lat' dir='ltr'><strong>obrutus</strong></span> <span class='ocrx_word' id='word_1_711' title='bbox 476 5291 658 5345; x_wconf 78' lang='lat' dir='ltr'><strong>fuerit.</strong></span> <span class='ocrx_word' id='word_1_712' title='bbox 702 5311 719 5339; x_wconf 72' lang='grc' dir='ltr'><strong><em>ι</em></strong></span> <span class='ocrx_word' id='word_1_713' title='bbox 764 5287 961 5344; x_wconf 80' lang='lat' dir='ltr'><strong>Verum</strong></span> <span class='ocrx_word' id='word_1_714' title='bbox 998 5290 1202 5343; x_wconf 85' lang='lat' dir='ltr'><strong>inserta</strong></span> <span class='ocrx_word' id='word_1_715' title='bbox 1236 5300 1363 5344; x_wconf 90' lang='lat' dir='ltr'><strong>sunt</strong></span> <span class='ocrx_word' id='word_1_716' title='bbox 1391 5291 1474 5344; x_wconf 90' lang='lat' dir='ltr'><strong>illa</strong></span> <span class='ocrx_word' id='word_1_717' title='bbox 1509 5291 1672 5343; x_wconf 87' lang='lat' dir='ltr'><strong>verba</strong></span> <span class='ocrx_word' id='word_1_718' title='bbox 1702 5289 1841 5357; x_wconf 83' lang='lat' dir='ltr'><strong>apud</strong></span> <span class='ocrx_word' id='word_1_719' title='bbox 1874 5287 2129 5342; x_wconf 88' lang='lat' dir='ltr'><strong>Joniuum</strong></span> <span class='ocrx_word' id='word_1_720' title='bbox 2170 5286 2562 5349; x_wconf 85' lang='lat' dir='ltr'><strong>Mombritiutu,</strong></span> <span class='ocrx_word' id='word_1_721' title='bbox 2594 5289 2645 5342; x_wconf 92' lang='lat' dir='ltr'><strong>in</strong></span> <span class='ocrx_word' id='word_1_722' title='bbox 2680 5288 3015 5357; x_wconf 88' lang='lat' dir='ltr'><strong>Legendario</strong></span> <span class='ocrx_word' id='word_1_723' title='bbox 3054 5300 3180 5344; x_wconf 89' lang='lat' dir='ltr'><strong>ante</strong></span> <span class='ocrx_word' id='word_1_724' title='bbox 3212 5292 3475 5346; x_wconf 89' lang='lat' dir='ltr'><strong>ducentos</strong></span> 
     </span>
    </p>
   </div>
   <div class='ocr_carea' id='block_1_54' title="bbox 204 5379 3474 5458">
    <p class='ocr_par' dir='ltr' id='par_1_54' title="bbox 204 5379 3474 5458">
     <span class='ocr_line' id='line_1_54' title="bbox 204 5379 3474 5458; baseline -0.001 -19"><span class='ocrx_word' id='word_1_725' title='bbox 204 5400 382 5439; x_wconf 86' lang='lat' dir='ltr'><strong>annos</strong></span> <span class='ocrx_word' id='word_1_726' title='bbox 416 5398 621 5438; x_wconf 74' lang='lat' dir='ltr'><strong>excuso</strong></span> <span class='ocrx_word' id='word_1_727' title='bbox 656 5401 667 5436; x_wconf 94' lang='lat'>:</span> <span class='ocrx_word' id='word_1_728' title='bbox 698 5382 825 5436; x_wconf 73' lang='lat' dir='ltr'><strong>item</strong></span> <span class='ocrx_word' id='word_1_729' title='bbox 860 5384 915 5436; x_wconf 91' lang='lat' dir='ltr'><strong>iu</strong></span> <span class='ocrx_word' id='word_1_730' title='bbox 945 5381 1223 5436; x_wconf 87' lang='lat' dir='ltr'><strong>Breviario</strong></span> <span class='ocrx_word' id='word_1_731' title='bbox 1254 5384 1498 5438; x_wconf 77' lang='lat' dir='ltr'><strong>Romano</strong></span> <span class='ocrx_word' id='word_1_732' title='bbox 1526 5383 1654 5436; x_wconf 89' lang='lat' dir='ltr'><strong>anni</strong></span> <span class='ocrx_word' id='word_1_733' title='bbox 1690 5382 1831 5436; x_wconf 69' lang='lat'><strong>152?.</strong></span> <span class='ocrx_word' id='word_1_734' title='bbox 1860 5391 2026 5452; x_wconf 87' lang='lat' dir='ltr'><strong>atque</strong></span> <span class='ocrx_word' id='word_1_735' title='bbox 2061 5396 2127 5436; x_wconf 91' lang='lat' dir='ltr'><strong>eo</strong></span> <span class='ocrx_word' id='word_1_736' title='bbox 2164 5380 2305 5451; x_wconf 87' lang='lat' dir='ltr'><strong>quod</strong></span> <span class='ocrx_word' id='word_1_737' title='bbox 2334 5381 2486 5449; x_wconf 87' lang='lat' dir='ltr'><strong>jussu</strong></span> <span class='ocrx_word' id='word_1_738' title='bbox 2518 5379 2669 5434; x_wconf 86' lang='lat' dir='ltr'><strong>Pauli</strong></span> <span class='ocrx_word' id='word_1_739' title='bbox 2701 5395 2856 5458; x_wconf 67' lang='lat' dir='ltr'><strong>papa:</strong></span> <span class='ocrx_word' id='word_1_740' title='bbox 2885 5380 2951 5436; x_wconf 86' lang='lat' dir='ltr'><strong>lli</strong></span> <span class='ocrx_word' id='word_1_741' title='bbox 2976 5399 3003 5435; x_wconf 90' lang='lat' dir='ltr'><strong>a</strong></span> <span class='ocrx_word' id='word_1_742' title='bbox 3032 5382 3307 5437; x_wconf 85' lang='lat' dir='ltr'><strong>cardinale</strong></span> <span class='ocrx_word' id='word_1_743' title='bbox 3340 5384 3474 5451; x_wconf 79' lang='lat' dir='ltr'><strong>Qni-</strong></span> 
     </span>
    </p>
   </div>
   <div class='ocr_carea' id='block_1_55' title="bbox 204 5474 3472 5550">
    <p class='ocr_par' dir='ltr' id='par_1_55' title="bbox 204 5474 3472 5550">
     <span class='ocr_line' id='line_1_55' title="bbox 204 5474 3472 5550; baseline -0.001 -18"><span class='ocrx_word' id='word_1_744' title='bbox 204 5479 412 5550; x_wconf 82' lang='lat' dir='ltr'><strong>gnonio</strong></span> <span class='ocrx_word' id='word_1_745' title='bbox 458 5479 766 5533; x_wconf 88' lang='lat' dir='ltr'><strong>ordinatmn</strong></span> <span class='ocrx_word' id='word_1_746' title='bbox 806 5489 858 5533; x_wconf 91' lang='lat' dir='ltr'><strong>et</strong></span> <span class='ocrx_word' id='word_1_747' title='bbox 910 5477 987 5531; x_wconf 93' lang='lat' dir='ltr'><strong>Pii</strong></span> <span class='ocrx_word' id='word_1_748' title='bbox 1021 5475 1063 5531; x_wconf 83' lang='lat' dir='ltr'><strong>V</strong></span> <span class='ocrx_word' id='word_1_749' title='bbox 1092 5476 1244 5545; x_wconf 87' lang='lat' dir='ltr'><strong>jussu</strong></span> <span class='ocrx_word' id='word_1_750' title='bbox 1300 5487 1486 5546; x_wconf 87' lang='lat' dir='ltr'><strong>postea</strong></span> <span class='ocrx_word' id='word_1_751' title='bbox 1528 5477 1731 5531; x_wconf 90' lang='lat' dir='ltr'><strong>editum</strong></span> <span class='ocrx_word' id='word_1_752' title='bbox 1788 5476 2050 5529; x_wconf 89' lang='lat' dir='ltr'><strong>hactenus</strong></span> <span class='ocrx_word' id='word_1_753' title='bbox 2101 5484 2437 5536; x_wconf 85' lang='lat' dir='ltr'><strong>asservatur,</strong></span> <span class='ocrx_word' id='word_1_754' title='bbox 2488 5474 2615 5528; x_wconf 88' lang='lat' dir='ltr'><strong>licet</strong></span> <span class='ocrx_word' id='word_1_755' title='bbox 2652 5475 2704 5528; x_wconf 90' lang='lat' dir='ltr'><strong>in</strong></span> <span class='ocrx_word' id='word_1_756' title='bbox 2744 5475 2891 5529; x_wconf 90' lang='lat' dir='ltr'><strong>hisee</strong></span> <span class='ocrx_word' id='word_1_757' title='bbox 2924 5475 3057 5529; x_wconf 84' lang='lat' dir='ltr'><strong>Acta</strong></span> <span class='ocrx_word' id='word_1_758' title='bbox 3114 5476 3324 5546; x_wconf 88' lang='lat' dir='ltr'><strong>integra</strong></span> <span class='ocrx_word' id='word_1_759' title='bbox 3362 5493 3472 5531; x_wconf 90' lang='lat' dir='ltr'><strong>non</strong></span> 
     </span>
    </p>
   </div>
   <div class='ocr_carea' id='block_1_56' title="bbox 202 5566 3473 5641">
    <p class='ocr_par' dir='ltr' id='par_1_56' title="bbox 202 5566 3473 5641">
     <span class='ocr_line' id='line_1_56' title="bbox 202 5566 3473 5641; baseline -0.002 -12"><span class='ocrx_word' id='word_1_760' title='bbox 202 5580 421 5634; x_wconf 86' lang='lat' dir='ltr'><strong>dentur,</strong></span> <span class='ocrx_word' id='word_1_761' title='bbox 471 5581 529 5625; x_wconf 91' lang='lat' dir='ltr'><strong>ut</strong></span> <span class='ocrx_word' id='word_1_762' title='bbox 570 5573 622 5626; x_wconf 91' lang='lat' dir='ltr'><strong>in</strong></span> <span class='ocrx_word' id='word_1_763' title='bbox 660 5571 950 5641; x_wconf 90' lang='lat' dir='ltr'><strong>antiquiori</strong></span> <span class='ocrx_word' id='word_1_764' title='bbox 988 5570 1284 5628; x_wconf 77' lang='lat' dir='ltr'><strong>Breviario.</strong></span> <span class='ocrx_word' id='word_1_765' title='bbox 1318 5570 1473 5624; x_wconf 84' lang='lat' dir='ltr'><strong>Prior</strong></span> <span class='ocrx_word' id='word_1_766' title='bbox 1518 5585 1643 5638; x_wconf 90' lang='lat' dir='ltr'><strong>pars</strong></span> <span class='ocrx_word' id='word_1_767' title='bbox 1686 5572 1945 5624; x_wconf 84' lang='lat' dir='ltr'><strong>Actorqu</strong></span> <span class='ocrx_word' id='word_1_768' title='bbox 1990 5568 2211 5637; x_wconf 78' lang='lat' dir='ltr'><strong>integra</strong></span> <span class='ocrx_word' id='word_1_769' title='bbox 2254 5567 2482 5621; x_wconf 90' lang='lat' dir='ltr'><strong>habetur</strong></span> <span class='ocrx_word' id='word_1_770' title='bbox 2515 5566 2566 5620; x_wconf 91' lang='lat' dir='ltr'><strong>in</strong></span> <span class='ocrx_word' id='word_1_771' title='bbox 2597 5566 2880 5623; x_wconf 86' lang='lat' dir='ltr'><strong>Brevrario</strong></span> <span class='ocrx_word' id='word_1_772' title='bbox 2908 5569 3036 5621; x_wconf 87' lang='lat' dir='ltr'><strong>anni</strong></span> <span class='ocrx_word' id='word_1_773' title='bbox 3069 5569 3226 5633; x_wconf 76' lang='lat' dir='ltr'><strong>H79,</strong></span> <span class='ocrx_word' id='word_1_774' title='bbox 3258 5570 3393 5625; x_wconf 75' lang='lat' dir='ltr'><strong>M90</strong></span> <span class='ocrx_word' id='word_1_775' title='bbox 3416 5579 3473 5623; x_wconf 84' lang='lat' dir='ltr'><strong>et</strong></span> 
     </span>
    </p>
   </div>
   <div class='ocr_carea' id='block_1_57' title="bbox 203 5660 3470 5736">
    <p class='ocr_par' dir='ltr' id='par_1_57' title="bbox 203 5660 3470 5736">
     <span class='ocr_line' id='line_1_57' title="bbox 203 5660 3470 5736; baseline -0 -19"><span class='ocrx_word' id='word_1_776' title='bbox 203 5666 550 5733; x_wconf 64' lang='lat' dir='ltr'><strong>sequentium</strong></span> <span class='ocrx_word' id='word_1_777' title='bbox 595 5683 608 5719; x_wconf 86' lang='lat'><strong>:</strong></span> <span class='ocrx_word' id='word_1_778' title='bbox 639 5666 689 5718; x_wconf 92' lang='lat' dir='ltr'><strong>in</strong></span> <span class='ocrx_word' id='word_1_779' title='bbox 725 5681 895 5736; x_wconf 87' lang='lat' dir='ltr'><strong>eaque</strong></span> <span class='ocrx_word' id='word_1_780' title='bbox 922 5674 1077 5735; x_wconf 87' lang='lat' dir='ltr'><strong>parte</strong></span> <span class='ocrx_word' id='word_1_781' title='bbox 1113 5667 1464 5719; x_wconf 87' lang='lat' dir='ltr'><strong>continentur</strong></span> <span class='ocrx_word' id='word_1_782' title='bbox 1492 5665 1578 5716; x_wconf 84' lang='lat' dir='ltr'><strong>illa</strong></span> <span class='ocrx_word' id='word_1_783' title='bbox 1620 5680 1737 5732; x_wconf 73' lang='lat' dir='ltr'><strong>qua:</strong></span> <span class='ocrx_word' id='word_1_784' title='bbox 1774 5663 1897 5717; x_wconf 88' lang='lat' dir='ltr'><strong>inde</strong></span> <span class='ocrx_word' id='word_1_785' title='bbox 1930 5662 2276 5730; x_wconf 60' lang='lat' dir='ltr'><strong>Slaurolycus</strong></span> <span class='ocrx_word' id='word_1_786' title='bbox 2317 5676 2476 5728; x_wconf 86' lang='lat' dir='ltr'><strong>supra</strong></span> <span class='ocrx_word' id='word_1_787' title='bbox 2525 5660 2747 5715; x_wconf 89' lang='lat' dir='ltr'><strong>tradidit</strong></span> <span class='ocrx_word' id='word_1_788' title='bbox 2785 5660 2849 5715; x_wconf 90' lang='lat' dir='ltr'><strong>de</strong></span> <span class='ocrx_word' id='word_1_789' title='bbox 2877 5679 2895 5712; x_wconf 71' lang='grc' dir='ltr'>ε</span> <span class='ocrx_word' id='word_1_790' title='bbox 2934 5677 3203 5717; x_wconf 86' lang='lat' dir='ltr'><strong>veneuoso</strong></span> <span class='ocrx_word' id='word_1_791' title='bbox 3232 5664 3470 5717; x_wconf 86' lang='lat' dir='ltr'><strong>dracone</strong></span> 
     </span>
    </p>
   </div>
   <div class='ocr_carea' id='block_1_58' title="bbox 203 5755 3471 5824">
    <p class='ocr_par' dir='ltr' id='par_1_58' title="bbox 203 5755 3471 5824">
     <span class='ocr_line' id='line_1_58' title="bbox 203 5755 3471 5824; baseline 0 -11"><span class='ocrx_word' id='word_1_792' title='bbox 203 5760 592 5822; x_wconf 52' lang='lat' dir='ltr'><strong>“terminato,</strong></span> <span class='ocrx_word' id='word_1_793' title='bbox 636 5781 652 5812; x_wconf 72' lang='grc' dir='ltr'><strong>ρ</strong></span> <span class='ocrx_word' id='word_1_794' title='bbox 695 5773 787 5814; x_wconf 83' lang='lat' dir='ltr'><strong>aut</strong></span> <span class='ocrx_word' id='word_1_795' title='bbox 817 5763 997 5814; x_wconf 81' lang='lat' dir='ltr'><strong>forsan</strong></span> <span class='ocrx_word' id='word_1_796' title='bbox 1039 5759 1258 5815; x_wconf 87' lang='lat' dir='ltr'><strong>diabolo</strong></span> <span class='ocrx_word' id='word_1_797' title='bbox 1289 5761 1389 5815; x_wconf 82' lang='lat' dir='ltr'><strong>sub</strong></span> <span class='ocrx_word' id='word_1_798' title='bbox 1438 5760 1560 5813; x_wconf 87' lang='lat' dir='ltr'><strong>tetri</strong></span> <span class='ocrx_word' id='word_1_799' title='bbox 1608 5759 1835 5813; x_wconf 83' lang='lat' dir='ltr'><strong>monstri</strong></span> <span class='ocrx_word' id='word_1_800' title='bbox 1888 5759 2082 5824; x_wconf 78' lang='lat' dir='ltr'><strong>ligura.</strong></span> <span class='ocrx_word' id='word_1_801' title='bbox 2128 5755 2332 5809; x_wconf 82' lang='lat' dir='ltr'><strong>Similia</strong></span> <span class='ocrx_word' id='word_1_802' title='bbox 2392 5756 2588 5811; x_wconf 81' lang='lat' dir='ltr'><strong>habent</strong></span> <span class='ocrx_word' id='word_1_803' title='bbox 2642 5755 2830 5813; x_wconf 82' lang='lat' dir='ltr'><strong>Petrus</strong></span> <span class='ocrx_word' id='word_1_804' title='bbox 2874 5758 2937 5813; x_wconf 81' lang='lat' dir='ltr'><strong>de</strong></span> <span class='ocrx_word' id='word_1_805' title='bbox 2978 5757 3255 5813; x_wconf 68' lang='lat' dir='ltr'><strong>Natalibus</strong></span> <span class='ocrx_word' id='word_1_806' title='bbox 3301 5760 3390 5813; x_wconf 87' lang='lat' dir='ltr'><strong>lib.</strong></span> <span class='ocrx_word' id='word_1_807' title='bbox 3421 5776 3471 5812; x_wconf 83' lang='lat' dir='ltr'><strong>tv</strong></span> 
     </span>
    </p>
   </div>
   <div class='ocr_carea' id='block_1_59' title="bbox 204 5849 2452 5926">
    <p class='ocr_par' dir='ltr' id='par_1_59' title="bbox 204 5849 2452 5926">
     <span class='ocr_line' id='line_1_59' title="bbox 204 5849 2452 5926; baseline -0.003 -16"><span class='ocrx_word' id='word_1_808' title='bbox 204 5853 477 5924; x_wconf 77' lang='lat' dir='ltr'><strong>Cutalogi,</strong></span> <span class='ocrx_word' id='word_1_809' title='bbox 513 5873 632 5925; x_wconf 80' lang='lat' dir='ltr'><strong>cap.</strong></span> <span class='ocrx_word' id='word_1_810' title='bbox 683 5855 799 5923; x_wconf 79' lang='lat'><strong>107,</strong></span> <span class='ocrx_word' id='word_1_811' title='bbox 836 5855 1111 5926; x_wconf 75' lang='lat' dir='ltr'><strong>Philippus</strong></span> <span class='ocrx_word' id='word_1_812' title='bbox 1142 5854 1425 5912; x_wconf 71' lang='lat' dir='ltr'><strong>Ferrarius</strong></span> <span class='ocrx_word' id='word_1_813' title='bbox 1462 5855 1533 5910; x_wconf 86' lang='lat' dir='ltr'><strong>Dc</strong></span> <span class='ocrx_word' id='word_1_814' title='bbox 1568 5853 1760 5909; x_wconf 65' lang='lat' dir='ltr'><strong>sanctis</strong></span> <span class='ocrx_word' id='word_1_815' title='bbox 1801 5852 2000 5917; x_wconf 53' lang='lat' dir='ltr'><strong>Italian</strong></span> <span class='ocrx_word' id='word_1_816' title='bbox 2037 5862 2084 5905; x_wconf 83' lang='lat' dir='ltr'><strong>et</strong></span> <span class='ocrx_word' id='word_1_817' title='bbox 2128 5851 2309 5921; x_wconf 81' lang='lat' dir='ltr'><strong>plures</strong></span> <span class='ocrx_word' id='word_1_818' title='bbox 2340 5849 2452 5905; x_wconf 76' lang='lat' dir='ltr'><strong>alii.</strong></span> 
     </span>
    </p>
   </div>
  </div>
