4230 6436
188 390 290 454 189

1267 405 1445 464 VlTA
1488 405 1548 464 S.
1597 405 1936 465 PHlLlPl’l
1980 408 2376 470 APOSTULI.

3343 414 3440 480 190

179 503 464 557 ἐλεύσεται
505 508 595 559 καὶ
649 515 802 582 κοινῇ
862 513 1028 564 πᾶσιν
1060 513 1408 582 οἰκονομήσει
1452 514 1550 583 τὴν
1582 532 1757 581 σωτη-

1863 519 2001 570 enim
2036 520 2100 572 iis
2136 521 2223 586 qui
2257 520 2595 587 juventutem
2635 519 2924 582 docebant,
2962 518 3043 573 fas
3079 529 3198 573 erat
3236 522 3442 576 doctri—

179 596 331 661 ρίαν·
360 598 418 647 οὐ
437 600 545 668 γάρ
577 602 758 668 ἐφεῖτο
782 607 890 665 τοῖς
914 603 1033 655 τότε
1060 603 1377 656 παιδεύουσι
1404 606 1539 674 πρὸς
1565 605 1760 674 ἑτέραν

179 684 422 754 μάθησιν
445 693 571 753 τοὺς
614 695 874 761 φοιτητὰς
909 695 1161 747 ἐκπονεῖν
1183 733 1196 757 ,
1230 697 1279 747 εί
1323 695 1399 766 μὴ
1421 697 1489 748 τά
1520 697 1762 758 Μωσέως

179 780 350 844 πρό-τε
364 798 453 849 ρον
493 783 849 848 ἑπιλέξοιντο.

253 871 327 924 Ρ.
382 874 639 936 Ἐπιστὰς
676 874 767 929 οὖν
801 879 828 930 ὁ
873 878 1083 947 Ἰησοῦς
1108 881 1171 949 τῇ
1211 879 1496 950 Γαλιλαία,
1555 879 1760 932 καὶτὸν

182 965 364 1028 μέγαν
393 968 580 1020 τοῦτον
611 969 879 1021 Φίλιππον
933 970 1208 1042 εὑρηκὼς,
1266 971 1582 1028 ἀκολουθεῖν
1612 972 1759 1041 αὑτῷ

178 1059 558 1124 προετρέπετο
578 1074 591 1087 '
615 1061 707 1112 καὶ
731 1060 787 1122 ὃς
819 1060 1061 1125 ἀκούσας
1088 1065 1164 1124 εἰς
1191 1063 1412 1132 μνήμην
1440 1059 1575 1132 ἧκεν
1601 1063 1759 1127 εὐθὺς

177 1142 251 1198 ὧν
290 1149 353 1200 ἐκ
388 1151 576 1212 παιδὸς
607 1153 731 1220 περὶ
757 1151 994 1222 Χριστοῦ
1055 1155 1266 1221 ἤσκησὲ
1293 1171 1351 1205 τε
1402 1156 1495 1205 καὶ
1544 1154 1759 1206 συνελέ-

177 1237 338 1300 ξιτῡ²

178 1332 426 1397 Μωσέως
474 1335 647 1404 βίϐλοι
685 1338 1000 1389 ἐλεύσεσθαι
1037 1335 1262 1403 ὕστερον
1291 1337 1606 1402 διεσάφουν.
1639 1337 1757 1387 Ἐν·

181 1426 367 1477 τεῦθεν
410 1422 561 1488 οὗτος
587 1429 662 1496 τῷ
694 1429 989 1481 καλέσαντι
1025 1429 1333 1500 διδασκάλῳ
1361 1429 1421 1482 τὸ
1467 1429 1572 1481 ἀπὸ
1601 1429 1754 1482 τοῦδε

393 1243 488 1293 καὶ
543 1243 734 1296 τοῦτον
791 1246 999 1296 ἐκεῖνον
1030 1241 1169 1296 εἶναι
1210 1244 1431 1310 διέγνω,
1484 1245 1543 1296 ὃν
1578 1244 1754 1296 αἰτοῦ

177 1519 364 1582 συνῆν,
401 1520 811 1588 συμπροῖοὖσάν
841 1539 900 1574 τε
924 1518 1037 1592 εἶχε
1071 1523 1149 1593 τῷ
1181 1523 1359 1594 χρόνῳ
1395 1525 1495 1593 τὴν
1533 1524 1755 1592 ἀρετὴν,

175 1612 420 1672 καὶτοῖς
474 1612 581 1664 τῶν
651 1614 910 1682 μαθητῶν
966 1615 1283 1685 κορυφαίοις
1345 1615 1753 1684 συνηριθμεῖτο.

174 1703 477 1772 Μετασχὼν
504 1704 559 1756 δὲ
588 1705 730 1757 οὕτω
760 1707 854 1759 τοῦ
878 1707 1107 1772 ἀγαθοῦ,
1149 1710 1437 1769 κοινωνοὺς
1468 1709 1757 1776 παραλαμ-

173 1793 326 1845 ϐάνει
366 1797 462 1847 καὶ
489 1797 684 1860 ἄλλους
714 1799 813 1866 τῆς
857 1799 1233 1866 μεταλήψεωῆ
1261 1798 1356 1849 καὶ
1392 1800 1490 1850 οὐκ
1516 1798 1757 1868 ἀπθκρύ·’

1867 628 1983 663 nam
2017 612 2178 664 aliam
2202 612 2476 680 discipulis
2499 613 2732 677 tradere,
2765 613 2866 666 nisi
2904 614 3053 681 prius
3084 611 3306 684 Moysen
3327 617 3446 669 edi-

1864 703 2144 757 dieisseut.

1935 887 2018 942 Ill.
2048 887 2283 942 Veniens
2315 887 2480 954 igitur
2509 887 2562 941 in
2590 887 2866 944 Galilaeam
2893 887 3072 954 Jesus,
3105 899 3155 944 et
3191 905 3443 959 magnum

1864 981 2007 1033 hunc
2041 979 2344 1048 Philippum
2384 980 2685 1046 reperiens,
2715 981 2869 1045 sequi
2907 995 2964 1034 se
2985 981 3158 1048 jubet.
3188 978 3283 1034 Hie
3315 997 3446 1034 vero

1862 1080 1921 1127 ut
1985 1083 2268 1124 vocantem
2331 1072 2522 1134 audiit,
2570 1073 2752 1125 statim
2814 1073 2963 1125 venit
3017 1074 3068 1125 in
3127 1075 3446 1126 memoriam

1861 1181 2048 1218 eorum
2100 1180 2218 1233 qua:
2250 1181 2277 1217 a
2325 1178 2492 1233 puero
2554 1172 2876 1232 perceperat
2929 1163 3335 1231 college-ratque
3382 1163 3450 1217 de

1858 1256 2076 1309 Christo
2109 1258 2390 1323 ipsumque
2418 1270 2541 1309 esse
2571 1256 2844 1325 cognovit,
2869 1270 3026 1322 quem
3065 1254 3187 1306 lihri
3225 1253 3448 1307 Mosaici

1861 1359 2147 1401 venturum
2195 1348 2660 1402 demonstrabant.
2707 1347 2914 1400 Exinde
2943 1347 3156 1400 vocanti
3190 1360 3247 1398 se
3280 1344 3449 1415 Magi-

1858 1452 1971 1492 Ser
1998 1440 2244 1501 adhmsit,
2271 1451 2320 1492 et
2351 1442 2608 1507 paulatim
2639 1439 2930 1507 proficiens
2961 1438 3011 1491 in
3042 1440 3260 1500 virtute,
3288 1437 3451 1489 disci-

1860 1532 2105 1601 pulorum
2143 1533 2431 1599 praecipuis
2464 1533 2564 1585 fuit
2619 1541 3037 1584 annunteratus.
3077 1530 3228 1595 Quod
3271 1538 3451 1582 autent

1859 1619 2084 1685 adeptus
2112 1629 2227 1672 erat
2253 1619 2447 1672 bonum
2477 1621 2639 1674 etiam
2668 1620 2790 1674 aliis
2814 1621 3217 1673 communicare
3241 1619 3446 1681 voluit;

1861 1711 2102 1779 illudque
2149 1711 2294 1765 haud
2330 1713 2690 1777 abscondens,
2739 1713 2912 1779 primo
2945 1712 3029 1765 cui
3067 1712 3307 1764 occurrit
3341 1709 3452 1762 Na-

1868 1804 2103 1856 thanaeli
2145 1806 2284 1870 (erat
2339 1805 2427 1858 hic
2463 1806 2511 1857 ei
2557 1806 2764 1857 amicus
2803 1813 2858 1857 et
2897 1803 3185 1857 familiaris
3217 1817 3246 1856 a
3294 1802 3454 1871 longo

175 1905 372 1940 πτεται
426 1889 648 1955 ταύτην.
710 1890 846 1944 ἀλλὰ
878 1891 1094 1959 πρῶτον
1127 1889 1436 1959 περιτυχὼν
1465 1891 1540 1958 τῷ
1570 1892 1757 1943 Ναθα-

1868 1897 2126 1963 tempore)
2153 1897 2493 1964 praesentiam
2521 1898 2808 1958 venientis,
2839 1913 2941 1951 non
2975 1904 3032 1948 ut
3068 1895 3328 1954 futuram,
3360 1893 3454 1946 sed

174 1982 328 2042 ναὴλ,
367 1981 423 2041 ὃς
472 1983 531 2032 ὲκ
567 1980 760 2032 πολλοῦ
800 1982 953 2049 φίλος
1006 1981 1172 2034 αὑτοῦ
1210 1983 1304 2033 καὶ
1338 1982 1574 2051 συνήθης
1603 1982 1759 2047 ἐτύγ-

175 2089 325 2139 χανε,
360 2071 454 2141 τὴν
484 2071 576 2124 τοῦ
609 2073 905 2142 ἐρχομένου
937 2074 1264 2143 παρουσίαν,
1291 2074 1385 2140 οὐχ
1413 2073 1485 2135 ὡς
1521 2073 1600 2123 ἔτι
1629 2073 1759 2141 μὲλ-

172 2163 396 2222 λουσαν,
430 2161 544 2213 ἀλλ’
575 2162 649 2224 ὡς
679 2162 780 2232 ἤδη
828 2162 1129 2232 παροῦσαν,
1166 2163 1562 2232 εὐηγγελίσατο
1584 2179 1596 2191 ·
1641 2164 1757 2215 Οὐκ

173 2254 273 2316 ἔτι,
317 2255 511 2319 λέγων,
550 2256 608 2306 ἐν
639 2257 855 2308 ἐλπίσιν
887 2258 918 2325 ἡ
960 2257 1205 2326 σωτηρίᾳ
1258 2256 1334 2326 τῷ
1373 2256 1615 2328 Ἰσραὴλ,
1645 2255 1755 2308 ἀλλ’

172 2347 228 2397 δ’)
260 2348 316 2398 αἱ
369 2349 844 2418 προσημαίνουσαι
909 2350 1152 2417 γλῶσσαι
1216 2353 1310 2402 καὶ
1345 2349 1422 2419 τῷ
1477 2351 1757 2420 ῐινεύματι

175 2437 407 2507 Σωτῆρα
451 2442 712 2507 προεῖπον
747 2441 832 2491 ἐπ’
865 2440 1112 2507 ἐσχάτων
1143 2439 1218 2507 τῷ
1268 2440 1485 2507 Ἰσραὴλ
1519 2443 1759 2511 ἀναστή-

176 2531 387 2595 σεσθαι,
441 2535 711 2599 πάρεστι·
755 2529 945 2582 τοῦτον
997 2530 1249 2598 εὑρόντες
1301 2533 1460 2600 ἡμεῖς
1503 2532 1592 2583 τὸν
1648 2534 1757 2585 ἀπὸ

175 2624 426 2692 Ναζαρὲτ
463 2621 688 2692 Ἰησοῦν,
718 2621 908 2691 καὶτῷ
932 2622 1040 2674 τῶν
1072 2622 1237 2675 αὑτοῦ
1265 2624 1561 2693 θαυμάτων
1587 2624 1757 2696 ὑπερ-

175 2721 300 2776 φυεί
335 2717 409 2788 μὴ
440 2717 651 2788 ἔχοντες
675 2719 945 2782 ἀπιστεῖν,
975 2719 1192 2789 μακρὰς
1231 2723 1341 2783 τοῖς
1413 2721 1596 2784 ἄλλοις
1651 2722 1824 2776 ἅπασι

173 2810 415 2879 λιέίιμεοα,

247 2905 319 2959 Δ’.
351 2908 576 2971 Τούτοις
616 2909 900 2979 κατάκρας
938 2907 1074 2962 ἐλὼν
1102 2910 1194 2962 τὸν
1223 2908 1538 2977 Ναθαναὴλ,
1579 2928 1762 2963 καιτοι

171 3001 675 3069 δυσανασχετοῦντα
700 3003 776 3068 τῷ
806 3004 1116 3070 πράγματι,
1150 3004 1244 3055 καὶ
1283 3004 1358 3072 μὴ
1385 3004 1450 3056 ἂν
1486 3005 1548 3054 ἐκ
1579 3004 1764 3067 Ναζα-

177 3094 269 3161 ρὲτ
295 3095 498 3158 ἀγαθὸν
535 3089 672 3146 εἷναί
706 3112 757 3146 τι
808 3093 1235 3162 διατεινόμενον.
1282 3096 1378 3147 τοῦ
1441 3096 1540 3162 μὲν
1579 3097 1645 3149 τά
1672 3095 1762 3149 τοῦ

188 3183 408 3253 Ἰσραὴλ
440 3185 766 3255 πρεσϐεύειν
798 3187 1083 3254 ἀφίστησι.
1122 3185 1401 3254 πειθήνιον
1429 3186 1483 3237 δὲ
1514 3186 1591 3253 τῷ
1628 3189 1764 3255 Χρι-

178 3278 288 3346 στῴ
327 3279 593 3350 προσάγει
643 3279 734 3332 τὸν
764 3281 950 3349 ἄνδρα,
995 3279 1068 3346 (ὁ)
1099 3279 1190 3330 καὶ
1232 3273 1391 3330 τοῦτο
1417 3279 1632 3348 πρῶτον
1669 3280 1757 3331 εὑ·
1785 3315 1827 3376 C

177 3374 330 3433 νοίας
357 3372 742 3439 άπαραμίλλου
792 3374 1092 3440 παρίστησι
1147 3371 1457 3441 γνώρισμα,
1521 3370 1577 3422 '0
1601 3371 1654 3422 δὲ
1689 3372 1755 3439 τῇ

176 3466 325 3529 ὑγιεῖ
351 3465 548 3515 αὐτίκα
582 3465 762 3516 πίστει
800 3466 1172 3534 προσθέμενος
1210 3463 1758 3536 παρρησιαστικώτε-

177 3573 269 3622 ρον
302 3554 578 3618 ἐξεῦάησε,
619 3555 830 3617 Ῥα66“ι,
868 3556 1067 3621 λέγων,
1112 3555 1173 3606 σὺ
1212 3551 1259 3605 εἴ
1310 3559 1336 3606 ὁ
1370 3555 1624 3623 βασιλεὺς
1664 3557 1758 3608 τοῦ

188 3645 429 3713 Ἰσραήλ.
481 3645 597 3712 Ἐφ’
627 3641 670 3713 ᾧ
700 3651 789 3698 καὶ
811 3650 836 3698 ὁ
872 3648 1108 3716 Χριστὸς
1137 3646 1300 3710 αὐτὸς
1335 3647 1522 3716 ἡσθεὶς
1549 3649 1624 3712 ὼς
1653 3650 1760 3701 ἀπὸ

177 3742 410 3811 γνώμης
463 3742 769 3794 ἐνδιαθέτου
819 3741 1086 3811 λεχθέντι,
1121 3743 1458 3796 ὲκκαλύπτει
1511 3742 1660 3811 αὑτῷ
1703 3744 1760 3795 τὸ

173 3837 401 3897 οἰκεῖον,
431 3834 572 3886 ὥστε
597 3837 688 3887 καὶ
724 3835 933 3902 μύστην
979 3835 1241 3905 μειζόνων
1293 3836 1518 3888 ἔσεσθαι
1555 3851 1762 3903 μυστη-

180 3929 340 3998 ρίων,
393 3927 486 3978 καὶ
549 3926 824 3994 βασιλείας
874 3929 1006 3981 Θεοῦ
1045 3929 1270 3996 θεατήν·
1331 3927 1383 3978 τί
1429 3927 1536 3996 γάρ
1581 3944 1758 3995 emat;

185 4041 203 4071 ι
246 4019 419 4086 Ἀμὴν
451 4019 594 4086 λέγω
642 4019 794 4087 ὑμῖν,
838 4020 927 4071 τον
965 4019 1194 4090 οὐρανὸν
1224 4019 1502 4087 ἀνεωγὸτα
1541 4021 1760 4090 ὄψεσθε,

179 4116 277 4165 καὶ
321 4114 445 4173 τοὺς
493 4112 753 4179 ἀγγέλους
799 4113 892 4166 τοῦ
942 4113 1076 4166 Θεοῦ
1114 4113 1505 4177 ἁναὸαίνοντάς
1563 4133 1622 4166 τε
1669 4115 1764 4167 καὶ

178 4205 613 4265 καταϐαίνοντας
639 4204 735 4256 ἐπὶ
761 4205 854 4256 τὸν
879 4206 1002 4257 Υίδν
1020 4206 1112 4257 τοῦ
1145 4206 1459 4274 ἀνθρώπου.
1508 4225 1526 4256 ι
1567 4206 1638 4257 Τὸ
1668 4204 1763 4257 ἀπ’

177 4299 393 4350 ἐκείνου
433 4295 720 4368 τοιγαροῦν
748 4297 774 4348 ὁ
801 4295 1099 4367 ἱερώτατος
1129 4298 1396 4358 Φίλιππος
1425 4298 1549 4359 ταῖς
1594 4298 1766 4368 ἱεραῖς

181 4391 601 4457 μυσταγωγίαις
631 4389 847 4459 ὑπέχων
874 4390 933 4441 τὸ
967 4389 1082 4453 οὓς.
1116 4390 1237 4452 ὅλος
1295 4389 1518 4442 ἐκείνων
1562 4385 1630 4459 ἦν
1665 4390 1764 4459 τὴν

175 4483 445 4542 διάνοιαν,
512 4482 778 4550 μηδεμιᾶς
840 4483 1002 4536 αὐτὸν
1054 4483 1408 4553 ἁντισπώσης
1484 4483 1767 4553 φροντίδος

178 4575 323 4642 πρὸς
351 4573 532 4641 ἕτερα,
567 4573 660 4624 καὶ⁸
685 4573 761 4644 τῷ
796 4575 893 4642 τῆς
926 4575 1205 4646 θειοτέρας
1231 4575 1486 4641 γνώσεως
1511 4575 1649 4642 φωτὶ
1676 4576 1766 4627 τὸν

1863 1996 1916 2037 ut
1947 1987 2054 2053 jam
2101 1987 2451 2039 exsistentem
2503 1987 2870 2048 annuntiavit,
2905 1987 3135 2039 dicens:
3175 1984 3290 2037 Non
3338 1985 3450 2052 jam

1860 2079 2092 2146 amplius
2132 2079 2182 2131 in
2232 2093 2330 2146 spe
2370 2079 2623 2132 consistit
2657 2077 2875 2132 lsraelis
2913 2081 3060 2132 salus
3097 2097 3109 2130 :
3147 2079 3237 2130 sed
3287 2090 3447 2144 quem

1863 2174 2197 2244 propheticae
2225 2174 2418 2244 linguae
2463 2176 2514 2227 in
2553 2175 2758 2243 Spiritu
2793 2176 3168 2242 praedixerunt
3203 2172 3456 2226 Salvato-

1865 2283 1999 2330 rem,
2045 2277 2287 2321 extremo
2320 2270 2373 2321 in
2411 2278 2650 2336 tempore
2698 2266 3100 2329 suscitandum,
3158 2265 3271 2333 ipse
3312 2279 3457 2316 nunc

1862 2361 2036 2414 adest.
2077 2359 2228 2412 Hunc
2257 2375 2385 2428 ergo
2418 2375 2540 2412 cum
2590 2358 2958 2410 invenerimus
3003 2356 3186 2410 Jesum
3223 2371 3249 2406 a
3282 2351 3457 2407 Naza-

1863 2450 2004 2509 rcth,
2041 2462 2216 2515 neque
2243 2447 2511 2514 possimus
2539 2461 2659 2500 esse
2693 2444 2955 2499 increduli
2982 2442 3322 2497 excellentiae
3356 2441 3454 2493 mi-

1867 2541 2183 2592 raculorum
2220 2541 2356 2606 ejus,
2390 2541 2510 2594 aliis
2534 2539 2785 2593 omnibus
2825 2539 3044 2607 longum
3083 2535 3458 2605 valerejussis

1864 2629 2333 2681 conversationem
2371 2629 2512 2682 illius
2551 2629 2932 2695 suscipiamus.

1863 2721 2074 2792 χαίρειν
2109 2723 2376 2789 εἰπόντες,
2415 2722 2511 2792 τὴν
2562 2725 2680 2792 ἅμα
2714 2721 2890 2792 τούτῳ
2947 2717 3230 2789 διαγωγὴν
3260 2734 3456 2787 προει-

1936 2909 2026 2963 lV.
2066 2909 2158 2962 His
2190 2911 2348 2963 dictis
2374 2921 2492 2978 post
2519 2927 2577 2964 se
2619 2909 3008 2963 Nathanaelem
3045 2908 3292 2973 trahens,
3329 2909 3458 2965 licet

1862 3018 2004 3070 aegre
2053 3016 2397 3071 persuasum,
2435 3012 2487 3054 et
2522 3017 2650 3054 num
2686 3019 2749 3054 ex
2783 3001 3051 3054 Nazareth
3096 3001 3218 3053 boni
3252 3001 3454 3070 aliquid

1861 3110 1983 3150 esse.
2011 3105 2194 3164 posset
2227 3102 2637 3166 percontantem
2662 3135 2676 3160 ,
2711 3108 2738 3146 a
2802 3109 2930 3147 cura
2965 3092 3182 3145 Israelis
3214 3092 3455 3156 abducit,

1863 3190 2191 3259 Christoque
2226 3190 2616 3245 obsecuturum
2668 3189 2824 3249 stitit,
2862 3197 3028 3255 atque
3080 3186 3184 3240 hoc
3223 3185 3454 3253 primunt

1863 3284 2089 3336 sincerze
2135 3299 2246 3336 sua:
2301 3284 2498 3335 mentis
2541 3291 2925 3348 argumentum
2962 3279 3214 3346 praebuit.
3248 3277 3458 3328 Natha-

1864 3374 1983 3428 nael
2016 3389 2143 3427 vero
2185 3374 2394 3442 integra
2428 3389 2549 3427 cum
2590 3373 2690 3425 iide
2721 3371 3006 3434 οεςίειοιις,
3045 3371 3323 3423 liberrime
3355 3384 3454 3432 ex-

1863 3465 2114 3520 clamavit
2152 3482 2164 3518 :
2202 3463 2396 3526 Rabhi,
2430 3473 2484 3517 tu
2514 3480 2571 3518 es
2611 3463 2721 3517 Rex
2762 3462 2948 3516 Israel.
2987 3461 3165 3528 Quem
3202 3468 3259 3513 ut
3287 3461 3458 3515 sensit

1865 3560 2114 3614 Christus
2174 3574 2238 3611 ex
2293 3558 2457 3609 animi
2523 3555 2987 3608 incommutabilis
3046 3555 3320 3608 sententia
3376 3554 3457 3606 sic

1863 3653 2028 3719 loqui,
2057 3652 2368 3705 manifestat
2400 3651 2447 3705 ei
2485 3649 2628 3720 quod
2665 3664 2980 3717 magnorum
3015 3646 3268 3702 conscius
3315 3655 3460 3698 esset

1863 3744 2078 3797 futurus
2125 3753 2460 3795 secretorum
2495 3751 2550 3796 et
2602 3741 2748 3807 regni
2792 3740 2884 3793 Dei
2942 3740 3278 3808 speculator.
3316 3737 3458 3802 Quid

1863 3835 2005 3890 enim
2035 3833 2141 3887 ait?
2165 3834 2391 3895 «Amen,
2413 3830 2610 3900 inquit,
2636 3830 2758 3885 dico
2778 3831 2952 3895 vobis,
2978 3830 3231 3883 videbitis
3258 3829 3456 3883 malum

1867 3937 2134 3996 apertum,
2163 3938 2216 3980 et
2239 3927 2458 3997 angelos
2480 3925 2571 3978 Dei
2597 3925 2955 3979 ascendentes
2982 3935 3032 3977 et
3064 3923 3460 3978 descendentes

1865 4035 2028 4089 super
2043 4019 2234 4073 Filium
2262 4020 2497 4073 hominis
2517 4020 2552 4074 ¹.
2570 4038 2588 4070 ι
2613 4019 2690 4072 Ex
2707 4019 2798 4071 illo
2821 4032 2948 4087 ergo
2971 4027 3212 4085 tempore
3231 4015 3462 4067 sanctis-

1867 4117 2034 4169 simus
2063 4110 2361 4182 Philippus,
2405 4112 2574 4166 sacris
2618 4109 2890 4181 mysteriis
2940 4124 3128 4162 aurem
3154 4121 3462 4161 accommo-

1869 4208 2025 4272 dans,
2060 4217 2173 4258 toto
2220 4205 2273 4258 itt
2313 4207 2419 4259 illis
2453 4215 2571 4260 erat
2603 4206 2804 4265 animo,
2840 4203 3078 4271 nullique
3124 4201 3278 4255 alteri
3311 4214 3458 4253 curte

1869 4315 1989 4353 eum
2012 4298 2318 4360 advertens,
2337 4297 2539 4350 lumine
2557 4294 2838 4349 divinioris
2855 4292 3185 4362 cognitionis
3201 4293 3252 4344 in
3279 4300 3459 4344 mente

1871 4392 2239 4461 purgabatur;
2273 4405 2336 4444 ac
2365 4390 2594 4458 primam
2625 4402 2834 4443 exuens
2876 4384 3262 4456 ignorantiam,
3297 4399 3457 4436 reno-

1872 4487 2100 4539 vabatur
2140 4485 2315 4553 quoad
2366 4485 2637 4538 hominem
2673 4483 3010 4536 interiorem.
3063 4479 3457 4548 Progrediente

1872 4592 1999 4630 vero
2030 4585 2186 4631 aetate
2231 4576 2610 4644 perlectiorem
2645 4590 2768 4644 erga
2801 4573 3079 4628 Christum
3127 4572 3455 4624 charitatem

179 4667 447 4736 λογισμὸν
478 4665 819 4736 ἐκαθαίρετο,
847 4668 942 4737 τήν
982 4685 1042 4719 τε
1068 4667 1340 4736 προτέραν
1382 4666 1765 4730 ἀποσκευαζό-

1873 4683 2179 4732 assumens,
2206 4668 2322 4733 ejus
2352 4668 2594 4721 vicissim
2624 4666 2886 4734 aqualem
2911 4679 3036 4732 erga
3074 4677 3132 4716 se
3161 4661 3456 4731 recipiebat

186 4779 352 4832 μενος
377 4762 623 4829 ἄγνοιαν,
669 4762 878 4815 καὶτὸν
913 4763 1064 4824 ἐντὸς
1123 4761 1610 4828 ἀνακαινιζόμενος
1663 4760 1757 4812 ἄν·

179 4857 426 4923 θρωπον.
486 4854 578 4916 Είς
622 4855 817 4921 ἄνδρας
873 4855 1049 4907 τοίνυν
1079 4854 1253 4922 ἥκων.
1287 4854 1624 4922 τελεωτέραν
1659 4852 1759 4920 μὲν

177 4948 284 5014 τὴν
312 4948 534 5017 ἀγάπην
556 4947 652 5016 τὴν
674 4950 750 5010 εἱς
783 4949 1014 5019 Χριστὸν
1041 4947 1453 5017 προσελάμϐανε
1472 4963 1485 4975 ⁸
1512 4948 1611 5016 τὴν
1640 4945 1762 5015 ἴσην

1870 4778 2133 4826 amorem,
2188 4771 2244 4813 nt
2299 4772 2560 4831 tanquam
2610 4760 2752 4812 illius
2805 4767 3176 4826 reputaretur,
3229 4767 3280 4809 et
3337 4755 3454 4806 loco

1871 4854 2103 4908 lueredis
2151 4863 2314 4920 esset,
2368 4866 2526 4921 atque
2575 4853 2628 4906 in
2690 4851 2924 4908 adventu
2977 4850 3214 4919 Spiritus
3281 4845 3455 4899 sancti

1870 4950 2121 5018 princeps
2146 4965 2304 5018 super
2330 4965 2544 5002 omnem
2583 4957 2778 5001 terram
2815 4945 3256 4998 constitueretur.

179 5043 238 5094 δὲ
269 5042 398 5110 περὶ
422 5044 582 5096 αὑτοῦ
609 5046 1036 5115 ἁντελάμεανεν,
1063 5044 1136 5106 ὡς
1166 5049 1223 5098 ὲν
1288 5043 1383 5110 ἴσῳ
1441 5042 1536 5095 καὶ
1583 5043 1699 5094 υἱοῦ
1750 5042 2070 5112 λογισθῆναι
2113 5042 2210 5114 τὴν
2234 5042 2574 5115 κληρονόμου
2610 5059 2666 5094 τε
2693 5038 2997 5109 πλουτῆσαι
3028 5033 3203 5100 τάξιν,
3236 5035 3332 5088 καὶ
3387 5037 3454 5104 τῇ

181 5139 471 5191 ἐπελευσει
521 5141 610 5193 τοῦ
645 5141 957 5209 Ιινεύματος
1001 5142 1180 5210 ἄρχων
1208 5143 1297 5194 ἐπὶ
1319 5144 1498 5194 πᾶσαν
1522 5143 1855 5209 καταστῆναι
1889 5141 1987 5209 τὴν
2015 5140 2136 5207 γῆν.

263 5230 336 5283 E'.
383 5233 534 5285 Ἐπεὶ
555 5235 609 5285 δὲ
634 5235 726 5286 καὶ
755 5235 781 5286 ὁ
807 5233 900 5286 τοῦ
932 5233 1310 5305 σωτηριώδους
1339 5235 1542 5297 πάθους
1574 5235 1765 5305 καιρὸς

184 5329 518 5395 ἐνειστήκει,
560 5327 624 5380 δι’
667 5321 726 5381 οὗ
752 5328 830 5396 τῷ
883 5328 1110 5397 παθητῴ
1147 5329 1293 5397 γένει
1355 5329 1763 5397 περιεγένετοή

184 5417 454 5482 ἀπάθεια,
489 5421 579 5471 καὶ
603 5421 939 5483 άεεστάκτως
967 5416 1119 5481 οὗτος
1143 5421 1218 5490 τῷ
1244 5420 1552 5488 διδασκάλῳ
1578 5422 1764 5489 συνῆν.

198 5510 426 5580 Ἐδέησε
463 5514 515 5565 δὲ
551 5515 669 5567 κατ’
703 5518 876 5566 ἐκεῖνο
909 5515 1120 5586 καιροῦ,
1150 5515 1254 5568 τῶν
1297 5516 1569 5586 Ἑλλήνων
1597 5532 1766 5584 πρεσ-

271 5667 678 5732 'Joan.t,5l.

1947 5233 2007 5289 V.
2037 5234 2169 5287 Cum
2203 5242 2383 5285 autem
2416 5231 2647 5285 instaret
2672 5238 2884 5295 tempus
2915 5225 3211 5278 salutifera:
3239 5219 3458 5273 Passio-

1877 5327 1979 5389 nis,
2007 5341 2110 5395 qua
2142 5323 2385 5392 passibili
2416 5331 2623 5378 natura:
2647 5318 3022 5392 comparanda
3043 5313 3457 5384 impassibilitas

1877 5429 2013 5484 erat,
2056 5419 2245 5471 aderat
2285 5418 2400 5487 ipse
2453 5415 2711 5469 continue
2759 5411 2996 5467 Christo.
3048 5407 3287 5476 Contigit
3327 5416 3462 5458 vero

1878 5525 2004 5568 tunc
2037 5511 2319 5581 gentilium
2352 5510 2556 5576 legatos
2593 5508 2804 5578 aliquos
2842 5503 2980 5558 mitti
3021 5499 3454 5570 Hierosolymam

263 5833 339 5903 (ὁ)
411 5833 649 5903 Sequens
715 5835 848 5888 linea
922 5838 1068 5889 abest
1128 5851 1151 5888 a
1219 5834 1460 5889 \‘etsione
1522 5835 1760 5905 antiqua,
1802 5832 2044 5886 fortassis
2082 5843 2136 5888 et
2168 5849 2218 5885 ιιι
2254 5829 2359 5886 MS.
2408 5827 2603 5885 Veneto
2641 5827 2835 5881 defuit.
