4230 6436
762 347 878 423 199
2103 346 2386 408 MENSIS
2427 349 2432 406 :

2372 349 2386 405 Ξ
2427 345 2688 407 MAlUS.
3933 340 4042 403 200

772 520 4039 548 ww

2066 680 2729 769 ΥΠΟΜΝΗΜΑ

1351 881 1614 1009 ΕΙΣ
1692 875 2038 1008 ΤΟΝ
2113 872 2633 1009 ΑΓΙΟΝ
2712 875 3449 1009 ΙΑΚΩΒΟΝ

1863 1092 2280 1146 ΑΠΟΣΤΟΛΟΝ
2321 1091 2442 1143 ΚΑΙ
2485 1092 2933 1146 ΑΔΕΛΦΟΘΕΟΝ

2380 1276 2449 1287 .—

1927 1426 2884 1523 COMMENTARIUS

971 1653 1130 1776 IN
1216 1648 1961 1779 SANCTUM
2056 1650 2785 1779 JACOBUM
2879 1650 3844 1780 APOSTOLUM

1976 1892 2080 1954 ET
2111 1895 2495 1957 FRATREM
2542 1896 2830 1956 DOMINI

1540 2064 1683 2130 (Acta
1711 2067 2004 2119 Sanctorum
2044 2064 2263 2117 Bolland.
2298 2065 2358 2115 ad
2393 2065 2527 2116 diem
2555 2066 2571 2114 1
2604 2065 2734 2126 Mali,
2760 2065 2931 2116 Graece
2959 2066 3012 2114 et
3045 2054 3262 2127 Latine.)

2220 2370 2493 2427 PROLOG
2505 2367 2611 2426 IIS.

841 2496 883 2551 l.
930 2497 1073 2551 Nihil
1109 2508 1191 2553 est
1239 2498 1355 2553 viro
1390 2500 1530 2555 bono
1574 2507 1630 2553 et
1664 2498 1882 2552 virtutis
1930 2496 2158 2550 amatori
2205 2499 2434 2563 a‘queA

2383 2499 2434 2557 Α
2534 2494 2610 2548 Α’.
2640 2494 2753 2564 Οὐχ
2782 2495 2953 2556 οὕτως
2990 2492 3086 2563 ἡδύ
3115 2509 3166 2543 τι
3198 2490 3273 2560 τῷ
3310 2490 3588 2561 φιλαρέτῳ
3632 2493 3725 2544 καὶ
3751 2489 3900 2563 κόρῳ
3935 2508 4045 2563 μη-

766 2591 1086 2660 jucundum,
1112 2601 1165 2643 et
1191 2593 1333 2658 quod
1361 2590 1507 2643 nulla
1541 2592 1718 2645 minus
1745 2590 1995 2643 satietate
2021 2586 2352 2649 offendatur.

2458 2588 2570 2641 δενὶ
2593 2587 2991 2657 λυμαινόμενον
3014 2585 3089 2648 ὼς
3120 2585 3310 2654 μνήμη
3336 2583 3549 2638 δικαίου
3575 2602 3589 2614 ’
3634 2587 3727 2637 καὶ
3761 2586 3967 2653 μᾶλλον
3997 2590 4046 2639 εί

774 2694 938 2751 atque
998 2681 1129 2749 justi
1192 2683 1472 2747 memoria,
1524 2691 1578 2736 et
1635 2681 1892 2743 maxime,
1945 2682 1989 2734 si
2045 2693 2235 2747 passus
2285 2677 2357 2730 sit

2458 2682 2546 2735 διὰ
2592 2682 2832 2751 Χριστὸν
2883 2680 3149 2742 παθόντος
3202 2678 3535 2747 κατέστηκε.
3597 2680 3705 2731 Καὶ
3748 2680 3857 2749 γὰρ
3907 2679 4048 2749 αὕτη

772 2786 997 2846 propter
1027 2776 1327 2829 Christum.
1359 2774 1431 2828 Ea
1467 2777 1609 2827 enim
1652 2774 1799 2827 illum
1836 2776 2007 2841 magis
2047 2772 2247 2825 excitat
2287 2771 2353 2823 ad

2461 2774 2661 2829 πλείων
2725 2774 2919 2843 ἐκείνῳ
2960 2774 2991 2843 ἢ
3053 2771 3255 2842 χρυσὸς
3309 2774 3422 2834 τοῖς
3453 2772 3909 2842 φιλοχρημάτοις,
3950 2775 4048 2825 καὶ

774 2868 1040 2932 laetitiam,
1072 2884 1229 2932 quam
1260 2884 1448 2920 aurum
1504 2868 1744 2936 pecunia:
1785 2876 2073 2929 amatores,
2111 2873 2164 2919 et
2211 2878 2359 2932 quae-

2460 2870 2558 2923 ὅσα
2587 2866 2685 2938 τὴν
2723 2867 2873 2936 ὤραν
2898 2866 3028 2936 ἡδέα
3066 2866 3191 2926 τοὺς
3231 2866 3306 2933 (a)
3362 2864 3710 2930 φιλοκαίνους
3736 2867 3817 2928 εἰς
3843 2866 4047 2933 εὐφρο·

774 2974 988 3026 cunque
1039 2968 1165 3011 sunt
1207 2962 1319 3011 visu
1367 2958 1703 3013 delectabilia
1739 2972 2001 3010 novarum
2055 2970 2232 3008 rerum
2264 2968 2359 3008 cu-

2464 2959 2629 3027 σύνην
2666 2958 2996 3029 παρακαλεῖ.
3035 2957 3189 3008 Ἐπεὶ
3217 2953 3309 3009 οὖν
3358 2957 3457 3026 οὑχ
3485 2957 3637 3022 ἡδεῖα
3685 2958 3844 3024 μόνον
3885 2960 3916 3026 ὴ
3948 2957 4047 3009 τοῦ

777 3051 949 3119 pidos.
982 3049 1133 3103 Adde
1164 3051 1305 3115 quod
1335 3050 1447 3117 ipsa
1474 3050 1602 3116 justi
1640 3050 1897 3102 rnemoria
1931 3062 2036 3101 non
2072 3047 2245 3101 solum
2275 3054 2360 3100 est

2461 3052 2671 3104 δικαίου
2722 3053 2932 3119 μνήμη,
2986 3048 3120 3101 ἀλλὰ
3176 3048 3270 3101 καὶ
3301 3050 3421 3101 λίαν
3465 3049 3763 3117 ὠφέλιμος,
3794 3050 3956 3119 ζήλου
3998 3068 4048 3101 τι

769 3142 1029 3210 jucunda,
1084 3143 1177 3195 sed
1218 3143 1379 3195 etiam
1419 3142 1571 3193 valde
1621 3141 1801 3206 utilis;
1834 3156 1955 3193 cum
1990 3139 2221 3207 aliquem
2255 3137 2357 3191 zeli

2466 3142 2693 3209 κέντρον
2731 3144 2850 3203 ταῖς
2872 3141 3069 3209 ψυχαῖς
3102 3141 3327 3205 ὲνιεῖσα,
3353 3140 3581 3192 καὶτῶν
3614 3142 3743 3192 ἴσων
3774 3141 4049 3194 ἅπτεσθαι

775 3244 830 3287 et
878 3234 1232 3287 aemulationis
1282 3232 1561 3286 stimulum
1620 3233 1875 3285 immittat
1925 3231 2140 3293 animis,
2191 3240 2244 3283 et
2294 3230 2360 3282 ad

2464 3232 2845 3302 διεγείρουσαο
2895 3230 3027 3299 φέρε
3090 3231 3154 3298 δὴ
3186 3232 3279 3281 καὶ
3315 3233 3477 3300 ἡμεῖς
3526 3230 3617 3283 τὸν
3650 3233 3825 3298 μέγαν
3853 3231 4048 3284 τοῦτον

778 3325 977 3378 similia
1008 3325 1369 3392 aggredienda
1405 3325 1625 3379 excitet.
1655 3322 1898 3392 Agedum
1934 3337 2064 3389 ergo
2095 3336 2193 3375 nos
2222 3336 2360 3389 quo-

2479 3325 2735 3377 Ἰάκωὸον
2787 3326 2866 3385 εἰς
2918 3325 3081 3390 μέσον
3112 3323 3430 3390 προθέντες,
3463 3324 3553 3375 τὸν
3582 3323 3800 3392 ἀληθῶς
3834 3325 4048 3376 δίκαιον

777 3432 883 3485 que
924 3432 1173 3486 ttiagnum
1207 3414 1468 3469 Jacobqu
1506 3417 1559 3469 in
1600 3416 1832 3471 medium
1875 3415 2210 3467 adducentes
2248 3413 2359 3481 (qui

2465 3418 2593 3470 ὄντα
2615 3434 2671 3468 τε
2701 3418 2792 3468 καὶ
2822 3417 3223 3484 ὀνομαζόμενον
3246 3432 3259 3444 ’
3295 3417 3351 3477 ὃς
3388 3417 3481 3467 καὶ
3518 3417 3577 3468 τὸ
3605 3416 3829 3483 ἁδελφὸς
3862 3418 4049 3469 καὶεῖ-

780 3524 905 3562 vcre
953 3519 1035 3560 est
1067 3507 1259 3561 Justus
1289 3518 1343 3560 et
1387 3508 1718 3571 nominatur,
1752 3517 1806 3560 et
1840 3516 1895 3559 ut
1942 3506 2144 3560 Christi
2195 3505 2362 3559 frater

2468 3511 2591 3564 σθαι
2615 3510 2851 3579 Χριστοῦ
2877 3509 3245 3579 διαφερόντως
3280 3510 3649 3578 πεπλούτηκε,
3688 3510 3875 3578 κοινὴν
3905 3509 4049 3571 ὠφέ-

780 3610 1072 3652 vocaretur
1096 3600 1293 3653 eximie
1326 3608 1411 3652 est
1441 3602 1719 3666 assecnns)
1752 3610 2095 3656 communem
2114 3613 2180 3651 ex
2203 3599 2363 3651 rebus

2466 3604 2616 3655 λειαν
2674 3602 2743 3653 τὰ
2795 3602 3006 3655 ἐκείνου
3044 3602 3138 3654 καὶ
3169 3602 3367 3671 ἡδονὴν
3399 3600 3782 3670 ποιησώμεθα.
3828 3602 4048 3661 Πολλοῖς

780 3692 923 3745 illius
996 3693 1285 3749 utilitatem
1366 3694 1647 3761 capiamus
1706 3703 1758 3746 et
1815 3693 2162 3760 voluptatem.
2229 3689 2361 3743 Nam

2472 3698 2570 3765 μὲν
2600 3695 2709 3765 γὰρ
2735 3697 2826 3748 καὶ
2855 3695 3033 3756 ἄλλοις
3062 3694 3271 3764 ὑπῆρξε
3310 3696 3418 3745 τῶν
3446 3697 3573 3763 περὶ
3624 3694 3718 3760 τὴν
3750 3695 4052 3762 ἐκκλησια-

780 3782 906 3836 licet
936 3784 1085 3835 multi
1119 3784 1230 3846 alii,
1260 3784 1350 3852 qui
1382 3786 1433 3837 in
1462 3783 1832 3837 ecclesiastica
1866 3782 2155 3835 scribenda
2188 3782 2361 3834 histo-
2392 3848 2433 3854 _

2392 3848 2433 3854 _
2470 3786 2660 3853 στικὴν
2732 3786 2969 3854 ἱστορίαν
3026 3784 3445 3836 ἐσπουδακότων
3498 3784 3626 3853 περὶ
3688 3782 3782 3834 τοῦ
3837 3783 4048 3835 δικαίου

782 3874 859 3927 ria
892 3876 1127 3928 studium
1157 3848 1475 3942 posuerunt,
1511 3878 1575 3928 de
1609 3879 1707 3929 hoc
1730 3873 1879 3943 jnslo
1912 3876 2273 3940 narraverint,
2313 3885 2366 3929 et
2392 3848 2439 3908 Β

2392 3848 2439 3908 Β
2469 3880 2659 3931 τούτου
2681 3878 2992 3943 διεξελθεῖν,
3042 3881 3137 3931 καὶ
3190 3878 3292 3947 πρό
3324 3895 3385 3945 γε
3440 3876 3655 3929 πάντων
3715 3876 4050 3946 Ἠγησίππῳ

781 3976 905 4019 ante
939 3982 1129 4019 omnes
1182 3965 1516 4036 Hegesippns
1557 3977 1609 4021 et
1652 3965 1900 4019 Clemens
1936 3983 1948 4018 :
1999 3982 2226 4034 quorum
2282 3967 2369 4021 ille

2472 3971 2567 4024 καὶ
2622 3970 2915 4040 Κλήμεντι,
2980 3963 3053 4021 ὧν
3085 3972 3110 4022 ὁ
3146 3970 3243 4037 μὲν
3284 3968 3340 4020 ἐν
3377 3986 3439 4037 γε
3480 3967 3557 4035 τῷ
3614 3968 3851 4036 πέμπτῳ
3887 3966 4050 4020 αὖτοῦ

780 4060 995 4127 quidem
1026 4058 1077 4112 iu
1112 4060 1300 4126 quinto
1339 4074 1437 4111 suo
1478 4057 1634 4122 libro,
1668 4059 1752 4111 hic
1790 4070 1966 4110 autem
2001 4058 2051 4109 in
2088 4070 2239 4109 suta
2269 4072 2366 4111 ea-

2471 4064 2847 4131 ὐπομνήματι,
2875 4064 2902 4113 ὁ
2939 4062 2994 4114 δὲ
3042 4064 3099 4113 ἐν
3122 4066 3185 4128 τῇ
3218 4063 3351 4131 ἕκτῃ
3388 4061 3497 4112 τῶν
3539 4060 3891 4129 καλουμένων
3923 4063 4051 4113 ὑπο-

782 4164 925 4211 rum,
982 4164 1100 4218 qnze
1151 4158 1418 4202 vocantur
1472 4147 1866 4218 Hypetypnscs,
1898 4148 2153 4201 nonnulla
2195 4164 2260 4201 ex
2303 4149 2367 4202 iis

2470 4154 2792 4217 τυπώσεων,
2821 4153 2937 4205 ἔνια
2971 4152 3079 4203 τῶν
3111 4152 3261 4221 αὐτῴ
3305 4152 3718 4223 πεπραγμένων
3747 4151 4053 4204 ἀπολαϐόν-

784 4256 903 4310 qua:
930 4243 997 4295 ab
1029 4244 1144 4309 ipso
1173 4250 1321 4309 gesta
1354 4254 1503 4304 sum,
1535 4250 1895 4303 assumcntes,
1935 4240 2165 4307 posteris
2197 4240 2367 4293 tradi—

2471 4264 2561 4309 τες
2624 4247 2928 4316 παρέδοσαν
2986 4249 3096 4307 τοῖς
3152 4246 3230 4307 εὶς
3275 4247 3540 4313 ’ὑστερον’
3602 4244 3718 4296 ἀλλ’
3770 4244 3950 4306 οὐδεὶς
3976 4245 4052 4304 εἰς

788 4336 965 4388 derint
1000 4351 1014 4390 :
1054 4349 1210 4387 nemo
1242 4343 1419 4387 tamen
1448 4348 1506 4387 se
1548 4334 1792 4387 extendit
1830 4335 1894 4385 ad
1941 4335 2145 4397 Omnia,
2194 4348 2367 4400 neque

2470 4340 2687 4393 ἅπαντα
2748 4338 2993 4405 καθῆκεν
3029 4338 3241 4402 ἑαυτὸν,
3275 4338 3397 4390 οὐδὲ
3427 4338 3493 4389 τὰ
3522 4337 3659 4391 κατὰ
3691 4337 3856 4406 μέρος
3881 4338 4051 4388 εἰπεῖν

790 4424 1067 4477 contendit
1093 4424 1158 4476 de
1184 4438 1247 4477 eo
1274 4424 1451 4476 dicere
1484 4423 1815 4490 singulatim.
1848 4421 2022 4476 Causa
2053 4436 2232 4474 autem
2260 4433 2361 4489 est,

2466 4431 2917 4500 ἐφιλοτιμήσατο.
2970 4431 3043 4483 Τὸ
3105 4432 3161 4485 δὲ
3218 4432 3414 4495 αἴτιον,
3448 4432 3531 4484 ὅτι
3560 4430 3632 4501 μὴ
3662 4431 3716 4483 δὲ
3743 4430 3834 4482 τὸν
3885 4431 4052 4498 ἄνδρα

791 4512 933 4580 quod
967 4528 1071 4565 non
1107 4512 1208 4565 fuit
1248 4526 1434 4566 eorum
1487 4514 1790 4566 institutum
1825 4515 1890 4564 de
1931 4514 2045 4581 ipso
2087 4512 2362 4578 scribere;

2470 4524 2674 4576 σκοπὸν
2704 4522 2887 4576 ἔθεντο
2909 4540 2923 4553 ·
2948 4524 3063 4576 ἀλλ’
3097 4525 3259 4594 ἑτέρα
3286 4525 3384 4593 μὲν
3413 4524 3490 4594 τῷ
3521 4525 3658 4592 λόγῳ
3680 4524 3941 4587 ὑπόθεσις
3965 4521 4050 4594 ἦν,

793 4603 889 4657 sed
930 4612 1048 4657 erat
1092 4603 1308 4673 quidem
1351 4606 1429 4658 eis
1483 4605 1625 4658 aliud
1688 4606 2017 4673 propositum
2079 4622 2365 4673 argumen—

2466 4619 2515 4667 οἱ
2550 4616 2603 4667 δὲ
2635 4616 2692 4668 ὲν
2718 4615 2795 4683 τῷ
2824 4617 2981 4685 μέρει
3008 4614 3103 4667 τοῦ
3149 4617 3345 4687 ἀνδρὸς
3376 4617 3707 4688 ἐμέμνηντο.
3755 4617 3852 4669 καὶ
3884 4616 4052 4674 ταῦτα

794 4705 907 4749 ιιιιη
956 4715 968 4750 :
1015 4698 1066 4747 in
1113 4707 1267 4764 parte
1315 4707 1519 4763 autem,
1564 4713 1686 4752 cum
1733 4699 1803 4752 ita
1851 4698 2160 4759 accidisset,
2218 4697 2360 4752 illius

1505 4739 1519 4763 ,
1564 4713 1686 4752 Cum
1733 4699 1803 4752 ita
1851 4698 2160 4759 accidisset,
2218 4697 2360 4752 illius
2468 4708 2530 4759 δὴ
2560 4709 2665 4758 ἀπὸ
2686 4707 2779 4762 τοῦ
2810 4708 3168 4778 παρήκοντος.

794 4788 1175 4843 meminerunt.

2260 4949 2488 5006 CAPUT
2555 4990 2571 5007 .

1612 5066 1821 5134 Patria,
1869 5068 2092 5137 epistola
2136 5071 2336 5140 scripta
2371 5082 2418 5124 et
2459 5069 2749 5123 elucidata.
2784 5070 2917 5126 Alia:
2954 5072 3195 5127 virtutes.

875 5206 939 5261 ll.
967 5205 1173 5261 ‘lacobo
1218 5219 1347 5275 ergo
1395 5205 1578 5261 divino
1618 5209 1788 5275 patria
1838 5207 1937 5263 fuit
1974 5208 2179 5275 Judaea,
2228 5222 2378 5281 pater
2405 5220 2448 5277 ο

2357 5228 2378 5264 r
2405 5220 2448 5277 ο
2557 5213 2630 5265 B’.
2670 5213 2908 5279 Ἰακώῦῳ
2930 5213 3109 5267 τοίνυν
3137 5213 3214 5285 τῷ
3254 5215 3403 5288 θείῳ,
3430 5218 3624 5287 πατρὶς
3654 5216 3907 5287 Ἰουδαία,
3956 5242 4027 5277 πα

799 5296 995 5364 Jusepb
1043 5298 1143 5365 (l),
1176 5312 1266 5366 qui
1302 5307 1518 5366 propter
1566 5298 1829 5366 insignem
1885 5298 2137 5354 virtutem
2179 5311 2230 5353 et
2262 5318 2374 5356 mo-

2483 5306 2586 5373 τὴρ
2624 5304 2843 5375 Ἰωσὴφ,
2866 5305 2923 5369 ὃς
2948 5307 3035 5359 διά
3068 5325 3125 5360 τε
3154 5309 3211 5361 τὸ
3243 5309 3341 5376 τῆς
3368 5310 3568 5381 ἀρετῆς
3599 5312 3808 5382 περιὸν,
3852 5317 3949 5368 καὶ
3971 5318 4053 5369 διὰ

805 5405 923 5443 rum
952 5389 1269 5455 bonitatem,
1297 5388 1397 5443 fuit
1424 5404 1652 5459 sponsus
1680 5390 1935 5461 Virginis,
1958 5408 2076 5463 quae
2099 5392 2382 5449 Dominum

2490 5399 2589 5467 τὴν
2614 5399 2721 5449 τῶν
2762 5399 2979 5468 τρόπων
3004 5402 3371 5473 χρηστότητα,
3418 5406 3483 5474 τῇ
3507 5404 3596 5456 τὸν
3617 5405 3853 5475 Χριστὸν
3899 5410 4052 5478 ἡμῶν

884 5528 962 5601 (1)
998 5528 1143 5582 lianc
1170 5530 1472 5597 aliquorum
1506 5528 1817 5601 Grmcornm
1852 5530 2175 5585 sententiam
2217 5545 2382 5599 supra
2492 5536 2575 5587 vel
2598 5536 2789 5589 saltem
2830 5540 3057 5591 maritus
3100 5537 3306 5601 Maria,
3351 5552 3578 5594 uatze'ex
3610 5543 3771 5595 amita
3814 5544 3893 5595 vel
3942 5557 4053 5599 ma-

812 5603 1139 5678 τιήιερίιιιιις,⁸
1178 5602 1621 5678 ostendimnsqne
1665 5600 1857 5678 luisse“
1892 5600 2058 5678 lilium
2084 5602 2379 5678 _(_Jle_ophae,
2491 5614 2689 5659 tertera
2721 5605 2985 5676 Deiparae,
3022 5609 3249 5678 ideoque
3280 5600 3433 5666 dictae
3468 5610 3635 5668 Soror
3668 5612 3876 5669 Maria'.

813 5672 907 5740 qui
942 5671 1235 5724 secundum
1268 5668 1478 5737 aliquos
1504 5666 1619 5725 erat
1649 5671 1776 5725 dicti
1824 5666 1881 5723 S.
1918 5669 2135 5741 Josephi
2185 5666 2375 5737 frater,

890 5789 965 5862 (ιι)
1016 5790 1343 5856 Φιλοκάλους
1411 5791 1624 5848 videtur
1684 5793 1880 5865 legisse
1953 5796 2220 5868 interpres
2270 5812 2376 5867 quo
2418 5796 2560 5871 Lipm

1705 5794 1880 5865 egisse
1953 5796 2220 5868 interpres
2270 5812 2376 5867 quo
2418 5796 2741 5871 Lipomanus
2773 5816 2903 5857 usus
2936 5802 2987 5857 in
3021 5816 3121 5855 nis.
3151 5797 3372 5858 Veneto.
