4230 6436
743 394 850 455 203

2077 385 2356 444 MENSIS
2397 381 2665 443 MAIUS.

3893 376 4011 439 204

745 503 1301 577 ρταιιειηιὶιιρηιιυιιις
1338 503 1587 572 protinus
1630 501 1795 563 enim,
1833 508 1906 565 et,
1940 507 1996 549 nt
2027 497 2247 559 dicitur,
2297 514 2323 550 a

2438 513 2519 547 ται
2548 493 2653 564 γὰρ
2695 493 2861 555 εὐθὺς
2887 494 2995 546 ἀπὸ
3023 491 3288 563 γραμμῆς
3321 490 3416 544 τοῦ
3465 493 3625 559 ἁγίου
3651 489 3713 545 τὸ
3749 493 4016 562 μέτριον·

744 600 1078 661 carceribus,
1113 596 1450 666 signiﬁcatur
1482 593 1655 647 sancti
1695 589 1979 644 modestia.
2017 588 2109 643 Sic
2142 602 2322 641 autent

752 694 913 746 habet
946 694 1017 743 ¹ι
1069 709 1086 739 ι
1133 689 1364 741 Jacnbus
1418 687 1508 739 Dei
1564 694 1615 738 ct
1670 683 1877 736 Domini
1933 681 2060 735 Jesu
2124 681 2323 735 Christi

748 799 961 844 servus,
1009 780 1291 834 duodecim
1354 778 1614 839 tribubus,
1669 791 1788 844 qua:
1827 784 1953 828 sunt
2004 775 2054 826 in
2107 775 2323 842 disper-

749 878 922 936 sione,
987 871 1241 926 salutem.
1302 890 1318 919 ο
1375 868 1504 922 Nam
1572 883 1694 920 eum
1746 868 1793 921 ei
1850 867 2034 920 liceret
2091 866 2326 934 seipsum

748 977 940 1015 voeare
976 961 1300 1027 apostolum,
1338 969 1427 1010 aut
1461 958 1798 1024 episcoiium,
1833 967 1924 1008 aut
1971 957 2116 1023 quod
2156 954 2329 1020 majus

746 1066 848 1113 est.
881 1054 1102 1104 fratrem
1142 1052 1375 1112 Doinini,
1412 1053 1612 1117 quibus
1643 1049 1953 1102 nominibus
1983 1049 2156 1115 ipsum
2190 1063 2328 1113 quo-

742 1159 848 1207 que
880 1141 1081 1196 Paulus
1115 1142 1437 1208 signiﬁcavit
1474 1141 1719 1192 scribens
1747 1141 1811 1192 ad
1844 1137 2063 1193 Galatas
2086 1140 2105 1169 ³
2133 1177 2148 1201 ,
2182 1139 2329 1190 vide-

744 1241 828 1288 tur
881 1235 1132 1288 delectari
1170 1231 1570 1294 humilioribus;
1603 1247 1661 1284 se
1705 1247 1823 1284 esse
1875 1246 2092 1284 servum
2127 1230 2329 1282 Christi

746 1328 835 1378 Dei
865 1326 1136 1394 signiﬁcat
1165 1325 1412 1376 tribubus
1437 1323 1670 1386 lsraelis,
1690 1322 1773 1374 vel
1801 1325 2032 1379 maxime
2057 1322 2328 1390 praprium

746 1419 991 1487 magistri
1052 1419 1262 1487 insigne
1315 1419 1519 1471 habens
1565 1417 2014 1480 moderationem,
2044 1428 2096 1469 et
2129 1432 2189 1469 ea
2227 1415 2331 1469 sibi

752 1515 921 1584 magis
955 1515 1200 1584 placens,
1225 1529 1385 1581 quam
1418 1513 1760 1582 episcopatus
1783 1521 1943 1580 atque
1975 1511 2333 1566 fraternitatis

747 1610 1033 1675 dignitate.

818 1698 882 1752 ν.
923 1700 1024 1752 Sed
1062 1716 1179 1768 age,
1215 1698 1496 1758 nonnttlla,
1534 1712 1650 1764 qua":
1689 1697 1939 1765 leguntur
1981 1697 2033 1749 itt
2071 1696 2332 1764 Epistula,

751 1804 1009 1861 quantum
1069 1791 1408 1851 Cont'cdilttl‘,
1466 1801 1875 1855 persequamur,
1929 1803 2023 1855 per
2062 1802 2180 1854 qua:
2225 1789 2336 1839 erit

753 1883 1037 1938 manifesta
1096 1881 1240 1934 illius
1299 1884 1492 1933 mentis
1547 1883 1772 1948 putitas,
1815 1890 1870 1932 et
1920 1890 2175 1932 accurata
2234 1878 2330 1930 do-

743 1981 936 2031 ctrina.
975 1976 1104 2028 Nam
1143 1992 1264 2028 eum
1317 1973 1505 2028 fuisset
1551 1973 1600 2025 in
1640 1974 1904 2040 principio
1958 1973 2230 2038 Epistolte,
2280 1979 2333 2022 ct

743 2070 1144 2136 contemplante
1207 2067 1372 2118 animi
1439 2064 1595 2116 oculo
1657 2065 2073 2123 considerasset,
2145 2072 2202 2118 ut
2253 2072 2335 2116 est

745 2175 1105 2228 consequens,
1146 2160 1282 2225 quod
1312 2157 1558 2224 quisquis
1594 2157 1658 2207 ad
1688 2155 1850 2207 Deum
1884 2155 2108 2215 accedit,
2145 2154 2333 2206 incidit

749 2253 800 2306 in
843 2255 1170 2306 tentationes
1214 2249 1368 2316 (Boni
1409 2250 1550 2300 enirn
1589 2249 1912 2316 principium
1955 2256 2008 2299 et
2040 2247 2213 2308 radix,
2251 2254 2334 2298 est

749 2349 886 2400 Deus
924 2363 936 2398 :
978 2347 1173 2397 bonum
1226 2353 1425 2401 autem,
1464 2349 1547 2392 est
1582 2342 1750 2390 virtus
1787 2355 1799 2389 :
1845 2338 1928 2389 via
1977 2346 2180 2400 autem,
2218 2352 2336 2404 quae

749 2437 851 2489 fert
900 2437 962 2489 ad
999 2436 1275 2497 virtutem,
1323 2440 1405 2484 est
1452 2444 1642 2498 aspera
1695 2438 1746 2482 et
1778 2429 2031 2490 dillicilis,
2073 2438 2126 2482 et
2173 2427 2334 2481 multa

747 2531 910 2584 habet
944 2531 1168 2581 adversa
1222 2534 1324 2577 :et
1373 2525 1490 2575 ideo
1526 2524 1704 2576 evenit
1753 2524 1996 2583 omnino,
2033 2531 2089 2574 ut
2135 2523 2224 2589 qui
2269 2525 2333 2576 ad

748 2622 914 2675 Deum
945 2621 1227 2680 accedunt,
1261 2617 1309 2669 in
1347 2632 1430 2669 res
1464 2617 1700 2670 incidant
1735 2617 2046 2683 imequales)
2081 2630 2095 2666 :
2133 2617 2334 2668 exhor-

751 2724 896 2766 tatur
942 2721 1158 2764 sanctos
1195 2709 1260 2760 ad
1299 2709 1552 2760 invictam
1592 2709 1906 2776 patientiam
1959 2717 2010 2760 et
2063 2722 2333 2774 nunquam

751 2808 1054 2866 cedentem,
1086 2804 1252 2856 bonos
1289 2803 1504 2853 imitans
1537 2815 1822 2867 pucrormn
1873 2810 2251 2868 prccccptores,
2286 2809 2339 2854 et

749 2898 840 2966 qui
871 2896 1258 2948 convenienter
1294 2893 1496 2961 legibus
1532 2892 1914 2947 decertationis
1947 2893 2127 2944 sciunt
2161 2895 2337 2945 decer-

752 3000 885 3042 tare.
921 2987 1058 3040 Dieit
1088 2985 1227 3038 enim
1265 3003 1276 3037 ι
1313 3001 1331 3035 ι
1370 2981 1540 3037 Omne
1571 2985 1822 3050 gaudium
1857 2984 2184 3045 existimate,
2222 2985 2334 3035 fra-

754 3092 864 3134 tres
899 3081 1022 3141 mei,
1056 3078 1267 3140 quando
1317 3077 1366 3129 in
1404 3075 1730 3127 tentationes
1779 3073 1953 3126 varias
2019 3072 2334 3137 incideritis,

2431 587 2543 655 ἔχει
2594 586 2648 638 δὲ
2707 584 2879 646 οὕτως
2911 601 2926 615 ·
2962 605 2979 634 ε
3035 582 3267 644 Ιάκωϐος
3295 581 3429 634 Θεοῦ
3467 583 3560 635 καὶ
3596 583 3800 651 Κυρίου
3839 581 4022 651 ’1ησοῦ

2432 679 2668 748 Χριστοῦ
2706 676 2914 740 δοῦλος,
2955 680 3072 738 ταῖς
3099 676 3307 727 δώδεκα
3348 675 3540 742 φυλαῖς
3573 677 3694 738 ταῖς
3723 677 3779 727 ὲν
3806 679 3872 744 τῇ
3907 676 4022 728 δια-

2432 772 2609 840 σπορᾷ
2661 769 2894 839 χαίρειν.
2940 792 2957 819 ι
3000 768 3148 831 Ἐξὸν
3173 769 3283 838 γάρ
3314 768 3461 835 αὐτῷ
3500 769 3802 822 ἀπόστολον
3834 771 4024 820 καλεῖν

2433 863 2645 926 ἑαυτὸν,
2680 862 2712 932 ἢ
2741 863 3065 924 ἐπίσκοπον,
3103 860 3221 928 ἣτό
3258 877 3318 926 γε
3351 860 3536 928 μεῖζον
3583 862 3758 912 εἰπεῖν
3783 861 4023 926 ἀδελφὸν

2431 953 2525 1003 τοῦ
2555 954 2787 1021 Κυρίου,
2823 948 2912 1013 ,οἷς
2933 952 3194 1020 ὀνόμασιν
3227 952 3390 1003 αὑτὸν
3421 954 3512 1003 καὶ
3556 952 3765 1014 Παῦλος
3789 954 4025 1019 γράφων

2433 1044 2702 1106 Γαλάταις
2737 1044 3008 1112 ἐδήλωσεν
3044 1061 3056 1073 ·
3107 1044 3134 1094 ὁ
3166 1042 3220 1094 δὲ
3252 1045 3362 1103 τοῖς
3393 1045 3801 1113 ταπεινοτέροις
3836 1044 4028 1108 φαίνε-

2431 1156 2522 1190 ται
2581 1139 2810 1208 χαίρων,
2863 1140 2958 1189 καὶ
2994 1137 3180 1188 δοῦλον
3215 1136 3406 1189 ἑαυτὸν
3461 1136 3700 1202 Χριστοῦ
3757 1135 3852 1187 τοῦ
3885 1134 4023 1186 Θεοῦ

2433 1233 2546 1291 ταῖς
2575 1232 2769 1297 φυλαῖς
2794 1227 2885 1281 τοῦ
2925 1227 3143 1296 Ἰσραὴλ
3179 1223 3318 1278 εἶναι
3365 1227 3662 1294 γνωρίζει·
3701 1225 3761 1276 τὸ
3795 1225 4026 1277 ἰδιαίτα-

2435 1338 2525 1371 τον
2556 1319 2648 1370 τοῦ
2675 1319 2998 1370 διδασκάλου
3029 1319 3361 1385 παράσημον
3412 1318 3510 1384 τὴν
3548 1315 4028 1385 μετριοξροσύνψ

2437 1409 2601 1478 ἔχων,
2663 1410 2758 1461 καὶ
2815 1409 2990 1478 ταύτῃ
3043 1410 3449 1477 σεμνυνόμενος
3493 1409 3694 1476 μᾶλλον
3729 1408 3760 1478 ἢ
3795 1409 3872 1477 τῷ
3927 1410 4027 1475 τῆς

2436 1501 2746 1571 ἐπισκοπῆς
2781 1503 2875 1553 καὶ
2907 1501 2984 1570 τῷ
3019 1503 3116 1570 τῆς
3147 1500 3508 1568 ἀδελφότητος
3547 1501 3842 1571 ἀξιώματι.

2510 1678 2584 1732 Ε’.
2630 1680 2770 1731 Ἀλλ’
2806 1681 2953 1742 ὅπως
2981 1679 3096 1730 ἔνια
3127 1679 3220 1731 καὶ
3246 1678 3352 1730 τῶν
3385 1682 3451 1748 τῇ
3475 1677 3765 1746 Ἐπιστολῇ
3784 1675 4032 1746 φερομέ-

2439 1790 2543 1824 νων
2574 1774 2713 1824 κατὰ
2745 1775 2805 1824 τὸ
2834 1771 3110 1841 ἐγχωροῦν
3133 1772 3494 1840 διεξέλθωμεν
3513 1813 3525 1833 ,
3558 1771 3624 1822 δι’
3656 1763 3730 1823 ὧν
3754 1770 4029 1839 εῦ>.ηπτ;ν

2438 1865 2589 1916 ἔσται
2617 1865 2711 1916 καὶ
2741 1866 2841 1933 τῆς
2866 1865 3110 1926 διανοάς
3136 1866 3347 1916 ἐκείνου
3381 1865 3441 1915 τὸ
3467 1864 3709 1932 καθαρὸν
3735 1867 3830 1916 καὶ
3862 1867 3895 1932 ἡ
3931 1868 4030 1929 τῆς

2436 1956 2788 2017 διδασκαλίας
2813 1957 3089 2025 ἀκρίϐεια.
3123 1957 3232 2006 Καὶ
3260 1957 3368 2024 γὰρ
3403 1958 3458 2006 ἐν
3483 1959 3545 2024 τῇ
3568 1958 3707 2025 ἀρχῇ
3740 1960 3837 2024 τῆς
3875 1956 4034 2007 Ἐπι-

2440 2051 2634 2120 στολῆς
2665 2051 2960 2118 γενόμενος
2990 2049 3083 2101 καὶ
3132 2050 3416 2118 σκοπήσας
3450 2049 3524 2117 τῷ
3555 2048 3879 2119 θεωρητικῷ
3928 2050 4032 2117 τῆς

2439 2144 2619 2212 ψυχῆς
2655 2142 2944 2210 ὀφθαλμῷ,
2995 2142 3074 2194 ὅτι
3107 2142 3284 2194 πάντα
3313 2141 3376 2209 δὴ
3409 2143 3500 2195 τὸν
3531 2143 3609 2210 τῷ
3645 2143 3764 2211 Θεῷ
3792 2161 4031 2212 προσερ-

2438 2238 2670 2306 χόμενον
2721 2235 3018 2288 ἀκόλουθον
3059 2236 3387 2304 πειρασμοῖς
3439 2237 3790 2303 περιπίπτειν
3846 2239 4031 2306 (ἀρχὴ

2443 2332 2541 2400 μὲν
2577 2329 2682 2399 γάρ
2715 2329 2808 2380 καὶ
2842 2326 2969 2397 ῥίζα
3028 2326 3120 2379 τοῦ
3151 2325 3358 2392 ἀγαθοῦ
3415 2329 3442 2379 ὁ
3475 2327 3627 2392 Θεὸς,
3662 2331 3864 2397 ἀγαθὸν
3911 2334 3964 2384 δὲ
3995 2335 4029 2400 ἠ

2438 2423 2629 2491 ἀρετὴ,
2657 2423 2688 2491 ή
2725 2421 2779 2471 δέ
2810 2437 2871 2488 γε
2900 2419 3035 2489 πρὸς
3067 2418 3271 2488 ἀρετὴν
3304 2419 3556 2487 φέρουσα,
3586 2425 3813 2488 τραχεῖά
3838 2441 3897 2475 τε
3930 2426 4032 2477 καὶ

2441 2516 2716 2584 προάντης
2744 2513 2836 2564 καὶ
2866 2513 3036 2565 πολλά
3072 2512 3140 2564 τά
3169 2512 3530 2578 ἀντικείμενα
3560 2510 3762 2580 ἔχουσα
3782 2528 3793 2538 ·
3820 2515 3913 2565 καὶ
3941 2515 4034 2566 διὰ

2438 2608 2599 2660 τοῦτο
2636 2605 2927 2674 συμϐαίνει
2961 2606 3178 2665 πάντως
3209 2606 3322 2666 τοῖς
3364 2604 3501 2673 πρὸς
3548 2603 3684 2655 Θεὸν
3708 2609 4033 2674 ἐρχομένοις

2440 2699 2754 2765 ἀνωμάλοις
2790 2697 3083 2763 πράγμασι
3121 2695 3522 2762 περιπίπτειν)’
3545 2695 3703 2747 τοῦτο
3732 2697 3794 2764 δὴ
3823 2699 4038 2767 σκοπή-

2442 2806 2542 2851 σας
2565 2787 2776 2854 ἀλείξει
2812 2787 2936 2847 τοὺς
2988 2786 3211 2846 πιστοὺς
3249 2787 3382 2854 πρὸς
3415 2787 3695 2853 ὑπομονὴν
3728 2789 4032 2853 ἁνένδοτον,

2437 2885 2566 2944 τοῦς
2591 2882 2791 2949 σοφοὺς
2827 2879 3169 2950 μιμούμενος
3214 2879 3591 2948 παιδοτρίϐας,
3645 2881 3738 2932 καὶ
3773 2883 3915 2932 κατά
3946 2883 4039 2934 νό-

2445 2993 2577 3044 μους
2638 2974 2920 3043 ἀθλήσεως
2980 2972 3162 3034 καλῶς
3227 2971 3529 3041 γυμνάζειν
3589 2974 4038 3042 ἐπισταμένουςο

2442 3067 2577 3136 φησι
2606 3066 2732 3135 γάρ’
2767 3083 2784 3114 t
2812 3065 3001 3116 Πάσαν
3025 3065 3197 3133 χαράν
3233 3063 3530 3132 ἡγήσασθε,
3553 3065 3770 3132 ἀδελφοί
3803 3084 3926 3134 μου,
3951 3068 4036 3118 δι’

751 3172 985 3224 scientes
1016 3168 1155 3234 quod
1193 3165 1438 3235 probatio
1472 3164 1590 3216 ﬁdei
1629 3173 1819 3216 vestrae
1859 3163 2171 3230 patientiam
2203 3178 2336 3232 ope-

2444 3157 2507 3210 ἂν
2549 3159 2877 3226 πειρασμοῖς
2926 3156 3261 3226 περιπέσητε
3304 3154 3569 3214 ποικίλοις
3643 3174 3659 3205 ι
3688 3161 3777 3208 καὶ
3804 3159 3834 3224 ἡ
3861 3161 4036 3220 αἰτία,

755 3258 986 3327 ratur(5)
1018 3275 1029 3309 :
1057 3255 1337 3327 [patientia
1364 3265 1539 3308 autem
1567 3256 1862 3322 perfectum
1883 3269 2015 3321 Opus
2041 3256 2256 3320 habeat,
2288 3267 2345 3311 ut

755 3348 810 3401 in
854 3349 1002 3400 nullo
1056 3345 1337 3399 deficiatis.
1386 3344 1440 3398 Si
1512 3346 1598 3398 cui
1655 3355 1834 3396 autem
1885 3355 2122 3398 vestrum
2191 3347 2345 3401 deest.

757 3440 1040 3507 sapientia,
1076 3449 1223 3506 petat
1254 3453 1280 3487 a
1322 3435 1452 3497 Deo,
1485 3437 1572 3504 qui
1630 3438 1719 3489 dat
1769 3435 2022 3490 omnibus
2070 3436 2343 3503 absolute,

759 3547 943 3588 etnon
995 3531 1285 3600 eXprobra.
1342 3547 1360 3578 ι
1415 3526 1710 3582 Considera
1766 3537 2115 3592 antem,cum
2143 3537 2344 3594 quanta

768 3630 1013 3679 hortatur
1045 3624 1332 3692 sapientia.
1363 3619 1478 3672 Non
1511 3620 1653 3672 enim
1688 3617 2024 3671 solummodo
2053 3619 2343 3682 susdnere,

2453 3271 2469 3302 ι
2510 3253 2745 3314 Εἰδότες,
2778 3251 2934 3320 φησὶ,
2967 3251 3134 3302 ὅτιτὸ
3170 3251 3412 3318 δοκίμιον
3451 3252 3602 3318 ὑμῶν
3642 3251 3738 3319 τῆς
3797 3253 4036 3315 πίστεως

2446 3344 2723 3414 ὑπομονὴν
2755 3341 3244 3411 κατεργάζεταιψ)
3293 3366 3310 3391 ν
3346 3339 3472 3393 Εἶτα
3490 3342 3547 3392 τὸ
3571 3344 3695 3410 περὶ
3717 3343 3813 3412 τὴν
3849 3346 4038 3398 πίστιν

2444 3435 2819 3504 ἀναμφίλογον
2851 3451 2910 3485 τε
2963 3434 3057 3486 καὶ
3091 3433 3347 3502 σταθερὸν
3410 3432 3762 3501 ὑποτίθησιν·
3809 3453 3826 3483 ‹
3866 3435 4036 3504 ’Δνὴρ

2443 3526 2686 3596 δίψυχος,
2713 3527 2910 3595 λέγων,
2972 3526 3351 3588 ἀκατάστατος
3398 3526 3456 3578 ἐν
3511 3525 3713 3587 πάσαις
3743 3527 3862 3588 ταῖς
3889 3527 4034 3587 ᾐδοῐς

2445 3637 2634 3676 αυτ-ου,
2678 3642 2695 3671 ι

763 3723 856 3775 sed
890 3723 1052 3774 etiam
1083 3717 1318 3786 gaudere
1350 3713 2346 3783 ingruentibusjubettentationibus;
2389 3731 2490 3770 nec
2521 3718 2693 3771 solum
2764 3721 3023 3787 gaudere,
3104 3720 3197 3774 sed
3256 3722 3305 3776 id
3356 3722 3519 3774 etiam
3569 3737 3728 3775 omne
3777 3721 4034 3790 gaudium

767 3816 983 3867 ducere.
1023 3808 1205 3877 Neque
1239 3819 1364 3862 vero
1395 3805 1524 3859 dicit
1554 3803 1817 3874 quaslibet
1854 3806 2213 3871 tentationes;
2248 3808 2341 3860 sed
2381 3822 2399 3854 ι
2439 3806 2663 3872 Quando
2709 3808 2759 3860 in
2835 3811 3013 3863 varias
3044 3809 3342 3863 incideritis
3384 3807 3759 3881 tentationes].
3804 3828 3821 3860 ι
3854 3808 4034 3862 Causa

765 3918 945 3958 autent
993 3911 1076 3957 εει

767 4101 820 4144 et
855 4087 1118 4142 instabilis
1155 4086 1205 4139 in
1239 4084 1487 4139 omnibus
1520 4083 1619 4138 viis
1666 4085 1799 4137 suis.
1835 4104 1852 4131 ι

843 4184 928 4240 Vl.
989 4184 1142 4250 Quod
1213 4193 1390 4235 autem
1458 4191 1638 4248 postea
1697 4180 1850 4245 dicit,
1903 4191 2158 4249 quantam
2225 4199 2347 4237 cum

770 4285 1054 4334 venustate
1109 4275 1270 4328 habet
1321 4274 1481 4327 etiam
1519 4269 1974 4339 profunditatem?
2027 4294 2042 4324 ι
2078 4273 2351 4329 Glorietur

771 4371 936 4431 enim,
969 4367 1162 4436 inquit,
1215 4366 1431 4419 humilis
1485 4366 1702 4432 quidem
1755 4367 1803 4418 in
1856 4382 1953 4421 sua
1999 4367 2282 4420 altitudine
2334 4382 2348 4418 :

773 4461 922 4515 dives
951 4468 1129 4513 autem
1163 4458 1215 4509 in
1259 4471 1354 4508 sua
1389 4455 1711 4509 humilitate.
1761 4476 1779 4506 ›
1816 4455 1947 4508 Nam
2000 4473 2119 4509 cum
2153 4458 2351 4513 divitiae

1120 3918 1189 3954 ιι
1230 3898 1500 3962 Scientes,
1550 3897 1746 3964 inquit,
1796 3896 1940 3966 quod
1991 3897 2236 3966 probatio
2288 3899 2407 3955 ﬁdei
2447 3913 2635 3957 vestra:
2682 3903 2994 3967 patientiam
3047 3914 3321 3973 operatur.
3389 3925 3406 3953 ι

768 4000 817 4048 in
854 3998 955 4049 fide
1009 3995 1206 4048 debere
1253 4008 1370 4045 esse
1411 3992 1736 4055 ﬁrmitatem,
1773 4002 1828 4047 et
1871 3995 2253 4059 constantiam,
2322 4006 2376 4050 et
2416 3997 2610 4052 nullam
2683 4000 3095 4064 dubitationem,
3135 4001 3319 4054 dicens

3495 3904 3696 3957 Deinde
3737 3903 4036 3971 subiungit,

3363 4017 3375 4053 :
3414 4019 3431 4050 ι
3471 3998 3564 4052 Vir
3599 3998 3776 4052 animo
3810 3997 4034 4064 duplex.

2522 4180 2613 4248 ς’.
2662 4181 2726 4232 Ὀ
2761 4179 2817 4232 δὲ
2859 4180 2998 4248 μετά
3022 4178 3191 4234 ταῦτα
3224 4181 3392 4248 λέγει,
3417 4181 3583 4233 πόσον
3621 4179 3731 4247 ἔχει
3765 4179 3907 4248 μετὰ
3938 4183 4036 4251 χά-

2453 4293 2597 4346 ριτος
2622 4279 2715 4332 καὶ
2745 4275 2803 4328 τὸ
2829 4276 2991 4344 βάθος
3017 4294 3029 4339 ;
3061 4295 3078 4326 ‹
3111 4275 3422 4343 Καυχάσθω
3451 4275 3577 4344 γάρ,
3609 4276 3779 4344 homo
3814 4278 3914 4344 μὲν
3945 4295 4038 4330 τα-

2451 4373 2632 4432 πεινδς
2658 4372 2712 4420 ὲν
2738 4370 2814 4437 τῷ
2855 4367 2981 4434 ὕψει
3013 4366 3200 4431 αὑτοῦ,
3235 4370 3261 4420 ὁ
3281 4368 3335 4420 δὲ
3369 4368 3627 4429 πλούσιος
3657 4371 3716 4420 ἐν
3751 4372 3816 4438 τῇ
3842 4380 4037 4423 ταπειε

2453 4461 2849 4513 νὼσειαὺτοῦ.ι
2875 4459 3026 4512 Ἐπεὶ
3055 4462 3162 4529 γὰρ
3194 4463 3220 4513 ὁ
3245 4461 3341 4529 μὲν
3373 4460 3599 4522 πλοῦτος
3633 4463 3927 4530 ἐπαγωγὸν
3956 4468 4036 4527 εἰς

775 4554 990 4620 quidem
1042 4550 1280 4604 alliciant
1327 4547 1391 4600 ad
1432 4547 1763 4617 superbiam,
1822 4559 2108 4616 paupertas
2171 4559 2330 4603 auten

2457 4551 2799 4616 ἀλαζονείαν,
2838 4555 2869 4623 ἡ
2923 4553 3085 4605 πενία
3135 4553 3192 4604 δὲ
3235 4552 3491 4604 ταπεινὸν
3517 4556 3609 4605 καὶ
3653 4556 4032 4625 μικρόψυχον·

777 4648 842 4698 ad
885 4644 1241 4699 humilitatem
1278 4651 1332 4694 et
1379 4640 1546 4693 animi
1597 4641 1990 4708 dejectionem;
2043 4643 2127 4695 ille
2163 4653 2349 4696 contra

773 4728 917 4807 jubet
981 4734 1189 4796 facere,
1246 4730 1464 4785 divitem
1525 4730 1738 4799 quidem
1809 4747 1961 4785 suam
2019 4733 2351 4788 conStituere

780 4829 1116 4883 aititudinem
1148 4827 1201 4877 in
1241 4825 1495 4876 modestis
1524 4825 1861 4887 actionibus;
1896 4842 2184 4894 pauperem
2226 4842 2352 4881 vero

780 4923 881 4974 hoc
901 4922 1073 4987 ipsum
1093 4915 1728 4984 existimareidignitatem
1759 4932 1860 4968 non
1883 4919 2351 4982 contemnendam,

770 5018 816 5068 si
858 5027 1050 5080 magno
1081 5021 1131 5064 et
1167 5009 1382 5062 ρκεεὶεο
1430 5009 1609 5060 animo
1660 5007 1799 5060 ferat
1845 5022 2236 5078 paupertatem.
2275 5012 2348 5064 Ita

772 5110 1147 5170 paupertatem
1176 5109 1229 5152 et
1256 5099 1490 5161 divitias,
1523 5112 1642 5165 qua
1696 5108 1818 5150 sunt
1856 5115 1994 5166 saepe
2033 5102 2208 5155 multis
2241 5118 2353 5154 ma—

769 5194 915 5246 teria
947 5193 1011 5246 ad
1044 5191 1396 5259 peccandum,
1425 5190 1704 5242 materiam
1737 5189 1895 5242 ellicit
1927 5193 1987 5242 ad
2013 5190 2099 5243 Dei
2127 5195 2348 5245 cultum.

773 5284 981 5339 Deinde
1019 5297 1204 5336 rursus
1250 5296 1370 5333 eum
1423 5279 1606 5343 sciret,
1655 5282 1810 5347 cujus
1857 5283 2062 5349 gloriae,
2100 5297 2150 5336 et
2188 5302 2347 5353 quam

773 5375 1070 5429 multorum
1113 5376 1370 5426 honorum
1421 5374 1526 5424 sint
1585 5374 1910 5428 tentationes
1958 5379 2351 5430 cont-itiati-ices

773 5464 840 5516 iis
891 5465 979 5531 qui
1014 5481 1069 5518 se
1103 5463 1312 5516 fortiter
1345 5472 1559 5532 gerunt,
1602 5475 1850 5529 repetens
1886 5465 2012 5516 dicit
2045 5485 2055 5518 :

1485 5581 1502 5608 '
1537 5577 1714 5630 Gulat.
1747 5593 1785 5642 t,
1827 5579 1910 5631 19.

2157 5465 2348 5520 Beatus

855 5585 870 5611 ‘
903 5583 1018 5635 Jac.
1055 5596 1095 5643 ι,
1140 5581 1159 5631 l
1227 5594 1379 5648 seqq.

2455 4643 2662 4706 ἐκεῖνος
2686 4645 2994 4696 τούναντίον
3020 4643 3230 4695 κελεύει
3260 4647 3429 4696 ποιεῖν
3487 4644 3617 4712 ῦςιος
3642 4646 3836 4699 ἑαυτοῦ
3863 4652 4030 4702 ποιεῖ-

2455 4734 2578 4787 σθαι
2612 4735 2674 4786 τὸ
2703 4735 3041 4802 μετριάζειν,
3070 4735 3159 4785 τὸν
3184 4738 3390 4804 πένητα
3421 4737 3477 4788 δὲ
3514 4738 3645 4789 αὐτὸ
3679 4740 3838 4790 τοῦτο
3869 4741 4029 4805 ἀξίω-

2459 4843 2534 4894 μα
2571 4826 2812 4894 νομίζειν
2837 4827 2896 4877 οὐ
2927 4827 2984 4878 τὸ
3015 4826 3198 4894 τυχὸν,
3255 4829 3310 4878 τι
3348 4829 3447 4894 τὴν
3484 4828 3676 4879 πενίαν
3713 4829 3902 4896 φέρειν
3936 4849 4030 4897 με-

2457 4917 2779 4986 γαλοψύχως
2800 4935 2812 4948 ·
2849 4917 2990 4970 οὕτω
3017 4920 3110 4970 καὶ
3143 4919 3333 4969 πενίαν
3361 4921 3453 4971 καὶ
3486 4919 3734 4980 πλοῦτον,
3759 4922 3886 4974 ὄντα
3917 4927 4027 4985 τοῖς

2460 5009 2672 5071 πολλοῖς
2707 5011 2966 5070 πολλάκις
3010 5014 3089 5072 εἰς
3120 5011 3395 5079 ἁμαρτίαν
3420 5053 3434 5074 ,
3483 5012 3613 5080 ὓλην
3654 5016 3732 5070 εἰς
3763 5014 3898 5064 Θεοῦ
3944 5017 4029 5067 θε-

2458 5102 2689 5168 ραπείαν
2716 5101 2896 5166 τίθησι
2935 5102 3026 5152 καὶ
3051 5103 3355 5172 ἀμφότερα.
3398 5104 3626 5155 Ἔπειτα
3660 5105 3822 5156 πάλιν
3873 5107 4027 5165 εἰδὼς

2455 5195 2567 5256 οἵας
2582 5195 2759 5261 δόξης,
2780 5195 2918 5246 ὅσων
2945 5196 3163 5260 ἀγαθῶν
3191 5198 3436 5264 πρόξενοι
3456 5199 3566 5259 τοῖς
3592 5198 3953 5266 καρτεροῦσιν
3981 5199 4026 5248 οἱ

2455 5284 2773 5353 πειρασμοὶ,
2801 5283 3294 5353 ὲπαναλαμόάνων,
3330 5305 3346 5334 r
3374 5287 3683 5354 Μακάριος,
3714 5289 3904 5355 φησὶν,
3935 5287 4030 5337 ἇν-

2454 5373 2670 5442 ορωπος
2700 5374 2756 5435 ὃς
2789 5375 3048 5442 ὑπομένει
3082 5376 3404 5443 πειρασμὸν,
3443 5377 3521 5428 δτι
3547 5376 3766 5445 δόκιμος
3798 5377 4027 5442 γενόμε-

2453 5483 2560 5529 νος,
2591 5467 2819 5536 λήψεται
2851 5468 2940 5518 τὸν
2974 5469 3236 5535 στέφανον
3271 5470 3369 5536 τῆς
3403 5470 3545 5537 ζωῆς
3570 5486 3583 5498 ·
3627 5488 3645 5520 ι
3683 5471 3759 5537 τῷ
3788 5485 4027 5537 μακαρι-

855 5698 929 5765 (5)
965 5694 1093 5761 Quae
1137 5697 1224 5747 hie
1254 5703 1572 5761 sequuntur,
1600 5695 1749 5746 tineis
1784 5694 2012 5753 inclusa,
2047 5692 2242 5747 desunt
2291 5696 2341 5746 in
2379 5704 2559 5747 nostro
2590 5709 2690 5746 ms.
2719 5695 2926 5749 Gl'fPCO.

850 5818 918 5885 (bi
949 5815 1106 5881 Plura
1135 5816 1411 5884 aliquanto
1449 5813 1710 5866 habentur
1742 5815 1793 5867 in
1831 5831 1930 5870 ms.
1968 5814 2190 5878 Veneto,
2225 5829 2343 5884 qua!
2387 5815 2502 5869 \‘ide
2532 5816 2580 5867 in
2612 5819 2859 5870 versione
2885 5815 3097 5879 Latina,
3129 5815 3142 5884 ἱ
3192 5817 3203 5884 l
3238 5815 3388 5867 uncis
3417 5806 3644 5866 inclusa.
