4230 6436
176 438 286 501 sos

1135 427 1309 486 VITA
1358 426 1414 481 S.
1460 420 1717 481 JACOBI
1766 418 2097 477 FRATRIS
2138 415 2441 477 DOMINI.

3310 411 3418 474 206

175 549 301 618 σμῶ
334 548 428 601 καὶ
482 550 548 616 τῇ
604 545 711 597 τῶν
767 542 1045 607 στεφάνων
1102 533 1789 601 ἑλπίόιεὺπαραδέκτους,

1866 530 2023 580 homo
2048 531 2133 596 qui
2164 530 2386 581 sustinet
2423 522 2766 576 tentationem
2794 538 2806 576 :
2839 525 3091 593 quoniam
3125 539 3244 577 cmn
3275 524 3438 579 fuerit

172 644 304 702 τοὺς
342 638 683 709 πειρασμοῦς
715 637 828 696 τοῖς
857 631 1167 701 φιλαρέτοις
1207 624 1347 679 εἶναι
1400 621 1753 691 παρασκευά-

175 735 309 797 ζων,
355 728 552 799 μικροῦ
579 726 754 779 δὲ’καὶ
778 724 848 783 ὡς
879 724 1110 791 ἕρμαιον
1140 719 1319 779 αὐτοῖς
1357 715 1632 784 ἡγεῖσθαι,
1661 713 1755 765 καὶ

178 824 299 893 μεθ’
328 823 521 893 ἡδονῆς
548 817 922 886 ὑποδέχεσθαι.

247 1005 323 1059 Z'.
366 1004 441 1056 Οὐ
476 1003 586 1070 μὴν
608 1001 664 1053 δὲ
690 999 748 1051 τὸ
765 997 873 1049 τῶν
901 995 1112 1048 πολλῶν
1136 994 1371 1059 νόσημα,
1402 989 1452 1041 οἳ
1488 989 1582 1041 καὶ
1607 987 1754 1047 ὅπως

177 1099 318 1157 ιδίας
380 1092 723 1153 ἐκδικοῦντες
786 1087 1105 1156 ἐπιθυμίας,
1168 1086 1233 1136 ὲκ
1274 1080 1490 1148 φύσεως
1521 1076 1753 1131 εἶναιτὸ

174 1187 518 1256 ἁμαρτάνειν
569 1184 812 1250 λέγουσι,
849 1182 941 1233 καὶ
976 1178 1097 1230 οὐδὲ
1154 1177 1245 1228 τὸν
1276 1174 1406 1226 Θεὸν
1429 1170 1618 1223 αἴτιον·
1648 1171 1755 1223 τῶν

174 1281 370 1332 κακῶν
413 1276 631 1330 ὀκνοῦσι
675 1274 940 1343 νομίζειν,
993 1268 1289 1323 κατέλιπεν
1339 1265 1753 1334 ἀθεράπευτον

176 1373 297 1427 ἀλλ’
354 1372 546 1440 ὥσπερ
608 1386 691 1429 τις
747 1363 1198 1431 ἄριστοςίατρῦς,
1257 1362 1369 1421 τοῖς
1404 1358 1758 1425 φυλακτικοῖς

177 1463 463 1532 χρώμενος
488 1459 819 1528 βοηθήμασι,
847 1454 980 1522 πρὸς
1005 1454 1103 1523 τὴν
1121 1453 1274 1504 νόσον
1296 1451 1509 1502 ἵσταται
1532 1446 1758 1515 ταύτην,

188 1572 205 1602 α
226 1551 457 1617 Μηδεὶς,
486 1549 679 1615 λέγων,
707 1545 1100 1614 πειραζόμενος
1118 1542 1341 1608 λεγέτω,
1362 1541 1444 1591 ὅτι
1470 1540 1604 1589 Ἀπὸ
1625 1536 1761 1590 Θεοῦ

181 1643 557 1709 πειράζομαι·
595 1643 622 1693 ὁ
676 1640 785 1709 γὰρ
837 1638 970 1699 Θεὸς
1015 1633 1346 1702 ἀπείραστός
1402 1632 1518 1682 ἐστι
1549 1629 1755 1691 κακῶν,

180 1736 438 1807 πειράζει
494 1734 550 1785 δὲ
600 1733 762 1793 αὐτὸς
812 1730 1023 1790 οὐδένα,
1084 1727 1315 1787 ἕκαστος
1348 1725 1403 1777 δὲ
1436 1722 1759 1790 πειράζεται

177 1830 283 1880 ὑπὸ
318 1830 418 1895 τῆς
471 1826 609 1887 ιδίας
650 1823 951 1890 ἐπιθυμίας
1011 1819 1364 1886 ἐξελκόμενος
1393 1818 1485 1868 καὶ
1512 1814 1759 1879 δελεαζό-

179 1937 364 1991 μενος⁶
394 1916 511 1973 εἶτα
536 1921 568 1987 ἡ
597 1917 865 1983 ἐπιθυμία
895 1911 1243 1966 συλλαϐοῦσα
1270 1913 1441 1962 τίκτει
1466 1907 1761 1977 ἁμαρτίαν,

177 2019 210 2084 ἡ
241 2014 298 2067 δὲ
334 2012 577 2081 ἁμαρτία
606 2007 1028 2062 ἀποτελεσθεῖσα
1054 2004 1284 2055 ἀποκύει
1318 2002 1564 2052 θάνατον.
1607 2016 1624 2047 ι
1656 1996 1758 2048 Οὖ-

182 2124 293 2167 τως
311 2108 341 2159 ὁ
366 2106 572 2163 δίκαιος
607 2102 831 2155 δικαίως
868 2094 1071 2164 μεταξῦ
1096 2092 1402 2162 ἀνθρώπων
1427 2092 1639 2143 ἐδίκασε
1667 2092 1760 2143 καὶ

177 2196 337 2260 Θεοῦ,
368 2195 561 2262 ἐκείνῳ
600 2192 701 2260 μὲν
726 2192 786 2242 τὸ
825 2188 1063 2240 ἀναίτιον
1091 2186 1198 2245 τῶν
1258 2184 1444 2237 κακῶν
1480 2185 1763 2253 μαρτυρὴ-

180 2307 279 2351 σας
330 2288 427 2339 καὶ
474 2284 687 2352 σιωπᾷν
749 2281 942 2343 πείσας
965 2281 1215 2347 γλώσσας
1250 2278 1759 2349 μεγαλορῤήμονας,

178 2378 292 2438 τοῖς
348 2377 657 2448 ἀνθρώποις
688 2377 746 2429 δὲ
797 2374 1182 2442 ἐπιγνώμονας
1231 2375 1327 2440 τῆς
1363 2370 1573 2425 ἑαυτῶν
1601 2369 1762 2422 ἀσθε-

179 2471 330 2534 νείας
364 2472 457 2522 καὶ
485 2470 592 2522 τῶν
625 2467 1037 2538 ἁμαρτημάτων
1069 2463 1207 2515 εἶναι
1246 2464 1495 2529 ποιήσας,
1524 2461 1759 2528 εὐλόγως

180 2583 240 2617 τε
277 2563 740 2635 παρασκευάσας,
779 2560 987 2618 ἑαυτοῖς
1022 2556 1222 2624 μᾶλλον
1254 2555 1347 2605 καὶ
1374 2554 1433 2604 οὐ
1459 2552 1577 2621 Θεῷ
1604 2553 1670 2602 τὰ
1696 2554 1761 2604 ἐκ

179 2659 430 2725 πονηρᾶς
466 2653 759 2723 συνηθείας
785 2650 877 2702 καὶ
931 2648 1203 2718 ῥᾳθυμίας
1232 2645 1562 2713 ἐπιγράφειν
1595 2641 1763 2711 σφάλ-

184 2767 358 2817 ματα,
401 2748 494 2799 καὶ
554 2744 698 2798 οὕτω
745 2743 806 2796 τὸ
863 2742 1314 2810 ταπεινοφρονεῖν
1355 2739 1647 2808 μανθάνειν
1671 2736 1764 2789 καὶ

182 2840 523 2911 συγγνώμην
547 2840 740 2892 αἰτεῖν.

255 2934 341 2986 H'.
390 2930 631 2984 Ἐκεῖθεν
654 2931 742 2983 ὅτε
767 2928 857 2980 τὸν
882 2926 1092 2980 δίκαιον
1118 2918 1650 2991 σοφῶς’ἁναιροῦντα
1674 2904 1763 2969 τδν

185 3027 455 3097 ἑπόμενον
495 3026 587 3077 ἐπὶ
612 3026 677 3092 τῇ
720 3020 1059 3089 κατορθώσει
1093 3017 1189 3070 τοῦ
1217 3015 1427 3083 ἀγαθοῦ
1457 3015 1649 3081 τῦφον,
1673 3010 1765 3063 καὶ

184 3119 448 3170 πείθοντα
507 3114 579 3182 τῷ
627 3113 754 3183 ’Θεῴ
808 3112 1010 3181 μᾶλλον
1049 3111 1080 3179 ἢ
1118 3110 1330 3168 ἑαυτοῖς
1366 3108 1676 3172 λογίζεσθαι
1705 3103 1766 3155 τὸ

184 3207 531 3278 κατορθωθέν
553 3223 566 3237 ’
597 3224 615 3258 t
643 3206 736 3276 Μὴ
758 3204 1031 3258 πλανᾶσθε
1060 3203 1189 3272 γὰρ,
1214 3200 1403 3269 φησὶν,
1421 3196 1635 3264 ἀδελφοί
1662 3213 1761 3291 μου
1794 3236 1834 3291 C

184 3301 487 3368 ἀγαπητοὶ,
528 3301 677 3352 πᾶσα
710 3300 858 3361 δόσις
910 3296 1087 3365 ἀγαθὴ
1137 3295 1231 3348 καὶ
1260 3297 1368 3346 πᾶν
1399 3292 1630 3361 δώρημα
1673 3287 1764 3339 τέ-

182 3391 334 3444 λειον
371 3392 579 3445 ἄνωθέν
626 3393 741 3441 ἐστι
774 3391 1102 3440 καταϐαῖνον
1132 3387 1238 3439 ἀπὸ
1268 3386 1359 3437 τοῦ
1414 3384 1621 3452 Harpe;
1656 3379 1763 3433 τῶν

186 3483 409 3552 φώτων,
445 3484 575 3550 παρ’
600 3476 645 3548 ᾧ
683 3482 784 3533 οὐκ
822 3480 939 3531 ἔστι
966 3479 1290 3549 παραλλαγὴ
1318 3476 1350 3544 ἦ
1394 3476 1600 3544 τροπῆς
1626 3476 1763 3525 ἁποο

188 3579 441 3641 σκίασμα
466 3590 483 3607 ο
514 3572 797 3642 βουληθεὶς
825 3571 1140 3639 ἀπεκύησεν
1167 3570 1314 3638 ἡμᾶς
1344 3568 1486 3635 λόγῳ
1510 3565 1765 3634 ἀληθείας

184 3672 267 3729 εἰς
295 3669 356 3720 τὸ
380 3662 519 3718 εἶναι
555 3668 699 3735 ἡμᾶς
727 3668 982 3737 ἀπαρχήν
1011 3682 1133 3717 τινα
1184 3664 1293 3715 τῶν
1339 3662 1505 3714 αὑτοῦ
1532 3658 1767 3727 κτισμά-

184 3778 352 3813 των.»
381 3759 568 3812 Ταῦτα
609 3762 703 3812 καὶ
725 3764 1069 3828 φρονήματος
1100 3757 1356 3808 ἀποκενοῖ
1384 3751 1571 3820 τῦςρον,
1589 3752 1679 3805 καὶ
1708 3749 1768 3802 τὸ

183 3855 343 3908 Θείον
374 3853 704 3922 παρεκτικὺν
722 3851 840 3920 ἄμα
864 3851 958 3903 τοῦ
982 3850 1187 3918 ἀγαθοῦ
1212 3850 1307 3899 καὶ
1331 3849 1598 3915 ἄτρεπτον
1628 3840 1770 3897 εἶναι

186 3946 288 3998 καὶ
309 3944 670 3996 ἀναλλοίωτον
698 3942 879 3996 δείκνυ
892 3957 959 4003 σι,
991 3940 1086 3993 καὶ
1103 3940 1251 3999 ὅπως
1277 3933 1602 4005 ἐξαίρετυνῆ
1632 3934 1768 4003 πρὶς

186 4040 257 4090 τὰ
295 4036 434 4089 ἄλλα
467 4041 741 4106 κτίσματα
789 4036 917 4105 περὶ
950 4035 1040 4086 τὸν
1081 4032 1370 4101 ἄνθρωπον
1402 4030 1656 4097 φαίνεται
1708 4027 1771 4078 τὸ

188 4133 555 4206 κηδεμονικὸν
587 4134 730 4205 ἔχον.

261 4230 341 4285 8'.
376 4230 531 4283 Μετὰ
578 4228 752 4280 ταῦτα
785 4227 881 4279 καὶ
907 4225 1258 4295 ὴθικωτέρων
1301 4223 1535 4276 ἅπτεται
1570 4238 1768 4291 παραιο

188 4322 420 4386 νὲσεων,
451 4338 472 4372 ι
494 4319 697 4384 Ἔστω,
719 4318 914 4386 λέγων,
961 4318 1067 4378 πᾶς
1100 4315 1383 4387 ἄνθρωπος
1409 4317 1579 4384 ταχὺς
1606 4314 1685 4377 είς
1710 4312 1772 4366 τὸ

190 4413 455 4474 ἀκοῦσαι,
484 4412 682 4483 βραδὺς
707 4408 785 4474 είς
808 4411 867 4465 τὸ
895 4411 1146 4479 λαλῆσαι,
1191 4410 1391 4480 βραδὺς
1420 4412 1497 4470 εἱς
1526 4411 1718 4477 ὀργήν.
1748 4427 1766 4459 ι

194 4509 259 4559 Εἰ
300 4508 410 4574 γὰρ
440 4506 501 4557 τὸ
531 4506 712 4571 λέγειν
741 4504 951 4575 ταχέως
979 4503 1227 4571 φυλακῆς
1266 4499 1438 4565 ἄξιον,
1470 4501 1531 4552 τὸ
1563 4502 1772 4569 ταχέως

190 4599 516 4673 ὀργίζεσθαι
580 4600 753 4671 πόσης
811 4599 1010 4668 μᾶλλον
1061 4597 1230 4649 δεῖται
1284 4595 1383 4666 τῆς
1428 4595 1774 4663 ἀσφαλείας

196 4697 345 4766 Ὅρα
377 4696 435 4747 δὲ
484 4691 581 4746 καὶ
626 4693 720 4745 τοῦ
776 4693 917 4744 κατὰ
948 4689 1208 4758 ἀλήθειαν
1242 4690 1599 4758 Χριστιανοῦ,
1628 4688 1773 4751 οἵους

193 4787 339 4845 εἶναι
366 4790 514 4856 λέγει
536 4788 660 4848 τοὺς
695 4785 1069 4856 χαρακτῆρας.
1102 4804 1120 4838 t
1153 4783 1430 4854 Θρησκεία
1448 4783 1663 4853 καθαρὰ
1682 4783 1774 4834 καὶ

193 4888 461 4955 ἀμίαντος
510 4884 589 4955 τῷ
629 4883 746 4954 Θεῷ
781 4882 874 4936 καὶ
923 4886 1094 4952 Πατρὶ
1130 4880 1268 4949 αὓτη
1313 4880 1461 4931 ἐστίν
1501 4896 1515 4912 ο
1552 4880 1776 4931 ἐπισκέ-

192 4977 432 5048 πτεσθαι
475 4978 747 5045 ὀρφανοὺς
782 4978 874 5030 καὶ
932 4977 1108 5045 χήρας
1144 4978 1201 5027 ἐν
1254 4977 1318 5043 τῇ
1361 4973 1537 5042 θλίψει
1569 4973 1773 5033 αὐτῶν,

190 5070 429 5127 ἄσπιλον
448 5071 640 5125 ἑαυτὸν
667 5074 856 5142 τηρεῖν
879 5071 986 5123 ἀπὸ
1014 5070 1107 5123 τοῦ
1129 5070 1356 5138 κόσμου.
1391 5087 1410 5121 ί
1436 5068 1664 5137 Ἐπίσης
1684 5085 1773 5119 κε-

190 5167 343 5219 λεύει
379 5168 473 5222 καλ⁸
495 5165 587 5219 τοῦ
619 5166 824 5233 κόσμου
872 5165 1224 5233 ἀφίστασθαι,
1278 5163 1374 5216 καὶ
1429 5160 1505 5232 τῷ
1546 5162 1774 5231 πλησίον

193 5259 590 5330 προστίθεσθαι
619 5275 634 5290 ⁸
683 5260 802 5319 ταῖς
832 5258 957 5326 γὰρ
1019 5257 1324 5328 ἀληθείαις,
1385 5256 1500 5307 τότε
1535 5253 1775 5321 γνησίως

190 5356 313 5415 τοῖς
348 5352 597 5421 ἀδελφοῖς
651 5352 1111 5421 συμπαθησομεν,
1167 5351 1257 5403 ὅτε
1311 5349 1413 5417 τῆς
1440 5349 1536 5399 τοῦ
1565 5349 1770 5414 κόσμον

192 5445 583 5514 προσπαθείας
634 5446 849 5506 ἑαυτοῖς
901 5443 1310 5515 ἀπορῤήξομεν.
1346 5441 1436 5510 ’ἰῷ
1475 5443 1531 5495 δὶ
1574 5443 1769 5503 εἰπεῖν,

201 5559 223 5593 α
257 5540 355 5610 Μὴ
388 5540 446 5589 ὲν
472 5537 957 5608 προσωποληψίαις
990 5538 1165 5605 ἔχετε.
1198 5537 1436 5604 ἀδελφοὶ,
1471 5539 1567 5606 τὴν
1587 5539 1775 5588 πίστιν

190 5638 292 5692 τοῦ
318 5636 524 5707 Κυρίου
555 5636 712 5704 ἡμῶν
728 5632 903 5704 Ἰησοῦ
932 5631 1169 5704 Χριστοῦ
1187 5634 1279 5699 τῆς
1314 5633 1493 5701 δόξης,
1525 5654 1541 5685 ι
1565 5635 1622 5688 τὸ
1651 5636 1774 5686 κατ’

288 5758 307 5788 ⁸
342 5756 458 5810 Jac.
492 5772 549 5821 tt,
603 5755 625 5808 l
664 5770 816 5825 seqq.

1863 623 2140 685 probatus,
2193 620 2419 687 accipiet
2468 633 2721 673 coronam
2770 616 2925 679 vitae;
2967 634 2983 665 ι
3023 616 3355 673 beatitudine
3383 630 3441 671 et

1863 726 1955 777 spe
1986 726 2307 763 coronarum
2339 710 2598 769 efﬁciens,
2630 718 2683 762 ut
2719 708 2828 762 sint
2857 707 2989 760 viris
3022 707 3176 760 bonis
3203 718 3442 775 θεωρίαι

1863 803 2211 865 tentationes,
2241 815 2294 857 et
2328 819 2420 856 eas
2462 801 2845 869 propemodum
2905 809 3165 868 tanquam
3220 800 3431 856 lucrum

1863 896 2192 957 exisriment,
2221 906 2272 948 et
2301 911 2420 948 cum
2455 894 2725 959 voluptate
2752 894 3043 962 excipiant.

1943 986 2052 1040 νη.
2095 986 2276 1053 Neque
2328 987 2615 1038 multorum
2654 985 2920 1047 morbum,
2953 984 3044 1052 qui
3097 999 3222 1037 suas
3253 984 3437 1038 defen-

1866 1077 2054 1130 dentes
2089 1079 2435 1146 cupiditates,
2472 1089 2752 1146 peccatum
2793 1075 2985 1128 dicunt
3013 1090 3133 1129 esse
3168 1092 3195 1127 a
3228 1086 3438 1141 natura,

1866 1179 1921 1222 et
1956 1184 2125 1237 neque
2176 1179 2427 1224 verentur
2470 1170 2784 1223 exiStimare
2839 1167 3004 1221 Deum
3058 1182 3177 1219 esse
3227 1182 3446 1219 causam

1866 1261 2144 1325 maiorum,
2177 1261 2394 1331 reliquit
2426 1262 2723 1315 incuratum
2755 1277 2767 1312 :
2798 1258 2888 1313 sed
2920 1268 3172 1325 tanquam
3206 1258 3447 1310 medicus

1864 1355 2340 1424 prtestantissimus
2377 1355 2594 1409 auxiliis
2652 1353 3052 1419 praeservativis
3113 1361 3289 1411 utens,
3318 1351 3447 1404 huic

1867 1448 2058 1502 morbo
2087 1447 2304 1511 resistit,
2331 1447 2551 1501 dicens:
2585 1466 2603 1498 ι
2629 1446 2796 1500 Nemo
2819 1448 2905 1513 qui
2930 1456 3187 1509 tentatur,
3212 1445 3347 1498 dicat
3374 1466 3384 1497 :
3407 1445 3445 1497 Λ

1864 1540 1973 1595 Deo
2002 1549 2194 1594 lentor.
2221 1540 2357 1594 Deus
2380 1543 2519 1593 enim
2545 1555 2648 1593 non
2680 1541 2755 1605 (ὁ)
2788 1547 3026 1592 tentatur
3058 1554 3085 1590 a
3125 1538 3313 1600 malis;
3336 1539 3450 1606 ipse

1865 1635 2040 1679 autem
2085 1635 2259 1679 teutat
2284 1628 2552 1681 neminem
2592 1646 2603 1679 :
2639 1629 2985 1696 unusquique
3017 1642 3141 1679 vero
3165 1638 3448 1679 tentatura

1865 1718 2081 1784 propria
2106 1720 2545 1785 concupiscentia
2570 1728 2830 1772 attractus
2848 1730 2898 1771 et
2926 1719 3215 1771 inescatus.
3250 1716 3453 1771 Deinde

1869 1810 2308 1878 concupiscentia
2343 1825 2461 1861 cum
2495 1811 2763 1879 concepit,
2795 1813 2935 1878 parit
2965 1821 3243 1878 peccatum
3278 1827 3291 1861 :
3323 1825 3453 1878 peco

1800 1903 1838 1957 Β
1870 1911 2046 1951 catum
2093 1910 2269 1951 autem
2327 1897 2645 1966 perfectum,
2696 1902 2835 1968 parit
2891 1912 3137 1951 mortem.
3184 1918 3202 1950 ι
3244 1899 3333 1953 Sic
3370 1901 3451 1953 vir

1861 1990 2044 2057 justus
2068 1989 2213 2058 juste
2239 1991 2505 2061 judicavit
2561 1994 2704 2043 inter
2737 1992 2985 2044 homines
3021 2001 3073 2043 ct
3107 1991 3270 2043 Deum
3325 2009 3338 2046 :
3374 1991 3450 2046 illi

1863 2081 2079 2147 quidem
2133 2096 2231 2131 suo
2280 2080 2588 2132 testimonio
2636 2081 2895 2144 tribuens,
2948 2080 3087 2146 quod
3146 2095 3248 2131 non
3307 2088 3455 2132 esset

1864 2178 2051 2221 auctor
2108 2168 2408 2233 malorum,
2458 2179 2511 2221 ct
2576 2170 2770 2236 linguis
2844 2170 3156 2236 loquacibus
3229 2183 3452 2235 persua-

1866 2264 2031 2325 deus,
2074 2269 2130 2312 ut
2184 2269 2461 2325 tacerent;
2513 2259 2747 2314 eﬂiciens
2804 2271 3022 2326 autem,
3089 2268 3147 2314 ut
3201 2260 3449 2314 homines

1865 2367 2016 2406 suam
2068 2361 2425 2420 agnoscerent
2476 2352 2901 2406 imbecillitatem
2958 2361 3011 2405 et
3064 2368 3159 2406 sua
3186 2360 3446 2420 peccata;

1866 2453 1919 2499 et
1949 2452 2005 2497 ut
2040 2446 2166 2509 sibi,
2196 2455 2248 2498 et
2277 2461 2380 2498 non
2412 2444 2543 2509 Deo,
2588 2447 2925 2499 ascriberent
2964 2445 3178 2508 delicta,
3212 2459 3332 2513 qua:
3383 2458 3450 2498 ex

1870 2538 2006 2589 mala
2074 2539 2468 2591 consuetudine
2543 2536 2868 2602 proveniunt
2929 2547 2984 2591 et
3041 2537 3335 2600 socordia,
3395 2545 3454 2590 et

1867 2630 1945 2680 sic
1972 2628 2248 2682 discerent
2276 2643 2336 2682 se
2364 2628 2646 2681 humiliter
2675 2644 2886 2697 gerere,
2921 2640 2973 2682 et
3006 2640 3185 2698 petere
3212 2631 3447 2682 veniam.

1942 2892 2074 2945 \‘lll.
2106 2892 2376 2945 Praeterea
2404 2890 2840 2957 videbisjustum
2873 2891 3147 2959 sapienter
3178 2892 3450 2961 perimen-

1870 2992 1975 3037 tem
2007 2983 2369 3051 arrogantiam
2399 2992 2449 3036 et
2480 2983 2808 3047 superbiam,
2836 2997 2952 3047 qua:
2977 2986 3218 3047 sequitur
3248 2984 3445 3036 bonttut

1871 3086 2015 3131 recte
2050 3085 2281 3147 gestum,
2327 3083 2380 3128 et
2433 3073 2847 3141 persuadentem
2892 3072 3001 3126 Deo
3054 3073 3232 3139 potius
3288 3088 3449 3142 quam

1870 3170 1971 3223 sibi
2023 3170 2158 3237 ipsis
2190 3168 2487 3230 ascribere,
2528 3167 2667 3232 quod
2710 3166 2863 3221 luerit
2895 3174 3040 3218 recte
3068 3162 3292 3219 factum.
3330 3184 3349 3216 ‹
3374 3162 3453 3220 N0

1869 3262 2062 3313 erretis
2118 3260 2300 3327 igitur,
2350 3258 2544 3325 inquit,
2584 3259 2781 3310 fratres
2837 3256 2941 3308 mei
3010 3257 3245 3309 dilecti:
3291 3271 3452 3310 omne

1865 3350 2071 3406 donum
2126 3347 2330 3403 bonum
2362 3388 2376 3411 ,
2405 3356 2460 3401 et
2513 3361 2676 3401 omne
2714 3348 2898 3399 datutn
2959 3346 3253 3415 perfectum
3286 3386 3303 3411 ,
3356 3348 3451 3405 de-

1867 3457 2032 3510 super
2096 3440 2371 3497 descendit
2433 3456 2460 3493 a
2515 3439 2674 3494 Patre
2736 3440 3050 3505 luminum,
3096 3439 3235 3509 apud
3288 3455 3447 3509 quem

1868 3550 1971 3588 non
2018 3543 2103 3588 est
2162 3534 2491 3593 vicissitudo,
2525 3547 2622 3585 nec
2670 3533 2981 3585 mutationis
3034 3532 3375 3586 obumbratio
3432 3546 3447 3584 :

1868 3628 2055 3682 volens
2080 3627 2219 3681 enim
2250 3626 2430 3697 genuit
2462 3641 2557 3679 nos
2588 3625 2747 3679 verbo
2771 3625 3035 3689 veritatis,
3069 3634 3125 3676 ut
3160 3626 3329 3679 simus
3355 3641 3453 3679 nos

1871 3722 2123 3790 primitiae
2186 3721 2431 3790 quaedam
2508 3718 2624 3785 ejus
2684 3730 3080 3774 creaturarum.
3142 3737 3160 3768 ι
3222 3718 3345 3772 Haec.
3396 3727 3452 3772 ct

1870 3812 2188 3867 exinaninnt
2247 3812 2634 3879 arrogantiam,
2668 3815 2726 3862 et
2773 3811 3065 3863 ostendunt
3110 3808 3277 3861 Dcum
3327 3824 3450 3863 esse

1871 3904 2110 3956 datorem
2174 3902 2458 3963 bonorum,
2516 3907 2571 3955 et
2627 3914 2748 3956 esse
2780 3898 3188 3964 immutabilem,
3243 3914 3340 3953 nec
3396 3899 3450 3954 in

1872 4007 1993 4046 eum
2039 3993 2231 4045 cadere
2257 3990 2629 4044 alterationem
2663 4006 2678 4042 :
2723 3990 2975 4057 quodque
3014 3990 3059 4041 is
3082 3998 3165 4042 est
3196 3989 3448 4054 eximius.

1873 4083 1917 4137 si
1964 4081 2277 4138 conferatur
2317 4095 2443 4134 cum
2485 4079 2656 4134 rebus
2685 4078 2997 4141 creatis,et
3038 4080 3329 4135 maximam
3360 4082 3449 4135 vi-

1876 4177 2031 4231 detur
2081 4188 2270 4241 gerere
2319 4185 2502 4227 curam
2556 4172 2790 4225 hominis

1946 4263 2036 4320 IX.
2090 4263 2220 4317 Post
2267 4266 2380 4317 haec
2431 4264 2642 4316 accedit
2674 4266 2736 4316 ad
2771 4263 3188 4325 admonitiones,
3222 4278 3342 4330 qua:
3376 4264 3447 4321 ad

1874 4371 2053 4412 mores
2094 4356 2262 4427 magis
2303 4354 2621 4426 pertinent:
2654 4372 2673 4405 ι
2716 4352 2820 4417 Sit,
2850 4353 3057 4420 dicens,
3086 4356 3265 4411 omnis
3289 4355 3451 4411 homo

1874 4448 2029 4503 velox
2069 4449 2134 4503 ad
2182 4447 2529 4508 audiendum,
2564 4445 2750 4499 tardus
2776 4446 2841 4500 ad
2869 4446 3225 4514 loquendum,
3264 4457 3317 4501 et
3344 4456 3451 4501 tar-

1808 4569 1849 4626 D
1880 4541 1982 4594 dus
2013 4538 2077 4592 ad
2113 4541 2270 4591 iram.
2310 4557 2328 4588 ι
2373 4536 2427 4590 Si
2468 4539 2611 4589 enim
2647 4537 2798 4589 velox
2827 4552 3009 4590 sermo
3043 4548 3125 4590 est
3154 4541 3448 4607 cavendus,

1879 4638 2083 4698 quanto
2112 4628 2284 4695 magis
2315 4626 2618 4681 adhibenda
2653 4636 2734 4679 est
2773 4627 2975 4689 cautio,
3007 4643 3073 4682 ne
3100 4628 3209 4682 cito
3248 4630 3450 4684 irasca-

1877 4721 1991 4773 ris?
2025 4720 2152 4773 Vide
2180 4731 2382 4783 autem,
2414 4719 2685 4787 quomodo
2731 4719 2959 4791 figuram
3015 4722 3128 4774 veri
3189 4722 3451 4791 exprimit

1875 4812 2195 4866 Christiani.
2229 4831 2247 4862 ι
2288 4811 2498 4882 Religio
2552 4824 2686 4879 pura
2725 4820 2776 4864 et
2815 4811 3157 4865 immaculata
3208 4810 3353 4866 Patri
3387 4824 3443 4866 et

1877 4906 1986 4957 Deo
2029 4903 2143 4956 htec
2192 4909 2320 4957 est:
2393 4903 2617 4957 visitare
2689 4903 2965 4971 orphanos
3021 4913 3077 4956 et
3145 4904 3337 4956 viduas
3396 4907 3448 4957 in

1878 4993 2164 5049 afﬂictione
2185 5007 2394 5050 eorum.
2429 4992 2833 5047 immaculatum
2868 4991 3101 5059 seipsum
3126 5006 3451 5046 cooservare

1878 5101 1905 5136 a
1941 5085 2162 5139 mundo.
2207 5102 2225 5135 ι
2267 5082 2343 5137 Ex
2372 5098 2528 5152 tequo
2575 5085 2728 5153 jubet
2772 5094 2825 5137 cl
2869 5098 2901 5138 a
2940 5084 3142 5138 mundo
3174 5086 3450 5149 recedere,

1880 5186 1932 5231 et
1976 5178 2041 5229 ad
2088 5176 2449 5246 propinquum
2491 5177 2751 5230 accedere
2788 5195 2800 5231 :
2858 5186 2982 5230 tunc
3017 5178 3160 5231 enim
3216 5192 3341 5231 vere
3391 5194 3454 5231 ac

1877 5272 2089 5324 sincere
2131 5268 2359 5323 fratrum
2399 5270 2805 5330 miserebimur,
2835 5271 3052 5338 quando
3091 5284 3193 5322 nos
3228 5284 3451 5335 separa.

1883 5365 2059 5417 bimus
2095 5364 2162 5417 ab
2199 5360 2485 5416 affectione
2521 5364 2570 5414 iu
2606 5364 2888 5416 mundum.
2924 5363 3156 5417 Dicendo
3184 5371 3361 5419 autem
3385 5362 3405 5391 ⁸
3434 5400 3448 5423 ,

1887 5473 1904 5505 ι
1938 5455 2012 5509 Ne
2044 5457 2095 5508 in
2120 5469 2472 5521 personarum
2505 5456 2909 5523 acceptionibus
2933 5454 3201 5515 iubeatis,
3232 5454 3449 5518 fratres,

1884 5547 2041 5602 fidem
2072 5547 2281 5601 Domini
2309 5548 2480 5602 nostri
2515 5546 2639 5601 Jesu
2673 5547 2873 5601 Christi
2906 5547 3111 5616 glorim,
3149 5566 3167 5596 ι
3233 5546 3371 5600 tollit
3401 5546 3450 5598 id

1881 5638 2023 5705 quod
2074 5638 2131 5691 lit
2180 5638 2246 5691 ad
2293 5639 2738 5700 ostentationem,
2784 5638 2981 5691 docens
3017 5652 3082 5691 ne
3113 5638 3356 5690 vivamus
3392 5643 3454 5687 ut

269 5872 348 5946 (6)
384 5873 596 5930 Clarius
633 5874 730 5930 hoc
758 5887 823 5927 ex
855 5871 1043 5927 Crzeco
1071 5887 1233 5941 quam
1268 5870 1411 5941 quod
1449 5869 1638 5925 Latina
1668 5884 1842 5925 γει-διο
1876 5871 2035 5925 habet
2073 5887 2085 5925 :
2128 5893 2144 5921 ι
2194 5870 2335 5925 Deus
2367 5872 2508 5926 enim
2540 5872 2836 5924 intentatur
2870 5870 3132 5923 malorum
3172 5880 3272 5923 est.
3320 5886 3341 5921 ι
