4230 6436
788 426 890 488 201

2100 432 2383 491 MENSlS
2426 434 2694 495 MAIUS.

3938 448 4048 508 208

788 546 1103 623 placeamus
1136 539 1461 607 hominibus,
1498 556 1670 609 neque
1698 555 2009 609 qttatramus
2041 542 2261 611 gloriam
2301 558 2362 596 ex
2400 555 2440 605 Α

2400 555 2440 605 Α
2475 544 2710 609 ἐπίλεξιν
2739 546 3023 612 γινόμενον
3067 549 3301 619 ἀναιρεῖ,
3328 551 3592 605 διδάσκων
3629 554 3704 624 μὴ
3739 556 3874 623 πρὸς
3907 556 4043 624 ἀρέ-

788 633 1115 696 hnminihus,
1139 632 1359 685 humilia
1385 643 1438 686 et
1464 634 1672 701 ahjccta
1699 634 1998 701 cogitantes
2028 650 2043 688 :
2074 635 2164 687 sed
2191 634 2356 687 Deum

783 728 956 780 solum
1000 738 1266 785 amemus,
1316 730 1369 775 et
1416 722 1533 790 ejus
1574 723 1714 790 quod
1753 723 1810 775 [it
1855 722 2152 776 habeamus
2182 724 2355 793 ipsum

784 821 1137 879 laudatorem,
1165 827 1217 868 et
1250 818 1742 869 remunerationem
1769 817 1834 869 ab
1864 830 1928 869 eo
1955 826 2353 885 exspectemus.

784 912 1018 965 Diccndo
1056 925 1182 961 vero
1216 924 1338 961 eum
1374 907 1542 973 legem
1578 907 1800 974 implere
1841 908 2067 973 regiam,
2114 907 2203 974 qui
2235 907 2355 956 dili.

776 1006 851 1072 git
884 993 1187 1071 proximum
1220 998 1358 1050 sicut
1392 998 1649 1063 seipsuni,
1686 995 1885 1048 excitat
1919 994 1981 1047 ad
2014 992 2239 1045 fratrum
2275 993 2354 1043 di-

780 1095 1099 1151 lectionem,
1151 1102 1213 1139 ex
1276 1086 1391 1153 ejus
1450 1085 1539 1153 qui
1596 1085 1763 1153 legem
1828 1084 2024 1135 tulerat
2075 1082 2351 1148 dignitate,

778 1191 957 1241 sciens
987 1185 1146 1252 hujus
1182 1180 1440 1251 praecepti
1484 1177 1909 1247 magnitudinem
1954 1184 2006 1230 et
2055 1174 2352 1243 pulchritu-

777 1283 957 1336 dinem
987 1288 1089 1333 :-et
1124 1276 1265 1344 quod
1298 1274 1453 1342 plena
1489 1272 1622 1340 legis
1650 1270 1987 1339 adimpletio,
2029 1277 2112 1321 est
2136 1266 2354 1320 dilectio

778 1374 830 1425 in
867 1373 1213 1437 proximum;
1266 1378 1317 1422 et
1357 1363 1458 1419 hoc
1496 1364 1671 1432 ipsum
1711 1371 1794 1415 est
1824 1375 2031 1415 summa
2064 1359 2351 1412 bonorum.

848 1641 916 1696 Χ.
968 1638 1252 1705 Quomodo
1300 1641 1477 1687 autem
1532 1637 1709 1684 movet
1760 1628 1825 1680 ad
1882 1621 2353 1679 misericordiam?

781 1734 1012 1786 Ter-rens
1041 1724 1457 1783 imtnisericordi
1492 1733 1545 1775 et
1578 1720 1899 1783 inevitabili,
1927 1718 2067 1787 quod
2094 1717 2202 1770 illic
2245 1723 2348 1778 est,

778 1827 997 1893 judicio.
1038 1841 1054 1871 ι
1095 1820 1388 1881 Iudicium,
1445 1815 1660 1884 inquit,
1704 1814 1821 1867 sine
1869 1811 2236 1865 misericordia
2273 1809 2347 1871 ei,

2467 652 2653 687 σκειαν
2706 635 2853 703 βιοῦν
2883 637 3258 710 ἀνθρωπίνην,
3323 643 3456 711 μηδὲ
3510 644 3610 713 τὴν
3652 648 3709 709 ἐξ
3734 647 4045 718 ἀνθρώπων

2462 727 2738 797 ἐπιζητεῖν
2758 730 2936 793 δόξαν,
2967 732 3277 803 χαμαίζηλα
3302 734 3629 804 φρονοῦντας
3666 740 3755 789 καὶ
3785 739 4043 790 unum”

2461 819 2595 871 ἀλλά
2647 819 2779 870 Θεὸν
2834 822 2992 889 μόνον
3032 824 3226 890 φιλεῖν,
3288 829 3379 879 καὶ
3422 830 3715 897 ἐπαινέτην
3770 830 3919 899 ἔχειν
3950 830 4044 884 τοῦ

2460 913 2772 981 γινομένου,
2811 915 2904 964 καὶ
2935 917 3060 983 παρ’
3091 916 3257 967 αὑτοῦ
3289 918 3386 987 τὴν
3430 919 3700 971 ἀντίδοσιν
3740 923 4043 989 ἀπεκδέχεο

2461 1006 2608 1059 σθαι.
2647 1004 2737 1074 Τῷ
2768 1005 2823 1057 δὲ
2876 1008 2970 1058 καὶ
3004 1007 3164 1075 νόμον
3193 1011 3358 1075 φάναι
3399 1010 3675 1079 βασιλικὸν
3725 1012 4045 1083 ἐκπληροῦν

2457 1097 2547 1148 τὸν
2577 1098 2880 1163 ἀγαπῶντα
2907 1099 2997 1149 τὸν
3031 1099 3256 1167 πλησίον
3288 1101 3359 1162 ὡς
3391 1102 3599 1167 ἑαυτὸν,
3644 1105 3777 1171 πρὸς
3809 1104 3911 1173 τὴν
3938 1104 4047 1155 τῶν

2455 1188 2698 1256 ἀδελφῶν
2728 1190 2950 1257 ἀγάπην
2972 1190 3258 1258 διερεθίζει
3287 1190 3365 1259 τῷ
3395 1192 3663 1262 ἀξιώματι
3693 1194 3786 1254 τοῦ
3813 1193 4043 1263 νομοθε-

2455 1282 2741 1346 τήσαντος,
2775 1280 2872 1347 τῆς
2909 1281 3131 1347 ἐντολῆς
3160 1281 3363 1350 ταύτης
3389 1280 3543 1345 εἰδὼς
3587 1284 3647 1335 τὸ
3680 1284 3913 1351 μέγεθος
3948 1284 4041 1337 καὶ

2455 1370 2516 1422 τὸ
2549 1372 2766 1434 καλλος,
2797 1372 2889 1422 καὶ
2920 1372 3001 1422 ὅτι
3035 1372 3308 1441 πλήρωμα
3346 1373 3513 1440 νόμου
3545 1375 3577 1443 η
3617 1375 3751 1443 πρὸς
3779 1375 3871 1426 τὸν
3908 1375 4041 1442 πλη-

2458 1460 2573 1512 σίον
2596 1462 2806 1529 ἀγάπη,
2835 1462 3107 1515 καὶτοῦτο
3133 1464 3197 1533 δὴ
3226 1462 3382 1515 τοῦτο
3408 1464 3516 1517 τῶν
3540 1465 3762 1532 ἀγαθῶν
3786 1467 3848 1517 τὸ
3868 1467 4045 1535 κεφά-

2456 1552 2631 1608 λαιον.

2526 1646 2581 1696 1’.
2616 1645 2803 1708 Ὅπως
2838 1646 2893 1699 δὲ
2926 1645 3019 1700 καὶ
3056 1645 3189 1714 πρὸς
3225 1646 3374 1700 ἔλεον
3410 1647 3661 1718 διεγείρει
3691 1667 3704 1713 ;
3755 1650 3920 1702 Μάλα
3956 1666 4044 1702 σο-

2454 1735 2567 1803 φῶς
2592 1736 2859 1791 δυσωπῶν
2886 1737 2961 1806 τῷ
2997 1738 3215 1806 ἀνηλεεί
3248 1738 3342 1789 καὶ
3368 1739 3743 1810 ἀπαρακλήτῳ
3774 1743 3871 1811 τῆς
3896 1743 4038 1793 Exst-

2456 1827 2546 1879 θεν
2574 1828 2827 1895 κρίσεως.
2875 1847 2892 1878 ι
2924 1827 3169 1879 Ἀνέλεον
3223 1846 3253 1895 γ
3303 1846 3331 1897 ρ
3364 1829 3466 1897 ἔφη
3519 1831 3616 1900 τὴν
3650 1832 3829 1899 κρίσιν
3850 1831 3930 1901 τῷ
3965 1832 4042 1901 μὴ

779 1888 866 1987 qui
901 1933 1003 1970 non
1036 1914 1161 1967 fecit
1192 1910 1617 1965 misericordiam
1653 1924 1664 1959 :
1707 1926 1723 1958 ›
1756 1921 1850 1973 per
1884 1905 1983 1957 hoc
2022 1902 2349 1963 concedens,
2387 1888 2425 1941 Β

2387 1888 2425 1941 Β
2457 1926 2742 1988 ποιήσαντι
2763 1918 2910 1971 ἔλεον
2936 1937 2979 1970 ἰ
3016 1922 3106 1972 καὶ
3135 1920 3587 1988 κατακαυχᾶσθαι
3609 1922 3756 1974 ἔλεον
3778 1923 4039 1991 κρίσεως,

778 2025 831 2063 ut
867 2007 1233 2063 misericordia
1261 2003 1523 2072 glorietur
1553 2000 1670 2067 plus
1710 2014 1869 2067 quam
1898 1996 2190 2065 judicium,
2219 2008 2354 2061 qua-

782 2114 938 2154 terms
985 2100 1059 2151 illi
1101 2098 1191 2148 dat
1234 2094 1538 2146 victoriam.
1571 2092 1708 2155 Quin
1737 2091 1900 2142 etiam
1927 2089 1997 2141 ita
2030 2088 2162 2139 dicit
2195 2087 2351 2138 iidem

779 2210 911 2262 Opus
956 2193 1151 2245 habere
1202 2188 1440 2248 actione,
1490 2185 1631 2238 sicut
1686 2197 1881 2251 corpus
1933 2190 2055 2250 eget
2114 2181 2347 2248 spiritu:

779 2286 980 2351 absque
1010 2297 1069 2334 ca
1108 2290 1285 2333 autem
1323 2291 1443 2330 esse
1480 2284 1745 2329 mortuam
1778 2284 1831 2326 et
1865 2272 2132 2335 inutilem,
2158 2281 2213 2321 ut
2244 2285 2349 2322 non

780 2375 1117 2429 conﬁdamus
1154 2372 1206 2422 in
1238 2384 1299 2422 eo
1328 2368 1498 2420 solum
1534 2367 1673 2433 quod
1708 2365 2013 2429 credamus,
2040 2372 2093 2416 et
2117 2364 2353 2415 inaniter

778 2469 1092 2535 gloriemur.
1133 2462 1244 2516 Hoc
1280 2469 1458 2513 autem
1493 2458 1685 2525 probat
1733 2456 1943 2519 statim,
1987 2454 2262 2508 Abraham
2300 2460 2353 2505 et

777 2558 931 2610 Raab
979 2556 1254 2608 adducens
1314 2551 1365 2602 in
1438 2548 1855 2601 testimonium:
1906 2546 2054 2597 illum
2109 2544 2346 2611 quidem,

778 2647 867 2715 qui
902 2660 1020 2697 cum
1050 2642 1152 2694 ﬁde
1178 2641 1326 2691 lsaac
1355 2651 1565 2705 quoque
1590 2635 1781 2689 obtulit
1812 2651 1824 2698 ;
1863 2636 1999 2686 hanc
2032 2643 2207 2684 autem
2233 2646 2351 2699 qua:

778 2734 1141 2804 speculatores
1200 2745 1293 2797 per
1334 2728 1491 2780 aliain
1538 2728 1677 2779 viam
1738 2724 2061 2777 transmisit.
2109 2721 2173 2774 Et
2220 2722 2347 2790 quid

775 2840 911 2895 opus
952 2834 1054 2885 est,
1086 2833 1141 2873 ut
1174 2819 1379 2887 singula
1411 2815 1761 2870 enumerem?
1796 2814 1893 2865 Vix
1929 2814 2090 2865 ullam
2125 2821 2351 2880 praeter-

783 2917 930 2969 misit
963 2929 1028 2965 οι
1062 2910 1353 2964 virtutibus
1401 2908 1715 2967 moralibus,
1752 2907 1817 2957 ad
1856 2918 2015 2971 quam
2064 2918 2167 2954 non
2216 2902 2350 2954 inci-

781 3008 975 3062 taverit
1018 3005 1189 3056 virum
1228 3002 1371 3070 piunt
1408 3014 1467 3052 ac
1504 2999 1832 3064 religiosum,
1872 3012 1990 3048 cum
2025 2996 2186 3048 multa
2223 3009 2347 3063 pro-

779 3100 1082 3161 babilitate,
1130 3094 1299 3161 gratia
1347 3108 1408 3145 ac
1449 3090 1808 3159 jucunditate.
1854 3085 1903 3139 Is
1949 3086 2143 3154 linguae
2176 3086 2344 3152 legem

2453 2010 2628 2081 τούτῳ
2662 2012 2835 2072 διδοὺς
2867 2012 3009 2081 ἥπερ
3052 2011 3236 2081 ἐκείνῃ
3278 2012 3346 2063 τὰ
3380 2013 3700 2081 νικητήρια.
3741 2014 3903 2065 ’Λλλά
3945 2013 4043 2066 καὶ

2452 2103 2549 2172 τὴν
2580 2104 2762 2155 πίστιν
2790 2103 2933 2155 οὕτω
2964 2103 3172 2155 δεῖσθαί
3207 2120 3340 2173 φησι
3383 2104 3484 2173 τῆς
3523 2106 3794 2172 πράξεως.
3827 2106 3906 2169 ὡς
3936 2107 4044 2159 δεῖ-

2452 2211 2539 2245 ται
2588 2194 2646 2245 τὸ
2710 2195 2865 2262 σῶμα
2923 2194 3017 2245 τοῦ
3064 2195 3411 2262 πνεύματος·
3466 2196 3672 2262 ταύτης
3753 2198 3809 2249 δὲ
3865 2200 4040 2268 χωρὶς

2452 2288 2655 2354 νεκρὰν
2715 2281 2824 2337 οἷον
2872 2288 3146 2354 ὑπάρχειν
3180 2289 3349 2356 αὐτὴν
3372 2292 3464 2340 καὶ
3497 2292 3790 2358 ἀνόνητον*
3831 2294 3919 2345 ἵνα
3962 2294 4040 2363 μὴ

2452 2378 2513 2426 τὸ
2549 2375 2826 2426 πιστεύειν
2853 2378 3016 2443 μόνον
3046 2376 3435 2445 ὲπιθαρρῶμεν
3490 2381 3584 2431 καὶ
3618 2381 3707 2431 sia
3752 2383 3916 2451 κενῆς
3944 2385 4041 2449 ty-

2456 2466 2809 2535 καυχώμεθα.
2870 2469 3007 2519 Καὶι
3044 2469 3220 2519 πείθει
3264 2469 3426 2521 τοῦτο
3477 2470 3673 2537 λέγων,
3730 2473 3893 2535 εὐθὺς
3944 2476 4039 2526 τὶν

2466 2558 2716 2628 Ἀϐραὰμ
2778 2560 2869 2609 καὶ
2919 2558 3016 2628 τὴν
3060 2559 3234 2612 Ῥαάὅ
3272 2563 3543 2630 παράγων
3584 2566 3666 2625 είς
3722 2564 4036 2634 μάρτυρας,

2452 2648 2542 2699 τὸν
2577 2648 2674 2717 μὲν
2707 2650 2843 2716 μετά
2868 2648 2967 2716 τῆς
2996 2650 3235 2712 πίστεως
3264 2654 3359 2703 καὶ
3386 2653 3478 2704 τὸν
3517 2653 3703 2706 Ἰσαὰκ
3736 2656 4041 2724 προσενέγ-

2452 2756 2643 2798 κοντα,
2679 2740 2777 2801 τὴν
2811 2741 2864 2789 δὲ
2896 2743 3009 2800 τοίς
3044 2746 3418 2805 κατασκόποις
3452 2746 3516 2797 δι’
3552 2747 3743 2815 ἑτέρας
3775 2747 3898 2801 ὁδοῦ
3931 2766 4038 2800 πα-

2453 2828 2900 2898 ραπεμφθείσαν,
2934 2830 3041 2881 Καὶ
3078 2831 3129 2881 τί
3163 2849 3231 2899 με
3281 2833 3361 2883 δεῖ
3388 2836 3454 2885 τά
3487 2837 3607 2888 καθ’
3648 2840 3882 2891 ἕκαστον
3915 2844 4037 2909 ἀρι-

2450 2921 2707 2990 θμεῖσθαι
2742 2937 2755 2987 ;
2800 2922 2988 2991 σχεδὸν
3022 2924 3129 2992 γὰρ
3159 2924 3277 2977 οὐδὲ
3334 2926 3464 2993 μίαν
3515 2928 3741 2980 ὑπέλιπε
3774 2931 3883 2982 τῶν
3917 2933 4039 3000 ue;-

2449 3012 2561 3063 κῶν
2598 3014 2829 3081 ἀρετῶν,
2896 3014 3031 3083 πρὸς
3083 3016 3149 3085 ἢν
3211 3018 3310 3069 οὐκ
3364 3018 3586 3087 ῆρέθισε
3626 3020 3717 3072 τὸν
3761 3021 4034 3089 φιλόθεον,

2452 3104 2590 3170 μετά
2620 3104 2816 3155 πολλοῦ
2848 3105 2943 3155 τοῦ
2981 3106 3209 3159 πιθανοῦ
3252 3111 3345 3161 καὶ
3373 3111 3470 3178 τῆς
3498 3114 3741 3181 χάριτος.
3771 3108 3941 3178 Οὗτος
3965 3119 4033 3187 τῇ

780 3194 945 3251 dedit,
982 3199 1037 3239 ut
1062 3189 1151 3255 qui
1184 3197 1235 3236 et
1264 3186 1315 3234 in
1349 3193 1587 3247 tempore
1612 3179 1916 3237 tacendum,
1952 3176 2080 3227 etin
2109 3186 2346 3241 tempore
2376 3213 2417 3268 Ο

2376 3213 2417 3268 c
2451 3194 2670 3267 γλώσσῃ
2697 3196 2899 3266 θεσμὸν
2932 3199 3192 3269 ἐπέθηκε,
3219 3176 3434 3271 σιωπᾷν
3460 3176 3687 3258 τέκᾷτά
3712 3210 3906 3279 καιρὸν
3926 3176 4035 3261 ἠκαιί

776 3282 1061 3336 dicendum
1093 3283 1345 3329 accurate
1376 3272 1615 3325 doceret.
1665 3268 1710 3321 ls
1746 3277 1967 3335 paterne
1999 3266 2154 3319 docet
2195 3266 2346 3331 sequi

778 3374 995 3443 quidem
1032 3368 1341 3423 veritatem,
1390 3377 1417 3413 a
1466 3360 1601 3413 falso
1633 3369 1809 3411 autem
1854 3356 2143 3409 abstinere.
2180 3354 2348 3408 Porro

778 3469 956 3512 autem
994 3457 1230 3523 linguam
1274 3466 1488 3519 quoque
1520 3450 1833 3501 maledicam
1880 3459 1929 3499 et
1973 3447 2347 3499 calumniatri-

777 3566 892 3604 cem
920 3548 1207 3615 plurimum
1239 3552 1479 3595 accusat.
1512 3539 1577 3591 Et
1609 3540 1674 3592 de
1707 3540 2011 3608 propinquo
2042 3539 2346 3591 clanculum

776 3640 1081 3701 detrahere,
1122 3644 1213 3688 aut
1242 3636 1403 3686 etiam
1440 3647 1560 3684 eum
1607 3632 1874 3699 judicare,
1921 3630 1989 3680 ab
2023 3629 2218 3679 animis
2256 3629 2351 3679 ho-

783 3732 982 3782 minum
1019 3727 1201 3794 procul
1235 3726 1528 3791 propulsat.

848 3818 941 3873 XI.
976 3816 1148 3870 Tuum
1181 3830 1314 3882 opus
1345 3822 1449 3875 est,
1492 3826 1523 3864 ο
1557 3809 1729 3875 Juste,
1760 3809 1950 3863 divites
1980 3824 2192 3878 quoque
2227 3825 2348 3863 rur-

777 3928 870 3967 sus
897 3922 947 3963 et
973 3923 1238 3980 pauperes
1270 3907 1559 3959 admonere
1588 3921 1603 3958 :
1659 3904 1775 3957 illos
1803 3904 2043 3969 quidem,
2076 3918 2142 3955 ne
2176 3904 2346 3955 conli-

781 4003 909 4055 dant
947 4003 998 4052 in
1031 4000 1235 4050 divitiis
1269 4013 1282 4048 :
1321 3998 1419 4048 hos
1443 4006 1643 4057 autem,
1678 4006 1736 4045 ut
1767 3994 1903 4046 mala
1935 3995 2108 4046 ferant
2143 3995 2351 4061 patien-

775 4106 879 4159 ter,
907 4100 961 4144 ut
991 4091 1078 4159 qui
1110 4088 1218 4141 sint
1253 4086 1541 4141 tolerantia:
1569 4087 1840 4157 accepturi
1877 4087 2201 4152 mercedem,
2229 4100 2350 4155 quas

778 4200 880 4239 non
933 4192 1108 4251 potest
1159 4181 1358 4233 auferri
1404 4197 1417 4232 :
1476 4191 1529 4233 et
1585 4180 1688 4233 illis
1747 4180 1961 4246 quidem
2018 4178 2348 4233 infidelitatis

778 4283 1157 4344 argumentum
1202 4272 1421 4324 divitias
1466 4271 1722 4339 objieere,
1768 4279 1825 4323 nt
1859 4272 1947 4338 qui
1982 4270 2035 4323 in
2070 4272 2149 4324 eis
2176 4270 2345 4323 conﬂ-

778 4371 933 4431 dant,
965 4376 1018 4419 et
1050 4363 1235 4418 nonin
1273 4363 1361 4417 Dei
1390 4364 1533 4427 sinu,
1568 4364 1654 4431 qui
1683 4378 1957 4432 nunquam
1992 4362 2342 4427 exhauritur;

778 4458 863 4510 his
901 4468 1101 4517 autem,
1145 4465 1401 4521 tanquam
1449 4457 1764 4522 prophetam
1816 4457 2163 4519 annuntiare,
2201 4453 2345 4525 quod

2454 3288 2631 3357 λέγειν
2663 3294 3113 3360 ἀκριϐωσάμενος
3137 3310 3149 3322 ·
3177 3288 3332 3357 οὗτος
3363 3297 3462 3362 τῆς
3492 3298 3591 3364 μὲν
3617 3299 3878 3367 ἀληθείας
3911 3301 4033 3370 εχε-

2455 3382 2599 3448 σθαι,
2634 3383 2727 3434 τοῦ
2779 3384 3008 3450 ψεύδους
3042 3386 3097 3436 δὲ
3129 3387 3220 3437 καὶ
3253 3388 3382 3454 μίαν
3411 3388 3713 3457 ἀπέχεσθαι
3746 3391 4035 3461 πατρικῶς

2451 3474 2720 3527 διδάσκειο
2774 3477 2834 3527 οὐ
2888 3476 2997 3544 μὴν
3031 3476 3167 3528 ἀλλά
3205 3480 3418 3546 καὶτῆς
3455 3481 3747 3549 φιλοψόγου
3784 3484 4033 3555 γλώττης

2452 3566 2547 3615 καὶ
2572 3566 2822 3618 διαϐόλου
2849 3568 3077 3619 πλεῖστα
3104 3572 3418 3636 κατηγορεῖ,
3448 3572 3540 3623 καὶ
3569 3574 3629 3623 τὸ
3648 3574 3820 3643 λάθρα
3858 3578 3917 3629 δὲ
3938 3578 4032 3631 τοῦ

2452 3654 2682 3723 πλησίον
2729 3658 3077 3721 καταλαλεῖν,
3111 3659 3142 3729 ἢ
3184 3659 3276 3711 καὶ
3308 3661 3515 3725 κρίνειν
3557 3661 3654 3729 τῆς
3682 3666 3789 3716 τῶν
3813 3668 4032 3738 ἀνθρὼ-

2452 3761 2569 3798 πων
2590 3746 2830 3810 διανοίας
2860 3750 3080 3818 μακρὰν
3106 3751 3429 3808 ἀπωθεῖται.

2522 3837 2619 3891 ΙΑ¹.
2655 3840 2753 3891 Σὸν
2786 3840 2964 3909 ἔργον,
3010 3836 3052 3894 ὦ
3086 3843 3282 3909 δίκαιε,
3334 3846 3429 3898 καὶ
3458 3846 3517 3899 τὸ
3563 3845 3841 3913 πλουσίοις
3872 3844 4033 3913 αὖθις

2452 3928 2545 3977 καὶ
2569 3929 2762 3993 πένησι
2791 3930 3143 3996 παραινέσαι,
3171 3934 3298 3994 τοὺς
3335 3935 3427 3985 ἐπὶ
3459 3936 3536 4004 τῷ
3570 3938 3784 4009 πλούτῳ
3822 3942 3901 4011 μὴ
3932 3958 4032 3994 πε·

2452 4013 2720 4080 ποιθέναι,
2745 4020 2868 4077 τοὺς
2888 4017 2942 4068 δὲ
2963 4018 3336 4087 μακροθύμως
3368 4023 3555 4091 φέρειν
3580 4025 3654 4089 ὡς
3685 4027 4031 4098 ληψομένους

2455 4104 2644 4170 μισθὸν
2673 4111 2769 4176 τῆς
2813 4109 3091 4179 ὑπομονῆς
3146 4112 3539 4182 ἀναφαίρετον
3600 4121 3878 4183 κάκείνοις
3929 4124 4030 4191 μὲν

2451 4198 2671 4268 ἔλεγχον
2702 4200 2799 4268 τῆς
2845 4203 3102 4266 ἀπιστίας
3155 4208 3246 4257 τὸν
3282 4206 3513 4261 πλοῦτον
3560 4211 3793 4273 τιθέναι,
3822 4212 3921 4264 ἀτε
3966 4213 4027 4283 δὴ

2451 4287 2537 4339 ἐπ’
2570 4289 2716 4358 αὐτῷ
2751 4291 3083 4361 θαρῤήυάσι,
3117 4298 3209 4345 καὶ
3238 4296 3314 4363 μὴ
3347 4298 3569 4359 κόλποις
3609 4302 3719 4361 τοῖς
3752 4299 4027 4368 μηδέποτε

2452 4380 2797 4445 κενουμένοις
2824 4397 2836 4409 ·
2893 4386 3003 4442 τοῖς
3034 4383 3090 4433 δὲ
3126 4379 3214 4434 οἷα
3254 4388 3541 4456 προφήτης
3573 4388 4027 4456 εὐαγγελίζεσθαι

2452 4470 2558 4537 πρὸ
2593 4468 2699 4519 τῶν
2731 4469 2911 4540 θυρῶν
2942 4472 3165 4526 ἑστάναι
3198 4475 3287 4526 τὸν
3313 4476 3593 4547 κρίναντα.
3633 4479 3705 4531 Τὸ
3737 4481 3792 4534 δὲ
3830 4482 3905 4553 μὴ
3931 4483 4028 4554 τὴν

776 4563 872 4615 pro
910 4546 1114 4601 furibus
1158 4555 1263 4599 stat
1306 4547 1351 4598 is
1405 4546 1494 4613 qui
1527 4546 1754 4613 judicat.
1800 4546 1935 4600 illud
1992 4557 2197 4609 autem,
2238 4563 2343 4600 non
2380 4551 2422 4606 D

2380 4551 2422 4606 D
2451 4559 2758 4625 ἐπιορκίαν,
2786 4560 2922 4613 ἀλλά
2961 4564 3054 4617 καὶ⁸
3095 4565 3257 4617 αὑτὸν
3288 4546 3377 4621 τὸν
3428 4570 3589 4639 ὅρκον
3615 4573 3800 4636 ἁπλῶς

775 4638 1065 4708 perjurium
1090 4640 1287 4702 solum,
1308 4639 1398 4691 sed
1426 4639 1508 4692 vel
1532 4639 1703 4706 ipsum
1728 4638 1947 4691 omnino
1968 4636 2344 4707 jusjurandum

775 4730 1029 4780 declinari
1073 4728 1288 4791 debere,
1342 4728 1626 4795 eujusnam
1671 4729 1915 4793 alterius,
1949 4745 2107 4799 quam
2151 4728 2345 4797 lingua

767 4820 931 4886 justee
975 4818 1139 4873 fuerit
1181 4820 1496 4883 admonitio,
1538 4819 1810 4875 dicentis"
1846 4836 1859 4871 :
1902 4840 1920 4870 ς.
1968 4824 2108 4876 Ante
2139 4821 2340 4885 omnia,

773 4908 974 4966 fratrea
1008 4912 1132 4973 mei,
1180 4910 1343 4963 nolite
1378 4913 1599 4963 omnino
1642 4911 1853 4979 jurare,
1902 4928 2077 4981 neque
2107 4929 2201 4981 per
2233 4927 2347 4967 cm-

773 5001 908 5064 lum,
967 5015 1139 5068 neque
1183 5015 1277 5067 per
1321 5010 1544 5062 terram,
1578 5016 1750 5071 neque
1784 5003 1949 5056 ullum
2002 5005 2146 5059 aliud
2191 5007 2346 5075 jura-

776 5100 1055 5144 mentnm:
1090 5092 1159 5145 sit
1203 5103 1381 5145 autem
1418 5105 1677 5156 vestrum,
1711 5095 1873 5149 Certe
1907 5106 2073 5162 certe,
2114 5107 2188 5164 et,
2226 5099 2342 5153 Non

773 5194 901 5241 non,
964 5195 1028 5231 ne
1080 5180 1179 5233 sub
1226 5180 1429 5247 judicio
1479 5182 1763 5236 deeidatis.
1823 5205 1840 5234 ι
1899 5186 2024 5250 Eos,
2076 5190 2164 5257 qui
2217 5200 2342 5243 sunt

773 5280 964 5322 Sereno
998 5278 1050 5320 et
1100 5269 1392 5339 tranquillo
1424 5272 1625 5335 animo,
1680 5275 1853 5337 docet,
1911 5286 1968 5329 ut
2009 5291 2065 5329 se
2098 5281 2344 5334 muniant

771 5362 1056 5423 oratione;
1106 5377 1217 5424 eos,
1265 5363 1353 5429 qui
1404 5375 1688 5431 aegrotant,
1722 5368 1919 5421 urolco
1950 5379 2169 5424 utantur
2214 5388 2335 5426 cum

768 5452 1013 5503 oratione
1070 5453 1365 5507 sacerdotis
1416 5457 1481 5506 ad
1526 5457 1856 5522 unctionem,
1893 5468 1949 5513 et
2001 5462 2051 5514 id
2102 5462 2338 5518 habeant

770 5555 868 5608 pro
894 5542 1063 5594 morbi
1102 5544 1389 5608 medicina,
1435 5554 1615 5613 utpote
1655 5550 1796 5616 quod
1830 5552 2027 5614 oratio,
2054 5555 2138 5608 cui
2172 5571 2333 5622 opera

768 5630 944 5682 ferunt
974 5632 1256 5699 auxilium,
1302 5640 1532 5692 maxima
1569 5642 1736 5707 possit
1766 5642 1993 5699 eﬂicere.
2029 5644 2165 5710 Quid
2198 5664 2333 5716 opus

860 5792 879 5823 δ
909 5794 1022 5848 Jac.
1056 5811 1103 5860 ν,
1140 5798 1226 5853 1‘2.

2449 4653 2667 4715 πεσθαι,
2690 4653 2835 4717 τίνος
2868 4654 3035 4723 ἀλλης
3067 4656 3099 4725 ἢ
3130 4657 3227 4726 τῆς
3274 4659 3489 4724 δικαίας
3536 4664 3785 4735 γλώττης
3824 4672 4027 4739 παραί-

2446 4760 2609 4805 νεσις,
2644 4745 2748 4813 πρὸ
2794 4747 3013 4799 πάντων
3067 4747 3365 4819 λεγούσης·
3401 4772 3418 4804 ι
3472 4753 3720 4824 Ἀδελφοί
3779 4775 3903 4826 μου,
3951 4761 4024 4831 μη

2445 4832 2672 4901 ὀμνύετε
2726 4836 2882 4899 ὅλως,
2941 4839 3014 4905 μή
3046 4854 3105 4889 τε
3142 4841 3235 4892 τὸν
3266 4844 3515 4913 οὐρανὸν,
3566 4848 3639 4916 μή
3676 4862 3734 4899 τε
3764 4852 3865 4917 τὴν
3895 4852 4021 4921 γῆν,

2448 4925 2520 4993 μή
2556 4940 2611 4975 τε
2644 4925 2802 4978 ἄλλον
2832 4926 2995 4996 ὅρκον
3018 4931 3137 4983 τινά
3160 4948 3172 4959 ·
3204 4932 3345 4984 ἔστω
3374 4934 3427 4985 δὲ
3454 4936 3607 5004 ὑμῶν
3631 4938 3689 4991 τὸ
3724 4940 3834 4994 Ναὶ
3864 4941 3973 4995 Ναί
4000 4958 4015 4972 '

2440 5015 2533 5065 xui.
2571 5016 2628 5067 τὸ
2655 5014 2727 5068 Οὒ
2766 5018 2839 5069 υῠ
2862 5034 2874 5049 ο
2911 5020 2995 5071 ἵνα
3025 5022 3097 5088 μὴ
3126 5021 3203 5083 είς
3235 5023 3521 5097 ὑπόκρισιν
3556 5029 3779 5101 πέσητε.
3815 5050 3835 5085 ι
3881 5035 4019 5098 Τοὺς

2439 5104 2813 5174 ἑνθυμοῦντας
2849 5111 3152 5179 ἀσφάλειαν
3182 5116 3389 5170 ἑαυτῶν
3417 5122 3687 5173 ποιεῖσθαι
3712 5123 3813 5192 τὴν
3846 5141 4019 5195 προσο

2439 5197 2606 5269 ευχὴν
2641 5200 2905 5267 διδάσκει,
2938 5206 3064 5267 τοὺς
3092 5207 3385 5271 νοσοῦντας
3411 5212 3575 5282 ὲλαίῳ
3615 5214 3755 5281 μετὰ
3778 5231 4019 5285 προσευ-

2439 5291 2538 5359 χῆς
2568 5293 2758 5361 ἱερέως
2788 5296 2865 5357 είς
2887 5296 3114 5367 ἀλοιφὴν
3145 5299 3401 5367 χρῆσθαι,
3435 5305 3527 5353 καὶ
3558 5303 3714 5357 τοῦτο
3741 5307 3837 5375 τῆς
3861 5309 4016 5360 νόσου

2450 5387 2623 5435 ποιεῖν
2659 5385 2827 5454 ῐαμα’
2861 5387 2935 5450 ὠς
2982 5390 3079 5457 τῆς
3111 5391 3276 5460 εὐχῆς
3306 5395 3415 5461 ἄρα
3448 5395 3547 5464 τῆς
3588 5395 3675 5449 διὰ
3704 5397 3813 5451 τῶν
3838 5398 4017 5468 ιργων

2448 5472 2843 5545 βοηθουμένης,
2875 5480 3119 5548 ἐνεργεῖν
3149 5484 3215 5533 τά
3250 5486 3482 5552 μέγιστα
3508 5485 3831 5556 δυναμένης.
3862 5490 3925 5541 Τί
3961 5492 4015 5543 δὲ

2446 5561 2549 5633 Χρὴ
2573 5564 2639 5617 τὰ
2663 5566 2758 5635 τῆς
2785 5566 3042 5634 γλυκείας
3064 5570 3261 5641 ταύτης
3280 5572 3599 5644 Ἐπιστολῆς
3623 5576 3801 5629 πάντα
3832 5578 4017 5633 διαλα-

2447 5654 2581 5722 ϐεῖν,
2619 5658 2737 5721 ἐξὸν
2774 5662 3120 5732 ἐντυγχάνειν
3150 5666 3287 5735 αὐτῇ
3316 5666 3392 5735 τῷ
3425 5667 3737 5738 βουλομένῳ
3764 5672 4016 5724 κάκεῖθεν
