4230 6436
219 419 331 480 209

1175 431 1355 490 νιΤΑ
1392 431 1452 490 3.
1495 432 1755 492 JACOBI
1801 433 2135 492 FRATRIS
2176 433 2479 493 DOMINI.

3349 435 3459 497 210

213 534 296 627 ὼςΔ
319 535 390 627 ἐκ
405 537 587 606 πηγῆς
621 539 887 608 ἀρύεσθαι
909 582 922 606 ,
949 544 1042 597 καὶ
1073 549 1411 616 γευσάμενον
1444 551 1792 617 πιστοῦσθαι,
1825 573 1866 627 Α

1789 573 1866 627 ,Α
1897 559 1976 603 est
2030 551 2208 604 omnia
2259 551 2532 619 persequi,
2587 564 2704 618 quae
2753 551 2864 604 hzec
2906 551 3150 605 continet
3203 550 3459 619 Epistula.

335 622 509 729 οὕτως
533 627 828 698 ἀξιόχρεων
847 631 1100 704 μάρτυρα
1123 636 1368 702 γίνεσθαι
1389 640 1498 692 τῶν
1532 643 1790 696 Ἰακὼἇου

215 733 290 767 κα
312 736 401 767 ,ων
423 735 437 767 ;

215 733 401 770 καλων
423 735 437 783 ;

1900 659 2020 695 cum
2071 658 2189 696 eam
2239 643 2411 711 possit
2456 643 2546 710 qui
2595 642 2724 695 velit
2759 642 2955 710 legere,
2993 650 3044 694 et
3071 641 3219 694 illinc
3247 642 3464 695 haurire

1901 745 2239 802 tanquamex
2276 733 2445 799 fonte,
2499 743 2549 786 et
2599 735 2861 803 gustando
2914 734 3071 788 factis
3110 735 3355 802 probare,
3410 749 3465 789 et

1899 826 1970 878 ita
2002 826 2102 878 fide
2134 826 2326 893 dignus
2360 841 2479 880 esse
2520 829 2672 880 testis
2707 842 2914 891 eorum,
2945 843 3063 897 qua:
3099 827 3317 896 pulchre
3382 828 3461 882 di-

1900 929 2100 972 cuntur
2132 933 2158 975 ε
2191 916 2433 972 Iacobo?

1695 1073 1924 1134 CAPUT
1958 1078 2019 1132 II.

501 1173 747 1244 Synodu:
781 1176 1160 1250 Hierosolymis
1197 1183 1395 1240 habita.
1428 1185 1737 1243 .AEttimatio
1777 1192 2066 1262 singularis
2107 1197 2246 1262 apud
2280 1198 2539 1261 apostolos
2575 1207 2622 1250 et
2649 1198 2884 1252 Judwos.
2915 1199 3256 1270 Martyrium.

287 1286 388 1338 ΙΒ.
427 1288 581 1342 Ἔστι
613 1293 667 1344 δὲ
702 1294 994 1348 κάντεῦθεν
1024 1298 1083 1350 τὸ
1114 1299 1412 1370 ἀξιόχρεων
1460 1305 1672 1356 ἐκείνου
1697 1308 1794 1358 καὶ

212 1377 444 1432 δυνατὸν
496 1381 551 1433 ὲν
580 1384 722 1454 λόγῳ
749 1387 960 1453 μαθεῖν.
993 1391 1230 1459 Ζήτησις
1279 1395 1420 1448 κατά
1456 1395 1553 1466 τὴν
1587 1398 1796 1451 Ἀντιόο

212 1487 371 1540 χειαν
402 1476 636 1546 κατέστη
673 1480 824 1545 ποτὲ,
854 1483 900 1534 εἰ
924 1482 1006 1534 δεῖ
1037 1490 1160 1547 τοὺς
1183 1487 1241 1550 ἐξ
1273 1488 1440 1540 ἐθνῶν
1469 1492 1795 1559 προσιόντας

211 1566 294 1636 τῷ
318 1568 463 1637 λόγῳ
490 1571 586 1637 τῆς
632 1574 852 1641 χάριτος
883 1578 1022 1630 κατά
1047 1580 1107 1631 τὸ
1136 1580 1257 1641 ἔθος
1315 1584 1560 1648 Μωσέως
1611 1587 1796 1640 λοιπον

214 1661 663 1730 περιτέμνεσθαι.
699 1668 758 1718 ΟΞ
808 1668 901 1718 ἐπὶ
929 1672 1026 1738 τῆς
1068 1672 1338 1742 Ἀντιόχου
1373 1677 1550 1728 τοίνυν
1573 1679 1796 1748 ἀδελφοὶ

1960 1309 2076 1364 ΧΗ.
2135 1311 2301 1366 Porro
2353 1322 2530 1364 autem
2602 1312 2727 1366 hinc
2793 1329 3008 1381 quoque
3059 1314 3186 1368 sciri
3256 1320 3454 1383 potest,

1890 1414 2087 1469 quat-tta
2138 1414 2282 1458 esset
2323 1403 2438 1468 eius
2484 1405 2828 1458 auctoritatis
2868 1418 2921 1459 et
2957 1406 3166 1462 dicendi
3208 1407 3458 1461 facultas.

1891 1493 2016 1547 Fuit
2067 1496 2354 1566 aliquando
2409 1496 2635 1566 qua-stio
2689 1496 3007 1559 Antiochiae,
3068 1514 3133 1553 an
3188 1508 3460 1567 oporteret

1889 1602 1981 1640 eos
2008 1590 2097 1655 qui
2128 1604 2188 1640 ex
2210 1589 2468 1656 gentibus
2491 1589 2554 1639 ad
2588 1586 2810 1643 verbum
2839 1589 3079 1642 veritatis
3113 1588 3461 1651 accedebant,

1892 1692 2042 1730 more
2077 1677 2310 1732 Mosaico
2342 1679 2599 1748 deinceps
2626 1681 3036 1737 circumcidere.
3072 1681 3290 1736 Fratres
3312 1696 3461 1749 ergo.

211 1754 328 1843 τοῖς
386 1755 523 1805 κατά
581 1757 646 1806 τε
703 1756 1049 1827 Ἱεροσόλυμα
1105 1762 1424 1828 ἀποστόλοις
1461 1767 1556 1836 τὴν
1611 1771 1790 1839 κρίσιν
1825 1789 1864 1843 Β

1825 1789 1864 1843 Β
1893 1770 1983 1837 qui
2016 1777 2167 1822 erant
2204 1769 2524 1833 Antiochiae,
2547 1772 2809 1839 apostolis
2849 1771 3465 1826 commorantibus-Hie-

214 1842 548 1913 ἐπέτρεψαν,
577 1847 790 1900 Παύλου
825 1851 918 1901 καὶ
941 1849 1194 1921 Βαρνάϐα
1232 1856 1627 1912 διακονούντων
1657 1863 1794 1931 πρὸς

214 1936 277 1988 τδ
313 1936 664 2006 ζητούμενον.
711 1942 820 2008 Τῆς
866 1943 921 1998 δὲ
948 1945 1005 1996 ἐν
1051 1946 1796 2022 ἹεροσολύμοιςἘκκλησίας

220 2031 301 2090 εις
331 2029 489 2083 τοῦτο
514 2031 1012 2103 συναθροισθείσης,
1042 2037 1133 2088 καὶ
1161 2037 1366 2106 Πέτρου
1407 2038 1498 2089 τοῦ
1527 2041 1632 2090 τῶν
1663 2042 1796 2092 ἀπο-

221 2119 427 2171 στόλων
459 2119 672 2189 πρώτου
711 2125 1110 2192 προεστηκότος
1160 2126 1257 2194 τῆς
1313 2128 1567 2192 πίστεως,
1611 2133 1701 2183 καὶ
1730 2131 1798 2184 τὰ

219 2214 321 2282 τῆς
350 2215 630 2276 εὐσεϐείας
679 2218 967 2284 σπέρματα
1018 2219 1480 2285 καταϐάλλοντος·
1520 2243 1536 2275 ι
1575 2225 1799 2296 Ἀνδρες

218 2313 461 2378 ἀδελφοὶ,
491 2313 654 2380 φησὶν
679 2312 706 2362 ὁ
738 2313 1015 2378 Ἰάκωόος,
1044 2313 1267 2383 Συμεὼν
1292 2316 1598 2385 ἐξηγήσατο
1618 2318 1800 2381 καθὼς

221 2405 439 2473 πρῶτον
462 2406 489 2458 ό
517 2405 650 2467 Θεὸς
685 2407 1028 2474 ἐπεσκέψατο
1061 2407 1247 2460 λαϐεῖν
1283 2408 1340 2470 ἐξ
1372 2409 1539 2461 ἐθνῶν
1566 2410 1693 2461 λαὸν
1723 2410 1799 2479 τῷ

218 2497 449 2568 ὀνόματι
479 2499 666 2560 αὐτοῦ,
699 2501 791 2551 καὶ
822 2501 995 2566 τούτῳ
1028 2501 1408 2568 συμφωνοῦσιν
1439 2504 1486 2553 οἱ
1515 2503 1661 2568 λόγοι
1703 2503 1800 2555 τῶν

224 2593 543 2661 προφητῶν.
579 2611 597 2643 ›
633 2585 765 2644 Εἶτα
796 2590 1000 2651 ἐπιθεὶς
1021 2592 1085 2642 τὰ
1121 2592 1215 2644 τοῦ
1243 2596 1524 2664 προφήτου
1555 2597 1798 2665 ῥήματα,

222 2685 336 2743 ⁸ξοίς
362 2681 713 2750 ζητουμένοις
744 2681 912 2744 ὅντως
944 2681 1309 2751 ἐπεψηφίζετο
1331 2702 1343 2714 ·
1384 2706 1400 2736 ι
1447 2687 1630 2757 Κρίνω
1670 2686 1800 2754 ἐγὼ,

226 2773 424 2838 λέγων,
461 2770 532 2841 μὴ
561 2771 917 2839 παρενοχλεῖν
947 2776 1059 2833 τοῖς
1090 2772 1197 2824 ἀπὸ
1220 2775 1327 2825 τῶν
1350 2775 1517 2828 ἐθνῶν
1551 2777 1803 2845 ἐπιστρέα

229 2878 426 2930 φουτιν
461 2865 554 2916 ἐπὶ
575 2862 666 2914 τὸν
701 2862 852 2927 Θεὸν,
885 2864 1018 2916 ἀλλά
1049 2865 1351 2918 ἐπιστεῖλαι
1389 2869 1570 2928 αὐτοῖς
1599 2869 1803 2938 ἀπέχε-

229 2955 358 3007 σθαι
397 2955 505 3008 ἀπὸ
532 2956 639 3006 τῶν
667 2956 1062 3024 ἀλισγημάτων
1112 2957 1218 3008 τῶν
1242 2958 1497 3024 εἰδώλων,
1533 2959 1633 3027 τῆς
1669 2977 1804 3030 πορ-

228 3049 402 3109 νείας,
462 3047 556 3099 xui.
586 3047 678 3099 τοῦ
711 3049 960 3114 αἵματος,
1002 3049 1094 3098 καὶ
1144 3049 1233 3100 τοῦ
1272 3049 1518 3103 πνικτοῦ.
1557 3070 1575 3102 ι
1614 3051 1800 3114 Οὕτως

1901 1861 2188 1930 rosolytnis
2231 1863 2597 1929 permiserunt
2624 1863 2909 1931 judicium,
2945 1862 3112 1916 Paulo
3140 1873 3190 1916 et
3219 1863 3462 1916 Barnaba

1900 1955 1980 2009 usi
2011 1955 2278 2010 ministris
2311 1956 2374 2007 ad
2407 1956 2813 2024 pr0p0nendum
2855 1957 2906 2008 id
2943 1956 3009 2009 de
3043 1971 3148 2022 quo
3185 1956 3466 2022 quzereba-

1900 2053 2008 2098 tur.
2055 2045 2188 2098 Cum
2231 2061 2359 2100 vero
2391 2062 2510 2114 quae
2555 2045 2937 2116 Hierosolymis
2973 2056 3088 2098 erat
3121 2045 3359 2098 Ecclesia
3401 2047 3466 2097 ad

1899 2134 2001 2190 hoc
2031 2145 2175 2190 esset
2204 2149 2552 2206 congregata,
2575 2149 2628 2190 et
2655 2136 2849 2190 Petrus
2874 2137 3078 2204 primus
3101 2137 3465 2208 apostolorum

1900 2237 2156 2292 praeesset
2191 2228 2333 2294 fidei,
2383 2238 2438 2282 et
2471 2227 2678 2295 jaceret
2726 2228 2930 2282 semina
2975 2229 3234 2296 pietatis:
3286 2248 3302 2277 ι
3357 2225 3465 2279 Viri

1903 2321 2119 2383 fratres,
2147 2319 2322 2389 inquit
2373 2318 2628 2384 Jacobus,
2669 2319 2854 2373 Simon
2898 2321 3143 2390 exposuit
3197 2320 3466 2387 quomodo

1904 2415 2134 2484 primum
2169 2413 2306 2466 Deus
2337 2414 2577 2466 visitavit
2611 2428 2824 2467 sumere
2847 2428 2910 2466 ex
2938 2413 3183 2481 gentibus
3216 2411 3466 2478 populum

1903 2506 2108 2559 nomini
2128 2520 2262 2570 suo;
2297 2514 2350 2559 et
2383 2505 2430 2558 ei
2469 2503 2819 2557 consentiunt
2851 2504 3123 2572 propheta:
3147 2504 3222 2556 ’.ι
3267 2503 3466 2556 Deinde

1903 2613 2025 2652 cum
2056 2597 2421 2665 subjunxisset
2460 2596 2624 2650 verba
2657 2597 2817 2648 unius
2844 2597 3136 2664 prophetat,
3170 2597 3233 2648 de
3262 2596 3326 2647 iis
3347 2608 3466 2662 qua

1904 2691 2286 2759 quzerebantur
2314 2691 2451 2743 hanc
2487 2689 2607 2741 tulit
2643 2690 2967 2742 sententiam
3010 2703 3022 2739 :
3067 2706 3084 2738 ι
3120 2685 3310 2740 Judico
3347 2701 3466 2754 ego.

1906 2783 2113 2847 dicens,
2159 2797 2265 2835 non
2308 2795 2427 2835 esse
2476 2780 2722 2834 molestia
2776 2777 3082 2831 alliciendos
3121 2793 3232 2834 eos.
3281 2778 3370 2845 qui
3403 2791 3468 2829 ex

1908 2873 2159 2942 gentibus
2203 2874 2268 2927 ad
2315 2870 2482 2926 Deum
2537 2879 2965 2924 convertuntur:
3000 2869 3092 2923 sed
3126 2869 3470 2922 scribendum

1907 2966 1972 3017 ad
2008 2977 2123 3029 eos,
2155 2972 2212 3016 ιιι
2239 2979 2296 3017 se
2326 2965 2636 3016 abstineant
2661 2978 2690 3014 a
2729 2961 3279 3016 contaminationibus
3309 2962 3475 3014 simu-

1915 3057 2209 3124 Iacrorum,
2238 3057 2612 3119 fornicatione,
2644 3067 2697 3110 et
2728 3057 3010 3124 sanguine,
3031 3064 3085 3108 et
3109 3053 3371 3107 suifocato
3391 3053 3472 3106 ‘.n

232 3143 362 3217 ἔφη,
397 3141 491 3192 καὶ
539 3143 565 3193 ό
614 3140 766 3207 λόγος
818 3140 976 3206 ἔργον
1037 3141 1275 3209 ἐγένετο,
1312 3142 1404 3194 καὶ
1438 3141 1496 3194 τὸ
1529 3144 1678 3212 παρά
1709 3143 1802 3196 τοῦ
1833 3153 1882 3214 c

1833 3153 1882 3214 C
1913 3152 2002 3206 Sic
2038 3152 2196 3218 dixit,
2240 3161 2294 3206 et
2332 3151 2472 3220 quod
2518 3152 2751 3212 dixerat,
2778 3150 3062 3205 deductum
3107 3156 3190 3200 est
3237 3147 3302 3199 ad
3347 3144 3473 3198 elfet

244 3233 505 3288 Ἰακώϐου
536 3231 806 3301 ψηφισθὲν
837 3235 914 3295 εἰς
941 3235 1109 3285 τύπον
1134 3237 1244 3294 τοῖς
1289 3233 1605 3297 ἀποστόλοις
1637 3236 1802 3305 ἐγρά-

232 3343 381 3395 φετο,
438 3325 531 3376 καὶ
573 3327 637 3393 τῇ
675 3324 970 3393 Ἐκκλησία
1001 3325 1310 3394 παρεδίδοτο
1331 3342 1342 3353 ·
1370 3325 1510 3378 οὕτω
1554 3327 1646 3378 καὶ
1676 3327 1804 3398 παρ’

235 3418 422 3480 αὐτοῖς
462 3412 573 3484 εἶχε
607 3419 715 3476 τοῖς
745 3417 1064 3477 ἀποστόλοις
1086 3420 1112 3468 ὁ
1140 3419 1277 3487 ἀνὴρ
1309 3420 1367 3471 τὸ
1398 3421 1697 3490 αἰδέσιμον.

310 3512 411 3564 ll".
451 3509 590 3563 Ἀλλ’
613 3507 762 3559 ἐστιν
788 3505 1020 3561 ἀκοῦσαι
1072 3507 1165 3562 καὶ
1197 3509 1407 3563 Παύλου
1435 3505 1523 3566 οἵα
1557 3517 1681 3588 περὶ
1711 3515 1809 3569 αὑ-

235 3605 332 3658 τοῦ
367 3601 630 3662 Γαλάταις
658 3598 1012 3652 ἐπέσταλκεν.
1069 3618 1086 3650 ι
1130 3601 1400 3672 Ἀνῆλθον,
1424 3606 1674 3674 φησὶ,εις
1717 3608 1813 3660 Ἰε-

239 3695 518 3766 ροσόλυμα
545 3695 827 3763 ἱστορῆσαι
858 3694 1085 3762 Πέτρον,
1124 3694 1308 3764 ἕτερον
1358 3696 1414 3748 δὲ
1449 3698 1557 3750 τῶν
1584 3700 1814 3752 ἀποστό-

236 3790 349 3841 λων
379 3789 479 3839 οὔκ
511 3780 671 3847 εἶδον,
705 3786 752 3836 εἰ
789 3784 862 3853 μὴ
904 3785 1184 3848 Ἰάκωϐον,
1209 3784 1301 3836 τὸν
1325 3785 1550 3854 ἀδελφὸν
1578 3787 1672 3840 τοῦ
1699 3789 1808 3839 Κυ-

243 3883 420 3952 pio-4,)
458 3882 532 3943 ὼς
565 3880 805 3948 μεγάλου
839 3879 980 3941 τινὲς
1010 3878 1160 3943 ὄντος
1187 3879 1279 3932 καὶ
1301 3879 1446 3946 ἀξίου
1471 3883 1689 3952 μνήμης
1720 3883 1812 3938 τοῦ

239 3971 546 4027 θεάσασθαι
572 3970 662 4020 τὸν
688 3970 965 4022 Ἰάκωϐον.
1018 3965 1142 4033 Οἷος
1175 3971 1230 4024 δέ
1270 3973 1387 4025 ἐστι
1431 3973 1524 4028 καὶ
1559 3974 1708 4042 αὐτῷ
1738 3975 1815 4046 τῷ

245 4065 446 4133 Παύλῳ
501 4060 779 4128 παραινῶν
814 4062 840 4112 ό
885 4061 1161 4121 Ὶάκωὸος,
1221 4065 1248 4114 ὀ
1294 4064 1361 4116 τά
1411 4065 1519 4116 τῶν
1560 4065 1816 4134 ΙΙράΞεων

240 4158 417 4212 ἐπιὼν
450 4156 643 4223 σαφῶς
678 4157 901 4207 εἴσεται.
947 4176 961 4201 ι
1002 4154 1311 4221 Γενομένων
1341 4155 1446 4224 γὰρ
1474 4158 1649 4224 ἡμῶν,
1683 4161 1817 4226 φησι

240 4250 540 4311 ὸ.Λουκάς,
574 4249 651 4310 εἱς
694 4248 1062 4315 Ἱεροσόλυμα,
1089 4245 1418 4311 ἀπεδέξαντο
1449 4248 1592 4315 ἡμᾶς
1615 4250 1816 4312 πάντες

241 4344 298 4396 οι
333 4340 586 4408 ἀδελφοί·
653 4342 718 4406 τῇ
758 4339 814 4392 δὲ
852 4338 1082 4409 ἐπιούσῃ
1113 4337 1362 4408 εἰσῆλθεν
1410 4339 1437 4391 ὁ
1472 4339 1682 4403 Παῦλος
1720 4341 1816 4394 σὺν

247 4436 386 4505 ἡμῖν
437 4433 570 4500 πρὸς
623 4428 902 4492 Ἰάκωϐον,
949 4431 1148 4488 πάντες
1179 4447 1234 4482 τε
1289 4432 1656 4499 παρεγένοντο
1683 4433 1818 4502 πρὸς

1908 3257 2052 3300 ctum
2079 3263 2094 3302 :
2130 3255 2186 3299 et
2217 3247 2359 3314 quod
2393 3261 2422 3298 a
2448 3243 2655 3300 Jacobo
2687 3242 2856 3296 fuerat
2888 3244 3183 3300 decretum.
3215 3240 3473 3307 scriptum

1908 3347 1991 3392 est
2039 3337 2104 3389 ab
2139 3337 2416 3406 apostolis,
2458 3345 2512 3389 et
2559 3335 2812 3388 Ecclesiae
2839 3350 2936 3403 pro
2965 3334 3133 3389 forma
3174 3332 3271 3386 fuit
3317 3333 3478 3384 tradi-

1915 3439 2046 3488 tum.
2078 3427 2249 3487 Tanta
2277 3429 2414 3501 apud
2444 3427 2716 3499 apostolos
2749 3427 2849 3482 fuit
2881 3428 2997 3498 ejus
3028 3425 3351 3479 reverentia.

1986 3523 2121 3579 XIII.
2153 3522 2254 3579 Sed
2298 3525 2418 3578 licet
2461 3525 2624 3577 etiam
2659 3522 2864 3585 audire,
2905 3520 3155 3588 quidnam
3190 3517 3384 3570 Paulus
3414 3516 3479 3568 de

1913 3632 1979 3672 eo
2010 3618 2209 3671 scribat
2240 3618 2303 3668 ad
2336 3616 2553 3669 Galatas
2587 3632 2599 3667 :
2650 3632 2667 3661 ι
2700 3612 2952 3673 Ascendi,
2987 3612 3178 3678 inquit,
3223 3612 3477 3663 Hieroso—

1916 3713 2112 3778 lymam
2146 3708 2210 3760 ad
2253 3706 2540 3760 videndum
2571 3702 2816 3758 Petrum.
2844 3703 3022 3756 Alium
3052 3713 3230 3755 autem
3264 3712 3479 3768 aposto-

1915 3799 2025 3855 lum
2079 3815 2184 3853 non
2232 3798 2360 3861 vidi,
2403 3797 2504 3851 nisi
2541 3794 2804 3850 Jacobum
2857 3794 3078 3847 fratrem
3118 3794 3407 3846 Domini’:
3449 3806 3476 3840 υ

1917 3894 2099 3956 utpote
2135 3890 2275 3955 quod
2312 3901 2397 3938 res
2442 3893 2588 3940 esset
2623 3898 2837 3951 magna,
2888 3891 2942 3936 et
2985 3883 3143 3951 digna
3177 3899 3296 3952 qua:
3326 3898 3480 3933 man-

1916 3979 2133 4034 daretur
2163 3978 2457 4039 memorie.
2489 3977 2672 4031 videre
2699 3973 2978 4030 Iacobum.
3013 3975 3270 4039 Qualibus
3297 3984 3479 4027 autem

1919 4070 2304 4124 monitionibus
2350 4069 2416 4122 ad
2459 4067 2683 4125 Paulum
2726 4083 2856 4120 usus
2899 4069 2968 4120 sit
3010 4063 3267 4128 Jacobus,
3297 4074 3483 4133 aperto

1919 4164 2073 4223 sciet,
2124 4160 2214 4228 qui
2257 4161 2445 4226 legerit
2489 4161 2656 4212 Actus
2705 4158 3093 4222 apostolorum.
3151 4176 3168 4205 ι
3214 4157 3344 4208 Cum
3386 4171 3484 4208 nos

1919 4256 2061 4310 enim
2122 4253 2321 4323 (inquit
2385 4250 2582 4321 Lucas)
2634 4252 2971 4307 venissemus
3028 4249 3481 4319 Hierosolymam,

1920 4355 2250 4416 exceperunt
2279 4359 2379 4399 nos
2413 4358 2602 4398 omnes
2633 4343 2849 4398 fratres.
2898 4345 3156 4412 Sequenti
3190 4355 3364 4396 autem
3400 4344 3486 4396 die

1923 4443 2198 4509 ingressus
2248 4449 2332 4494 est
2386 4437 2582 4493 Paulus
2633 4439 2912 4494 nobiscum
2965 4438 3030 4492 ad
3086 4437 3368 4503 Jacobum,
3432 4447 3487 4490 et

245 4525 416 4585 αὐτὴν
465 4523 512 4573 οἱ
568 4519 966 4590 πρεσϐύτεροι·
1018 4521 1110 4571 καὶ
1170 4523 1560 4589 ἀσπασάμενος
1620 4524 1817 4586 αὐτοὺς
1854 4508 1894 4561 D

1814 4543 1817 4582 ῐ
1854 4508 1894 4561 D
1924 4547 2112 4590 omnes
2160 4541 2510 4590 accesserunt
2551 4534 2851 4602 presbyteri
2883 4548 2896 4583 :
2930 4545 3064 4597 quos
3103 4544 3221 4580 cum
3253 4529 3484 4581 salutas—

247 4616 560 4685 ἐξηγήσατο
613 4609 734 4669 καθ’
765 4609 823 4664 ἓν
852 4609 1082 4672 ἕκαστον
1113 4603 1188 4663 ῶν
1220 4611 1247 4662 ό
1278 4611 1408 4674 Θεὸς
1439 4613 1664 4683 ἐποίησε
1713 4615 1822 4677 τοῖς

249 4709 466 4760 ιθνεσιν
495 4707 583 4760 διὰ
629 4706 730 4773 τῆς
783 4704 1058 4766 διακονίας
1099 4703 1284 4758 αὑτοῦ.
1317 4705 1380 4756 Οἱ
1410 4703 1465 4756 δὲ
1491 4705 1824 4768 ἀκούσαντες

254 4799 510 4862 ιδόξαζον
561 4798 652 4850 τὸν
685 4795 839 4861 Θεὸν,
882 4797 1128 4859 εἰπόντες
1175 4795 1253 4866 τῷ
1286 4796 1484 4864 Παύλῳ
1510 4813 1522 4826 ·
1564 4795 1823 4866 Θεωρεῖς,

258 4889 475 4956 ﬁdat,
509 4889 674 4942 πόσαι
703 4886 959 4958 μυριάδες
993 4887 1128 4938 εἰσὶν
1160 4889 1217 4938 ὲν
1261 4891 1370 4948 τοῖς
1415 4888 1689 4952 Ἰουδαίοις
1717 4890 1827 4941 τῶν

259 4979 747 5041 πεπιστευκότων,
795 4979 887 5030 καὶ
944 4977 1145 5039 πάντες
1197 4974 1436 5044 ζηλωταὶ
1489 4978 1584 5030 τοῦ
1655 4979 1822 5048 νόμου

260 5072 625 5140 ὑπάρχουσινο
668 5069 1056 5138 κατηχήθησαν
1082 5067 1137 5120 δὲ
1170 5070 1294 5137 περὶ
1332 5067 1447 5130 σοῦ,
1480 5069 1560 5121 ὄτι
1585 5069 1827 5125 dmoen-

261 5164 390 5216 σίαν
418 5162 688 5222 διδάσκεις
713 5160 819 5212 ἀπὸ
854 5161 1095 5219 Μωσέως
1117 5160 1243 5220 τοὺς
1276 5162 1413 5212 κατὰ
1436 5162 1501 5214 τά
1528 5160 1656 5232 ἔθνη
1691 5165 1828 5215 πάν-

259 5273 360 5318 τας
403 5253 712 5315 Ἰουδαίους.
745 5250 906 5305 Ἀλλὰ
943 5251 1099 5304 τοῦτο
1147 5253 1370 5322 ποίησον
1404 5255 1430 5306 ὅ
1465 5271 1546 5307 σοι
1576 5256 1826 5324 λέγομεν·

260 5346 552 5419 ἁγνίσθητι
603 5346 699 5396 σὺν
727 5346 795 5414 (c)
827 5347 936 5404 τοῖς
965 5339 1115 5396 οὖσιν
1152 5344 1422 5412 ἀδελφοῖς,
1462 5350 1553 5401 καὶ
1582 5350 1826 5418 δαπάνη-

261 5456 376 5499 σον,
405 5437 496 5490 xui.
525 5437 820 5504 γνώσονται
845 5437 926 5488 ὅτι
965 5435 1090 5504 περὶ
1115 5432 1189 5488 ὧν
1218 5439 1552 5508 κατήχηνται
1581 5443 1706 5511 περὶ
1737 5442 1828 5494 σοῦ

259 5533 415 5589 οὖδέν
449 5533 615 5582 ἐστι.»
655 5529 878 5592 Πάντως
906 5530 961 5580 δὲ
997 5522 1392 5594 ῙΙακώσουῗδέόν
1421 5535 1828 5605 ὑπολαμϐάνειν

357 5703 376 5729 ⁵
424 5703 540 5754 Act.
583 5717 670 5762 xv,
706 5701 784 5762 II,
820 5702 900 5754 I5.
1002 5703 1020 5731 ‘
1059 5701 1188 5754 Ibid.
1223 5699 1304 5752 I9.
1390 5700 1406 5726 ⁷
1437 5698 1614 5754 Calai.
1656 5716 1691 5760 t,
1742 5697 1818 5753 I9.

1925 4633 2027 4687 set,
2077 4627 2322 4694 exposuit
2351 4623 2660 4693 singulatim
2689 4620 3108 4690 unumquodque
3133 4633 3344 4680 eorum,
3368 4631 3487 4686 qua!

1928 4715 2067 4769 Deus
2127 4717 2256 4769 fecit
2307 4716 2556 4783 gentibus
2605 4730 2700 4784 per
2751 4714 3109 4768 ministerium
3167 4727 3346 4764 suum.
3411 4709 3488 4762 Illi

1925 4820 2106 4862 autem
2157 4823 2279 4861 cum
2331 4808 2648 4866 audiissent,
2704 4805 3140 4869 glorificaverunt
3180 4803 3366 4862 Deum,
3404 4801 3487 4852 di-

1928 4907 2112 4952 centes
2163 4897 2371 4952 Paulo:
2424 4897 2608 4961 Vides,
2652 4894 2839 4960 frater,
2884 4910 3044 4964 quam
3102 4893 3266 4946 multa
3327 4891 3489 4944 millia

1931 4998 2054 5044 sunt
2096 4989 2236 5042 inter
2282 4987 2497 5042 Judaeos
2534 5003 2720 5040 eorum
2758 4989 2846 5054 qui
2889 4986 3252 5047 crediderunt,
3282 4995 3333 5038 et
3369 4997 3493 5036 sunt

1931 5093 2118 5132 omnes
2162 5078 2293 5147 legis
2335 5079 2720 5133 aemulatores:
2771 5077 2836 5130 de
2881 5085 2933 5130 te.
2973 5087 3150 5130 autem
3185 5075 3491 5134 audierunt,

1932 5171 2073 5238 quod
2111 5179 2163 5222 tu
2198 5172 2355 5224 d0nes
2397 5185 2423 5220 a
2467 5167 2613 5224 Mose
2648 5169 3004 5222 defeetionem
3037 5166 3249 5219 Jndatns
3284 5182 3486 5228 omnes,

1935 5262 2023 5329 qui
2073 5271 2198 5313 sunt
2248 5261 2296 5311 in
2341 5259 2608 5325 gentibus.
2649 5259 2753 5312 Sed
2790 5259 2873 5312 fac
2909 5262 3027 5316 hoc,
3053 5259 3194 5326 quod
3231 5258 3321 5312 tibi
3355 5259 3492 5307 diei-

1938 5331 2097 5403 mus:
2149 5362 2273 5403 sunt
2323 5351 2474 5404 nobis
2527 5350 2624 5403 viri
2680 5361 2932 5418 quatuor,
2985 5358 3164 5401 votum
3232 5346 3492 5397 habentes

1936 5452 2093 5511 super
2124 5458 2178 5496 se
2209 5459 2221 5496 :
2252 5443 2334 5496 liis
2379 5443 2688 5512 assumptis,
2731 5442 3005 5496 sattctilica
3041 5450 3088 5492 te
3121 5455 3239 5493 cum
3275 5437 3400 5504 illis,
3443 5449 3493 5491 et

1939 5536 2183 5604 impende
2233 5539 2282 5587 in
2335 5535 2456 5597 illis,
2503 5545 2557 5588 ut
2602 5535 2791 5590 radattt
2841 5536 3050 5603 capita:
3091 5544 3143 5590 et
3171 5539 3497 5599 cognoscent

339 5840 406 5904 (τ)
441 5836 606 5889 Etiam
664 5836 749 5888 hic
797 5837 944 5891 locus
989 5852 1050 5891 ex
1096 5839 1210 5890 Art.
1251 5853 1335 5891 xu
1371 5839 1538 5908 magis
1597 5841 1800 5905 integre
1846 5838 2070 5890 habitior
2105 5841 2152 5890 in
2187 5838 2373 5890 eadem
2409 5839 2670 5888 versione.
