4230 6436
194 429 301 491 217

1264 435 1438 496 VlTA
1484 437 1547 497 S.
1586 436 1832 496 ACACII
1881 438 2364 497 CAPPADOClS.

3322 426 3431 491 218

274 547 406 597 KA'.
446 542 629 595 Ταῦτα
658 542 799 595 οὕτω
854 541 1132 613 συνῆλθεν,
1170 543 1264 595 καὶ
1312 544 1615 613 προσετέθη
1656 547 1766 606 τοῖς
1799 547 1846 604 Α
1943 545 1944 549 “

1799 547 1846 604 Α
1943 542 2082 599 XXI.
2140 544 2263 599 Haec
2318 547 2387 599 ita
2444 552 2763 607 evenerunt,
2807 542 3045 598 Sanctus
3098 541 3314 596 additus
3367 553 3448 595 est

196 638 374 705 ἁγίοις
404 638 431 687 6
455 636 631 703 ἀγιος,
662 637 774 697 τοῖς
803 634 1069 702 μάρτυσιν
1092 635 1119 685 6
1148 635 1378 703 μάρτυς,
1412 638 1522 697 τοῖς
1549 635 1776 699 δικαίοις

195 727 455 788 όδίκαιος
511 726 605 778 καὶ
661 725 736 776 ὢν
774 726 866 777 καὶ
907 724 1346 793 ὀνομαζόμενος·
1374 726 1432 779 ἐν
1459 727 1777 789 ἐπισκόποις

196 816 418 885 πρῶτος
460 818 550 869 τὸν
604 815 942 885 μαρτυρικδν
997 816 1408 885 ἀναδησάμενος
1482 817 1774 883 στέφανον.

195 907 308 961 Ἤν
336 910 430 977 μὲν
458 910 565 978 γάρ
597 910 915 977 προφθάσας
938 910 997 960 ὲν
1016 908 1282 971 διακόνοις
1316 912 1342 961 ὁ
1376 909 1669 975 Στέφανος,
1716 910 1775 961 ἐν

196 1002 521 1062 ἀποστόλοις
544 1003 569 1052 6
587 1002 876 1054 Ζεϐεδαίου
906 999 1163 1063 Ἰάκωϐος
1188 1020 1200 1032 ·
1229 1002 1323 1053 νῦν
1353 1002 1451 1054 δὲὸ
1486 1003 1775 1071 ἀρχιερεὺς

196 1093 276 1158 τῷ
303 1090 504 1161 πρώτῳ
534 1093 786 1161 ἀρχιερεῖ
833 1092 1055 1162 Χριστῷ
1087 1090 1480 1161 ἠκολούθησεν,
1510 1094 1537 1143 6
1564 1093 1774 1159 μάρτυς

195 1183 277 1247 τῷ
306 1183 443 1253 ὑπὲρ
496 1182 589 1235 τοῦ
618 1185 826 1250 κόσμου
876 1186 1073 1245 παντὸς
1107 1185 1165 1234 τδ
1196 1178 1335 1251 αἷμα
1391 1184 1452 1235 τὸ
1480 1183 1612 1235 ἴδιον
1642 1183 1773 1234 ὑπο-

199 1271 408 1339 σχόντι.
466 1273 654 1325 Πόσων
706 1291 788 1326 σοι
818 1273 977 1325 Θείων
1025 1272 1354 1344 ἀξιωμάτων
1408 1273 1563 1326 πόσοι
1598 1289 1773 1341 χρεω-

202 1364 459 1417 στοῦνταί
498 1381 579 1416 σοι
618 1366 894 1431 στέφανοι,
933 1364 1009 1433 τῷ
1045 1364 1380 1434 μαθητῇ,τῷ
1408 1366 1672 1435 ἀρχιερεῖ,
1698 1362 1775 1431 τῷ

196 1456 417 1523 δικαίῳ,
471 1455 549 1522 τῷ
602 1454 897 1525 θεαδέλφῳ,
933 1456 1011 1525 τῷ
1067 1457 1329 1526 μάρτυρι,
1360 1456 1435 1524 τῷ
1467 1457 1494 1509 ὅ
1529 1472 1581 1507 τι
1604 1456 1668 1509 ἄν
1693 1471 1776 1517 τις

199 1546 346 1594 sine:
402 1542 509 1595 τῶν
555 1544 773 1610 ἀγαθῶν
802 1545 865 1597 ἐκ
902 1547 1220 1615 περιουσίας
1266 1545 1466 1614 ἔχοντι,
1508 1548 1584 1607 είς
1619 1545 1778 1608 δόξαν

202 1635 469 1704 Πατέρος,
506 1633 636 1686 Υίοῦ
689 1637 785 1687 καὶ
812 1637 969 1703 ἁγίου
1017 1637 1361 1705 Πνεύματος,
1390 1639 1487 1707 τῆς
1515 1640 1641 1707 μιᾶς
1684 1640 1778 1691 καὶ

199 1726 507 1794 ἀχωρίστου
529 1725 816 1795 Θεότητος,
912 1726 1111 1793 πρέπει
1144 1729 1294 1780 πᾶσα
1325 1726 1474 1790 δόξα.
1503 1728 1659 1795 τιμὴ,
1687 1726 1780 1779 καὶ

205 1816 675 1883 μεγαλοπρέπεια,
702 1816 796 1868 νῦν
821 1821 913 1870 καὶ
940 1818 1051 1880 ἀεὶ,
1084 1820 1176 1869 καὶ
1217 1820 1295 1881 είς
1322 1818 1445 1877 τοὺς
1483 1817 1776 1885 ἀτελευτήο

202 1922 329 1967 τους
352 1906 554 1969 αἰῶνας
590 1906 700 1959 τῶν
723 1906 955 1960 αἰώνων.
990 1909 1185 1977 ’Δμήν.

1878 639 2108 701 sanctis,
2149 637 2353 705 Martyr
2379 638 2727 708 martyribus,
2751 636 2913 705 jnstis
2932 636 3021 705 qui
3042 632 3229 687 Justus
3251 644 3363 685 erat
3399 634 3455 688 et

1880 726 2283 791 nominabatur,
2346 728 2543 797 quippe
2592 729 2798 793 primus
2852 726 2991 778 inter
3037 725 3317 790 episcopos
3352 721 3449 774 fuit

1879 818 2167 887 martyriea
2220 832 2417 870 corona
2472 820 2777 871 redimitus.
2839 817 2969 869 Nam
3015 816 3152 868 inter
3198 815 3451 866 diaconos

1877 910 2095 978 quidem
2145 910 2421 979 praecessit
2450 908 2782 975 Stephanus,
2816 912 2957 962 inter
2981 905 3253 975 apostolos
3288 903 3445 955 lebe-

1876 1002 1975 1055 (ίνεί
2006 999 2241 1055 Jacobus
2276 1016 2289 1054 :
2326 1016 2471 1054 nunc
2518 1013 2695 1057 autem
2751 999 2997 1067 pontifex
3031 998 3308 1051 Christum
3338 994 3450 1062 pri-

1876 1106 2019 1144 mum
2060 1091 2371 1145 Pontillceut
2397 1101 2478 1144 est
2512 1103 2729 1145 secutus
2758 1108 2771 1155 ;
2813 1100 3019 1161 martyr
3048 1104 3195 1153 eum,
3225 1088 3316 1156 qui
3356 1099 3453 1153 pro

1878 1183 2134 1236 universo
2212 1184 2410 1235 mundo
2473 1184 2750 1250 preprium
2814 1182 3046 1250 praebuit
3107 1177 3452 1246 sanguinem.

1874 1271 2046 1335 Quam
2070 1274 2363 1326 multarum
2393 1274 2701 1327 divinarum
2730 1274 3045 1342 dignitatum
3081 1288 3240 1341 quant
3272 1269 3452 1323 multae

1878 1363 1972 1415 tibi
2004 1364 2195 1416 debitae
2228 1374 2351 1415 sunt
2389 1380 2624 1428 σοι-ουκ,
2675 1365 2961 1434 discipulo.
2999 1364 3257 1433 pontiﬁci,
3282 1362 3453 1428 justo,

1877 1451 1971 1506 Dei
2004 1454 2175 1518 fratri,
2216 1457 2483 1523 martyri?
2514 1459 2606 1523 qui
2650 1458 2909 1526 quidquid
2946 1456 3067 1509 boni
3104 1455 3301 1507 dixerit
3331 1452 3453 1521 qui-

1878 1546 2069 1619 apiam,
2126 1545 2290 1599 habes
2337 1562 2399 1598 ex
2433 1547 2762 1599 abundantia
2817 1566 2830 1599 :
2880 1548 2945 1599 ad
2993 1547 3216 1614 gloriam
3254 1542 3451 1601 Patris.

1880 1636 1999 1689 Filii
2030 1647 2082 1689 et
2118 1625 2351 1704 Spiritus
2382 1640 2577 1701 sancti,
2629 1654 2751 1708 quae
2782 1648 2865 1692 est
2898 1655 3002 1691 una
3035 1647 3084 1690 et
3119 1633 3450 1703 inseparabi-

1880 1728 1946 1781 lis
1975 1730 2253 1796 dit-initas,
2285 1742 2337 1784 et
2366 1746 2527 1799 quam
2558 1733 2714 1786 decet
2746 1733 2923 1784 omnis
2952 1732 3124 1784 honor
3153 1739 3205 1780 et
3246 1727 3453 1793 magni-

1880 1818 2079 1877 centia,
2123 1832 2265 1871 nunc
2315 1828 2366 1871 et
2416 1836 2652 1888 semper,
2705 1830 2759 1873 et
2794 1821 2847 1873 in
2884 1818 3076 1873 sarcula
3107 1817 3449 1871 smctilorum.

1808 1900 1850 1955 Β
1880 1908 2073 1964 Amen.

700 2217 1332 2306 ΜΑΡΤΥΡΙΟΝ
1409 2220 1639 2307 ΤΟΥ
1711 2222 2049 2306 ΑΓΙΟΥ
2130 2223 2318 2303 ΚΑΙ
2400 2217 2935 2308 ΕΝΔΟΞΟΥ

1248 2393 1906 2457 ΜΕΓΑΛΟΜΛΡΤΥΡΟΣ
1943 2403 2079 2456 ΤΟΥ
2113 2405 2409 2459 ΧΡΙΣΤΟΥ

429 2570 1459 2742 ΑΚΑΚΙΟΥ
1586 2575 3234 2745 ΚΑΠΠΑΔΟΚΟΣ.

768 2993 1260 3055 MARTYRIUM
1306 2993 1591 3056 SANCTI
1638 2992 1741 3058 ET
1783 2992 2105 3055 EGliEGIl
2148 2994 2468 3053 CHRISTI
2514 2996 2927 3056 MARTYMS

882 3182 1510 3340 ACAClI
1626 3187 2797 3340 CAPPADOCIS

614 3454 809 3516 (Sortes
830 3454 888 3504 ad
910 3451 1039 3504 diem
1072 3457 1103 3506 8
1126 3454 1265 3516 Maii;
1294 3456 1465 3507 Grece
1498 3469 1628 3507 nunc
1652 3457 1859 3519 primum
1882 3454 2046 3518 prodit
2078 3468 2140 3507 ex
2166 3458 2277 3507 sed.
2312 3459 2437 3524 Reg.
2476 3456 2615 3509 Paris
2639 3457 2774 3520 πᾶσι,
2806 3471 2920 3511 sae.
2947 3470 3014 3509 su
3043 3470 3062 3523 ι

1791 3611 1858 3625 ἡ

290 3722 366 3777 κ.
404 3722 597 3794 τρίτον
625 3724 785 3777 τοῦτο
821 3724 914 3777 τοῦ
959 3727 1267 3795 μισοκάλοιλ
1299 3728 1396 3782 καὶ
1421 3730 1787 3799 παμπονήρου
1821 3734 1862 3789 C

1821 3734 1862 3789 C
1972 3728 2011 3782 Ι.
2042 3728 2173 3781 Cum
2202 3726 2361 3780 iertio
2386 3726 2651 3779 bonorum
2688 3725 2927 3779 omnium
2959 3726 3149 3788 hostis,
3204 3734 3257 3781 et
3316 3727 3464 3783 omni

210 3816 506 3884 δράκοντος
540 3816 762 3869 λαίλαπι
791 3820 1113 3885 κινήσαντος
1148 3823 1289 3873 κατά
1339 3822 1449 3873 τῶν
1504 3821 1597 3873 τοῦ
1653 3822 1789 3874 Θεοῦ

211 3907 419 3959 δούλων
447 3908 536 3957 ἐπὶ
567 3905 913 3972 Μαξιμιανοῦ
947 3908 1038 3959 τοῦ
1072 3910 1326 3978 γαμϐροῦ
1378 3910 1789 3979 Διοκλητιανοῦ,

214 3997 339 4049 υἱοῦ
371 3998 425 4049 δὲ
464 3998 554 4048 καὶ
590 3999 1000 4064 ὑπερασπιστοῦ
1041 3999 1132 4051 τοῦ
1167 4001 1402 4063 Σατανᾶ,
1459 4001 1660 4061 εὐθέως
1699 4004 1791 4052 καὶ

212 4088 287 4139 τά
311 4090 520 4155 πονηρά
564 4089 657 4139 καὶ
688 4089 858 4155 ἀσεϐῆ
913 4089 1260 4156 διατάγματα
1291 4091 1482 4144 τούτου
1524 4100 1663 4144 κατι
1689 4095 1793 4145 πᾶ-

218 4198 323 4232 σαν
352 4181 536 4249 χώραν
571 4184 955 4250 ἐπεφοίτησεν,
997 4184 1126 4237 ἔνθα
1155 4186 1542 4252 προσέταττεν,
1571 4184 1709 4237 ὥστε
1738 4188 1793 4236 ὲν

216 4272 374 4341 πάσῃ
434 4270 605 4331 πόλει,
643 4272 696 4322 εῐ
748 4289 829 4341 τις
882 4275 955 4340 μὴ
989 4274 1229 4339 βούλοιτο
1262 4276 1326 4341 τῇ
1385 4272 1647 4341 θεραπεία
1687 4274 1793 4324 τῶν

221 4362 364 4413 θεῶν
389 4362 701 4429 προσιέναι,
724 4362 913 4415 τοῦτον
938 4365 1328 4434 ἀπαραιτήτως
1373 4364 1521 4435 πάσῃ
1557 4364 1795 4434 τιμωρία

221 4451 620 4518 ὑποϐληθῆναι.
661 4454 771 4505 Καὶ
800 4454 973 4507 ταῦτα
1009 4455 1107 4524 μὲν
1132 4456 1269 4521 πρὸς
1297 4455 1423 4517 τοὺς
1470 4455 1573 4518 ἔξω
1603 4454 1797 4523 ἄρχον-

219 4560 326 4605 τας
368 4543 673 4608 ἐθέσπισεν,
728 4547 879 4614 φόϐῳ
916 4547 1093 4597 πάντα
1122 4548 1214 4597 καὶ
1238 4546 1483 4599 κινδύνου
1517 4546 1794 4615 βασιλικοῦ

223 4634 467 4704 γέμοντα
485 4651 498 4663 ·
522 4636 657 4699 πρὸς
675 4635 730 4687 δὲ
756 4635 967 4695 τούτοις
996 4636 1091 4687 καὶ
1117 4638 1229 4696 τοῖς
1252 4637 1345 4688 τοῦ
1374 4637 1609 4706 στρατοῦ
1633 4637 1796 4692 αὑτοῦ

223 4727 463 4797 ἡγεμόσι
484 4727 655 4778 ταῦτα
692 4726 1123 4794 παρηγγέλλετο,
1158 4725 1299 4779 ὥστε
1324 4729 1375 4779 εί
1402 4744 1482 4787 τις
1506 4729 1611 4781 τῶν
1636 4746 1797 4796 στρα-

221 4819 437 4873 τιωτῶν
471 4819 546 4890 μὴ
585 4818 783 4890 ὑπείκῃ
834 4822 947 4882 τοῖς
979 4820 1367 4890 προστάγμασι
1412 4820 1504 4873 τοῦ
1540 4820 1799 4889 βασιλέως

223 4914 306 4973 είς
345 4911 442 4979 τὴν
495 4910 790 4980 θεραπείαν
823 4911 933 4964 τῶν
966 4912 1127 4973 θεῶν,
1188 4913 1387 4981 μᾶλλον
1412 4912 1469 4964 δὶ
1507 4913 1796 4977 δαιμόνων,

228 5002 421 5057 τοῦτον
477 5002 697 5071 δέσμιον
753 5006 864 5065 τοῖς
903 5003 1007 5069 ἔξω
1056 5003 1429 5072 δικαστηρίοις
1458 5002 1694 5055 δίδοσθαι
1721 5007 1799 5066 είς

222 5093 525 5162 τιμωρίαν.

300 5184 375 5235 B'.
422 5184 509 5235 'Ev
561 5182 732 5253 τούτῳ
779 5186 961 5238 τοίνυν
1008 5186 1086 5256 τῷ
1114 5189 1301 5257 ,καιρῷ
1331 5188 1425 5240 καὶ
1450 5189 1514 5242 τά
1547 5189 1685 5241 κατά
1714 5190 1803 5241 τὸν

1834 5062 1883 5119 D

1893 3836 1955 3874 ex
2001 3830 2154 3887 parte
2199 3819 2635 3887 improbissimus
2667 3820 2831 3871 draco
2880 3818 3148 3882 diabolus,
3208 3820 3468 3875 adversus

1898 3912 1987 3964 Dei
2022 3926 2206 3965 servos
2260 3910 2523 3962 turbinem
2596 3911 2979 3961 commovisset
3028 3911 3125 3962 sub
3180 3910 3471 3964 Maximino

1900 4000 2218 4056 Diocletiani
2248 4015 2471 4066 genero,
2514 4010 2565 4051 et
2598 3999 2764 4067 ipsius
2811 3999 3025 4052 Satanae
3079 4000 3187 4051 ﬁlio
3230 4016 3291 4052 ac
3341 4015 3471 4069 pro-

1898 4105 2218 4163 pugnatore,
2250 4093 2427 4144 statim
2462 4091 2621 4159 impia
2650 4092 2769 4158 ejus
2794 4091 2967 4143 edicta
3021 4106 3116 4158 per
3164 4105 3351 4144 omnes
3394 4106 3473 4143 re-

1894 4188 2089 4256 giones
2116 4183 2273 4233 missa
2303 4190 2446 4234 sunt.
2484 4180 2690 4235 Edictis
2723 4190 2904 4232 autem
2956 4180 3059 4233 illis
3099 4179 3149 4232 id
3197 4179 3474 4263 praecipie-

1901 4278 2079 4336 batur,
2115 4274 2252 4325 utin
2290 4273 2434 4324 omni
2479 4272 2631 4332 urbe,
2680 4272 2723 4323 si
2772 4271 2893 4340 quis
2943 4280 3106 4332 esset.
3161 4272 3253 4338 qui
3308 4269 3474 4323 nollet

1899 4362 2124 4416 deorum
2180 4359 2447 4415 culturam
2507 4359 2687 4425 obire,
2744 4361 2862 4415 sine
2928 4360 3247 4413 remissione
3296 4359 3473 4428 aliqua

1900 4455 2153 4507 omnibus
2176 4454 2451 4521 suppliciis
2477 4468 2540 4507 ac
2569 4455 2853 4507 tormentis
2884 4454 3263 4521 subjiceretur.
3288 4452 3474 4505 Edicta

1909 4559 2036 4599 vero
2064 4543 2177 4613 ipsa
2216 4542 2362 4595 onmi
2421 4552 2627 4595 terrore
2650 4553 2704 4594 et
2743 4541 3015 4609 regalibus
3048 4543 3207 4595 minis
3244 4556 3307 4595 ac
3330 4543 3473 4611 peri-

1902 4638 2044 4692 culis
2098 4634 2298 4688 rel'erta
2345 4642 2519 4687 erant.
2570 4633 2649 4688 Ad
2691 4633 2805 4687 haec
2846 4643 2897 4687 et
2928 4632 3197 4687 exercitus
3252 4632 3478 4685 ducibus

1904 4734 2235 4795 praeceptum
2293 4726 2413 4789 fuit,
2462 4734 2519 4776 ut
2548 4723 2594 4777 si
2627 4726 2746 4793 quis
2768 4738 2798 4777 ε
2826 4725 3089 4779 militibus
3137 4724 3478 4791 imperatoris

1903 4821 2105 4880 edicto,
2140 4818 2279 4885 quod
2329 4816 2394 4868 ad
2435 4816 2656 4868 deorum
2699 4815 2781 4868 vel
2827 4816 2893 4867 ad
2942 4815 3245 4869 dmuonum
3298 4816 3477 4881 potius

1906 4911 2175 4965 culturam
2230 4908 2543 4975 pertineret,
2610 4922 2711 4959 non
2781 4905 3045 4969 obediret,
3109 4905 3197 4957 ille
3250 4904 3479 4957 vinculis

1911 5002 2179 5061 astrictus,
2215 4998 2574 5053 tribunalibus
2606 4999 2672 5051 ad
2715 4998 2975 5066 supplicia
3007 4996 3327 5066 perferenda
3367 5005 3478 5047 tra-

1911 5101 2148 5153 deretur.

1984 5187 2045 5241 Il.
2082 5186 2342 5255 Tempore
2374 5186 2468 5238 illo
2496 5186 2663 5239 saneti
2693 5183 2869 5237 Aeaeii
2901 5182 3149 5251 martyris
3173 5181 3307 5235 facta
3335 5179 3481 5236 cino-

228 5274 503 5345 μακάριον
536 5275 630 5327 καὶ
670 5275 823 5341 ἆγιον
861 5278 1114 5349 μάρτυρα
1154 5278 1246 5330 τοῦ
1273 5278 1508 5348 Χριστοῦ
1554 5281 1805 5335 Ἀκάκιον

1912 5286 2160 5338 ruerunt,
2214 5279 2301 5343 qui
2355 5280 2431 5329 rei
2483 5278 2593 5343 ipsa
2652 5290 2845 5327 nomen
2888 5289 3041 5326 suum
3082 5270 3474 5341 comprobavit,

222 5359 321 5417 ἱὸν
348 5362 561 5431 ἀληθῶς
618 5366 957 5434 φερωνύμως
1020 5370 1085 5436 τῇ
1120 5367 1238 5435 θείᾳ
1281 5368 1475 5437 πράξει
1523 5386 1803 5438 μαρτυρη-

1913 5388 2033 5423 rum
2091 5372 2223 5424 nihil
2267 5373 2489 5424 omnino
2544 5368 2805 5423 inalornm
2861 5368 3157 5422 daemonum
3214 5368 3482 5434 particeps

225 5456 397 5508 Θέντα
432 5457 524 5506 καὶ
563 5456 729 5523 μηδὲν
754 5456 848 5510 τοῦ
883 5458 1056 5510 κακοῦ
1092 5462 1432 5527 μετασχόντα
1461 5460 1491 5529 ἢ
1522 5459 1807 5528 πράξαντά

1805 5501 1807 5508 ι
1913 5463 2098 5525 fuerit,
2137 5476 2309 5529 neque
2343 5461 2635 5530 quidquam
2669 5460 2857 5528 egerit,
2898 5460 3039 5525 quod
3070 5472 3194 5509 cum
3226 5457 3475 5510 malitiosi

226 5564 283 5599 τι
308 5550 405 5614 τῆς
452 5550 699 5614 πονηρᾶς
728 5550 821 5601 καὶ
856 5549 1257 5619 κακεντρεχοῦς
1316 5552 1481 5603 αὑτοῦ
1519 5552 1763 5620 μηχανῆς
1790 5568 1803 5582 ·

1908 5555 2105 5609 diaboli
2152 5554 2424 5607 machinis
2471 5554 2810 5604 conveniret.
2844 5547 2940 5601 llic
2975 5550 3054 5602 vir
3098 5548 3476 5602 sanctissimus

228 5633 386 5699 οὗτος
412 5635 467 5688 δὲ
498 5632 563 5706 ἦν
596 5640 621 5690 ὁ
643 5637 815 5705 ἅγιος,
850 5640 1039 5706 γένους
1077 5641 1177 5703 μὲν
1213 5641 1617 5704 Καππαδοκῶν,
1651 5644 1714 5709 τῇ
1751 5642 1805 5692 δὲ

1909 5644 2007 5697 fuit
2038 5660 2233 5713 genere
2262 5644 2572 5713 Cappadox,
2625 5654 2678 5695 et
2708 5643 3015 5694 conditione
3046 5640 3262 5706 quidem
3298 5637 3476 5699 miles,

229 5728 372 5797 τύχη
406 5727 764 5797 στρατιώτης,
796 5733 859 5799 τῇ
900 5731 954 5782 δὲ
983 5732 1237 5799 προθέσει
1269 5733 1507 5802 ἀθλητὴς
1547 5733 1637 5785 τοῦ
1666 5734 1799 5803 Χρι-

234 5818 361 5870 στοῦ
428 5824 518 5871 καὶ
551 5820 717 5874 ταῦτα
740 5822 983 5892 ίκόσμει,
1022 5823 1110 5876 καὶ
1138 5824 1308 5889 γένος,
1361 5827 1450 5876 καὶ
1491 5826 1799 5894 στρατείαν,

1906 5748 1953 5789 at
1992 5738 2267 5805 proposito
2316 5746 2369 5789 et
2399 5736 2694 5795 voluntate,
2743 5732 2939 5785 Christi
2994 5730 3229 5791 athleta;
3291 5727 3474 5793 itaque

1906 5839 1955 5883 et
1982 5844 2170 5897 genus,
2203 5838 2250 5881 et
2274 5829 2478 5883 ordinis
2512 5827 2831 5895 dignitatem
2863 5824 3165 5877 exornavit.
3222 5820 3345 5887 Ejus
3389 5818 3472 5872 Ia-
