4230 6436
734 375 842 435 9.19

2059 369 2346 429 MENSIS
2384 371 2487 429 MA
2501 366 2649 430 IUS.

3890 381 4001 442 2‘20

745 502 890 543 etum
938 486 1041 538 hoc
1076 481 1237 535 modo
1287 491 1344 532 se
1387 477 1628 536 habuit:
1672 485 1802 536 Cum
1855 485 2070 538 Firmus
2110 484 2321 552 quidam
2357 489 2398 544 Α

2357 489 2398 544 Α
2430 485 2521 536 καὶ
2545 484 2778 553 ἀξίωμα.
2802 485 2880 538 Τά
2903 485 2957 538 δὲ
2990 489 3105 540 κατ’
3131 489 3292 542 αὑτὸν
3317 490 3486 552 οὕτως
3509 491 3619 560 ἔχει
3649 492 3740 545 τὸν
3771 495 3997 562 τρόπον·

749 579 994 634 militaris
1020 575 1228 631 ordinis
1260 584 1405 627 esset
1431 579 1682 629 tribunus
1714 592 1902 630 eorum
1930 578 2018 644 qui
2049 577 2322 630 Romano-

749 685 868 722 rum
908 667 1088 734 lingua
1120 665 1318 728 Martii,
1361 663 1549 717 Graece
1585 680 1708 718 vero
1743 668 1950 734 ’Δρειοι
1983 664 2322 730 dicebantur,

749 773 804 811 et
833 764 934 812 sub
969 775 1033 812 eo
1071 759 1288 811 tribuno
1356 759 1600 811 centurio
1641 771 1785 812 esset
1824 761 2074 822 Aeacius,
2112 759 2324 812 Firmus

751 851 865 918 ipse
907 851 1146 916 singulos
1182 851 1378 902 milites
1436 851 1500 902 ad
1536 865 1594 902 se
1642 851 1936 904 accersitos
1972 853 2229 914 tentabat,
2267 861 2326 906 ut

757 959 916 1010 quem
969 943 1208 995 animum
1239 943 1463 1009 quisque
1503 943 1742 1004 haberet,
1777 945 2008 1011 experiri
2069 960 2130 997 ac
2185 945 2326 996 scire

755 1045 958 1102 posset.
1016 1033 1261 1101 Cumque
1324 1035 1520 1086 multos
1587 1037 1779 1098 partim
1840 1035 2324 1096 assentationibus,

756 1126 950 1190 partim
984 1126 1138 1177 minis
1184 1127 1248 1177 ad
1284 1126 1547 1178 idolorum
1583 1126 2018 1192 superstitionem
2055 1136 2213 1192 atque
2246 1128 2327 1179 itt-

758 1217 971 1268 teritum
1021 1217 1309 1278 allexisset,
1336 1220 1684 1284 posteaquam
1724 1216 1922 1268 tribuni
1986 1220 2208 1267 teutatio
2263 1217 2326 1270 ad

757 1307 1014 1358 Acacium
1049 1309 1314 1374 pervenit,
1373 1319 1502 1360 tunc
1561 1308 1752 1359 beatus
1815 1307 1906 1358 illc
1965 1307 2107 1358 clara
2154 1323 2326 1360 voce:

760 1399 1122 1463 Christianus,
1152 1400 1354 1465 inquit,
1379 1414 1476 1467 ego
1504 1409 1658 1450 natus
1687 1398 1760 1451 fui
1798 1418 1809 1451 :
1849 1400 2027 1466 itaque
2060 1398 2331 1451 Christia-

771 1503 869 1540 nus
909 1499 960 1539 et
985 1504 1125 1551 sum,
1168 1501 1215 1542 et
1251 1505 1365 1550 ero,
1402 1490 1625 1542 Domino
1672 1506 1791 1542 meo
1821 1489 1950 1543 Jcsu
1977 1489 2194 1544 Christo
2230 1492 2330 1543 hoc

763 1584 1091 1646 approbante
1131 1599 1142 1634 :
1188 1598 1307 1634 nam
1366 1592 1418 1635 et
1452 1598 1517 1635 ex
1559 1583 1891 1650 parentibus,
1926 1592 1977 1635 et
2013 1598 2076 1635 cx
2113 1583 2333 1650 majori-

761 1672 862 1724 bus
896 1672 1223 1726 Christianis
1272 1685 1433 1725 natus
1477 1689 1616 1727 sum.
1656 1674 1765 1728 lloc
1801 1689 1922 1727 cum
1959 1673 2047 1726 ille
2080 1673 2328 1736 dixisset,

761 1764 1060 1816 etFinnus
1107 1765 1265 1816 tertio
1295 1780 1418 1817 eum
1476 1773 1726 1825 tentaret,
1781 1779 1843 1817 ac
1876 1765 2029 1818 modo
2079 1765 2330 1832 gravibus

764 1854 944 1915 minis,
992 1857 1149 1907 modo
1188 1856 1470 1920 promissis
1501 1856 1809 1924 ingentibus
1834 1865 2133 1923 promptam
2162 1855 2328 1908 animi

765 1944 1100 1997 alacritatem
1134 1954 1188 1997 et
1216 1944 1334 2008 ejus
1369 1949 1730 1999 constantiam
1762 1944 2065 2012 debilitare,
2095 1955 2148 1998 et
2181 1945 2328 1998 illum

767 2034 832 2086 ad
864 2048 922 2084 se
950 2034 1168 2086 trahere
1209 2042 1520 2096 conaretur,
1559 2035 1628 2085 ita
1663 2046 1917 2087 constans
1947 2046 2000 2087 et
2035 2035 2332 2088 immobilis

767 2125 820 2177 in
855 2122 1052 2178 Christi
1091 2125 1431 2178 confessione
1467 2127 1656 2178 beatus
1692 2125 1781 2178 ille
1813 2125 2068 2193 perstitit,
2103 2134 2159 2178 ut
2185 2127 2335 2178 dein-

768 2229 894 2281 ceps
938 2211 1154 2266 Firmus
1195 2224 1418 2267 coactus
1451 2215 1630 2279 fuerit,
1669 2224 1825 2282 prout
1859 2214 2038 2267 edicto
2068 2214 2215 2281 regio
2241 2213 2332 2280 ju-

768 2305 1012 2368 hebatur,
1072 2306 1247 2358 virum
1302 2316 1546 2359 sanctum
1595 2307 1851 2357 Acacium
1896 2304 2127 2358 vinculis
2174 2305 2333 2357 astri-

770 2403 934 2453 cuim,
987 2398 1049 2444 ad
1096 2394 1378 2446 Bibianum
1410 2396 1695 2462 quemdam
1736 2395 1971 2460 mittere,
2025 2397 2112 2464 qui
2161 2398 2321 2449 totius

769 2483 1040 2537 exercitus
1075 2485 1362 2553 imperium
1403 2487 1835 2540 administrabat.

844 2573 930 2625 111.
965 2574 1095 2626 Cum
1130 2575 1294 2643 igitur
1328 2577 1413 2628 hic
1444 2590 1538 2644 pro
1581 2576 1834 2628 tribunali
1893 2577 2126 2639 sederet,
2161 2585 2213 2626 et
2246 2589 2338 2627 eos

767 2661 1199 2731 interrogaturus
1221 2677 1388 2729 esset,
1417 2668 1504 2734 qui
1542 2666 1632 2719 Dei
1668 2666 2072 2720 confessionem
2100 2666 2334 2735 proﬁte-

771 2754 986 2816 bantur,
1018 2756 1324 2809 Antoninus
1356 2759 1528 2810 scriba
1552 2760 1615 2809 ad
1641 2758 1922 2810 Bibiauum
1952 2759 2064 2809 haec
2100 2757 2335 2810 detulit:

769 2843 948 2898 Pridie
992 2845 1152 2911 hujus
1190 2847 1318 2906 dici,
1350 2846 1574 2897 Bibiane
1625 2861 1845 2913 praeses,
1879 2846 2092 2899 Firmus
2127 2862 2335 2912 eorum,

769 2938 860 3003 qui
911 2938 1085 2989 Martii
1114 2938 1388 3002 dicuntur,
1429 2940 1757 2991 tribunatum
1801 2955 2014 3008 gerens,
2078 2940 2336 2992 Acacium

773 3030 1150 3081 centurionem
1182 3029 1418 3081 vinctum
1465 3029 1609 3082 misit
1671 3032 1734 3080 ad
1788 3040 2105 3096 potestatem
2165 3042 2334 3094 tuam,

770 3121 969 3187 quippe
1004 3121 1096 3187 qui
1133 3121 1476 3172 dominorum
1537 3133 1839 3173 nostrorum
1901 3131 1953 3173 et
2015 3123 2334 3175 iuvietorum
2369 3135 2411 3193 ρ

770 3217 1135 3281 AuguStorum
1169 3215 1350 3266 edicto
1381 3229 1572 3281 parcre
1608 3216 1859 3279 noluerit,
1900 3231 1962 3268 eo
2005 3219 2144 3284 quod
2175 3216 2334 3270 Cbri-
2368 3213 2372 3217 ’

769 3303 1072 3356 διίεηοτιιηι
1110 3305 1416 3374 religionem
1448 3319 1722 3372 sequatur.
1784 3306 2073 3375 Diligenter
2124 3323 2337 3375 quoque

772 3408 992 3445 causam
1026 3395 1196 3461 ipsius
1226 3396 1292 3447 ad
1327 3403 1376 3447 te
1407 3396 1641 3460 scripsit.
1687 3395 1942 3447 Bibianus
1978 3406 2102 3448 tunc
2150 3398 2284 3448 dixit
2319 3415 2332 3448 :

768 3482 1108 3547 Recitenrur,
1144 3500 1262 3550 qua:
1287 3487 1350 3536 ad
1381 3501 1463 3535 mc
1493 3487 1688 3550 scripta
1725 3495 1845 3536 sunt
1873 3486 1938 3537 ab
1985 3489 2189 3552 optimo
2223 3489 2337 3539 viro

769 3573 952 3628 Firmo
992 3576 1231 3627 tribuno.
1284 3574 1523 3626 Recitata
1562 3586 1738 3627 autem
1776 3585 1924 3632 sunt.
1976 3591 2091 3641 quae
2137 3579 2333 3646 scripta

769 3675 926 3717 erant
971 3667 1021 3718 in
1073 3666 1208 3718 hanc
1237 3668 1580 3719 sententiam.
1622 3666 1844 3719 Flam-us
1872 3666 2081 3720 Firmus
2111 3668 2336 3722 Bibiauo

770 3755 891 3805 duci
917 3754 1142 3807 salutem
1180 3773 1192 3805 :
1228 3755 1488 3807 Acacium
1553 3758 1923 3808 centurionem
1967 3758 2065 3810 sub
2116 3775 2199 3810 me
2241 3762 2333 3812 tri-

773 3845 919 3897 buno
961 3845 1308 3904 militantem,
1341 3846 1675 3912 multumque
1712 3861 1742 3898 a
1767 3845 1922 3898 nobis
1969 3851 2164 3914 partim
2222 3851 2336 3904 ille-

771 3934 967 3992 cebris,
999 3935 1190 4000 partim
1236 3936 1535 4002 promissis,
1573 3939 1766 4003 partim
1810 3938 1970 3988 etiam
2017 3939 2176 3991 minis
2213 3957 2334 4006 pro-

768 4037 1035 4084 Vucatutu,
1069 4036 1177 4075 uta
1207 4025 1644 4078 Christianorum
1674 4036 1819 4079 secta
1854 4029 2177 4089 discederet,
2212 4047 2332 4083 cum

768 4128 827 4165 se
854 4111 1222 4165 Christianum
1257 4129 1376 4167 esse
1428 4127 1789 4182 asseveraret,
1825 4127 1879 4169 et
1922 4119 1970 4167 in
2026 4133 2085 4169 ea
2123 4121 2335 4173 confes-

767 4204 920 4257 sione
967 4216 1283 4257 constanter
1337 4220 1695 4272 permarcret,
1766 4223 1863 4277 ego
1917 4209 2236 4263 ἱηνίοιοι·ιιιιι
2273 4228 2335 4266 ac

768 4296 1216 4363 triumphantium
1299 4302 1683 4365 imperatorum
1767 4314 2077 4355 nostrorum
2166 4303 2332 4371 jUSsis

764 4389 1045 4451 obedieus,
1087 4390 1235 4440 illum
1287 4388 1522 4440 vinclum
1569 4391 1632 4441 ad
1688 4400 1739 4442 te
1787 4392 1926 4454 misi,
1965 4395 2052 4458 qui
2093 4405 2330 4446 tormen-

2427 575 2647 642 Φήρμου
2708 577 2852 637 τινος
2909 577 3332 648 ταξιαρχοῦντος
3383 582 3491 631 τῶν
3541 582 3849 650 λεγομένων
3906 588 3998 637 τοῦ

2428 664 2663 734 ἀριθμοῦ
2693 666 2828 717 κατά
2862 670 2960 734 μὲν
2981 669 3078 737 τὴν
3108 669 3215 720 τῶν
3245 671 3533 739 Ῥωμαίων
3567 672 3807 737 γλῶτταν
3839 676 3998 740 Μαρ-

2430 756 2630 822 τησίων
2689 759 3057 826 καλουμένων,
3117 761 3255 813 κατὰ
3313 762 3366 813 δὲ
3418 763 3514 831 τὴν
3563 764 3670 815 τῶν
3728 765 4001 833 Ἑλλήνων

2444 849 2685 917 ’Λρείων,
2743 856 3169 920 στρατευομένου
3214 852 3270 904 δὲ
3318 853 3480 905 αὑτοῦ
3522 854 3597 924 τῷ
3628 856 3848 923 ἀριθμῷ
3886 873 3977 905 κεν

2428 942 2708 1009 τυρίωνος,
2741 943 2834 995 καὶ
2859 944 3090 996 ’ἑκαστον
3124 944 3230 996 τῶν
3268 947 3612 1014 στρατιωτῶν
3656 949 3999 1012 προσκαέου-

2435 1031 2596 1098 μένου
2631 1033 2723 1082 τοῦ
2763 1034 3009 1101 Φήρμου,
3043 1034 3134 1084 καὶ
3173 1035 3517 1102 πειρωμένου
3551 1037 3615 1085 τὰ
3647 1035 3744 1101 τῆς
3770 1035 4000 1102 γνώμης

2432 1123 2682 1178 ἑκάστου.
2718 1124 2810 1174 καὶ
2838 1124 3062 1184 πολλοὺς
3092 1125 3156 1175 τὰ
3200 1126 3299 1192 μὲν
3335 1125 3664 1188 κολακείαις,
3706 1129 3772 1178 τὰ
3799 1127 3853 1178 δὲ
3909 1131 4002 1178 καὶ

2431 1213 2682 1274 ἀπειλαῖς
2713 1213 3056 1276 δελεάζοντος
3081 1217 3157 1276 είς
3193 1217 3291 1282 τὴν
3323 1215 3617 1281 ἀπώλειαν,
3648 1217 3720 1277 ὡς
3764 1220 4002 1282 ἔφθασεν

2432 1303 2524 1353 καὶ
2573 1305 2651 1363 είς
2708 1304 2864 1354 αιτδν
2901 1307 2932 1372 ή
2990 1308 3155 1372 πεῖρα
3209 1307 3301 1358 τοῦ
3330 1307 3610 1376 ἄρχοντος,
3639 1310 3946 1375 ἀνέκραγεν
3977 1313 4002 1360 ό

2433 1395 2717 1462 Μακάριος
2764 1397 2910 1463 φωνῇ
2975 1397 3182 1465 μεγάλῃ
3237 1398 3617 1466 λέγων-Ἐγὼ
3677 1401 4006 1469 Χριστιανὶς

2433 1485 2752 1553 ἐγεννήθην,
2814 1488 2907 1539 καὶ
2946 1487 3084 1555 εἰμὶ,
3135 1489 3229 1540 καὶ
3283 1489 3498 1558 ἔσομαι,
3533 1491 3625 1541 τοῦ
3659 1493 3868 1560 Κυρίου
3904 1511 4004 1559 μου

2445 1576 2618 1644 Ἰησοῦ
2637 1578 2872 1647 Χριστοῦ
2904 1579 3063 1631 τοῦτο
3089 1581 3597 1649 παρακελευομένου
3625 1584 3716 1637 καὶ
3739 1583 4009 1647 θέλοντος·

2437 1668 2530 1720 καὶ
2568 1669 2674 1736 γὰρ
2715 1670 2808 1721 καὶ
2869 1669 3071 1736 γονέων
3133 1671 3228 1724 καὶ
3263 1673 3457 1738 γένους
3493 1675 3821 1743 Χριστιανοῦ
3855 1680 3972 1745 εἰμι
3996 1691 4008 1703 ·

2434 1759 2592 1810 τοῦτο
2625 1756 2719 1811 οὖν
2757 1760 2945 1826 τρίτον
2983 1761 3296 1831 ἀπόπειραν
3327 1766 3652 1832 ποιουμένου
3714 1767 3809 1819 τοῦ
3864 1769 4015 1835 Φῆρ-

2439 1865 2539 1916 μου
2574 1849 2665 1901 καὶ
2704 1852 2832 1901 ποτὲ
2870 1850 2967 1917 μὲν
2999 1851 3194 1921 ἀπειλῇ
3236 1852 3451 1922 βαρείᾳ,
3497 1857 3624 1906 ποτε
3653 1856 3708 1908 δὲ
3764 1857 4014 1924 μείζοσ.ν

2437 1938 2792 2007 ὑποσχέσεσιν
2826 1940 3131 2008 ἐκμαλάξαι
3165 1943 3329 1995 αὑτοῦ
3360 1945 3418 1995 τὸ
3446 1946 3726 2013 πρόθυμον
3753 1945 3947 2013 βουλομ
3964 1947 4013 1998 ἑ-

2434 2043 2524 2077 νου
2575 2028 2670 2078 καὶ¹
2723 2029 3052 2094 ὲξέλκοντος,
3089 2031 3304 2097 ἔμεινεν
3342 2034 3640 2098 ἀσάλευτος
3665 2037 3690 2086 ό
3726 2036 4016 2104 Μακάριος

2434 2118 2498 2186 τῇ
2528 2116 2808 2188 ὁμολογία,
2859 2119 2934 2183 ὡς
2966 2120 3151 2172 λοιπὸν
3202 2125 3617 2191 ἀναγκασθῆναι
3666 2126 3757 2177 τὸν
3786 2127 4017 2197 Φῆρμον

2437 2209 2527 2257 καὶ
2588 2205 2731 2259 κατὰ
2783 2212 2841 2260 τὸ
2901 2209 3232 2280 πρόσταγμα
3295 2213 3355 2264 τὸ
3388 2213 3669 2280 βασιλικὸν
3726 2217 4019 2282 δεδεμένον

2439 2299 2749 2351 ἀποστεῖλαι
2787 2301 2876 2350 τὸν
2907 2301 3058 2366 ἅγιον
3096 2303 3346 2355 Ἀκοὶκιον
3384 2305 3618 2374 Βιδιανῷ
3675 2323 3780 2358 τινι
3811 2308 3890 2377 τῷ
3929 2309 4016 2361 δι-

2439 2384 2626 2438 έποντι
2653 2386 2752 2457 τήν
2784 2387 3013 2442 καθόλου
3055 2390 3144 2441 τοῦ
3181 2392 3408 2460 στρατοῦ
3449 2395 3625 2458 ἀξίαν,

2511 2563 2583 2618 Γ’.
2621 2563 2818 2616 Τούτου
2851 2565 2941 2618 οὖν
2974 2564 3330 2628 καθεσθέντος
3375 2566 3484 2635 πρὸ
3517 2564 3609 2617 τοῦ
3641 2562 3888 2634 βήματος
3921 2570 4022 2619 καὶ

2440 2657 2780 2726 ὲπερώτησιν
2837 2657 3128 2725 μέλλοντος
3189 2658 3462 2710 ποιεῖσθαι
3514 2655 3622 2710 τῶν
3657 2651 3734 2719 είς
3763 2657 3854 2708 τὸν
3887 2659 4023 2711 Θεὸν

2439 2747 2840 2814 τὴνόμολογίαν
2869 2748 3198 2814 ἐσχηκότων,
3239 2749 3551 2810 Ἀντωνῖνος
3584 2748 4023 2817 κομενταρήσιος

2440 2839 2698 2906 ἀναφέρει
2739 2839 2813 2906 τῷ
2868 2839 3104 2908 Βιδιανῴ
3154 2841 3361 2906 λέγων·
3427 2841 3596 2909 Κύριέ
3641 2859 3766 2910 μου,
3801 2846 3866 2908 τῇ
3894 2843 4022 2909 χθὲς

2443 2929 2622 2996 ἡμέρᾳ
2672 2930 2890 2997 Φῆρμος
2920 2933 2946 2981 ὁ
2983 2929 3266 2999 τριδοῦνος
3317 2931 3422 2982 τῶν
3449 2931 3758 2998 λεγομέκων
3788 2934 4022 3000 Magn,-

2445 3020 2572 3069 σίων
2630 3021 2882 3072 Ἀκάκιόν
2935 3037 3055 3074 τινα
3097 3022 3435 3091 στρατιώτην
3466 3024 3592 3074 ὄντα
3623 3023 3714 3074 τοῦ
3747 3026 4024 3092 νουμέρου

2444 3106 2608 3157 αὑτοῦ
2640 3107 2855 3175 δέσμιον
2889 3109 3252 3179 παρέπεμψεν
3293 3112 3426 3180 πρὸς
3466 3113 3565 3178 τὴν
3598 3113 3695 3180 σὴν
3742 3113 4023 3177 ἐξουσίαν.

2447 3199 2520 3259 ὡς
2548 3200 2621 3270 μὴ
2654 3200 2981 3269 βουληθέντα
3009 3197 3147 3266 εἶξαι
3179 3203 3253 3271 τῷ
3286 3203 3667 3272 προστάγματι
3697 3205 3802 3254 τῶν
3824 3205 4022 3255 δεσπο·

2446 3288 2554 3342 τῶν
2587 3290 2742 3359 ἡμῶν
2791 3291 2897 3342 τῶν
2934 3293 3222 3360 ἀηττήτων
3279 3293 3629 3358 Δὺγοιὲστων,
3684 3296 3748 3360 τῇ
3803 3293 3858 3344 δὲ
3911 3294 4025 3344 τῶν

2448 3380 2785 3447 Χριστιανῶν
2815 3379 3079 3449 θρησκείᾳ
3104 3380 3583 3441 ὲξακολουθοῦντα,
3607 3381 3853 3447 ἀκριδῶς
3886 3383 4021 3451 γροὶο

2446 3471 2550 3538 φας
2583 3470 2677 3523 καὶ
2709 3472 2809 3538 τὴν
2860 3471 3038 3523 αίτίαν
3094 3469 3260 3523 αὑτοῦ
3291 3472 3355 3540 τῇ
3415 3473 3479 3539 σῇ
3541 3473 3730 3540 ἀρετῇ.
3772 3471 4026 3534 Βιδιανος

2446 3559 2626 3614 εἶπεν·
2681 3563 3104 3629 Ἀναγνωσθήτω
3139 3560 3400 3630 πρότερον
3421 3560 3487 3612 τὰ
3516 3563 3795 3629 γραφέντα
3820 3565 3885 3630 τῇ
3914 3563 4023 3630 ἐμῇ

2448 3652 2768 3706 καθοσιώσει
2801 3653 2952 3722 παρὰ
2982 3653 3073 3704 τοῦ
3113 3653 3300 3720 κυρίου
3335 3669 3438 3719 μου
3469 3655 3560 3704 καὶ
3596 3654 3853 3721 ἐναρέτου
3879 3655 4024 3722 Φήρο

2449 3766 2548 3816 μου
2570 3747 2661 3799 τοῦ
2691 3747 2986 3813 ταξιάρχου
3008 3761 3020 3774 ·
3049 3745 3143 3794 καλ⁵
3177 3744 3423 3810 παρευθὺ
3458 3744 3798 3811 ἀνεγνώσθη.
3833 3741 3942 3795 ἿΙν
3968 3747 4024 3797 δὲ

2446 3840 2512 3888 τὰ
2546 3841 2824 3904 γραφέντα
2877 3834 3132 3887 τοιαῦτα’
3187 3833 3417 3895 Φλάδιος
3473 3834 3701 3903 Φῆρμος
3750 3833 3824 3900 “Et
3879 3839 4026 3888 κατά

2447 3930 2624 3982 πάντα
2690 3945 2780 3996 μοι
2843 3927 3123 3996 οεδασμίῳ
3178 3925 3417 3994 Βιδιανῷ
3468 3925 3712 3995 χαίρειν
3780 3926 4024 3977 Ακάκιον

2445 4018 2781 4087 στρατιώτην
2801 4017 2892 4070 τοῦ
2927 4016 3161 4087 ἀριθμοῦ
3187 4017 3528 4085 τυγχάνοντα
3554 4015 3648 4067 τοῦ
3672 4017 3761 4068 ὑπ’
3793 4017 3894 4081 ἐμὲ
3926 4032 4020 4065 πο-

2444 4111 2508 4160 λά
2546 4111 2672 4178 παρ’
2700 4112 2855 4178 ήμῶν
2874 4111 3142 4177 τοῦτομὲν
3186 4109 3500 4169 κολακείαις
3547 4109 3638 4159 καὶ
3678 4108 4011 4174 ὑποσχέσεσι

2444 4201 2847 4269 προτραπέντι,
2891 4198 3048 4251 τοῦτο
3077 4199 3130 4252 δὲ
3170 4201 3260 4251 καὶ
3291 4200 3543 4260 ἀπειλαῖς
3580 4198 4022 4266 ὑπομνησθέντα,

2446 4292 2771 4358 Χριστιανὸν
2804 4291 2858 4342 δὲ
2883 4290 3073 4342 ἑαυτὸν
3103 4291 3334 4356 λέγοντα
3367 4289 3461 4340 καὶ
3490 4288 3724 4348 ἀκλινῶς
3753 4302 3815 4336 πε
3829 4288 3882 4355 pi
3901 4287 4019 4339 τού-

2440 4401 2533 4434 του
2593 4383 2807 4450 ἔχοντα,
2832 4381 3086 4450 ,πληρῶν
3118 4381 3178 4431 τὸ
3211 4381 3545 4450 πρόσταγμα
3593 4379 3701 4429 τῶν
3731 4378 4022 4448 ἀηττήτων

770 4479 837 4531 tis
867 4494 928 4528 ac
959 4479 1236 4546 suppliciis
1268 4480 1459 4547 subjici
1515 4481 1695 4546 debet,
1725 4491 1778 4533 ut
1811 4482 2017 4550 legibus
2052 4484 2178 4552 ipsis
2204 4487 2331 4538 obe-
2362 4481 2413 4538 D

2362 4481 2413 4538 D
2445 4474 2816 4555 τροπαιούχων
2847 4473 3112 4540 βασιλέων
3141 4472 3321 4542 ήμῶν,
3362 4472 3666 4524 ἀπέστειλα
3703 4471 4017 4540 δέσμιον·τῇ

767 4569 897 4623 diat.

837 4833 926 4890 IV.
956 4832 1065 4887 Hac
1099 4834 1322 4901 epistola
1360 4835 1606 4896 recitata,
1643 4831 1898 4887 Bibianus
1931 4835 2065 4886 dixit
2101 4853 2112 4888 :
2146 4835 2334 4891 Addu-

766 4935 922 4982 catur
967 4928 1217 4989 Aeaeius,
1272 4941 1432 4993 quem
1501 4926 1751 4980 tribunus
1805 4927 1956 4980 dicit.
1998 4927 2171 4980 Adest
2225 4930 2333 4996 ille,

769 5023 964 5086 inquit,
993 5021 1295 5073 Antoninus
1318 5022 1837 5075 Commentariorum
1865 5023 2166 5087 prasfectus.
2201 5025 2336 5076 Aca-

769 5113 886 5164 cius
946 5127 1073 5164 vero
1102 5121 1229 5163 tunc
1258 5111 1363 5165 illic
1397 5113 1550 5165 stetit
1606 5113 1798 5166 ridenti
1859 5113 2004 5165 vultu
2043 5131 2054 5165 :
2090 5129 2208 5182 qua:
2252 5129 2336 5166 res

769 5204 1007 5257 futurum
1040 5205 1157 5272 ejus
1196 5205 1293 5258 viri
1340 5207 1592 5274 gaudium
1627 5207 1909 5275 ﬁgurabat.
1967 5204 2132 5258 Iudex
2173 5208 2337 5275 igitur

771 5296 844 5350 illi
879 5296 1016 5348 dixit
1062 5297 1384 5359 :Quodnam
1437 5299 1533 5350 tibi
1593 5314 1785 5352 nomen
1841 5300 1970 5351 cat?
2036 5301 2333 5369 llespondit

770 5387 858 5441 ille
905 5403 920 5439 :
959 5388 1204 5453 Optabile
1237 5401 1289 5441 et
1322 5390 1449 5441 mibi
1483 5399 1537 5442 et
1571 5390 1665 5442 toti
1722 5392 1901 5456 generi
1959 5407 2078 5444 meo
2139 5408 2330 5445 nomen

770 5491 852 5534 cSt
893 5495 922 5533 a
955 5477 1172 5533 Christo
1204 5481 1503 5534 derivatum
1539 5501 1550 5533 :
1585 5482 1711 5533 illttd
1739 5497 1883 5544 vero,
1941 5497 2046 5549 quo
2105 5483 2336 5537 humano

774 5586 869 5622 usu
902 5570 1160 5639 appellor,
1197 5571 1428 5624 Aeacius
1480 5583 1584 5624 est.
1621 5573 1697 5624 Ad
1728 5572 1838 5624 haec
1879 5573 2046 5626 Judcx
2082 5592 2093 5625 :
2131 5573 2332 5638 Quare,

777 5662 967 5728 inquit,
1025 5662 1253 5716 Aeacius
1296 5668 1640 5726 nominatus,
1688 5674 1750 5716 ut
1801 5663 1911 5730 ipse
1962 5665 2114 5729 dii-is,
2169 5666 2337 5718 malus

775 5766 916 5806 nunc
950 5770 1028 5816 es,
1058 5763 1160 5806 non
1202 5753 1461 5809 ubediens
1517 5754 1708 5812 edictis
1757 5755 2188 5823 imperatorum?
2227 5754 2337 5809 Hoc

2446 4569 2510 4633 σῇ
2548 4565 2891 4633 στερρότητι,
2926 4563 3212 4630 ὀφείλοντα
3246 4563 3466 4628 πρῶτον
3514 4562 3882 4628 ἐρωτηθῆναι,
3919 4557 4021 4613 εἷθ’

2440 4655 2610 4717 οὕτως
2641 4655 2929 4727 στρέϐλαις
2968 4654 3347 4722 ὑποϐληθῆναι
3389 4656 3484 4706 καὶ
3524 4653 3840 4723 τιμωρίαις,
3866 4655 4016 4717 ὅπως

2440 4750 2556 4816 εἴξῃ
2589 4751 2701 4810 1031';
2727 4747 2833 4799 τῶν
2859 4747 3284 4817 αὐτοκρατόρων
3316 4747 3523 4813 νόμοις.

2511 4847 2582 4892 Δ’.
2631 4839 3098 4908 Ἀναγνωσθείσης
3135 4840 3190 4891 δὲ
3231 4840 3329 4907 τῆς
3382 4839 3700 4907 ἐπιστολῆς,
3762 4837 4018 4900 Βιδιανὺς

2440 4933 2620 4998 λέγει’
2661 4933 2979 5002 Εἰσαχθήτω
3038 4923 3292 4994 Ἀκάκιος
3339 4933 3368 4983 ὀ
3421 4932 3516 4983 καὶ
3554 4930 4016 5000 ἐπιζητούμενος.

2455 5026 2766 5087 Ἀντωνῖνος
2823 5026 3252 5094 κομενταρήσιος
3306 5025 3485 5092 λέγει·
3522 5025 3787 5092 Ἕστηκε,
3830 5024 4017 5093 κύριε.

2443 5119 2667 5178 Σταθεῖς
2721 5119 2775 5169 δὲ
2817 5119 2843 5169 ὁ
2876 5118 3149 5186 μακάριος
3195 5116 3452 5177 Ἀκάκιος
3509 5117 3614 5185 πρὸ
3648 5115 3739 5165 τοῦ
3770 5113 4016 5182 βήματος

2442 5206 2720 5267 Βιδιανοῧ,
2755 5203 2898 5274 εἶχεν
2952 5209 3011 5258 τι
3046 5207 3338 5273 πρόσωπον
3373 5205 3564 5274 ὥσπερ
3604 5205 3755 5274 ῥόδον
3789 5205 4013 5272 μειδιῶν

2443 5302 2536 5352 καὶ
2571 5298 2857 5360 ἀνθοῦντα,
2893 5299 2992 5367 ἤδη
3022 5297 3540 5367 προεικονιζόμενος
3570 5297 3670 5364 τὴν
3703 5297 3881 5366 χαρὰν
3917 5299 4014 5369 τὴν

2450 5392 2748 5459 μέλλουσαν
2763 5391 2924 5443 αὑτὸν
2946 5391 3305 5459 διαδέχεσθαι.
3322 5390 3482 5456 Λέγει
3503 5388 3647 5457 αὐτῷ
3671 5392 3696 5440 ὁ
3725 5389 4008 5456 δικαστής·

2443 5483 2536 5543 Τίς
2580 5482 2864 5546 καλεῖσαις
2911 5483 2967 5534 Ὀ
2991 5481 3140 5547 ἅγιος
3181 5481 3434 5542 Ἀκάκιος
3457 5477 3628 5532 εἶπεν·
3662 5480 3735 5532 ΤΣ,
3761 5481 4010 5533 ποθεινὸν

2441 5575 2608 5642 ὄνομα
2644 5575 2764 5641 ἐμοί
2791 5591 2846 5625 τε
2876 5578 2968 5627 καὶ
3019 5575 3176 5627 παντὶ
3215 5574 3288 5644 τῷ
3318 5575 3462 5641 γένει
3503 5591 3600 5642 μου
3642 5571 4005 5641 Χριστιανόςο

2445 5663 2504 5712 τὸ
2534 5662 2587 5713 δὲ
2615 5663 2706 5729 τῆς
2754 5664 3002 5732 χρήσεως
3054 5664 3151 5732 τῆς
3193 5665 3325 5733 πρὸς
3356 5663 3674 5734 ἀνθρώπους
3729 5663 4006 5723 Ἀκάκιος.

2458 5755 2513 5804 '0
2570 5753 2824 5822 δικαστὴς
2880 5751 3057 5808 εἶπεν·
3100 5758 3203 5810 Καὶ
3242 5757 3328 5808 διὰ
3383 5758 3453 5821 τί,
3519 5759 3703 5827 φησιν,
3753 5756 4008 5814 Ἀκάκιοξ
