  <div class='ocr_page' id='page_1' title='image "/cluster/home/n/w/nwhite01/storage/ocr_20150623/115/nnc1.0046980261/119.png"; bbox 0 0 4230 6436; ppageno 0'>
   <div class='ocr_carea' id='block_1_1' title="bbox 749 386 860 450">
    <p class='ocr_par' dir='ltr' id='par_1_1' title="bbox 749 386 860 450">
     <span class='ocr_line' id='line_1_1' title="bbox 749 386 860 450; baseline 0.018 -2"><span class='ocrx_word' id='word_1_1' title='bbox 749 386 860 450; x_wconf 67' lang='lat'><strong>223</strong></span> 
     </span>
    </p>
   </div>
   <div class='ocr_carea' id='block_1_2' title="bbox 2073 377 2666 440">
    <p class='ocr_par' dir='ltr' id='par_1_2' title="bbox 2073 377 2666 440">
     <span class='ocr_line' id='line_1_2' title="bbox 2073 377 2666 440; baseline -0.005 0"><span class='ocrx_word' id='word_1_2' title='bbox 2073 378 2359 440; x_wconf 74' lang='grc' dir='ltr'>ΜΕΝὸἰὸ</span> <span class='ocrx_word' id='word_1_3' title='bbox 2401 377 2666 437; x_wconf 80' lang='lat' dir='ltr'><strong>MAIUS.</strong></span> 
     </span>
    </p>
   </div>
   <div class='ocr_carea' id='block_1_3' title="bbox 3916 377 4021 439">
    <p class='ocr_par' dir='ltr' id='par_1_3' title="bbox 3916 377 4021 439">
     <span class='ocr_line' id='line_1_3' title="bbox 3916 377 4021 439; baseline -0.019 0"><span class='ocrx_word' id='word_1_4' title='bbox 3916 377 4021 439; x_wconf 72' lang='lat'><strong>224</strong></span> 
     </span>
    </p>
   </div>
   <div class='ocr_carea' id='block_1_4' title="bbox 760 485 2430 564">
    <p class='ocr_par' dir='ltr' id='par_1_4' title="bbox 760 488 2412 564">
     <span class='ocr_line' id='line_1_4' title="bbox 760 488 2412 564; baseline -0.002 -15"><span class='ocrx_word' id='word_1_5' title='bbox 760 504 961 564; x_wconf 82' lang='lat' dir='ltr'><strong>potest,</strong></span> <span class='ocrx_word' id='word_1_6' title='bbox 994 495 1042 550; x_wconf 85' lang='lat' dir='ltr'><strong>si</strong></span> <span class='ocrx_word' id='word_1_7' title='bbox 1074 502 1157 550; x_wconf 89' lang='lat' dir='ltr'><strong>est</strong></span> <span class='ocrx_word' id='word_1_8' title='bbox 1180 490 1325 546; x_wconf 83' lang='lat' dir='ltr'><strong>Deus</strong></span> <span class='ocrx_word' id='word_1_9' title='bbox 1354 497 1486 547; x_wconf 74' lang='lat' dir='ltr'><strong>Vere</strong></span> <span class='ocrx_word' id='word_1_10' title='bbox 1528 504 1743 564; x_wconf 87' lang='lat' dir='ltr'><strong>potens.</strong></span> <span class='ocrx_word' id='word_1_11' title='bbox 1801 492 1879 548; x_wconf 79' lang='lat' dir='ltr'>Ex</span> <span class='ocrx_word' id='word_1_12' title='bbox 1913 493 2017 547; x_wconf 83' lang='lat' dir='ltr'><strong>hoc</strong></span> <span class='ocrx_word' id='word_1_13' title='bbox 2064 491 2205 562; x_wconf 87' lang='lat' dir='ltr'><strong>ipso,</strong></span> <span class='ocrx_word' id='word_1_14' title='bbox 2254 488 2336 542; x_wconf 86' lang='lat' dir='ltr'><strong>In-</strong></span> <span class='ocrx_word' id='word_1_15' title='bbox 2369 489 2412 546; x_wconf 84' lang='grc' dir='ltr'><strong>Δ</strong></span> 
     </span>
    </p>
   </div>
   <div class='ocr_carea' id='block_1_5' title="bbox 2350 485 4020 564">
    <p class='ocr_par' dir='ltr' id='par_1_5' title="bbox 2369 485 4020 561">
     <span class='ocr_line' id='line_1_5' title="bbox 2369 485 4020 561; baseline 0.004 -24"><span class='ocrx_word' id='word_1_16' title='bbox 2369 489 2412 546; x_wconf 77' lang='grc' dir='ltr'><strong>Δ</strong></span> <span class='ocrx_word' id='word_1_17' title='bbox 2438 485 2563 552; x_wconf 56' lang='grc' dir='ltr'>τις</span> <span class='ocrx_word' id='word_1_18' title='bbox 2603 486 2660 539; x_wconf 88' lang='grc' dir='ltr'>Ὀ</span> <span class='ocrx_word' id='word_1_19' title='bbox 2690 486 2844 553; x_wconf 74' lang='grc' dir='ltr'>ᾶγιος</span> <span class='ocrx_word' id='word_1_20' title='bbox 2898 485 3152 551; x_wconf 78' lang='grc' dir='ltr'>’Δκὰκιος</span> <span class='ocrx_word' id='word_1_21' title='bbox 3174 486 3327 542; x_wconf 73' lang='grc' dir='ltr'>εὶπεν</span> <span class='ocrx_word' id='word_1_22' title='bbox 3351 506 3364 521; x_wconf 87' lang='grc'><strong>·</strong></span> <span class='ocrx_word' id='word_1_23' title='bbox 3410 490 3504 543; x_wconf 81' lang='grc' dir='ltr'>Ἐκ</span> <span class='ocrx_word' id='word_1_24' title='bbox 3534 492 3724 544; x_wconf 83' lang='grc' dir='ltr'>τούτου</span> <span class='ocrx_word' id='word_1_25' title='bbox 3747 492 3855 561; x_wconf 74' lang='grc' dir='ltr'>γὰρ</span> <span class='ocrx_word' id='word_1_26' title='bbox 3883 493 4020 559; x_wconf 72' lang='grc' dir='ltr'>μᾶλ-</span> 
     </span>
    </p>
   </div>
   <div class='ocr_carea' id='block_1_6' title="bbox 760 582 2339 651">
    <p class='ocr_par' dir='ltr' id='par_1_6' title="bbox 760 582 2339 651">
     <span class='ocr_line' id='line_1_6' title="bbox 760 582 2339 651; baseline -0.003 -14"><span class='ocrx_word' id='word_1_27' title='bbox 760 584 880 651; x_wconf 89' lang='lat' dir='ltr'><strong>quit</strong></span> <span class='ocrx_word' id='word_1_28' title='bbox 925 582 1199 647; x_wconf 76' lang='lat' dir='ltr'><strong>Aeacius,</strong></span> <span class='ocrx_word' id='word_1_29' title='bbox 1228 592 1378 638; x_wconf 88' lang='lat' dir='ltr'><strong>eum.</strong></span> <span class='ocrx_word' id='word_1_30' title='bbox 1435 596 1499 637; x_wconf 86' lang='lat' dir='ltr'><strong>ac</strong></span> <span class='ocrx_word' id='word_1_31' title='bbox 1554 584 1675 651; x_wconf 88' lang='lat' dir='ltr'><strong>ejus</strong></span> <span class='ocrx_word' id='word_1_32' title='bbox 1714 582 2010 636; x_wconf 72' lang='lat' dir='ltr'><strong>bonitatem</strong></span> <span class='ocrx_word' id='word_1_33' title='bbox 2054 590 2103 635; x_wconf 91' lang='lat' dir='ltr'><strong>et</strong></span> <span class='ocrx_word' id='word_1_34' title='bbox 2149 589 2339 649; x_wconf 87' lang='lat' dir='ltr'><strong>poten-</strong></span> 
     </span>
    </p>
   </div>
   <div class='ocr_carea' id='block_1_7' title="bbox 765 673 2333 741">
    <p class='ocr_par' dir='ltr' id='par_1_7' title="bbox 765 673 2333 741">
     <span class='ocr_line' id='line_1_7' title="bbox 765 673 2333 741; baseline 0.003 -17"><span class='ocrx_word' id='word_1_35' title='bbox 765 674 897 725; x_wconf 87' lang='lat' dir='ltr'><strong>tiam</strong></span> <span class='ocrx_word' id='word_1_36' title='bbox 926 685 1253 739; x_wconf 79' lang='lat' dir='ltr'><strong>cognoscere</strong></span> <span class='ocrx_word' id='word_1_37' title='bbox 1282 679 1458 739; x_wconf 90' lang='lat' dir='ltr'><strong>potes,</strong></span> <span class='ocrx_word' id='word_1_38' title='bbox 1498 675 1641 741; x_wconf 81' lang='lat' dir='ltr'><strong>quod</strong></span> <span class='ocrx_word' id='word_1_39' title='bbox 1675 689 1794 727; x_wconf 90' lang='lat' dir='ltr'><strong>cum</strong></span> <span class='ocrx_word' id='word_1_40' title='bbox 1833 673 2043 740; x_wconf 71' lang='lat' dir='ltr'><strong>injuria:</strong></span> <span class='ocrx_word' id='word_1_41' title='bbox 2069 673 2141 727; x_wconf 83' lang='lat' dir='ltr'><strong>illi</strong></span> <span class='ocrx_word' id='word_1_42' title='bbox 2178 674 2333 740; x_wconf 79' lang='lat' dir='ltr'><strong>ﬁant,</strong></span> 
     </span>
    </p>
   </div>
   <div class='ocr_carea' id='block_1_8' title="bbox 769 762 2334 837">
    <p class='ocr_par' dir='ltr' id='par_1_8' title="bbox 769 762 2334 837">
     <span class='ocr_line' id='line_1_8' title="bbox 769 762 2334 837; baseline 0.002 -21"><span class='ocrx_word' id='word_1_43' title='bbox 769 778 875 816; x_wconf 89' lang='lat' dir='ltr'><strong>non</strong></span> <span class='ocrx_word' id='word_1_44' title='bbox 920 764 1099 816; x_wconf 91' lang='lat' dir='ltr'><strong>statim</strong></span> <span class='ocrx_word' id='word_1_45' title='bbox 1132 777 1319 829; x_wconf 68' lang='lat' dir='ltr'><strong>pennas</strong></span> <span class='ocrx_word' id='word_1_46' title='bbox 1347 763 1502 816; x_wconf 84' lang='lat' dir='ltr'><strong>vobis</strong></span> <span class='ocrx_word' id='word_1_47' title='bbox 1542 762 1729 829; x_wconf 82' lang='lat' dir='ltr'><strong>refert,</strong></span> <span class='ocrx_word' id='word_1_48' title='bbox 1767 767 1859 819; x_wconf 90' lang='lat' dir='ltr'><strong>sed</strong></span> <span class='ocrx_word' id='word_1_49' title='bbox 1907 766 2110 820; x_wconf 87' lang='lat' dir='ltr'><strong>diutius</strong></span> <span class='ocrx_word' id='word_1_50' title='bbox 2139 781 2334 837; x_wconf 72' lang='lat' dir='ltr'><strong>exspe-</strong></span> 
     </span>
    </p>
   </div>
   <div class='ocr_carea' id='block_1_9' title="bbox 766 852 2339 922">
    <p class='ocr_par' dir='ltr' id='par_1_9' title="bbox 766 852 2339 922">
     <span class='ocr_line' id='line_1_9' title="bbox 766 852 2339 922; baseline 0.004 -17"><span class='ocrx_word' id='word_1_51' title='bbox 766 861 900 913; x_wconf 83' lang='lat' dir='ltr'><strong>ctat,</strong></span> <span class='ocrx_word' id='word_1_52' title='bbox 934 862 990 904; x_wconf 94' lang='lat' dir='ltr'><strong>ut</strong></span> <span class='ocrx_word' id='word_1_53' title='bbox 1026 868 1122 905; x_wconf 89' lang='lat' dir='ltr'><strong>vos</strong></span> <span class='ocrx_word' id='word_1_54' title='bbox 1154 852 1375 907; x_wconf 66' lang='lat' dir='ltr'><strong>Graecos</strong></span> <span class='ocrx_word' id='word_1_55' title='bbox 1419 853 1697 921; x_wconf 87' lang='lat' dir='ltr'><strong>poeniteat,</strong></span> <span class='ocrx_word' id='word_1_56' title='bbox 1729 854 1820 922; x_wconf 89' lang='lat' dir='ltr'><strong>qui</strong></span> <span class='ocrx_word' id='word_1_57' title='bbox 1856 855 2058 908; x_wconf 91' lang='lat' dir='ltr'><strong>cultum</strong></span> <span class='ocrx_word' id='word_1_58' title='bbox 2094 866 2147 909; x_wconf 91' lang='lat' dir='ltr'><strong>et</strong></span> <span class='ocrx_word' id='word_1_59' title='bbox 2177 870 2339 911; x_wconf 73' lang='lat' dir='ltr'><strong>vene—</strong></span> 
     </span>
    </p>
   </div>
   <div class='ocr_carea' id='block_1_10' title="bbox 772 942 2337 1014">
    <p class='ocr_par' dir='ltr' id='par_1_10' title="bbox 772 942 2337 1014">
     <span class='ocr_line' id='line_1_10' title="bbox 772 942 2337 1014; baseline 0.003 -15"><span class='ocrx_word' id='word_1_60' title='bbox 772 947 1039 999; x_wconf 88' lang='lat' dir='ltr'><strong>rationem</strong></span> <span class='ocrx_word' id='word_1_61' title='bbox 1075 942 1185 998; x_wconf 91' lang='lat' dir='ltr'><strong>Deo</strong></span> <span class='ocrx_word' id='word_1_62' title='bbox 1212 953 1622 1014; x_wconf 77' lang='lat' dir='ltr'><strong>congruentem,</strong></span> <span class='ocrx_word' id='word_1_63' title='bbox 1646 946 1979 1000; x_wconf 60' lang='lat' dir='ltr'><strong>daemonibus</strong></span> <span class='ocrx_word' id='word_1_64' title='bbox 1999 946 2227 1003; x_wconf 79' lang='lat' dir='ltr'><strong>aﬂ&#39;ertis.</strong></span> <span class='ocrx_word' id='word_1_65' title='bbox 2258 949 2337 1003; x_wconf 81' lang='lat' dir='ltr'><strong>Ad</strong></span> 
     </span>
    </p>
   </div>
   <div class='ocr_carea' id='block_1_11' title="bbox 773 1035 2339 1102">
    <p class='ocr_par' dir='ltr' id='par_1_11' title="bbox 773 1035 2339 1102">
     <span class='ocr_line' id='line_1_11' title="bbox 773 1035 2339 1102; baseline 0.003 -14"><span class='ocrx_word' id='word_1_66' title='bbox 773 1035 889 1088; x_wconf 61' lang='lat' dir='ltr'><strong>haec</strong></span> <span class='ocrx_word' id='word_1_67' title='bbox 919 1044 972 1085; x_wconf 91' lang='lat' dir='ltr'><strong>et</strong></span> <span class='ocrx_word' id='word_1_68' title='bbox 1008 1049 1315 1096; x_wconf 85' lang='lat' dir='ltr'><strong>servorum,</strong></span> <span class='ocrx_word' id='word_1_69' title='bbox 1349 1036 1441 1101; x_wconf 93' lang='lat' dir='ltr'><strong>qui</strong></span> <span class='ocrx_word' id='word_1_70' title='bbox 1480 1036 1526 1089; x_wconf 88' lang='lat' dir='ltr'><strong>ei</strong></span> <span class='ocrx_word' id='word_1_71' title='bbox 1560 1036 1699 1102; x_wconf 90' lang='lat' dir='ltr'><strong>grati</strong></span> <span class='ocrx_word' id='word_1_72' title='bbox 1732 1046 1882 1097; x_wconf 88' lang='lat' dir='ltr'><strong>sunt,</strong></span> <span class='ocrx_word' id='word_1_73' title='bbox 1920 1038 2238 1091; x_wconf 77' lang='lat' dir='ltr'><strong>electionem</strong></span> <span class='ocrx_word' id='word_1_74' title='bbox 2276 1052 2339 1093; x_wconf 87' lang='lat' dir='ltr'><strong>ac</strong></span> 
     </span>
    </p>
   </div>
   <div class='ocr_carea' id='block_1_12' title="bbox 770 1125 2342 1196">
    <p class='ocr_par' dir='ltr' id='par_1_12' title="bbox 770 1125 2342 1196">
     <span class='ocr_line' id='line_1_12' title="bbox 770 1125 2342 1196; baseline 0.004 -20"><span class='ocrx_word' id='word_1_75' title='bbox 770 1139 1116 1194; x_wconf 84' lang='lat' dir='ltr'><strong>progressum</strong></span> <span class='ocrx_word' id='word_1_76' title='bbox 1154 1128 1261 1178; x_wconf 84' lang='lat' dir='ltr'><strong>hoc</strong></span> <span class='ocrx_word' id='word_1_77' title='bbox 1295 1125 1453 1177; x_wconf 89' lang='lat' dir='ltr'><strong>modo</strong></span> <span class='ocrx_word' id='word_1_78' title='bbox 1482 1126 1804 1192; x_wconf 80' lang='lat' dir='ltr'><strong>compellere</strong></span> <span class='ocrx_word' id='word_1_79' title='bbox 1836 1127 1969 1180; x_wconf 75' lang='lat' dir='ltr'><strong>vult.</strong></span> <span class='ocrx_word' id='word_1_80' title='bbox 2021 1129 2209 1196; x_wconf 83' lang='lat' dir='ltr'><strong>Itaque</strong></span> <span class='ocrx_word' id='word_1_81' title='bbox 2242 1129 2342 1183; x_wconf 77' lang='lat' dir='ltr'><strong>hac</strong></span> 
     </span>
    </p>
   </div>
   <div class='ocr_carea' id='block_1_13' title="bbox 774 1216 2342 1288">
    <p class='ocr_par' dir='ltr' id='par_1_13' title="bbox 774 1216 2342 1288">
     <span class='ocr_line' id='line_1_13' title="bbox 774 1216 2342 1288; baseline 0.003 -20"><span class='ocrx_word' id='word_1_82' title='bbox 774 1216 1113 1283; x_wconf 72' lang='lat' dir='ltr'><strong>providentia</strong></span> <span class='ocrx_word' id='word_1_83' title='bbox 1148 1217 1340 1270; x_wconf 87' lang='lat' dir='ltr'><strong>utitur.</strong></span> <span class='ocrx_word' id='word_1_84' title='bbox 1372 1216 1502 1269; x_wconf 79' lang='lat' dir='ltr'><strong>Nam</strong></span> <span class='ocrx_word' id='word_1_85' title='bbox 1538 1217 1579 1270; x_wconf 93' lang='lat' dir='ltr'><strong>si</strong></span> <span class='ocrx_word' id='word_1_86' title='bbox 1612 1217 1797 1270; x_wconf 83' lang='lat' dir='ltr'><strong>statim</strong></span> <span class='ocrx_word' id='word_1_87' title='bbox 1825 1221 1975 1272; x_wconf 87' lang='lat' dir='ltr'><strong>vobis</strong></span> <span class='ocrx_word' id='word_1_88' title='bbox 2015 1234 2230 1288; x_wconf 66' lang='lat' dir='ltr'><strong>poenam</strong></span> <span class='ocrx_word' id='word_1_89' title='bbox 2263 1222 2342 1272; x_wconf 87' lang='lat' dir='ltr'><strong>in-</strong></span> 
     </span>
    </p>
   </div>
   <div class='ocr_carea' id='block_1_14' title="bbox 775 1304 2344 1377">
    <p class='ocr_par' dir='ltr' id='par_1_14' title="bbox 775 1304 2344 1377">
     <span class='ocr_line' id='line_1_14' title="bbox 775 1304 2344 1377; baseline 0.005 -18"><span class='ocrx_word' id='word_1_90' title='bbox 775 1304 919 1360; x_wconf 82' lang='lat' dir='ltr'><strong>ferre</strong></span> <span class='ocrx_word' id='word_1_91' title='bbox 958 1304 1137 1371; x_wconf 81' lang='lat' dir='ltr'><strong>vellet,</strong></span> <span class='ocrx_word' id='word_1_92' title='bbox 1168 1318 1221 1360; x_wconf 88' lang='lat' dir='ltr'><strong>et</strong></span> <span class='ocrx_word' id='word_1_93' title='bbox 1252 1322 1344 1360; x_wconf 86' lang='lat' dir='ltr'><strong>vos</strong></span> <span class='ocrx_word' id='word_1_94' title='bbox 1379 1308 1478 1376; x_wconf 85' lang='lat' dir='ltr'><strong>ipsi</strong></span> <span class='ocrx_word' id='word_1_95' title='bbox 1519 1308 1569 1360; x_wconf 90' lang='lat' dir='ltr'><strong>in</strong></span> <span class='ocrx_word' id='word_1_96' title='bbox 1602 1318 1919 1376; x_wconf 89' lang='lat' dir='ltr'><strong>perpetuum</strong></span> <span class='ocrx_word' id='word_1_97' title='bbox 1950 1311 2264 1377; x_wconf 89' lang='lat' dir='ltr'><strong>periissetis,</strong></span> <span class='ocrx_word' id='word_1_98' title='bbox 2288 1321 2344 1366; x_wconf 89' lang='lat' dir='ltr'><strong>et</strong></span> 
     </span>
    </p>
   </div>
   <div class='ocr_carea' id='block_1_15' title="bbox 774 1396 2343 1472">
    <p class='ocr_par' dir='ltr' id='par_1_15' title="bbox 774 1396 2343 1472">
     <span class='ocr_line' id='line_1_15' title="bbox 774 1396 2343 1472; baseline 0.005 -24"><span class='ocrx_word' id='word_1_99' title='bbox 774 1396 943 1462; x_wconf 82' lang='lat' dir='ltr'><strong>ipsius</strong></span> <span class='ocrx_word' id='word_1_100' title='bbox 975 1396 1117 1449; x_wconf 80' lang='lat' dir='ltr'><strong>servi</strong></span> <span class='ocrx_word' id='word_1_101' title='bbox 1146 1396 1413 1451; x_wconf 77' lang='lat' dir='ltr'><strong>manifesti</strong></span> <span class='ocrx_word' id='word_1_102' title='bbox 1448 1414 1551 1451; x_wconf 90' lang='lat' dir='ltr'><strong>non</strong></span> <span class='ocrx_word' id='word_1_103' title='bbox 1581 1398 1810 1463; x_wconf 86' lang='lat' dir='ltr'><strong>fierent;</strong></span> <span class='ocrx_word' id='word_1_104' title='bbox 1853 1402 1982 1469; x_wconf 91' lang='lat' dir='ltr'><strong>quin</strong></span> <span class='ocrx_word' id='word_1_105' title='bbox 2023 1402 2184 1455; x_wconf 87' lang='lat' dir='ltr'><strong>etiam</strong></span> <span class='ocrx_word' id='word_1_106' title='bbox 2218 1418 2343 1472; x_wconf 84' lang='lat' dir='ltr'><strong>gra-</strong></span> 
     </span>
    </p>
   </div>
   <div class='ocr_carea' id='block_1_16' title="bbox 774 1486 2343 1559">
    <p class='ocr_par' dir='ltr' id='par_1_16' title="bbox 774 1486 2343 1559">
     <span class='ocr_line' id='line_1_16' title="bbox 774 1486 2343 1559; baseline 0.005 -20"><span class='ocrx_word' id='word_1_107' title='bbox 774 1486 861 1540; x_wconf 78' lang='lat' dir='ltr'><strong>tia:</strong></span> <span class='ocrx_word' id='word_1_108' title='bbox 892 1488 1061 1554; x_wconf 88' lang='lat' dir='ltr'><strong>ipsitts</strong></span> <span class='ocrx_word' id='word_1_109' title='bbox 1092 1490 1331 1557; x_wconf 84' lang='lat' dir='ltr'><strong>potentia</strong></span> <span class='ocrx_word' id='word_1_110' title='bbox 1383 1490 1558 1544; x_wconf 87' lang='lat' dir='ltr'><strong>otiosa</strong></span> <span class='ocrx_word' id='word_1_111' title='bbox 1587 1495 1999 1558; x_wconf 86' lang='lat' dir='ltr'><strong>permansisset.</strong></span> <span class='ocrx_word' id='word_1_112' title='bbox 2056 1492 2343 1559; x_wconf 84' lang='lat' dir='ltr'><strong>Quomodo</strong></span> 
     </span>
    </p>
   </div>
   <div class='ocr_carea' id='block_1_17' title="bbox 770 1578 2341 1652">
    <p class='ocr_par' dir='ltr' id='par_1_17' title="bbox 770 1578 2341 1652">
     <span class='ocr_line' id='line_1_17' title="bbox 770 1578 2341 1652; baseline 0.005 -21"><span class='ocrx_word' id='word_1_113' title='bbox 770 1580 917 1631; x_wconf 90' lang='lat' dir='ltr'><strong>enim</strong></span> <span class='ocrx_word' id='word_1_114' title='bbox 954 1578 1218 1635; x_wconf 84' lang='lat' dir='ltr'><strong>Dominus</strong></span> <span class='ocrx_word' id='word_1_115' title='bbox 1251 1593 1435 1634; x_wconf 87' lang='lat' dir='ltr'><strong>noster</strong></span> <span class='ocrx_word' id='word_1_116' title='bbox 1460 1582 1695 1651; x_wconf 74' lang='lat' dir='ltr'><strong>gloriose</strong></span> <span class='ocrx_word' id='word_1_117' title='bbox 1747 1583 1955 1636; x_wconf 80' lang='lat' dir='ltr'><strong>laudari</strong></span> <span class='ocrx_word' id='word_1_118' title='bbox 1988 1597 2191 1652; x_wconf 84' lang='lat' dir='ltr'><strong>posset,</strong></span> <span class='ocrx_word' id='word_1_119' title='bbox 2240 1587 2341 1639; x_wconf 90' lang='lat' dir='ltr'><strong>nisi</strong></span> 
     </span>
    </p>
   </div>
   <div class='ocr_carea' id='block_1_18' title="bbox 772 1671 2341 1743">
    <p class='ocr_par' dir='ltr' id='par_1_18' title="bbox 772 1671 2341 1743">
     <span class='ocr_line' id='line_1_18' title="bbox 772 1671 2341 1743; baseline 0.004 -19"><span class='ocrx_word' id='word_1_120' title='bbox 772 1671 1027 1724; x_wconf 90' lang='lat' dir='ltr'><strong>diuturna</strong></span> <span class='ocrx_word' id='word_1_121' title='bbox 1057 1672 1110 1723; x_wconf 91' lang='lat' dir='ltr'><strong>in</strong></span> <span class='ocrx_word' id='word_1_122' title='bbox 1149 1673 1348 1724; x_wconf 83' lang='lat' dir='ltr'><strong>vestris</strong></span> <span class='ocrx_word' id='word_1_123' title='bbox 1406 1671 1703 1725; x_wconf 84' lang='lat' dir='ltr'><strong>sceleribus</strong></span> <span class='ocrx_word' id='word_1_124' title='bbox 1746 1674 2031 1737; x_wconf 87' lang='lat' dir='ltr'><strong>puniendis</strong></span> <span class='ocrx_word' id='word_1_125' title='bbox 2088 1676 2341 1743; x_wconf 79' lang='lat' dir='ltr'><strong>patientia</strong></span> 
     </span>
    </p>
   </div>
   <div class='ocr_carea' id='block_1_19' title="bbox 775 1761 2343 1832">
    <p class='ocr_par' dir='ltr' id='par_1_19' title="bbox 775 1761 2343 1832">
     <span class='ocr_line' id='line_1_19' title="bbox 775 1761 2343 1832; baseline 0.006 -20"><span class='ocrx_word' id='word_1_126' title='bbox 775 1761 1052 1814; x_wconf 84' lang='lat' dir='ltr'><strong>uteretur?</strong></span> <span class='ocrx_word' id='word_1_127' title='bbox 1082 1761 1235 1815; x_wconf 87' lang='lat' dir='ltr'><strong>Nunc</strong></span> <span class='ocrx_word' id='word_1_128' title='bbox 1267 1776 1394 1814; x_wconf 78' lang='lat' dir='ltr'><strong>vero</strong></span> <span class='ocrx_word' id='word_1_129' title='bbox 1445 1763 1556 1816; x_wconf 67' lang='lat' dir='ltr'><strong>haec</strong></span> <span class='ocrx_word' id='word_1_130' title='bbox 1608 1764 1677 1816; x_wconf 89' lang='lat' dir='ltr'><strong>ita</strong></span> <span class='ocrx_word' id='word_1_131' title='bbox 1712 1763 1823 1816; x_wconf 84' lang='lat' dir='ltr'><strong>fieri</strong></span> <span class='ocrx_word' id='word_1_132' title='bbox 1854 1765 2138 1832; x_wconf 85' lang='lat' dir='ltr'><strong>permittit,</strong></span> <span class='ocrx_word' id='word_1_133' title='bbox 2180 1778 2237 1820; x_wconf 92' lang='lat' dir='ltr'><strong>ut</strong></span> <span class='ocrx_word' id='word_1_134' title='bbox 2290 1776 2343 1821; x_wconf 86' lang='lat' dir='ltr'><strong>et</strong></span> 
     </span>
    </p>
   </div>
   <div class='ocr_carea' id='block_1_20' title="bbox 2438 576 4023 651">
    <p class='ocr_par' dir='ltr' id='par_1_20' title="bbox 2438 576 4023 651">
     <span class='ocr_line' id='line_1_20' title="bbox 2438 576 4023 651; baseline 0.003 -23"><span class='ocrx_word' id='word_1_135' title='bbox 2438 576 2548 641; x_wconf 82' lang='grc' dir='ltr'>λον,</span> <span class='ocrx_word' id='word_1_136' title='bbox 2574 578 2823 641; x_wconf 59' lang='lat' dir='ltr'><strong>suam,</strong></span> <span class='ocrx_word' id='word_1_137' title='bbox 2850 578 3088 646; x_wconf 79' lang='grc' dir='ltr'><strong>ὀφείλεις</strong></span> <span class='ocrx_word' id='word_1_138' title='bbox 3122 580 3388 650; x_wconf 80' lang='grc' dir='ltr'><strong>γνωρίσαι</strong></span> <span class='ocrx_word' id='word_1_139' title='bbox 3422 582 3607 643; x_wconf 82' lang='grc' dir='ltr'>αὑτὸν,</span> <span class='ocrx_word' id='word_1_140' title='bbox 3638 586 3729 634; x_wconf 69' lang='grc' dir='ltr'><strong>καὶ</strong></span> <span class='ocrx_word' id='word_1_141' title='bbox 3751 581 3850 651; x_wconf 78' lang='grc' dir='ltr'><strong>τὴν</strong></span> <span class='ocrx_word' id='word_1_142' title='bbox 3884 582 4023 649; x_wconf 81' lang='grc' dir='ltr'><strong>ἀγα⁸</strong></span> 
     </span>
    </p>
   </div>
   <div class='ocr_carea' id='block_1_21' title="bbox 2439 668 4021 739">
    <p class='ocr_par' dir='ltr' id='par_1_21' title="bbox 2439 668 4021 739">
     <span class='ocr_line' id='line_1_21' title="bbox 2439 668 4021 739; baseline 0.003 -20"><span class='ocrx_word' id='word_1_143' title='bbox 2439 668 2637 737; x_wconf 87' lang='grc' dir='ltr'>θότητα</span> <span class='ocrx_word' id='word_1_144' title='bbox 2665 668 2854 732; x_wconf 80' lang='grc' dir='ltr'>αὑτοῦ,</span> <span class='ocrx_word' id='word_1_145' title='bbox 2888 669 2982 721; x_wconf 75' lang='grc' dir='ltr'>καὶ</span> <span class='ocrx_word' id='word_1_146' title='bbox 3007 668 3103 739; x_wconf 78' lang='grc' dir='ltr'>τὴν</span> <span class='ocrx_word' id='word_1_147' title='bbox 3126 668 3381 738; x_wconf 85' lang='grc' dir='ltr'>δύναμιν,</span> <span class='ocrx_word' id='word_1_148' title='bbox 3413 671 3495 723; x_wconf 80' lang='grc' dir='ltr'>ὅτι</span> <span class='ocrx_word' id='word_1_149' title='bbox 3536 671 3627 723; x_wconf 81' lang='grc' dir='ltr'>καὶ</span> <span class='ocrx_word' id='word_1_150' title='bbox 3659 671 4021 739; x_wconf 77' lang='grc' dir='ltr'>ὑϐριζόμενος</span> 
     </span>
    </p>
   </div>
   <div class='ocr_carea' id='block_1_22' title="bbox 2437 757 4018 831">
    <p class='ocr_par' dir='ltr' id='par_1_22' title="bbox 2437 757 4018 831">
     <span class='ocr_line' id='line_1_22' title="bbox 2437 757 4018 831; baseline 0.003 -22"><span class='ocrx_word' id='word_1_151' title='bbox 2437 758 2537 809; x_wconf 83' lang='grc' dir='ltr'><strong>οὑκ</strong></span> <span class='ocrx_word' id='word_1_152' title='bbox 2573 757 2774 820; x_wconf 87' lang='grc' dir='ltr'>εὑθέως</span> <span class='ocrx_word' id='word_1_153' title='bbox 2808 760 3234 813; x_wconf 81' lang='grc' dir='ltr'><strong>ἀνταποδίδωσιν</strong></span> <span class='ocrx_word' id='word_1_154' title='bbox 3265 763 3394 831; x_wconf 81' lang='grc' dir='ltr'>ἡμῖν</span> <span class='ocrx_word' id='word_1_155' title='bbox 3416 801 3430 825; x_wconf 95' lang='grc'><strong>,</strong></span> <span class='ocrx_word' id='word_1_156' title='bbox 3461 762 3816 830; x_wconf 77' lang='grc' dir='ltr'>ἐκδεχόμενος</span> <span class='ocrx_word' id='word_1_157' title='bbox 3859 764 4018 831; x_wconf 77' lang='grc' dir='ltr'>ὑμῶν</span> 
     </span>
    </p>
   </div>
   <div class='ocr_carea' id='block_1_23' title="bbox 2436 848 4020 923">
    <p class='ocr_par' dir='ltr' id='par_1_23' title="bbox 2436 848 4020 923">
     <span class='ocr_line' id='line_1_23' title="bbox 2436 848 4020 923; baseline 0.003 -22"><span class='ocrx_word' id='word_1_158' title='bbox 2436 848 2545 901; x_wconf 83' lang='grc' dir='ltr'>τῶν</span> <span class='ocrx_word' id='word_1_159' title='bbox 2592 848 2861 917; x_wconf 82' lang='grc' dir='ltr'>Ἑλλήνων</span> <span class='ocrx_word' id='word_1_160' title='bbox 2908 850 3007 918; x_wconf 80' lang='grc' dir='ltr'><strong>τὴν</strong></span> <span class='ocrx_word' id='word_1_161' title='bbox 3046 852 3335 919; x_wconf 70' lang='grc' dir='ltr'>μετάνοιαν</span> <span class='ocrx_word' id='word_1_162' title='bbox 3388 854 3482 905; x_wconf 75' lang='grc' dir='ltr'><strong>καὶ</strong></span> <span class='ocrx_word' id='word_1_163' title='bbox 3516 853 3881 923; x_wconf 73' lang='grc' dir='ltr'>ἐπιστροφὴν,</span> <span class='ocrx_word' id='word_1_164' title='bbox 3912 855 4020 905; x_wconf 78' lang='grc' dir='ltr'>τῶν</span> 
     </span>
    </p>
   </div>
   <div class='ocr_carea' id='block_1_24' title="bbox 2436 938 4017 1013">
    <p class='ocr_par' dir='ltr' id='par_1_24' title="bbox 2436 938 4017 1013">
     <span class='ocr_line' id='line_1_24' title="bbox 2436 938 4017 1013; baseline 0.001 -22"><span class='ocrx_word' id='word_1_165' title='bbox 2436 940 2498 992; x_wconf 82' lang='grc' dir='ltr'><strong>τὸ</strong></span> <span class='ocrx_word' id='word_1_166' title='bbox 2520 938 2666 1008; x_wconf 87' lang='grc' dir='ltr'>αὑτῷ</span> <span class='ocrx_word' id='word_1_167' title='bbox 2693 941 2903 1007; x_wconf 78' lang='grc' dir='ltr'>πρέπον</span> <span class='ocrx_word' id='word_1_168' title='bbox 2941 940 3104 1002; x_wconf 76' lang='grc' dir='ltr'>σέϐας</span> <span class='ocrx_word' id='word_1_169' title='bbox 3139 943 3252 1002; x_wconf 90' lang='grc' dir='ltr'>τοῖς</span> <span class='ocrx_word' id='word_1_170' title='bbox 3291 942 3510 1010; x_wconf 85' lang='grc' dir='ltr'>δαίμοσι</span> <span class='ocrx_word' id='word_1_171' title='bbox 3558 945 4017 1013; x_wconf 63' lang='grc' dir='ltr'>προσψερόντων·</span> 
     </span>
    </p>
   </div>
   <div class='ocr_carea' id='block_1_25' title="bbox 2439 1030 4019 1104">
    <p class='ocr_par' dir='ltr' id='par_1_25' title="bbox 2439 1030 4019 1104">
     <span class='ocr_line' id='line_1_25' title="bbox 2439 1030 4019 1104; baseline 0.001 -21"><span class='ocrx_word' id='word_1_172' title='bbox 2439 1030 2520 1083; x_wconf 65' lang='lat' dir='ltr'><strong>[tt</strong></span> <span class='ocrx_word' id='word_1_173' title='bbox 2571 1031 2627 1084; x_wconf 82' lang='grc' dir='ltr'><strong>δὲ</strong></span> <span class='ocrx_word' id='word_1_174' title='bbox 2683 1033 2778 1083; x_wconf 80' lang='grc' dir='ltr'>καὶ</span> <span class='ocrx_word' id='word_1_175' title='bbox 2838 1032 2945 1083; x_wconf 82' lang='grc' dir='ltr'>τῶν</span> <span class='ocrx_word' id='word_1_176' title='bbox 2979 1033 3423 1101; x_wconf 81' lang='grc' dir='ltr'>εὐαρεστούντων</span> <span class='ocrx_word' id='word_1_177' title='bbox 3470 1034 3615 1102; x_wconf 87' lang='grc' dir='ltr'>αὑτῷ</span> <span class='ocrx_word' id='word_1_178' title='bbox 3659 1035 3860 1087; x_wconf 88' lang='grc' dir='ltr'>δούλων</span> <span class='ocrx_word' id='word_1_179' title='bbox 3919 1035 4019 1104; x_wconf 73' lang='grc' dir='ltr'><strong>τὴν</strong></span> 
     </span>
    </p>
   </div>
   <div class='ocr_carea' id='block_1_26' title="bbox 2441 1112 4019 1192">
    <p class='ocr_par' dir='ltr' id='par_1_26' title="bbox 2441 1112 4019 1192">
     <span class='ocr_line' id='line_1_26' title="bbox 2441 1112 4019 1192; baseline 0.004 -19"><span class='ocrx_word' id='word_1_180' title='bbox 2441 1122 2671 1191; x_wconf 71' lang='grc' dir='ltr'>ἐκλογὴν</span> <span class='ocrx_word' id='word_1_181' title='bbox 2698 1124 2793 1175; x_wconf 76' lang='grc' dir='ltr'>καὶ</span> <span class='ocrx_word' id='word_1_182' title='bbox 2827 1122 3113 1192; x_wconf 83' lang='grc' dir='ltr'>προκοπὴν</span> <span class='ocrx_word' id='word_1_183' title='bbox 3152 1123 3477 1191; x_wconf 82' lang='grc' dir='ltr'>βουλόμενος</span> <span class='ocrx_word' id='word_1_184' title='bbox 3511 1112 3819 1190; x_wconf 54' lang='lat' dir='ltr'><strong>unum:</strong></span> <span class='ocrx_word' id='word_1_185' title='bbox 3842 1127 4019 1189; x_wconf 73' lang='grc' dir='ltr'>οὕτως</span> 
     </span>
    </p>
   </div>
   <div class='ocr_carea' id='block_1_27' title="bbox 2441 1212 4019 1283">
    <p class='ocr_par' dir='ltr' id='par_1_27' title="bbox 2441 1212 4019 1283">
     <span class='ocr_line' id='line_1_27' title="bbox 2441 1212 4019 1283; baseline 0.002 -20"><span class='ocrx_word' id='word_1_186' title='bbox 2441 1212 2819 1283; x_wconf 81' lang='grc' dir='ltr'>ᾠκονόμησεν.</span> <span class='ocrx_word' id='word_1_187' title='bbox 2857 1213 2918 1265; x_wconf 81' lang='lat' dir='ltr'><strong>Ei</strong></span> <span class='ocrx_word' id='word_1_188' title='bbox 2950 1214 3058 1282; x_wconf 85' lang='grc' dir='ltr'>γὰρ</span> <span class='ocrx_word' id='word_1_189' title='bbox 3093 1213 3354 1281; x_wconf 70' lang='grc' dir='ltr'>ἠϐούλετο</span> <span class='ocrx_word' id='word_1_190' title='bbox 3402 1214 3602 1275; x_wconf 82' lang='grc' dir='ltr'>εὑθέως</span> <span class='ocrx_word' id='word_1_191' title='bbox 3631 1216 3757 1283; x_wconf 83' lang='grc' dir='ltr'>ὑμῖν</span> <span class='ocrx_word' id='word_1_192' title='bbox 3785 1216 4019 1268; x_wconf 75' lang='grc' dir='ltr'>ἁποδοῦο</span> 
     </span>
    </p>
   </div>
   <div class='ocr_carea' id='block_1_28' title="bbox 2442 1306 4022 1375">
    <p class='ocr_par' dir='ltr' id='par_1_28' title="bbox 2442 1306 4022 1375">
     <span class='ocr_line' id='line_1_28' title="bbox 2442 1306 4022 1375; baseline 0.001 -17"><span class='ocrx_word' id='word_1_193' title='bbox 2442 1323 2530 1358; x_wconf 87' lang='grc' dir='ltr'><strong>ναι</strong></span> <span class='ocrx_word' id='word_1_194' title='bbox 2562 1308 2655 1358; x_wconf 76' lang='grc' dir='ltr'><strong>καὶ</strong></span> <span class='ocrx_word' id='word_1_195' title='bbox 2684 1307 2824 1375; x_wconf 84' lang='grc' dir='ltr'>ὑμᾶς</span> <span class='ocrx_word' id='word_1_196' title='bbox 2848 1306 3185 1359; x_wconf 85' lang='grc' dir='ltr'>ἀπόλλυσθαι</span> <span class='ocrx_word' id='word_1_197' title='bbox 3210 1306 3466 1372; x_wconf 75' lang='grc' dir='ltr'>αἰωνίως,</span> <span class='ocrx_word' id='word_1_198' title='bbox 3499 1311 3591 1360; x_wconf 76' lang='grc' dir='ltr'><strong>καὶ</strong></span> <span class='ocrx_word' id='word_1_199' title='bbox 3629 1310 3678 1360; x_wconf 77' lang='lat' dir='ltr'><strong>ei</strong></span> <span class='ocrx_word' id='word_1_200' title='bbox 3711 1309 3894 1361; x_wconf 79' lang='grc' dir='ltr'>δοῦλοι</span> <span class='ocrx_word' id='word_1_201' title='bbox 3926 1310 4022 1360; x_wconf 81' lang='grc' dir='ltr'>αὑ-</span> 
     </span>
    </p>
   </div>
   <div class='ocr_carea' id='block_1_29' title="bbox 2442 1395 4025 1467">
    <p class='ocr_par' dir='ltr' id='par_1_29' title="bbox 2442 1395 4025 1467">
     <span class='ocr_line' id='line_1_29' title="bbox 2442 1395 4025 1467; baseline 0.001 -20"><span class='ocrx_word' id='word_1_202' title='bbox 2442 1395 2533 1448; x_wconf 81' lang='grc' dir='ltr'>τοῦ</span> <span class='ocrx_word' id='word_1_203' title='bbox 2562 1396 2662 1447; x_wconf 82' lang='grc' dir='ltr'><strong>οὑκ</strong></span> <span class='ocrx_word' id='word_1_204' title='bbox 2714 1395 2952 1462; x_wconf 81' lang='grc' dir='ltr'>ἐγίνοντο</span> <span class='ocrx_word' id='word_1_205' title='bbox 2996 1397 3240 1464; x_wconf 71' lang='grc' dir='ltr'>φανεροὶ,</span> <span class='ocrx_word' id='word_1_206' title='bbox 3293 1396 3429 1449; x_wconf 75' lang='grc' dir='ltr'>ἀλλὰ</span> <span class='ocrx_word' id='word_1_207' title='bbox 3475 1399 3566 1450; x_wconf 73' lang='grc' dir='ltr'><strong>καὶ</strong></span> <span class='ocrx_word' id='word_1_208' title='bbox 3605 1398 3896 1467; x_wconf 79' lang='grc' dir='ltr'>ήδύναμις</span> <span class='ocrx_word' id='word_1_209' title='bbox 3924 1398 4025 1466; x_wconf 76' lang='grc' dir='ltr'><strong>τῆς</strong></span> 
     </span>
    </p>
   </div>
   <div class='ocr_carea' id='block_1_30' title="bbox 2442 1482 4025 1555">
    <p class='ocr_par' dir='ltr' id='par_1_30' title="bbox 2442 1482 4025 1555">
     <span class='ocr_line' id='line_1_30' title="bbox 2442 1482 4025 1555; baseline 0.005 -22"><span class='ocrx_word' id='word_1_210' title='bbox 2442 1482 2667 1551; x_wconf 83' lang='grc' dir='ltr'>χάριτος</span> <span class='ocrx_word' id='word_1_211' title='bbox 2702 1482 2867 1534; x_wconf 78' lang='grc' dir='ltr'>αὑτοῦ</span> <span class='ocrx_word' id='word_1_212' title='bbox 2908 1484 3052 1552; x_wconf 81' lang='grc' dir='ltr'>ἀργὴ</span> <span class='ocrx_word' id='word_1_213' title='bbox 3093 1484 3358 1553; x_wconf 82' lang='grc' dir='ltr'>διέμενεν.</span> <span class='ocrx_word' id='word_1_214' title='bbox 3395 1486 3503 1538; x_wconf 68' lang='grc' dir='ltr'><strong>Καὶ</strong></span> <span class='ocrx_word' id='word_1_215' title='bbox 3534 1486 3649 1548; x_wconf 79' lang='grc' dir='ltr'>πῶς</span> <span class='ocrx_word' id='word_1_216' title='bbox 3692 1482 3838 1555; x_wconf 69' lang='grc' dir='ltr'>εἶχεν</span> <span class='ocrx_word' id='word_1_217' title='bbox 3869 1488 4025 1553; x_wconf 79' lang='grc' dir='ltr'>δοξα-</span> 
     </span>
    </p>
   </div>
   <div class='ocr_carea' id='block_1_31' title="bbox 2445 1573 4026 1649">
    <p class='ocr_par' dir='ltr' id='par_1_31' title="bbox 2445 1573 4026 1649">
     <span class='ocr_line' id='line_1_31' title="bbox 2445 1573 4026 1649; baseline 0.004 -24"><span class='ocrx_word' id='word_1_218' title='bbox 2445 1573 2635 1641; x_wconf 83' lang='grc' dir='ltr'>σθῆναι</span> <span class='ocrx_word' id='word_1_219' title='bbox 2688 1575 2716 1624; x_wconf 82' lang='grc' dir='ltr'><strong>ὁ</strong></span> <span class='ocrx_word' id='word_1_220' title='bbox 2770 1576 2974 1642; x_wconf 83' lang='grc' dir='ltr'>Κύριος</span> <span class='ocrx_word' id='word_1_221' title='bbox 3011 1576 3167 1643; x_wconf 81' lang='grc' dir='ltr'>ἡμῶν</span> <span class='ocrx_word' id='word_1_222' title='bbox 3225 1576 3432 1644; x_wconf 78' lang='grc' dir='ltr'>Ἰησοῦς</span> <span class='ocrx_word' id='word_1_223' title='bbox 3464 1578 3725 1646; x_wconf 74' lang='grc' dir='ltr'>Χριστὸς,</span> <span class='ocrx_word' id='word_1_224' title='bbox 3758 1581 3805 1630; x_wconf 86' lang='grc' dir='ltr'><strong>εί</strong></span> <span class='ocrx_word' id='word_1_225' title='bbox 3841 1582 3917 1647; x_wconf 79' lang='grc' dir='ltr'>μὴ</span> <span class='ocrx_word' id='word_1_226' title='bbox 3955 1575 4026 1649; x_wconf 75' lang='grc' dir='ltr'>ἢν</span> 
     </span>
    </p>
   </div>
   <div class='ocr_carea' id='block_1_32' title="bbox 2446 1665 4026 1736">
    <p class='ocr_par' dir='ltr' id='par_1_32' title="bbox 2446 1665 4026 1736">
     <span class='ocr_line' id='line_1_32' title="bbox 2446 1665 4026 1736; baseline 0.004 -21"><span class='ocrx_word' id='word_1_227' title='bbox 2446 1665 2803 1734; x_wconf 78' lang='grc' dir='ltr'>μακρόθυμος</span> <span class='ocrx_word' id='word_1_228' title='bbox 2836 1666 2928 1716; x_wconf 77' lang='grc' dir='ltr'>ἐπὶ</span> <span class='ocrx_word' id='word_1_229' title='bbox 2957 1667 3075 1725; x_wconf 88' lang='grc' dir='ltr'>ταῖς</span> <span class='ocrx_word' id='word_1_230' title='bbox 3106 1666 3393 1735; x_wconf 83' lang='grc' dir='ltr'>πονηρίαις</span> <span class='ocrx_word' id='word_1_231' title='bbox 3425 1667 3615 1735; x_wconf 83' lang='grc' dir='ltr'>ὑμῶν;</span> <span class='ocrx_word' id='word_1_232' title='bbox 3654 1668 3767 1720; x_wconf 83' lang='grc' dir='ltr'><strong>Νῦν</strong></span> <span class='ocrx_word' id='word_1_233' title='bbox 3800 1669 3855 1721; x_wconf 82' lang='grc' dir='ltr'><strong>δὲ</strong></span> <span class='ocrx_word' id='word_1_234' title='bbox 3890 1686 4026 1736; x_wconf 85' lang='grc' dir='ltr'>συγ-</span> 
     </span>
    </p>
   </div>
   <div class='ocr_carea' id='block_1_33' title="bbox 2444 1756 4029 1827">
    <p class='ocr_par' dir='ltr' id='par_1_33' title="bbox 2444 1756 4029 1827">
     <span class='ocr_line' id='line_1_33' title="bbox 2444 1756 4029 1827; baseline 0.003 -21"><span class='ocrx_word' id='word_1_235' title='bbox 2444 1759 2613 1825; x_wconf 78' lang='grc' dir='ltr'>χωρεῖ</span> <span class='ocrx_word' id='word_1_236' title='bbox 2639 1756 2810 1807; x_wconf 77' lang='grc' dir='ltr'>ταῦτα</span> <span class='ocrx_word' id='word_1_237' title='bbox 2844 1756 3018 1818; x_wconf 80' lang='grc' dir='ltr'>οὑτως</span> <span class='ocrx_word' id='word_1_238' title='bbox 3052 1757 3328 1823; x_wconf 80' lang='grc' dir='ltr'>γενέσθαι,</span> <span class='ocrx_word' id='word_1_239' title='bbox 3366 1758 3452 1812; x_wconf 81' lang='grc' dir='ltr'>ἵνα</span> <span class='ocrx_word' id='word_1_240' title='bbox 3483 1759 3576 1811; x_wconf 72' lang='grc' dir='ltr'><strong>καὶ</strong></span> <span class='ocrx_word' id='word_1_241' title='bbox 3618 1759 3775 1827; x_wconf 81' lang='grc' dir='ltr'>ὑμεῖς</span> <span class='ocrx_word' id='word_1_242' title='bbox 3803 1761 3917 1813; x_wconf 84' lang='grc' dir='ltr'>ὅσοι</span> <span class='ocrx_word' id='word_1_243' title='bbox 3964 1762 4029 1813; x_wconf 81' lang='grc' dir='ltr'><strong>οὑ</strong></span> 
     </span>
    </p>
   </div>
   <div class='ocr_carea' id='block_1_34' title="bbox 775 1827 2445 1928">
    <p class='ocr_par' dir='ltr' id='par_1_34' title="bbox 775 1827 2417 1928">
     <span class='ocr_line' id='line_1_34' title="bbox 775 1827 2417 1928; baseline 0.005 -22"><span class='ocrx_word' id='word_1_244' title='bbox 775 1868 893 1916; x_wconf 86' lang='lat' dir='ltr'><strong>vos,</strong></span> <span class='ocrx_word' id='word_1_245' title='bbox 921 1853 1011 1921; x_wconf 90' lang='lat' dir='ltr'><strong>qui</strong></span> <span class='ocrx_word' id='word_1_246' title='bbox 1068 1868 1170 1906; x_wconf 90' lang='lat' dir='ltr'><strong>non</strong></span> <span class='ocrx_word' id='word_1_247' title='bbox 1217 1852 1553 1922; x_wconf 87' lang='lat' dir='ltr'><strong>resipiscitis,</strong></span> <span class='ocrx_word' id='word_1_248' title='bbox 1587 1855 1678 1908; x_wconf 91' lang='lat' dir='ltr'><strong>sed</strong></span> <span class='ocrx_word' id='word_1_249' title='bbox 1709 1856 2020 1909; x_wconf 85' lang='lat' dir='ltr'><strong>diuturnam</strong></span> <span class='ocrx_word' id='word_1_250' title='bbox 2058 1858 2226 1925; x_wconf 91' lang='lat' dir='ltr'><strong>ipsius</strong></span> <span class='ocrx_word' id='word_1_251' title='bbox 2261 1875 2345 1928; x_wconf 82' lang='lat' dir='ltr'><strong>pa-</strong></span> <span class='ocrx_word' id='word_1_252' title='bbox 2378 1827 2417 1884; x_wconf 73' lang='grc' dir='ltr'><strong>Β</strong></span> 
     </span>
    </p>
   </div>
   <div class='ocr_carea' id='block_1_35' title="bbox 2360 1827 4030 1928">
    <p class='ocr_par' dir='ltr' id='par_1_35' title="bbox 2378 1827 4030 1921">
     <span class='ocr_line' id='line_1_35' title="bbox 2378 1827 4030 1921; baseline 0.005 -24"><span class='ocrx_word' id='word_1_253' title='bbox 2378 1827 2417 1884; x_wconf 75' lang='grc' dir='ltr'><strong>Β</strong></span> <span class='ocrx_word' id='word_1_254' title='bbox 2451 1852 2783 1915; x_wconf 80' lang='grc' dir='ltr'>μετανοεῖτε,</span> <span class='ocrx_word' id='word_1_255' title='bbox 2812 1850 2945 1901; x_wconf 77' lang='grc' dir='ltr'>ἀλλὰ</span> <span class='ocrx_word' id='word_1_256' title='bbox 2979 1852 3430 1913; x_wconf 81' lang='grc' dir='ltr'>καταπτύσαντες</span> <span class='ocrx_word' id='word_1_257' title='bbox 3455 1852 3555 1919; x_wconf 70' lang='grc' dir='ltr'>τῆς</span> <span class='ocrx_word' id='word_1_258' title='bbox 3584 1853 3781 1921; x_wconf 76' lang='grc' dir='ltr'>ἀνοχῆς</span> <span class='ocrx_word' id='word_1_259' title='bbox 3807 1853 3902 1905; x_wconf 71' lang='grc' dir='ltr'>καὶ</span> <span class='ocrx_word' id='word_1_260' title='bbox 3930 1854 4030 1921; x_wconf 77' lang='grc' dir='ltr'>τῆς</span> 
     </span>
    </p>
   </div>
   <div class='ocr_carea' id='block_1_36' title="bbox 775 1945 2341 2012">
    <p class='ocr_par' dir='ltr' id='par_1_36' title="bbox 775 1945 2341 2012">
     <span class='ocr_line' id='line_1_36' title="bbox 775 1945 2341 2012; baseline 0.003 -13"><span class='ocrx_word' id='word_1_261' title='bbox 775 1945 1020 1999; x_wconf 84' lang='lat' dir='ltr'><strong>tientiam</strong></span> <span class='ocrx_word' id='word_1_262' title='bbox 1053 1954 1390 2011; x_wconf 84' lang='lat' dir='ltr'><strong>respueutes,</strong></span> <span class='ocrx_word' id='word_1_263' title='bbox 1417 1946 1471 1997; x_wconf 90' lang='lat' dir='ltr'><strong>in</strong></span> <span class='ocrx_word' id='word_1_264' title='bbox 1494 1956 1670 1998; x_wconf 90' lang='lat' dir='ltr'><strong>vestra</strong></span> <span class='ocrx_word' id='word_1_265' title='bbox 1696 1948 1896 1999; x_wconf 78' lang='lat' dir='ltr'><strong>saevitia</strong></span> <span class='ocrx_word' id='word_1_266' title='bbox 1934 1949 2251 2012; x_wconf 85' lang='lat' dir='ltr'><strong>persistitis,</strong></span> <span class='ocrx_word' id='word_1_267' title='bbox 2286 1961 2341 2003; x_wconf 88' lang='lat' dir='ltr'><strong>et</strong></span> 
     </span>
    </p>
   </div>
   <div class='ocr_carea' id='block_1_37' title="bbox 778 2033 2343 2103">
    <p class='ocr_par' dir='ltr' id='par_1_37' title="bbox 778 2033 2343 2103">
     <span class='ocr_line' id='line_1_37' title="bbox 778 2033 2343 2103; baseline 0.004 -17"><span class='ocrx_word' id='word_1_268' title='bbox 778 2034 849 2088; x_wconf 86' lang='lat' dir='ltr'><strong>ab</strong></span> <span class='ocrx_word' id='word_1_269' title='bbox 882 2048 947 2088; x_wconf 89' lang='lat' dir='ltr'><strong>eo</strong></span> <span class='ocrx_word' id='word_1_270' title='bbox 984 2033 1150 2103; x_wconf 80' lang='lat' dir='ltr'><strong>magis</strong></span> <span class='ocrx_word' id='word_1_271' title='bbox 1185 2035 1463 2102; x_wconf 78' lang='lat' dir='ltr'><strong>magisque</strong></span> <span class='ocrx_word' id='word_1_272' title='bbox 1513 2035 1897 2101; x_wconf 77' lang='lat' dir='ltr'><strong>desciscentes,</strong></span> <span class='ocrx_word' id='word_1_273' title='bbox 1951 2039 2015 2091; x_wconf 87' lang='lat' dir='ltr'><strong>ad</strong></span> <span class='ocrx_word' id='word_1_274' title='bbox 2065 2038 2343 2093; x_wconf 90' lang='lat' dir='ltr'><strong>interitum</strong></span> 
     </span>
    </p>
   </div>
   <div class='ocr_carea' id='block_1_38' title="bbox 776 2124 2341 2195">
    <p class='ocr_par' dir='ltr' id='par_1_38' title="bbox 776 2124 2341 2195">
     <span class='ocr_line' id='line_1_38' title="bbox 776 2124 2341 2195; baseline 0.004 -18"><span class='ocrx_word' id='word_1_275' title='bbox 776 2128 1105 2193; x_wconf 83' lang='lat' dir='ltr'><strong>properatis,</strong></span> <span class='ocrx_word' id='word_1_276' title='bbox 1166 2136 1343 2177; x_wconf 88' lang='lat' dir='ltr'><strong>vestra</strong></span> <span class='ocrx_word' id='word_1_277' title='bbox 1392 2124 1543 2193; x_wconf 87' lang='lat' dir='ltr'><strong>culpa</strong></span> <span class='ocrx_word' id='word_1_278' title='bbox 1595 2126 2057 2193; x_wconf 83' lang='lat' dir='ltr'><strong>condemnemini,</strong></span> <span class='ocrx_word' id='word_1_279' title='bbox 2113 2138 2169 2182; x_wconf 91' lang='lat' dir='ltr'><strong>et</strong></span> <span class='ocrx_word' id='word_1_280' title='bbox 2224 2145 2341 2195; x_wconf 90' lang='lat' dir='ltr'><strong>nos,</strong></span> 
     </span>
    </p>
   </div>
   <div class='ocr_carea' id='block_1_39' title="bbox 778 2214 2346 2285">
    <p class='ocr_par' dir='ltr' id='par_1_39' title="bbox 778 2214 2346 2285">
     <span class='ocr_line' id='line_1_39' title="bbox 778 2214 2346 2285; baseline 0.006 -19"><span class='ocrx_word' id='word_1_281' title='bbox 778 2214 869 2279; x_wconf 89' lang='lat' dir='ltr'><strong>qui</strong></span> <span class='ocrx_word' id='word_1_282' title='bbox 899 2214 1017 2282; x_wconf 87' lang='lat' dir='ltr'><strong>ejus</strong></span> <span class='ocrx_word' id='word_1_283' title='bbox 1063 2215 1348 2282; x_wconf 85' lang='lat' dir='ltr'><strong>imperium</strong></span> <span class='ocrx_word' id='word_1_284' title='bbox 1383 2218 1722 2284; x_wconf 78' lang='lat' dir='ltr'><strong>agnovimus,</strong></span> <span class='ocrx_word' id='word_1_285' title='bbox 1776 2229 2036 2285; x_wconf 76' lang='lat' dir='ltr'><strong>perpetuo</strong></span> <span class='ocrx_word' id='word_1_286' title='bbox 2083 2235 2202 2273; x_wconf 91' lang='lat' dir='ltr'><strong>cum</strong></span> <span class='ocrx_word' id='word_1_287' title='bbox 2256 2222 2346 2275; x_wconf 91' lang='lat' dir='ltr'><strong>illo</strong></span> 
     </span>
    </p>
   </div>
   <div class='ocr_carea' id='block_1_40' title="bbox 778 2306 2348 2375">
    <p class='ocr_par' dir='ltr' id='par_1_40' title="bbox 778 2306 2348 2375">
     <span class='ocr_line' id='line_1_40' title="bbox 778 2306 2348 2375; baseline 0.006 -19"><span class='ocrx_word' id='word_1_288' title='bbox 778 2306 1047 2358; x_wconf 81' lang='lat' dir='ltr'><strong>vivamus.</strong></span> <span class='ocrx_word' id='word_1_289' title='bbox 1074 2306 1210 2371; x_wconf 84' lang='lat' dir='ltr'><strong>Quin</strong></span> <span class='ocrx_word' id='word_1_290' title='bbox 1234 2308 1397 2360; x_wconf 86' lang='lat' dir='ltr'><strong>etiam</strong></span> <span class='ocrx_word' id='word_1_291' title='bbox 1428 2307 1595 2375; x_wconf 87' lang='lat' dir='ltr'><strong>ipsius</strong></span> <span class='ocrx_word' id='word_1_292' title='bbox 1633 2307 1801 2373; x_wconf 79' lang='lat' dir='ltr'><strong>gloria</strong></span> <span class='ocrx_word' id='word_1_293' title='bbox 1827 2308 1876 2361; x_wconf 92' lang='lat' dir='ltr'><strong>in</strong></span> <span class='ocrx_word' id='word_1_294' title='bbox 1902 2308 2008 2364; x_wconf 87' lang='lat' dir='ltr'><strong>illis</strong></span> <span class='ocrx_word' id='word_1_295' title='bbox 2035 2311 2348 2366; x_wconf 87' lang='lat' dir='ltr'><strong>hominibus</strong></span> 
     </span>
    </p>
   </div>
   <div class='ocr_carea' id='block_1_41' title="bbox 780 2395 2349 2466">
    <p class='ocr_par' dir='ltr' id='par_1_41' title="bbox 780 2395 2349 2466">
     <span class='ocr_line' id='line_1_41' title="bbox 780 2395 2349 2466; baseline 0.006 -20"><span class='ocrx_word' id='word_1_296' title='bbox 780 2395 1121 2449; x_wconf 78' lang='lat' dir='ltr'><strong>manifestior</strong></span> <span class='ocrx_word' id='word_1_297' title='bbox 1152 2398 1261 2461; x_wconf 90' lang='lat' dir='ltr'><strong>liet,</strong></span> <span class='ocrx_word' id='word_1_298' title='bbox 1289 2398 1377 2466; x_wconf 92' lang='lat' dir='ltr'><strong>qui</strong></span> <span class='ocrx_word' id='word_1_299' title='bbox 1409 2397 1611 2452; x_wconf 88' lang='lat' dir='ltr'><strong>scelera</strong></span> <span class='ocrx_word' id='word_1_300' title='bbox 1645 2413 1740 2451; x_wconf 85' lang='lat' dir='ltr'><strong>sua</strong></span> <span class='ocrx_word' id='word_1_301' title='bbox 1762 2412 2233 2465; x_wconf 81' lang='lat' dir='ltr'><strong>recognoscentes,</strong></span> <span class='ocrx_word' id='word_1_302' title='bbox 2269 2401 2349 2455; x_wconf 87' lang='lat' dir='ltr'><strong>vi-</strong></span> 
     </span>
    </p>
   </div>
   <div class='ocr_carea' id='block_1_42' title="bbox 781 2486 1362 2540">
    <p class='ocr_par' dir='ltr' id='par_1_42' title="bbox 781 2486 1362 2540">
     <span class='ocr_line' id='line_1_42' title="bbox 781 2486 1362 2540; baseline 0.007 -4"><span class='ocrx_word' id='word_1_303' title='bbox 781 2493 890 2536; x_wconf 88' lang='lat' dir='ltr'><strong>tam</strong></span> <span class='ocrx_word' id='word_1_304' title='bbox 931 2486 1362 2540; x_wconf 88' lang='lat' dir='ltr'><strong>emendaverint.</strong></span> 
     </span>
    </p>
   </div>
   <div class='ocr_carea' id='block_1_43' title="bbox 856 2572 2349 2647">
    <p class='ocr_par' dir='ltr' id='par_1_43' title="bbox 856 2572 2349 2647">
     <span class='ocr_line' id='line_1_43' title="bbox 856 2572 2349 2647; baseline 0.01 -23"><span class='ocrx_word' id='word_1_305' title='bbox 856 2572 967 2629; x_wconf 76' lang='grc' dir='ltr'><strong>νη.</strong></span> <span class='ocrx_word' id='word_1_306' title='bbox 1004 2572 1157 2628; x_wconf 90' lang='lat' dir='ltr'><strong>Tunc</strong></span> <span class='ocrx_word' id='word_1_307' title='bbox 1192 2574 1485 2632; x_wconf 88' lang='lat' dir='ltr'><strong>Bibianus:</strong></span> <span class='ocrx_word' id='word_1_308' title='bbox 1526 2576 1760 2632; x_wconf 82' lang='lat' dir='ltr'><strong>Litteras</strong></span> <span class='ocrx_word' id='word_1_309' title='bbox 1787 2579 1967 2634; x_wconf 79' lang='lat' dir='ltr'><strong>forsan</strong></span> <span class='ocrx_word' id='word_1_310' title='bbox 2000 2580 2254 2647; x_wconf 85' lang='lat' dir='ltr'><strong>didicisti,</strong></span> <span class='ocrx_word' id='word_1_311' title='bbox 2278 2584 2349 2639; x_wconf 83' lang='lat' dir='ltr'><strong>ob</strong></span> 
     </span>
    </p>
   </div>
   <div class='ocr_carea' id='block_1_44' title="bbox 782 2665 2350 2741">
    <p class='ocr_par' dir='ltr' id='par_1_44' title="bbox 782 2665 2350 2741">
     <span class='ocr_line' id='line_1_44' title="bbox 782 2665 2350 2741; baseline 0.007 -24"><span class='ocrx_word' id='word_1_312' title='bbox 782 2665 946 2733; x_wconf 89' lang='lat' dir='ltr'><strong>idque</strong></span> <span class='ocrx_word' id='word_1_313' title='bbox 984 2669 1063 2719; x_wconf 89' lang='lat' dir='ltr'><strong>sic</strong></span> <span class='ocrx_word' id='word_1_314' title='bbox 1110 2667 1312 2720; x_wconf 79' lang='lat' dir='ltr'><strong>diserl’e</strong></span> <span class='ocrx_word' id='word_1_315' title='bbox 1358 2670 1676 2735; x_wconf 87' lang='lat' dir='ltr'><strong>respondes.</strong></span> <span class='ocrx_word' id='word_1_316' title='bbox 1710 2669 1843 2724; x_wconf 83' lang='lat' dir='ltr'><strong>Nam</strong></span> <span class='ocrx_word' id='word_1_317' title='bbox 1899 2689 1991 2739; x_wconf 88' lang='lat' dir='ltr'><strong>per</strong></span> <span class='ocrx_word' id='word_1_318' title='bbox 2026 2676 2155 2727; x_wconf 85' lang='lat' dir='ltr'><strong>deos</strong></span> <span class='ocrx_word' id='word_1_319' title='bbox 2206 2676 2350 2741; x_wconf 80' lang='lat' dir='ltr'><strong>ipsos</strong></span> 
     </span>
    </p>
   </div>
   <div class='ocr_carea' id='block_1_45' title="bbox 785 2758 2350 2827">
    <p class='ocr_par' dir='ltr' id='par_1_45' title="bbox 785 2758 2350 2827">
     <span class='ocr_line' id='line_1_45' title="bbox 785 2758 2350 2827; baseline 0.005 -18"><span class='ocrx_word' id='word_1_320' title='bbox 785 2770 1094 2809; x_wconf 79' lang='lat' dir='ltr'><strong>sermonem</strong></span> <span class='ocrx_word' id='word_1_321' title='bbox 1155 2758 1349 2809; x_wconf 87' lang='lat' dir='ltr'><strong>rationi</strong></span> <span class='ocrx_word' id='word_1_322' title='bbox 1389 2769 1815 2812; x_wconf 81' lang='lat' dir='ltr'><strong>consentaneum</strong></span> <span class='ocrx_word' id='word_1_323' title='bbox 1859 2762 2114 2827; x_wconf 87' lang='lat' dir='ltr'><strong>habuisti,</strong></span> <span class='ocrx_word' id='word_1_324' title='bbox 2165 2772 2221 2815; x_wconf 89' lang='lat' dir='ltr'><strong>ut</strong></span> <span class='ocrx_word' id='word_1_325' title='bbox 2255 2765 2350 2816; x_wconf 86' lang='lat' dir='ltr'><strong>lto-</strong></span> 
     </span>
    </p>
   </div>
   <div class='ocr_carea' id='block_1_46' title="bbox 788 2844 2347 2916">
    <p class='ocr_par' dir='ltr' id='par_1_46' title="bbox 788 2844 2347 2916">
     <span class='ocr_line' id='line_1_46' title="bbox 788 2844 2347 2916; baseline 0.009 -19"><span class='ocrx_word' id='word_1_326' title='bbox 788 2844 995 2897; x_wconf 87' lang='lat' dir='ltr'><strong>mittum</strong></span> <span class='ocrx_word' id='word_1_327' title='bbox 1033 2847 1262 2900; x_wconf 87' lang='lat' dir='ltr'><strong>salutem</strong></span> <span class='ocrx_word' id='word_1_328' title='bbox 1294 2847 1396 2901; x_wconf 86' lang='lat' dir='ltr'><strong>sub</strong></span> <span class='ocrx_word' id='word_1_329' title='bbox 1433 2848 1521 2901; x_wconf 88' lang='lat' dir='ltr'><strong>Dei</strong></span> <span class='ocrx_word' id='word_1_330' title='bbox 1565 2851 1804 2916; x_wconf 85' lang='lat' dir='ltr'><strong>potentia</strong></span> <span class='ocrx_word' id='word_1_331' title='bbox 1857 2866 1978 2905; x_wconf 85' lang='lat' dir='ltr'><strong>esse</strong></span> <span class='ocrx_word' id='word_1_332' title='bbox 2010 2854 2347 2910; x_wconf 88' lang='lat' dir='ltr'><strong>ostenderes.</strong></span> 
     </span>
    </p>
   </div>
   <div class='ocr_carea' id='block_1_47' title="bbox 791 2937 2350 3010">
    <p class='ocr_par' dir='ltr' id='par_1_47' title="bbox 791 2937 2350 3010">
     <span class='ocr_line' id='line_1_47' title="bbox 791 2937 2350 3010; baseline 0.007 -18"><span class='ocrx_word' id='word_1_333' title='bbox 791 2937 868 2992; x_wconf 84' lang='lat' dir='ltr'><strong>Ex</strong></span> <span class='ocrx_word' id='word_1_334' title='bbox 893 2938 993 2993; x_wconf 83' lang='lat' dir='ltr'><strong>hoc</strong></span> <span class='ocrx_word' id='word_1_335' title='bbox 1023 2940 1161 3009; x_wconf 88' lang='lat' dir='ltr'><strong>ipso,</strong></span> <span class='ocrx_word' id='word_1_336' title='bbox 1201 2941 1373 3010; x_wconf 89' lang='lat' dir='ltr'><strong>inquit</strong></span> <span class='ocrx_word' id='word_1_337' title='bbox 1410 2941 1660 3010; x_wconf 81' lang='lat' dir='ltr'><strong>Aeacius,</strong></span> <span class='ocrx_word' id='word_1_338' title='bbox 1698 2945 1788 2999; x_wconf 87' lang='lat' dir='ltr'><strong>Dei</strong></span> <span class='ocrx_word' id='word_1_339' title='bbox 1830 2945 2069 3001; x_wconf 85' lang='lat' dir='ltr'><strong>omnium</strong></span> <span class='ocrx_word' id='word_1_340' title='bbox 2105 2947 2350 3003; x_wconf 84' lang='lat' dir='ltr'><strong>domina-</strong></span> 
     </span>
    </p>
   </div>
   <div class='ocr_carea' id='block_1_48' title="bbox 786 3030 2352 3109">
    <p class='ocr_par' dir='ltr' id='par_1_48' title="bbox 786 3030 2352 3109">
     <span class='ocr_line' id='line_1_48' title="bbox 786 3030 2352 3109; baseline 0.006 -26"><span class='ocrx_word' id='word_1_341' title='bbox 786 3030 919 3083; x_wconf 79' lang='lat' dir='ltr'><strong>Ioris</strong></span> <span class='ocrx_word' id='word_1_342' title='bbox 953 3032 1248 3099; x_wconf 87' lang='lat' dir='ltr'><strong>potentiam</strong></span> <span class='ocrx_word' id='word_1_343' title='bbox 1284 3041 1336 3084; x_wconf 92' lang='lat' dir='ltr'><strong>et</strong></span> <span class='ocrx_word' id='word_1_344' title='bbox 1370 3033 1599 3099; x_wconf 84' lang='lat' dir='ltr'><strong>gratiam</strong></span> <span class='ocrx_word' id='word_1_345' title='bbox 1651 3050 1947 3102; x_wconf 81' lang='lat' dir='ltr'><strong>agnoscere</strong></span> <span class='ocrx_word' id='word_1_346' title='bbox 2003 3048 2175 3105; x_wconf 84' lang='lat' dir='ltr'><strong>potes,</strong></span> <span class='ocrx_word' id='word_1_347' title='bbox 2209 3040 2352 3109; x_wconf 90' lang='lat' dir='ltr'><strong>quod</strong></span> 
     </span>
    </p>
   </div>
   <div class='ocr_carea' id='block_1_49' title="bbox 2452 1938 4032 2010">
    <p class='ocr_par' dir='ltr' id='par_1_49' title="bbox 2452 1938 4032 2010">
     <span class='ocr_line' id='line_1_49' title="bbox 2452 1938 4032 2010; baseline 0.003 -20"><span class='ocrx_word' id='word_1_348' title='bbox 2452 1938 2830 2008; x_wconf 81' lang='grc' dir='ltr'>μακροθυμίας</span> <span class='ocrx_word' id='word_1_349' title='bbox 2850 1940 3015 1991; x_wconf 82' lang='grc' dir='ltr'>αὑτοῦ</span> <span class='ocrx_word' id='word_1_350' title='bbox 3072 1942 3337 2009; x_wconf 75' lang='grc' dir='ltr'><strong>ἐμμένετε</strong></span> <span class='ocrx_word' id='word_1_351' title='bbox 3377 1943 3442 2010; x_wconf 81' lang='grc' dir='ltr'>τῇ</span> <span class='ocrx_word' id='word_1_352' title='bbox 3471 1941 3714 2009; x_wconf 78' lang='grc' dir='ltr'><strong>ὠμότητι</strong></span> <span class='ocrx_word' id='word_1_353' title='bbox 3752 1942 3907 2009; x_wconf 77' lang='grc' dir='ltr'>ὑμῶν</span> <span class='ocrx_word' id='word_1_354' title='bbox 3936 1943 4032 1994; x_wconf 66' lang='grc' dir='ltr'>καὶ</span> 
     </span>
    </p>
   </div>
   <div class='ocr_carea' id='block_1_50' title="bbox 2448 2032 4031 2104">
    <p class='ocr_par' dir='ltr' id='par_1_50' title="bbox 2448 2032 4031 2104">
     <span class='ocr_line' id='line_1_50' title="bbox 2448 2032 4031 2104; baseline 0.002 -22"><span class='ocrx_word' id='word_1_355' title='bbox 2448 2034 2512 2099; x_wconf 81' lang='grc' dir='ltr'>τῇ</span> <span class='ocrx_word' id='word_1_356' title='bbox 2536 2032 2833 2083; x_wconf 70' lang='grc' dir='ltr'>ἀποστάσει</span> <span class='ocrx_word' id='word_1_357' title='bbox 2856 2032 2953 2101; x_wconf 82' lang='grc' dir='ltr'>τῆς</span> <span class='ocrx_word' id='word_1_358' title='bbox 2999 2034 3273 2095; x_wconf 77' lang='grc' dir='ltr'>ἀπωλείας</span> <span class='ocrx_word' id='word_1_359' title='bbox 3305 2035 3753 2103; x_wconf 80' lang='grc' dir='ltr'>αὑτοκατάκριτοι</span> <span class='ocrx_word' id='word_1_360' title='bbox 3784 2034 4031 2104; x_wconf 75' lang='grc' dir='ltr'>γένησθε,</span> 
     </span>
    </p>
   </div>
   <div class='ocr_carea' id='block_1_51' title="bbox 2448 2123 4032 2193">
    <p class='ocr_par' dir='ltr' id='par_1_51' title="bbox 2448 2123 4032 2193">
     <span class='ocr_line' id='line_1_51' title="bbox 2448 2123 4032 2193; baseline 0.002 -19"><span class='ocrx_word' id='word_1_361' title='bbox 2448 2123 2542 2176; x_wconf 78' lang='grc' dir='ltr'>καὶ</span> <span class='ocrx_word' id='word_1_362' title='bbox 2572 2125 2729 2192; x_wconf 78' lang='grc' dir='ltr'>ἡμεῖς</span> <span class='ocrx_word' id='word_1_363' title='bbox 2785 2124 2841 2177; x_wconf 80' lang='grc' dir='ltr'><strong>δὲ</strong></span> <span class='ocrx_word' id='word_1_364' title='bbox 2888 2126 2954 2176; x_wconf 72' lang='grc' dir='ltr'>ἐκ</span> <span class='ocrx_word' id='word_1_365' title='bbox 3007 2123 3321 2193; x_wconf 81' lang='grc' dir='ltr'>προθέσεως</span> <span class='ocrx_word' id='word_1_366' title='bbox 3356 2125 3456 2193; x_wconf 82' lang='grc' dir='ltr'><strong>τὴν</strong></span> <span class='ocrx_word' id='word_1_367' title='bbox 3495 2125 3817 2178; x_wconf 79' lang='grc' dir='ltr'>δεσποτείαν</span> <span class='ocrx_word' id='word_1_368' title='bbox 3857 2125 4032 2177; x_wconf 76' lang='grc' dir='ltr'>αὑτοῦ</span> 
     </span>
    </p>
   </div>
   <div class='ocr_carea' id='block_1_52' title="bbox 2448 2212 4033 2284">
    <p class='ocr_par' dir='ltr' id='par_1_52' title="bbox 2448 2212 4033 2284">
     <span class='ocr_line' id='line_1_52' title="bbox 2448 2212 4033 2284; baseline 0.004 -22"><span class='ocrx_word' id='word_1_369' title='bbox 2448 2212 2777 2278; x_wconf 66' lang='grc' dir='ltr'>ἐπιγνόντες,</span> <span class='ocrx_word' id='word_1_370' title='bbox 2801 2214 3054 2283; x_wconf 78' lang='grc' dir='ltr'>ζήσωμεν</span> <span class='ocrx_word' id='word_1_371' title='bbox 3077 2214 3260 2276; x_wconf 79' lang='grc' dir='ltr'>ἀῖδίως</span> <span class='ocrx_word' id='word_1_372' title='bbox 3293 2215 3387 2267; x_wconf 81' lang='grc' dir='ltr'><strong>σὺν</strong></span> <span class='ocrx_word' id='word_1_373' title='bbox 3416 2215 3588 2279; x_wconf 76' lang='grc' dir='ltr'>αὑτῷ,</span> <span class='ocrx_word' id='word_1_374' title='bbox 3642 2216 3733 2267; x_wconf 69' lang='grc' dir='ltr'>καὶ</span> <span class='ocrx_word' id='word_1_375' title='bbox 3767 2216 3947 2284; x_wconf 66' lang='grc' dir='ltr'>ἠδόξει</span> <span class='ocrx_word' id='word_1_376' title='bbox 3976 2216 4033 2268; x_wconf 78' lang='grc' dir='ltr'><strong>δὲ</strong></span> 
     </span>
    </p>
   </div>
   <div class='ocr_carea' id='block_1_53' title="bbox 2451 2301 4033 2376">
    <p class='ocr_par' dir='ltr' id='par_1_53' title="bbox 2451 2301 4033 2376">
     <span class='ocr_line' id='line_1_53' title="bbox 2451 2301 4033 2376; baseline 0.004 -23"><span class='ocrx_word' id='word_1_377' title='bbox 2451 2301 2616 2353; x_wconf 77' lang='grc' dir='ltr'>αὑτοῦ</span> <span class='ocrx_word' id='word_1_378' title='bbox 2665 2302 2951 2373; x_wconf 78' lang='grc' dir='ltr'>φανερωθῇ</span> <span class='ocrx_word' id='word_1_379' title='bbox 2986 2302 3077 2357; x_wconf 71' lang='grc' dir='ltr'><strong>διὰ</strong></span> <span class='ocrx_word' id='word_1_380' title='bbox 3127 2303 3238 2356; x_wconf 78' lang='grc' dir='ltr'><strong>τῶν</strong></span> <span class='ocrx_word' id='word_1_381' title='bbox 3272 2305 3679 2371; x_wconf 82' lang='grc' dir='ltr'>μετανοούντων</span> <span class='ocrx_word' id='word_1_382' title='bbox 3724 2306 4033 2376; x_wconf 81' lang='grc' dir='ltr'>ἀνθρώπων</span> 
     </span>
    </p>
   </div>
   <div class='ocr_carea' id='block_1_54' title="bbox 2452 2396 3494 2468">
    <p class='ocr_par' dir='ltr' id='par_1_54' title="bbox 2452 2396 3494 2468">
     <span class='ocr_line' id='line_1_54' title="bbox 2452 2396 3494 2468; baseline 0.006 -21"><span class='ocrx_word' id='word_1_383' title='bbox 2452 2396 2546 2447; x_wconf 76' lang='grc' dir='ltr'>καὶ</span> <span class='ocrx_word' id='word_1_384' title='bbox 2566 2397 2966 2468; x_wconf 70' lang='grc' dir='ltr'>διορθουμένων</span> <span class='ocrx_word' id='word_1_385' title='bbox 2995 2398 3083 2450; x_wconf 70' lang='grc' dir='ltr'><strong>τὸν</strong></span> <span class='ocrx_word' id='word_1_386' title='bbox 3113 2397 3324 2450; x_wconf 74' lang='grc' dir='ltr'>ἑαυτῶν</span> <span class='ocrx_word' id='word_1_387' title='bbox 3358 2396 3494 2466; x_wconf 83' lang='grc' dir='ltr'>βίον.</span> 
     </span>
    </p>
   </div>
   <div class='ocr_carea' id='block_1_55' title="bbox 2528 2572 4033 2651">
    <p class='ocr_par' dir='ltr' id='par_1_55' title="bbox 2528 2572 4033 2651">
     <span class='ocr_line' id='line_1_55' title="bbox 2528 2572 4033 2651; baseline 0.005 -21"><span class='ocrx_word' id='word_1_388' title='bbox 2528 2575 2600 2630; x_wconf 86' lang='grc' dir='ltr'><strong>Ζ’.</strong></span> <span class='ocrx_word' id='word_1_389' title='bbox 2636 2576 2882 2639; x_wconf 75' lang='grc' dir='ltr'>Βιῦιανδς</span> <span class='ocrx_word' id='word_1_390' title='bbox 2934 2572 3123 2629; x_wconf 76' lang='grc' dir='ltr'>εἶπενο</span> <span class='ocrx_word' id='word_1_391' title='bbox 3176 2578 3423 2643; x_wconf 77' lang='grc' dir='ltr'>Ἀκᾴκιε,</span> <span class='ocrx_word' id='word_1_392' title='bbox 3463 2578 3662 2649; x_wconf 72' lang='grc' dir='ltr'>ἔμαθες</span> <span class='ocrx_word' id='word_1_393' title='bbox 3697 2582 4033 2651; x_wconf 82' lang='grc' dir='ltr'>γράμματα,</span> 
     </span>
    </p>
   </div>
   <div class='ocr_carea' id='block_1_56' title="bbox 2451 2665 4034 2740">
    <p class='ocr_par' dir='ltr' id='par_1_56' title="bbox 2451 2665 4034 2740">
     <span class='ocr_line' id='line_1_56' title="bbox 2451 2665 4034 2740; baseline 0.003 -22"><span class='ocrx_word' id='word_1_394' title='bbox 2451 2666 2530 2719; x_wconf 82' lang='grc' dir='ltr'>ὅτι</span> <span class='ocrx_word' id='word_1_395' title='bbox 2562 2665 2731 2725; x_wconf 81' lang='grc' dir='ltr'>οὑτως</span> <span class='ocrx_word' id='word_1_396' title='bbox 2750 2668 3030 2734; x_wconf 70' lang='grc' dir='ltr'>προσόχως</span> <span class='ocrx_word' id='word_1_397' title='bbox 3047 2667 3317 2737; x_wconf 76' lang='grc' dir='ltr'>ἀποκρίνῃ</span> <span class='ocrx_word' id='word_1_398' title='bbox 3338 2684 3352 2699; x_wconf 80' lang='grc'><em>’</em></span> <span class='ocrx_word' id='word_1_399' title='bbox 3383 2670 3459 2735; x_wconf 80' lang='grc' dir='ltr'>μὰ</span> <span class='ocrx_word' id='word_1_400' title='bbox 3477 2671 3603 2731; x_wconf 75' lang='grc' dir='ltr'>τοὺς</span> <span class='ocrx_word' id='word_1_401' title='bbox 3635 2671 3790 2734; x_wconf 80' lang='grc' dir='ltr'>θεοὺς</span> <span class='ocrx_word' id='word_1_402' title='bbox 3818 2673 4034 2740; x_wconf 72' lang='grc' dir='ltr'>ἐνδεχόο</span> 
     </span>
    </p>
   </div>
   <div class='ocr_carea' id='block_1_57' title="bbox 2456 2754 4033 2827">
    <p class='ocr_par' dir='ltr' id='par_1_57' title="bbox 2456 2754 4033 2827">
     <span class='ocr_line' id='line_1_57' title="bbox 2456 2754 4033 2827; baseline 0.005 -20"><span class='ocrx_word' id='word_1_403' title='bbox 2456 2774 2613 2827; x_wconf 84' lang='grc' dir='ltr'>μενον</span> <span class='ocrx_word' id='word_1_404' title='bbox 2639 2757 2793 2823; x_wconf 83' lang='grc' dir='ltr'>λόγον</span> <span class='ocrx_word' id='word_1_405' title='bbox 2826 2754 3003 2820; x_wconf 82' lang='grc' dir='ltr'>εἴπας,</span> <span class='ocrx_word' id='word_1_406' title='bbox 3034 2758 3156 2811; x_wconf 81' lang='grc' dir='ltr'>ὅσον</span> <span class='ocrx_word' id='word_1_407' title='bbox 3205 2757 3263 2809; x_wconf 82' lang='grc' dir='ltr'>τὸ</span> <span class='ocrx_word' id='word_1_408' title='bbox 3299 2759 3391 2811; x_wconf 80' lang='grc' dir='ltr'>ὑπ’</span> <span class='ocrx_word' id='word_1_409' title='bbox 3425 2760 3672 2824; x_wconf 74' lang='grc' dir='ltr'>ἐξουσίαν</span> <span class='ocrx_word' id='word_1_410' title='bbox 3702 2758 3839 2813; x_wconf 70' lang='grc' dir='ltr'>εἶναι</span> <span class='ocrx_word' id='word_1_411' title='bbox 3896 2763 4033 2815; x_wconf 76' lang='grc' dir='ltr'>Θεοῦ</span> 
     </span>
    </p>
   </div>
   <div class='ocr_carea' id='block_1_58' title="bbox 2451 2850 4034 2920">
    <p class='ocr_par' dir='ltr' id='par_1_58' title="bbox 2451 2850 4034 2920">
     <span class='ocr_line' id='line_1_58' title="bbox 2451 2850 4034 2920; baseline 0.002 -17"><span class='ocrx_word' id='word_1_412' title='bbox 2451 2852 2547 2920; x_wconf 83' lang='grc' dir='ltr'>τὴν</span> <span class='ocrx_word' id='word_1_413' title='bbox 2577 2851 2682 2903; x_wconf 85' lang='grc' dir='ltr'><strong>τῶν</strong></span> <span class='ocrx_word' id='word_1_414' title='bbox 2716 2850 3019 2919; x_wconf 81' lang='grc' dir='ltr'>ἀνθρώπων</span> <span class='ocrx_word' id='word_1_415' title='bbox 3077 2851 3378 2919; x_wconf 73' lang='grc' dir='ltr'>σωτηρίαν.</span> <span class='ocrx_word' id='word_1_416' title='bbox 3448 2850 3505 2903; x_wconf 85' lang='grc' dir='ltr'><strong>Ὀ</strong></span> <span class='ocrx_word' id='word_1_417' title='bbox 3559 2853 3713 2918; x_wconf 64' lang='lat' dir='ltr'><strong>am;</strong></span> <span class='ocrx_word' id='word_1_418' title='bbox 3776 2853 4034 2918; x_wconf 80' lang='grc' dir='ltr'>’Δκάκιος</span> 
     </span>
    </p>
   </div>
   <div class='ocr_carea' id='block_1_59' title="bbox 2454 2936 4037 3013">
    <p class='ocr_par' dir='ltr' id='par_1_59' title="bbox 2454 2936 4037 3013">
     <span class='ocr_line' id='line_1_59' title="bbox 2454 2936 4037 3013; baseline 0.003 -18"><span class='ocrx_word' id='word_1_419' title='bbox 2454 2938 2604 2995; x_wconf 62' lang='grc' dir='ltr'>εἶπεν</span> <span class='ocrx_word' id='word_1_420' title='bbox 2626 2960 2641 2974; x_wconf 75' lang='grc'><strong>’</strong></span> <span class='ocrx_word' id='word_1_421' title='bbox 2688 2943 2776 2995; x_wconf 74' lang='grc' dir='ltr'>Ἓν</span> <span class='ocrx_word' id='word_1_422' title='bbox 2806 2943 2978 3011; x_wconf 84' lang='grc' dir='ltr'>τούτῳ</span> <span class='ocrx_word' id='word_1_423' title='bbox 3010 2942 3116 3013; x_wconf 80' lang='grc' dir='ltr'>γὰρ</span> <span class='ocrx_word' id='word_1_424' title='bbox 3154 2944 3378 3013; x_wconf 70' lang='grc' dir='ltr'>μᾶλλον,</span> <span class='ocrx_word' id='word_1_425' title='bbox 3438 2936 3483 2996; x_wconf 84' lang='grc' dir='ltr'>ὧ</span> <span class='ocrx_word' id='word_1_426' title='bbox 3520 2943 3770 3010; x_wconf 75' lang='grc' dir='ltr'>δικαστὰ,</span> <span class='ocrx_word' id='word_1_427' title='bbox 3796 2945 4037 3012; x_wconf 74' lang='grc' dir='ltr'>ὀφείλεις</span> 
     </span>
    </p>
   </div>
   <div class='ocr_carea' id='block_1_60' title="bbox 2457 3031 4034 3104">
    <p class='ocr_par' dir='ltr' id='par_1_60' title="bbox 2457 3031 4034 3104">
     <span class='ocr_line' id='line_1_60' title="bbox 2457 3031 4034 3104; baseline 0.004 -22"><span class='ocrx_word' id='word_1_428' title='bbox 2457 3031 2719 3100; x_wconf 76' lang='grc' dir='ltr'>γνωρίσαι</span> <span class='ocrx_word' id='word_1_429' title='bbox 2757 3033 2855 3101; x_wconf 81' lang='grc' dir='ltr'><strong>τὴν</strong></span> <span class='ocrx_word' id='word_1_430' title='bbox 2907 3033 3136 3102; x_wconf 86' lang='grc' dir='ltr'>δύναμιν</span> <span class='ocrx_word' id='word_1_431' title='bbox 3168 3036 3263 3086; x_wconf 77' lang='grc' dir='ltr'>καὶ</span> <span class='ocrx_word' id='word_1_432' title='bbox 3298 3035 3396 3104; x_wconf 78' lang='grc' dir='ltr'><strong>τὴν</strong></span> <span class='ocrx_word' id='word_1_433' title='bbox 3438 3035 3598 3104; x_wconf 78' lang='grc' dir='ltr'>χάριν</span> <span class='ocrx_word' id='word_1_434' title='bbox 3647 3036 3739 3088; x_wconf 78' lang='grc' dir='ltr'>τοῦ</span> <span class='ocrx_word' id='word_1_435' title='bbox 3765 3036 3903 3089; x_wconf 75' lang='grc' dir='ltr'>Θεοῦ</span> <span class='ocrx_word' id='word_1_436' title='bbox 3940 3036 4034 3090; x_wconf 77' lang='grc' dir='ltr'>τοῦ</span> 
     </span>
    </p>
   </div>
   <div class='ocr_carea' id='block_1_61' title="bbox 786 3122 2456 3206">
    <p class='ocr_par' dir='ltr' id='par_1_61' title="bbox 786 3122 2422 3206">
     <span class='ocr_line' id='line_1_61' title="bbox 786 3122 2422 3206; baseline 0.009 -33"><span class='ocrx_word' id='word_1_437' title='bbox 786 3134 909 3173; x_wconf 90' lang='lat' dir='ltr'><strong>cum</strong></span> <span class='ocrx_word' id='word_1_438' title='bbox 947 3135 1053 3173; x_wconf 91' lang='lat' dir='ltr'><strong>non</strong></span> <span class='ocrx_word' id='word_1_439' title='bbox 1086 3122 1368 3175; x_wconf 85' lang='lat' dir='ltr'><strong>didicerim</strong></span> <span class='ocrx_word' id='word_1_440' title='bbox 1433 3123 1641 3179; x_wconf 85' lang='lat' dir='ltr'><strong>litteras</strong></span> <span class='ocrx_word' id='word_1_441' title='bbox 1690 3125 1831 3191; x_wconf 85' lang='lat' dir='ltr'><strong>illas,</strong></span> <span class='ocrx_word' id='word_1_442' title='bbox 1867 3144 1986 3195; x_wconf 66' lang='lat' dir='ltr'><strong>qua</strong></span> <span class='ocrx_word' id='word_1_443' title='bbox 2021 3132 2175 3185; x_wconf 87' lang='lat' dir='ltr'><strong>vobis</strong></span> <span class='ocrx_word' id='word_1_444' title='bbox 2201 3131 2352 3186; x_wconf 88' lang='lat' dir='ltr'><strong>valde</strong></span> <span class='ocrx_word' id='word_1_445' title='bbox 2379 3147 2422 3206; x_wconf 73' lang='grc' dir='ltr'>ο</span> 
     </span>
    </p>
   </div>
   <div class='ocr_carea' id='block_1_62' title="bbox 2364 3122 4034 3206">
    <p class='ocr_par' dir='ltr' id='par_1_62' title="bbox 2379 3123 4034 3206">
     <span class='ocr_line' id='line_1_62' title="bbox 2379 3123 4034 3206; baseline 0.003 -32"><span class='ocrx_word' id='word_1_446' title='bbox 2379 3147 2422 3206; x_wconf 75' lang='lat' dir='ltr'><strong>c</strong></span> <span class='ocrx_word' id='word_1_447' title='bbox 2458 3124 2672 3177; x_wconf 76' lang='grc' dir='ltr'>πάντων</span> <span class='ocrx_word' id='word_1_448' title='bbox 2695 3123 2851 3194; x_wconf 75' lang='grc' dir='ltr'>ἡμῶν</span> <span class='ocrx_word' id='word_1_449' title='bbox 2877 3124 3166 3187; x_wconf 82' lang='grc' dir='ltr'>Δεσπότου,</span> <span class='ocrx_word' id='word_1_450' title='bbox 3193 3125 3273 3175; x_wconf 87' lang='grc' dir='ltr'>ὅτι</span> <span class='ocrx_word' id='word_1_451' title='bbox 3304 3124 3376 3192; x_wconf 78' lang='grc' dir='ltr'>μὴ</span> <span class='ocrx_word' id='word_1_452' title='bbox 3404 3124 3667 3193; x_wconf 78' lang='grc' dir='ltr'>μαθόντος</span> <span class='ocrx_word' id='word_1_453' title='bbox 3692 3126 3755 3178; x_wconf 77' lang='grc' dir='ltr'>τὰ</span> <span class='ocrx_word' id='word_1_454' title='bbox 3772 3126 4034 3180; x_wconf 79' lang='grc' dir='ltr'>δοκοῦντα</span> 
     </span>
    </p>
   </div>
   <div class='ocr_carea' id='block_1_63' title="bbox 787 3206 2352 3286">
    <p class='ocr_par' dir='ltr' id='par_1_63' title="bbox 787 3206 2352 3286">
     <span class='ocr_line' id='line_1_63' title="bbox 787 3206 2352 3286; baseline 0.011 -27"><span class='ocrx_word' id='word_1_455' title='bbox 787 3206 1052 3275; x_wconf 81' lang='lat' dir='ltr'><strong>optabiles</strong></span> <span class='ocrx_word' id='word_1_456' title='bbox 1080 3209 1351 3273; x_wconf 77' lang='lat' dir='ltr'><strong>videntur,</strong></span> <span class='ocrx_word' id='word_1_457' title='bbox 1385 3211 1488 3265; x_wconf 90' lang='lat' dir='ltr'><strong>nisi</strong></span> <span class='ocrx_word' id='word_1_458' title='bbox 1532 3222 1740 3267; x_wconf 85' lang='lat' dir='ltr'><strong>tantum</strong></span> <span class='ocrx_word' id='word_1_459' title='bbox 1773 3232 1939 3284; x_wconf 84' lang='lat' dir='ltr'><strong>pauca</strong></span> <span class='ocrx_word' id='word_1_460' title='bbox 1992 3222 2235 3286; x_wconf 68' lang='lat' dir='ltr'><strong>quaedam</strong></span> <span class='ocrx_word' id='word_1_461' title='bbox 2287 3224 2352 3277; x_wconf 87' lang='lat' dir='ltr'><strong>ad</strong></span> 
     </span>
    </p>
   </div>
   <div class='ocr_carea' id='block_1_64' title="bbox 790 3298 2357 3380">
    <p class='ocr_par' dir='ltr' id='par_1_64' title="bbox 790 3298 2357 3380">
     <span class='ocr_line' id='line_1_64' title="bbox 790 3298 2357 3380; baseline 0.011 -32"><span class='ocrx_word' id='word_1_462' title='bbox 790 3299 1095 3351; x_wconf 84' lang='lat' dir='ltr'><strong>divinarum</strong></span> <span class='ocrx_word' id='word_1_463' title='bbox 1147 3298 1472 3355; x_wconf 83' lang='lat' dir='ltr'><strong>Litterarum</strong></span> <span class='ocrx_word' id='word_1_464' title='bbox 1526 3304 1813 3358; x_wconf 89' lang='lat' dir='ltr'><strong>lectionem</strong></span> <span class='ocrx_word' id='word_1_465' title='bbox 1858 3310 2185 3372; x_wconf 83' lang='lat' dir='ltr'><strong>necessaria,</strong></span> <span class='ocrx_word' id='word_1_466' title='bbox 2243 3311 2357 3380; x_wconf 89' lang='lat' dir='ltr'><strong>ipse</strong></span> 
     </span>
    </p>
   </div>
   <div class='ocr_carea' id='block_1_65' title="bbox 791 3388 2355 3467">
    <p class='ocr_par' dir='ltr' id='par_1_65' title="bbox 791 3388 2355 3467">
     <span class='ocr_line' id='line_1_65' title="bbox 791 3388 2355 3467; baseline 0.009 -26"><span class='ocrx_word' id='word_1_467' title='bbox 791 3388 933 3441; x_wconf 82' lang='lat' dir='ltr'><strong>Deus</strong></span> <span class='ocrx_word' id='word_1_468' title='bbox 958 3404 1055 3456; x_wconf 91' lang='lat' dir='ltr'><strong>pro</strong></span> <span class='ocrx_word' id='word_1_469' title='bbox 1087 3392 1242 3445; x_wconf 87' lang='lat' dir='ltr'><strong>nobis</strong></span> <span class='ocrx_word' id='word_1_470' title='bbox 1275 3393 1677 3448; x_wconf 83' lang='lat' dir='ltr'><strong>miserabilibus</strong></span> <span class='ocrx_word' id='word_1_471' title='bbox 1701 3398 1813 3449; x_wconf 87' lang='lat' dir='ltr'><strong>suis</strong></span> <span class='ocrx_word' id='word_1_472' title='bbox 1839 3401 2011 3453; x_wconf 84' lang='lat' dir='ltr'><strong>servis</strong></span> <span class='ocrx_word' id='word_1_473' title='bbox 2046 3405 2355 3467; x_wconf 85' lang='lat' dir='ltr'><strong>respondet,</strong></span> 
     </span>
    </p>
   </div>
   <div class='ocr_carea' id='block_1_66' title="bbox 790 3478 2361 3557">
    <p class='ocr_par' dir='ltr' id='par_1_66' title="bbox 790 3478 2361 3557">
     <span class='ocr_line' id='line_1_66' title="bbox 790 3478 2361 3557; baseline 0.01 -25"><span class='ocrx_word' id='word_1_474' title='bbox 790 3478 1031 3549; x_wconf 88' lang='lat' dir='ltr'><strong>facitque</strong></span> <span class='ocrx_word' id='word_1_475' title='bbox 1075 3491 1134 3533; x_wconf 93' lang='lat' dir='ltr'><strong>ut</strong></span> <span class='ocrx_word' id='word_1_476' title='bbox 1160 3483 1226 3536; x_wconf 84' lang='lat' dir='ltr'><strong>ab</strong></span> <span class='ocrx_word' id='word_1_477' title='bbox 1256 3484 1509 3539; x_wconf 86' lang='lat' dir='ltr'><strong>omnibus</strong></span> <span class='ocrx_word' id='word_1_478' title='bbox 1555 3486 1884 3549; x_wconf 88' lang='lat' dir='ltr'><strong>hominibus,</strong></span> <span class='ocrx_word' id='word_1_479' title='bbox 1936 3492 2064 3557; x_wconf 89' lang='lat' dir='ltr'><strong>quin</strong></span> <span class='ocrx_word' id='word_1_480' title='bbox 2101 3492 2262 3545; x_wconf 89' lang='lat' dir='ltr'><strong>etiam</strong></span> <span class='ocrx_word' id='word_1_481' title='bbox 2304 3503 2361 3547; x_wconf 89' lang='lat' dir='ltr'><strong>ut</strong></span> 
     </span>
    </p>
   </div>
   <div class='ocr_carea' id='block_1_67' title="bbox 790 3571 2356 3642">
    <p class='ocr_par' dir='ltr' id='par_1_67' title="bbox 790 3571 2356 3642">
     <span class='ocr_line' id='line_1_67' title="bbox 790 3571 2356 3642; baseline 0.005 -15"><span class='ocrx_word' id='word_1_482' title='bbox 790 3578 845 3627; x_wconf 82' lang='lat' dir='ltr'><strong>et</strong></span> <span class='ocrx_word' id='word_1_483' title='bbox 874 3584 902 3624; x_wconf 85' lang='lat' dir='ltr'><strong>a</strong></span> <span class='ocrx_word' id='word_1_484' title='bbox 937 3571 1086 3625; x_wconf 85' lang='lat' dir='ltr'><strong>vobis</strong></span> <span class='ocrx_word' id='word_1_485' title='bbox 1113 3572 1263 3640; x_wconf 78' lang='lat' dir='ltr'><strong>ipsis,</strong></span> <span class='ocrx_word' id='word_1_486' title='bbox 1313 3577 1402 3642; x_wconf 87' lang='lat' dir='ltr'><strong>qui</strong></span> <span class='ocrx_word' id='word_1_487' title='bbox 1435 3578 1630 3627; x_wconf 82' lang='lat' dir='ltr'><strong>eruditi</strong></span> <span class='ocrx_word' id='word_1_488' title='bbox 1681 3579 1832 3640; x_wconf 87' lang='lat' dir='ltr'><strong>estis,</strong></span> <span class='ocrx_word' id='word_1_489' title='bbox 1866 3579 2173 3636; x_wconf 88' lang='lat' dir='ltr'><strong>laudemur.</strong></span> <span class='ocrx_word' id='word_1_490' title='bbox 2220 3582 2356 3635; x_wconf 89' lang='lat' dir='ltr'><strong>Nam</strong></span> 
     </span>
    </p>
   </div>
   <div class='ocr_carea' id='block_1_68' title="bbox 793 3664 2361 3741">
    <p class='ocr_par' dir='ltr' id='par_1_68' title="bbox 793 3664 2361 3741">
     <span class='ocr_line' id='line_1_68' title="bbox 793 3664 2361 3741; baseline 0.006 -24"><span class='ocrx_word' id='word_1_491' title='bbox 793 3664 943 3717; x_wconf 85' lang='lat' dir='ltr'><strong>etab</strong></span> <span class='ocrx_word' id='word_1_492' title='bbox 985 3664 1142 3719; x_wconf 87' lang='lat' dir='ltr'><strong>initio</strong></span> <span class='ocrx_word' id='word_1_493' title='bbox 1174 3680 1297 3719; x_wconf 90' lang='lat' dir='ltr'><strong>cum</strong></span> <span class='ocrx_word' id='word_1_494' title='bbox 1337 3666 1758 3735; x_wconf 85' lang='lat' dir='ltr'><strong>dispensationis</strong></span> <span class='ocrx_word' id='word_1_495' title='bbox 1803 3666 1996 3723; x_wconf 65' lang='lat' dir='ltr'><strong>divinae</strong></span> <span class='ocrx_word' id='word_1_496' title='bbox 2037 3686 2170 3739; x_wconf 90' lang='lat' dir='ltr'><strong>opus</strong></span> <span class='ocrx_word' id='word_1_497' title='bbox 2202 3673 2361 3741; x_wconf 79' lang='lat' dir='ltr'><strong>perii-</strong></span> 
     </span>
    </p>
   </div>
   <div class='ocr_carea' id='block_1_69' title="bbox 792 3757 2359 3828">
    <p class='ocr_par' dir='ltr' id='par_1_69' title="bbox 792 3757 2359 3828">
     <span class='ocr_line' id='line_1_69' title="bbox 792 3757 2359 3828; baseline 0.001 -19"><span class='ocrx_word' id='word_1_498' title='bbox 792 3764 959 3821; x_wconf 79' lang='lat' dir='ltr'><strong>ceret,</strong></span> <span class='ocrx_word' id='word_1_499' title='bbox 991 3766 1044 3812; x_wconf 90' lang='lat' dir='ltr'><strong>et</strong></span> <span class='ocrx_word' id='word_1_500' title='bbox 1086 3772 1238 3812; x_wconf 88' lang='lat' dir='ltr'><strong>suum</strong></span> <span class='ocrx_word' id='word_1_501' title='bbox 1272 3757 1436 3825; x_wconf 89' lang='lat' dir='ltr'><strong>ipsius</strong></span> <span class='ocrx_word' id='word_1_502' title='bbox 1474 3774 1691 3828; x_wconf 80' lang='lat' dir='ltr'><strong>regnum</strong></span> <span class='ocrx_word' id='word_1_503' title='bbox 1729 3760 1847 3812; x_wconf 90' lang='lat' dir='ltr'><strong>orbi</strong></span> <span class='ocrx_word' id='word_1_504' title='bbox 1898 3770 2165 3811; x_wconf 88' lang='lat' dir='ltr'><strong>terrarum</strong></span> <span class='ocrx_word' id='word_1_505' title='bbox 2223 3777 2359 3827; x_wconf 71' lang='lat' dir='ltr'><strong>prae-</strong></span> 
     </span>
    </p>
   </div>
   <div class='ocr_carea' id='block_1_70' title="bbox 792 3849 2362 3917">
    <p class='ocr_par' dir='ltr' id='par_1_70' title="bbox 792 3849 2362 3917">
     <span class='ocr_line' id='line_1_70' title="bbox 792 3849 2362 3917; baseline 0.001 -16"><span class='ocrx_word' id='word_1_506' title='bbox 792 3849 1079 3903; x_wconf 84' lang='lat' dir='ltr'><strong>dicamlum</strong></span> <span class='ocrx_word' id='word_1_507' title='bbox 1114 3860 1353 3911; x_wconf 89' lang='lat' dir='ltr'><strong>curaret,</strong></span> <span class='ocrx_word' id='word_1_508' title='bbox 1390 3866 1492 3902; x_wconf 92' lang='lat' dir='ltr'><strong>non</strong></span> <span class='ocrx_word' id='word_1_509' title='bbox 1523 3850 1839 3904; x_wconf 85' lang='lat' dir='ltr'><strong>hominibus</strong></span> <span class='ocrx_word' id='word_1_510' title='bbox 1868 3864 2064 3917; x_wconf 82' lang='lat' dir='ltr'><strong>genere</strong></span> <span class='ocrx_word' id='word_1_511' title='bbox 2093 3862 2179 3904; x_wconf 84' lang='lat' dir='ltr'><strong>aut</strong></span> <span class='ocrx_word' id='word_1_512' title='bbox 2217 3850 2362 3906; x_wconf 88' lang='lat' dir='ltr'><strong>divi-</strong></span> 
     </span>
    </p>
   </div>
   <div class='ocr_carea' id='block_1_71' title="bbox 796 3940 2364 4007">
    <p class='ocr_par' dir='ltr' id='par_1_71' title="bbox 796 3940 2364 4007">
     <span class='ocr_line' id='line_1_71' title="bbox 796 3940 2364 4007; baseline 0.004 -15"><span class='ocrx_word' id='word_1_513' title='bbox 796 3940 907 4005; x_wconf 89' lang='lat' dir='ltr'><strong>tiis,</strong></span> <span class='ocrx_word' id='word_1_514' title='bbox 931 3942 1255 3994; x_wconf 87' lang='lat' dir='ltr'><strong>orationisve</strong></span> <span class='ocrx_word' id='word_1_515' title='bbox 1274 3952 1367 3993; x_wconf 87' lang='lat' dir='ltr'><strong>aut</strong></span> <span class='ocrx_word' id='word_1_516' title='bbox 1387 3941 1682 3994; x_wconf 88' lang='lat' dir='ltr'><strong>litterarum</strong></span> <span class='ocrx_word' id='word_1_517' title='bbox 1710 3941 1963 3997; x_wconf 84' lang='lat' dir='ltr'><strong>facultate</strong></span> <span class='ocrx_word' id='word_1_518' title='bbox 1989 3946 2364 4007; x_wconf 58' lang='lat' dir='ltr'><strong>praestantibus</strong></span> 
     </span>
    </p>
   </div>
   <div class='ocr_carea' id='block_1_72' title="bbox 797 4031 2367 4104">
    <p class='ocr_par' dir='ltr' id='par_1_72' title="bbox 797 4031 2367 4104">
     <span class='ocr_line' id='line_1_72' title="bbox 797 4031 2367 4104; baseline 0.003 -21"><span class='ocrx_word' id='word_1_519' title='bbox 797 4033 863 4083; x_wconf 88' lang='lat' dir='ltr'><strong>ad</strong></span> <span class='ocrx_word' id='word_1_520' title='bbox 906 4031 1178 4101; x_wconf 81' lang='lat' dir='ltr'><strong>Evangelii</strong></span> <span class='ocrx_word' id='word_1_521' title='bbox 1223 4033 1303 4086; x_wconf 86' lang='lat' dir='ltr'><strong>sui</strong></span> <span class='ocrx_word' id='word_1_522' title='bbox 1337 4034 1793 4104; x_wconf 62' lang='lat' dir='ltr'><strong>praedicationem,</strong></span> <span class='ocrx_word' id='word_1_523' title='bbox 1826 4036 1916 4087; x_wconf 84' lang='lat' dir='ltr'><strong>setl</strong></span> <span class='ocrx_word' id='word_1_524' title='bbox 1938 4035 2292 4101; x_wconf 83' lang='lat' dir='ltr'><strong>piscatoribus</strong></span> <span class='ocrx_word' id='word_1_525' title='bbox 2313 4044 2367 4088; x_wconf 91' lang='lat' dir='ltr'><strong>et</strong></span> 
     </span>
    </p>
   </div>
   <div class='ocr_carea' id='block_1_73' title="bbox 796 4121 2367 4193">
    <p class='ocr_par' dir='ltr' id='par_1_73' title="bbox 796 4121 2367 4193">
     <span class='ocr_line' id='line_1_73' title="bbox 796 4121 2367 4193; baseline 0.007 -22"><span class='ocrx_word' id='word_1_526' title='bbox 796 4121 1121 4190; x_wconf 88' lang='lat' dir='ltr'><strong>publicanis,</strong></span> <span class='ocrx_word' id='word_1_527' title='bbox 1158 4138 1221 4175; x_wconf 89' lang='lat' dir='ltr'><strong>ac</strong></span> <span class='ocrx_word' id='word_1_528' title='bbox 1251 4125 1577 4191; x_wconf 87' lang='lat' dir='ltr'><strong>pauperibus</strong></span> <span class='ocrx_word' id='word_1_529' title='bbox 1604 4122 1930 4193; x_wconf 88' lang='lat' dir='ltr'><strong>quibusdam</strong></span> <span class='ocrx_word' id='word_1_530' title='bbox 1965 4140 2092 4178; x_wconf 90' lang='lat' dir='ltr'><strong>usus</strong></span> <span class='ocrx_word' id='word_1_531' title='bbox 2119 4135 2220 4179; x_wconf 89' lang='lat' dir='ltr'><strong>cst.</strong></span> <span class='ocrx_word' id='word_1_532' title='bbox 2252 4124 2367 4182; x_wconf 85' lang='lat' dir='ltr'><strong>lloc</strong></span> 
     </span>
    </p>
   </div>
   <div class='ocr_carea' id='block_1_74' title="bbox 796 4212 2366 4284">
    <p class='ocr_par' dir='ltr' id='par_1_74' title="bbox 796 4212 2366 4284">
     <span class='ocr_line' id='line_1_74' title="bbox 796 4212 2366 4284; baseline 0.004 -20"><span class='ocrx_word' id='word_1_533' title='bbox 796 4222 978 4264; x_wconf 83' lang='lat' dir='ltr'><strong>autem</strong></span> <span class='ocrx_word' id='word_1_534' title='bbox 1017 4212 1164 4278; x_wconf 85' lang='lat' dir='ltr'><strong>fecit,</strong></span> <span class='ocrx_word' id='word_1_535' title='bbox 1197 4224 1253 4266; x_wconf 92' lang='lat' dir='ltr'><strong>ut</strong></span> <span class='ocrx_word' id='word_1_536' title='bbox 1281 4214 1396 4282; x_wconf 82' lang='lat' dir='ltr'><strong>ejus</strong></span> <span class='ocrx_word' id='word_1_537' title='bbox 1428 4216 1689 4283; x_wconf 80' lang='lat' dir='ltr'><strong>potentia,</strong></span> <span class='ocrx_word' id='word_1_538' title='bbox 1723 4230 1842 4284; x_wconf 65' lang='lat' dir='ltr'><strong>quae</strong></span> <span class='ocrx_word' id='word_1_539' title='bbox 1882 4226 2119 4270; x_wconf 89' lang='lat' dir='ltr'><strong>mentem</strong></span> <span class='ocrx_word' id='word_1_540' title='bbox 2152 4232 2366 4271; x_wconf 89' lang='lat' dir='ltr'><strong>omnem</strong></span> 
     </span>
    </p>
   </div>
   <div class='ocr_carea' id='block_1_75' title="bbox 796 4308 2369 4378">
    <p class='ocr_par' dir='ltr' id='par_1_75' title="bbox 796 4308 2369 4378">
     <span class='ocr_line' id='line_1_75' title="bbox 796 4308 2369 4378; baseline 0.005 -23"><span class='ocrx_word' id='word_1_541' title='bbox 796 4316 1109 4370; x_wconf 70' lang='lat' dir='ltr'><strong>exsuperat,</strong></span> <span class='ocrx_word' id='word_1_542' title='bbox 1152 4314 1593 4372; x_wconf 87' lang='lat' dir='ltr'><strong>cognosceretur,</strong></span> <span class='ocrx_word' id='word_1_543' title='bbox 1628 4316 1815 4361; x_wconf 81' lang='lat' dir='ltr'><strong>sancto</strong></span> <span class='ocrx_word' id='word_1_544' title='bbox 1854 4321 1919 4362; x_wconf 84' lang='lat' dir='ltr'><strong>ac</strong></span> <span class='ocrx_word' id='word_1_545' title='bbox 1963 4308 2143 4363; x_wconf 79' lang='lat' dir='ltr'><strong>divino</strong></span> <span class='ocrx_word' id='word_1_546' title='bbox 2164 4308 2369 4378; x_wconf 87' lang='lat' dir='ltr'><strong>Spiritu</strong></span> 
     </span>
    </p>
   </div>
   <div class='ocr_carea' id='block_1_76' title="bbox 798 4396 1607 4464">
    <p class='ocr_par' dir='ltr' id='par_1_76' title="bbox 798 4396 1607 4464">
     <span class='ocr_line' id='line_1_76' title="bbox 798 4396 1607 4464; baseline 0.001 -17"><span class='ocrx_word' id='word_1_547' title='bbox 798 4396 916 4461; x_wconf 71' lang='lat' dir='ltr'><strong>eius</strong></span> <span class='ocrx_word' id='word_1_548' title='bbox 970 4396 1258 4464; x_wconf 84' lang='lat' dir='ltr'><strong>discipulos</strong></span> <span class='ocrx_word' id='word_1_549' title='bbox 1299 4397 1607 4462; x_wconf 77' lang='lat' dir='ltr'><strong>adiuvante.</strong></span> 
     </span>
    </p>
   </div>
   <div class='ocr_carea' id='block_1_77' title="bbox 2457 3214 4037 3285">
    <p class='ocr_par' dir='ltr' id='par_1_77' title="bbox 2457 3214 4037 3285">
     <span class='ocr_line' id='line_1_77' title="bbox 2457 3214 4037 3285; baseline 0.001 -17"><span class='ocrx_word' id='word_1_550' title='bbox 2457 3216 2585 3285; x_wconf 82' lang='grc' dir='ltr'>ὑμῖν</span> <span class='ocrx_word' id='word_1_551' title='bbox 2619 3215 3061 3285; x_wconf 79' lang='grc' dir='ltr'>περισπούδαστα</span> <span class='ocrx_word' id='word_1_552' title='bbox 3105 3214 3434 3283; x_wconf 78' lang='grc' dir='ltr'>γράμματα,</span> <span class='ocrx_word' id='word_1_553' title='bbox 3482 3216 3530 3265; x_wconf 87' lang='grc' dir='ltr'><strong>εί</strong></span> <span class='ocrx_word' id='word_1_554' title='bbox 3567 3215 3642 3283; x_wconf 72' lang='grc' dir='ltr'>μὴ</span> <span class='ocrx_word' id='word_1_555' title='bbox 3685 3216 3844 3283; x_wconf 84' lang='grc' dir='ltr'>μόνον</span> <span class='ocrx_word' id='word_1_556' title='bbox 3877 3218 4037 3284; x_wconf 80' lang='grc' dir='ltr'>ὀλίγα</span> 
     </span>
    </p>
   </div>
   <div class='ocr_carea' id='block_1_78' title="bbox 2458 3301 4038 3377">
    <p class='ocr_par' dir='ltr' id='par_1_78' title="bbox 2458 3301 4038 3377">
     <span class='ocr_line' id='line_1_78' title="bbox 2458 3301 4038 3377; baseline 0.001 -20"><span class='ocrx_word' id='word_1_557' title='bbox 2458 3310 2590 3374; x_wconf 74' lang='grc' dir='ltr'>πρὸς</span> <span class='ocrx_word' id='word_1_558' title='bbox 2613 3307 2710 3371; x_wconf 82' lang='grc' dir='ltr'>τὴν</span> <span class='ocrx_word' id='word_1_559' title='bbox 2741 3305 3050 3368; x_wconf 65' lang='grc' dir='ltr'>ἀνάγνωσιν</span> <span class='ocrx_word' id='word_1_560' title='bbox 3081 3303 3188 3354; x_wconf 85' lang='grc' dir='ltr'><strong>τῶν</strong></span> <span class='ocrx_word' id='word_1_561' title='bbox 3220 3302 3380 3353; x_wconf 88' lang='grc' dir='ltr'>θείων</span> <span class='ocrx_word' id='word_1_562' title='bbox 3411 3301 3664 3370; x_wconf 81' lang='grc' dir='ltr'>Γραφῶν,</span> <span class='ocrx_word' id='word_1_563' title='bbox 3694 3304 3858 3367; x_wconf 81' lang='grc' dir='ltr'>αὑτὸς</span> <span class='ocrx_word' id='word_1_564' title='bbox 3893 3306 4038 3377; x_wconf 72' lang='grc' dir='ltr'>ὑπὲρ</span> 
     </span>
    </p>
   </div>
   <div class='ocr_carea' id='block_1_79' title="bbox 2459 3392 4041 3464">
    <p class='ocr_par' dir='ltr' id='par_1_79' title="bbox 2459 3392 4041 3464">
     <span class='ocr_line' id='line_1_79' title="bbox 2459 3392 4041 3464; baseline 0.004 -19"><span class='ocrx_word' id='word_1_565' title='bbox 2459 3396 2614 3464; x_wconf 77' lang='grc' dir='ltr'>ἡμῶν</span> <span class='ocrx_word' id='word_1_566' title='bbox 2640 3394 2748 3445; x_wconf 81' lang='grc' dir='ltr'>τῶν</span> <span class='ocrx_word' id='word_1_567' title='bbox 2778 3392 3028 3444; x_wconf 72' lang='grc' dir='ltr'>ἐλεεινῶν</span> <span class='ocrx_word' id='word_1_568' title='bbox 3088 3392 3289 3445; x_wconf 83' lang='grc' dir='ltr'>δούλων</span> <span class='ocrx_word' id='word_1_569' title='bbox 3321 3392 3487 3445; x_wconf 84' lang='grc' dir='ltr'>αὑτοῦ</span> <span class='ocrx_word' id='word_1_570' title='bbox 3523 3394 3784 3461; x_wconf 80' lang='grc' dir='ltr'>ἀπολογεῖ</span> <span class='ocrx_word' id='word_1_571' title='bbox 3831 3413 3893 3448; x_wconf 85' lang='grc' dir='ltr'><strong>τε</strong></span> <span class='ocrx_word' id='word_1_572' title='bbox 3945 3401 4041 3452; x_wconf 81' lang='grc' dir='ltr'>καὶ</span> 
     </span>
    </p>
   </div>
   <div class='ocr_carea' id='block_1_80' title="bbox 2462 3484 4040 3559">
    <p class='ocr_par' dir='ltr' id='par_1_80' title="bbox 2462 3484 4040 3559">
     <span class='ocr_line' id='line_1_80' title="bbox 2462 3484 4040 3559; baseline 0.004 -24"><span class='ocrx_word' id='word_1_573' title='bbox 2462 3490 2603 3538; x_wconf 82' lang='grc' dir='ltr'>ποιεῖ</span> <span class='ocrx_word' id='word_1_574' title='bbox 2658 3485 2761 3538; x_wconf 80' lang='grc' dir='ltr'><strong>ὑπὸ</strong></span> <span class='ocrx_word' id='word_1_575' title='bbox 2828 3485 3045 3538; x_wconf 84' lang='grc' dir='ltr'>πάντων</span> <span class='ocrx_word' id='word_1_576' title='bbox 3102 3485 3425 3554; x_wconf 81' lang='grc' dir='ltr'>ἀνθρώπων,</span> <span class='ocrx_word' id='word_1_577' title='bbox 3465 3484 3599 3539; x_wconf 85' lang='grc' dir='ltr'>ἀλλὰ</span> <span class='ocrx_word' id='word_1_578' title='bbox 3642 3489 3736 3540; x_wconf 75' lang='grc' dir='ltr'><strong>καὶ</strong></span> <span class='ocrx_word' id='word_1_579' title='bbox 3766 3487 3855 3555; x_wconf 80' lang='grc' dir='ltr'><strong>ὑφ’</strong></span> <span class='ocrx_word' id='word_1_580' title='bbox 3883 3489 4040 3559; x_wconf 82' lang='grc' dir='ltr'>ὑμῶν</span> 
     </span>
    </p>
   </div>
   <div class='ocr_carea' id='block_1_81' title="bbox 2460 3576 4040 3652">
    <p class='ocr_par' dir='ltr' id='par_1_81' title="bbox 2460 3576 4040 3652">
     <span class='ocr_line' id='line_1_81' title="bbox 2460 3576 4040 3652; baseline 0.008 -23"><span class='ocrx_word' id='word_1_581' title='bbox 2460 3576 2569 3629; x_wconf 82' lang='grc' dir='ltr'>τῶν</span> <span class='ocrx_word' id='word_1_582' title='bbox 2593 3576 3043 3646; x_wconf 74' lang='grc' dir='ltr'>πεπαιδευμένων</span> <span class='ocrx_word' id='word_1_583' title='bbox 3072 3578 3413 3631; x_wconf 72' lang='grc' dir='ltr'>ἐπαινεῖσθαι</span> <span class='ocrx_word' id='word_1_584' title='bbox 3435 3594 3447 3608; x_wconf 91' lang='grc'><strong>·</strong></span> <span class='ocrx_word' id='word_1_585' title='bbox 3482 3582 3576 3649; x_wconf 61' lang='grc' dir='ltr'><strong>καὶ</strong></span> <span class='ocrx_word' id='word_1_586' title='bbox 3607 3583 3713 3650; x_wconf 71' lang='grc' dir='ltr'>γὰρ</span> <span class='ocrx_word' id='word_1_587' title='bbox 3741 3583 3836 3634; x_wconf 81' lang='grc' dir='ltr'><strong>ἀπ’</strong></span> <span class='ocrx_word' id='word_1_588' title='bbox 3861 3583 4040 3652; x_wconf 74' lang='grc' dir='ltr'>ἀρχῆς</span> 
     </span>
    </p>
   </div>
   <div class='ocr_carea' id='block_1_82' title="bbox 2462 3668 4040 3741">
    <p class='ocr_par' dir='ltr' id='par_1_82' title="bbox 2462 3668 4040 3741">
     <span class='ocr_line' id='line_1_82' title="bbox 2462 3668 4040 3741; baseline 0.004 -22"><span class='ocrx_word' id='word_1_589' title='bbox 2462 3668 2686 3735; x_wconf 80' lang='grc' dir='ltr'>πληρῶν</span> <span class='ocrx_word' id='word_1_590' title='bbox 2714 3668 2811 3731; x_wconf 84' lang='grc' dir='ltr'>τὴν</span> <span class='ocrx_word' id='word_1_591' title='bbox 2839 3668 3152 3733; x_wconf 72' lang='grc' dir='ltr'>οἰκονομίαν</span> <span class='ocrx_word' id='word_1_592' title='bbox 3178 3669 3271 3719; x_wconf 73' lang='grc' dir='ltr'>καὶ</span> <span class='ocrx_word' id='word_1_593' title='bbox 3309 3669 3518 3736; x_wconf 82' lang='grc' dir='ltr'>μέλλων</span> <span class='ocrx_word' id='word_1_594' title='bbox 3556 3670 3853 3738; x_wconf 80' lang='grc' dir='ltr'>κηρύσσειν</span> <span class='ocrx_word' id='word_1_595' title='bbox 3874 3677 3931 3724; x_wconf 76' lang='grc' dir='ltr'>ὲν</span> <span class='ocrx_word' id='word_1_596' title='bbox 3963 3673 4040 3741; x_wconf 81' lang='grc' dir='ltr'>τῷ</span> 
     </span>
    </p>
   </div>
   <div class='ocr_carea' id='block_1_83' title="bbox 2464 3752 4042 3830">
    <p class='ocr_par' dir='ltr' id='par_1_83' title="bbox 2464 3752 4042 3830">
     <span class='ocr_line' id='line_1_83' title="bbox 2464 3752 4042 3830; baseline 0.004 -23"><span class='ocrx_word' id='word_1_597' title='bbox 2464 3756 2655 3822; x_wconf 82' lang='grc' dir='ltr'>κόσμῳ</span> <span class='ocrx_word' id='word_1_598' title='bbox 2688 3752 2783 3821; x_wconf 78' lang='grc' dir='ltr'>τὴν</span> <span class='ocrx_word' id='word_1_599' title='bbox 2833 3753 3028 3805; x_wconf 80' lang='grc' dir='ltr'>ἑαυτοῦ</span> <span class='ocrx_word' id='word_1_600' title='bbox 3065 3754 3363 3822; x_wconf 83' lang='grc' dir='ltr'>βασιλείαν,</span> <span class='ocrx_word' id='word_1_601' title='bbox 3398 3756 3497 3807; x_wconf 83' lang='grc' dir='ltr'><strong>οὑκ</strong></span> <span class='ocrx_word' id='word_1_602' title='bbox 3520 3758 3787 3825; x_wconf 69' lang='grc' dir='ltr'>ἐχρήσατο</span> <span class='ocrx_word' id='word_1_603' title='bbox 3829 3760 4042 3830; x_wconf 77' lang='grc' dir='ltr'><strong>ἀνθρώ⁶</strong></span> 
     </span>
    </p>
   </div>
   <div class='ocr_carea' id='block_1_84' title="bbox 2466 3843 4040 3917">
    <p class='ocr_par' dir='ltr' id='par_1_84' title="bbox 2466 3843 4040 3917">
     <span class='ocr_line' id='line_1_84' title="bbox 2466 3843 4040 3917; baseline 0.004 -20"><span class='ocrx_word' id='word_1_604' title='bbox 2466 3862 2585 3908; x_wconf 86' lang='grc' dir='ltr'>ποις</span> <span class='ocrx_word' id='word_1_605' title='bbox 2615 3844 2647 3915; x_wconf 83' lang='grc' dir='ltr'>ἢ</span> <span class='ocrx_word' id='word_1_606' title='bbox 2684 3844 2851 3911; x_wconf 85' lang='grc' dir='ltr'>γένει,</span> <span class='ocrx_word' id='word_1_607' title='bbox 2892 3844 2923 3914; x_wconf 86' lang='grc' dir='ltr'>ἢ</span> <span class='ocrx_word' id='word_1_608' title='bbox 2954 3843 3191 3914; x_wconf 87' lang='grc' dir='ltr'>πλούτῳ,</span> <span class='ocrx_word' id='word_1_609' title='bbox 3224 3843 3255 3914; x_wconf 78' lang='grc' dir='ltr'>ἦ</span> <span class='ocrx_word' id='word_1_610' title='bbox 3285 3844 3450 3913; x_wconf 83' lang='grc' dir='ltr'>λόγῳ,</span> <span class='ocrx_word' id='word_1_611' title='bbox 3485 3844 3516 3915; x_wconf 84' lang='grc' dir='ltr'>ἢ</span> <span class='ocrx_word' id='word_1_612' title='bbox 3552 3847 3846 3917; x_wconf 73' lang='grc' dir='ltr'>γράμμασι</span> <span class='ocrx_word' id='word_1_613' title='bbox 3876 3850 4040 3904; x_wconf 83' lang='grc' dir='ltr'>δυνα-</span> 
     </span>
    </p>
   </div>
   <div class='ocr_carea' id='block_1_85' title="bbox 2464 3934 4043 4004">
    <p class='ocr_par' dir='ltr' id='par_1_85' title="bbox 2464 3934 4043 4004">
     <span class='ocr_line' id='line_1_85' title="bbox 2464 3934 4043 4004; baseline 0.005 -17"><span class='ocrx_word' id='word_1_614' title='bbox 2464 3940 2574 3996; x_wconf 86' lang='grc' dir='ltr'>τοῖς</span> <span class='ocrx_word' id='word_1_615' title='bbox 2605 3938 2740 4004; x_wconf 86' lang='grc' dir='ltr'>πρὸς</span> <span class='ocrx_word' id='word_1_616' title='bbox 2772 3935 2833 3987; x_wconf 83' lang='grc' dir='ltr'>τὸ</span> <span class='ocrx_word' id='word_1_617' title='bbox 2867 3936 3130 4004; x_wconf 79' lang='grc' dir='ltr'>κήρυγμα</span> <span class='ocrx_word' id='word_1_618' title='bbox 3160 3934 3255 3988; x_wconf 83' lang='grc' dir='ltr'>τοῦ</span> <span class='ocrx_word' id='word_1_619' title='bbox 3302 3936 3658 4004; x_wconf 86' lang='grc' dir='ltr'>Εὑαγγελίου,</span> <span class='ocrx_word' id='word_1_620' title='bbox 3682 3938 3795 3991; x_wconf 80' lang='grc' dir='ltr'>ἀλλ’</span> <span class='ocrx_word' id='word_1_621' title='bbox 3830 3942 4043 3995; x_wconf 75' lang='grc' dir='ltr'>ἁλιεῦσι</span> 
     </span>
    </p>
   </div>
   <div class='ocr_carea' id='block_1_86' title="bbox 2467 4012 4042 4097">
    <p class='ocr_par' dir='ltr' id='par_1_86' title="bbox 2467 4025 4042 4097">
     <span class='ocr_line' id='line_1_86' title="bbox 2467 4025 4042 4097; baseline 0.001 -18"><span class='ocrx_word' id='word_1_622' title='bbox 2467 4028 2563 4079; x_wconf 69' lang='grc' dir='ltr'><strong>καὶ</strong></span> <span class='ocrx_word' id='word_1_623' title='bbox 2592 4025 2873 4086; x_wconf 82' lang='grc' dir='ltr'>τελώναις,</span> <span class='ocrx_word' id='word_1_624' title='bbox 2914 4028 3009 4077; x_wconf 72' lang='grc' dir='ltr'>καὶ</span> <span class='ocrx_word' id='word_1_625' title='bbox 3035 4026 3313 4088; x_wconf 86' lang='grc' dir='ltr'>παντελῶς</span> <span class='ocrx_word' id='word_1_626' title='bbox 3348 4029 3405 4078; x_wconf 83' lang='grc' dir='ltr'>ὲν</span> <span class='ocrx_word' id='word_1_627' title='bbox 3427 4033 3671 4095; x_wconf 81' lang='grc' dir='ltr'>πτωχαῖς</span> <span class='ocrx_word' id='word_1_628' title='bbox 3702 4032 4042 4097; x_wconf 79' lang='grc' dir='ltr'>περιουσίαις</span> 
     </span>
    </p>
   </div>
   <div class='ocr_carea' id='block_1_87' title="bbox 2468 4117 4039 4188">
    <p class='ocr_par' dir='ltr' id='par_1_87' title="bbox 2468 4117 4039 4188">
     <span class='ocr_line' id='line_1_87' title="bbox 2468 4117 4039 4188; baseline 0.002 -19"><span class='ocrx_word' id='word_1_629' title='bbox 2468 4117 2762 4186; x_wconf 73' lang='grc' dir='ltr'>ιχρήσατο.</span> <span class='ocrx_word' id='word_1_630' title='bbox 2818 4117 2987 4171; x_wconf 82' lang='grc' dir='ltr'>Τοῦτο</span> <span class='ocrx_word' id='word_1_631' title='bbox 3017 4117 3073 4172; x_wconf 82' lang='grc' dir='ltr'><strong>δὲ</strong></span> <span class='ocrx_word' id='word_1_632' title='bbox 3127 4119 3383 4184; x_wconf 73' lang='grc' dir='ltr'>ἐποίησεν</span> <span class='ocrx_word' id='word_1_633' title='bbox 3412 4120 3440 4169; x_wconf 88' lang='grc' dir='ltr'><strong>ό</strong></span> <span class='ocrx_word' id='word_1_634' title='bbox 3475 4119 3856 4188; x_wconf 81' lang='grc' dir='ltr'>φιλάνθρωπος</span> <span class='ocrx_word' id='word_1_635' title='bbox 3888 4121 4039 4185; x_wconf 73' lang='grc' dir='ltr'>Θεὸς,</span> 
     </span>
    </p>
   </div>
   <div class='ocr_carea' id='block_1_88' title="bbox 2470 4207 4041 4278">
    <p class='ocr_par' dir='ltr' id='par_1_88' title="bbox 2470 4207 4041 4278">
     <span class='ocr_line' id='line_1_88' title="bbox 2470 4207 4041 4278; baseline 0.001 -17"><span class='ocrx_word' id='word_1_636' title='bbox 2470 4208 2552 4262; x_wconf 88' lang='grc' dir='ltr'><strong>ἴνα</strong></span> <span class='ocrx_word' id='word_1_637' title='bbox 2584 4210 2616 4277; x_wconf 77' lang='grc' dir='ltr'>ἡ</span> <span class='ocrx_word' id='word_1_638' title='bbox 2648 4209 3062 4277; x_wconf 78' lang='grc' dir='ltr'>ὑπερϐάλλουσα</span> <span class='ocrx_word' id='word_1_639' title='bbox 3090 4210 3267 4261; x_wconf 78' lang='grc' dir='ltr'>πάντα</span> <span class='ocrx_word' id='word_1_640' title='bbox 3296 4209 3420 4260; x_wconf 75' lang='grc' dir='ltr'>νοῦν</span> <span class='ocrx_word' id='word_1_641' title='bbox 3444 4207 3674 4278; x_wconf 85' lang='grc' dir='ltr'>δύναμις</span> <span class='ocrx_word' id='word_1_642' title='bbox 3699 4209 3866 4262; x_wconf 73' lang='grc' dir='ltr'>αὑτοῦ</span> <span class='ocrx_word' id='word_1_643' title='bbox 3905 4228 4041 4277; x_wconf 82' lang='grc' dir='ltr'>γνω-</span> 
     </span>
    </p>
   </div>
   <div class='ocr_carea' id='block_1_89' title="bbox 2472 4298 4038 4372">
    <p class='ocr_par' dir='ltr' id='par_1_89' title="bbox 2472 4298 4038 4372">
     <span class='ocr_line' id='line_1_89' title="bbox 2472 4298 4038 4372; baseline 0.001 -20"><span class='ocrx_word' id='word_1_644' title='bbox 2472 4301 2653 4372; x_wconf 80' lang='grc' dir='ltr'>ρισθῇ,</span> <span class='ocrx_word' id='word_1_645' title='bbox 2695 4301 2789 4353; x_wconf 79' lang='grc' dir='ltr'>τοῦ</span> <span class='ocrx_word' id='word_1_646' title='bbox 2821 4300 2965 4352; x_wconf 83' lang='grc' dir='ltr'>θείου</span> <span class='ocrx_word' id='word_1_647' title='bbox 2988 4301 3082 4351; x_wconf 81' lang='grc' dir='ltr'><strong>καὶ</strong></span> <span class='ocrx_word' id='word_1_648' title='bbox 3102 4298 3259 4367; x_wconf 82' lang='grc' dir='ltr'>ἁγίου</span> <span class='ocrx_word' id='word_1_649' title='bbox 3294 4298 3611 4371; x_wconf 85' lang='grc' dir='ltr'>Πνεὺματος</span> <span class='ocrx_word' id='word_1_650' title='bbox 3641 4302 3699 4356; x_wconf 73' lang='grc' dir='ltr'><strong>έν</strong></span> <span class='ocrx_word' id='word_1_651' title='bbox 3730 4304 3867 4355; x_wconf 79' lang='grc' dir='ltr'>πᾶσι</span> <span class='ocrx_word' id='word_1_652' title='bbox 3914 4319 4038 4354; x_wconf 83' lang='grc' dir='ltr'>συν-</span> 
     </span>
    </p>
   </div>
   <div class='ocr_carea' id='block_1_90' title="bbox 2472 4391 2984 4461">
    <p class='ocr_par' dir='ltr' id='par_1_90' title="bbox 2472 4391 2984 4461">
     <span class='ocr_line' id='line_1_90' title="bbox 2472 4391 2984 4461; baseline -0.002 -17"><span class='ocrx_word' id='word_1_653' title='bbox 2472 4391 2758 4461; x_wconf 76' lang='grc' dir='ltr'>εργοῦντος</span> <span class='ocrx_word' id='word_1_654' title='bbox 2779 4391 2984 4454; x_wconf 80' lang='grc' dir='ltr'>αὐτοῖς.</span> 
     </span>
    </p>
   </div>
   <div class='ocr_carea' id='block_1_91' title="bbox 874 4478 2544 4563">
    <p class='ocr_par' dir='ltr' id='par_1_91' title="bbox 874 4482 2544 4563">
     <span class='ocr_line' id='line_1_91' title="bbox 874 4482 2544 4563; baseline 0.005 -27"><span class='ocrx_word' id='word_1_655' title='bbox 874 4482 1005 4539; x_wconf 70' lang='lat' dir='ltr'><strong>VIII.</strong></span> <span class='ocrx_word' id='word_1_656' title='bbox 1040 4486 1163 4541; x_wconf 85' lang='lat' dir='ltr'><strong>Post</strong></span> <span class='ocrx_word' id='word_1_657' title='bbox 1196 4487 1486 4555; x_wconf 68' lang='lat' dir='ltr'><strong>hascjudex</strong></span> <span class='ocrx_word' id='word_1_658' title='bbox 1516 4508 1528 4543; x_wconf 91' lang='lat'><strong>:</strong></span> <span class='ocrx_word' id='word_1_659' title='bbox 1555 4488 1823 4544; x_wconf 88' lang='lat' dir='ltr'><strong>Omittens</strong></span> <span class='ocrx_word' id='word_1_660' title='bbox 1856 4505 1975 4560; x_wconf 87' lang='lat' dir='ltr'><strong>ego,</strong></span> <span class='ocrx_word' id='word_1_661' title='bbox 2000 4492 2141 4561; x_wconf 83' lang='lat' dir='ltr'><strong>quod</strong></span> <span class='ocrx_word' id='word_1_662' title='bbox 2163 4508 2352 4563; x_wconf 83' lang='lat' dir='ltr'><strong>oppor-</strong></span> <span class='ocrx_word' id='word_1_663' title='bbox 2390 4489 2434 4544; x_wconf 81' lang='grc' dir='ltr'>ι)</span> <span class='ocrx_word' id='word_1_664' title='bbox 2533 4486 2544 4536; x_wconf 81' lang='grc'>1</span> 
     </span>
    </p>
   </div>
   <div class='ocr_carea' id='block_1_92' title="bbox 2370 4478 4040 4563">
    <p class='ocr_par' dir='ltr' id='par_1_92' title="bbox 2390 4478 4040 4557">
     <span class='ocr_line' id='line_1_92' title="bbox 2390 4478 4040 4557; baseline 0.001 -21"><span class='ocrx_word' id='word_1_665' title='bbox 2390 4489 2434 4544; x_wconf 83' lang='grc' dir='ltr'>ι)</span> <span class='ocrx_word' id='word_1_666' title='bbox 2533 4484 2614 4537; x_wconf 83' lang='lat' dir='ltr'><strong>H&#39;.</strong></span> <span class='ocrx_word' id='word_1_667' title='bbox 2662 4484 2720 4537; x_wconf 86' lang='lat' dir='ltr'><strong>&#39;U</strong></span> <span class='ocrx_word' id='word_1_668' title='bbox 2771 4484 3030 4553; x_wconf 81' lang='grc' dir='ltr'>δικαστὴς</span> <span class='ocrx_word' id='word_1_669' title='bbox 3063 4478 3258 4537; x_wconf 70' lang='grc' dir='ltr'>εἶπεν·</span> <span class='ocrx_word' id='word_1_670' title='bbox 3310 4483 3453 4552; x_wconf 79' lang='grc' dir='ltr'><strong>Ἐγὼ</strong></span> <span class='ocrx_word' id='word_1_671' title='bbox 3482 4484 3648 4547; x_wconf 67' lang='grc' dir='ltr'>ἔασας</span> <span class='ocrx_word' id='word_1_672' title='bbox 3701 4484 3762 4537; x_wconf 75' lang='grc' dir='ltr'>τὸ</span> <span class='ocrx_word' id='word_1_673' title='bbox 3806 4485 4040 4557; x_wconf 85' lang='grc' dir='ltr'>καίριον,</span> 
     </span>
    </p>
   </div>
   <div class='ocr_carea' id='block_1_93' title="bbox 798 4576 2363 4652">
    <p class='ocr_par' dir='ltr' id='par_1_93' title="bbox 798 4576 2363 4652">
     <span class='ocr_line' id='line_1_93' title="bbox 798 4576 2363 4652; baseline 0.006 -23"><span class='ocrx_word' id='word_1_674' title='bbox 798 4579 929 4629; x_wconf 77' lang='lat' dir='ltr'><strong>tune</strong></span> <span class='ocrx_word' id='word_1_675' title='bbox 963 4578 1089 4630; x_wconf 89' lang='lat' dir='ltr'><strong>mibi</strong></span> <span class='ocrx_word' id='word_1_676' title='bbox 1145 4576 1450 4632; x_wconf 80' lang='lat' dir='ltr'><strong>faciendum</strong></span> <span class='ocrx_word' id='word_1_677' title='bbox 1483 4590 1587 4643; x_wconf 89' lang='lat' dir='ltr'><strong>est,</strong></span> <span class='ocrx_word' id='word_1_678' title='bbox 1650 4589 1825 4635; x_wconf 89' lang='lat' dir='ltr'><strong>tecum</strong></span> <span class='ocrx_word' id='word_1_679' title='bbox 1865 4597 2062 4651; x_wconf 90' lang='lat' dir='ltr'><strong>nugor,</strong></span> <span class='ocrx_word' id='word_1_680' title='bbox 2096 4584 2197 4652; x_wconf 71' lang='lat' dir='ltr'><strong>qui</strong></span> <span class='ocrx_word' id='word_1_681' title='bbox 2236 4586 2363 4640; x_wconf 91' lang='lat' dir='ltr'><strong>talia</strong></span> 
     </span>
    </p>
   </div>
   <div class='ocr_carea' id='block_1_94' title="bbox 802 4670 2368 4740">
    <p class='ocr_par' dir='ltr' id='par_1_94' title="bbox 802 4670 2368 4740">
     <span class='ocr_line' id='line_1_94' title="bbox 802 4670 2368 4740; baseline 0.007 -18"><span class='ocrx_word' id='word_1_682' title='bbox 802 4671 1050 4724; x_wconf 87' lang='lat' dir='ltr'><strong>disseris.</strong></span> <span class='ocrx_word' id='word_1_683' title='bbox 1085 4670 1162 4723; x_wconf 84' lang='lat' dir='ltr'><strong>&#39;I‘u</strong></span> <span class='ocrx_word' id='word_1_684' title='bbox 1194 4672 1303 4725; x_wconf 88' lang='lat' dir='ltr'><strong>seis</strong></span> <span class='ocrx_word' id='word_1_685' title='bbox 1352 4672 1740 4740; x_wconf 86' lang='lat' dir='ltr'><strong>imperatorum</strong></span> <span class='ocrx_word' id='word_1_686' title='bbox 1770 4675 1941 4728; x_wconf 83' lang='lat' dir='ltr'><strong>edicta</strong></span> <span class='ocrx_word' id='word_1_687' title='bbox 1975 4678 2118 4731; x_wconf 89' lang='lat' dir='ltr'><strong>omni</strong></span> <span class='ocrx_word' id='word_1_688' title='bbox 2161 4687 2368 4733; x_wconf 89' lang='lat' dir='ltr'><strong>terrore</strong></span> 
     </span>
    </p>
   </div>
   <div class='ocr_carea' id='block_1_95' title="bbox 805 4760 2366 4831">
    <p class='ocr_par' dir='ltr' id='par_1_95' title="bbox 805 4760 2366 4831">
     <span class='ocr_line' id='line_1_95' title="bbox 805 4760 2366 4831; baseline 0.006 -18"><span class='ocrx_word' id='word_1_689' title='bbox 805 4760 958 4829; x_wconf 90' lang='lat' dir='ltr'><strong>plena</strong></span> <span class='ocrx_word' id='word_1_690' title='bbox 982 4760 1133 4815; x_wconf 76' lang='lat' dir='ltr'><strong>vobis</strong></span> <span class='ocrx_word' id='word_1_691' title='bbox 1161 4764 1436 4831; x_wconf 85' lang='lat' dir='ltr'><strong>proposita</strong></span> <span class='ocrx_word' id='word_1_692' title='bbox 1477 4778 1618 4827; x_wconf 78' lang='lat' dir='ltr'><strong>esse,</strong></span> <span class='ocrx_word' id='word_1_693' title='bbox 1655 4774 1710 4816; x_wconf 90' lang='lat' dir='ltr'><strong>ut</strong></span> <span class='ocrx_word' id='word_1_694' title='bbox 1736 4779 1830 4819; x_wconf 88' lang='lat' dir='ltr'><strong>vos</strong></span> <span class='ocrx_word' id='word_1_695' title='bbox 1868 4764 2155 4821; x_wconf 81' lang='lat' dir='ltr'><strong>Christiani</strong></span> <span class='ocrx_word' id='word_1_696' title='bbox 2188 4769 2366 4823; x_wconf 81' lang='lat' dir='ltr'><strong>banti-</strong></span> 
     </span>
    </p>
   </div>
   <div class='ocr_carea' id='block_1_96' title="bbox 806 4853 2371 4926">
    <p class='ocr_par' dir='ltr' id='par_1_96' title="bbox 806 4853 2371 4926">
     <span class='ocr_line' id='line_1_96' title="bbox 806 4853 2371 4926; baseline 0.006 -20"><span class='ocrx_word' id='word_1_697' title='bbox 806 4868 906 4907; x_wconf 84' lang='lat' dir='ltr'><strong>nes</strong></span> <span class='ocrx_word' id='word_1_698' title='bbox 938 4853 1017 4908; x_wconf 81' lang='lat' dir='ltr'><strong>rel</strong></span> <span class='ocrx_word' id='word_1_699' title='bbox 1042 4854 1385 4919; x_wconf 80' lang='lat' dir='ltr'><strong>sacribcetis,</strong></span> <span class='ocrx_word' id='word_1_700' title='bbox 1426 4869 1478 4909; x_wconf 89' lang='lat' dir='ltr'><strong>et</strong></span> <span class='ocrx_word' id='word_1_701' title='bbox 1507 4858 1635 4910; x_wconf 90' lang='lat' dir='ltr'><strong>deos</strong></span> <span class='ocrx_word' id='word_1_702' title='bbox 1685 4858 1831 4926; x_wconf 88' lang='lat' dir='ltr'><strong>ipsos</strong></span> <span class='ocrx_word' id='word_1_703' title='bbox 1860 4859 2073 4923; x_wconf 85' lang='lat' dir='ltr'><strong>colatis,</strong></span> <span class='ocrx_word' id='word_1_704' title='bbox 2101 4860 2155 4913; x_wconf 87' lang='lat' dir='ltr'><strong>in</strong></span> <span class='ocrx_word' id='word_1_705' title='bbox 2192 4862 2371 4915; x_wconf 89' lang='lat' dir='ltr'><strong>omni-</strong></span> 
     </span>
    </p>
   </div>
   <div class='ocr_carea' id='block_1_97' title="bbox 722 4932 2373 5016">
    <p class='ocr_par' dir='ltr' id='par_1_97' title="bbox 722 4932 2373 5016">
     <span class='ocr_line' id='line_1_97' title="bbox 722 4932 2373 5016; baseline 0.006 -20"><span class='ocrx_word' id='word_1_706' title='bbox 722 4978 725 4979; x_wconf 51' lang='grc' dir='ltr'><strong>ν</strong></span> <span class='ocrx_word' id='word_1_707' title='bbox 808 4944 911 4997; x_wconf 90' lang='lat' dir='ltr'><strong>bus</strong></span> <span class='ocrx_word' id='word_1_708' title='bbox 943 4945 1102 4999; x_wconf 89' lang='lat' dir='ltr'><strong>rebus</strong></span> <span class='ocrx_word' id='word_1_709' title='bbox 1136 4961 1230 4999; x_wconf 87' lang='lat' dir='ltr'><strong>vos</strong></span> <span class='ocrx_word' id='word_1_710' title='bbox 1259 4932 1365 4999; x_wconf 88' lang='lat' dir='ltr'><strong>illis</strong></span> <span class='ocrx_word' id='word_1_711' title='bbox 1396 4945 1744 5014; x_wconf 88' lang='lat' dir='ltr'><strong>subjicieutes</strong></span> <span class='ocrx_word' id='word_1_712' title='bbox 1780 4958 1941 5016; x_wconf 83' lang='lat' dir='ltr'><strong>atque</strong></span> <span class='ocrx_word' id='word_1_713' title='bbox 1990 4965 2056 5005; x_wconf 89' lang='lat' dir='ltr'><strong>eo</strong></span> <span class='ocrx_word' id='word_1_714' title='bbox 2090 4953 2248 5005; x_wconf 88' lang='lat' dir='ltr'><strong>modo</strong></span> <span class='ocrx_word' id='word_1_715' title='bbox 2273 4952 2373 5006; x_wconf 87' lang='lat' dir='ltr'><strong>ho-</strong></span> 
     </span>
    </p>
   </div>
   <div class='ocr_carea' id='block_1_98' title="bbox 810 5036 2371 5105">
    <p class='ocr_par' dir='ltr' id='par_1_98' title="bbox 810 5036 2371 5105">
     <span class='ocr_line' id='line_1_98' title="bbox 810 5036 2371 5105; baseline 0.008 -17"><span class='ocrx_word' id='word_1_716' title='bbox 810 5050 971 5089; x_wconf 82' lang='lat' dir='ltr'><strong>nores</strong></span> <span class='ocrx_word' id='word_1_717' title='bbox 1047 5036 1117 5089; x_wconf 88' lang='lat' dir='ltr'><strong>ab</strong></span> <span class='ocrx_word' id='word_1_718' title='bbox 1193 5037 1296 5089; x_wconf 82' lang='lat' dir='ltr'><strong>illis</strong></span> <span class='ocrx_word' id='word_1_719' title='bbox 1358 5040 1714 5105; x_wconf 89' lang='lat' dir='ltr'><strong>reportetis:</strong></span> <span class='ocrx_word' id='word_1_720' title='bbox 1777 5041 1878 5105; x_wconf 79' lang='lat' dir='ltr'><strong>vel,</strong></span> <span class='ocrx_word' id='word_1_721' title='bbox 1948 5041 1991 5095; x_wconf 88' lang='lat' dir='ltr'><strong>si</strong></span> <span class='ocrx_word' id='word_1_722' title='bbox 2061 5043 2371 5100; x_wconf 81' lang='lat' dir='ltr'><strong>sacrificare</strong></span> 
     </span>
    </p>
   </div>
   <div class='ocr_carea' id='block_1_99' title="bbox 811 5126 2372 5203">
    <p class='ocr_par' dir='ltr' id='par_1_99' title="bbox 811 5126 2372 5203">
     <span class='ocr_line' id='line_1_99' title="bbox 811 5126 2372 5203; baseline 0.006 -22"><span class='ocrx_word' id='word_1_723' title='bbox 811 5126 1116 5191; x_wconf 87' lang='lat' dir='ltr'><strong>nolueritis,</strong></span> <span class='ocrx_word' id='word_1_724' title='bbox 1151 5127 1609 5194; x_wconf 86' lang='lat' dir='ltr'><strong>condemnemini,</strong></span> <span class='ocrx_word' id='word_1_725' title='bbox 1663 5141 1717 5186; x_wconf 92' lang='lat' dir='ltr'><strong>et</strong></span> <span class='ocrx_word' id='word_1_726' title='bbox 1767 5133 2045 5201; x_wconf 87' lang='lat' dir='ltr'><strong>suppliciis</strong></span> <span class='ocrx_word' id='word_1_727' title='bbox 2084 5149 2149 5187; x_wconf 90' lang='lat' dir='ltr'><strong>ac</strong></span> <span class='ocrx_word' id='word_1_728' title='bbox 2199 5136 2372 5203; x_wconf 69' lang='lat' dir='ltr'><strong>panis</strong></span> 
     </span>
    </p>
   </div>
   <div class='ocr_carea' id='block_1_100' title="bbox 808 5218 2372 5295">
    <p class='ocr_par' dir='ltr' id='par_1_100' title="bbox 808 5218 2372 5295">
     <span class='ocr_line' id='line_1_100' title="bbox 808 5218 2372 5295; baseline 0.006 -22"><span class='ocrx_word' id='word_1_729' title='bbox 808 5218 1194 5288; x_wconf 82' lang='lat' dir='ltr'><strong>subjiciamini.</strong></span> <span class='ocrx_word' id='word_1_730' title='bbox 1248 5218 1419 5276; x_wconf 80' lang='lat' dir='ltr'><strong>Velim</strong></span> <span class='ocrx_word' id='word_1_731' title='bbox 1472 5221 1634 5292; x_wconf 85' lang='lat' dir='ltr'><strong>igitur</strong></span> <span class='ocrx_word' id='word_1_732' title='bbox 1678 5224 1847 5288; x_wconf 81' lang='lat' dir='ltr'><strong>dicas,</strong></span> <span class='ocrx_word' id='word_1_733' title='bbox 1902 5241 2027 5278; x_wconf 89' lang='lat' dir='ltr'><strong>num</strong></span> <span class='ocrx_word' id='word_1_734' title='bbox 2083 5225 2189 5280; x_wconf 92' lang='lat' dir='ltr'><strong>diis</strong></span> <span class='ocrx_word' id='word_1_735' title='bbox 2242 5227 2372 5295; x_wconf 86' lang='lat' dir='ltr'><strong>ipsis</strong></span> 
     </span>
    </p>
   </div>
   <div class='ocr_carea' id='block_1_101' title="bbox 811 5296 2371 5381">
    <p class='ocr_par' dir='ltr' id='par_1_101' title="bbox 811 5296 2371 5381">
     <span class='ocr_line' id='line_1_101' title="bbox 811 5296 2371 5381; baseline 0.006 -19"><span class='ocrx_word' id='word_1_736' title='bbox 811 5296 1105 5374; x_wconf 80' lang='lat' dir='ltr'><strong>sacrilices,</strong></span> <span class='ocrx_word' id='word_1_737' title='bbox 1138 5321 1191 5365; x_wconf 91' lang='lat' dir='ltr'><strong>et</strong></span> <span class='ocrx_word' id='word_1_738' title='bbox 1219 5310 1424 5377; x_wconf 75' lang='lat' dir='ltr'><strong>legibus</strong></span> <span class='ocrx_word' id='word_1_739' title='bbox 1455 5315 1818 5381; x_wconf 89' lang='lat' dir='ltr'><strong>obtemperes,</strong></span> <span class='ocrx_word' id='word_1_740' title='bbox 1852 5330 1918 5368; x_wconf 87' lang='lat' dir='ltr'><strong>an</strong></span> <span class='ocrx_word' id='word_1_741' title='bbox 1950 5327 1999 5370; x_wconf 92' lang='lat' dir='ltr'><strong>te</strong></span> <span class='ocrx_word' id='word_1_742' title='bbox 2028 5318 2078 5371; x_wconf 90' lang='lat' dir='ltr'><strong>id</strong></span> <span class='ocrx_word' id='word_1_743' title='bbox 2102 5315 2371 5371; x_wconf 84' lang='lat' dir='ltr'><strong>faeturum</strong></span> 
     </span>
    </p>
   </div>
   <div class='ocr_carea' id='block_1_102' title="bbox 814 5402 2371 5474">
    <p class='ocr_par' dir='ltr' id='par_1_102' title="bbox 814 5402 2371 5474">
     <span class='ocr_line' id='line_1_102' title="bbox 814 5402 2371 5474; baseline 0.006 -21"><span class='ocrx_word' id='word_1_744' title='bbox 814 5417 996 5470; x_wconf 86' lang='lat' dir='ltr'><strong>neges.</strong></span> <span class='ocrx_word' id='word_1_745' title='bbox 1033 5402 1330 5469; x_wconf 83' lang='lat' dir='ltr'><strong>Respondit</strong></span> <span class='ocrx_word' id='word_1_746' title='bbox 1363 5404 1592 5458; x_wconf 84' lang='lat' dir='ltr'><strong>Aeacius</strong></span> <span class='ocrx_word' id='word_1_747' title='bbox 1616 5422 1629 5458; x_wconf 91' lang='lat'><strong>:</strong></span> <span class='ocrx_word' id='word_1_748' title='bbox 1657 5404 1809 5474; x_wconf 66' lang='lat' dir='ltr'><strong>Saepe</strong></span> <span class='ocrx_word' id='word_1_749' title='bbox 1839 5416 1892 5458; x_wconf 88' lang='lat' dir='ltr'><strong>et</strong></span> <span class='ocrx_word' id='word_1_750' title='bbox 1918 5423 1948 5463; x_wconf 81' lang='lat' dir='ltr'><strong>a</strong></span> <span class='ocrx_word' id='word_1_751' title='bbox 1986 5408 2166 5461; x_wconf 82' lang='lat' dir='ltr'><strong>Firmo</strong></span> <span class='ocrx_word' id='word_1_752' title='bbox 2205 5409 2371 5462; x_wconf 85' lang='lat' dir='ltr'><strong>inter-</strong></span> 
     </span>
    </p>
   </div>
   <div class='ocr_carea' id='block_1_103' title="bbox 816 5496 2371 5564">
    <p class='ocr_par' dir='ltr' id='par_1_103' title="bbox 816 5496 2371 5564">
     <span class='ocr_line' id='line_1_103' title="bbox 816 5496 2371 5564; baseline 0.007 -17"><span class='ocrx_word' id='word_1_753' title='bbox 816 5507 1051 5564; x_wconf 85' lang='lat' dir='ltr'><strong>rogatus,</strong></span> <span class='ocrx_word' id='word_1_754' title='bbox 1086 5496 1450 5554; x_wconf 80' lang='lat' dir='ltr'><strong>Christianum</strong></span> <span class='ocrx_word' id='word_1_755' title='bbox 1479 5514 1561 5552; x_wconf 90' lang='lat' dir='ltr'><strong>me</strong></span> <span class='ocrx_word' id='word_1_756' title='bbox 1590 5514 1709 5553; x_wconf 86' lang='lat' dir='ltr'><strong>esse</strong></span> <span class='ocrx_word' id='word_1_757' title='bbox 1741 5498 2021 5555; x_wconf 79' lang='lat' dir='ltr'><strong>confessus</strong></span> <span class='ocrx_word' id='word_1_758' title='bbox 2053 5518 2191 5555; x_wconf 92' lang='lat' dir='ltr'><strong>sum.</strong></span> <span class='ocrx_word' id='word_1_759' title='bbox 2222 5502 2371 5564; x_wconf 81' lang='lat' dir='ltr'><strong>Quod</strong></span> 
     </span>
    </p>
   </div>
   <div class='ocr_carea' id='block_1_104' title="bbox 820 5588 2374 5655">
    <p class='ocr_par' dir='ltr' id='par_1_104' title="bbox 820 5588 2374 5655">
     <span class='ocr_line' id='line_1_104' title="bbox 820 5588 2374 5655; baseline 0.006 -18"><span class='ocrx_word' id='word_1_760' title='bbox 820 5600 953 5653; x_wconf 72' lang='lat' dir='ltr'><strong>ergo</strong></span> <span class='ocrx_word' id='word_1_761' title='bbox 989 5588 1121 5649; x_wconf 76' lang='lat' dir='ltr'><strong>disi,</strong></span> <span class='ocrx_word' id='word_1_762' title='bbox 1181 5588 1373 5641; x_wconf 89' lang='lat' dir='ltr'><strong>iterum</strong></span> <span class='ocrx_word' id='word_1_763' title='bbox 1416 5589 1558 5653; x_wconf 85' lang='lat' dir='ltr'><strong>dico,</strong></span> <span class='ocrx_word' id='word_1_764' title='bbox 1618 5607 1699 5645; x_wconf 90' lang='lat' dir='ltr'><strong>me</strong></span> <span class='ocrx_word' id='word_1_765' title='bbox 1736 5593 2104 5647; x_wconf 74' lang='lat' dir='ltr'><strong>Christianum</strong></span> <span class='ocrx_word' id='word_1_766' title='bbox 2155 5608 2292 5655; x_wconf 73' lang='lat' dir='ltr'><strong>esse,</strong></span> <span class='ocrx_word' id='word_1_767' title='bbox 2323 5605 2374 5647; x_wconf 79' lang='lat' dir='ltr'><strong>et</strong></span> 
     </span>
    </p>
   </div>
   <div class='ocr_carea' id='block_1_105' title="bbox 820 5679 2373 5753">
    <p class='ocr_par' dir='ltr' id='par_1_105' title="bbox 820 5679 2373 5753">
     <span class='ocr_line' id='line_1_105' title="bbox 820 5679 2373 5753; baseline 0.006 -26"><span class='ocrx_word' id='word_1_768' title='bbox 820 5679 1047 5745; x_wconf 88' lang='lat' dir='ltr'><strong>impuris</strong></span> <span class='ocrx_word' id='word_1_769' title='bbox 1079 5680 1412 5734; x_wconf 64' lang='lat' dir='ltr'><strong>das-monibus</strong></span> <span class='ocrx_word' id='word_1_770' title='bbox 1462 5698 1565 5735; x_wconf 85' lang='lat' dir='ltr'><strong>non</strong></span> <span class='ocrx_word' id='word_1_771' title='bbox 1622 5686 1947 5739; x_wconf 71' lang='lat' dir='ltr'><strong>sacriﬁcare.</strong></span> <span class='ocrx_word' id='word_1_772' title='bbox 2018 5685 2147 5753; x_wconf 82' lang='lat' dir='ltr'><strong>Ego,</strong></span> <span class='ocrx_word' id='word_1_773' title='bbox 2203 5686 2373 5753; x_wconf 85' lang='lat' dir='ltr'><strong>inquit</strong></span> 
     </span>
    </p>
   </div>
   <div class='ocr_carea' id='block_1_106' title="bbox 816 5768 2373 5837">
    <p class='ocr_par' dir='ltr' id='par_1_106' title="bbox 816 5768 2373 5837">
     <span class='ocr_line' id='line_1_106' title="bbox 816 5768 2373 5837; baseline 0.005 -16"><span class='ocrx_word' id='word_1_774' title='bbox 816 5768 996 5837; x_wconf 72' lang='lat' dir='ltr'><strong>iudex.</strong></span> <span class='ocrx_word' id='word_1_775' title='bbox 1043 5771 1201 5824; x_wconf 80' lang='lat' dir='ltr'><strong>etiam</strong></span> <span class='ocrx_word' id='word_1_776' title='bbox 1244 5788 1383 5826; x_wconf 90' lang='lat' dir='ltr'><strong>nunc</strong></span> <span class='ocrx_word' id='word_1_777' title='bbox 1423 5783 1630 5828; x_wconf 59' lang='lat' dir='ltr'><strong>aetatem</strong></span> <span class='ocrx_word' id='word_1_778' title='bbox 1663 5776 1816 5831; x_wconf 88' lang='lat' dir='ltr'><strong>istam</strong></span> <span class='ocrx_word' id='word_1_779' title='bbox 1844 5787 1983 5830; x_wconf 83' lang='lat' dir='ltr'><strong>tuam</strong></span> <span class='ocrx_word' id='word_1_780' title='bbox 2011 5778 2373 5831; x_wconf 70' lang='lat' dir='ltr'><strong>tniserirordia</strong></span> 
     </span>
    </p>
   </div>
   <div class='ocr_carea' id='block_1_107' title="bbox 2465 4572 4043 4645">
    <p class='ocr_par' dir='ltr' id='par_1_107' title="bbox 2465 4572 4043 4645">
     <span class='ocr_line' id='line_1_107' title="bbox 2465 4572 4043 4645; baseline 0 -16"><span class='ocrx_word' id='word_1_781' title='bbox 2465 4574 2541 4637; x_wconf 83' lang='grc' dir='ltr'>ὡς</span> <span class='ocrx_word' id='word_1_782' title='bbox 2561 4576 2731 4627; x_wconf 81' lang='grc' dir='ltr'>εἰπεῖν</span> <span class='ocrx_word' id='word_1_783' title='bbox 2752 4576 2901 4645; x_wconf 84' lang='grc' dir='ltr'>ληρῶ</span> <span class='ocrx_word' id='word_1_784' title='bbox 2929 4576 3067 4644; x_wconf 79' lang='grc' dir='ltr'>μετὰ</span> <span class='ocrx_word' id='word_1_785' title='bbox 3092 4574 3187 4627; x_wconf 74' lang='grc' dir='ltr'>σοῦ</span> <span class='ocrx_word' id='word_1_786' title='bbox 3216 4575 3442 4628; x_wconf 78' lang='grc' dir='ltr'>τοιαῦτα</span> <span class='ocrx_word' id='word_1_787' title='bbox 3462 4575 3866 4644; x_wconf 80' lang='grc' dir='ltr'>διαλεγόμενος·</span> <span class='ocrx_word' id='word_1_788' title='bbox 3895 4572 4043 4640; x_wconf 74' lang='grc' dir='ltr'>οἶδας</span> 
     </span>
    </p>
   </div>
   <div class='ocr_carea' id='block_1_108' title="bbox 2466 4665 4042 4737">
    <p class='ocr_par' dir='ltr' id='par_1_108' title="bbox 2466 4665 4042 4737">
     <span class='ocr_line' id='line_1_108' title="bbox 2466 4665 4042 4737; baseline 0 -16"><span class='ocrx_word' id='word_1_789' title='bbox 2466 4668 2543 4732; x_wconf 78' lang='grc' dir='ltr'><strong>δὲ,</strong></span> <span class='ocrx_word' id='word_1_790' title='bbox 2569 4668 2646 4721; x_wconf 87' lang='grc' dir='ltr'>ὅτι</span> <span class='ocrx_word' id='word_1_791' title='bbox 2680 4668 2879 4729; x_wconf 82' lang='grc' dir='ltr'>παντὸς</span> <span class='ocrx_word' id='word_1_792' title='bbox 2910 4666 3078 4734; x_wconf 79' lang='grc' dir='ltr'>φόὸου</span> <span class='ocrx_word' id='word_1_793' title='bbox 3109 4667 3241 4736; x_wconf 79' lang='grc' dir='ltr'>ἡμῖν</span> <span class='ocrx_word' id='word_1_794' title='bbox 3286 4669 3404 4719; x_wconf 67' lang='grc' dir='ltr'>ἐστι</span> <span class='ocrx_word' id='word_1_795' title='bbox 3433 4665 3673 4736; x_wconf 81' lang='grc' dir='ltr'>γέμοντα</span> <span class='ocrx_word' id='word_1_796' title='bbox 3698 4668 3766 4720; x_wconf 82' lang='grc' dir='ltr'>τὰ</span> <span class='ocrx_word' id='word_1_797' title='bbox 3798 4668 4042 4737; x_wconf 76' lang='grc' dir='ltr'>προστά-</span> 
     </span>
    </p>
   </div>
   <div class='ocr_carea' id='block_1_109' title="bbox 2468 4756 4046 4829">
    <p class='ocr_par' dir='ltr' id='par_1_109' title="bbox 2468 4756 4046 4829">
     <span class='ocr_line' id='line_1_109' title="bbox 2468 4756 4046 4829; baseline -0.002 -17"><span class='ocrx_word' id='word_1_798' title='bbox 2468 4775 2658 4829; x_wconf 86' lang='grc' dir='ltr'>γματα</span> <span class='ocrx_word' id='word_1_799' title='bbox 2684 4760 2787 4812; x_wconf 82' lang='grc' dir='ltr'><strong>τῶν</strong></span> <span class='ocrx_word' id='word_1_800' title='bbox 2820 4757 3259 4828; x_wconf 81' lang='grc' dir='ltr'>αὐτοκρατόρων,</span> <span class='ocrx_word' id='word_1_801' title='bbox 3286 4758 3428 4809; x_wconf 84' lang='grc' dir='ltr'>ὥστε</span> <span class='ocrx_word' id='word_1_802' title='bbox 3452 4756 3484 4826; x_wconf 79' lang='grc' dir='ltr'><strong>ἢ</strong></span> <span class='ocrx_word' id='word_1_803' title='bbox 3518 4757 3741 4820; x_wconf 82' lang='grc' dir='ltr'>θύοντας</span> <span class='ocrx_word' id='word_1_804' title='bbox 3760 4759 3855 4810; x_wconf 62' lang='grc' dir='ltr'><strong>καὶ⁵</strong></span> <span class='ocrx_word' id='word_1_805' title='bbox 3881 4758 4046 4828; x_wconf 75' lang='grc' dir='ltr'>θεραο</span> 
     </span>
    </p>
   </div>
   <div class='ocr_carea' id='block_1_110' title="bbox 2476 4847 4045 4919">
    <p class='ocr_par' dir='ltr' id='par_1_110' title="bbox 2476 4847 4045 4919">
     <span class='ocr_line' id='line_1_110' title="bbox 2476 4847 4045 4919; baseline 0 -18"><span class='ocrx_word' id='word_1_806' title='bbox 2476 4849 2741 4914; x_wconf 85' lang='grc' dir='ltr'>πεύοντας</span> <span class='ocrx_word' id='word_1_807' title='bbox 2762 4852 2888 4913; x_wconf 82' lang='grc' dir='ltr'>τοὺς</span> <span class='ocrx_word' id='word_1_808' title='bbox 2915 4847 3069 4912; x_wconf 82' lang='grc' dir='ltr'>θεοὺς</span> <span class='ocrx_word' id='word_1_809' title='bbox 3103 4849 3249 4919; x_wconf 79' lang='grc' dir='ltr'>ὑμᾶς</span> <span class='ocrx_word' id='word_1_810' title='bbox 3285 4848 3411 4909; x_wconf 82' lang='grc' dir='ltr'>τοὺς</span> <span class='ocrx_word' id='word_1_811' title='bbox 3433 4848 3797 4919; x_wconf 75' lang='grc' dir='ltr'>Χριστιανοὺς</span> <span class='ocrx_word' id='word_1_812' title='bbox 3827 4850 3887 4903; x_wconf 68' lang='grc' dir='ltr'><strong>έν</strong></span> <span class='ocrx_word' id='word_1_813' title='bbox 3910 4850 4045 4903; x_wconf 75' lang='grc' dir='ltr'>πᾶσί</span> 
     </span>
    </p>
   </div>
   <div class='ocr_carea' id='block_1_111' title="bbox 2475 4939 4045 5013">
    <p class='ocr_par' dir='ltr' id='par_1_111' title="bbox 2475 4939 4045 5013">
     <span class='ocr_line' id='line_1_111' title="bbox 2475 4939 4045 5013; baseline -0.001 -18"><span class='ocrx_word' id='word_1_814' title='bbox 2475 4958 2536 4995; x_wconf 86' lang='grc' dir='ltr'><strong>τε</strong></span> <span class='ocrx_word' id='word_1_815' title='bbox 2575 4942 2850 5013; x_wconf 80' lang='grc' dir='ltr'>ὑπηκόους</span> <span class='ocrx_word' id='word_1_816' title='bbox 2886 4941 3084 5003; x_wconf 78' lang='grc' dir='ltr'>αὑτοὺς</span> <span class='ocrx_word' id='word_1_817' title='bbox 3156 4941 3488 5011; x_wconf 79' lang='grc' dir='ltr'>γενομένους</span> <span class='ocrx_word' id='word_1_818' title='bbox 3533 4939 3629 4993; x_wconf 68' lang='grc' dir='ltr'><strong>καὶ</strong></span> <span class='ocrx_word' id='word_1_819' title='bbox 3681 4941 3847 5009; x_wconf 74' lang='grc' dir='ltr'>τιμὰς</span> <span class='ocrx_word' id='word_1_820' title='bbox 3911 4942 4045 5009; x_wconf 82' lang='grc' dir='ltr'>παρ’</span> 
     </span>
    </p>
   </div>
   <div class='ocr_carea' id='block_1_112' title="bbox 2472 5031 4044 5102">
    <p class='ocr_par' dir='ltr' id='par_1_112' title="bbox 2472 5031 4044 5102">
     <span class='ocr_line' id='line_1_112' title="bbox 2472 5031 4044 5102; baseline -0.003 -15"><span class='ocrx_word' id='word_1_821' title='bbox 2472 5034 2647 5087; x_wconf 82' lang='grc' dir='ltr'>αὑτῶν</span> <span class='ocrx_word' id='word_1_822' title='bbox 2680 5032 3022 5102; x_wconf 77' lang='grc' dir='ltr'>κομίζεσθαι,</span> <span class='ocrx_word' id='word_1_823' title='bbox 3051 5034 3176 5094; x_wconf 80' lang='grc' dir='ltr'>τοὺς</span> <span class='ocrx_word' id='word_1_824' title='bbox 3205 5032 3262 5085; x_wconf 71' lang='grc' dir='ltr'><strong>δὲ</strong></span> <span class='ocrx_word' id='word_1_825' title='bbox 3298 5032 3370 5101; x_wconf 85' lang='grc' dir='ltr'>μὴ</span> <span class='ocrx_word' id='word_1_826' title='bbox 3416 5031 3646 5093; x_wconf 86' lang='grc' dir='ltr'>θύοντας</span> <span class='ocrx_word' id='word_1_827' title='bbox 3678 5034 4044 5101; x_wconf 85' lang='grc' dir='ltr'>τιμωρεῖσθαι</span> 
     </span>
    </p>
   </div>
   <div class='ocr_carea' id='block_1_113' title="bbox 2475 5120 4047 5195">
    <p class='ocr_par' dir='ltr' id='par_1_113' title="bbox 2475 5120 4047 5195">
     <span class='ocr_line' id='line_1_113' title="bbox 2475 5120 4047 5195; baseline -0.003 -17"><span class='ocrx_word' id='word_1_828' title='bbox 2475 5126 2615 5179; x_wconf 79' lang='grc' dir='ltr'>κατὰ</span> <span class='ocrx_word' id='word_1_829' title='bbox 2632 5125 2850 5195; x_wconf 77' lang='grc' dir='ltr'>κράτος.</span> <span class='ocrx_word' id='word_1_830' title='bbox 2869 5124 3027 5186; x_wconf 84' lang='grc' dir='ltr'>Θύεις</span> <span class='ocrx_word' id='word_1_831' title='bbox 3056 5122 3149 5176; x_wconf 83' lang='grc' dir='ltr'><strong>οὑν</strong></span> <span class='ocrx_word' id='word_1_832' title='bbox 3172 5126 3284 5186; x_wconf 83' lang='grc' dir='ltr'>τοῖς</span> <span class='ocrx_word' id='word_1_833' title='bbox 3308 5123 3451 5183; x_wconf 83' lang='grc' dir='ltr'>θεοῖς</span> <span class='ocrx_word' id='word_1_834' title='bbox 3474 5122 3570 5174; x_wconf 72' lang='grc' dir='ltr'><strong>καὶ</strong></span> <span class='ocrx_word' id='word_1_835' title='bbox 3598 5120 3913 5191; x_wconf 80' lang='grc' dir='ltr'>πειθαρχεῖς</span> <span class='ocrx_word' id='word_1_836' title='bbox 3935 5124 4047 5185; x_wconf 78' lang='grc' dir='ltr'>τοῖς</span> 
     </span>
    </p>
   </div>
   <div class='ocr_carea' id='block_1_114' title="bbox 2471 5216 4046 5291">
    <p class='ocr_par' dir='ltr' id='par_1_114' title="bbox 2471 5216 4046 5291">
     <span class='ocr_line' id='line_1_114' title="bbox 2471 5216 4046 5291; baseline -0.004 -15"><span class='ocrx_word' id='word_1_837' title='bbox 2471 5222 2657 5291; x_wconf 83' lang='grc' dir='ltr'>νόμοις</span> <span class='ocrx_word' id='word_1_838' title='bbox 2685 5221 2793 5289; x_wconf 81' lang='grc' dir='ltr'>τῷν</span> <span class='ocrx_word' id='word_1_839' title='bbox 2829 5221 3114 5291; x_wconf 70' lang='grc' dir='ltr'>βασιλέων,</span> <span class='ocrx_word' id='word_1_840' title='bbox 3146 5218 3384 5289; x_wconf 77' lang='grc' dir='ltr'>ἢάκμὴν</span> <span class='ocrx_word' id='word_1_841' title='bbox 3414 5219 3755 5285; x_wconf 77' lang='grc' dir='ltr'>ἁντιλέγειςς</span> <span class='ocrx_word' id='word_1_842' title='bbox 3806 5218 3863 5268; x_wconf 83' lang='grc' dir='ltr'>Ὀ</span> <span class='ocrx_word' id='word_1_843' title='bbox 3890 5216 4046 5285; x_wconf 75' lang='grc' dir='ltr'>ᾶγιος</span> 
     </span>
    </p>
   </div>
   <div class='ocr_carea' id='block_1_115' title="bbox 2486 5310 4047 5382">
    <p class='ocr_par' dir='ltr' id='par_1_115' title="bbox 2486 5310 4047 5382">
     <span class='ocr_line' id='line_1_115' title="bbox 2486 5310 4047 5382; baseline -0.004 -13"><span class='ocrx_word' id='word_1_844' title='bbox 2486 5316 2737 5378; x_wconf 77' lang='grc' dir='ltr'>’Δκάκιος</span> <span class='ocrx_word' id='word_1_845' title='bbox 2770 5310 2957 5368; x_wconf 70' lang='grc' dir='ltr'>εἶπεν*</span> <span class='ocrx_word' id='word_1_846' title='bbox 3018 5315 3126 5365; x_wconf 74' lang='grc' dir='ltr'>Καὶ</span> <span class='ocrx_word' id='word_1_847' title='bbox 3161 5314 3253 5365; x_wconf 73' lang='grc' dir='ltr'>ἐπὶ</span> <span class='ocrx_word' id='word_1_848' title='bbox 3285 5313 3507 5382; x_wconf 82' lang='grc' dir='ltr'>Φήρμου</span> <span class='ocrx_word' id='word_1_849' title='bbox 3540 5312 3798 5373; x_wconf 78' lang='grc' dir='ltr'>πολλάκις</span> <span class='ocrx_word' id='word_1_850' title='bbox 3832 5313 4047 5378; x_wconf 68' lang='grc' dir='ltr'>ἐπερω-</span> 
     </span>
    </p>
   </div>
   <div class='ocr_carea' id='block_1_116' title="bbox 2475 5400 4046 5477">
    <p class='ocr_par' dir='ltr' id='par_1_116' title="bbox 2475 5400 4046 5477">
     <span class='ocr_line' id='line_1_116' title="bbox 2475 5400 4046 5477; baseline -0.004 -17"><span class='ocrx_word' id='word_1_851' title='bbox 2475 5409 2679 5477; x_wconf 63' lang='grc' dir='ltr'>τηθεὶς,</span> <span class='ocrx_word' id='word_1_852' title='bbox 2704 5408 3024 5477; x_wconf 75' lang='grc' dir='ltr'>ὡμολόγησα</span> <span class='ocrx_word' id='word_1_853' title='bbox 3042 5405 3364 5473; x_wconf 83' lang='grc' dir='ltr'>Χριστιανὸν</span> <span class='ocrx_word' id='word_1_854' title='bbox 3383 5403 3571 5456; x_wconf 73' lang='grc' dir='ltr'>ἑαυτὸν</span> <span class='ocrx_word' id='word_1_855' title='bbox 3592 5400 3747 5467; x_wconf 72' lang='grc' dir='ltr'>εἶναι,</span> <span class='ocrx_word' id='word_1_856' title='bbox 3775 5406 3868 5455; x_wconf 68' lang='grc' dir='ltr'><strong>καὶ</strong></span> <span class='ocrx_word' id='word_1_857' title='bbox 3886 5404 4046 5457; x_wconf 82' lang='grc' dir='ltr'>πάλιν</span> 
     </span>
    </p>
   </div>
   <div class='ocr_carea' id='block_1_117' title="bbox 2478 5496 4045 5567">
    <p class='ocr_par' dir='ltr' id='par_1_117' title="bbox 2478 5496 4045 5567">
     <span class='ocr_line' id='line_1_117' title="bbox 2478 5496 4045 5567; baseline -0.002 -17"><span class='ocrx_word' id='word_1_858' title='bbox 2478 5500 2617 5565; x_wconf 79' lang='grc' dir='ltr'>λέγω</span> <span class='ocrx_word' id='word_1_859' title='bbox 2647 5502 2725 5553; x_wconf 78' lang='grc' dir='ltr'>ὅτι</span> <span class='ocrx_word' id='word_1_860' title='bbox 2755 5498 3072 5567; x_wconf 79' lang='grc' dir='ltr'>Χριστιανός</span> <span class='ocrx_word' id='word_1_861' title='bbox 3101 5498 3237 5561; x_wconf 89' lang='grc' dir='ltr'>είμι,</span> <span class='ocrx_word' id='word_1_862' title='bbox 3269 5498 3363 5548; x_wconf 73' lang='grc' dir='ltr'><strong>καὶ</strong></span> <span class='ocrx_word' id='word_1_863' title='bbox 3396 5496 3455 5547; x_wconf 83' lang='grc' dir='ltr'><strong>οὑ</strong></span> <span class='ocrx_word' id='word_1_864' title='bbox 3485 5496 3602 5548; x_wconf 84' lang='grc' dir='ltr'><strong>θύω</strong></span> <span class='ocrx_word' id='word_1_865' title='bbox 3626 5496 3879 5561; x_wconf 71' lang='grc' dir='ltr'>δαίμοσιν</span> <span class='ocrx_word' id='word_1_866' title='bbox 3908 5497 4045 5547; x_wconf 59' lang='lat' dir='ltr'><strong>ﬁxa-</strong></span> 
     </span>
    </p>
   </div>
   <div class='ocr_carea' id='block_1_118' title="bbox 2479 5583 4045 5661">
    <p class='ocr_par' dir='ltr' id='par_1_118' title="bbox 2479 5583 4045 5661">
     <span class='ocr_line' id='line_1_118' title="bbox 2479 5583 4045 5661; baseline -0.005 -18"><span class='ocrx_word' id='word_1_867' title='bbox 2479 5593 2699 5661; x_wconf 78' lang='grc' dir='ltr'>θάρτοις</span> <span class='ocrx_word' id='word_1_868' title='bbox 2733 5593 2881 5644; x_wconf 76' lang='grc' dir='ltr'>ποτέ.</span> <span class='ocrx_word' id='word_1_869' title='bbox 2934 5594 2998 5643; x_wconf 83' lang='lat'><strong>&#39;0</strong></span> <span class='ocrx_word' id='word_1_870' title='bbox 3041 5590 3299 5656; x_wconf 78' lang='grc' dir='ltr'>δικαστὴς</span> <span class='ocrx_word' id='word_1_871' title='bbox 3331 5583 3481 5639; x_wconf 77' lang='grc' dir='ltr'>εἶπεν</span> <span class='ocrx_word' id='word_1_872' title='bbox 3504 5606 3515 5617; x_wconf 88' lang='grc'><strong>·</strong></span> <span class='ocrx_word' id='word_1_873' title='bbox 3569 5587 3708 5651; x_wconf 76' lang='grc' dir='ltr'><strong>Ἐγὼ</strong></span> <span class='ocrx_word' id='word_1_874' title='bbox 3746 5588 3822 5637; x_wconf 78' lang='grc' dir='ltr'>ἔτι</span> <span class='ocrx_word' id='word_1_875' title='bbox 3858 5589 3917 5637; x_wconf 86' lang='grc' dir='ltr'><strong>τὸ</strong></span> <span class='ocrx_word' id='word_1_876' title='bbox 3949 5587 4045 5649; x_wconf 74' lang='grc' dir='ltr'>τῆς</span> 
     </span>
    </p>
   </div>
   <div class='ocr_carea' id='block_1_119' title="bbox 2481 5677 4043 5753">
    <p class='ocr_par' dir='ltr' id='par_1_119' title="bbox 2481 5677 4043 5753">
     <span class='ocr_line' id='line_1_119' title="bbox 2481 5677 4043 5753; baseline -0.008 -18"><span class='ocrx_word' id='word_1_877' title='bbox 2481 5685 2693 5751; x_wconf 67' lang='grc' dir='ltr'>ἡλικίας</span> <span class='ocrx_word' id='word_1_878' title='bbox 2730 5702 2819 5737; x_wconf 92' lang='grc' dir='ltr'><strong>σου</strong></span> <span class='ocrx_word' id='word_1_879' title='bbox 2853 5685 3048 5753; x_wconf 72' lang='grc' dir='ltr'>μέτρον</span> <span class='ocrx_word' id='word_1_880' title='bbox 3079 5681 3359 5750; x_wconf 71' lang='grc' dir='ltr'>οἰκτείρωο</span> <span class='ocrx_word' id='word_1_881' title='bbox 3404 5681 3512 5745; x_wconf 73' lang='grc' dir='ltr'>ὁρῶ</span> <span class='ocrx_word' id='word_1_882' title='bbox 3545 5679 3649 5747; x_wconf 82' lang='grc' dir='ltr'>γάρ</span> <span class='ocrx_word' id='word_1_883' title='bbox 3683 5694 3739 5729; x_wconf 83' lang='grc' dir='ltr'><strong>σε</strong></span> <span class='ocrx_word' id='word_1_884' title='bbox 3779 5678 3853 5743; x_wconf 74' lang='grc' dir='ltr'><strong>μὴ</strong></span> <span class='ocrx_word' id='word_1_885' title='bbox 3886 5677 4043 5727; x_wconf 63' lang='grc' dir='ltr'>πλέον</span> 
     </span>
    </p>
   </div>
   <div class='ocr_carea' id='block_1_120' title="bbox 2482 5766 4041 5829">
    <p class='ocr_par' dir='ltr' id='par_1_120' title="bbox 2482 5766 4041 5829">
     <span class='ocr_line' id='line_1_120' title="bbox 2482 5766 4041 5829; baseline -0.004 -2"><span class='ocrx_word' id='word_1_886' title='bbox 2482 5776 2652 5828; x_wconf 74' lang='grc' dir='ltr'>εἴκοσι</span> <span class='ocrx_word' id='word_1_887' title='bbox 2675 5779 2760 5829; x_wconf 74' lang='grc' dir='ltr'><strong>καί</strong></span> <span class='ocrx_word' id='word_1_888' title='bbox 2795 5784 2831 5826; x_wconf 87' lang='grc' dir='ltr'>ε’</span> <span class='ocrx_word' id='word_1_889' title='bbox 2869 5776 3003 5826; x_wconf 74' lang='grc' dir='ltr'>ἑτῶν</span> <span class='ocrx_word' id='word_1_890' title='bbox 3032 5775 3158 5827; x_wconf 73' lang='grc' dir='ltr'>ὄντα</span> <span class='ocrx_word' id='word_1_891' title='bbox 3181 5789 3191 5800; x_wconf 87' lang='grc'><em>’</em></span> <span class='ocrx_word' id='word_1_892' title='bbox 3218 5772 3349 5823; x_wconf 62' lang='grc' dir='ltr'>ἀλλὰ</span> <span class='ocrx_word' id='word_1_893' title='bbox 3387 5772 3473 5823; x_wconf 62' lang='grc' dir='ltr'>καὶ</span> <span class='ocrx_word' id='word_1_894' title='bbox 3501 5768 3556 5819; x_wconf 67' lang='grc' dir='ltr'>τὸ</span> <span class='ocrx_word' id='word_1_895' title='bbox 3590 5771 3674 5819; x_wconf 80' lang='grc' dir='ltr'>τοῦ</span> <span class='ocrx_word' id='word_1_896' title='bbox 3711 5766 4041 5829; x_wconf 69' lang='grc' dir='ltr'>στρατιώτου</span> 
     </span>
    </p>
   </div>
  </div>
