4230 6436
209 417 320 480 995

1303 417 1471 476 VlTA
1516 418 1575 477 S.
1619 415 1870 475 ACACII
1916 415 2402 478 CAPPADOCIS.

3345 423 3457 484 225

206 530 397 599 σχῆμα
425 523 712 587 αἰδεσθεὶς,
747 523 847 578 οὒκ
872 523 1112 593 ἠθέλησα
1149 523 1440 592 τιμωρίαις
1484 540 1541 575 σε
1581 523 1788 576 ὑποϐα-

1895 543 2212 596 proseqiior.
2251 525 2420 580 Video
2444 528 2583 580 enim
2613 536 2663 582 te
2693 542 2797 581 non
2829 528 3058 598 amplius
3091 545 3252 600 quam
3278 535 3465 602 viginti

203 621 352 673 λείν·
390 618 484 670 ἐὰν
521 618 574 669 δὲ
601 617 862 686 ἐμμένεις
901 618 967 684 τῇ
1001 616 1183 685 μωρίᾳ
1215 614 1421 684 ἐκείνῃ,
1453 615 1786 680 ἀναγκάσεις

207 729 275 782 με
308 710 400 762 τοῦ
451 711 753 775 ἐπαγαγεῖν
813 723 895 759 σοι
932 705 1194 774 βασάνους
1231 707 1432 772 πικρὰς
1472 705 1565 755 καὶ
1590 703 1790 772 ἀνηκέ-

205 821 390 866 στους.
431 805 488 856 ’0
528 807 676 869 Ξγιος
725 803 977 861 Ἀκάκιος
1001 796 1189 853 εἶπεν⁹
1231 801 1296 852 Ὅ
1323 799 1524 868 βούλει,
1560 800 1704 851 ποίει
1733 801 1790 850 ὲν

204 897 386 964 τάχει,
422 893 576 962 κάγὼ
611 895 717 964 γὰρ
746 895 773 945 ὂ
803 895 896 946 νῦν
927 894 1066 944 ποιῶ
1093 893 1192 945 οὐκ
1222 892 1338 944 ἐστι
1393 892 1593 960 μωρὸν,
1654 889 1791 942 ἀλλὰ

203 993 300 1041 καὶ
340 991 480 1041 πάιυ
513 991 809 1058 φρόνιμον,
842 989 928 1040 ἵνα
956 991 1046 1042 τὸν
1073 987 1377 1054 ποιήσαντά
1405 1003 1469 1054 με
1500 986 1595 1038 καὶ
1622 984 1790 1054 μέχρι

199 1083 300 1134 τοῦ
335 1082 428 1133 νῦν
453 1081 852 1147 προνοούμενον
881 1098 971 1146 μοι
999 1080 1073 1149 μὴ
1114 1078 1521 1146 ὲγκαταλείπω.
1561 1077 1652 1128 τὸν
1689 1077 1786 1143 μό·

204 1193 298 1228 νον
338 1174 595 1242 ἀληθινὸν
646 1174 798 1226 Θεὸν.
843 1174 903 1224 '0
939 1173 1196 1241 δικαστὴς
1255 1167 1435 1223 εἶπενο
1475 1168 1598 1230 Πῶς
1631 1168 1794 1236 μόνον

205 1268 344 1334 ἔφης
369 1261 506 1316 εἶναι
540 1264 790 1332 ἀληθινὸν
820 1265 972 1328 Θεὸν,
1008 1265 1169 1316 ὁπότε
1207 1263 1408 1329 λέγεις,
1430 1261 1521 1313 τὸν
1550 1261 1788 1330 Χριστὸν

205 1358 338 1410 Υίὺν
369 1353 507 1410 εἶναι
537 1357 704 1421 Θεοῦς
740 1358 951 1426 ἀνάγκη
987 1356 1153 1418 πᾶσα,
1193 1357 1240 1407 εί
1275 1354 1398 1416 Υἱὸς
1440 1352 1532 1406 καὶ
1568 1354 1679 1415 ῐσος
1706 1353 1791 1422 εἴη

204 1448 283 1516 τῷ
330 1448 524 1517 Πατρὶ,
581 1447 672 1500 δύο
708 1447 903 1509 αὐτοὺς
942 1444 1102 1511 εἶναι,
1157 1445 1342 1498 λοιπὸν
1395 1447 1488 1496 καὶ
1531 1444 1653 1513 ούχὶ
1698 1443 1794 1496 ἕνα

201 1540 362 1592 θεον.
400 1539 500 1591 Δύο
530 1534 669 1592 εἶναι
704 1541 796 1591 καὶ
825 1539 980 1590 αὐτοὶ
1012 1538 1264 1605 λέγοντες
1297 1537 1452 1598 Θςοίις
1473 1574 1488 1599 ,
1533 1535 1649 1598 πῶς
1685 1535 1783 1590 νῦν

201 1633 299 1684 ινα
365 1635 669 1700 ἒκφιυνεῖςς
735 1633 1096 1699 Ἀναγκαζεις
1173 1647 1240 1698 με
1309 1630 1418 1698 γὰρ
1477 1629 1790 1696 ληρο).ογεῖν

207 1723 346 1790 μετὰ
384 1723 498 1787 σοῦ,
525 1726 696 1785 οὕτως
726 1723 972 1791 ἓκΟεσμα
999 1722 1094 1773 καί
1129 1722 1451 1790 ἀνάρμοστα
1484 1719 1712 1785 ὁμιλῶν.

1890 618 2126 686 quinque
2187 632 2356 670 annos
2407 628 2624 670 natum.
2681 616 3011 684 Quinetiam
3046 621 3332 676 militarem
3384 625 3470 679 di-

1893 708 2152 776 gnitatem
2182 710 2467 771 reveritus,
2502 709 2645 762 nolui
2696 720 2744 763 te
2785 710 2968 764 statim
3023 716 3304 769 tormentis
3339 715 3471 769 sub-

1892 798 2081 867 jicere.
2111 798 2181 850 At
2218 800 2263 852 si
2317 800 2521 852 diutius
2553 800 2605 852 in
2638 801 2738 854 ista
2779 810 2866 854 tua
2921 801 3131 856 insania
3189 806 3468 871 persistes,

1891 904 2051 958 coges
2082 904 2168 942 me
2210 888 2618 942 inevitabilibus
2655 892 2942 946 tormentis
2985 903 3034 945 te
3065 893 3355 961 subjicere.
3385 896 3468 950 Ad

1895 980 2010 1034 haec
2038 979 2270 1033 Aeacius
2306 998 2318 1034 :
2351 980 2504 1045 Quod
2560 981 2680 1034 volo
2711 981 2892 1035 facere
2937 999 3039 1037 non
3071 989 3313 1048 stultum,
3371 986 3468 1040 sed

1895 1071 2050 1126 Valde
2083 1070 2316 1140 prudens
2347 1081 2401 1125 et
2429 1074 2535 1122 Deo
2565 1082 2778 1139 gratum
2805 1088 2940 1140 opus
2965 1085 3068 1138 est,
3104 1085 3159 1126 ut
3200 1091 3342 1138 eum,
3371 1076 3466 1144 qui

1897 1175 1982 1212 me
2009 1160 2236 1224 creavit,
2271 1168 2325 1212 et
2348 1158 2410 1212 ad
2447 1160 2588 1211 hunc
2620 1174 2788 1227 usque
2820 1161 2960 1213 diem
2992 1163 3332 1230 providentia
3367 1180 3464 1218 sua

1898 1261 2218 1319 prosecutus
2287 1260 2391 1313 est,
2450 1267 2555 1305 non
2602 1251 2847 1304 deseram
2911 1269 2924 1303 :
2979 1253 3165 1314 illiilli,
3222 1255 3468 1323 inquam,

1900 1341 2100 1411 ipsum,
2134 1340 2224 1408 qui
2258 1340 2404 1393 solus
2434 1349 2514 1392 est
2549 1354 2709 1394 rerus
2767 1341 2930 1394 Deus.
2969 1341 3267 1409 Quomodo,
3296 1343 3471 1413 inquit

1894 1432 2079 1502 jiidex,
2116 1430 2303 1485 dixisti
2339 1430 2512 1482 solum
2547 1445 2670 1484 esse
2707 1445 2894 1484 verum
2935 1433 3122 1497 Deum,
3158 1449 3280 1486 cum
3317 1435 3470 1487 dicas

1896 1523 2174 1579 Christum
2209 1522 2303 1576 Dei
2343 1519 2536 1576 Filium
2586 1522 2754 1578 esse?
2801 1521 3036 1576 Omnino
3065 1528 3210 1578 enim
3247 1539 3472 1579 necesse

1895 1626 1997 1678 est,
2036 1627 2092 1669 ut
2122 1617 2166 1670 si
2205 1614 2377 1668 Filius
2413 1626 2518 1681 est,
2561 1624 2614 1668 et
2652 1614 2798 1669 Patri
2837 1630 2929 1686 par
2963 1617 3078 1671 sit:
3113 1625 3167 1673 et
3227 1617 3299 1672 ita
3361 1636 3470 1674 non

1896 1725 2057 1773 unus,
2092 1708 2184 1760 sed
2217 1707 2322 1760 duo
2353 1707 2460 1760 sint
2487 1708 2581 1760 dii.
2606 1708 2738 1760 Cum
2771 1709 2931 1778 igitur
2961 1718 3014 1763 et
3046 1711 3142 1778 ipsi
3173 1713 3304 1766 duos
3334 1711 3474 1765 Deos

211 1817 427 1876 dicatis,
482 1831 650 1882 quare
707 1832 849 1869 nunc
883 1831 1048 1868 unum
1105 1815 1272 1868 Deum
1331 1811 1577 1882 profers?
1626 1809 1786 1879 Cogis
1857 1805 1998 1861 enim
2037 1816 2121 1855 me
2155 1810 2330 1854 tecum
2359 1799 2576 1868 nugari,
2612 1815 2730 1853 cum
2769 1802 2870 1853 ista
2956 1812 3009 1854 tu
3055 1818 3198 1855 nunc
3239 1804 3474 1858 absurda

208 1915 264 1957 et
300 1905 620 1957 inconcinna
649 1905 798 1957 dicas
837 1921 850 1957 :

270 1997 348 2052 0'.
391 2000 449 2051 Ὀ
474 1985 626 2065 ἅγιος
667 2001 925 2062 Ἀκάκιος
973 1997 1161 2054 εἶπεν·
1216 1998 1464 2052 Πιστεύω
1484 1997 1562 2067 τῷ
1615 1995 1790 2067 Ἰησοῦ
1830 2005 1870 2059 Β

198 2089 281 2160 τῷ
313 2092 682 2160 σταυρωθέντι
721 2091 814 2143 ἐπὶ
845 2092 1070 2143 Ποντίου
1108 2090 1363 2150 Πιλάτου,
1418 2089 1640 2156 δοθῆναί
1701 2103 1791 2154 μοι

199 2180 363 2248 λόγον
394 2182 479 2232 διὰ
510 2181 604 2232 τοῦ
640 2181 957 2249 Πνεύματος
993 2179 1158 2232 αὑτοῦ
1197 2178 1291 2230 τοῦ
1325 2178 1483 2244 ἁγίου
1527 2179 1664 2248 πρὸς
1695 2177 1792 2244 τὴν

198 2269 544 2338 ἑπερώτησιν
579 2269 782 2337 ταύτην
810 2266 904 2318 τοῦ
937 2267 1278 2334 διασαφῆσαι
1304 2266 1476 2332 αὑτήν
1495 2280 1506 2293 ο
1536 2265 1594 2314 ού
1625 2265 1731 2330 γὰρ
1757 2264 1788 2331 ἡ

198 2359 443 2426 τυχοῦσα
475 2360 621 2408 ἐστιν
670 2356 808 2424 αὕτη
855 2355 1216 2423 ἐπερώτησις,
1263 2352 1378 2414 πῶς
1406 2351 1500 2402 δύο
1542 2349 1794 2414 λέγοντες

200 2449 380 2509 θεοὺς,
423 2448 516 2499 ἕνα
552 2448 878 2516 προσκυνεῖν
907 2445 1040 2498 Θεὸν
1066 2441 1518 2511 ἐπαγγελλόμεθα
1540 2457 1554 2471 ·
1601 2439 1710 2505 ἐγὼ
1737 2439 1792 2491 δέ

202 2557 286 2592 σοι
317 2540 480 2606 λέγω,
512 2540 767 2598 δικαστὰ,
809 2540 902 2589 καὶ
931 2538 989 2588 τὸ
1027 2536 1252 2603 Πνεῦμα
1285 2533 1345 2584 τὸ
1380 2534 1534 2598 ἆγιον
1585 2531 1791 2598 ἀχώρι-

201 2647 330 2683 στον
363 2627 502 2684 εἶναι
539 2628 632 2681 τοῦ
688 2630 899 2697 Πατρος
930 2629 1023 2679 καὶ
1057 2626 1148 2678 τοῦ
1200 2624 1352 2688 Υἱοῦ,
1399 2624 1490 2676 καὶ
1522 2617 1658 2674 εἶναι
1693 2622 1792 2688 μὲν

199 2724 333 2791 τρία
369 2723 634 2791 πρόσωπα
663 2721 719 2770 ὲν
754 2720 901 2789 τρισὶ
936 2718 1354 2787 προσηγορίαις,
1390 2715 1518 2784 μίαν
1550 2714 1603 2767 δὲ
1627 2713 1787 2766 δύνα-

206 2830 304 2882 μιν
354 2813 449 2864 καὶ
484 2810 715 2879 Θεοτητα
757 2808 962 2861 τούτων
1003 2808 1111 2860 τῶν
1171 2808 1452 2874 ὀνομάτων
1483 2805 1750 2874 ὑπάρχειν
1776 2817 1788 2830 °

202 2906 304 2956 ἱνα
329 2906 384 2957 δὲ
424 2905 654 2972 λέγομεν
687 2902 821 2956 Θεὸν
855 2903 1043 2972 ἔχοντα
1071 2899 1164 2953 καὶ
1193 2901 1385 2966 Λόγον,
1415 2899 1506 2950 καὶ
1542 2898 1667 2948 ἄνευ
1697 2894 1790 2946 τοῦ

203 2996 442 3057 ζωτικοῦ
513 2996 830 3062 [Ινεύματος
897 2994 972 3063 μὴ
1003 2990 1164 3044 εἶναι.
1219 2992 1424 3060 Δίδωμι
1471 2990 1528 3041 δέ
1588 3005 1668 3040 σοι
1700 2987 1792 3040 καὶ

204 3088 511 3154 ὑπόδειγμα
537 3085 816 3155 ἐγχωροῦν
844 3086 965 3136 δεον
1001 3084 1136 3151 πρὸς
1164 3085 1262 3149 τὴν
1285 3082 1562 3151 ἡμετέραν
1581 3079 1791 3150 ἀνορω-

205 3179 368 3245 τείνῃν
397 3177 622 3245 δύναμιν
653 3178 710 3226 ἐν
744 3175 919 3245 τούτῳ
1009 3173 1198 3242 ὥσπερ
1231 3176 1257 3225 6
1315 3175 1567 3241 βασιλεὺς
1600 3174 1626 3224 6
1676 3171 1789 3236 νῦν,

202 3270 262 3322 ὃν
301 3271 360 3320 σὺ
381 3267 710 3338 ἐπιγράψεις
734 3267 1023 3336 δεσπότην,
1051 3264 1161 3334 ἐγὼ
1188 3265 1294 3334 γὰρ
1321 3265 1606 3331 ἄνθρωπον
1632 3263 1793 3316 αὑτὸν

1971 1989 2060 2042 IX.
2091 1986 2228 2040 Tum
2271 1984 2504 2039 Aeacius
2548 2002 2560 2038 :
2601 1983 2711 2053 Ego
2751 1989 2936 2048 credo,
2983 2001 3034 2040 et
3091 1988 3144 2041 in
3182 1986 3331 2053 Jesu,
3379 1989 3471 2059 qul

1901 2085 2002 2136 sub
2036 2082 2226 2134 Pontio
2267 2079 2438 2132 Pilato
2469 2078 2762 2133 cruciﬁxus
2789 2079 2909 2143 fuit,
2947 2094 3096 2147 spem
3146 2081 3342 2145 habeo,
3385 2082 3474 2138 fu-

1902 2185 2098 2233 turum,
2126 2184 2182 2224 ut
2213 2174 2342 2224 mihi
2375 2188 2470 2238 per
2496 2179 2740 2224 sanctum
2773 2171 2889 2239 ejus
2911 2173 3169 2240 Spiritum
3202 2179 3472 2230 sermonis

1898 2261 2126 2316 facultas
2153 2270 2498 2329 suggeratur,
2550 2275 2650 2325 qua
2687 2260 3094 2327 interroigalioni
3127 2273 3227 2315 tua:
3253 2278 3475 2329 respon-

1901 2354 2051 2412 dere,
2091 2362 2143 2404 et
2173 2351 2524 2419 quaestionem
2580 2360 2724 2403 tuam
2762 2350 3034 2416 explicare
3082 2354 3308 2418 possim.
3351 2353 3470 2406 Non

1903 2443 2138 2509 vulgaris
2169 2441 2399 2509 qurstio
2430 2442 2542 2493 haec
2574 2450 2677 2500 est,
2711 2455 2876 2507 quare
2909 2457 3030 2494 cuin
3061 2443 3198 2496 duos
3221 2445 3469 2496 nomine-

1903 2549 2043 2594 mus,
2082 2548 2244 2584 unum
2289 2531 2452 2584 Deum
2491 2549 2518 2584 a
2555 2532 2707 2584 nobis
2754 2532 2854 2584 coli
2913 2535 3283 2600 proliteamur.
3341 2535 3472 2588 Dico

1901 2623 2060 2690 igitur
2094 2623 2186 2675 tibi
2214 2633 2267 2674 et
2292 2620 2558 2692 Spiritum
2591 2637 2838 2678 sanctum
2869 2641 2898 2678 a
2932 2625 3092 2679 Patre
3117 2637 3170 2679 et
3194 2625 3330 2680 Filio
3348 2642 3475 2681 esse

1902 2716 2344 2783 inseparabilem,
2407 2731 2471 2768 ac
2522 2725 2629 2769 tres
2670 2718 2886 2785 quidem
2946 2734 3206 2786 personas
3260 2721 3468 2774 essein

1902 2809 2072 2862 tribus
2145 2807 2618 2876 appellationibus,
2679 2809 2770 2862 sed
2831 2825 2992 2862 unam
3044 2821 3225 2864 tamen
3277 2811 3468 2865 borum

1902 2902 2179 2954 nominum
2247 2901 2542 2968 potentiam
2590 2916 2711 2954 esse
2770 2916 2833 2956 ac
2873 2903 3227 2955 divinitatem.
3293 2903 3471 2958 Unum

1899 3001 2076 3042 autem
2112 2991 2342 3044 dicimus
2399 2990 2588 3057 Deum,
2653 2991 2941 3046 lialientem
2987 3003 3040 3046 et
3090 2993 3346 3060 Verbum,
3416 3004 3473 3051 et

1903 3081 2163 3152 Spiritum
2221 3095 2496 3137 Sanctum.
2561 3085 3028 3140 Absurdissimum
3105 3089 3248 3140 enim
3300 3098 3470 3154 esset,

1905 3174 2068 3228 Deum
2106 3173 2220 3227 siue
2274 3171 2473 3240 Verbo,
2515 3185 2569 3228 et
2620 3175 2741 3230 sine
2793 3177 2939 3230 vitali
2997 3177 3199 3247 Spiritu
3267 3179 3468 3234 dicere.

1903 3264 2067 3333 quue
2102 3267 2352 3336 exemplo
2403 3268 2500 3327 tibi
2531 3270 2837 3338 ostendam,
2875 3272 2938 3322 ad
2976 3270 3114 3324 hanc
3145 3273 3314 3339 ipsam
3354 3287 3467 3326 rem

203 3361 371 3426 λέγω,
407 3360 541 3411 ἀλλὰ
575 3363 667 3411 καὶ
701 3359 880 3427 κρίσει
916 3359 1124 3426 μείζονι
1165 3354 1551 3424 ὑποκείμενον,
1587 3354 1700 3423 ἔχει
1735 3355 1792 3406 δὲ

1898 3357 2274 3425 explicandam
2325 3361 2762 3425 accommodato,
2799 3371 3069 3428 quatenus
3105 3362 3354 3418 humana:
3391 3363 3470 3418 fa-

207 3453 322 3503 υἰον
355 3452 447 3501 καὶ
495 3450 740 3515 λέγεται,
775 3451 821 3498 εἰ
877 3449 1052 3517 τύχοι,
1086 3441 1239 3508 οὗτος
1275 3445 1636 3512 Μαξιμιανὸς,
1676 3446 1702 3497 6
1737 3443 1794 3496 δὲ

206 3543 324 3601 υἱὸς
349 3540 510 3591 αὑτοῦ
547 3539 873 3602 Μαξέντιος,
911 3542 1004 3591 καὶ
1029 3542 1135 3590 εἰσὶ
1159 3537 1251 3589 δύο
1285 3537 1380 3605 μὲν
1435 3537 1726 3606 πρόσωπα,
1761 3539 1793 3608 ἡ

203 3635 261 3686 δὲ
287 3633 445 3700 φύσις
481 3631 683 3693 αὐτῶν,
717 3628 864 3680 τοῦτ’
902 3631 1049 3680 ἔστιν
1091 3631 1189 3695 τῆς
1224 3629 1670 3698 ἀνθρωπότητοῖν
1701 3631 1797 3699 μία

205 3725 303 3778 καὶ
331 3727 363 3793 ἡ
417 3723 671 3793 βασιλεία
727 3722 824 3788 μία
862 3723 955 3772 καὶ
990 3721 1295 3789 ἀδιαίρετος
1328 3721 1423 3771 τοῦ
1468 3723 1674 3789 πατρὸς
1706 3725 1798 3774 καὶ

205 3818 303 3870 τοῦ
345 3819 491 3870 υἱοῦ·
536 3817 762 3885 τιμᾶται
793 3814 901 3886 γὰρ
935 3816 963 3867 6
993 3817 1105 3877 υἱὸς
1131 3815 1218 3867 διὰ
1250 3815 1340 3868 τον
1369 3815 1602 3884 πατέρα,
1639 3814 1732 3868 καὶ
1766 3818 1794 3868 6

207 3909 394 3977 πατὴρ
437 3908 526 3958 διὰ
583 3909 673 3958 τὸν
704 3908 818 3958 ul.er
844 3921 858 3934 ·
894 3907 985 3957 τὸν
1038 3906 1200 3958 αὑτὸν
1244 3905 1308 3976 δὴ
1344 3907 1544 3975 τρόπον
1578 3909 1669 3959 καὶ
1699 3905 1796 3959 ἐπὶ

206 3999 302 4052 τοῦ
337 3999 474 4049 Θεοῦ
507 3999 599 4065 τῆς
633 3997 784 4058 θείας
809 3999 996 4056 οὐσίας
1024 3998 1151 4064 μίας
1172 3996 1337 4064 οὔσης
1371 3999 1463 4048 καὶ
1494 3998 1791 4066 ἀτρέστου,

209 4090 346 4143 Θεοῦ
382 4107 440 4143 τε
521 4090 614 4142 καὶ
653 4087 747 4140 τοῦ
780 4089 953 4154 Λόγου
985 4087 1172 4151 αὑτοῦ,
1210 4088 1303 4140 καὶ
1350 4087 1443 4139 τοῦ
1478 4090 1798 4157 Πνεύματος

210 4183 378 4236 αὑτοῦ
402 4183 497 4236 τοῦ
527 4183 681 4250 ἁγίου
707 4200 719 4213 ·
754 4176 834 4246 εἷς
868 4183 961 4234 καὶ
991 4181 1198 4251 ἀληθὴς
1236 4180 1367 4242 Θεὸς
1402 4181 1430 4232 6
1474 4182 1603 4249 παρ’
1639 4182 1796 4249 ἡμῶν

211 4275 718 4343 προσκυνούμενος.

1899 3449 2114 3502 eultatis
2139 3450 2375 3502 conditio
2403 3452 2627 3517 patitur.
2660 3453 3122 3516 Quemadmodum
3153 3453 3468 3521 imperator,

1899 3541 1988 3611 qui
2023 3557 2165 3596 nunc
2189 3551 2294 3603 est,
2329 3557 2488 3610 quem
2516 3553 2568 3595 tu
2597 3543 2898 3608 dominum,
2925 3557 3024 3614 ego
3046 3559 3176 3598 vero
3200 3546 3469 3602 hominem

1899 3633 2046 3697 dico,
2079 3644 2133 3688 et
2183 3635 2375 3702 majori
2406 3635 2613 3702 judicio
2672 3636 2998 3704 subjectum,
3051 3646 3107 3690 et
3157 3639 3300 3692 illius
3350 3639 3471 3706 ejus

1901 3725 2158 3791 (quorum
2209 3726 2297 3791 qui
2331 3735 2483 3789 pater
2526 3735 2630 3788 e5t,
2671 3724 3034 3781 Maximianus
3061 3728 3278 3791 dicitur,
3335 3730 3475 3785 filius

1902 3825 2079 3867 autem
2115 3813 2419 3868 Maxentius
2447 3814 2770 3886 appellatur)
2817 3819 2923 3871 duo
2958 3820 3175 3886 quidem
3215 3821 3288 3874 illi
3322 3833 3468 3883 sunt,

1887 3912 1977 3961 sed
2004 3907 2241 3976 ipsorum
2268 3919 2444 3961 tamen
2473 3918 2696 3972 naturae,
2731 3909 2998 3974 humanae,
3024 3911 3261 3978 inquam,
3286 3913 3473 3966 condi-

1887 3999 2047 4052 tionis
2073 4001 2210 4051 ratio
2239 4014 2340 4050 una
2365 4009 2464 4062 est,
2501 3998 2890 4067 imperiumque
2913 4002 3084 4068 patris
3119 4013 3172 4056 et
3197 4005 3285 4057 lilii
3307 4021 3470 4058 unum

1890 4099 1945 4144 et
1975 4089 2371 4156 inseparabile;
2396 4088 2702 4143 honoratur
2722 4092 2932 4144 etenim
2960 4090 3098 4144 ﬁlius
3121 4110 3214 4160 per
3235 4099 3470 4162 patrem,

1893 4189 1947 4233 et
1973 4190 2126 4248 pater
2158 4195 2255 4249 per
2311 4181 2499 4234 ﬁlium.
2538 4179 2742 4238 Eodem
2788 4184 2945 4238 modo
2975 4194 3028 4238 et
3062 4185 3197 4238 Deus
3225 4189 3472 4242 conside-

1896 4282 2046 4323 ratur
2083 4288 2095 4323 :
2133 4286 2256 4324 nam
2300 4289 2422 4326 cum
2464 4276 2643 4326 divina
2687 4273 2890 4334 Patris,
2933 4273 3117 4340 Verbi,
3152 4287 3205 4329 ct
3238 4278 3472 4346 Spiritus

216 4371 396 4429 sancti
459 4372 716 4432 essentia,
767 4384 870 4424 una
926 4369 1228 4439 cadentque
1288 4367 1360 4422 sit
1411 4365 1793 4431 immutabilis,
1832 4376 2120 4434 propterea
2173 4381 2334 4430 unus,
2398 4375 2452 4420 et
2520 4381 2645 4421 vere
2678 4366 2819 4422 Deus
2849 4376 2954 4432 est,
2987 4368 3136 4438 quia
3172 4373 3328 4426 nobis
3381 4386 3474 4428 co-

212 4460 363 4514 litiir.

286 4550 342 4606 |'.
398 4551 456 4604 ’0
491 4553 753 4622 δικαστὴς
794 4549 981 4606 εἶπεν
1021 4551 1285 4612 Πολλάκις
1322 4551 1416 4602 καὶ
1445 4551 1534 4601 ἐπὶ
1565 4551 1625 4602 τδ
1661 4567 1795 4620 προ-

1978 4542 2045 4597 Χ.
2079 4544 2158 4596 Ad
2191 4543 2306 4597 hac
2350 4545 2512 4612 jiidex
2567 4564 2580 4599 :
2620 4547 2791 4615 Smpc,
2854 4549 3049 4616 inquit,
3120 4561 3170 4603 te
3229 4552 3474 4608 liortaliis

211 4645 469 4712 κείμενον
499 4643 632 4712 ἐμοῦ
669 4645 1123 4714 προτρεψαμένου
1152 4660 1230 4706 σε,
1261 4643 1325 4696 σὺ
1356 4644 1466 4704 τοῖς
1500 4641 1677 4708 λόγοις
1706 4659 1795 4692 σου

214 4735 426 4798 τούτοις
458 4738 566 4796 τοῖς
605 4734 770 4803 μηδὲν
811 4752 869 4786 σε
898 4735 1173 4803 ὠφελοῦσι
1218 4733 1546 4802 μεταϐαλεῖν
1575 4748 1640 4816 μς
1672 4731 1796 4799 βού-

211 4837 296 4882 λει
322 4844 335 4857 ·
373 4828 622 4896 πείσθητι
650 4827 743 4880 οὖν
771 4843 883 4894 μοι,
911 4828 1004 4878 καὶ
1028 4825 1213 4888 θῦσον,
1242 4827 1339 4876 καὶ
1380 4823 1644 4891 ἐπίγνωοι
1673 4823 1797 4883 τοὺς

217 4915 508 4985 πατρῴους
534 4918 709 4979 υεοὺς,
741 4915 805 4968 δι’
836 4913 929 4976 οὓς
977 4917 1045 4965 τὰ
1081 4916 1262 4964 πάντα
1299 4914 1632 4980 συνέστηκεν
1655 4927 1667 4940 ⁸
1705 4912 1797 4962 ἐπὶ

214 5009 353 5060 πολὺ
387 5008 495 5074 γάρ
526 5025 617 5060 σου
648 5009 973 5076 ἐφεισάμην.
1021 5007 1078 5057 'O
1111 5005 1262 5071 ἅγιος
1325 5004 1574 5062 Ἀκάκιος
1611 5003 1794 5069 λέγει·

216 5103 308 5169 Μή
348 5117 412 5170 με
442 5098 668 5168 νομίσῃς
709 5098 897 5168 φόϐοις
953 5100 1177 5149 κτυπεῖν
1199 5113 1214 5126 ο
1244 5097 1386 5164 ἔχεις
1421 5094 1479 5145 τὸ
1509 5094 1664 5157 σῶμα
1697 5112 1796 5162 μου

218 5195 301 5254 εἰς
339 5194 610 5259 μάστιγας
639 5191 856 5257 ἕτοιμον
877 5205 888 5216 ·
925 5189 999 5250 ὠς
1029 5188 1226 5256 βούλει,
1257 5186 1372 5255 χρῶ
1402 5186 1581 5254 αὐτῷ·
1625 5185 1714 5235 τὸν
1741 5187 1797 5236 δὲ

218 5284 482 5351 λογισμὸν
509 5281 604 5350 τῆς
628 5279 804 5350 ψυχῆς
835 5297 935 5348 μου
961 5278 1084 5331 οὔτε
1111 5278 1198 5341 σὺ,
1229 5277 1350 5329 οὕτε
1381 5279 1405 5328 6
1441 5275 1796 5346 αὐτοκράτωρ

223 5392 343 5438 σου,
384 5372 576 5443 οὒτεή
639 5373 915 5439 παρουσία
967 5373 1076 5424 τῶν
1124 5371 1394 5439 δαιμόνων
1447 5387 1538 5422 σου
1574 5370 1796 5421 δύναται

227 5464 568 5533 μετατρέψαι
605 5466 696 5516 ἐπὶ
731 5465 788 5514 τὸ
811 5461 1015 5530 φαῦλον
1046 5479 1196 5515 ποτε.
1246 5462 1303 5512 Ὀ
1333 5462 1592 5528 δικαστὴς
1620 5457 1793 5512 εἶπεν·

235 5557 392 5608 Ἐπεὶ
419 5553 509 5606 οὖν
542 5553 713 5616 οὕτως
742 5553 937 5624 βούλει,
976 5554 1186 5622 ἀνάγκη
1229 5570 1318 5622 μοι
1351 5553 1496 5604 πᾶσι
1530 5554 1609 5614 εἰς
1652 5553 1798 5603 αἰκισ-

227 5650 401 5715 σμοῦς
436 5647 678 5717 χωρῆσαι
708 5648 848 5698 κατὰ
880 5646 971 5699 σοῦ
1003 5647 1096 5697 καὶ
1125 5646 1179 5697 τὸ
1209 5646 1533 5714 πρόσταγμα
1566 5644 1622 5694 τὸ
1647 5643 1798 5711 βασι-

226 5739 382 5790 λικὸν
423 5739 707 5808 πληρῶσαι
732 5752 746 5766 ⁸
779 5738 1040 5790 ἀδύνατον
1076 5738 1182 5805 γὰρ
1217 5752 1272 5786 σε
1303 5736 1528 5805 τοιαύτῃ
1557 5733 1798 5797 ἐξετάσει

225 5831 597 5896 ὁποι-πεσόντα,
651 5828 1003 5899 ἀναχωρῆσαι
1035 5829 1205 5890 οὕτως
1257 5828 1670 5892 καταπαίξαντα
1704 5827 1796 5878 τοῦ

1905 4652 2045 4700 sum,
2081 4649 2136 4689 ut
2169 4639 2232 4690 ad
2267 4654 2378 4690 rem
2418 4641 2747 4708 propositam
2782 4641 2994 4709 redeas;
3036 4650 3088 4695 at
3123 4652 3178 4695 tu
3210 4643 3326 4696 istis
3369 4647 3474 4697 tuis

1904 4727 2245 4780 sermonibus
2311 4728 2507 4782 nullam
2585 4733 2678 4782 tibi
2743 4733 3029 4787 utilitatem
3098 4734 3473 4802 aﬂ'crentibus,

1904 4821 2090 4873 studes
2115 4836 2198 4873 me
2227 4835 2252 4870 a
2291 4822 2568 4889 proposito
2605 4822 2891 4878 abducere.
2948 4825 3054 4880 Fac
3091 4826 3274 4895 igitur,
3331 4830 3474 4895 quod

1905 4911 2016 4979 ipse
2047 4913 2188 4976 dico,
2238 4922 2290 4966 et
2325 4915 2651 4968 sacriﬁcium
2711 4915 2925 4980 eﬂeras,
2980 4935 3042 4972 ac
3091 4920 3295 4988 patrios
3345 4919 3475 4973 deos

1903 5021 2188 5075 agnoscas,
2214 5022 2306 5074 per
2330 5022 2464 5074 quos
2489 5009 2664 5059 omnia
2699 5009 2812 5060 haec
2846 5012 3226 5066 constiterunt.
3259 5012 3472 5070 Diutius

1903 5099 2044 5150 enim
2072 5098 2164 5150 tibi
2190 5099 2423 5166 peperci.
2452 5096 2549 5151 Cui
2575 5100 2804 5155 Aeacius
2832 5118 2845 5153 :
2876 5102 2950 5156 Ne
2975 5114 3149 5171 putes,
3176 5107 3474 5162 terroribus

1904 5187 2024 5241 istis
2060 5205 2141 5238 me
2181 5187 2487 5255 perculsum
2526 5188 2611 5240 iri.
2655 5189 2730 5241 En
2781 5191 2946 5244 habes
2973 5207 3167 5261 carpiis
3193 5208 3371 5246 meum
3405 5195 3471 5248 ad

1904 5277 2110 5346 ﬂagella
2171 5277 2486 5344 excipienda
2543 5280 2998 5346 paratissimum;
3058 5292 3210 5335 utere
3256 5282 3367 5347 illo,
3417 5293 3474 5337 ut

1905 5367 2033 5420 libet
2064 5387 2075 5420 :
2110 5382 2340 5420 mentem
2373 5382 2496 5420 vero
2521 5379 2573 5422 et
2601 5369 2762 5420 animi
2801 5371 2898 5421 mei
2937 5372 3264 5439 propositum
3299 5389 3472 5441 neque

1908 5470 1982 5523 lii,
2015 5476 2188 5527 neque
2219 5461 2510 5526 imperator
2541 5471 2682 5521 tuus,
2716 5473 2888 5528 neque
2920 5462 3218 5514 daeiiinnum
3255 5473 3469 5518 tuorum

1904 5555 2188 5618 praesentia
2227 5567 2457 5619 unquam
2493 5549 2817 5618 pervertere,
2850 5565 2899 5608 et
2942 5555 3004 5603 ad
3029 5554 3207 5610 scelus
3233 5557 3470 5624 compel-

1905 5643 2012 5696 lere
2049 5644 2265 5710 poterit.
2311 5643 2460 5696 Tunc
2492 5645 2563 5696 illi
2611 5645 2773 5713 judex
2813 5663 2825 5697 :
2868 5643 3029 5714 Ergo,
3069 5650 3280 5716 quando
3314 5658 3365 5700 tu
3399 5649 3470 5701 ita

1905 5735 2005 5795 vis,
2043 5734 2261 5787 omnino
2299 5748 2515 5787 necesse
2542 5745 2620 5787 est
2655 5737 2970 5789 verberibus
3005 5751 3066 5788 ac
3102 5737 3386 5790 tormentis
3418 5747 3467 5789 te

1904 5826 2191 5894 subjicere,
2253 5837 2304 5880 et
2359 5827 2704 5897 imperatoris
2743 5830 2973 5883 edictum
3029 5829 3270 5899 exsequi.
3332 5829 3462 5882 Nam
