4230 6436
740 417 841 478 221

2081 412 2362 471 MENSIS
2401 412 2668 470 MAIUS.

3918 406 4025 471 298

750 529 864 581 ﬁeri
927 543 1026 579 non
1063 533 1260 596 potest,
1287 529 1342 572 ut
1402 521 1499 572 tali
1565 524 1850 592 quaestioni
1913 524 2207 588 subjectus,
2249 523 2327 575 sic

2442 521 2820 588 δικαστηρίου.
2858 519 2966 571 Καὶ
3001 520 3274 590 θυμωθεὶς
3309 524 3337 574 ὁ
3363 521 3544 591 ἄρχων
3576 521 3710 592 πρὸς
3744 521 3843 590 τὴν
3867 521 4023 584 τάξιν

751 620 964 681 redeas,
1024 617 1288 686 judicium
1345 624 1593 666 nostrum
1635 615 1884 666 illudens.
1944 613 2094 665 Tune
2128 626 2332 679 prmses

755 713 934 761 furore
966 710 1222 776 percitus,
1257 717 1310 760 et
1334 707 1613 759 cohortem
1644 705 1836 758 aﬁatus
1864 724 1875 758 :
1907 705 2099 773 Figite,
2130 705 2326 770 inquit.

753 811 986 868 quatuor
1017 811 1217 860 vectes,
1242 801 1373 853 etin
1417 800 1520 852 illis
1557 800 1809 852 Acacium
1844 798 2084 867 alligare,
2117 799 2322 850 crudis-

754 909 858 958 que
889 896 1071 946 nervis
1101 893 1274 962 ipsius
1326 902 1473 960 terga
1523 903 1576 943 et
1611 901 1854 944 ventrem
1914 892 2218 947 verberate,
2276 899 2331 939 nt

755 986 932 1037 discat
985 985 1109 1036 talia
1155 999 1261 1036 non
1325 984 1533 1050 nugari,
1583 997 1759 1049 neque
1819 992 1968 1049 putet
2014 997 2070 1032 se
2127 978 2328 1042 aliquid

753 1078 918 1138 scire,
951 1091 1075 1129 cum
1129 1077 1259 1129 nihil
1315 1077 1472 1128 sciat.
1513 1075 1800 1127 Videamus
1861 1089 1926 1124 an
1983 1073 2148 1139 ipsius
2202 1071 2339 1121 Deus

756 1170 1016 1221 auxilium
1055 1169 1100 1221 ci
1141 1167 1352 1228 aderat,
1425 1169 1648 1235 ejusque
1698 1180 1850 1217 mens
1907 1180 1966 1216 ac
2004 1175 2334 1230 proposuum

756 1274 914 1326 quam
957 1261 1166 1312 ﬁrmum
1200 1271 1252 1312 et
1294 1258 1632 1316 immutabile
1673 1258 1762 1318 sit,
1802 1256 2167 1321 experiamur.
2201 1254 2331 1307 Cum

757 1355 918 1418 igitur
986 1354 1216 1406 Aeacius
1247 1352 1299 1403 in
1338 1352 1441 1403 illis
1496 1350 1734 1402 vectibus
1769 1350 2017 1417 alligatus
2065 1359 2232 1408 esset,
2277 1354 2330 1397 et

757 1446 872 1511 ejus
935 1457 1083 1513 terga
1145 1447 1384 1514 undique
1440 1448 1894 1506 verberarentur,
1953 1445 2092 1494 hanc
2160 1443 2327 1493 solam
2407 1455 2590 1492 vorem
2652 1441 2738 1493 ille
2786 1443 3068 1493 emittebat
3113 1458 3125 1492 :
3169 1440 3404 1504 Christe,
3462 1454 3615 1509 opem
3667 1441 3813 1496 feras

1838 1549 1906 1586 rte
1958 1548 2044 1586 me
2101 1533 2467 1600 derelinquas.

760 1538 946 1591 humili
984 1553 1140 1592 servo
1182 1547 1272 1590 tuo
1305 1556 1318 1596 ;
1355 1538 1575 1590 Domine
1608 1537 1770 1598 Deus,

826 1631 914 1684 XI.
951 1631 1081 1684 Cum
1110 1645 1238 1682 vero
1273 1645 1366 1683 sex
1403 1629 1695 1680 carniﬁces
1739 1627 1974 1679 vicissim
2021 1627 2167 1678 illum
2205 1641 2327 1675 vcr-

758 1723 1032 1783 berareut,
1066 1734 1119 1775 et
1153 1724 1270 1790 ejus
1304 1724 1530 1790 sanguis
1571 1722 1622 1772 in
1663 1729 1860 1771 terram
1889 1719 2098 1771 abunde
2131 1717 2330 1770 diffun-

759 1813 997 1874 deretur,
1042 1820 1319 1878 totumque
1364 1825 1562 1876 corpus
1600 1810 1912 1863 Vulneribus
1967 1808 2330 1861 acerbissimis

2437 615 2585 678 λέγει
2611 628 2624 642 ·
2684 615 2896 682 Πήξατε
2931 614 3206 684 τέσσαρας
3262 616 3467 677 πάλους
3497 615 3554 666 ἐν
3578 618 3642 684 τῇ
3671 619 3738 684 γῇ
3777 618 3871 667 καὶ
3907 617 4028 666 ἐκεῖ

2435 707 2761 774 ἐνδήσαντες
2825 708 3011 769 αὐτὸν,
3065 725 3278 775 νεύροις
3316 708 3487 776 ὠμοῖς
3538 708 3818 776 χρήσασθε
3873 708 4024 775 αὐτῷ

2435 799 2557 850 καθ’
2590 800 2829 867 ἑκάτερα
2865 799 3004 868 μέρη
3039 799 3208 850 νώτου
3237 801 3328 850 καὶ
3357 798 3588 861 κοιλίας,
3632 801 3718 850 ἵνα
3769 800 3917 868 μάθῃ
3953 801 4027 868 μὴ

2437 889 2698 956 φλυαρεῖν
2727 888 2959 940 τοσαῦτα
2992 891 3085 940 καὶ
3118 891 3361 955 νομίζειν
3394 889 3592 941 εἰδέναι
3617 906 3687 950 τι,
3719 888 3885 956 μηδὲν
3907 892 4027 940 ἐπι-

2436 982 2722 1048 στάμενος.
2755 979 3011 1041 Δεθέντος
3034 981 3089 1032 δὲ
3121 981 3287 1032 αὑτοῦ
3315 983 3370 1031 ἐν
3394 983 3506 1042 τοῖς
3533 982 3797 1048 τέσσαρσι
3835 980 4028 1042 πάλοις

2441 1075 2534 1123 καὶ
2568 1071 2969 1138 μαστιζομένου
3005 1073 3253 1137 σφοδρῶς
3303 1074 3424 1124 καθ’
3454 1075 3690 1140 ἑκάτερα
3752 1076 3897 1141 μέρη
3933 1075 4026 1124 τοῦ

2440 1166 2712 1233 σώματος,
2742 1164 2878 1230 αῦτη
2912 1165 3048 1234 μόνη
3076 1165 3292 1231 ἐγένετο
3323 1163 3454 1233 παρ’
3495 1164 3658 1214 αὑτοῦ
3691 1165 3844 1227 φωνή
3873 1164 3894 1185 ⁸
3923 1166 4029 1232 ’1η-

2440 1255 2534 1305 οοῦ
2574 1255 2798 1321 Χριστὲ,
2862 1253 3047 1322 βοήθει
3095 1273 3206 1321 μοι,
3243 1253 3320 1322 τῷ
3377 1253 3624 1307 ταπεινιτι
3677 1253 3850 1321 δούλῳ
3899 1256 4027 1305 om!

2440 1344 2632 1412 Κύριε,
2668 1346 2739 1411 μή
2775 1364 2840 1413 με
2875 1346 3311 1415 ὲγκαταλεέπῃςε

3903 1437 4034 1492 mihi

2514 1620 2615 1674 IA'.
2645 1623 2754 1673 Καὶ
2787 1621 3131 1688 άλλαγὲντων
3160 1623 3247 1675 ἐπ’
3283 1623 3432 1692 αὐτῷ
3457 1625 3516 1686 ἒξ
3555 1626 3766 1694 δημίων
3800 1625 3910 1676 τῶν
3939 1624 4033 1677 καὶ

2438 1717 2751 1767 τυπτόντων
2808 1715 2990 1777 αὑτὸν,
3045 1717 3137 1767 καὶ
3173 1716 3266 1766 τοῦ
3320 1717 3552 1784 αἵματος
3593 1717 3759 1769 αὑτοῦ
3794 1720 3893 1786 τὴν
3925 1718 4030 1785 γῆν

2440 1804 2863 1874 πληρώσαντας,
2905 1805 3001 1855 καὶ
3031 1805 3152 1857 ὅλου
3174 1806 3264 1857 τοῦ
3295 1807 3542 1873 σώματος
3565 1808 3727 1859 αὐτοῦ
3775 1811 4034 1877 χαλεπῶς

761 1901 1017 1954 laniatum
1057 1912 1220 1965 esset,
1273 1902 1435 1969 jndcx
1497 1907 1611 1970 ipse
1669 1919 1789 1955 cum
1826 1901 2162 1953 miserabiles
2216 1899 2333 1952 illas

2442 1897 2788 1957 διατεθέντος
2847 1900 2958 1958 τοῖς
2999 1897 3332 1965 τραύμασιν,
3393 1901 3418 1949 ὁ
3479 1900 3738 1969 δικαστὴς
3778 1900 3922 1968 ὀρῶν
3972 1899 4034 1950 τὸ

761 1993 943 2062 pingas
980 1993 1206 2055 rideret,
1241 2005 1294 2046 et
1335 1999 1591 2063 martyris
1622 2003 1857 2046 mentem
1896 2008 1958 2044 ae
2009 1993 2335 2045 voluntatem

761 2095 1100 2138 coostantem
1137 2094 1300 2153 atque
1346 2085 1675 2138 immobilem
1703 2100 1824 2138 esse
1845 2086 2335 2137 animadverteret:

760 2176 920 2240 Num,
977 2178 1172 2245 inquit,
1209 2193 1350 2232 nunc
1387 2178 1762 2232 sacrificabis?
1797 2176 1943 2230 Itane
2000 2179 2166 2229 miser
2211 2175 2337 2238 dici,

760 2286 920 2340 quam
956 2273 1162 2324 amicus
1200 2272 1589 2340 imperatorum
1625 2287 1744 2326 esse
1776 2272 2008 2324 maluisti
2038 2271 2060 2322 ’ἶ
2095 2272 2174 2322 Ad
2223 2272 2338 2323 haec

760 2365 894 2418 dixit
929 2365 1165 2419 Aeacius
1201 2383 1215 2420 :
1255 2365 1608 2433 NeQuaqnam
1670 2381 1769 2434 ego
1816 2365 2068 2417 sacriﬁco
2113 2383 2126 2415 :
2169 2366 2340 2418 habeo

760 2457 902 2509 cnim
935 2455 1218 2510 Dominum
1261 2473 1436 2509 meum
1487 2455 1671 2508 Jesum
1707 2457 1983 2510 Christum
2017 2471 2170 2523 opem
2208 2457 2338 2510 mihi

761 2549 1022 2602 ferentem
1051 2567 1064 2614 ;
1105 2551 1284 2616 itaque
1325 2549 1442 2601 istis
1477 2550 1585 2602 tuis
1619 2550 1946 2602 cruciatibus
1978 2550 2334 2603 robustiorem

761 2658 821 2698 ac
855 2645 1240 2709 promptiorem
1280 2658 1362 2695 me
1393 2642 1694 2696 reddidiSti.
1730 2643 2005 2696 Hactenus
2039 2644 2183 2694 enim
2219 2651 2333 2693 tor-

762 2748 1069 2791 mentorum
1112 2735 1470 2800 exspectatio,
1508 2736 1682 2801 aliqua
1711 2750 1772 2786 ex
1808 2743 1959 2802 parte
1986 2733 2340 2801 cogitationes

762 2838 910 2875 meas
945 2825 1294 2890 perturbabat
1331 2844 1342 2874 :
1375 2840 1497 2876 cum
1531 2839 1658 2876 vero
1709 2827 1791 2876 vis
1828 2825 1973 2874 illata
2006 2833 2110 2884 est,
2143 2836 2192 2874 et
2229 2824 2341 2876 hmc

765 2916 874 2983 pati
939 2918 1100 2983 carpi,
1137 2931 1233 2982 per
1283 2913 1466 2967 Jesum
1522 2912 1799 2967 Christum
1869 2914 1996 2965 mihi
2052 2915 2338 2982 potentiam

765 3017 1168 3074 suggere-mem,
1200 3007 1608 3059 robustissimus
1638 3006 1812 3059 factus
1842 3022 1979 3064 sum,
2002 3005 2134 3058 etad
2162 3005 2338 3057 oinnia

767 3106 1035 3149 tormenta
1070 3098 1416 3164 suscipienda
1457 3097 1856 3164 paratissimus,
1897 3097 2006 3148 Deo
2060 3097 2176 3162 ipso
2225 3097 2342 3147 sine

765 3188 1103 3241 dubitatione
1164 3188 1338 3253 aliqua
1396 3189 1652 3241 conlisus.
1724 3187 1858 3238 Tum
1921 3187 2088 3257 judex
2147 3205 2160 3239 :
2211 3186 2336 3249 Ista,

2445 1990 2614 2050 πάθος
2655 1989 2887 2039 ἐλεεινὸν
2919 1992 3289 2057 γεγενημένον
3347 1991 3440 2042 καὶ
3494 1994 3584 2041 τὸν
3639 1991 3903 2060 λογισμὸν
3934 1990 4028 2043 τοῦ

2443 2083 2726 2150 μάρτυρος
2785 2083 3192 2150 ἀμετακίνητον
3232 2084 3379 2146 ὄντα,
3432 2083 3581 2149 λέγει
3643 2087 3776 2148 πρὸς
3818 2084 4027 2134 αὐτόν·

2439 2174 2619 2234 Θύεις,
2658 2173 2903 2238 Ἀκάκιε,
2967 2174 2998 2241 ἢ
3042 2174 3226 2242 ἀκμὴν
3275 2175 3614 2240 άντιλέγεις;
3653 2174 3715 2224 σὺ
3765 2176 3872 2240 γάρ
3914 2175 4032 2241 ἥλω

2444 2264 2627 2325 ἄθλιος
2680 2265 2880 2332 μᾶλλον
2925 2266 3158 2329 φανῆναι
3194 2265 3225 2333 ἦ
3273 2265 3420 2330 φίλος
3451 2265 3703 2331 γενέσθαι
3733 2266 3840 2316 τῶν
3877 2267 4033 2334 βασι-

2441 2354 2597 2405 λέων.
2641 2355 2699 2405 Ὀ
2736 2355 2891 2419 ἅγιος
2942 2355 3197 2416 ’Λκάκιος
3230 2355 3413 2420 λέγει·
3459 2358 3531 2407 Οὐ
3579 2358 3690 2408 θύω
3716 2357 3882 2408 ποτέ·
3919 2355 4031 2426 ἔχω

2441 2450 2548 2517 γάρ
2571 2448 2662 2498 τὸν
2696 2447 2899 2516 Κύριον
2939 2465 3040 2516 μου
3080 2447 3288 2512 Ἰησοῦν
3319 2447 3556 2515 Χριστὸν
3597 2449 3686 2499 τὸν
3722 2448 4032 2516 βοηθοῦντά

2446 2555 2537 2607 μοι
2575 2539 2694 2590 άεξ·
2719 2541 2818 2608 ἐμὲ
2849 2540 2958 2607 γὰρ
3000 2542 3062 2591 ἐκ
3095 2539 3203 2591 τῶν
3236 2539 3486 2608 βασάνων
3523 2556 3614 2591 σου
3645 2539 3850 2590 τούτων
3880 2541 4034 2607 laxu-

2445 2627 2684 2697 ρώτερον
2750 2629 2950 2697 μᾶλλον
3001 2631 3093 2680 καὶ
3141 2629 3584 2697 θαρσαλεώτερον
3639 2631 3985 2692 κατέστησας
4016 2647 4031 2660 ⁶

2441 2719 2545 2779 ἓως
2574 2724 2678 2788 γάρ
2709 2721 2832 2788 ἄρτι
2864 2722 2896 2786 ἡ
2932 2722 3229 2786 προσδοκία
3259 2725 3364 2772 τῶν
3410 2723 3601 2772 δεινῶν
3642 2725 3747 2773 κᾶν
3772 2725 3833 2773 ὲν
3871 2726 4030 2791 μέρει

2441 2813 2527 2861 τὸν
2557 2812 2819 2878 λογισμόν
2881 2829 2981 2880 μου
3030 2814 3355 2880 ἐτάραττεν,
3399 2814 3666 2881 γενομένη
3719 2814 3773 2864 δὲ
3805 2816 3834 2881 ἠ
3863 2819 4034 2884 πεῖρα

2441 2903 2532 2954 τοῦ
2568 2905 2777 2964 πάθους
2802 2904 2892 2955 καὶ
2943 2904 3229 2972 ἐνεχθεῖσα
3282 2906 3369 2956 διὰ
3401 2907 3490 2957 τὸν
3528 2905 3934 2974 ἐνδυναμοῦντά
3964 2925 4033 2975 με

2445 2997 2649 3066 Κύριον
2721 2997 2933 3066 Ἰησοῦν
2976 2999 3230 3063 Χριστὸν,
3288 2997 3496 3067 σφόδρα
3532 3015 3596 3066 με
3629 2998 4034 3063 γενναιώτατον

2444 3092 2699 3158 ἐποίησεν
2744 3089 2878 3157 πρὸς
2929 3093 3108 3142 πᾶσαν
3143 3092 3416 3158 τιμωρίαν
3472 3093 3846 3143 πιστεύσαντα
3879 3091 4035 3142 a621-

2446 3185 2648 3249 κρίτως
2705 3180 2782 3250 τῷ
2819 3181 2959 3250 Θεῷ.
3007 3180 3064 3232 Ὁ
3100 3182 3362 3250 δικαστὴς
3412 3180 3567 3233 εἶπεν
3604 3187 3623 3203 ⁸
3677 3183 3899 3249 Ἐπειδὴ
3937 3184 4035 3244 τὰς

767 3279 965 3345 inquit,
1001 3277 1163 3339 dicis,
1199 3279 1455 3346 quoniam
1513 3277 1717 3342 majora
1769 3283 2037 3330 tormenta
2092 3279 2184 3329 tibi
2235 3294 2336 3330 non

2447 3272 2700 3338 μείζονάς
2761 3287 2841 3320 σοι
2893 3272 3168 3340 τιμωρίας
3209 3271 3468 3322 οὐδέποτε
3521 3274 3825 3341 ἐπήγαγον,
3860 3272 4034 3323 ταῦτα

767 3371 946 3424 intuli.
998 3371 1102 3425 Sed
1133 3386 1233 3439 ego
1275 3373 1636 3423 temeritatem
1689 3371 1844 3422 istam
1889 3381 2029 3421 tuam
2067 3371 2336 3436 dt-jiciam.

765 3464 843 3515 ΕΟ
874 3465 1040 3521 enim,
1074 3465 1215 3530 quod
1260 3463 1525 3516 haClenus
1561 3463 1654 3514 tibi
1691 3465 1928 3530 peperci,
1977 3465 2256 3526 audacem,
2284 3473 2341 3516 ut

768 3554 926 3614 dicis,
968 3564 1018 3606 te
1059 3555 1288 3608 reddidi.
1327 3555 1423 3606 Cui
1449 3554 1680 3607 Acacius
1715 3553 1855 3610 :Fac
1886 3557 2167 3608 celerrime
2191 3557 2341 3621 quid-

767 3645 892 3710 quid
933 3646 1030 3698 vis.
1067 3644 1212 3707 Quos
1245 3647 1386 3696 enim
1419 3646 1700 3696 cruciatus
1735 3648 1862 3696 mihi
1898 3645 2089 3697 afferre
2114 3647 2339 3715 cogitas,

771 3735 847 3787 illi
901 3734 1190 3788 utilitatem
1235 3735 1366 3788 mihi
1405 3735 1628 3788 alierent
1672 3752 1684 3788 :
1735 3747 1786 3788 et
1829 3753 1933 3804 quo
1985 3739 2184 3804 majora
2235 3751 2342 3790 tor-

770 3837 951 3879 nienta
997 3829 1302 3891 adhibebis,
1342 3844 1406 3881 eo
1437 3828 1696 3896 majorem
1733 3828 1944 3881 Domini
1983 3832 2085 3880 mei
2115 3831 2343 3896 gratiam

771 3918 976 3970 invitus
1026 3917 1159 3970 mihi
1191 3919 1530 3970 conciliat-iis.
1564 3917 1707 3977 Haec.
1747 3921 1919 3987 inquit
1942 3921 2127 3988 judex,
2157 3920 2340 3988 loque-

773 4010 868 4072 ris,
894 4009 1152 4075 quoniam
1182 4022 1384 4074 corpus
1415 4017 1562 4060 tuum
1593 4013 1828 4064 nondum
1855 4013 2175 4065 verberibus
2203 4015 2342 4065 lacc-

773 4113 948 4152 ratum
985 4111 1091 4153 εει.
1148 4099 1284 4153 Tum
1347 4103 1581 4156 Acacius
1632 4101 1795 4161 :Jam
1846 4106 1976 4165 dixi,
2024 4117 2082 4156 ut
2115 4105 2340 4169 faceres,

773 4191 1030 4259 quidquid
1057 4192 1155 4252 vis,
1178 4207 1282 4242 non
1303 4193 1445 4244 enim
1480 4194 1702 4260 impuris
1725 4195 2054 4248 dacnmnibtts
2075 4197 2344 4260 sacrifico,

773 4295 946 4348 neQue
983 4283 1243 4335 voluntati
1272 4292 1402 4343 tum.
1430 4295 1522 4336 aut
1552 4286 1722 4352 patris
1770 4287 1841 4339 tui
1878 4285 2093 4339 Satana:
2141 4303 2344 4340 morem

772 4385 920 4437 gero.
957 4369 1048 4423 llis
1077 4372 1298 4432 auditis,
1334 4373 1497 4437 judex
1531 4385 1834 4425 commotus
1857 4376 1992 4427 dixit
2022 4393 2034 4427 :
2073 4374 2347 4432 Plumheis

773 4463 989 4513 laminis
1021 4463 1140 4530 ejus
1199 4463 1447 4517 maxillas
1496 4466 1830 4526 contundite,
1890 4482 1956 4520 ne
2018 4471 2117 4522 iste
2165 4481 2346 4522 nostra

772 4555 1023 4607 diuturna
1074 4557 1124 4606 in
1154 4565 1276 4607 eum
1314 4557 1573 4622 patientia
1619 4559 1914 4608 temerario
1948 4559 2104 4610 modo
2160 4562 2348 4611 abuta-

775 4657 884 4698 tur.
916 4646 1039 4698 l’nst
1068 4648 1180 4698 haec
1215 4649 1447 4700 Aeacius
1502 4665 1514 4698 :
1575 4649 1648 4698 En
1683 4647 1880 4700 laetum
1917 4661 2017 4711 est,
2081 4652 2218 4718 quod
2261 4667 2348 4704 vo-

776 4737 942 4797 luisti,
966 4752 1138 4805 neque
1155 4740 1442 4807 quidquam
1473 4739 1702 4806 amplius
1729 4741 2001 4806 proiecisti
2031 4760 2045 4807 ;
2072 4759 2173 4794 non
2205 4746 2347 4796 enim

779 4830 930 4880 malae
960 4842 1105 4883 artes
1136 4841 1238 4882 tuae
1276 4847 1448 4882 meam
1485 4835 1536 4882 in
1571 4833 1847 4882 Christum
1905 4836 2224 4885 cliaritatem
2258 4850 2351 4887 sn-

779 4922 1061 4985 perabunt.
1096 4921 1374 4985 Sacrilira,
1411 4923 1586 4988 inquit
1615 4923 1803 4990 judex,
1836 4935 1884 4976 et
1924 4929 1989 4977 ab
2021 4927 2352 4980 imminenti-

782 5016 878 5066 bus
913 5017 1132 5081 reliquis
1192 5017 1475 5068 tormentis
1530 5016 1664 5068 liber
1701 5027 1842 5071 esto.
1880 5017 2173 5084 Respondit
2219 5021 2356 5072 Aca-

780 5106 898 5158 cius
945 5124 956 5158 :
994 5106 1276 5174 Nunquam
1308 5107 1387 5174 (ut
1413 5107 1546 5174 dixi)
1572 5109 1892 5161 sacrificabo
1930 5127 1942 5162 :
1980 5121 2178 5162 tantum
2211 5112 2351 5162 enim

783 5201 1127 5252 imminentes
1176 5203 1451 5256 muciatus
1503 5203 1762 5270 despicio,
1816 5212 2076 5269 quantum
2120 5213 2173 5255 et
2206 5215 2357 5256 ante-

784 5305 826 5336 u
859 5297 1033 5341 tanta:
1093 5309 1192 5342 non
1237 5291 1446 5352 curati,
1481 5293 1588 5345 Dco
1629 5293 1744 5358 ipso
1782 5295 1910 5344 mihi
1961 5295 2169 5347 animos
2229 5311 2354 5363 sug-

784 5392 1026 5448 gerente.

856 5560 966 5612 ΧΙΙ.
1001 5562 1078 5613 Ad
1113 5561 1226 5613 huic
1252 5560 1413 5628 judex
1453 5577 1463 5609 τ
1501 5563 1798 5623 Quomodo,
1836 5564 2031 5627 inquit,
2087 5575 2139 5616 tu
2201 5566 2359 5618 miles

790 5657 950 5720 atque
978 5655 1288 5717 illiteratus,
1331 5657 1400 5706 ita
1445 5671 1659 5710 causam
1697 5671 1842 5712 tuam
1880 5659 2028 5724 agis?
2059 5657 2160 5711 Cui
2221 5659 2358 5710 Aca-

791 5765 903 5804 uus
937 5767 952 5804 :
991 5751 1221 5804 Putasne
1258 5752 1471 5820 propria
1514 5754 1705 5804 virtute
1744 5769 1838 5806 nos
1867 5753 1976 5805 htec
2001 5749 2362 5819 respondere?

799 5843 1037 5910 Minime,
1078 5846 1313 5912 inquam,
1353 5860 1450 5897 nos
1486 5861 1595 5901 nec
1627 5845 1876 5906 facimus,
1905 5845 1997 5899 sed
2046 5844 2277 5912 locuples
2311 5855 2368 5897 et

2446 3363 2663 3430 λέγεις’
2704 3361 2813 3429 ἐγώ
2858 3379 2950 3413 σου
2989 3363 3044 3414 το
3076 3363 3273 3432 θράσος
3311 3364 3560 3433 καθαιρῶ
3605 3365 3763 3416 τοῦτο
3788 3381 3802 3395 ο
3839 3363 4034 3431 φεισά-

2447 3472 2601 3523 μενο,
2638 3457 2746 3522 γάρ
2772 3473 2886 3514 σου,
2916 3456 3216 3523 θαρσαλέον
3250 3474 3330 3519 σε,
3359 3457 3434 3519 ὡς
3491 3458 3692 3524 λέγεις,
3729 3459 4031 3525 πεποίηκα.

2463 3543 2520 3597 '0
2546 3545 2700 3610 ἅγιος
2741 3547 2994 3606 Ἀκάκιος
3023 3546 3171 3612 λέγει
3195 3565 3207 3577 ’
3251 3550 3398 3598 Ποίει
3428 3550 3516 3599 διὰ
3547 3550 3739 3619 τάχους
3775 3552 3801 3602 ὃ
3835 3551 4032 3613 θέλεις·

2445 3637 2508 3700 ἃς
2537 3656 2642 3706 γάρ
2673 3640 2915 3704 νομίζεις
2947 3640 3220 3707 βασάνους
3256 3657 3344 3708 μοι
3372 3641 3621 3706 ἐπάγειν,
3650 3644 3732 3702 εἰς
3763 3643 4035 3709 ὠφέλειάν

2449 3732 2549 3801 μού
2579 3733 2716 3784 εἰσιν
2739 3751 2751 3763 ⁸
2783 3736 2874 3785 καὶ
2901 3735 3025 3786 ὅσον
3047 3733 3302 3801 μείζονάς
3335 3751 3425 3802 μοι
3445 3735 3729 3802 ἑπιιρὲρεις
3757 3737 4032 3798 κολάσεις,

2445 3827 2699 3877 τοσοῦτον
2738 3830 2826 3878 καὶ
2862 3831 2923 3879 ἐν
2961 3829 3037 3895 τῷ
3084 3829 3270 3896 Κυρίῳ
3320 3831 3477 3895 χάριν
3527 3831 3674 3880 ἄκων
3706 3830 3934 3901 χαρίξη-
3979 3832 4036 3883 ὐ

2445 3919 2707 3990 δικαστὴς
2755 3921 2940 3987 λέγει·
2975 3922 3160 3972 Ταῦτα
3209 3922 3412 3984 λαλεῖς,
3469 3923 3716 3985 Ἀκάκιε,
3753 3925 3948 3993 ἐπειδὴ
3980 3925 4038 3976 τὸ

2449 3997 2608 4077 σῶμά
2638 4029 2732 4062 σου
2754 4012 2966 4062 οὐδέπω
2989 4010 3298 4078 κατεξάνθη
3321 4013 3433 4072 τοῖς
3459 4013 3761 4078 αἰκισμοῖς·
3797 4009 3858 4065 Ὀ
3884 4013 4039 4078 ἅγιος

2460 4101 2718 4162 ’Λκάκιος
2752 4095 2908 4153 εἶπεν
2932 4118 2946 4132 ο
2987 4103 3096 4154 Καὶ
3117 4103 3220 4169 ήδη
3256 4119 3336 4152 σοι
3369 4103 3528 4167 ἔφην,
3562 4103 3654 4152 καὶ
3684 4101 3850 4153 πάλιν
3871 4103 4035 4168 λέγω,

2451 4194 2594 4244 ποίει
2633 4193 2660 4244 ὃ
2681 4194 2854 4254 θέλεις
2880 4211 2892 4223 ·
2925 4196 2982 4244 οὐ
3008 4193 3122 4244 θύω
3150 4195 3255 4263 γὰρ
3284 4194 3506 4260 δαίμοσι
3534 4193 3895 4261 ἀκαθάρτοις,
3916 4192 4036 4245 οὔτε

2454 4285 2560 4352 μὴν
2591 4286 2730 4337 ποιῶ
2764 4287 2823 4337 τὸ
2856 4285 3071 4356 θέλημά
3094 4303 3209 4350 σου,
3239 4287 3360 4337 οὐδὲ
3397 4287 3489 4337 τοῦ
3536 4289 3741 4350 πατρός
3787 4303 3906 4347 σου,
3945 4286 4036 4336 τοῦ

2451 4379 2688 4430 Σατανᾶ.
2726 4378 2783 4431 Ὀ
2811 4379 3073 4446 δικαστὴς
3099 4377 3251 4430 εἶπεν
3277 4395 3288 4408 ⁸
3316 4379 3560 4430 Θλάσατε
3590 4378 3756 4430 αὑτοῦ
3789 4380 3889 4440 τὰς
3925 4397 4036 4431 σια-

2449 4468 2630 4536 γῶνας
2651 4469 2948 4537 μολιϐδίσιν
2973 4510 2986 4534 ,
3015 4470 3100 4522 ἵνα
3127 4469 3200 4539 μὴ
3220 4470 3662 4540 άπαυθαδίζηται
3693 4474 3758 4540 τῇ
3789 4472 4038 4541 ἡμετέρα

2454 4563 2541 4611 ἐπ’
2571 4561 2719 4630 αὑτῴ
2749 4563 3122 4634 μακροθυμίᾳ.
3174 4566 3282 4615 Καὶ
3312 4564 3506 4616 τούτου
3546 4567 3603 4614 ὲν
3631 4565 3784 4630 τάχει
3811 4567 4038 4633 γενομέ-

2457 4670 2571 4717 νου,
2609 4654 2808 4718 (iano;
2861 4657 3116 4717 ’Ᾱκάκιος
3165 4651 3322 4708 εἶπεν
3353 4671 3365 4683 ⁸
3409 4657 3517 4707 Ἴδε
3553 4657 3646 4707 καὶ
3686 4658 3741 4706 ἐν
3796 4657 3973 4724 τούτῳ
4012 4657 4038 4707 ὃ

2456 4745 2699 4812 ἠθέλησα
2740 4788 2753 4808 ,
2780 4746 3064 4812 ἐποίησας,
3103 4745 3356 4812 τύραννε,
3394 4748 3486 4798 καὶ
3517 4747 3672 4798 οὐδὲν
3696 4746 3860 4797 πλέον
3891 4745 4041 4813 ὠφέ-

2455 4838 2663 4904 lina;-
2719 4837 2780 4886 οὐ
2815 4837 2923 4904 γάρ
2961 4838 3278 4904 νικήσουσιν
3336 4841 3389 4891 αἱ
3425 4837 3778 4906 κακοτεχνίαι
3809 4854 3906 4888 σου
3944 4839 4042 4907 τὴν

2459 4929 2538 4988 εἰς
2565 4927 2805 4997 Χριστόν
2837 4945 2936 4995 μου
2967 4930 3215 4995 ἀγάπην.
3256 4929 3314 4980 '0
3346 4929 3608 4996 δικαστὴς
3638 4924 3822 4980 εἶπεν·
3866 4930 4042 4981 Θῦσον

2457 5021 2642 5072 λοιπον
2678 5021 2772 5072 καὶ
2798 5021 3149 5089 ἀπαλλάγηθι
3191 5022 3300 5071 τῶν
3335 5021 3615 5087 μενουσῶν
3655 5038 3713 5071 σε
3759 5021 4040 5088 βασάνων.

2471 5111 2527 5165 .0
2557 5113 2712 5177 ἅγιος
2780 5113 3034 5172 Ἀκάκιος
3085 5111 3234 5177 λέγει
3263 5129 3274 5140 ·
3337 5109 3504 5163 Εἷπόυ
3541 5129 3618 5164 σοι
3695 5111 3740 5163 ὦ
3783 5111 4040 5177 δικαστά,

2460 5205 2746 5264 πολλάκις,
2779 5204 2860 5253 ὅτι
2912 5203 2973 5252 οὐ
3009 5201 3122 5253 θύω
3169 5204 3391 5271 δαίμοσί
3446 5220 3581 5254 ποτε
3603 5217 3615 5229 ·
3645 5201 3902 5253 τοσοῦτον
3935 5204 4039 5271 γάρ

2461 5295 2567 5346 τῶν
2623 5293 2935 5363 μελλουσῶν
2973 5294 3224 5363 βασάνων
3257 5297 3599 5358 κατέπτυσα,
3630 5296 3753 5346 ὅσον
3788 5297 3886 5344 καὶ
3934 5292 4033 5346 :th

2461 5387 2560 5454 ἠδη
2587 5386 2979 5452 προλαῦουσῶν
3001 5388 3099 5437 οὐκ
3128 5387 3442 5452 ὲφρῦντισα,
3481 5386 3572 5437 τοῦ
3608 5385 3743 5436 Θεοῦ
3773 5403 3877 5455 μου
3907 5402 4031 5454 xop-

2469 5477 2729 5546 ηγοῦντός
2765 5495 2852 5542 μοι
2883 5478 2981 5545 τὴν
3009 5480 3236 5545 δύναμιν

2536 5567 2638 5622 lB'.
2686 5568 2745 5622 '0
2771 5569 3036 5636 δικαστὴς
3068 5564 3221 5620 εἶπεν
3245 5585 3257 5599 ⁸
3301 5570 3422 5630 Πῶς
3456 5586 3798 5638 στρατιωτης
3840 5569 3917 5621 ὢν
3950 5568 4042 5619 καὶ

2466 5664 2852 5730 ἀγράμματος,
2906 5661 3154 5722 Ἀκὰκιε,
3181 5661 3353 5722 οὕτως
3401 5663 3632 5727 ἑτοίμως
3669 5661 4042 5729 ἀπολογῆσαι;

2477 5753 2534 5806 '0
2598 5753 2751 5819 ἅγιος
2822 5751 3078 5812 Ἀκάκιος
3131 5749 3318 5804 εἶπεν·
3353 5753 3415 5802 Τί
3452 5754 3589 5820 rip;
3625 5752 3867 5820 νομίζεις
3898 5754 4044 5820 ἡμᾶς

2467 5844 2852 5911 ἀπολογεῖσθαι
2882 5843 2937 5906 ἒξ
2974 5845 3110 5906 ἰδίας
3145 5844 3386 5910 σκέψεως
3434 5843 3464 5912 ἢ
3501 5844 3824 5912 μαθήσειι›ς;
3871 5841 4002 5911 Οῦχὶ
4030 5861 4040 5869 ”
