4230 6436
203 387 316 448 229

1302 388 1478 447 VITA
1522 389 1580 450 S.
1618 387 1868 447 ACACII
1911 389 2392 454 CAPPADOCIS.

3349 394 3458 456 230

201 499 339 552 ἀλλὰ
371 499 428 552 τδ
456 497 708 552 πλούσιον
735 499 830 552 καὶ
851 499 1008 567 ἅγιον
1030 499 1258 570 Πνεῦμα
1279 501 1371 553 τοῦ
1392 501 1526 554 Θεοῦ
1555 504 1782 572 χορηγεῖ

1884 507 2105 558 sanctus
2163 506 2252 558 Dei
2293 505 2530 574 Spiritus
2565 506 2736 560 servis
2761 507 2870 560 suis
2897 507 3120 561 liberam
3155 513 3459 566 orationem

202 593 316 654 τοῖς
347 592 553 654 δούλοις
578 591 741 644 αὐτοῦ
769 594 864 661 τὴν
893 595 1093 664 πολλὴν
1125 595 1215 646 καὶ
1232 595 1465 660 ἄφθονον
1496 595 1590 647 τοῦ
1615 595 1776 663 λόγου

204 681 528 750 παρρησίαν
583 683 677 734 καὶ
709 685 808 747 τὴν
852 683 1158 751 ὑπομονὴν,
1185 683 1368 746 καθὼς
1407 684 1501 737 καὶ
1534 688 1559 736 ό
1587 686 1778 754 Σωτὴρ

201 771 468 837 ἐδίδαξεν,
509 772 828 842 προσειπὼν
877 774 990 834 τοῖς
1039 773 1312 842 μαθηταῖς
1342 773 1542 826 αὐτοῦ·
1604 795 1622 825 ε
1664 776 1777 827 ”Οτ’

199 862 292 924 ἂν,
349 865 504 932 φησὶ,
564 866 927 933 παραδίδωσιν
974 866 1117 934 ὑμᾶς
1172 867 1285 928 τοῖς
1319 866 1547 936 ἄρχουσι
1597 868 1686 919 διὰ
1721 867 1778 919 τὺ

200 953 380 1020 ὄνομα
425 973 551 1023 μου,
599 958 673 1024 μὴ
711 957 1112 1025 μεριμνήσητε,
1147 958 1264 1020 πῶς
1318 959 1350 1029 ἢ
1384 961 1436 1011 τί
1467 960 1737 1028 λαλήσητε
1761 975 1774 989 ·

200 1044 490 1115 δοθήσεται
534 1049 642 1116 γὰρ
668 1050 792 1115 ὑμῖν
813 1052 869 1100 ὲν
894 1049 1080 1121 ἐκείνῃ
1115 1053 1179 1120 τῇ
1228 1050 1344 1121 ῶρα
1379 1053 1439 1104 τὸ
1463 1053 1516 1103 τί
1545 1053 1735 1122 εἴπητε
1761 1069 1774 1082 '

199 1137 263 1187 οῦ
302 1138 410 1206 γὰρ
463 1140 619 1206 ὑμεῖς
666 1140 789 1191 ἐστε
830 1141 878 1192 oi
914 1141 1221 1206 λαλοῦντες,
1279 1142 1414 1193 ἀλλὰ
1461 1143 1520 1194 τὸ
1554 1142 1778 1210 Πνεῦμα

198 1227 299 1278 τοῦ
341 1231 551 1299 Πατρος
590 1230 744 1299 ὑμῶν
773 1232 832 1284 τὸ
859 1233 1055 1286 λαλοῦν
1083 1234 1140 1284 ἐν
1166 1234 1315 1301 ὑμῖν.
1357 1233 1642 1295 Ἀντώνιος
1683 1251 1778 1286 κο-

203 1324 570 1390 μενταρήσιος
597 1323 745 1390 λέγει
783 1324 858 1393 τῷ
906 1325 1045 1394 ἁγίῳ
1090 1325 1363 1395 μάρτυρι·
1421 1326 1484 1378 Τί
1526 1327 1775 1394 ὠφελεῖς,

199 1411 376 1474 ἄθλιε,
419 1413 646 1466 τοιαῦτα
705 1417 1054 1484 νουθετηθεὶς
1108 1421 1202 1469 καὶ
1251 1419 1325 1488 μὴ
1384 1421 1648 1483 πεισθεὶς,
1683 1421 1780 1471 ἐὰν

201 1502 434 1572 ὕστερον
471 1507 609 1573 μετὰ
639 1507 890 1574 βασάνων
924 1507 1244 1578 βαρυτέρων
1269 1511 1500 1578 ποιήσῃς
1523 1511 1583 1560 τὸ
1607 1511 1777 1577 πρόσ-

198 1611 392 1662 ταγμα
449 1596 556 1648 τῶν
599 1598 905 1666 βασιλέωνς
982 1602 1022 1652 Ο
1079 1601 1234 1666 ἆγιος
1297 1601 1548 1660 Ἀκάκιος
1600 1595 1774 1652 εἶπεν·

202 1684 454 1754 ’Υπαγεί
490 1689 817 1758 νουθέτησον
875 1694 1132 1754 σεαυτὸν,
1187 1691 1538 1760 ταλαίπωρει
1583 1691 1642 1743 ΕΞ
1670 1693 1777 1761 γὰρ

199 1780 296 1829 τοῦ
349 1782 611 1850 ἄρχοντός
648 1802 740 1835 σου
770 1786 864 1836 καὶ
893 1786 1003 1836 τῶν
1057 1786 1299 1837 ἀπειλῶν
1353 1787 1516 1839 αὑτοῦ
1550 1790 1642 1840 καὶ
1671 1789 1778 1839 τῶν

1886 606 1934 649 et
1969 597 2283 663 patientiam
2330 600 2659 667 suppeditat,
2691 600 2792 652 illis
2841 601 3144 668 providens,
3202 609 3460 671 quemadc

1888 692 2101 739 modum
2142 689 2391 742 Salvator
2425 692 2538 759 ipse
2571 692 2864 760 discipulos
2911 709 3037 746 suos
3085 697 3287 762 docuit,
3337 715 3457 752 eum

1890 779 1967 832 sic
2005 779 2140 830 duit
2189 797 2252 832 ει
2318 782 2542 845 Quando
2605 799 2696 836 vos
2753 786 3074 838 tradiderint
3125 789 3458 857 principibus

1887 881 2109 938 propter
2165 887 2357 926 nomen
2390 889 2587 937 meum,
2627 891 2692 928 ne
2720 878 2932 931 solliciti
2965 880 3106 944 sitis,
3167 886 3459 949 quomodo,

1887 975 1980 1014 aut
2039 965 2163 1030 quid
2210 964 2500 1032 loquamini
2536 986 2550 1020 :
2585 969 2801 1023 dabitur
2853 972 2997 1022 enim
3054 973 3204 1026 vobis
3264 975 3314 1027 in
3375 977 3462 1027 illa

1888 1055 2040 1119 hora,
2074 1057 2200 1123 quid
2234 1059 2426 1111 dicatis
2462 1077 2476 1110 :
2514 1075 2615 1111 non
2647 1062 2788 1113 enim
2833 1078 2925 1116 vos
2975 1067 3124 1127 estis,
3162 1069 3248 1135 qui
3287 1069 3460 1135 loqui-

1888 1147 2039 1207 mini,
2078 1148 2167 1199 sed
2220 1146 2454 1211 Spiritus
2491 1149 2667 1204 Patris
2723 1155 2911 1216 vestri,
2968 1159 3055 1223 qui
3114 1158 3350 1226 loquitur
3410 1163 3460 1218 in

1885 1237 2036 1290 vobis
2077 1239 2114 1290 ‘.
2150 1257 2166 1288 ι
2206 1239 2514 1294 Antoninus
2566 1243 2742 1295 scriba
2785 1245 2920 1298 dixit
2947 1259 3135 1302 saneto
3186 1252 3408 1318 martyri
3446 1269 3458 1305 :

1888 1327 1952 1382 Et
1983 1346 2226 1398 quaenam
2269 1334 2381 1394 tibi,
2425 1335 2606 1397 miser,
2663 1338 2868 1392 utilitas
2905 1339 3080 1394 futura
3132 1353 3235 1407 est,
3297 1345 3339 1397 si
3393 1345 3459 1397 de

1890 1424 2086 1478 talibus
2144 1427 2304 1478 rebus
2361 1430 2669 1482 admonitus
2723 1434 3035 1497 persuaderi
3100 1451 3201 1489 non
3256 1438 3356 1500 vis,
3396 1454 3458 1493 ac

1887 1523 2066 1582 postea
2094 1519 2430 1584 gravioribus
2455 1523 2735 1575 tormentis
2757 1525 3038 1589 adductus,
3075 1527 3458 1596 imperatorum

1885 1607 2060 1662 edicto
2092 1611 2345 1676 parcitis?
2375 1613 2496 1674 Abi,
2530 1622 2583 1666 et
2623 1623 2673 1666 le
2707 1616 2880 1679 ipsum
2937 1620 3249 1684 admoneas,
3288 1621 3461 1687 inquit

1886 1697 2134 1759 Aeacius,
2167 1715 2290 1751 nam
2318 1701 2362 1753 si
2387 1718 2559 1770 neque
2590 1706 2870 1770 praesidem
2907 1706 3103 1774 ipsum,
3153 1725 3327 1776 neque
3361 1711 3462 1761 mi-

1889 1805 1983 1840 nas
2010 1790 2173 1852 illius,
2215 1807 2388 1858 neque
2421 1795 2697 1847 cruciatus
2745 1796 2793 1846 itt
2857 1812 2940 1849 me
2982 1797 3178 1860 illatos,
3215 1798 3304 1850 Dei
3361 1814 3463 1865 οιιο

201 1873 601 1941 ἐπενεχθεισῶν
633 1892 720 1944 μοι
750 1877 841 1926 ὑπ’
875 1878 1040 1928 αὑτοῦ
1074 1878 1327 1947 βασάνων
1358 1881 1458 1929 οὒκ
1481 1880 1778 1948 ἐφρόντισα

1888 1884 2100 1950 adjutus
2150 1885 2356 1943 curavi,
2411 1891 2637 1952 putasne
2695 1902 2779 1938 me
2817 1888 2972 1938 talem
3025 1902 3143 1940 esse
3173 1890 3260 1955 qui
3294 1899 3342 1939 te
3373 1905 3462 1940 au-

201 1969 388 2035 χάριτι
414 1969 506 2020 τοῦ
539 1970 672 2022 Θεοῦ
710 1989 833 2039 μου,
863 1973 956 2023 σοῦ
996 1973 1101 2039 ἔχω
1128 1975 1392 2037 ἁκοῦσαι;
1430 1976 1487 2026 Ὀ
1521 1977 1781 2041 δικαστὴς

202 2061 385 2127 λέγει·
431 2064 686 2115 Ἀκὰκιον
720 2067 806 2116 τον
839 2066 1213 2119 ἀκαθοσίωτον
1248 2068 1588 2136 στρατιώτην
1622 2071 1780 2136 γενό-

204 2161 368 2228 μενόν
395 2178 546 2223 ποτε,
577 2162 680 2213 ὑπὸ
705 2163 954 2232 ἀσφαλὴν
981 2164 1228 2232 φρουρὰν
1261 2164 1357 2232 τὴν
1381 2164 1668 2232 ὲνδοτὲραν
1700 2167 1780 2225 εἰς

199 2252 330 2317 τρία
367 2255 688 2321 κεντῇματα
739 2256 832 2306 τοῦ
865 2255 1024 2317 ξύλου
1066 2255 1342 2323 βαλόντες,
1407 2258 1663 2329 περίθετε
1704 2259 1780 2312 σί-

199 2342 345 2410 δῃρα
371 2345 540 2412 βαρέα
573 2348 713 2399 κατα
738 2347 830 2398 τοῦ
859 2348 1136 2416 τραχήλου
1164 2349 1256 2400 καὶ
1293 2350 1432 2401 κατα
1462 2352 1662 2410 παντὸς
1689 2353 1781 2402 τοῦ

203 2436 480 2502 σώματος,
523 2439 966 2507 τηρηθησόμενόν
997 2457 1087 2506 μοι
1110 2443 1174 2508 τῇ
1205 2441 1330 2506 ἑξῆς
1363 2441 1635 2509 δικασίμῳ
1663 2457 1675 2469 ·
1708 2443 1783 2511 μὴ

200 2527 434 2593 ὁρᾶσθαι
461 2529 514 2580 δὲ
547 2531 708 2580 αὑτὸν
762 2533 864 2580 ὑπὸ
897 2532 1002 2581 τῶν
1035 2532 1300 2582 συνέθνων
1327 2534 1783 2600 συγχωρούμενον

203 2617 458 2680 καθολου,
488 2621 560 2686 μή
587 2635 714 2669 ποτε
741 2621 1178 2688 μακαριζόμενος
1203 2623 1294 2672 ὑπ’
1320 2623 1519 2685 αὐτῶν,
1551 2623 1782 2675 εὐτονώ-

203 2725 363 2776 τιρος
393 2712 524 2776 ἡμῖν
559 2710 693 2778 πρὸς
723 2715 823 2781 τὴν
856 2714 1159 2780 grauem“
1189 2717 1468 2785 ὲξαίτησιν
1502 2718 1726 2786 ευρεθῆ.

275 2799 373 2850 il".
418 2803 521 2851 Καὶ
553 2803 776 2871 ἀςιῄχθη
805 2807 831 2855 ὁ
860 2809 1127 2875 μακάριος
1157 2809 1212 2858 ἐν
1243 2811 1304 2875 τῇ
1329 2811 1542 2877 φρουρᾷ
1577 2811 1783 2877 χαίρων

201 2892 297 2944 ἐπί
333 2910 388 2944 τε
425 2897 487 2962 τῇ
517 2897 867 2968 παρελθούσῃ
897 2901 1240 2969 ἐπερωτήσει
1268 2902 1360 2952 καὶ
1396 2902 1488 2952 ἐπὶ
1518 2903 1625 2952 τῶν
1651 2902 1781 2969 μελ-

202 2985 407 3036 λόντων
441 2990 662 3052 ἀγαθῶν
700 2990 971 3056 ἀπολῇ-ρει
1010 2995 1159 3058 παρα
1190 2993 1283 3043 τοῦ
1323 2993 1590 3060 ἀψευδοῦς
1624 2995 1780 3046 Θεοῦ·

204 3078 303 3128 καὶ
337 3077 590 3145 εποίησεν
625 3080 680 3127 ἐν
716 3083 779 3146 τῇ
818 3081 1034 3150 φυλακῇ
1067 3083 1162 3148 τῆς
1223 3084 1509 3149 Πειρίνθου
1565 3089 1784 3155 ἡμέρας

204 3171 370 3224 ἑπτά.
411 3172 656 3237 Ἐγένετο
688 3173 742 3224 δὲ
774 3175 864 3226 τὸν
893 3176 1148 3229 Βιϐιανὸν
1184 3179 1494 3247 γράμματα
1524 3180 1782 3241 δέξασθαι

204 3264 361 3331 παρα
397 3265 642 3318 Λικινίου
703 3267 799 3319 τοῦ
859 3270 1105 3337 ἐπάρχου
1141 3270 1234 3322 τοῦ
1288 3270 1580 3341 προλαϐεῖν
1621 3273 1781 3323 αὑτὸν

201 3361 286 3420 εἰς
322 3360 381 3411 τὸ
407 3360 731 3422 Βυζάντιονσ
779 3362 1070 3414 ἐκέλευσεν
1102 3364 1158 3414 δὲ
1193 3366 1288 3416 καὶ
1336 3366 1461 3427 τοὺς
1497 3366 1784 3435 δεσμώτας

201 3452 574 3520 ἀκολουθῆσαι
607 3453 778 3520 αὐτῷ.
829 3452 884 3507 Ὀ
936 3453 1029 3507 οῦν
1063 3455 1334 3526 μακάριος
1365 3462 1577 3527 μάρτυς
1623 3459 1786 3510 Ἀκά-

200 3561 322 3605 κιος
355 3547 447 3595 καὶ
481 3545 556 3613 τῷ
596 3546 747 3617 ὄγκῳ
791 3548 900 3599 τῶν
923 3551 1256 3619 τραυμάτων
1290 3552 1630 3618 τρυχόμενος
1690 3551 1785 3601 καὶ

197 3634 282 3702 τῷ
311 3636 457 3701 πόνῳ
486 3635 578 3687 τοῦ
616 3641 868 3705 σώματος
911 3640 1436 3708 στενοχωρούμενος,
1487 3641 1564 3691 ἔτι
1598 3641 1654 3693 δὲ
1690 3642 1784 3693 καὶ

196 3726 281 3795 τῷ
317 3728 516 3790 πλήθει
547 3730 654 3781 τῶν
684 3731 920 3798 σιδήριον
955 3730 1346 3800 βαρυνόμενος,
1382 3733 1475 3784 καὶ
1506 3736 1571 3803 τῇ
1597 3735 1786 3803 soi-‘55;

195 3823 314 3873 τῶν
341 3821 553 3890 δημίων
575 3823 683 3873 τῶν
707 3823 763 3874 ὲν
789 3825 852 3892 τῇ
885 3825 988 3893 δδῴ
1014 3826 1558 3896 ταλαιπωρούμενος,
1591 3831 1684 3880 καὶ
1708 3830 1786 3899 τῷ

197 3911 442 3977 καμάτῳ
469 3909 570 3976 τῆς
607 3912 830 3980 πορείας
862 3914 1202 3982 θλιϐόμενος,
1237 3918 1330 3968 καὶ
1384 3920 1447 3986 τῇ
1477 3919 1657 3988 ἐνδείᾳ
1678 3922 1787 3974 τῶν

197 3999 395 4050 σιτίων
436 4000 932 4070 ὲκλιμπανὸμενος,
983 4005 1076 4054 καὶ
1126 4003 1202 4071 τῷ
1247 4004 1322 4073 μὴ
1384 4008 1788 4076 συγχωρεῖσθαί

195 4109 327 4143 τινα
356 4092 464 4144 τῶν
496 4095 754 4160 γνωστῶν
785 4095 1057 4148 συνέθνων
1090 4097 1221 4166 ὁρᾷ-λ
1249 4097 1412 4148 αὐτὸν
1436 4102 1570 4167 πρὸς
1602 4103 1660 4151 το
1690 4101 1788 4170 ζῇν

197 4182 396 4236 λοιπὸν
443 4185 906 4254 ὲξαπορούμενος,
962 4185 1478 4239 ἐπακολουθούντων
1538 4191 1632 4241 καὶ
1680 4191 1790 4242 τῶν

199 4279 306 4327 σὺν
340 4277 489 4346 αύτῷ
516 4278 808 4345 δεσμωτῶν
834 4282 890 4330 ὲν
923 4280 988 4346 τῇ
1014 4278 1118 4348 ὁδῷ
1149 4280 1242 4331 καὶ
1280 4279 1386 4332 τῶν
1439 4298 1566 4333 κατε
1580 4286 1790 4348 πειγόν·

197 4382 319 4418 των
342 4369 542 4429 αὐτοὺς
576 4367 810 4437 δημίων,
872 4367 1073 4438 ηὔξατο
1103 4371 1180 4440 τῷ
1203 4370 1344 4439 Θεῷ,
1378 4370 1616 4432 ἀξιώσας
1659 4375 1793 4440 πρό-

201 4473 371 4524 τερον
400 4460 527 4519 τοὺς
556 4460 808 4526 δημίους,
846 4462 1266 4529 συγχωρηθῆναι
1299 4463 1450 4533 αὐτῷ
1490 4463 1751 4526 εῦξασθαι
1773 4481 1786 4494 ·

1888 1977 2071 2029 diam?
2102 1975 2234 2028 Tum
2263 1978 2424 2044 judex
2462 1979 2722 2032 miniStris
2753 1979 2927 2031 dixit:
2957 1979 3208 2032 Acacium
3235 1980 3458 2048 impium

1886 2068 2156 2120 hominem
2190 2072 2317 2122 olim
2357 2073 2602 2134 militem,
2644 2075 2692 2126 in
2729 2088 2945 2126 carcere
3002 2075 3257 2126 interiore
3289 2075 3463 2126 tribus

1885 2159 2042 2226 lignis
2075 2160 2348 2227 alligatum
2382 2165 2671 2224 custodite,
2708 2172 2758 2215 et
2803 2164 3059 2230 gravibus
3091 2165 3295 2215 catenis
3343 2164 3461 2230 ejus

1886 2253 2080 2305 collum
2114 2268 2175 2306 ac
2230 2262 2396 2305 totum
2429 2268 2626 2318 cerpus
2653 2254 3004 2317 circumdate,
3041 2254 3315 2322 sequentis
3355 2254 3459 2308 diei

1882 2350 2085 2418 judicio
2118 2353 2503 2403 reservandum
2539 2369 2552 2405 :
2593 2365 2763 2418 neque
2809 2365 2836 2402 a
2870 2365 2979 2402 sua:
3010 2351 3185 2417 gentis
3225 2348 3462 2402 homini-

1889 2440 1988 2493 bus
2010 2439 2157 2492 illutn
2188 2440 2354 2493 videri
2381 2435 2673 2507 permittite
2695 2480 2708 2504 ,
2746 2454 2811 2492 ne
2839 2438 2975 2492 forte
3010 2439 3078 2492 ab
3110 2440 3240 2508 ipsis
3273 2440 3462 2493 beatus

1888 2535 2233 2597 praedicetur,
2289 2543 2340 2584 et
2377 2535 2441 2586 ad
2482 2533 2690 2587 futuras
2745 2534 3067 2602 qmcstioaes
3128 2534 3464 2586 constantior

1888 2633 2216 2674 Inveniatur.

1962 2801 2096 2855 Xlll.
2133 2800 2334 2857 Ductus
2371 2803 2532 2872 igitur
2559 2801 2657 2855 fuit
2681 2802 2868 2856 beatus
2905 2802 3135 2859 Aeacius
3176 2805 3226 2859 in
3269 2821 3459 2861 carce-

1889 2911 2024 2956 rem,
2084 2907 2194 2949 tum
2251 2899 2521 2963 pra'terita
2572 2895 2913 2951 confessione
2967 2914 3127 2965 quam
3185 2903 3462 2967 professus

1888 2985 2085 3047 fuerat,
2119 2998 2228 3038 tum
2260 2988 2454 3040 futuris
2484 2990 2660 3050 bonis,
2701 3005 2818 3055 qua!
2849 3004 2875 3040 a
2908 2990 3013 3042 Deo
3050 3005 3178 3042 vero
3208 2999 3460 3060 acceptu-

1891 3095 1981 3134 rus
2013 3090 2152 3143 erat,
2205 3079 2358 3135 valde
2411 3080 2561 3133 lzetus
2596 3098 2611 3134 :
2649 3080 2960 3149 mansitque
3035 3081 3087 3133 in
3133 3096 3353 3136 carcere
3406 3085 3457 3137 in

1893 3175 2022 3226 urbe
2054 3173 2314 3227 Perintho
2345 3185 2548 3242 septem
2582 3175 2718 3230 dies.
2755 3174 2962 3227 Interea
3011 3173 3265 3230 Bibianus
3303 3193 3460 3231 acce-

1890 3265 1967 3331 pit
1997 3264 2206 3316 litteras
2241 3280 2268 3316 a
2302 3264 2580 3327 Flaccino,
2619 3275 2674 3316 ut
2705 3264 3024 3332 Byzantium
3051 3282 3108 3320 se
3141 3268 3410 3324 conferret
3447 3288 3460 3324 :

1884 3359 2046 3427 jussit
2078 3367 2259 3410 autem
2285 3367 2338 3424 e_t
2363 3373 2455 3411 eos
2495 3357 2586 3426 qui
2620 3370 2774 3411 erant
2817 3358 2868 3412 iu
2903 3373 3141 3425 carcere,
3183 3361 3328 3413 illum
3377 3378 3465 3416 se-

1892 3450 2006 3519 qui.
2044 3450 2239 3503 Beatus
2273 3443 2435 3522 igitur
2461 3462 2665 3520 martyr
2691 3454 2942 3516 Aeacius,
2973 3463 3027 3507 et
3065 3454 3346 3508 vulnerum
3376 3464 3462 3507 tu-

1891 3555 2057 3601 more,
2095 3550 2148 3593 et
2174 3543 2415 3607 corporis
2449 3541 2633 3594 labore
2662 3542 2916 3606 amictus,
2967 3545 3033 3596 ad
3091 3545 3203 3599 lucc
3257 3558 3311 3598 et
3361 3547 3467 3600 illis

1894 3633 2072 3686 multis
2108 3632 2303 3686 ferreis
2339 3634 2544 3685 catenis
2599 3643 2872 3700 gravatus,
2914 3635 3256 3702 militumque
3289 3637 3338 3688 in
3377 3639 3460 3688 via

1892 3726 2196 3795 urgentium
2235 3726 2659 3791 importunitate,
2701 3734 2754 3777 et
2783 3724 2994 3778 itineris
3031 3725 3369 3790 lassitudine,
3400 3741 3464 3780 ac

1891 3820 2132 3872 ciborum
2160 3819 2360 3887 inopia,
2397 3818 2627 3886 denique
2656 3827 2899 3871 notorum
2935 3820 3236 3884 hominum,
3272 3833 3300 3872 e
3335 3819 3463 3888 qui-

1891 3907 1989 3958 bus
2030 3909 2299 3959 neminem
2334 3908 2514 3960 videre
2545 3909 2983 3975 permittebatur,
3030 3910 3273 3963 absentia
3310 3911 3464 3964 valde

1894 4010 2149 4057 manens,
2187 4006 2239 4048 et
2275 3997 2339 4048 de
2393 3996 2498 4047 vita
2545 3998 2658 4063 ipsa
2707 3997 3030 4064 desperans,
3088 4015 3209 4052 cum
3272 4012 3323 4054 et
3373 4000 3464 4054 alii

1892 4089 2057 4142 vincti
2087 4104 2208 4143 eum
2262 4097 2642 4156 sequerentur,
2676 4098 2728 4142 et
2759 4091 3042 4143 carnilices
3069 4100 3344 4162 urgerent,
3375 4106 3472 4158 pe-

1895 4186 1977 4234 tiit
2012 4201 2037 4234 a
2077 4183 2453 4246 carnificibus,
2514 4194 2570 4235 ut
2622 4182 2816 4237 orandi
2869 4183 2960 4236 Dei
3016 4193 3337 4251 potestatem
3391 4186 3463 4238 illi

1894 4275 2152 4325 facerent.
2187 4273 2321 4325 Cum
2360 4275 2521 4340 igitur
2566 4275 2797 4340 quodam
2833 4272 3030 4324 inloco
3075 4274 3338 4335 stetisset,
3390 4273 3463 4325 ita

1892 4364 2060 4420 Deum
2102 4375 2351 4433 precatus
2383 4374 2466 4420 est
2497 4383 2509 4418 :
2552 4364 2734 4419 Gloria
2768 4366 2838 4419 sit
2873 4365 2993 4428 tibi,
3030 4364 3195 4429 Deus,
3230 4365 3320 4432 qui
3369 4380 3466 4434 pro

1897 4470 1985 4509 tua
2033 4457 2318 4510 clementia
2348 4457 2399 4506 in
2440 4470 2532 4507 eos
2565 4454 2967 4507 misericordem
3017 4463 3065 4505 te
3102 4453 3330 4519 prtebes,
3375 4450 3466 4519 Qui

197 4551 306 4602 καὶ
340 4550 560 4612 σταθεὶς
594 4553 651 4603 ἐν
686 4552 836 4622 τόπῳ
857 4554 982 4616 τινὶ,
1020 4552 1222 4623 ηὔξατο
1262 4555 1397 4622 πρὸς
1459 4558 1660 4627 Κύριον
1700 4562 1789 4611 καὶ

1899 4552 2128 4618 diligunt
2157 4563 2346 4602 nomen
2377 4559 2520 4601 tuum
2569 4565 2580 4598 :
2610 4546 2797 4612 gloria,
2832 4546 3073 4612 inquam,
3107 4545 3198 4596 tibi
3237 4545 3326 4605 sit,
3373 4544 3464 4610 qui

198 4640 403 4695 εἶπενο
443 4641 582 4705 Δόξα
616 4659 718 4706 σοι,
766 4646 794 4696 ὁ
847 4645 987 4696 κατὰ
1022 4646 1078 4696 τὸ
1119 4645 1253 4696 πολὺ
1296 4645 1440 4708 ἔλεός
1481 4666 1574 4699 σου
1619 4651 1787 4703 ποιῶν

197 4737 301 4789 καὶ
342 4738 412 4784 τα
476 4733 603 4800 ὲλέη
663 4727 759 4785 σου
797 4735 934 4802 μετὰ
980 4737 1089 4787 τῶν
1123 4738 1466 4804 ἀγαπώντων
1504 4740 1563 4791 τι
1613 4741 1785 4811 ὄνομα

199 4843 302 4878 σου
327 4841 342 4854 ⁸
370 4823 495 4886 δόξα
521 4840 624 4888 σοι,
647 4823 724 4893 τῷ
758 4828 850 4874 καὶ
877 4824 974 4892 ἐμὲ
1009 4825 1100 4875 τὸν
1131 4827 1457 4896 ἁμαρτωλὸν
1495 4832 1785 4889 καλέσαντι

196 4922 284 4977 εἰς
332 4919 425 4966 τον
475 4917 672 4984 κλῆρον
702 4915 925 4967 τοῦτον·
961 4916 1087 4979 δόξα
1120 4934 1222 4983 σοι,
1281 4919 1478 4987 Ἰησοῦ,
1511 4921 1586 4990 τῷ
1622 4923 1784 4974 εἰδότι

197 5017 307 5079 τὴν
370 5007 659 5059 ἀσθένειαν
714 5008 812 5076 τῆς
865 5009 1064 5075 σαρκὸς
1112 5009 1270 5078 ἡμῶν
1310 5012 1405 5061 καὶ
1427 5011 1568 5062 δόντι
1610 5030 1697 5078 μοι
1733 5015 1790 5064 ὲν

201 5105 332 5163 ταῖς
376 5099 628 5170 βασάνοις
672 5099 770 5167 τὴν
825 5100 1124 5169 ὑπομονήν.
1214 5103 1348 5152 Επεὶ
1401 5102 1492 5153 οῦν
1545 5105 1789 5172 βλέπεις,

199 5195 389 5262 Κύριέ
420 5212 544 5262 μου,
585 5192 755 5244 πολλὰ
805 5196 871 5244 τὰ
937 5193 1228 5260 συνέχοντά
1261 5212 1328 5262 με
1375 5197 1518 5248 κακὰ
1569 5197 1788 5250 καὶτοῦ

201 5281 436 5358 μέλλειν
463 5286 775 5356 ἐκδημῆσαι
798 5272 897 5353 τῆν
922 5285 1099 5353 ψυχήν
1130 5303 1230 5354 μου
1262 5287 1368 5337 ἀπὸ
1401 5287 1491 5339 τοῦ
1517 5288 1788 5356 σώματος,

201 5381 377 5442 αὐτὸς
405 5379 518 5445 οῦν,
549 5383 794 5432 Δέσποτα
829 5377 1022 5445 Κύριε,
1059 5378 1381 5431 ἀπόστειλον
1405 5380 1633 5447 ἄγγελον
1663 5384 1794 5450 πρός

205 5493 280 5544 με
327 5473 642 5539 ἰαματικον,
682 5469 908 5536 ίώμενόν
950 5487 1013 5537 με
1044 5471 1149 5521 ἀπὸ
1185 5471 1290 5521 τῶν
1323 5475 1693 5538 περιεχουσῶν
1726 5490 1792 5540 με

203 5567 420 5622 ὀδυνῶν
454 5567 546 5616 καὶ
579 5563 861 5630 ἀναγκῶν,
884 5568 978 5614 καὶ
1014 5563 1267 5614 κέλευσον
1296 5565 1698 5633 καταξιωθῆναί
1726 5582 1793 5634 με

201 5666 312 5731 οἴῳ
346 5661 545 5729 δήποτε
580 5657 766 5726 τροπῳ
802 5658 959 5725 μόνον
993 5658 1266 5725 inopiast
1295 5657 1549 5710 δικαστοῦ
1580 5658 1808 5710 τελειωη

249 5846 266 5874 ⁸
304 5839 494 5894 Matth.
534 5856 584 5906 ι,
621 5840 699 5891 l9.

1897 4655 1950 4699 et
1989 4659 2072 4697 nte
2110 4645 2161 4696 in
2197 4643 2430 4709 peccatis
2464 4641 2757 4712 viventem,
2795 4641 2860 4692 ad
2893 4641 3028 4691 hanc
3079 4646 3280 4690 sortem
3323 4645 3464 4687 tuam

1899 4731 2104 4785 voeaSti
2135 4731 2334 4797 :gloria
2366 4728 2483 4793 tibi,
2509 4726 2659 4792 Jesu,
2690 4731 2778 4796 qui
2814 4738 3008 4780 uosme
3036 4727 3215 4779 carnis
3247 4726 3470 4777 infirmi-

1901 4835 2063 4877 tatem
2099 4824 2324 4885 novisti,
2355 4835 2405 4876 et
2440 4834 2495 4874 ut
2546 4831 2810 4874 tormenta
2851 4818 3064 4873 fortiter
3101 4818 3321 4880 ferrem,
3375 4831 3470 4886 pa-

1901 4916 2143 4970 tientiam
2183 4915 2310 4968 Inilti
2340 4913 2637 4982 praebuisti.
2670 4913 2933 4976 Quoniam
2973 4912 3134 4979 igitur
3186 4911 3356 4970 vides,
3395 4908 3466 4960 uti

1900 5008 2140 5068 Domine,
2171 5007 2351 5060 multis
2387 5005 2539 5058 malis
2568 5020 2650 5057 me.
2679 5018 3016 5071 oppressum,
3067 5001 3137 5053 ita
3186 5009 3242 5052 ut
3286 5000 3466 5053 anitna

1899 5102 2008 5168 ipsa
2043 5115 2071 5155 e
2102 5112 2327 5165 corpore
2375 5111 2493 5151 meo
2537 5111 2825 5149 excessum
2889 5095 3151 5155 videatur,
3216 5103 3266 5144 tu
3334 5093 3466 5156 ipse,

1903 5194 2146 5256 Domine,
2181 5195 2329 5244 mitte
2362 5189 2634 5257 angelum,
2670 5192 2758 5254 qui
2799 5202 2881 5239 me
2913 5197 3084 5247 curet,
3125 5195 3176 5237 et
3211 5185 3276 5238 ab
3301 5200 3467 5250 angu—

1905 5286 2044 5346 stiis,
2072 5283 2264 5351 quibus
2288 5282 2586 5348 opprimor,
2618 5294 2699 5329 me
2723 5287 2870 5330 sanet
2900 5293 2914 5341 ;
2953 5292 3014 5329 ac
3051 5277 3185 5329 velis
3209 5278 3336 5326 mihi
3368 5276 3466 5327 hoc

1879 5377 2214 5437 concedere,
2240 5384 2299 5424 ut
2324 5385 2642 5440 quacunque
2673 5371 2903 5428 ratione,
2937 5369 3091 5419 modo
3120 5367 3321 5434 judicis
3343 5382 3466 5418 sen-

1900 5468 2064 5520 tentia
2108 5468 2386 5518 dect'etum
2418 5466 2508 5526 sit,
2538 5462 2853 5529 martyrium
2887 5459 3212 5526 compleatn,
3244 5467 3296 5507 et
3325 5457 3465 5521 apud

1900 5573 1948 5615 te
1986 5561 2108 5613 sim.
2141 5559 2274 5612 Cum
2320 5559 2389 5610 ita
2426 5559 2590 5609 Deum
2630 5563 2831 5614 oraret,
2860 5567 2960 5603 vox
2995 5566 3025 5604 e
3056 5551 3195 5601 nube
3235 5550 3466 5602 demissa

1898 5663 1979 5710 est
2018 5654 2154 5722 (erat
2181 5651 2322 5706 enim
2362 5664 2453 5703 aer
2502 5650 2614 5716 ipse
2664 5645 2894 5700 nubibus
2930 5643 3229 5711 contectus)
3267 5657 3280 5694 :
3320 5638 3466 5703 Esto,
