4230 6436
719 445 827 507 235

2043 444 2325 504 MENSIS
2373 445 2636 505 MAIUS.

3871 441 3979 503 236

725 573 900 611 meum
936 564 1130 626 prresto
1157 558 1242 607 est.
1271 563 1284 602 ἒ
1319 551 1649 618 potestatem
1684 557 1888 610 habes:
1925 572 2104 624 quzeso
2139 553 2305 608 facias

2417 551 2614 625 ροῦμεν
2644 553 2751 624 γαρ
2782 551 3098 620 πλειστάκις
3132 555 3656 627 λαμπροφορουντάς
3681 571 3852 617 τινας,
3881 553 3990 606 ῶς-

729 647 988 715 quidquid
1055 648 1156 699 vis.
1221 641 1557 700 Videbamus
1600 649 1740 700 enim
1796 650 1988 714 sazpius
2043 649 2301 717 quosdam

730 752 879 793 veste
929 739 1206 807 splendida
1268 747 1489 793 ornatos
1548 742 1772 804 milites,
1803 742 2044 810 aliosque
2082 742 2303 795 urbanis

729 833 878 893 viris,
933 833 1066 884 alios
1113 831 1280 884 Medis
1321 831 1644 899 quibusdam
1689 834 1894 886 similes
1954 849 2071 885 eSse
2117 847 2301 885 cense-

730 926 940 987 bamus,
979 924 1067 991 qui
1112 941 1214 976 una
1249 941 1368 978 cum
1403 926 1519 992 ipso
1546 924 1926 986 versabantur,
1961 925 2155 993 quique
2187 925 2305 993 ejus

731 1016 951 1067 vulnera
982 1017 1270 1079 curabant,
1307 1029 1360 1068 et
1397 1016 1686 1084 diligenter
1720 1017 2126 1085 abstergebant,
2171 1015 2307 1068 mul-

738 1109 911 1173 tisque
945 1107 1160 1160 cibariis
1197 1107 1514 1175 propositis,
1545 1123 1646 1158 una
1675 1122 1796 1159 cum
1831 1122 1894 1160 eo
1927 1106 2303 1160 vescebantur.

737 1199 860 1251 Htec
896 1199 1076 1250 omnia
1139 1199 1411 1261 homines,
1475 1200 1563 1267 qui
1619 1215 1682 1252 ex
1745 1200 1878 1251 urbe
1913 1197 2174 1251 Perintho
2205 1213 2304 1252 una

734 1308 856 1344 rrum
886 1308 949 1344 eo
988 1293 1152 1345 vincti
1190 1293 1336 1344 ducti
1373 1302 1519 1355 sunt,
1554 1302 1662 1345 tum
1703 1292 1754 1344 in
1789 1294 1893 1354 via,
1926 1301 2034 1345 tum
2075 1293 2158 1346 hic
2183 1307 2306 1345 cum

734 1384 929 1450 sa'pius
975 1384 1260 1448 vidissent,
1294 1384 1422 1437 mihi
1457 1384 1754 1437 retulerunt
1796 1400 1811 1438 ;
1846 1384 1918 1436 ita
1954 1394 2011 1436 ut
2035 1398 2154 1453 ego,
2188 1397 2306 1435 cum

735 1476 866 1541 ipsis
905 1491 1009 1526 non
1045 1477 1349 1538 crederem,
1384 1484 1436 1528 et
1469 1491 1655 1528 verum
1683 1475 1825 1528 scire
1857 1489 2135 1542 cuperem,
2177 1473 2312 1526 meis

734 1567 902 1619 oculis
941 1566 1134 1620 videns
1168 1569 1216 1619 id
1253 1569 1619 1636 cognoverim.
1649 1568 1714 1618 At
1740 1567 1782 1620 si
1809 1567 2026 1634 quando
2068 1573 2309 1633 repente,

748 1670 868 1708 Cum
917 1659 1027 1708 hac
1055 1667 1379 1724 spectarem,
1419 1656 1621 1725 ingredi
1650 1658 1714 1708 ad
1747 1671 1870 1709 eum
1909 1655 2217 1718 voluissem,
2259 1663 2313 1707 et

735 1747 798 1796 ah
829 1747 935 1797 illis
969 1761 1211 1814 qttmrere
1258 1746 1525 1799 undenatn
1563 1747 1689 1798 illuc
1719 1746 1946 1813 ingressi
1979 1755 2184 1808 essent,
2221 1755 2313 1798 aut

737 1839 956 1901 quinam
996 1836 1172 1888 forent
1227 1838 1323 1900 illi,
1364 1853 1497 1904 quos
1531 1851 1635 1888 una
1689 1853 1811 1890 cnni
1866 1837 1980 1905 ipso
2035 1839 2306 1904 vidissem,

2411 661 2514 712 περ
2548 643 2913 713 στρατιώτας,
2951 647 3044 698 καὶ
3081 646 3270 709 ἄλλους
3299 647 3374 708 ώς
3417 649 3831 717 σχολαστικοὺς,
3891 648 3989 698 καὶ

2409 735 2627 802 ἑτέρους
2651 735 2724 797 ὡς
2758 739 2974 806 lateo-3;
3002 734 3138 788 εἶναι
3159 739 3503 806 ἐνομίζομεν.
3530 740 3788 801 συνόντας
3816 738 3991 806 αὐτῷ,

2409 827 2503 878 καὶ
2550 827 3040 896 ἐπιμελουμένους,
3079 831 3171 880 καὶ
3228 829 3302 898 τῷ
3364 829 3515 880 ὕδατι
3553 829 3992 890 καταντλοίντας

2408 918 2478 969 τὰ
2511 919 2802 988 τραύματα
2844 919 3031 982 αὑτοῦ,
3057 920 3170 989 ἅμα
3197 920 3250 971 δὲ
3285 922 3378 971 καὶ
3405 920 3782 982 συνεσθίοντας
3820 921 3990 987 αὐτῷ,

2409 1009 2622 1062 πολλῶν
2697 1011 2918 1076 ἀγαθῶν
2991 1014 3373 1082 προκειμένων
3430 1015 3634 1076 αὐτοῖς.
3700 1013 3889 1065 Ταῦτα
3938 1013 3994 1064 δὲ

2409 1107 2590 1159 πάντα
2651 1108 2746 1158 καὶ
2797 1108 2848 1158 οἱ
2891 1107 3102 1172 δέσμιοι
3132 1108 3238 1159 ἀπὸ
3271 1109 3368 1177 τῆς
3405 1108 3668 1177 Περίνθου
3703 1109 3996 1175 ἐρχόμενοι

2413 1198 2530 1264 μετ’
2562 1195 2726 1247 αὑτοῦ
2781 1196 2982 1257 ἰδόντες
3041 1197 3135 1248 καὶ
3163 1191 3264 1250 ῶδε
3327 1198 3642 1259 πλειστάκις
3676 1198 3993 1266 ἁνήνεγκάν

2415 1304 2526 1356 μοι,
2559 1287 2697 1339 ὥστε
2731 1287 2822 1340 καὶ
2855 1289 2953 1356 ἐμὲ
2989 1290 3186 1357 αὐτοψὶ
3227 1291 3515 1360 πεισθῆναι
3565 1291 3637 1359 μὴ
3663 1291 3996 1342 πιστεύοντα.

2412 1382 2616 1442 αὐτοῖς.
2662 1383 2723 1433 Εἰ
2764 1399 2892 1433 ποτε
2918 1383 2972 1433 δὲ
3005 1383 3225 1446 ἀνοίξας
3285 1383 3382 1452 τὴν
3435 1386 3675 1449 κατῆναν
3725 1381 3999 1434 εἰσελθεῖν

2412 1472 2746 1540 ἠϐουλήθην,
2798 1474 3081 1540 αἰφνιδίως
3140 1476 3360 1544 θεωρῶν
3390 1475 3580 1538 ταῦτα,
3639 1473 3997 1542 ἐπερωτῆσαι

2414 1565 2608 1624 αὐτοὺς
2655 1565 2963 1633 βουληθεὶς,
2994 1567 3158 1624 πόθεν
3187 1569 3296 1636 ἄρα
3326 1568 3574 1638 εἰσῆλθον
3607 1569 3636 1635 ἦ
3679 1568 3828 1628 τίνες
3857 1566 3999 1618 εἰσὶν

2415 1659 2614 1708 ἐκεῖνοι
2643 1657 2744 1719 οὓς
2777 1657 3004 1708 ἔϐλεπον
3045 1658 3162 1724 μετ’
3194 1659 3380 1719 αὑτοῦ,
3416 1658 3672 1710 εἰσελθὼν
3698 1659 3753 1710 δὲ
3794 1657 3996 1710 πολλά-

2414 1766 2498 1809 κις
2537 1748 2672 1815 προς
2703 1748 2887 1810 αὑτὸν,
2918 1748 3106 1800 οὐδένα
3137 1748 3193 1810 ἐξ
3227 1750 3406 1801 αὐτῶν
3432 1750 3688 1819 εὕρισκον
3730 1752 3852 1802 οὐδὲ
3890 1753 4000 1802 τῶν

2416 1841 2793 1908 προκειμένων
2839 1843 3023 1902 αὐτοῖς
3066 1840 3306 1908 ἀγαθῶν,
3349 1841 3483 1892 ἀλλὰ
3517 1841 3704 1893 τοῦτον
3742 1842 3905 1911 μόνον
3942 1845 4001 1893 ἐν

731 1930 930 1995 saepius
955 1930 1014 1982 ad
1041 1944 1159 1980 eum
1195 1929 1488 1993 ingressus,
1523 1942 1695 1995 neque
1726 1943 2048 1996 quemquam
2077 1929 2308 1992 illorum,

2417 1931 2492 1999 τῷ
2528 1933 2666 2001 ξύλῳ
2700 1935 2999 2002 τεταμένον
3035 1936 3334 2003 εὐχόμενόν
3367 1951 3418 1986 τε
3455 1935 3547 1987 καὶ
3589 1935 3881 2000 δοξιαζοντα
3911 1934 4003 1985 τὸ)

739 2036 910 2088 neque
937 2021 1230 2087 quidquam
1261 2035 1287 2071 e
1321 2020 1541 2073 cibariis
1583 2019 1688 2072 illis
1726 2020 1995 2083 videbam,
2030 2022 2122 2074 sed
2167 2024 2311 2074 hunc

2415 2025 2548 2077 Θιον
2584 2025 2768 2089 αὐτοῦ,
2804 2028 2889 2078 ὅτε
2913 2026 2968 2079 δὲ
2995 2029 3086 2079 καὶ
3119 2027 3272 2097 ὖπνῳ
3302 2029 3720 2096 κατακείμενον.

739 2115 910 2164 solum
947 2114 1090 2181 ligno
1123 2112 1420 2180 alligatum,
1454 2127 1640 2180 preces
1665 2113 1729 2164 ad
1765 2114 1930 2164 Deum
1971 2111 2309 2175 fundentem,
2355 2124 2408 2168 et
2451 2116 2689 2172 divinam
2729 2117 2958 2189 gloriam
2991 2120 3322 2185 laudantem,
3354 2120 3620 2174 interdum
3692 2135 3820 2174 vero
3875 2123 4007 2176 dor-

745 2208 1020 2260 mientem.

811 2295 993 2352 .\'\'Ill.
1027 2296 1161 2350 'l‘um
1191 2298 1358 2365 judcx
1400 2316 1412 2350 :
1463 2295 1749 2364 Pecunias,
1795 2299 1987 2366 inquit,
2023 2299 2088 2352 ab
2128 2301 2308 2354 Acacii

741 2391 1143 2444 eontribnlihus
1187 2392 1467 2458 accepisri,
1505 2394 1572 2445 ob
1617 2394 1773 2459 idque
1800 2393 2058 2458 judicium
2090 2393 2168 2446 vis
2201 2395 2313 2446 elu-

740 2489 888 2538 dere.
927 2483 1002 2536 Ac
1036 2483 1216 2536 statim
1276 2483 1455 2538 furore
1513 2488 1773 2552 percitus,
1829 2487 2095 2554 plumbeis
2152 2490 2316 2556 virgis

740 2579 854 2644 ejus
889 2587 1033 2643 terga
1063 2577 1266 2643 pulsari
1296 2575 1473 2643 jussit.
1515 2577 1653 2642 Quin
1688 2594 1808 2632 cum
1841 2581 2196 2644 cruciaretur,
2230 2597 2318 2634 vo-

743 2671 978 2719 ciferans
1003 2667 1213 2718 dicebat
1247 2684 1260 2718 :
1295 2666 1511 2730 Quwso,
1561 2668 1749 2732 judex,
1792 2677 1847 2720 ut
1883 2670 1924 2721 si
1951 2685 2036 2722 res
2069 2671 2228 2722 aliter
2259 2685 2315 2722 se

745 2761 924 2820 habet,
954 2772 1111 2824 quam
1157 2756 1287 2816 dixi,
1331 2772 1415 2810 me
1464 2757 1776 2812 interlicias.
1809 2759 1940 2812 Tum
1971 2760 2058 2814 ille
2089 2780 2101 2814 ι
2139 2758 2314 2814 Vene-

745 2851 901 2902 ficum
943 2852 1104 2919 igitur
1135 2851 1404 2904 hominem
1448 2851 1588 2904 hunc
1620 2867 1736 2906 esse
1766 2852 1998 2905 allirmes
2027 2869 2160 2921 opus
2212 2867 2313 2908 est.

743 2945 838 2994 Cui
883 2945 1122 2994 careeris
1155 2955 1338 2995 enatos
1375 2960 1385 2992 :
1423 2940 1552 3008 Ego,
1585 2944 1782 3010 inquit,
1821 2945 1961 3010 quod
1999 2947 2128 3007 vidi,
2173 2947 2314 3009 dico,

747 3051 919 3104 neque
949 3035 1082 3097 scin,
1115 3036 1456 3088 venelicusne
1499 3033 1592 3094 sit,
1627 3050 1692 3085 an
1729 3050 1855 3087 non.
1892 3032 2016 3088 Haec
2044 3050 2169 3088 cum
2197 3037 2317 3088 bea-

746 3141 829 3182 tus
876 3129 1108 3181 Aeacius
1162 3127 1390 3192 audiret,
1433 3127 1642 3178 illorum
1695 3127 1978 3180 stultitiam
2036 3127 2315 3188 irridebat,

743 3224 989 3289 quamvis
1025 3220 1212 3272 fractis
1271 3229 1415 3270 esset
1475 3219 1734 3270 maxillis.
1773 3219 1954 3284 Itaque
2001 3220 2163 3282 judex
2205 3220 2316 3285 ipse

746 3328 932 3364 rursus
966 3311 1146 3364 furore
1194 3327 1476 3373 accensus,
1517 3310 1716 3363 Aeaeio
1738 3308 1870 3362 dixit
1903 3325 1916 3361 :
1953 3307 2103 3361 Tunc
2134 3308 2323 3362 venisti

761 3412 816 3453 ut
853 3417 946 3454 nos
977 3402 1274 3466 derideres,
1310 3402 1592 3469 prsesngiis
1625 3415 1686 3453 ac
1720 3400 1990 3453 veneficiis
2021 3399 2124 3454 tuis
2161 3400 2327 3455 conﬁ-

745 3493 883 3545 sus?
919 3492 1049 3558 Ego,
1093 3494 1261 3560 inquit
1295 3493 1549 3554 Aeacius,
1586 3507 1688 3544 non
1727 3491 1895 3556 rideo,
1948 3492 2090 3559 quod
2137 3494 2316 3546 vestra

748 3587 988 3653 pernicie
1013 3591 1270 3653 gaudeam
1318 3604 1328 3638 :
1367 3585 1476 3639 imo
1510 3587 1895 3653 sempiternam
1931 3596 2160 3639 vestram
2188 3603 2320 3640 con-

752 3679 1153 3730 demnationem
1222 3677 1446 3729 multum
1492 3677 1669 3729 doleo.
1716 3677 1819 3727 \los
1865 3689 2042 3728 autem
2091 3679 2188 3744 ipsi
2230 3692 2322 3729 vc-

749 3781 920 3821 stram
952 3774 1115 3821 vitam
1153 3770 1412 3829 irridetis,
1443 3770 1532 3836 qui
1572 3783 1754 3821 verum
1815 3767 1962 3820 illum
1999 3769 2160 3821 Deum
2195 3769 2319 3824 caeli

753 3872 808 3916 et
838 3873 1019 3923 terrm,
1080 3862 1244 3914 maris
1283 3870 1333 3911 et
1365 3861 1602 3914 omnium
1635 3875 1754 3928 qua:
1787 3860 1837 3912 in
1875 3861 1953 3913 eis
1983 3871 2128 3921 sunt,
2192 3860 2326 3914 οσο-

748 3964 950 4009 ctorem
975 3952 1360 4018 dereliquistis,
1390 3963 1442 4004 et
1466 3953 1670 4018 lapides
1730 3952 1873 4018 ipsos
1903 3950 2158 4003 adoratis.
2190 3950 2326 4002 Tum

746 4044 918 4098 .Iudex
969 4045 1014 4094 ei
1054 4044 1187 4095 dixit
1231 4060 1243 4095 :
1291 4043 1367 4095 Ne
1415 4050 1567 4111 putes
1611 4044 1710 4096 ista
1751 4053 1840 4096 tua
1883 4045 2191 4097 constantia
2241 4056 2324 4095 me

751 4136 950 4187 victum
985 4133 1084 4196 iri;
1118 4150 1221 4186 non
1251 4134 1424 4186 sinam
1458 4144 1508 4186 te
1540 4134 1740 4195 vivere,
1767 4135 1864 4184 nisi
1899 4133 2001 4186 diis
2030 4134 2322 4194 sacritices,

749 4236 803 4278 et
864 4228 1190 4279 invictorum
1251 4227 1635 4291 imperatorum
1689 4224 1881 4278 edictis
1933 4224 2174 4278 obedias.
2229 4224 2324 4277 Cui

749 4319 984 4371 Aeacius
1048 4334 1061 4370 :
1126 4315 1181 4370 Si
1235 4317 1478 4370 timerem
1552 4318 1723 4370 minas
1794 4327 1935 4378 tuas,
1990 4318 2168 4369 statim
2232 4316 2324 4369 tibi

752 4411 1154 4477 obtemperans,
1205 4409 1451 4462 fecissem
1504 4411 1644 4475 quod
1681 4407 1868 4475 jubes;
1907 4407 2160 4476 quoniam
2198 4421 2326 4460 vero

751 4502 1015 4554 sententia
1047 4516 1164 4552 mea
1190 4500 1379 4552 melior
1400 4510 1502 4562 est,
1522 4515 1682 4568 quam
1713 4511 1821 4563 tua,
1849 4501 2022 4552 minas
2041 4499 2174 4552 istas
2193 4499 2322 4550 nihil

753 4589 916 4640 timeo
952 4604 965 4639 :
1003 4589 1107 4651 fac,
1141 4589 1280 4655 quod
1319 4590 1464 4643 libet.

822 4678 963 4733 XIX.
1002 4680 1151 4733 Tunc
1182 4682 1347 4733 Judex
1386 4679 1564 4734 furore
1614 4682 1851 4747 percitus
1884 4699 1896 4734 :
1937 4680 2322 4748 Sacriﬁcasne,

750 4773 946 4838 inquit,
982 4787 1046 4822 an
1092 4773 1265 4824 adhuc
1298 4774 1474 4840 pergis
1524 4773 1801 4824 insanire?
1844 4772 2142 4840 Respondit
2185 4775 2324 4827 Aca-

752 4862 864 4914 cius
903 4880 913 4914 :
956 4861 1032 4914 Tu
1089 4879 1265 4932 pergis
1309 4865 1355 4915 id
1394 4865 1594 4927 facere,
1628 4866 1716 4934 qui
1770 4865 2031 4927 homines,
2070 4882 2096 4915 a
2129 4867 2326 4934 quibus

754 4955 888 5006 nihil
926 4957 1046 5006 mali
1083 4959 1427 5008 commissum
1465 4968 1545 5010 est
1579 4973 1751 5025 neque
1795 4959 1993 5027 aliquid
2031 4959 2081 5012 in
2115 4969 2164 5012 te
2199 4974 2324 5026 pec-

748 5055 925 5097 eatum
959 5043 1076 5107 fuit,
1114 5047 1189 5098 sie
1218 5046 1414 5112 injuste
1446 5046 1759 5100 consumis?
1793 5047 1914 5098 l-liec
1939 5063 2056 5098 eum
2088 5049 2326 5101 audisset

734 5140 925 5208 judex,
952 5140 1112 5202 jussit
1143 5139 1313 5207 virgas
1343 5155 1580 5207 quernas
1611 5137 1817 5199 afferri,
1842 5148 1892 5190 et
1917 5138 2031 5206 ejus
2067 5149 2214 5208 terga
2260 5154 2322 5192 ac

751 5243 990 5283 ventrem
1027 5232 1322 5284 verberari.
1366 5232 1610 5298 Cumque
1647 5233 1832 5282 decem
1870 5231 2117 5285 homines
2163 5232 2324 5284 vicis-

749 5323 848 5374 sim
897 5323 1079 5376 Acacii
1145 5337 1340 5389 corpus
1401 5327 1770 5377 verberarem.
1810 5336 2014 5391 martyr
2051 5325 2164 5391 ipse
2211 5334 2321 5375 tor-

751 5417 941 5468 mentis
1002 5415 1255 5476 alUictus,
1312 5417 1388 5468 sic
1450 5415 1716 5467 clamabat.
1773 5432 1788 5468 :
1840 5413 2074 5478 Christe,
2132 5415 2321 5480 adjttva

753 5503 1003 5559 humilem
1038 5522 1250 5560 servum
1291 5517 1469 5561 tuum.
1522 5509 1693 5559 lratns
1727 5520 1902 5560 autem
1938 5508 2118 5577 judex,
2165 5507 2325 5575 jussit

750 5607 988 5648 ventrem
1051 5597 1279 5663 amplius
1339 5598 1634 5650 verberari.
1696 5597 1934 5666 Cumque
1999 5598 2184 5650 decem
2247 5597 2319 5649 illi

747 5687 988 5739 homines
1038 5689 1138 5737 hoc
1188 5687 1460 5746 fecissent,
1495 5696 1549 5739 et
1600 5687 1787 5740 beatus
1836 5698 2040 5755 martyr
2091 5687 2322 5748 doleret,

747 5788 874 5828 voce
916 5794 1103 5845 magna
1145 5778 1277 5830 dixit
1318 5796 1332 5832 :
1383 5776 1608 5831 Domine
1663 5777 1788 5833 Jesu
1846 5778 2076 5840 Christe,
2127 5779 2320 5847 adjuva

751 5881 963 5923 servum
999 5880 1141 5923 tuum
1169 5871 1442 5925 Acacium.
1471 5869 1580 5926 Hoc
1613 5886 1732 5926 cum
1770 5873 1835 5926 ab
1868 5887 1930 5927 eo
1965 5873 2161 5926 dietum
2192 5870 2324 5928 fuis-

2483 2301 2591 2354 lll'.'
2623 2301 2680 2355 Ὀ
2711 2300 2977 2370 δικαστὴς
3035 2295 3190 2353 εἶπεν
3217 2317 3228 2330 ⁸
3263 2302 3333 2354 Συ
3389 2302 3649 2371 χρήματα
3693 2302 3846 2371 παρὰ
3887 2303 4002 2354 τῶν

2413 2395 2686 2445 συνὲθνων
2723 2393 2887 2445 αὑτοῦ
2925 2391 3125 2454 λαϐὼν,
3179 2393 3394 2454 παίζειν
3427 2394 3601 2454 θέλεις
3644 2395 3704 2446 τὸ
3738 2395 4006 2464 δικαστή-

2416 2505 2549 2558 ριον.
2582 2488 2696 2538 Καὶ
2735 2485 3013 2553 θυμωθεὶς
3065 2485 3376 2548 ἐκέλευσεν,
3441 2487 3816 2554 καταυχενίοις
3853 2488 4008 2556 αὐτῷ

2421 2579 2696 2646 μολίϐδεσι
2755 2578 3089 2648 χρήσασθαι.
3131 2578 3219 2640 Ὠς
3252 2577 3306 2629 δὲ
3351 2577 3706 2639 ἐϐασανίζετο
3748 2580 3774 2630 6
3805 2581 4006 2649 δεσμο-

2416 2670 2610 2738 φύλαξ,
2645 2671 2772 2721 ὲδόα
2807 2671 2898 2722 καὶ
2926 2669 3110 2735 ἔλεγεν
3135 2685 3146 2698 ·
3178 2669 3380 2737 Δέομαί
3404 2685 3518 2733 σου,
3545 2671 3592 2721 εἰ
3623 2669 3797 2732 ἄλλως
3824 2668 4005 2732 εἷπον,

2417 2763 2741 2816 ἀπόκτεινόν
2775 2780 2864 2831 με.
2907 2763 2962 2814 Ὀ
3013 2763 3274 2830 δικαστὴς
3303 2758 3457 2815 εἶπεν
3481 2780 3494 2794 ⁸
3547 2763 3659 2815 Οὔκ
3699 2760 3791 2815 οὖν
3825 2766 4007 2832 γόητα

2419 2856 2579 2908 αὑτὸν
2618 2856 2951 2920 ἀποφέρεις;
3019 2854 3076 2903 't)
3128 2854 3475 2922 δεσμοφύλαξ
3522 2851 3714 2906 εἶπεν·
3786 2857 3928 2920 Ἐγὼ
3980 2857 4008 2906 ὃ

2421 2941 2580 3005 εἶδον,
2616 2942 2767 2995 εἷπον
2791 2960 2802 2970 ο
2839 2945 2886 2994 εί
2911 2943 2965 2994 δὲ
2993 2943 3139 2994 ἔστιν
3171 2946 3326 3011 γόης,
3351 2945 3449 2995 οὐκ
3478 2940 3617 2998 οἶδα.
3660 2946 3714 2997 Ὀ
3742 2946 3796 2996 δὲ
3826 2947 4006 3013 μακά-

2425 3054 2535 3106 ριος
2574 3037 2828 3096 ’Λκάκιος
2866 3035 3038 3097 ἑστὼς
3063 3037 3155 3086 καὶ
3183 3035 3399 3086 ἀκούων
3431 3035 3607 3088 ταῦτα
3652 3039 3878 3104 ἐγέλασε
3913 3037 4011 3088 ἐπὶ

2422 3133 2485 3197 τῇ
2520 3131 2799 3198 ἀφροσύνῃ
2833 3128 3033 3191 αὐτῶν,
3066 3127 3340 3180 καὶτοῦτο
3364 3129 3618 3192 κλασθείς
3651 3131 3774 3192 τοὺς
3816 3131 4009 3195 σιαγὸ-

2425 3237 2541 3280 νας,
2566 3223 2638 3281 ὡς
2662 3222 2750 3272 τὸν
2776 3221 3036 3289 δικαστὴν
3065 3222 3226 3273 πάλιν
3249 3221 3574 3290 ὀργισθέντα
3598 3239 3608 3248 ’
3650 3223 4011 3285 Καταπαίξαι

2428 3310 2584 3378 ἡμῶν
2643 3307 2826 3379 ἦλθες,
2880 3313 3076 3380 λέγων,
3115 3312 3332 3381 θαρῤῶν
3391 3317 3511 3373 ταῖς
3560 3314 3836 3378 γοητείαις
3874 3329 4009 3377 ccio;

2440 3401 2740 3470 Ἀπεκρίθη
2805 3404 3058 3463 Ἀκάκιος
3081 3419 3093 3431 ·
3157 3402 3299 3467 Ἐγὼ
3333 3405 3430 3471 μὲν
3479 3404 3537 3454 οὗ
3573 3404 3900 3465 καταπαίζω
3933 3404 4010 3464 ἀς

2429 3495 2729 3562 ἐπικαίρων
2763 3496 2828 3562 τῇ
2854 3494 3102 3562 ἀπωλείᾳ
3134 3493 3288 3562 ὑμῶν
3315 3510 3327 3522 '
3377 3494 3514 3545 ἀλλὰ
3546 3493 3637 3553 καὶ
3672 3495 3882 3564 σφόδρα
3915 3495 4008 3545 λυ-

2429 3585 2641 3651 ποῦμαι
2687 3585 2815 3653 περὶ
2845 3585 2944 3652 τῆς
2978 3585 3149 3637 ἀϊδίου
3187 3584 3340 3653 ὑμῶν
3371 3585 3623 3655 κρίσεως.
3683 3586 3916 3648 Παίζετε
3955 3586 4009 3638 δὲ

2429 3676 2585 3744 ὑμεῖς
2621 3676 2720 3744 τὴν
2750 3676 2961 3728 ἑαυτῶν
2996 3674 3160 3745 ζωὴν,
3198 3679 3592 3739 καταλιπόντες
3632 3680 3721 3730 τὸν
3749 3679 4009 3746 ἀληθινὸν

2426 3767 2580 3830 Θεὸν,
2613 3769 2702 3819 τὸν
2739 3769 3040 3836 ποιήσαντα
3082 3767 3173 3817 τὸν
3208 3769 3458 3836 οὐρανὸν,
3495 3769 3586 3818 καὶ
3619 3769 3715 3836 τὴν
3749 3770 3874 3836 γῆν,
3915 3770 4010 3820 καὶ

2426 3861 2525 3926 τὴν
2587 3859 2887 3920 θάλασσαν,
2929 3861 3023 3909 καὶ
3058 3861 3234 3910 πάντα
3285 3858 3352 3909 τὰ
3384 3860 3439 3908 ὲν
3472 3859 3675 3918 αὐτοῖς,
3709 3861 3804 3908 καὶ
3839 3859 4009 3921 λίθοις

2431 3948 2885 4018 προσκυνοῦντες.
2930 3947 2989 3998 Ὀ
3014 3947 3273 4016 δικαστὴς
3315 3942 3505 3998 εἶπεν·
3555 3947 3647 4016 Μὴ
3669 3947 3902 4019 νομίσῃς
3942 3967 4008 4017 με

2429 4040 2647 4108 νικῆσαι
2678 4040 2741 4107 τῇ
2774 4037 2990 4107 εὐτονία
3041 4055 3134 4089 σου
3161 4056 3173 4067 ’
3209 4038 3310 4089 οὐκ
3362 4037 3436 4090 ὲῶ
3471 4056 3525 4090 σε
3559 4037 3744 4108 ζῆσαι,
3780 4041 3878 4092 ἐὰν
3933 4044 4006 4110 μὴ

2429 4124 2600 4193 θύσῃς
2641 4128 2733 4176 καὶ
2792 4125 3090 4194 πληρώσῃς
3145 4127 3205 4180 τὸ
3261 4130 3605 4198 προσταχθέν
3646 4147 3727 4181 σοι
3757 4131 3865 4182 ὑπὸ
3900 4133 4010 4183 τῶν

2429 4215 2710 4283 ἀηττήτων
2735 4217 3157 4289 αὐτοκρατόρων
3194 4219 3484 4289 βασιλέων.
3532 4220 3786 4281 Ἀκάκιος
3818 4222 3966 4290 λέγει
3994 4239 4008 4252 ⁵

2429 4307 2490 4358 Εἰ
2523 4306 2834 4377 ἐφοὸούμην
2860 4325 2954 4360 σου
2978 4309 3075 4372 τὰς
3099 4310 3353 4375 ἀπειλὰς,
3385 4312 3494 4363 ἀπὸ
3541 4311 3764 4380 πρώτης
3793 4313 3860 4367 ἂν
3889 4331 4013 4366 πει-

2429 4400 2574 4462 σθείς
2600 4417 2680 4451 σοι
2711 4402 2929 4453 ἐποίουν
2952 4401 2982 4451 6
3015 4400 3190 4468 λέγεις
3213 4418 3227 4430 ·
3263 4401 3452 4469 ἐπειδὴ
3475 4400 3530 4452 δὲ
3559 4404 3585 4453 6
3615 4403 3875 4470 λογισμός
3904 4424 4007 4472 μου

2429 4493 2665 4544 καλλίων
2690 4509 2782 4543 σου
2822 4494 2939 4544 ἐστὶ
2977 4494 3069 4543 καὶ
3094 4494 3153 4544 οὐ
3181 4493 3458 4562 φοὸοὖμαί
3492 4512 3586 4547 σου
3619 4498 3717 4558 τὰς
3750 4498 4007 4561 ἀπειλὰς,

2360 4597 2402 4652 ι)
2434 4583 2573 4634 ποίει
2599 4581 2626 4632 ὃ
2649 4581 2842 4643 θέλεις.

2484 4675 2600 4750 ιϐ’.
2635 4675 2767 4727 Τότε
2811 4676 3083 4746 θυμωθεὶς
3117 4679 3144 4731 6
3181 4679 3445 4749 δικαστὴς
3472 4669 3660 4748 λέγει·
3707 4681 3870 4743 Θύεις
3897 4680 4007 4734 λοι-

2431 4768 2583 4836 πὸνῆ
2619 4767 2698 4819 ἔτι
2729 4769 3010 4836 ἐπιμένεις
3045 4774 3108 4839 τῇ
3147 4774 3330 4842 μωρίᾳ⁸
3371 4790 3499 4837 σονς
3545 4775 3798 4835 ’Δκάκιος
3829 4771 4006 4825 εἶπεν·

2442 4854 2750 4921 Ἑπιμένεις
2783 4857 2846 4906 σὺ
2880 4859 3197 4926 ἀνθρώπους
3231 4863 3397 4929 μηδὲν
3431 4862 3743 4929 πράξαντας
3773 4865 3944 4915 κακον
3976 4865 4008 4930 ἧ

2428 4948 2814 5015 ἀδικήσαντας,
2845 4951 3045 5014 ἀδίκως
3068 4952 3240 5016 οὕτως
3269 4955 3613 5020 ἀναλίσκων;
3659 4957 3931 5028 Ἀκούσας
3954 4959 4010 5010 δὲ

2428 5040 2596 5091 ταῦτα
2619 5042 2645 5091 6
2669 5042 2949 5113 δικαστὴς,
2983 5046 3198 5099 κελεύει
3229 5048 3491 5116 μηλεῖνας
3527 5049 3756 5115 ῥάϐδους
3782 5052 4010 5119 ἐνεχθῆ-

2429 5149 2515 5184 ναι
2550 5136 2642 5185 καὶ
2672 5137 2813 5185 κατὰ
2849 5135 2941 5186 τοῦ
2985 5137 3154 5190 νώτου
3188 5139 3281 5189 καὶ
3313 5141 3409 5206 τῆς
3441 5141 3648 5201 κοιλίας
3701 5141 4010 5194 τύπτεσθαι

2429 5226 2613 5277 αὐτόν.
2681 5226 3048 5295 Ἀλλαγέντων
3075 5230 3130 5282 δὲ
3184 5230 3315 5282 δέκα
3354 5232 3661 5301 ἀνθρώπων
3691 5235 4010 5287 τυπτόντων

2428 5319 2608 5381 αὐτὸν,
2636 5320 2662 5370 6
2695 5320 2906 5390 μάρτυς
2933 5323 2991 5372 ἐν
3025 5325 3141 5383 ταῖς
3170 5323 3426 5392 βασάνοις
3455 5325 3582 5378 ἐϐόα
3617 5324 3792 5392 λέγων
3812 5341 3823 5352 ·
3866 5329 4007 5396 Χρι-

2429 5410 2537 5473 στὲ,
2569 5409 2751 5479 βοήθει
2785 5429 2874 5479 μοι
2905 5413 2982 5482 τῷ
3011 5415 3252 5486 ταπεινῴ
3293 5417 3467 5484 δούλῳ
3518 5433 3632 5470 σου.
3672 5418 3781 5469 Καὶ
3815 5419 4006 5487 Θυμω·

2427 5502 2538 5565 θεὶς
2561 5506 2586 5554 6
2627 5505 2886 5575 δικαστὴς
2910 5507 3120 5560 κελεύει
3155 5509 3297 5561 κατὰ
3318 5512 3415 5578 τῆς
3452 5511 3664 5574 κοιλίας
3696 5512 4006 5565 τύπτεσθαι

2427 5596 2606 5648 αὐτόν.
2654 5598 2924 5666 Ἀλγήσας
2955 5599 3058 5651 δὲὸ
3102 5601 3373 5670 μακάριος
3407 5605 3857 5673 ἀνεϐόησεφωνῇ
3900 5590 4004 5672 με-

2427 5686 2589 5757 γαλῃ,
2622 5691 2714 5740 καὶ
2763 5685 2949 5742 εἶπεν·
3006 5691 3178 5760 Κύριε
3223 5694 3397 5762 Ἰησοῦ
3432 5696 3655 5764 Χριστὲ,
3709 5696 3892 5765 βοήθει
3925 5695 4005 5764 τῷ

2425 5777 2596 5848 δούλῳ
2637 5796 2728 5832 σου
2796 5782 3055 5852 Ἀκακίῳ.
3112 5785 3312 5838 Τούτου
3374 5788 3634 5857 ῥηθέντος
3685 5791 3773 5840 ὑπ’
3810 5789 4006 5854 αὑτοῦ,

2427 5872 2628 5938 εὐθέως
2661 5874 2815 5948 φωνὴ
2836 5877 2900 5930 ὲκ
2931 5877 3023 5931 τοῦ
3047 5878 3280 5950 οὐρανοῦ
3307 5881 3524 5948 ἐγένετο
3556 5881 3788 5949 λέγουσα
3822 5881 4004 5950 αὐτῷ·
