4230 6436
200 438 314 506 237

1261 445 1436 505 VITA
1478 445 1537 503 S.
1587 443 1834 503 ACACII
1871 445 2353 509 CAPPADOCIS.

3332 462 3437 528 238

196 553 292 623 Μὴ
331 552 523 620 φοϐοῦ,
572 551 816 615 Ἀκάκιε,
849 552 985 605 ἀλλὰ
1016 553 1241 619 θάρσει·
1278 554 1336 604 σὲ
1377 554 1487 621 γὰρ
1515 554 1595 604 δεῖ
1633 551 1754 621 μετό

1874 563 1973 615 set,
2006 558 2193 609 statim
2224 572 2322 611 vox
2354 560 2417 613 de
2452 567 2588 615 cocto
2616 567 2781 626 venit,
2806 576 2868 619 ac
2899 564 3033 619 dixit
3074 585 3088 620 :
3126 566 3198 623 Ne
3226 568 3435 631 timeas.

186 646 305 697 τῶν
342 645 595 711 πατέρων
645 661 738 697 σου
798 646 1018 697 ἀπιέναι
1080 646 1174 697 καὶ
1227 644 1606 714 εὐφρανθῆναι
1640 639 1766 706 ὧδε,

188 735 327 785 ὅπου
359 732 452 784 νῦν
472 733 755 799 ὁμολογεῖς
777 735 835 783 τὸ
864 733 1034 801 ὄνομά
1068 750 1192 801 μου.
1218 734 1329 785 Καὶ
1350 735 1649 803 γενομένης
1670 734 1768 801 τῆς

190 825 378 891 φωνῆς
443 824 672 889 ταύτης,
730 825 779 875 οί
828 824 1127 886 τύπτοντες
1175 825 1337 875 αὐτὸν
1391 826 1767 894 ναρκήσαντες

187 916 429 978 ἔστησαν
452 916 645 976 ἐννεοὶ,
685 914 759 983 μή
792 914 1085 982 δυνάμενοι
1142 917 1240 975 τὰς
1276 918 1466 983 χεῖρας
1521 914 1761 977 κινῆσαι,

187 1004 332 1056 ὥστε
376 1006 648 1057 ἐπὶτοῦτο
691 1005 1073 1074 ἀπορρηθῆναι
1107 1005 1199 1057 τὸν
1254 1007 1513 1073 ἄρχοντα,
1547 1006 1641 1057 καὶ¹
1672 1005 1767 1055 θυ-

190 1096 441 1163 μωθῆναι
498 1097 721 1163 σφόδρα,
754 1096 849 1146 καὶ
892 1096 1110 1163 πέμψαι
1170 1096 1260 1147 τόν
1306 1096 1465 1162 ἆγιον
1513 1095 1765 1147 Ἀκάκιον

181 1186 291 1235 Φλά
304 1186 474 1253 κκίνῳ
499 1185 575 1253 τῷ
601 1185 903 1253 ἀνθυπάτῳ
924 1186 1023 1254 τῆς
1050 1186 1325 1255 Εὐρώπης
1353 1188 1493 1253 μετά
1519 1188 1620 1243 καὶ.
1632 1188 1764 1240 ἀνα-

186 1277 361 1345 φορᾶς
398 1276 690 1342 γράψαντα
719 1275 914 1338 οὕτως·

254 1552 340 1606 ις’.
371 1554 459 1621 Τῷ
490 1553 633 1606 κατὰ
677 1554 853 1606 πάντα
898 1553 1342 1623 θαυμασιωτάτῳ
1392 1555 1485 1607 καὶ
1522 1552 1767 1623 μεγίστῳ

178 1644 413 1713 δικαστῇ
443 1643 728 1713 Φλακκίνῳ
759 1644 1057 1713 ἀνθυπάτῳ
1112 1646 1364 1708 Βιϐιανὺς
1414 1648 1441 1696 6
1470 1646 1766 1713 αίδεσιμώ-

179 1752 345 1796 τατος
388 1735 710 1799 καθολικός·
772 1735 1030 1787 Ἀκάκιοι
1083 1735 1173 1786 τὸν
1231 1735 1332 1802 τῆς
1379 1734 1611 1795 ἀσεϐοῦς
1639 1733 1766 1802 θρη-

181 1829 375 1888 σκείας
408 1827 515 1879 τῶν
556 1828 900 1896 Χριστιανῶν
951 1825 1255 1895 συνήγορον
1305 1824 1634 1892 πεμφθέντα
1672 1840 1761 1893 μοι

179 1920 335 1988 παρὰ
361 1921 585 1987 Φήρμου
637 1918 730 1969 τοῦ
766 1918 1062 1985 ταξιάρχου
1114 1918 1222 1969 τῶν
1252 1916 1489 1986 ἀριθμοῦ
1524 1917 1751 1984 Μαρτη-

179 2011 313 2061 σίων
342 2011 436 2061 καὶ
474 2012 547 2076 μὴ
574 2009 900 2077 βουλόμενον
952 2009 1124 2061 εἴκειν
1168 2012 1281 2071 τοῖς
1338 2008 1763 2076 προσταχθεῖσιν

177 2102 245 2151 τά
285 2102 439 2167 παρὰ
490 2100 597 2151 τῶν
654 2101 943 2167 ἀηττήτων
995 2098 1262 2166 βασιλέων
1303 2099 1482 2165 ἡμῶν·
1519 2101 1627 2164 πρὸ
1652 2099 1761 2165 γάρ

176 2198 385 2244 τούτων
413 2191 520 2242 τῶν
568 2192 742 2242 εἴκοσι
784 2190 1012 2257 ἡμερῶν
1049 2189 1430 2239 ἀποσταλέντα
1460 2189 1759 2255 δεξάμενος

175 2283 343 2336 αὐτὸν
373 2285 462 2334 καὶ
494 2282 767 2349 στιϐαρῶς
804 2280 902 2347 τὴν
930 2280 1051 2330 κατ’
1080 2278 1245 2331 αὐτοῦ
1274 2278 1565 2348 ἀνάκρισιν
1601 2290 1759 2347 ποιη-

177 2379 439 2440 σάμενος,
490 2373 641 2425 οὐδὲν
694 2372 857 2423 πλέον
892 2372 1091 2440 ῐσχυσα
1129 2370 1425 2439 ἐνεργῆσαι
1478 2373 1556 2431 εἰς
1596 2371 1761 2422 αὐτὸν

174 2464 319 2531 πλὴν
354 2465 551 2525 κόπους
580 2464 671 2514 καὶ
703 2462 907 2531 θυμόν·
943 2460 1038 2513 τοῦ
1071 2461 1439 2528 προκειμένου
1464 2461 1573 2529 γάρ
1592 2459 1757 2513 αὐτοῦ

176 2554 390 2606 σκοποῦ
435 2554 618 2623 ἔχεται
660 2553 980 2622 ἐπιμελῶς.
1038 2553 1192 2603 Ἐπεὶ
1230 2551 1325 2603 οῦν
1351 2553 1512 2603 πλέον
1536 2554 1562 2602 6
1596 2552 1759 2617 φόϐος

174 2648 471 2715 πρόσεστιν
501 2650 564 2715 τῇ
598 2645 828 2713 μεγίστῃ
853 2661 949 2694 σου
975 2644 1218 2712 ἐξουσίᾳ,
1245 2642 1433 2693 τοῦτον
1473 2644 1611 2711 μετὰ
1645 2644 1755 2695 τῶν

174 2737 530 2805 πραχθέντων
586 2737 664 2795 είς
727 2734 889 2785 αὐτὸν
961 2734 1109 2802 παρὰ
1169 2735 1234 2801 τῇ
1286 2733 1392 2801 ἐμῇ
1451 2732 1752 2803 βραχύτητι

171 2828 472 2879 ἀπέστειλα
503 2827 595 2878 ἐπὶ
628 2826 729 2892 τὴν
770 2824 1036 2894 μεγίστην
1080 2841 1174 2877 σου
1218 2824 1490 2888 ἐξουσίαν,
1535 2825 1753 2890 αίκίσας

172 2919 342 2971 αὐτὸν
374 2919 597 2971 πλεῖστα
621 2917 809 2970 ἐκ.τοῦ
833 2916 1191 2985 δικαστηρίου
1225 2916 1320 2967 καὶ
1362 2916 1535 2977 οὓτως
1573 2930 1750 2985 παρα-

173 3010 403 3079 πέμψας
440 3013 538 3080 τὴν
566 3010 930 3079 λαμπρότητά
964 3024 1055 3059 σου
1080 3024 1093 3035 '
1122 3006 1296 3069 οὕτως
1337 3008 1475 3058 κατὰ
1502 3008 1599 3076 τὴν
1639 3009 1748 3058 τῶν

173 3101 471 3167 βασιλικῶν
492 3101 932 3166 προσταγμάτων
952 3097 1194 3162 διάταξιν
1215 3097 1441 3165 πράξεις
1462 3098 1539 3159 είς
1561 3097 1743 3151 αὐτόν.

1874 646 2058 707 Aeaci.
2111 649 2204 702 sed
2244 660 2363 709 esto
2404 652 2542 705 bono
2588 654 2801 719 animo;
2851 657 3006 712 decet
3055 660 3197 714 enim
3235 670 3287 717 te
3318 678 3438 717 cum

1874 739 2117 803 patribus
2158 741 2262 795 tuis
2294 756 2433 804 esse,
2467 754 2519 796 et
2548 746 2684 798 coelo
2723 758 3026 803 versantem
3057 753 3339 821 obiectari,
3377 774 3441 811 co

1873 830 2016 895 quod
2066 846 2207 885 nunc
2251 834 2487 887 nominis
2533 837 2635 889 mei
2682 839 3074 894 confessionem
3117 848 3436 911 prolitearis.

1872 920 2003 973 Cum
2034 921 2147 976 haec
2179 939 2278 977 vox
2307 926 2490 979 audita
2521 937 2685 993 esset,
2715 930 2961 986 homines
3006 930 3077 986 illi
3107 936 3197 1003 qui
3233 951 3438 1011 marty-

1875 1025 1985 1063 rem
2016 1014 2392 1080 verberabaut,
2422 1024 2791 1083 torpescentes
2820 1029 3071 1089 tanquam
3104 1028 3233 1078 muti
3266 1028 3436 1084 θεῖοι*ιί

1873 1109 2021 1165 sunt,
2055 1118 2228 1171 neque
2258 1121 2449 1160 manus
2480 1108 2623 1175 ipsas
2653 1110 2882 1177 amplius
2917 1129 3135 1168 movere
3173 1127 3437 1185 poterant,

1872 1192 1943 1244 ita
2000 1193 2245 1262 ntjudex
2298 1196 2409 1263 ipse
2446 1200 2763 1265 ambigeret,
2819 1212 2871 1255 et
2925 1203 3107 1259 l‘urcre
3161 1223 3437 1272 accensus.

1870 1293 2112 1335 sanctum
2152 1282 2298 1336 illum
2334 1298 2620 1355 martyrem
2653 1290 2908 1345 Acacium
2945 1296 3009 1347 ad
3043 1297 3246 1363 majora
3291 1284 3442 1370 judi—

1870 1373 1974 1435 cia,
2023 1375 2123 1428 hoc
2152 1385 2255 1436 est,
2294 1378 2357 1429 atl
2402 1377 2713 1432 Flacciuum
2762 1388 3137 1449 proconsulem
3194 1387 3441 1446 Thracia:

1873 1464 2131 1528 mitteret,
2164 1466 2252 1533 qui
2295 1476 2348 1519 et
2383 1468 2694 1521 relationem
2734 1472 2892 1525 talem
2926 1475 2992 1527 ad
3027 1490 3148 1529 eum
3186 1481 3436 1546 seripsit:

1941 1554 2057 1611 XX.
2090 1558 2412 1613 Admirabili
2441 1572 2495 1614 et
2528 1562 2764 1617 maximo
2803 1564 2971 1633 jutlici
3018 1565 3271 1626 Flaccino
3320 1590 3441 1642 pro-

1869 1647 2099 1709 consuli,
2139 1646 2396 1703 Bibianus
2432 1649 2820 1717 imperatorum
2870 1657 3246 1716 devotissimus
3296 1674 3443 1718 salu-

1870 1743 1974 1788 tem
2036 1752 2050 1787 :
2106 1735 2389 1799 Acacium,
2431 1738 2608 1805 impia?
2669 1743 3099 1800 Christianorum
3168 1753 3442 1823 religionis

1868 1830 2177 1890 patronum,
2213 1842 2239 1878 a
2274 1825 2458 1881 Firmo
2494 1827 2699 1883 Martia!
2740 1832 2965 1902 legionis
3009 1839 3228 1895 tribuno
3254 1848 3320 1898 ad
3358 1860 3442 1901 me

1868 1918 2117 1976 missum,
2145 1933 2316 1986 neque
2345 1920 2612 1975 volentem
2650 1925 2711 1977 iis
2738 1924 2948 1993 parere,
2978 1946 3093 1997 qua:
3127 1935 3194 1988 ab
3224 1936 3442 1991 invictis

1866 2005 2281 2090 imperatoribus
2331 2013 2535 2062 nostris
2589 2025 2850 2081 praecepta
2906 2029 3050 2081 sunt,
3084 2036 3202 2073 eum
3257 2026 3438 2091 viginti

1869 2097 2058 2148 diebus
2090 2107 2213 2148 ante
2249 2098 2313 2149 ad
2347 2114 2430 2151 me
2464 2103 2683 2154 tuissmn
2718 2107 3038 2171 aeceperim,
3067 2120 3119 2161 et
3155 2113 3443 2168 vehemen-

1866 2195 1945 2238 ter
1995 2190 2058 2239 de
2109 2188 2220 2251 ipso
2265 2190 2657 2255 inquisiven'm,
2711 2195 2843 2246 nihil
2896 2199 3123 2267 amplius
3173 2204 3375 2270 proieci
3424 2227 3437 2260 :

1866 2276 2124 2342 propositi
2150 2277 2291 2329 enim
2322 2279 2400 2331 sui
2435 2288 2591 2331 tenax
2622 2293 2725 2334 est.
2748 2286 3016 2347 Quoniam
3046 2304 3171 2341 vero
3200 2301 3439 2358 poteStas

1868 2379 1953 2420 tua
1989 2369 2105 2437 plus
2140 2370 2352 2423 timoris
2389 2370 2581 2425 all’erre
2614 2382 2812 2441 petest,
2847 2388 3126 2445 propterea
3168 2381 3438 2439 hominem

1866 2464 2004 2513 hunc
2028 2477 2154 2513 cum
2187 2462 2342 2525 actis,
2387 2478 2504 2528 qua:
2536 2464 2603 2517 de
2653 2465 2742 2519 illo
2774 2483 2803 2519 a
2835 2484 2919 2522 tne
2950 2475 3241 2539 composita
3289 2488 3437 2539 sunt,

1868 2566 1989 2602 cum
2036 2562 2085 2604 te
2142 2552 2643 2620 prmstantissimnnt
2682 2555 2854 2608 virum
2889 2572 3009 2612 esse
3042 2561 3231 2626 sciam,
3280 2567 3344 2617 ad
3393 2576 3441 2619 te

1864 2643 2006 2693 misi.
2039 2642 2171 2694 Cum
2207 2644 2367 2711 igitur
2398 2642 2681 2699 Flaccinus
2718 2646 2816 2700 bas
2865 2648 3075 2704 litteras
3116 2657 3436 2721 accepisset,

1855 2729 2015 2797 jussit
2033 2744 2324 2802 martyrem
2351 2737 2401 2786 in
2428 2752 2645 2789 carcere
2671 2741 2887 2806 quidem
2912 2745 3177 2807 concludi,
3202 2749 3295 2801 sed
3323 2766 3439 2803 ser-

1860 2824 1972 2875 vari
2005 2833 2179 2876 tamen
2206 2824 2322 2877 sine
2363 2825 2609 2889 vinculis,
2640 2837 2694 2879 et
2725 2842 2925 2882 remota
2954 2834 3192 2888 custodia
3222 2837 3304 2889 illa
3328 2848 3436 2892 tam

1858 2916 2049 2969 atroci.
2094 2916 2325 2969 Uxorem
2377 2917 2517 2970 enim
2552 2917 2915 2973 Christianam
2955 2922 3234 2980 Flaccinus
3263 2928 3434 2982 habe-

1858 3006 1968 3068 bat,
2004 3023 2031 3058 a
2068 3023 2173 3073 qua
2225 3019 2465 3076 rogatus.
2498 3018 2552 3063 et
2592 3008 2947 3080 jurejurando
2992 3014 3134 3068 clam
3182 3019 3439 3074 astrictus

1850 3106 2051 3165 fuerat,
2090 3107 2147 3148 ut
2178 3098 2265 3163 qui
2290 3108 2507 3164 propter
2537 3100 2735 3152 Christi
2763 3103 2919 3154 iidem
2950 3104 3017 3157 ab
3049 3106 3162 3172 ipso
3197 3108 3440 3173 inquire-

169 3190 452 3260 νΕρῤωσο.
513 3190 819 3257 Δεξάμενος
868 3190 922 3239 δὲ
962 3189 1312 3249 ὁΦλακκΐνος
1341 3189 1409 3239 τά
1444 3190 1749 3257 γράμματα

1858 3192 2077 3254 bantur,
2134 3202 2239 3243 non
2300 3189 2411 3255 diu,
2472 3205 2647 3259 neque
2698 3192 2924 3246 multum
2970 3196 3039 3250 ab
3106 3209 3175 3250 eo
3218 3200 3436 3254 crucia-

167 3280 267 3332 τοῦ
313 3279 585 3341 Βιϐιανοῦ,
640 3278 919 3330 ἐκέλευσεν
987 3276 1370 3345 ἐγκλεισθῆναι
1426 3280 1517 3328 τὸν
1573 3278 1729 3343 ἅγιον

1856 3294 2063 3336 rentur.

171 3373 431 3441 μάρτυρα
462 3372 723 3423 Ἀκάκιον
756 3370 885 3422 ἄνευ
911 3368 1129 3439 δεσμῶν
1187 3371 1244 3422 ἐν
1305 3371 1369 3439 τῇ
1417 3360 1660 3440 ’φυλακῇ.
1704 3371 1945 3426 Γυναῖκα
1988 3373 2095 3440 γὰρ
2151 3368 2297 3440 εἶχεν
2349 3372 2376 3422 6
2429 3372 2731 3435 Φλακκῖνος
2791 3376 3150 3448 Χριστιανὴν,
3208 3382 3304 3434 καὶ
3335 3363 3435 3453 ’ἦν

167 3465 427 3530 ἀξιωθεὶς
463 3468 557 3518 καὶ
587 3464 862 3531 ὁρκισθεὶς
896 3462 1073 3531 λάθρα
1110 3462 1238 3532 παρ’
1303 3461 1497 3530 αὐτῆς,
1524 3461 1664 3514 ὥστε
1716 3463 1806 3517 διὰ
1838 3462 1930 3517 τὸν
1964 3462 2120 3530 λόγον
2153 3461 2247 3515 τοῦ
2301 3462 2540 3534 Χριστοῦ
2611 3466 2740 3527 παρ’
2786 3467 2953 3518 αὐτοῦ
3008 3469 3436 3541 ἐξεταζομένους

173 3563 252 3634 μὴ
287 3565 377 3614 ἐπὶ
408 3562 543 3613 πολὺ
581 3559 942 3626 τιμωρεῖσθαι
969 3558 1102 3624 παρ’
1135 3555 1323 3608 αὐτοῦ.

244 3648 378 3707 KA'.
407 3648 561 3701 Μετά
585 3642 677 3714 οὖν
709 3646 876 3708 ἄλλας
907 3647 1071 3697 πέντε
1098 3646 1313 3715 ἡμέρας
1348 3646 1692 3716 προκαθίσας
1728 3650 1753 3699 6

168 3742 485 3800 ἀνθύπατος
536 3738 832 3795 ⁸Ιιλακκῖνος
888 3736 981 3787 ἐπὶ
1013 3735 1109 3787 τοῦ
1150 3734 1419 3804 βήματος,
1472 3738 1754 3790 ἐκέλευσεν

166 3831 573 3902 ἐνεχθῆναιτὸν
617 3830 891 3897 μάρτυρα.
936 3827 1042 3878 Τοῦ
1086 3828 1143 3877 δὲ
1176 3826 1447 3887 ἐλθόντος,
1487 3830 1745 3897 προσέτα-

167 3929 261 3989 ξεν
301 3922 719 3989 ἀναγνωσθῆναι
778 3918 846 3970 τὰ
879 3917 964 3969 ἐπ’
1000 3917 1150 3986 αὐτῷ
1194 3920 1565 3986 πεπραγμένα
1602 3920 1754 3988 παρὰ

165 4011 447 4068 ιὶιϐιανού,
477 4011 567 4059 καὶ
596 4006 1055 4072 ἀναγνωσθέντων
1084 4008 1289 4071 αὐτῶν,
1333 4008 1408 4067 ὡς
1437 4009 1752 4074 κατέμαθεν

162 4106 190 4153 6
215 4101 475 4168 δικαστὴς
512 4093 607 4169 τὴν
642 4099 947 4165 αὐστηρίαν
980 4098 1077 4167 τῆς
1106 4101 1195 4149 ἐπ’
1234 4098 1384 4165 αὐτῷ
1425 4096 1753 4159 ἐξετάσεως,

162 4195 270 4261 τήν
300 4207 360 4241 τε
397 4191 649 4241 ἔνστασιν
677 4191 773 4241 καὶ
797 4190 990 4256 ἀκλινῆ
1026 4188 1323 4257 ὁμολογίαν
1353 4187 1446 4239 τοῦ
1474 4193 1754 4259 μάρτυρος

166 4268 264 4337 καὶ
293 4284 403 4336 τῶν
433 4284 519 4335 ἐπ’
552 4282 701 4348 αὐτῷ
727 4282 1034 4349 γεγονότων
1084 4280 1406 4349 παραδόξων
1431 4280 1753 4348 θαυμάτων,

163 4376 560 4443 αἰτιασάμενος
600 4373 690 4423 τὸν
743 4371 995 4422 Βιϐιανύν
1058 4370 1132 4430 ὡς
1187 4370 1262 4437 μὴ
1325 4371 1539 4437 τάχειον
1592 4370 1751 4420 αὐτὸν

163 4469 452 4529 ἀνελόντα,
484 4466 600 4517 ἀλλ’
654 4465 734 4525 είς
765 4463 1033 4531 τοσαύτην
1069 4460 1360 4530 ἀκρίϐειαν
1416 4463 1507 4513 καὶ
1542 4460 1751 4531 ἐπερώ-

1925 3646 2068 3701 XXI.
2116 3646 2286 3700 Jussit
2332 3647 2490 3716 igitur
2538 3646 2824 3702 Flaccinus
2862 3658 2983 3715 post
3028 3650 3265 3721 quinque
3319 3652 3437 3707 dies

1854 3739 2111 3793 Acacium
2138 3748 2429 3806 martyrem
2458 3738 2523 3788 ad
2555 3751 2613 3789 se
2640 3738 2784 3799 duci,
2811 3748 2863 3791 et
2893 3740 3009 3807 ejus
3042 3754 3159 3795 acta
3194 3747 3434 3809 recitari,

1856 3844 1979 3897 qua:
2029 3828 2283 3880 Bibianus
2320 3824 2649 3882 confecerat.
2691 3829 2897 3894 Quibus
2958 3835 3218 3899 recitatis,
3252 3836 3435 3904 inqui-

1856 3919 2088 3981 sitionis,
2124 3932 2241 3984 quae
2287 3932 2314 3968 a
2352 3915 2576 3970 Bibiano
2627 3917 2766 3972 facta
2804 3920 3003 3987 fuerat,
3057 3927 3433 3979 austeritatem

1855 4021 1907 4064 et
1935 4011 2188 4079 martyris
2216 4011 2603 4072 constantiam,
2629 4011 2988 4078 stabilemque
3010 4016 3431 4081 confessionem.

1851 4113 1907 4155 et
1938 4102 2196 4155 miracula
2233 4116 2325 4169 per
2356 4103 2528 4169 ipsum
2558 4101 2695 4155 facta
2727 4105 3003 4173 cognovit,
3044 4105 3434 4183 Bibianumque

1854 4192 2151 4252 accusavit,
2202 4192 2339 4256 quod
2403 4204 2507 4241 non
2571 4191 2825 4243 celeriter
2879 4205 3000 4244 eum
3057 4194 3428 4259 interiecerat.

1850 4282 1943 4333 sed
1984 4275 2088 4331 iam
2125 4281 2389 4345 exquisite
2425 4281 2684 4332 adversus
2720 4280 3005 4334 militarem
3052 4282 3322 4338 hominem
3364 4301 3425 4339 se

1849 4380 2129 4437 gesserat;
2173 4370 2441 4437 jussitque
2492 4371 2745 4439 martyris
2806 4383 2968 4437 caput
3017 4374 3258 4427 abscindi
3306 4387 3433 4431 ante

1860 4464 2042 4519 urbem
2092 4463 2431 4532 Byzantium,
2470 4464 2541 4517 ita
2591 4464 2946 4531 pronuntians
2988 4478 3002 4515 :
3040 4466 3294 4519 Acacium
3327 4467 3433 4521 Ga—

160 4576 327 4627 τησιν
360 4556 494 4625 πρὸς
519 4554 802 4623 ἄνθρωπον
832 4553 1168 4621 στρατιώτην
1188 4553 1549 4621 πεποιηκότα,
1579 4570 1745 4622 προσ-

1859 4556 2116 4607 liltcorum
2180 4556 2502 4622 adjutorem,
2558 4566 2611 4607 et
2670 4564 2975 4608 nostrorum
3050 4559 3429 4627 imperatorum

163 4651 327 4715 έταξε
354 4648 497 4714 ξίφει
526 4636 913 4713 ἀποτμηθῆναι
942 4646 1038 4711 τὴν
1068 4645 1309 4713 κεφαλὴν
1340 4642 1432 4694 τοῦ
1468 4645 1747 4711 μάρτυρος

161 4743 277 4811 πρὸ
302 4737 645 4807 τῆς,πόλεως
678 4736 1000 4798 Βυζαντίου,
1049 4736 1220 4786 εἰπών
1246 4752 1259 4766 ·
1327 4736 1606 4799 Ἀκάκιον,
1655 4735 1747 4788 τὸν

162 4833 278 4885 τῶν
328 4829 631 4881 Γαλιλαίων
686 4830 977 4897 σύμμαχον
1013 4828 1103 4878 καὶ
1166 4826 1645 4893 λιποτακτήσαντα
1672 4830 1737 4895 τῇ

164 4921 465 4993 συμμαχίᾳ
519 4922 626 4989 τῶν
678 4918 1057 4991 τροπαιούχων
1099 4917 1520 4989 αὐτοκρατόρων
1565 4917 1744 4985 ήμῶν,

161 5016 264 5085 βίᾳ
297 5012 472 5082 ταύτῃ
500 5014 700 5081 μᾶλλον
732 5011 1107 5079 αἱρησάμενον
1148 5011 1207 5062 τὸ
1244 5011 1395 5072 τέλος
1428 5008 1593 5061 αὐτοῦ
1627 5010 1747 5061 θᾶτ-

1859 4646 2074 4713 ΐιυιιτιεὶε
2126 4646 2417 4713 insignium
2458 4646 2810 4707 desertorem,
2844 4650 2932 4715 qui
2989 4662 3211 4717 Operam
3260 4652 3429 4711 dedit,

1855 4748 1911 4789 ut
1934 4740 2331 4805 quamprimum
2368 4738 2485 4789 vita:
2512 4754 2621 4790 sua:
2650 4741 2808 4792 tinem
2846 4741 3003 4797 talem
3036 4742 3259 4807 videret,
3288 4743 3433 4798 sicut

1852 4828 2173 4894 qna-stiones
2208 4826 2273 4879 de
2310 4842 2374 4881 eo
2410 4829 2563 4881 facta:
2593 4829 2894 4883 docuerunt
2929 4846 2942 4881 :
2983 4832 3147 4891 hunc.
3181 4833 3427 4900 inquam.

1857 4921 2125 4972 hominem
2164 4920 2364 4987 legibus
2400 4935 2501 4971 non
2537 4920 2875 4973 obedientem
2910 4922 3145 4976 tribunal
3180 4934 3424 4977 nostrum

1850 5010 2001 5076 jubet
2036 5010 2210 5077 gladio
2244 5009 2473 5075 percuti,
2507 5020 2560 5060 et
2592 5010 2768 5075 capite
2804 5010 3023 5083 privari.

162 5126 261 5163 τον
300 5106 451 5172 ίδεῖν,
503 5106 577 5167 ὠς
609 5108 643 5174 ἡ
667 5105 786 5157 κατ’
819 5105 981 5155 αὐτὸν
1026 5102 1273 5165 ἐξέτασις
1326 5104 1434 5154 τῶν
1465 5103 1741 5171 στρέϐλων
1782 5102 2055 5165 ἐδίδαξεν,
2128 5098 2315 5153 τοῦτον
2348 5102 2559 5155 κελεύει
2589 5103 2650 5154 τὸ
2695 5104 3048 5174 δικαστήριον
3104 5107 3212 5168 τοῖς
3242 5108 3427 5179 νόμοις

168 5203 249 5271 μὴ
286 5200 607 5268 πειθόμενον
647 5198 790 5265 ξίφει
820 5200 917 5265 τὴν
954 5198 1195 5266 κεφαλὴν
1228 5196 1600 5261 ἀποκοπῆναι.

242 5290 371 5343 KB'.
423 5291 509 5350 Ὠς
535 5289 591 5341 δὲ
620 5288 761 5356 ἔγνω
794 5289 821 5339 6
871 5290 1139 5359 μακάριος
1172 5289 1271 5354 τῆς
1310 5288 1554 5357 κλήσεως
1578 5287 1741 5340 αὐτοι.

165 5383 544 5451 τελειούμενον
597 5380 657 5431 τὸ
724 5379 925 5449 ἔργον,
987 5378 1392 5447 βραϐεύσαντος
1445 5376 1596 5446 αὐτῷ
1647 5377 1740 5428 τοῦ

174 5474 490 5541 ιΙνεύματος
518 5471 610 5524 τοῦ
646 5471 822 5536 ἁγίου,
852 5469 1153 5537 ἀνεϐόησεν
1183 5468 1278 5519 καὶ
1311 5463 1463 5519 εἶπεν
1490 5482 1503 5496 ο
1552 5467 1616 5518 Ὠ
1644 5467 1742 5517 πό-

169 5581 288 5627 σοις
311 5566 563 5633 στόμασι,
598 5562 827 5632 Χριστὲ,
874 5559 1157 5630 εὐλογήσω
1210 5574 1289 5623 σε,
1328 5558 1475 5627 ζωῆς
1506 5558 1738 5629 ἀρχηγέ,

170 5659 270 5712 Υίέ
296 5654 391 5707 τοῦ
423 5654 559 5707 Θεοῦ
601 5652 695 5707 τοῦ
747 5652 972 5715 ζῶντος,
1006 5652 1090 5702 ὅτι
1145 5650 1317 5713 οὕτως
1377 5649 1623 5719 ἐλεήμων
1654 5651 1749 5702 καὶ

171 5750 531 5824 μακρόθιῑμος
555 5742 606 5798 εἴ
640 5747 725 5799 ἐπ’
749 5744 873 5814 ἐμὲ,
902 5744 993 5796 τὸν
1022 5743 1367 5813 ἁμαρτωλὸν,
1404 5742 1483 5804 είς
1511 5742 1752 5825 τοιοῦτον

169 5847 380 5916 κλῆρον
412 5838 758 5905 καταξιώσας
803 5853 890 5906 με.
948 5837 1059 5889 Καὶ
1094 5835 1359 5903 ἀπαχθεὶς
1390 5834 1495 5901 ἔξω
1525 5834 1622 5904 τῆς
1656 5834 1750 5885 πό-

1924 5282 2087 5337 XXII.
2124 5284 2312 5337 Postea
2351 5298 2498 5346 vero,
2536 5300 2693 5351 quam
2744 5285 2932 5340 beatus
2980 5286 3213 5341 Aeacius
3266 5302 3426 5341 voca-

1854 5376 2016 5428 tionis
2078 5390 2191 5428 sua‘.
2244 5389 2379 5443 opus
2432 5376 2654 5445 jamjam
2714 5377 3097 5444 perliciendum
3154 5381 3423 5446 cognovit.

1853 5466 2057 5533 Spiritu
2118 5475 2307 5519 sancto
2362 5466 2432 5519 ita
2484 5469 2831 5528 decernente,
2883 5467 3126 5523 clamans
3175 5471 3253 5523 sic
3297 5471 3421 5523 ait:

1848 5558 2018 5624 Quam
2070 5557 2252 5610 multis
2306 5559 2500 5625 linguis
2556 5570 2604 5611 te
2656 5560 2874 5613 laudare
2922 5560 3136 5627 vellem,
3187 5560 3421 5626 Christe,

1849 5650 1962 5705 Dux
2000 5650 2141 5712 vitae,
2175 5657 2230 5703 et
2280 5646 2379 5701 Fili
2423 5650 2537 5715 Dei,
2579 5652 2831 5717 quoniam
2884 5652 2955 5705 ita
3014 5652 3321 5705 misericors
3370 5664 3423 5703 et

1849 5741 2114 5809 benignus
2150 5754 2209 5795 es
2244 5740 2294 5793 in
2330 5753 2414 5792 me
2468 5742 2700 5809 peccatis
2750 5742 3063 5808 obnoxium,
3096 5744 3184 5811 qui
3236 5754 3289 5796 et
3330 5744 3420 5799 tali

1851 5846 1997 5890 sorte
2031 5848 2115 5888 tne
2169 5832 2417 5901 dignatus
2476 5832 2643 5889 luisti.
2696 5833 2933 5903 Cumque
2984 5836 3177 5891 ductus
3232 5835 3418 5891 luisset
