4230 6436
778 405 883 468 263

2104 394 2381 454 MENSIS
2424 392 2684 452 MAIUS.

3915 373 4025 435 244

787 515 892 567 bus
924 514 990 580 (is
1019 519 1135 566 erat
1167 500 1398 580 pulcher
1425 501 1774 574 Bonifacius,
1802 525 1909 563 non
1939 508 2142 575 ingenii
2176 507 2352 559 solum
2383 508 2430 566 Α

2383 508 2430 566 Α
2461 505 2554 556 καὶ
2578 507 2641 572 τῇ
2679 503 2814 568 πρὸς
2864 498 3034 569 αὐτὴν
3085 498 3288 566 ευνοίᾳ,
3324 493 3503 562 πολλῷ
3529 493 3583 546 δὲ
3612 491 3702 545 καὶ
3730 488 4024 559 ὡραιότητι

790 603 1012 659 solertia
1044 611 1100 657 et
1147 603 1200 655 in
1251 611 1372 652 eam
1412 597 1820 662 benevolentia,
1885 599 1981 654 sed
2050 600 2212 652 etiam
2248 596 2351 649 alia

791 700 976 762 specie
1007 695 1166 763 longe
1197 693 1490 761 superans)
1518 710 1627 747 non
1663 693 1910 748 honestis
1939 693 2196 745 utebatur
2222 705 2355 743 con—

790 784 1196 851 gressionibus;
1239 798 1346 836 nou
1379 784 1648 837 erubesco
1682 785 1824 838 enim
1857 785 1973 837 h:rc
1998 784 2201 844 dicere,
2230 795 2352 834 cum

791 876 952 940 paulo
985 885 1107 943 post
1142 877 1344 945 possim
1387 876 1677 927 ostendere
1740 891 1868 928 vere
1901 873 2142 926 divinam
2182 869 2355 922 etad-

791 964 1094 1017 mirabilem
1145 964 1525 1016 mutationem.
1593 963 1809 1031 Alioqui
1870 965 2050 1015 adtem
2136 976 2163 1033 a
2227 960 2355 1011 vino

787 1055 1007 1124 quidem
1053 1063 1110 1109 et
1134 1056 1411 1109 amoribus
1450 1057 1773 1108 vincebatur
1811 1057 1880 1106 ab
1922 1053 2076 1105 initio
2115 1068 2128 1104 :
2165 1051 2258 1103 sed
2297 1060 2352 1104 et

789 1148 1035 1216 pecuniae
1081 1156 1199 1199 erat
1261 1157 1605 1215 contemptor
1669 1144 2261 1214 nmguiticentissimus,
2301 1151 2354 1194 et

786 1239 856 1293 ad
881 1255 974 1292 cas
996 1240 1284 1314 egentibus
1302 1239 1710 1292 distribuendas
1734 1238 1892 1304 longe
1913 1235 2352 1292 liberalissimus,

789 1338 847 1382 et
883 1330 1240 1399 hospitalitati
1292 1330 1530 1393 deditus,
1562 1332 1604 1384 si
1634 1329 1775 1382 ullus
1815 1328 1974 1380 alius.
2019 1326 2074 1377 Si
2137 1322 2354 1390 quando

785 1436 916 1489 ergo
962 1421 1189 1475 vidisset
1248 1423 1461 1490 aliquos
1515 1437 1580 1476 ex
1616 1410 1942 1481 viatoribus,
1979 1426 2072 1468 aut
2119 1423 2254 1467 aestu
2300 1421 2355 1469 et

789 1512 880 1564 siti
922 1513 1216 1580 eliquatos,
1271 1523 1366 1565 aut
1398 1511 1523 1567 nive
1559 1523 1614 1564 et
1661 1511 1864 1579 frigore
1927 1514 2236 1567 concretos,
2262 1515 2356 1557 aut.

785 1604 889 1656 alia
921 1605 1128 1660 ratione
1177 1606 1376 1658 itinere
1408 1613 1680 1672 gravatos,
1721 1603 1836 1669 ipse
1869 1599 2130 1651 festinans
2166 1597 2354 1649 hilari-

787 1704 870 1745 ter
891 1694 971 1746 eis
1002 1695 1114 1746 ibat
1142 1696 1382 1759 obviam,
1418 1704 1473 1746 et
1498 1694 1722 1762 rogabat
1751 1702 1810 1745 ut
1837 1707 1864 1743 a
1894 1689 2077 1743 labore
2133 1689 2354 1766 requie-

786 1797 1007 1841 scerent
1036 1804 1048 1839 :
1085 1797 1138 1842 et
1171 1803 1292 1840 cum
1326 1789 1641 1846 cessissent.
1675 1787 1725 1838 in
1754 1785 1974 1837 domum
2003 1799 2154 1838 suam
2181 1784 2352 1836 intro-

787 1880 981 1933 ductos
1021 1880 1258 1950 hospitio
1306 1881 1538 1950 benigne
1603 1879 1933 1948 accipiebat,
1988 1877 2250 1930 etverbis
2299 1883 2355 1927 et

783 1969 944 2024 factis
969 1986 1161 2025 eorum
1201 1989 1416 2027 onmem
1461 1971 1814 2041 propulsabat
1845 1967 2176 2021 molestiam.
2231 1965 2354 2019 Haec

783 2061 949 2114 etiam
975 2070 1101 2116 ante
1130 2064 1451 2132 martyrium
1481 2061 1754 2116 ornabant
1782 2059 2143 2112 Bonifacium.
2169 2057 2353 2126 Neque

781 2160 866 2203 est
896 2151 986 2206 ille
1019 2153 1363 2206 solummodo
1396 2151 1792 2205 examinandus
1824 2159 1880 2202 et
1934 2147 2265 2216 spectandus
2289 2161 2356 2204 ex

783 2243 942 2298 aliis:
968 2243 1063 2296 sed
1092 2253 1220 2296 sunt
1245 2245 1408 2297 etiam
1424 2241 1800 2312 conjungenda
1819 2257 1902 2304 ea,
1929 2255 2051 2307 qua:
2080 2248 2208 2292 sunt
2242 2251 2350 2289 me-

781 2331 940 2385 liora.
963 2333 1276 2387 Bonifacius
1289 2333 1434 2388 enim
1453 2333 1660 2401 aliquid
1681 2331 1901 2401 quidem
1927 2329 2215 2397 voluptati,
2233 2327 2352 2397 plu—

788 2425 981 2478 rimam
1004 2443 1132 2480 vero
1154 2439 1363 2493 partem
1385 2429 1635 2482 tribuens
1665 2429 1877 2492 virtuti,
1901 2437 1957 2481 et
1979 2425 2345 2494 pulcherrima

781 2532 982 2585 genera
1006 2519 1221 2572 virtutis
1243 2530 1490 2573 accurate
1511 2534 1798 2582 exercens,
1819 2534 1884 2573 ne
1901 2527 2049 2573 esset
2071 2515 2345 2586 perfectus

787 2626 935 2665 rans.

853 2702 941 2756 ιιι.
968 2703 1238 2759 Caeterum
1281 2723 1388 2763 non
1413 2709 1586 2762 multo
1615 2708 1908 2778 interjecto
1935 2716 2201 2775 tempore,
2229 2700 2346 2756 htec

784 2807 1003 2862 quoque
1029 2794 1201 2861 labes,
1246 2805 1501 2868 tanquam
1535 2799 1590 2852 in
1627 2807 1743 2854 toto
1786 2798 1992 2852 mundo
2031 2805 2086 2851 et
2114 2794 2346 2865 pulchro

783 2900 1037 2952 corpore,
1074 2887 1298 2950 eluitur,
1340 2897 1397 2941 et
1448 2890 1596 2957 quod
1646 2906 1711 2942 ex
1753 2890 1888 2941 vitio
1944 2884 2347 2953 Suscipiebatur

782 2974 1046 3034 dedecus,
1101 2976 1301 3041 tegitur
1336 2977 1495 3042 longe
1543 2977 1735 3044 majori
1788 2977 1978 3045 gloria.
2013 2975 2130 3027 Non
2182 2975 2346 3026 susti-

785 3064 907 3118 nuit
938 3065 1086 3118 enim
1120 3064 1385 3120 Dominus
1411 3065 1691 3135 despicere
1720 3066 1980 3126 animam,
2007 3064 2146 3117 adeo
2193 3060 2346 3114 omni

2383 1844 2428 1901 B

2460 596 2565 646 τῶν
2590 595 2761 648 ἄλλων
2788 590 3040 662 κρατῶν)
3078 591 3283 660 μίξισιν
3328 588 3389 640 ού
3445 586 3635 646 καλαῖς
3669 581 3904 651 ὲχρῆτοο
3967 580 4024 632 ού

2458 687 2567 754 γὰρ
2589 686 2914 752 αἰσχύνομαι
2944 683 3115 735 ταῦτα
3149 681 3342 746 λέγων,
3385 677 3523 745 ἔχων
3555 675 3649 727 καὶ
3703 671 4027 742 μετ”ὀλίγον

2456 778 2627 841 δεῖξαι
2661 776 2809 828 θείαν
2827 776 2992 849 ὅντως
3012 774 3100 825 καὶ
3129 771 3437 840 θαυμασίαν
3464 766 3788 837 μεταϐολήν.
3817 763 4030 823 Ἀλλως

2456 887 2514 922 τε
2546 870 2600 921 δὲ
2641 870 2732 920 καὶ
2767 866 2911 919 οἴνου
2973 865 3069 934 μὲν
3126 864 3342 930 ἐρώτων
3393 860 3453 912 τὸ
3508 856 3786 924 καταρχὰς
3844 850 4026 924 ἦττωυ

2456 958 2522 1032 ἦν
2543 977 2556 990 ·
2577 961 2633 1012 οὐ
2658 960 2765 1029 μὴν
2781 956 2948 1012 τᾶλλα
2968 959 3205 1019 τοιοῦτος
3263 957 3397 1009 ἀλλὰ
3430 957 3523 1008 καὶ
3540 953 3833 1021 χρημάτων
3860 949 4029 1015 ὑπερο

2453 1057 2622 1122 ὀπτης
2647 1052 2838 1122 κομιδὴ
2867 1049 3404 1119 μεγαλοψυχώτατος,
3429 1050 3521 1098 καὶ
3552 1043 3824 1125 δεομένοις
3853 1038 4030 1091 ταῦτα

2455 1148 2727 1214 διανεῖμαι
2782 1144 3230 1213 φιλοτιμώτατος,
3286 1141 3380 1193 καὶ
3411 1138 3714 1207 φιλοξενίαν
3753 1136 3916 1202 εῐπερ
3945 1147 4030 1192 τις

2458 1239 2613 1299 ἄλλος
2645 1239 3152 1307 φιλοφρονέστατος.
3203 1234 3399 1288 Ὁπότε
3429 1232 3559 1299 γοῦν
3593 1232 3688 1283 ίδοι
3733 1229 3888 1290 τινὰς
3918 1226 4029 1278 τῶν

2456 1329 2899 1397 ὁδοιπορούντων,
2927 1329 2959 1398 ἢ
2992 1328 3230 1380 καύσωνι
3258 1326 3350 1378 καὶ
3394 1323 3534 1391 δίψει
3577 1321 3937 1389 τηκομένους,
3991 1319 4024 1386 ἢ

2457 1423 2592 1489 χιόνι
2623 1423 2714 1472 καὶ
2737 1420 2897 1490 ψύχει
2941 1415 3577 1490 προσπηγνυομένους,ἢ
3611 1414 3782 1474 ἄλλως
3821 1413 3886 1462 ὲκ
3926 1408 4028 1477 τῆς

2455 1514 2761 1582 ὁδοιπορίας
2802 1513 3222 1582 βαρυνομένους,
3271 1510 3430 1571 αὐτὸς
3457 1506 3797 1564 ἐπισπεύδων
3823 1504 4026 1573 ἱλαρῶς

2457 1607 2684 1674 ὑπήντα,
2708 1607 2799 1657 καὶ
2832 1605 2922 1656 τοῦ
2955 1605 3155 1673 μόχθου
3178 1600 3654 1656 διαναπαύσασθαι
3700 1598 4028 1666 παρεκάλει,

2455 1697 2550 1750 καὶ
2582 1697 2832 1762 εἴξαντας
2870 1698 2946 1759 είς
2979 1695 3075 1765 τὴν
3102 1695 3280 1747 οὶκίαν
3310 1691 3619 1759 είσαγαγὼν
3649 1689 3850 1756 ἐξένιζε
3876 1689 4033 1757 φιλο-

2457 1789 2689 1857 φρόνως,
2727 1788 2818 1841 καὶ
2865 1789 3044 1855 λόγοις
3077 1787 3193 1855 ἅμα
3230 1787 3323 1838 καὶ
3354 1784 3533 1855 ἔργοις
3569 1785 3685 1835 πᾶν
3705 1783 3841 1850 ὅπερ
3881 1777 4031 1848 εἶχον

2456 1882 2617 1950 ἀηδὲς
2650 1881 2848 1934 διέλυε.
2871 1879 3057 1932 Ταῦτα
3087 1879 3178 1937 καὶ
3217 1879 3320 1946 πρὸ
3350 1876 3444 1928 τοῦ
3471 1872 3772 1945 μαρτυρίου
3796 1871 4029 1938 ἐκόσμει

2452 1973 2542 2032 τὸν
2587 1973 2938 2039 Βονιφάτιονο
2999 1973 3095 2024 καὶ
3144 1971 3241 2039 οὐχ
3274 1969 3459 2030 ἀπλῶς
3517 1968 3721 2018 ἐκεῖνον
3755 1963 3864 2016 ἀπὸ
3913 1961 4028 2012 τῶν

2451 2063 2626 2116 ἄλλων
2665 2064 3044 2130 δοκιμαστέον,
3070 2061 3207 2112 ἀλλὰ
3241 2059 3539 2111 συναπτέον
3573 2058 3791 2118 πάντως
3837 2054 3933 2105 καὶ
3961 2052 4033 2106 τὰ

2455 2153 2722 2221 βελτίονα.
2763 2154 3080 2220 Βονιφάτιος
3113 2152 3222 2220 γὰρ
3242 2153 3302 2202 τὸ
3335 2151 3432 2218 μὲν
3463 2150 3644 2217 ἡδονῇ,
3677 2147 3735 2200 τὸ
3762 2146 3947 2197 πλεῖον
3971 2143 4032 2201 δὲ

2454 2245 2548 2296 καὶ
2587 2246 2654 2313 τῇ
2715 2245 2882 2314 ἀρετῇ
2915 2244 3114 2311 νέμων,
3151 2241 3246 2294 καὶ
3297 2239 3365 2292 τὰ
3403 2239 3667 2292 κάλλιστα
3692 2237 3788 2303 τῆς
3821 2232 4032 2302 ἀρετῆς

2456 2335 2573 2404 εῐδη
2623 2334 2762 2403 πρὸς
2812 2335 3097 2403 ἀκρίϐειαν
3129 2332 3411 2404 ἠσκηκὼς,
3457 2331 3519 2382 τὸ
3548 2330 3621 2397 μὴ
3650 2328 3852 2388 τέλειος
3880 2320 4030 2375 εἶναι

2459 2428 2609 2496 παρά
2650 2428 2813 2497 μόνου
2840 2427 2932 2480 τοῦ
2975 2427 3048 2496 μὴ
3085 2426 3376 2497 σωφρονεῖν
3398 2420 3685 2475 ἐκωλύετο.

2383 2528 2447 2567 ex
2475 2516 2579 2570 hoc
2641 2520 2756 2572 solo
2798 2519 3217 2588 prohibebatur,
3248 2515 3397 2584 quod
3429 2532 3539 2569 non
3593 2523 3739 2569 esset
3806 2521 4030 2582 tempe-

2520 2699 2595 2758 Γ¹.
2628 2701 2773 2774 Πλὴν
2803 2699 2863 2754 ού
2901 2701 3035 2756 πολὺ
3065 2700 3124 2754 τὸ
3148 2699 3205 2752 ὲν
3244 2696 3394 2768 μέσῳ
3463 2697 3557 2748 καὶ
3591 2697 3617 2748 ὁ
3656 2693 3839 2754 anno;
3864 2685 4026 2750 οὗτος

2445 2795 2700 2862 καθάπερ
2721 2794 2826 2865 ὅλῳ
2860 2793 3087 2864 καθαρῷ
3139 2791 3233 2846 καὶ
3275 2788 3595 2860 περικαλλεῖ
3622 2785 3831 2856 σώματι
3865 2786 4031 2846 ἑκκαι-

2444 2888 2716 2955 θαίρεται·
2782 2890 2874 2940 καὶ
2923 2889 2954 2957 ἡ
3008 2889 3072 2938 ὲκ
3125 2885 3219 2939 τοῦ
3277 2884 3483 2944 πάθους
3522 2879 3751 2950 αἰσχύνη
3811 2878 4025 2948 μείζονι

2446 2981 2624 3049 πολλῷ
2644 2980 2770 3051 δόξῃ
2794 2980 3275 3048 περικαλύπτεται.
3301 2979 3376 3030 Οὐ
3396 2978 3502 3044 γάρ
3530 2975 3788 3044 ἠνέσχετο
3815 2973 4024 3042 Κύριος

2444 3071 2620 3140 ψυχὴν
2647 3070 2787 3123 οὕτω
2829 3070 3075 3140 παριδεῖν
3104 3070 3172 3121 τὰ
3206 3069 3382 3120 πάντα
3428 3067 3620 3135 καλὴν,
3656 3065 3775 3124 ἑνδς
3808 3063 4023 3123 πάθους

782 3171 849 3208 ex
882 3167 1038 3225 parte
1065 3157 1374 3225 pulchram.
1407 3167 1676 3227 perpetuo
1726 3157 2002 3227 inquinari
2038 3158 2203 3211 unius
2225 3155 2342 3210 vitii
2375 3185 2416 3242 ο

2375 3185 2416 3242 C
2453 3164 2632 3233 αἴσχει
2660 3162 2747 3217 διὰ
2780 3162 2961 3223 τέλους
2992 3159 3311 3230 μολύνεσθαι
3332 3175 3344 3190 ⁸
3370 3159 3484 3213 ἀλλ’
3512 3157 3770 3224 εύδόκησε
3805 3155 4024 3214 πάντως

783 3247 1121 3313 turpitudine
1156 3264 1168 3299 :
1206 3247 1300 3300 sed
1325 3249 1529 3314 placuit
1561 3249 1789 3300 omnino
1827 3247 2141 3300 divinarum
2178 3249 2346 3299 ratio-

783 3351 915 3388 num
951 3337 1370 3405 dispensationi,
1406 3337 1701 3407 martyrieo
1731 3337 1898 3391 etiam
1929 3338 2193 3407 sanguine
2220 3352 2348 3406 pur-

785 3443 1016 3498 pureum
1036 3437 1095 3481 et
1111 3429 1318 3496 regium
1343 3430 1392 3482 ei
1414 3431 1651 3482 colorem
1674 3429 1882 3483 indere.
1907 3428 2157 3493 Quonam
2185 3430 2347 3481 modo

783 3529 969 3577 autem
1002 3520 1108 3571 hoc
1138 3519 1507 3584 sitetl‘eetum,
1573 3529 1628 3572 et
1678 3520 1953 3586 quodnam
2010 3520 2080 3570 sit
2137 3520 2345 3586 jactum

780 3609 1197 3664 fundamentum
1237 3611 1506 3678 martyrii,
1539 3618 1726 3677 parata
1750 3618 1835 3662 est
1892 3610 2096 3663 docere
2140 3611 2344 3662 oratio.

781 3703 974 3757 Adhuc
1000 3702 1220 3772 quidem
1258 3701 1474 3771 vigebat
1520 3701 1832 3770 persecutio
1877 3700 1928 3753 in
1981 3700 2344 3764 Christianos,

780 3802 838 3844 et
860 3792 1127 3858 profunda
1163 3793 1251 3846 illa
1276 3793 1449 3861 caligo
1483 3794 1904 3852 simulacrorum
1952 3803 2128 3846 totum
2182 3793 2345 3847 simul

783 3884 1082 3951 occupabat
1137 3882 1442 3938 Orientem.
1471 3885 1632 3937 Subit
1655 3895 1836 3936 autem
1889 3885 2039 3937 illius
2069 3887 2345 3937 dominam

785 3975 1043 4030 salutaris
1071 3974 1348 4046 cogitatio,
1383 3985 1438 4030 et
1464 3991 1561 4029 cor
1591 3976 1711 4045 ejus
1746 3985 1996 4045 penetrat
2044 3976 2344 4032 vehemens

783 4067 1054 4134 quoddam
1094 4078 1146 4122 et
1172 4069 1437 4121 invictum
1464 4068 1799 4122 desiderium
1824 4071 2179 4140 reliquiarum
2201 4086 2347 4123 mar-

785 4170 982 4229 tyrum.
1018 4159 1284 4225 Quoniam
1309 4175 1440 4214 vero
1464 4160 1808 4216 existimabat
1827 4162 2103 4216 Bonifacio
2136 4163 2344 4214 nullum

785 4263 907 4300 esse
946 4247 1275 4308 fideliorem,
1309 4257 1404 4300 aut
1436 4249 1502 4303 ad
1527 4251 1581 4303 in
1619 4249 1706 4304 his
1729 4252 2081 4304 serviendum
2112 4252 2345 4321 diligen-

785 4339 1001 4395 tiorem.
1037 4340 1086 4394 ei
1111 4341 1255 4394 sicut
1310 4343 1585 4396 carnalem
1649 4353 1704 4397 et
1757 4352 1992 4414 turpem,
2057 4345 2129 4398 ita
2179 4346 2343 4397 etiam

781 4431 1107 4485 laudabilem
1135 4441 1189 4484 et
1215 4433 1432 4486 beatum
1453 4450 1696 4489 amorem
1722 4437 2112 4498 communicat,
2141 4446 2197 4489 et
2217 4452 2342 4489 eum

783 4536 1029 4578 seorsum
1079 4523 1376 4592 accipiens,
1421 4524 1558 4588 Scis,
1618 4527 1818 4594 inquit,
1868 4529 2056 4590 frater,
2088 4527 2344 4595 qualibus

787 4615 959 4666 simus
1004 4614 1340 4682 coinquinati
1395 4617 1654 4683 peccatis,
1704 4633 1807 4674 nec
1845 4619 2006 4672 nobis
2034 4633 2179 4672 cura:
2221 4633 2343 4673 esse

784 4703 1013 4772 aliquid,
1055 4705 1197 4772 quod
1222 4716 1603 4776 exspectamus
1654 4707 1895 4761 futurum
1954 4719 2012 4760 ut
2087 4710 2345 4762 sistamur

785 4805 910 4849 ante
935 4797 1125 4858 Deum,
1148 4806 1202 4848 et
1233 4813 1328 4864 pro
1378 4800 1461 4851 his
1490 4800 1670 4866 gravia
1718 4799 2012 4854 subeamus
2053 4800 2341 4868 supplicia.

783 4894 1052 4945 Caeterum
1082 4893 1264 4948 audivi
1295 4909 1323 4946 a
1345 4895 1581 4962 quodam
1623 4897 1740 4948 viro
1771 4898 1882 4964 pio,
1920 4898 2064 4965 quod
2118 4898 2163 4953 si
2220 4897 2344 4965 quis

782 5000 899 5048 eos,
955 4984 1047 5053 qui
1105 4995 1333 5054 propter
1381 4986 1660 5040 Christum
1709 4987 1847 5055 passi
1882 4997 1936 5040 et
1971 4989 2147 5041 affecti
2217 4997 2345 5040 sunt

787 5075 1070 5144 martyrio,
1099 5076 1149 5126 in
1207 5077 1413 5128 honore
1461 5077 1794 5132 habueritet
1844 5077 2100 5138 coluerit,
2153 5093 2344 5146 magna

786 5168 1031 5234 quaedam
1107 5177 1162 5220 et
1190 5168 1442 5234 prwclara
1471 5183 1595 5224 eum
1653 5169 1800 5225 illinc
1831 5184 1898 5222 ex
1940 5186 2005 5223 eo
2056 5179 2236 5224 manet
2263 5185 2345 5222 re-

785 5260 1113 5318 muneratio,
1145 5271 1199 5313 et
1229 5259 1442 5322 eadem,
1473 5277 1579 5329 qua
1610 5260 1709 5323 illi,
1739 5261 1952 5314 fruetur
1976 5261 2335 5315 beatitudine.

788 5352 938 5404 Multi
983 5361 1166 5408 autem
1202 5368 1347 5405 nunc
1399 5368 1640 5419 quoque.
1677 5363 1735 5405 ut
1788 5353 1960 5413 aiunt,
1997 5369 2096 5421 pro
2126 5351 2345 5413 Christo

788 5444 1012 5512 pulchra
1045 5444 1251 5497 adeunt
1301 5445 1619 5497 certamina.
1652 5443 1731 5496 'l'u
1794 5460 1922 5497 vero
1957 5446 2180 5513 (etenim
2231 5445 2342 5510 jam

783 5536 934 5592 venit
968 5546 1199 5602 tempus,
1227 5544 1282 5586 ut
1315 5551 1468 5586 meus
1503 5535 1756 5588 ostendat
1788 5535 2120 5596 Bonifacius,
2148 5550 2254 5604 qua
2275 5536 2345 5587 sit

782 5628 838 5680 in
897 5643 997 5680 nos
1029 5627 1357 5696 .aﬂectione)
1388 5627 1450 5680 ad
1507 5628 1620 5683 haec
1657 5628 1787 5680 mihi
1842 5627 2064 5685 iuservi.
2097 5636 2150 5680 ct
2197 5627 2343 5679 omni

785 5719 968 5782 studio
997 5735 1062 5771 eo
1095 5719 1314 5778 vadens,
1353 5732 1585 5786 propera
1621 5719 1683 5772 ad
1720 5737 1801 5772 me
1835 5720 2029 5773 afferre
2053 5720 2258 5790 aliquid
2315 5737 2344 5775 c

781 5811 953 5866 sacris
974 5812 1056 5864 his
1087 5811 1369 5881 reliquiis:
1403 5822 1457 5865 ut
1490 5829 1608 5866 cum
1635 5828 1726 5866 eas
1751 5813 2046 5871 honoriﬁce
2077 5813 2344 5881 deposue-

2449 3258 2738 3326 θειοτέρων
2768 3257 2942 3322 λόγων
2994 3253 3296 3321 οἰκονομία,
3340 3252 3434 3306 καὶ
3477 3247 3799 3320 μαρτυρικῴ
3829 3247 4025 3312 αἵματι

2448 3349 2709 3418 ἁλουργὲς
2768 3347 2902 3416 αὐτῇ
2947 3347 3039 3399 καὶ
3094 3343 3370 3416 βασιλικὸν
3427 3343 3624 3412 χρῶμα
3678 3339 4021 3410 περιϐαλεῖν.

2450 3446 2638 3504 Ὅπως
2667 3443 2721 3494 δὲ
2745 3442 2904 3494 τοῦτο
2932 3440 3352 3510 διῳκονόμηται,
3386 3439 3476 3490 καὶ
3505 3431 3592 3492 οἷα
3626 3434 3704 3504 τῷ
3735 3433 4027 3502 μαρτυρίῳ

2448 3535 2855 3599 καταϐέϐληται
2893 3534 2925 3600 ἡ
2955 3533 3179 3600 κρηπ“ες,
3214 3531 3437 3613 ⁸ἕτοιμος
3462 3527 3730 3578 διδάσκειν
3783 3527 3812 3576 ό
3839 3524 4020 3588 λόγος.

2452 3623 2703 3690 Ἤκμαζε
2750 3622 2846 3689 μὲν
2880 3621 2971 3671 καὶ
3005 3621 3085 3670 ἔτι
3128 3622 3154 3670 ό
3189 3617 3327 3668 κατά
3373 3615 3713 3682 Χριστιανῶν
3756 3613 4020 3680 διωγμὸς,

2447 3717 2541 3768 καὶ
2572 3717 2599 3767 ό
2630 3714 2903 3774 είδωλικὺς
2935 3713 3140 3772 ἐκεῖνος
3171 3710 3262 3766 καὶ
3296 3707 3462 3777 βαθὺς
3487 3706 3626 3758 κατὰ
3669 3705 3851 3775 πάσης
3883 3702 4020 3770 ὁμοῦ

2446 3809 2729 3876 τῆςἙῲας
2760 3805 3052 3873 ἐπεκράτει
3071 3801 3228 3869 ζόςος
3249 3818 3261 3831 ο
3287 3798 3652 3867 ύπέρχεταιδὲ
3676 3797 3776 3866 τὴν
3809 3797 4020 3848 ἐκείνου

2446 3900 2732 3950 δέσποιναν
2757 3897 3021 3964 σωτήριος
3052 3894 3331 3962 λογισμδς,
3351 3893 3445 3944 καὶ
3467 3893 3562 3958 τὴν
3585 3891 3817 3958 καρδίαν
3846 3888 4021 3954 αὐτῆς

2447 3988 2717 4058 διατρέχει
2759 3987 2956 4056 δριμύς
3000 4003 3080 4047 τις
3137 3984 3275 4055 ἔρως
3343 3984 3434 4035 καὶ
3484 3983 3695 4050 ἄμαχος
3744 3978 4022 4045 λειψάνων

2450 4078 2820 4152 μαρτυρικῶν.
2887 4077 3038 4130 Ἐπεὶ
3109 4076 3165 4129 δὲ
3213 4075 3400 4128 οὐδένα
3453 4068 3777 4136 Βονιφατίου
3817 4067 4020 4134 μᾶλλον

2445 4175 2630 4243 ἡγεῖτο
2691 4169 3027 4235 πιστότερον,
3069 4168 3102 4234 ἢ
3134 4166 3398 4224 τοιούτοις
3454 4161 3748 4229 ὑπουργεῖν
3781 4157 4022 4227 ἐμμελὲ-

2448 4282 2536 4317 στε
2549 4281 2660 4332 ρον,
2687 4260 2876 4312 τοῦτον
2899 4258 2961 4326 δὴ
2992 4257 3086 4310 καὶ
3114 4255 3385 4317 κοινωνὸν,
3411 4253 3602 4322 ὥσπερ
3622 4252 3719 4312 τοῦ
3749 4250 4018 4321 σαρκικοῦ

2448 4355 2541 4425 καὶ
2585 4352 2803 4419 ἀτίμου,
2837 4347 3007 4410 οὕτως
3035 4347 3140 4416 ἄρα
3169 4348 3261 4398 καὶ
3300 4344 3392 4397 τοῦ
3431 4344 3716 4397 ἐπαινετοῦ
3748 4362 3808 4397 τε
3839 4359 4022 4411 μακα-

2453 4447 2568 4514 ρίου
2607 4445 2837 4494 ποιεῖται
2884 4440 3104 4510 ἔρωτος.
3143 4439 3249 4492 Καὶ
3281 4437 3589 4501 ἰδιαζόντως
3626 4437 4015 4488 ἀπολαϐοῦσα·

2378 4515 2419 4568 D
2453 4530 2636 4599 Οἶδας,
2673 4537 2857 4604 φησὶν,
2918 4533 3131 4598 ἀδελφὲ,
3184 4532 3323 4593 οἵαις
3359 4529 3802 4598 συνεχρὰνθημεν
3828 4530 4015 4595 ἁμαρ-

2445 4629 2609 4689 τίαις,
2644 4627 2807 4696 μηδέν
2831 4643 2884 4677 τι
2919 4623 3110 4691 μέλλον
3132 4623 3285 4691 ἡμῖν,
3315 4622 3397 4673 ὅτι
3419 4620 3536 4684 Θεῴ
3564 4619 4017 4687 παραστήσεσθαι

2447 4717 2834 4789 προσδοκῶμεν
2873 4716 2967 4767 καὶ
2998 4713 3238 4783 χαλεπὰς
3263 4713 3469 4766 τούτων
3498 4713 3751 4778 ὑποσχεῖν
3790 4710 3892 4774 τὰς
3929 4727 4014 4763 κοη

2445 4812 2631 4872 λάσεις
2651 4826 2663 4838 '
2709 4807 2847 4877 πλὴν
2867 4807 2977 4860 ἀλλ’
2997 4804 3276 4876 ἐπυθόμην
3299 4805 3440 4866 τινὸς
3460 4803 3564 4854 τῶν
3587 4802 4015 4872 εύσεὸεστὲρων,

2445 4904 2520 4965 ὡς
2547 4904 2597 4955 εἰ
2633 4920 2716 4964 τις
2741 4903 2867 4963 τοὺς
2897 4901 2984 4952 διὰ
3018 4899 3252 4970 Χριστὸν
3289 4896 3562 4957 παθόντας
3591 4897 3682 4947 καὶ
3725 4896 4010 4964 μαρτυρή-

2448 5013 2646 5055 σαντας
2678 4993 2765 5045 διὰ
2793 4995 2954 5061 τιμῆς
2991 4990 3237 5059 μετέλθοι
3261 4987 3355 5041 καὶ
3381 4987 3696 5057 θεραπείας.
3734 4986 3902 5054 πολλή
3933 5005 4015 5048 τις

2446 5086 2610 5139 αὑτοῦ
2645 5082 2850 5136 ἐκεῖθεν
2881 5083 2975 5135 καὶ
3004 5080 3229 5150 λαμπρὰ
3262 5080 3545 5149 περιμένει
3590 5077 3878 5140 ἀντίδοσις,
3918 5079 4016 5129 καὶ

2444 5177 2540 5243 τῆς
2565 5173 2730 5242 αὐτῆς
2760 5175 2987 5233 ἐκείνοις
3022 5171 3318 5227 ἀπολαύσει
3355 5169 3772 5238 μακαριότητος.
3820 5168 4016 5219 Πολλοὶ

2445 5267 2500 5320 δὲ
2529 5267 2622 5319 καὶ
2647 5265 2760 5324 νῦν,
2790 5263 2864 5326 ὥς
2898 5255 3081 5330 φασιν,
3117 5263 3172 5317 ὲν
3203 5264 3266 5329 τῇ
3307 5259 3462 5328 Ἀσίᾳ
3497 5257 3601 5310 ὑπὸ
3650 5257 3889 5327 Χριστοῦ
3922 5257 4014 5308 τὸν

2448 5357 2610 5416 καλὸν
2664 5354 2850 5421 ἀγῶνα
2896 5351 3344 5419 διαγωνίζονται·
3390 5351 3453 5401 σὺ
3483 5348 3538 5401 δὲ
3569 5346 3694 5418 (καὶ
3746 5349 3856 5416 γὰρ
3888 5347 4018 5416 ἥκει

2449 5449 2658 5516 καιρξς,
2693 5449 2839 5507 ὅπως
2886 5445 3015 5516 περὶ
3067 5446 3212 5512 ἡμᾶς
3254 5441 3474 5509 ἔχειτὸν
3511 5441 3638 5507 ἐμὸν
3675 5439 4015 5506 φανήσεσθαι

2450 5540 2796 5606 Βονιφάτιον)
2856 5538 2989 5604 πρὸς
3041 5535 3213 5588 ταῦτά
3273 5552 3361 5602 μοι
3415 5530 3886 5599 καθυπούργησον,
3921 5531 4016 5577 καὶ

2451 5631 2653 5704 σπουδῇ
2684 5633 2747 5701 τῇ
2783 5630 2934 5702 πάσῃ
2968 5628 3431 5697 παραγενόμενος,
3466 5626 3568 5677 τῶν
3607 5626 3774 5691 ἁγίων
3806 5624 4014 5675 τούτων

2446 5723 2713 5792 λειῲάνων
2765 5725 2991 5790 ἀγαγεῖν
3033 5720 3336 5790 ἐπείχοητι,
3388 5720 3462 5781 ὡς
3510 5720 3590 5789 ,ἂν
3609 5719 3838 5786 ἐντίμως
3873 5716 4021 5792 auti-

2450 5815 2835 5884 καταθέμενοι,
2907 5815 3000 5867 καὶ
3057 5816 3231 5884 ἱεροὺς
3286 5811 3754 5882 ἐπιδημηςάμενοι
3802 5806 4010 5867 οἴκους
