4230 6436
247 359 363 425 245

1478 368 1661 426 νιΤΑ
1702 367 1764 425 S.
1809 362 2222 428 BONlFAClI.

3379 366 3483 427 246

250 477 498 541 φῦλακάς
530 493 589 529 τε
621 476 843 541 αύτοὺς-
864 479 958 532 καὶ
989 480 1239 550 σωτῆρας
1262 480 1553 541 διαπαντὸς
1577 479 1815 549 ἔχοιμεν.
1845 477 1899 537 Δ

1845 477 1899 537 Α
1923 476 2115 539 rimus,
2144 488 2199 532 et
2224 493 2407 533 sacras
2434 477 2583 533 ardes
2606 478 2688 533 eis
2716 477 3185 542 aediﬁcaverimus,
3223 495 3318 534 eos
3344 496 3488 535 sem-

249 566 439 619 Ἰἀῦτα
464 568 601 636 πρὸς
634 568 799 623 αὑτὸν
826 571 1101 639 είρηκυῖα,
1130 571 1253 625 ἐπεὶ
1282 573 1419 642 πρὸς
1445 572 1636 624 ἑκόντα
1669 570 1821 638 ἔλεγε

250 656 348 711 καὶ
400 656 677 727 πρόθυμον
717 659 816 729 τὴν
873 660 1198 729 ὑπηρεσίαν,
1262 665 1489 732 χρυσίον
1525 662 1820 731 ἐγχειρίζει

250 744 444 814 συχνόν
464 762 477 775 ·
502 746 622 799 οὐδὲ
659 748 767 818 γὰρ
793 749 917 817 ἐξῆν
945 750 1199 818 λείψανόν
1219 768 1272 804 τι
1312 752 1589 821 μάρτυρος
1624 755 1820 821 προῖκα

246 837 455 901 λαϐεῖν,
490 841 623 893 ἀλλὰ
668 843 726 897 τὸ
785 842 916 894 πολὺ
966 844 1074 895 τῶν
1104 846 1446 912 Χριστιανῶν
1500 847 1628 915 περὶ
1682 846 1820 897 αὐτὰ

250 932 474 1002 φίλτρον
532 933 799 1002 πορισμοῦ
856 938 966 998 τοῖς
1016 936 1239 989 ἀσεϐέσι
1299 939 1572 1008 πρόφασις
1602 934 1690 1007 ἦν,
1727 939 1820 989 καὶ

250 1024 447 1074 πολλοῦ
483 1026 617 1093 πρὸς
645 1025 885 1089 ἐκείνους
915 1028 1052 1080 αύτὰ
1082 1030 1346 1099 παρέχειν
1383 1031 1580 1083 ἐποίει.
1612 1030 1817 1082 Τούτου

246 1113 342 1165 οὖν
369 1115 555 1179 ἕνεκα,
612 1118 803 1186 συχνὸν
824 1120 887 1170 τὸ
915 1121 1152 1188 χρυσίον,
1202 1125 1295 1172 καὶ
1325 1122 1412 1174 ἵνα
1446 1124 1541 1175 καὶ
1593 1124 1821 1193 πένησιν

247 1208 331 1267 εἰς
376 1208 636 1276 διανομὴν
703 1210 932 1280 ἀρκέσῃ.
972 1212 1360 1281 Συνεκπέμπει
1407 1215 1465 1266 δὲ
1510 1217 1606 1268 καὶ
1638 1218 1823 1282 ίππεῖς

246 1295 476 1355 δώδεκα,
515 1299 662 1366 μύρα
685 1317 742 1351 τε
773 1302 867 1352 καὶ
900 1302 1144 1364 σινδόνας
1174 1306 1267 1355 καὶ
1318 1301 1489 1358 τᾶλλα
1521 1308 1621 1359 ὅσα
1652 1326 1820 1379 προσ-

246 1387 383 1453 ῆκον
438 1388 517 1449 εἰς
571 1391 737 1458 τιμὴν
767 1392 879 1452 τοῖς
913 1392 1110 1458 ἁγίοις.
1150 1393 1312 1446 Ἀλλὰ
1344 1399 1670 1465 προσεκτέον
1695 1414 1708 1428 ’
1739 1402 1823 1451 ὲν-

245 1477 427 1530 ταῦθα
462 1480 564 1550 γὰρ
603 1482 810 1551 ἥκομεν
832 1483 960 1536 ἔνθα
995 1485 1179 1540 καὶτὸ
1227 1487 1320 1540 τοῦ
1354 1488 1693 1559 διηγήματος
1725 1509 1821 1561 χα-

249 1586 555 1636 ριεστατον.

318 1750 392 1804 Δ¹.
439 1751 527 1811 Ὠς
557 1754 659 1822 ἤδη
702 1756 932 1825 πορείας
988 1758 1211 1827 ἔμελλεν
1239 1762 1265 1813 ό
1296 1763 1612 1828 Βονιφάτιος
1643 1764 1813 1816 ἄπτε-

250 1844 397 1907 σῦαι,
438 1842 619 1906 εὐθὺς,
650 1843 841 1914 ὥσπερ
870 1847 974 1898 ὑπὸ
996 1848 1262 1917 γραμμῆς
1310 1852 1409 1919 τὴν
1439 1851 1633 1903 ἑαυτοῦ
1659 1851 1816 1919 νίκην

248 1934 344 1984 καὶ
390 1933 481 1985 τὸν
513 1934 777 2001 στέφανον
825 1941 1251 2007 προσημαίνωνῂ
1279 1942 1337 1994 Ei
1366 1940 1420 1994 δέ
1443 1960 1581 2007 πως,
1613 1943 1739 2014 ἔφη,
1772 1942 1816 1995 ὦ

243 2025 524 2087 δέσποινα,
554 2028 758 2096 ταύτης
800 2030 897 2098 μὲν
949 2032 1271 2102 διαμαρτεῖν
1302 2037 1400 2104 τῆς
1428 2036 1814 2105 ἐγχειρήσεως,

245 2114 503 2183 δεύτερος
530 2118 608 2180 δὲ,
645 2119 672 2171 ὅ
699 2138 854 2188 φασι,
892 2123 1062 2186 πλοῦς
1096 2127 1155 2178 τὸ
1180 2127 1311 2196 ἐμόν
1347 2145 1429 2181 σοι
1464 2129 1622 2199 σῶμα
1656 2147 1819 2199 προσ-

246 2207 527 2277 ανεχθείη,
557 2211 664 2278 ἄρα
693 2214 878 2288 σοιτᾶν
905 2215 1061 2267 τοῦτο
1111 2218 1330 2288 μέτριον
1370 2219 1453 2289 εἴη
1490 2222 1583 2273 τοῦ
1614 2222 1816 2275 σκοποῦ

250 2297 619 2366 παραμύθιον,
674 2302 767 2352 καὶ
803 2306 965 2372 τιμῆς
1005 2307 1152 2369 ἄξιον
1181 2310 1328 2374 παρὰ
1357 2308 1451 2367 σοῦ
1493 2313 1814 2379 νομισθείης

248 2386 363 2436 Καὶ
396 2386 565 2439 ταῦτα
601 2391 699 2454 μὲν
723 2390 853 2451 ἴσως
895 2390 1101 2454 ἐκεῖνος
1143 2396 1353 2458 παίζων
1406 2400 1542 2466 πρὸς
1583 2403 1680 2468 τὴν
1729 2404 1818 2455 δέ-

249 2490 476 2526 σποιναν
516 2476 546 2543 ἦ
582 2478 933 2541 σπουδάζων·
977 2481 1004 2531 ὁ
1046 2481 1100 2533 δὲ
1132 2483 1264 2545 Θεὸς
1310 2484 1371 2537 τὸ
1407 2486 1598 2555 μέλλον
1633 2488 1818 2561 ὥσπερ

244 2564 337 2614 διὰ
366 2564 463 2630 τῆς
522 2566 732 2618 ἐκείνου
787 2571 1162 2643 προηγόρευσε
1214 2575 1479 2647 γλώττης.
1525 2581 1589 2632 Ἦ
1637 2582 1820 2650 μέντοι

260 2655 481 2722 Ἀγλαΐς
504 2675 516 2686 ·
552 2660 629 2716 Οὐ
656 2662 868 2731 καιρός,
923 2663 1048 2735 ἔφη,
1099 2667 1403 2735 Βονιιράτιε,
1464 2672 1677 2734 παιδιᾶς
1702 2676 1822 2728 οὐδὲ

248 2748 431 2815 λόγων
489 2751 768 2819 τοιούτων,
814 2750 888 2807 ὧν
941 2758 1317 2827 ἀποσχόμενον
1377 2762 1620 2827 εὐλαϐῶς
1678 2765 1820 2835 ἔχειν

251 2839 633 2909 προτρέπομαι
706 2844 801 2894 καὶ
862 2846 1137 2911 κοσμίως,
1208 2850 1328 2900 ἐπεὶ
1396 2855 1489 2905 καὶ
1562 2857 1820 2921 τοιούτοις

250 2931 547 2998 ὑπηρετεῖν
581 2932 816 3000 μέλλεις,
850 2927 924 2987 ὧν
948 2938 1113 3005 ἡμᾶς,
1149 2938 1224 3008 μὴ
1254 2941 1331 2992 ὅτι
1364 2958 1425 3008 γε
1453 2944 1666 3010 ψαύειν,
1690 2949 1823 3003 ἀλλὰ

248 3022 350 3081 καὶ
381 3022 601 3090 βλέπειν
658 3027 783 3088 τοὺς
836 3028 1090 3092 ἀναξίους
1148 3032 1448 3102 πάντολμον
1499 3037 1592 3089 καὶ
1626 3037 1820 3107 θρασύ.

1926 582 2024 636 per
2057 569 2356 623 habeamus
2388 570 2651 624 custodes
2677 578 2734 624 et
2761 582 3091 626 servatores.
3128 572 3253 625 Haec
3282 588 3406 629 cum
3437 572 3489 626 ei

1926 659 2174 721 dixisset.
2206 669 2262 713 et
2291 676 2348 714 se
2372 661 2608 714 libenter
2637 662 2687 714 id
2724 661 3091 715 ministerium
3124 672 3488 732 promptoque

1923 760 1978 803 et
2004 752 2168 804 alacri
2190 752 2377 805 animo
2404 753 2683 806 obiturum
2707 753 3057 817 ostendisset,
3088 756 3251 808 tradit
3284 756 3330 808 ei
3352 756 3491 807 mul-

1926 837 2036 894 tum
2069 844 2210 897 auri.
2245 841 2433 911 Neque
2466 845 2613 897 enim
2638 844 2836 898 licebat
2867 847 3032 913 gratis
3061 847 3315 913 accipere
3353 848 3491 900 ullas

1923 942 2224 1004 martyrum
2261 935 2545 1003 reliquias,
2575 936 2669 988 sed
2707 936 3151 990 Christianorum
3183 954 3409 1007 magnus
3440 940 3492 991 in

1922 1038 2012 1077 eas
2039 1040 2210 1087 amor,
2244 1035 2362 1078 erat
2388 1025 2571 1093 impiis
2598 1040 2761 1079 causa
2794 1027 2955 1089 lucri,
2999 1039 3053 1080 et
3106 1028 3376 1081 alliciebat
3434 1041 3495 1081 ut

1923 1116 2141 1169 nonnisi
2174 1117 2358 1184 magni
2412 1133 2507 1171 eas
2540 1127 2752 1185 emptas
2781 1118 3107 1186 praeberent.
3139 1118 3213 1172 Ea
3242 1120 3307 1172 de
3331 1136 3494 1175 causa

1926 1206 2093 1260 mittit
2120 1208 2348 1260 multum
2373 1207 2517 1269 auri,
2546 1219 2601 1261 et
2635 1219 2693 1262 ut
2725 1211 2887 1262 etiam
2924 1210 3171 1272 haberet,
3202 1213 3346 1279 quod
3379 1213 3492 1265 dis—

1926 1298 2193 1352 tribueret
2220 1301 2571 1369 pauperibus.
2604 1300 2771 1354 Mittit
2825 1312 3005 1354 autem
3037 1316 3158 1354 cum
3194 1318 3259 1355 eo
3320 1318 3494 1370 equos

1923 1405 2140 1459 quoque
2170 1391 2483 1454 duodecim,
2520 1402 2573 1445 et
2617 1402 2989 1461 unguentum,
3019 1402 3075 1446 et
3135 1393 3417 1457 simlonas,
3441 1406 3497 1449 et

1922 1499 2263 1553 quaecunque
2292 1484 2393 1537 alia
2418 1485 2541 1537 usui
2570 1494 2729 1537 erant
2761 1484 2827 1537 ad
2860 1485 3211 1539 honorandos
3250 1496 3490 1539 sanctos.

1926 1575 2033 1630 Sed
2066 1585 2151 1630 est
2176 1575 2568 1629 attendendum
2596 1593 2610 1641 ;
2643 1576 2751 1630 huc
2783 1576 2929 1630 enim
2970 1577 3241 1641 venimus,
3284 1576 3374 1630 ubi
3411 1588 3493 1631 est

1922 1670 2169 1727 narratio
2192 1670 2609 1740 iucundissima.

1992 1762 2079 1816 IV.
2108 1762 2242 1816 Cum
2266 1765 2376 1832 jam
2418 1762 2729 1815 Bonifacius
2790 1772 2935 1816 esset
2982 1761 3085 1815 iter
3125 1762 3489 1831 ingressurus,

1918 1854 2099 1908 statim
2131 1856 2285 1921 quasi
2336 1854 2595 1922 graphice
2635 1854 2921 1908 victoriam
2952 1869 3104 1907 suam
3137 1863 3194 1906 et
3226 1869 3487 1907 coronam

1916 1940 2343 2012 przesigniticaus
2368 1956 2381 1991 :
2418 1937 2473 1995 Si
2500 1940 2657 2005 forte,
2694 1943 2892 2009 inquit,
2914 1940 3200 1999 odomiua.
3230 1941 3493 2009 quemad-

1919 2034 2140 2088 modum
2172 2033 2460 2102 contingit,
2496 2041 2553 2083 ut
2581 2033 2681 2084 hoc
2707 2033 2926 2100 quidem
2954 2040 3136 2099 empto
3173 2031 3488 2084 trusit-eris:

1919 2123 2158 2179 secunda
2210 2137 2365 2184 vero,
2423 2128 2481 2174 ut
2510 2122 2688 2193 aiunt,
2743 2120 3037 2190 navigatio,
3089 2136 3269 2172 meum
3323 2120 3388 2173 ad
3439 2129 3490 2174 te

1919 2229 2118 2283 corpus
2171 2212 2404 2267 aﬂerat:
2466 2211 2705 2270 fueritne
2776 2211 2880 2266 hoc
2935 2212 3032 2264 tibi
3081 2212 3357 2264 mediocre
3418 2212 3493 2265 tui

1921 2305 2154 2360 instituti
2185 2320 2247 2357 ac
2287 2303 2436 2373 scopi
2488 2304 2768 2363 solatium,
2815 2313 2871 2356 et
2917 2301 3060 2370 apud
3095 2310 3144 2355 te
3185 2301 3494 2357 habendum

1921 2395 1975 2446 in
2033 2395 2282 2447 honore?
2329 2394 2397 2447 Et
2446 2394 2561 2447 hzcc
2612 2394 2834 2461 quidem
2892 2393 2982 2446 ille
3036 2394 3266 2445 fortasse
3328 2395 3496 2462 magis

1918 2487 2115 2541 ludens
2155 2484 2298 2551 apud
2346 2484 2642 2547 dominam,
2691 2500 2852 2551 quam
2895 2499 3061 2551 agens
3096 2485 3247 2553 serio
3283 2502 3293 2535 :
3348 2486 3493 2538 Deus

1919 2574 2202 2633 autemid,
2250 2571 2395 2640 quod
2441 2581 2561 2625 erat
2606 2582 2873 2629 iuturum,
2923 2572 3172 2639 prcedixit
3221 2588 3317 2640 per
3349 2573 3494 2629 illius

1921 2670 2181 2737 linguam.
2213 2666 2395 2734 Aglais
2428 2679 2559 2719 vero
2588 2681 2603 2718 :
2633 2664 2751 2718 Non
2796 2673 2901 2729 est,
2929 2679 2959 2717 o
2992 2663 3255 2727 Bonifaci,
3294 2666 3492 2734 inquit,

1924 2770 2137 2827 tempus
2185 2757 2429 2821 ludendi,
2478 2771 2654 2825 neque
2687 2757 2883 2810 horum
2934 2757 3250 2821 verborum,
3311 2772 3341 2809 a
3370 2758 3492 2825 qui-

1922 2852 2023 2906 bus
2049 2851 2415 2904 abstinentem
2441 2850 2633 2918 jubeo,
2666 2859 2724 2900 ut
2758 2848 2845 2916 pie
2873 2856 2927 2901 et
2971 2850 3198 2901 honeste
3231 2857 3282 2901 te
3313 2863 3490 2917 geras.

1923 2947 2055 3001 Nam
2100 2945 2167 2999 iis
2212 2960 2272 2999 es
2306 2946 2695 3006 inserviturus,
2739 2958 2860 3012 qua:
2902 2957 3003 2995 nos
3031 2957 3138 2997 non
3167 2942 3342 2997 solum
3375 2952 3491 2997 tan-

1922 3053 2070 3105 gere,
2133 3037 2225 3089 sed
2286 3037 2449 3089 etiam
2504 3036 2752 3104 aspicere
2811 3035 3102 3105 indignos,
3164 3036 3345 3089 nimia:
3408 3046 3494 3090 est

248 3114 475 3179 Τούτοις
504 3118 817 3188 ἀρκούντως
854 3122 1225 3194 ὲπιτιμήσασα
1260 3127 1353 3179 καὶ
1391 3129 1824 3197 ἐντρέᾠασα,καὶ
1854 3149 1895 3205 C

1819 3172 1824 3182 .
1854 3149 1895 3205 ρ
1930 3126 2169 3182 audacia:
2203 3135 2257 3179 et
2289 3127 2630 3179 temeritatis.
2665 3125 2801 3177 Cum
2839 3126 2926 3179 his
2964 3127 3095 3179 satis
3128 3127 3489 3194 increpasset,

246 3206 443 3276 ὥσπερ
474 3210 592 3261 ἀντὶ
623 3212 841 3273 παιδιᾶς
875 3215 1106 3283 ἀκαίρου
1144 3218 1223 3280 είς
1277 3220 1441 3286 φόϐον
1469 3221 1688 3290 εὔλογον
1715 3225 1812 3295 τὴν

248 3299 462 3349 ἐκείνου
484 3299 661 3370 ψυχὴν
681 3304 1093 3372 καταστήσασα,
1128 3300 1248 3360 εἶτα
1276 3311 1392 3373 καὶ,
1411 3310 1470 3361 '0
1488 3312 1640 3375 Θεὸς,
1660 3313 1811 3369 ἐπει-

247 3387 450 3451 ποῦσα,
483 3392 510 3441 ὁ
534 3388 601 3440 δι’
638 3385 782 3458 ἠμῖς
823 3394 1040 3465 μορφὴν
1062 3395 1247 3449 δούλου
1285 3399 1460 3452 λαόὼν
1487 3398 1581 3454 καὶ
1607 3404 1664 3454 τὸ
1687 3405 1814 3456 ἑαυ-

245 3484 344 3533 τοῦ
371 3476 508 3548 αἷμα
550 3483 767 3551 ἐκχέας,
816 3476 979 3550 αὐτὸς
1008 3488 1228 3559 παρίδοι
1269 3492 1338 3545 τὰ
1364 3495 1681 3564 πταίσματα
1714 3514 1814 3565 μου

249 3570 347 3620 καὶ
399 3571 686 3626 ἀποστελεῖ
735 3576 825 3627 τὸν
879 3577 1111 3645 ἄγγελον
1141 3580 1307 3634 αὐτοῦ
1360 3584 1669 3654 ἔμπροσθέν
1698 3604 1812 3653 σου,

250 3663 346 3713 καὶ
371 3662 692 3716 καοευϐυνεῖ
726 3667 791 3721 τὰ
825 3667 1137 3737 διαδήματα
1162 3688 1255 3722 σου
1278 3688 1290 3701 ·
1324 3674 1460 3742 πρὸς
1479 3676 1689 3739 τούτοις
1723 3680 1817 3731 καὶ

248 3753 431 3816 δεξιὰν
460 3755 606 3823 αύτῷ
644 3759 742 3827 τὴν
777 3760 1034 3814 ἐπάνοδον
1056 3763 1327 3832 εὐξαμένη
1380 3765 1678 3835 ἐξέπεμψε.
1715 3768 1817 3822 Τὸν

246 3842 307 3894 δὲ
336 3844 649 3911 Βονιφάτιον
681 3847 897 3918 ὤνησαν
931 3853 1029 3919 μὲν
1053 3853 1113 3904 ού
1147 3855 1381 3923 μετρίως
1410 3873 1470 3908 τε
1511 3859 1607 3911 καὶ
1642 3862 1689 3911 oi
1718 3860 1817 3930 τῆς

246 3933 537 4007 δεσποίνης
571 3938 743 4005 λόγοι,
768 3942 862 3994 καὶ
912 3943 1048 4011 πρὸς
1083 3945 1153 3998 τὰ
1185 3945 1303 4001 θεῖά
1330 3965 1390 4000 τε
1421 3950 1514 4001 καλ⁵
1549 3950 1818 4021 σεϐάσμια

248 4027 477 4096 περιδεῆ
513 4030 874 4099 κατέστησαν,
907 4032 1030 4086 ὅθεν
1065 4034 1188 4087 οὔτε
1227 4036 1405 4105 κρεῶν
1442 4038 1645 4106 ἥπτετο
1679 4042 1820 4094 κατὰ

247 4121 353 4188 τὴν
385 4120 632 4189 πορείαν,
659 4120 781 4173 οὔτε
815 4122 923 4190 μὴν
953 4126 1081 4193 οἴνῳ
1108 4128 1305 4195 ἐχρῆτο
1328 4143 1342 4158 ·
1376 4128 1545 4199 εἰσῄει
1577 4131 1633 4183 δὲ
1656 4133 1819 4185 αὐτὸν

252 4215 353 4265 καὶ
386 4212 666 4282 λογισμὸς,
717 4213 903 4284 ὥσπερ
958 4218 1305 4287 παιδαγωγὸς
1351 4220 1575 4290 ἀγαθὸς,
1606 4222 1818 4294 ὅτιπερ,

252 4298 361 4358 Οἴα
389 4304 612 4372 δράσας,
654 4302 742 4358 οἶα
798 4308 979 4375 μέλλω
1008 4313 1193 4378 χερσὶν
1236 4313 1488 4379 ἀνάγνοις
1525 4319 1820 4385 μετακομί-

252 4394 402 4460 (etv;
437 4399 542 4449 Καὶ
558 4396 636 4466 τῷ
670 4398 776 4450 δέει
798 4400 974 4468 τούτῳ
1001 4400 1183 4470 ἡρέμα
1204 4419 1255 4454 τι
1278 4404 1376 4471 τῆς
1411 4407 1549 4475 πρὸς
1579 4407 1638 4459 τὸ
1662 4408 1820 4477 σῶμα

1915 3229 1971 3277 et
2018 3212 2224 3287 pudore
2259 3216 2549 3279 affecisset,
2593 3226 2648 3271 et
2681 3231 2777 3284 pro
2823 3216 2954 3273 ludo
2993 3219 3380 3285 intempestivo
3423 3220 3491 3271 ad

1911 3315 2118 3384 justum
2149 3322 2204 3364 et
2248 3308 2442 3362 rationi
2483 3319 2910 3361 consentaneum
2944 3320 3146 3361 metum
3179 3307 3330 3361 illius
3371 3307 3491 3361 aniv

1917 3419 2058 3457 mam
2094 3401 2428 3454 traduxisset
2456 3408 2511 3452 et
2540 3399 2763 3452 dixisset
2794 3416 2805 3451 :
2847 3399 3009 3461 Deus,
3045 3400 3136 3466 qui
3192 3399 3333 3451 servi
3378 3399 3491 3451 for-

1917 3511 2060 3548 mam
2091 3503 2310 3562 propter
2335 3505 2434 3543 nos
2463 3490 2681 3559 accipit,
2726 3500 2781 3544 et
2824 3504 2982 3543 suum
3024 3488 3222 3544 eﬂudit
3263 3491 3490 3559 sangui-

1916 3600 2065 3649 nem,
2098 3584 2211 3651 ipse
2239 3581 2305 3634 ad
2336 3596 2453 3633 mea
2483 3596 2591 3633 non
2642 3581 2873 3648 aspiciat
2928 3580 3149 3643 delicta,
3209 3589 3263 3635 et
3314 3583 3493 3636 mittat

1919 3676 2171 3745 angelum
2228 3689 2387 3727 suum
2418 3684 2545 3726 ante
2596 3681 2669 3731 te.
2722 3681 2776 3725 et
2824 3671 3024 3740 dirigat
3071 3687 3291 3741 gressus
3345 3683 3488 3729 tuos.

1922 3767 2128 3821 Deinde
2175 3765 2411 3818 faustum
2452 3766 2500 3817 ei
2551 3772 2767 3831 precata
2809 3762 3066 3824 reditum,
3092 3777 3217 3816 eum
3262 3763 3485 3817 emittit.

1920 3857 2197 3912 Bonifacio
2250 3870 2379 3908 vero
2427 3870 2536 3907 non
2589 3854 2944 3907 mediocriter
2992 3854 3214 3920 quidem
3271 3853 3493 3922 profuc-

1921 3962 2052 4005 runt
2080 3950 2245 4002 verba
2276 3947 2530 4008 dominae,
2562 3954 2617 4000 et
2644 3952 2704 3998 ut
2739 3959 2826 3998 res
2854 3944 3069 3997 divinas
3110 3954 3166 3998 et
3203 3946 3491 4014 religiosas

1921 4047 2284 4099 revereretur,
2336 4036 2660 4089 effecerunt.
2716 4035 2854 4089 Hinc
2924 4035 3125 4089 factum
3188 4046 3382 4090 est'ut
3435 4038 3491 4091 in

1923 4131 2121 4185 itinere
2167 4142 2271 4182 nec
2324 4140 2519 4180 carnes
2564 4135 2834 4191 tangeret,
2895 4140 2997 4177 nec
3044 4126 3169 4176 vino
3219 4136 3488 4179 uteretur.

1923 4222 2153 4276 Subibat
2204 4228 2385 4272 autem
2432 4218 2551 4287 ejus
2616 4230 2836 4285 quoque
2894 4225 3133 4269 mentem
3209 4216 3490 4287 cogitatio,

1923 4310 2090 4365 veluti
2142 4310 2364 4379 quidam
2422 4308 2602 4361 bonus
2651 4306 2975 4376 paedagogus
3043 4324 3057 4361 :
3106 4309 3296 4373 Qualia
3365 4320 3493 4364 sunt

1924 4417 2045 4470 quae
2078 4400 2202 4464 feci,
2262 4409 2316 4453 et
2347 4398 2525 4466 qualia
2563 4413 2682 4450 sum
2730 4397 2960 4465 impuris
3007 4398 3260 4451 manibus
3305 4412 3493 4467 porta-

254 4487 636 4555 προσπαθείας
689 4488 1084 4563 κατωλιγώρει,
1145 4493 1238 4546 καὶ
1299 4493 1476 4563 ἑαυτῷ
1531 4499 1818 4567 προσέχειν
1852 4509 1894 4563 ι)

1852 4509 1894 4563 ι)
1927 4491 2112 4546 turus?
2163 4492 2390 4558 Propter
2431 4488 2579 4542 hunc
2615 4499 2742 4541 vero
2790 4498 3018 4553 metum,
3067 4490 3270 4543 sensim
3319 4491 3493 4561 negli—

253 4580 503 4633 ἐπείθετο
521 4599 533 4611 ·
562 4580 722 4649 φόϐος
753 4582 852 4650 μὲν
879 4583 987 4652 γὰρ
1013 4584 1197 4655 πατὴρ
1221 4586 1496 4657 προσοχῆς
1517 4604 1531 4618 ·
1569 4589 1601 4658 ἡ
1634 4589 1689 4641 δὲ
1720 4606 1821 4656 γαο

253 4671 422 4740 λήνης
455 4674 640 4743 μήτηρ
689 4674 784 4726 καὶ
811 4677 1220 4742 καταστάσεως,
1257 4678 1401 4751 αὕτη
1430 4680 1487 4733 δὲ
1511 4681 1609 4750 τὴν
1641 4682 1821 4734 συναί-

253 4762 470 4828 σθησιν,
519 4763 707 4835 ὦσπερ
735 4767 793 4821 ἐν
817 4766 1075 4839 ἀταράχῳ
1106 4770 1214 4822 τινὶ
1238 4771 1333 4824 καὶ
1385 4771 1610 4842 καθαρῷ
1642 4772 1818 4835 ὕδατι,

251 4854 323 4905 τὰ
352 4854 519 4922 αὐτῆς
548 4853 709 4925 αἴσχη
752 4856 1062 4911 διαϐλέπειν
1106 4863 1251 4911 ποιεῖ
1329 4862 1421 4913 καὶ
1456 4862 1629 4925 οὕτως
1656 4864 1820 4931 ἀρχαὶ

252 4945 353 4996 καὶ
389 4944 531 5013 ῥίζαι
554 4945 648 5013 τῆς
684 4950 973 5014 μετανοίας
1006 4950 1253 5016 φύονται,
1284 4952 1323 5022 ἠ
1355 4953 1418 5024 δὴ
1448 4954 1568 5006 τότε
1602 4954 1697 5010 καὶ
1721 4956 1819 5006 Bo-

253 5034 501 5100 νιφάτιογ
532 5035 707 5098 καλῶς
741 5040 1075 5110 συνειλήφει,
1102 5042 1198 5094 καὶ
1227 5043 1327 5114 ήδη
1360 5044 1496 5114 πρὸς
1526 5045 1645 5115 βίου
1668 5048 1823 5118 ἀκρί-

253 5123 410 5177 ϐειαν
461 5127 738 5181 ἀπονεύων
795 5133 1027 5201 φανερὸς
1065 5129 1155 5203 ἦν,
1191 5138 1289 5202 τῆς
1349 5137 1446 5205 μὲν
1510 5141 1822 5207 παχυτέρας

251 5215 461 5285 ταύτης
489 5221 582 5271 καὶ
604 5222 861 5291 περιττῆς
885 5228 1110 5295 τροφῆς,
1129 5227 1317 5298 ὥσπερ
1358 5228 1585 5299 ἔφημεν,
1625 5232 1822 5299 ἀπεχό-

256 5324 440 5378 μενος,
473 5311 636 5380 eam;
658 5313 714 5365 δὲ
754 5314 1095 5369 ἀδιαλείπτου
1137 5318 1231 5372 καὶ
1252 5321 1507 5390 νηστείας
1554 5324 1691 5376 κατὰ
1726 5323 1823 5391 τὴν

254 5402 488 5472 πορείαν
514 5403 790 5471 ἐχόμενος.

329 5661 403 5716 ε’.
451 5663 600 5717 Ἐπεὶ
652 5664 705 5718 δὲ
760 5666 853 5719 καὶ
887 5667 1082 5730 ἐπιϐὰς
1144 5670 1239 5738 τῆς
1297 5671 1480 5735 Ἀσίας
1531 5673 1672 5727 κατᾶ
1724 5676 1822 5746 τὴν

257 5755 606 5828 ὑμνουμένην
658 5758 754 5829 τῆς
792 5759 1041 5825 Κιλικίας
1074 5758 1285 5832 Ταρσὸν
1331 5763 1562 5832 ἐγένετο,
1596 5765 1723 5820 ἔνθα
1756 5767 1817 5838 δὴ

1878 5114 1881 5117 _
1925 5042 2190 5098 dedecora
2228 5055 2243 5093 :

1923 4583 2082 4653 gebat
2112 4582 2398 4650 pristinam
2427 4594 2580 4633 suam
2610 4578 2665 4631 in
2698 4594 2898 4647 corpus
2928 4579 3299 4643 aﬂ‘ectionem,
3330 4592 3385 4634 et
3430 4592 3491 4634 ut

1922 4676 2025 4729 sibi
2080 4672 2423 4735 attenderet,
2490 4670 2595 4723 sibi
2656 4670 3041 4739 persuadebat.
3103 4671 3236 4725 Nam
3314 4683 3493 4727 metus

1922 4767 2143 4836 quidem
2170 4774 2254 4819 est
2280 4772 2452 4817 mater
2477 4762 2883 4830 tranquillitatis
2919 4772 2975 4815 et
3006 4763 3243 4830 quietis;
3273 4780 3333 4817 ea
3364 4780 3494 4819 vero

1923 4859 2063 4929 parit
2092 4857 2505 4919 conscientiam,
2534 4870 2654 4923 quae
2704 4853 2854 4915 facit,
2899 4863 2958 4906 ut
3007 4854 3189 4906 anima
3236 4864 3493 4923 tanquam

1925 4951 1977 5004 in
2012 4966 2145 5018 pura
2174 4950 2350 5015 aliqua
2383 4956 2439 5000 et
2477 4962 2583 4999 non
2633 4946 2848 5008 turbata
2880 4961 3043 5013 aqua,
3080 4962 3177 5000 sua
3211 4947 3493 5002 intueatur

2293 5049 2349 5092 et
2407 5038 2486 5092 sic
2537 5045 2843 5091 nascuntur
2888 5037 3155 5105 principia
3200 5046 3255 5089 et
3288 5039 3496 5094 radices

1924 5132 2276 5201 pmnitentiie.
2329 5132 2447 5184 Jam
2503 5140 2633 5183 tunc
2684 5138 2866 5181 autem
2905 5129 3131 5195 pulchre
3170 5141 3493 5197 conceperat

1926 5225 2256 5284 Bonifacius,
2289 5232 2343 5275 et
2371 5223 2479 5292 jam
2516 5230 2705 5289 aperte
2736 5221 3083 5281 ostendebat,
3117 5237 3174 5274 se
3228 5222 3493 5275 inclinare

1925 5314 1991 5367 ad
2022 5316 2184 5369 vitam
2214 5312 2509 5381 perfectam
2538 5322 2593 5363 et
2628 5319 2962 5371 accuratam,
3001 5320 3060 5364 ut
3093 5311 3184 5379 qui
3227 5327 3255 5364 a
3288 5313 3490 5365 crassis

1925 5405 2143 5473 quidem
2199 5414 2253 5457 et
2298 5401 2740 5472 supervacaneis,
2792 5410 2850 5455 ut
2895 5401 3156 5457 diximus.
3189 5403 3485 5456 abstineret

1925 5494 2221 5558 alimentis,
2276 5494 2509 5549 assiduis
2540 5509 2671 5547 vero
2699 5494 2958 5562 precibus
2988 5504 3042 5547 et
3070 5494 3294 5563 jejuniis
3328 5509 3495 5546 vaca-

1926 5596 2007 5641 ret
2036 5586 2087 5639 in
2118 5585 2336 5640 itinere.

1997 5680 2058 5735 ν.
2104 5679 2392 5747 Postquam
2427 5686 2611 5733 autem
2652 5676 2987 5734 ascendisset
3015 5676 3066 5731 in
3098 5678 3305 5749 Asiam,
3335 5690 3387 5733 et
3430 5680 3497 5738 ad

1926 5769 2255 5827 celebratam
2289 5770 2343 5824 in
2392 5767 2579 5825 Cilicia
2634 5766 2976 5837 pervenisset
3008 5767 3266 5835 Tarsum,
3297 5784 3407 5839 quo
3437 5768 3496 5825 in
