4230 6436
759 382 865 445 25l

2073 373 2356 434 MENSIS
2389 374 2654 437 MAIUS.

3936 382 4044 444 952

769 499 995 553 dolore:
1043 503 1098 548 et
1144 487 1338 559 aperte
1383 493 1623 545 ostende
1653 500 1704 544 te
1755 490 1884 544 mihi
1921 505 2080 559 opem
2113 489 2253 542 ferre
2297 487 2364 541 ad
2393 487 2439 547 Α

2393 487 2442 547 Α
2470 486 2744 555 κουφίζων
2775 505 2842 558 με
2883 487 2982 556 τῆς
3021 489 3233 556 ὀδύνης,
3268 489 3358 542 καὶ
3402 492 3480 552 εἰς
3507 491 3600 559 τὴν
3638 491 3779 543 κατὰ
3807 492 3903 543 τοῦ
3949 493 4051 544 Σα-

769 585 1062 656 parandam
1107 577 1402 637 victoriam
1455 581 1716 636 adversus
1774 580 2029 636 Satanam
2087 591 2142 635 et
2207 581 2353 634 hunc

772 679 1082 748 prznsidem.
1133 677 1242 730 Pro
1293 681 1347 728 te
1392 675 1540 729 enim
1594 683 1648 728 et
1698 682 1786 727 tua
1840 673 2035 742 gloria,
2096 683 2157 727 ut
2222 673 2350 734 scis,

774 772 1015 824 decerto.
1047 769 1170 822 Haec
1200 766 1358 830 dixit,
1388 775 1441 820 et
1463 774 1684 820 sanctos
1732 765 1895 820 simul
1931 765 2162 834 rogavit,
2211 773 2271 818 ut
2300 765 2352 819 ei

772 878 931 932 opem
969 863 1174 914 ferrent
1209 861 1322 914 suis
1366 858 1623 928 precibus
1654 856 1720 909 ad
1749 858 2207 911 decertationem.
2255 858 2352 911 At-

771 969 880 1022 que
921 952 997 1004 illi
1028 951 1247 1020 quidem
1268 950 1317 1004 ei
1345 949 1715 1017 precabantur
1759 948 2043 1001 victoriam
2093 957 2149 1001 et
2188 947 2350 1002 tinem

774 1044 1016 1114 martyrii
1054 1059 1067 1095 :
1102 1041 1314 1095 exstitit
1356 1049 1537 1092 autem
1571 1049 1700 1092 tunc
1733 1054 1956 1108 quoque
1998 1038 2204 1093 Christi
2242 1040 2353 1092 vir-

774 1137 908 1191 tutis
947 1151 1086 1203 opus
1125 1134 1284 1202 plane
1313 1131 1653 1186 admirabile.
1688 1131 1822 1184 Nam
1863 1146 1986 1184 cum
2015 1135 2348 1185 tormentum

769 1226 878 1292 jam
911 1233 1050 1277 esset
1087 1232 1357 1291 paratum,
1383 1231 1438 1275 et
1473 1220 1786 1274 Bonifacius
1824 1230 2080 1288 tanquam
2125 1221 2348 1289 quidam

773 1324 1034 1369 strenuus
1079 1314 1281 1367 athleta
1332 1321 1522 1376 staret,
1569 1323 1890 1380 exspectans
1929 1313 2344 1366 adversarium:

771 1408 866 1464 alii
899 1421 1029 1461 vero
1061 1415 1357 1475 martyres,
1388 1412 1576 1472 utpote
1613 1419 1721 1457 non
1746 1405 1920 1458 solum
1955 1404 2345 1469 decertatores,

773 1498 868 1553 sed
907 1512 1099 1552 eorum
1131 1497 1316 1561 etiam,
1365 1511 1484 1564 quae
1531 1496 1582 1547 in
1628 1495 1730 1548 hoc
1771 1489 2002 1561 ﬁebant,
2031 1511 2186 1550 acres
2223 1512 2348 1567 spe-

774 1598 1030 1651 ctatores,
1057 1598 1110 1640 et
1135 1587 1307 1654 magis
1328 1602 1487 1655 quam
1517 1586 1603 1639 ille.
1629 1587 1810 1640 animo
1837 1587 2004 1647 anxii,
2029 1589 2079 1642 ei
2102 1589 2344 1656 quidem,

777 1685 835 1730 ut
889 1677 1148 1741 diximus,
1205 1676 1365 1730 simul
1411 1685 1768 1744 precarentur
1830 1677 2150 1731 victoriam:
2218 1688 2348 1733 tunc

774 1781 897 1837 qua:
927 1775 1046 1820 erat
1076 1775 1404 1834 congregata
1446 1766 1630 1833 populi
1680 1754 1994 1830 multitudo,
2044 1777 2098 1820 et
2140 1770 2346 1838 alioqui

2463 582 2602 632 τανᾶ
2654 583 2748 632 καὶ
2783 579 2874 632 τοῦ
2900 582 3160 650 ἄρχοντος
3183 579 3338 633 τοῦδε
3367 583 3524 648 νίκην
3556 600 3646 650 μοι
3682 585 3884 650 φάνηθι.
3924 601 4045 633 συν-

2463 673 2752 741 αιρόμενος
2775 691 2786 704 ο
2850 673 2944 726 σοῦ
3007 676 3113 743 γὰρ
3145 676 3334 726 ἕνεκεν
3362 677 3455 725 καὶ
3500 676 3598 743 τῆς
3630 675 3725 742 σῆς
3751 675 3931 741 δόξης,
3972 678 4047 736 ὡς

2462 760 2629 827 οἶδας,
2667 765 2980 834 ύπεραθλῶ.
3017 766 3202 817 Ταῦτα
3248 765 3401 833 ἔλεγε
3427 783 3438 795 ·
3476 767 3565 818 καὶ
3593 766 3699 819 τῶν
3723 768 3898 833 ἁγίων
3927 767 4047 833 ἃμα

2462 853 2668 919 ἐδεῖτο,
2733 857 2922 924 εὐχαῖς
3005 856 3152 925 αύτῷ
3218 858 3680 924 συνεπιλήψεσθαι
3742 861 3883 925 πρὸς
3939 860 4046 926 τὴν

2461 943 2705 1012 ἄθλησιν.
2762 947 2822 996 Οἱ
2858 945 2958 1013 μὲν
3010 945 3100 997 οὖν
3128 946 3275 1013 αὖτῷ
3317 947 3418 1012 τήν
3452 964 3508 999 τε
3543 948 3698 1015 νίκην
3726 949 3822 999 καὶ
3857 950 3915 999 τὸ
3947 948 4045 998 τοῦ

2463 1037 2764 1105 μαρτυρίου
2797 1038 2948 1099 τέλος
2971 1038 3288 1105 ἐπεύχοντο.
3316 1038 3531 1090 Γίνεται
3564 1039 3618 1090 δὲ
3647 1043 3738 1091 καὶ
3767 1041 3892 1092 τότε
3942 1040 4046 1106 τῆς

2457 1129 2551 1181 τοῦ
2599 1130 2837 1198 Χριστοῦ
2865 1131 3147 1198 δυνάμεως
3179 1129 3341 1196 ἔργον
3373 1130 3839 1198 ἀξιοθαύμαστον.
3884 1135 4044 1185 Ἐπεὶ

2458 1220 2562 1288 γὰρ
2607 1221 2705 1293 ἤδη
2737 1221 2830 1273 καὶ
2858 1223 2890 1289 ἡ
2919 1220 3150 1288 βάσανος
3182 1221 3464 1291 εὐπρεπὴς
3493 1218 3582 1291 ἦν,
3634 1223 3726 1273 καὶ
3761 1223 3788 1273 ὁ
3812 1225 4051 1290 Βονιφά-

2456 1329 2566 1371 τιος
2593 1313 2785 1380 ὥσπερ
2813 1331 2896 1373 τις
2922 1313 3227 1381 παλαιστὴς
3251 1316 3500 1380 γενναῖος
3531 1316 3774 1382 εἱστήκει
3797 1303 4048 1382 ’περιμέ-

2456 1421 2560 1455 νων
2599 1403 2690 1454 τὸν
2715 1404 3152 1473 ἀνταγωνιστὴν,
3184 1405 3232 1455 οἱ
3263 1404 3412 1456 ἄλλοι
3437 1405 3492 1456 δὲ
3523 1405 3821 1474 μάρτυρες,
3853 1407 3925 1467 ὡς
3976 1408 4047 1458 ἂν

2454 1494 2553 1545 ούκ
2577 1494 2878 1560 ἀγωνισταὶ
2911 1494 3092 1563 μόνον,
3128 1494 3267 1547 ἀλλὰ
3297 1495 3390 1545 καὶ
3420 1493 3529 1544 τῶν
3567 1496 3656 1546 ἐπὶ
3697 1496 3872 1562 τούτῳ
3901 1495 4048 1562 δρω-

2460 1581 2634 1650 μένων
2691 1581 2883 1650 θερμοὶ
2944 1581 3153 1643 θεαταὶ,
3212 1583 3307 1633 καὶ
3355 1582 3554 1650 μᾶλλον
3585 1582 3616 1650 ἢ
3651 1583 3858 1642 ἐκεῖνος
3893 1585 4046 1645 ἀΐω-

2456 1672 2696 1735 νιιῖιντες,
2728 1673 2824 1742 τὴν
2861 1673 3039 1739 νίκην,
3077 1673 3265 1742 ὥσπερ
3321 1677 3553 1744 ἔφημεν,
3604 1676 4043 1743 συνεπηύχοντο·

2457 1764 2574 1815 τότε
2606 1765 2669 1830 δὴ
2697 1766 2754 1816 τὸ
2797 1767 3212 1833 συνειλεγμένον
3237 1767 3458 1834 πλῆθος,
3482 1767 3574 1820 καὶ
3605 1767 3778 1830 ἄλλως
3807 1770 3899 1818 καὶ
3931 1767 4048 1817 τῶν

773 1874 837 1912 ex
867 1858 935 1912 iis
973 1873 1094 1928 qua:
1151 1866 1575 1926 prazcesserant,
1627 1868 1774 1912 mota
1817 1868 1936 1912 erat
1979 1859 2353 1916 misericordia
2383 1837 2428 1895 Β

2383 1837 2428 1895 Β
2460 1856 2841 1926 προλαϐόντων
2881 1857 3023 1908 κατὰ
3066 1858 3287 1926 μικρὸν,
3360 1858 3519 1909 τοῦτο
3587 1860 3684 1925 μὲν
3725 1859 3858 1928 πρὸς
3916 1858 4047 1917 τοὺς

774 1959 1117 2021 martyrum:
1175 1949 1376 2018 partim
1423 1960 1605 2002 autem
1656 1964 1799 2018 aegre
1858 1949 2068 2004 ferebat
2127 1952 2348 2006 nimiam

773 2042 1028 2112 przesidis
1078 2041 1488 2102 crudelitatem,
1539 2049 1592 2093 ct
1645 2051 1872 2109 propter
1939 2054 2170 2112 utraque
2235 2046 2352 2100 haec

775 2143 1091 2189 sanctorum
1126 2133 1180 2186 in
1211 2132 1377 2186 rebus
1419 2133 1629 2200 asperis
1661 2133 1996 2200 etgravibus
2026 2152 2134 2187 non
2172 2138 2351 2190 solum

773 2225 1141 2288 tolerantiam,
1185 2221 1277 2277 sed
1339 2223 1502 2276 etiam
1559 2223 1804 2276 laetitiam
1853 2225 2130 2292 stupebat,
2173 2236 2227 2280 et
2275 2228 2354 2282 sic

772 2317 1147 2372 deducebatur
1186 2315 1252 2368 ad
1294 2316 1453 2368 [idem
1511 2316 1564 2367 in
1608 2315 1913 2378 Christum,
1981 2318 2231 2373 universa
2267 2336 2352 2375 re-

774 2418 935 2478 pente
967 2407 1130 2459 simul
1179 2406 1316 2459 tollit
1375 2405 1663 2458 coafusum
1715 2406 2027 2472 clamorem,
2069 2417 2124 2462 et
2171 2421 2351 2466 mente

772 2507 828 2553 et
862 2513 994 2551 voce
1023 2497 1460 2552 consentientem
1491 2513 1502 2547 :
1534 2495 1759 2566 Magnus
1791 2508 1875 2552 est
1915 2499 2059 2553 Deus
2085 2501 2352 2557 Christia—

772 2607 996 2657 norum;
1033 2606 1262 2660 magnus
1295 2605 1354 2643 es
1387 2590 1525 2653 Rex,
1555 2591 1813 2654 Christe;
1850 2608 2039 2646 omnes
2069 2594 2119 2645 in
2152 2605 2201 2646 te
2231 2611 2351 2649 cre-

771 2683 976 2737 dimus.
1011 2682 1135 2736 Haec
1174 2692 1232 2736 et
1279 2696 1473 2735 omnes
1528 2682 1860 2744 clamabant,
1910 2692 1965 2734 et
1999 2685 2163 2737 simul
2202 2700 2350 2739 aram

773 2775 1041 2843 quidem,
1100 2789 1223 2841 quae
1279 2774 1390 2826 illic
1451 2780 1575 2834 est,
1641 2774 2004 2840 erertebant,
2064 2776 2350 2844 praesidem

772 2873 954 2917 autem
1011 2864 1289 2934 lapidibus
1357 2864 1708 2932 appetebant.
1779 2865 1870 2919 Ille
1931 2882 2087 2932 vero,
2156 2868 2350 2922 timore

772 2956 1000 3012 allectus
1023 2964 1078 3010 et
1101 2972 1211 3010 suae
1235 2959 1357 3012 vitae
1390 2965 1662 3018 metuens,
1694 2965 1754 3008 ut
1781 2957 1875 3024 qui
1920 2964 2138 3012 veniret
2175 2959 2228 3011 in
2260 2974 2355 3027 pe-

775 3047 1031 3109 riculum,
1076 3063 1142 3100 ne
1171 3063 1294 3100 mox
1329 3049 1557 3115 periret,
1585 3047 1710 3118 fuga
1737 3063 1849 3103 sua:
1899 3050 2062 3104 saluti
2086 3051 2347 3118 consulit,

774 3139 1011 3206 turpiter
1037 3140 1266 3192 dimisso
1305 3139 1539 3193 theatro.

843 3229 936 3283 1X.
993 3229 1118 3285 Haec
1163 3233 1327 3285 alium
1384 3233 1607 3301 quidem
1655 3232 1906 3302 quamvis
1951 3233 2239 3288 cll‘eratum
2291 3247 2347 3289 et

776 3322 1107 3387 immanem,
1156 3323 1236 3375 ira
1290 3332 1469 3375 tamen
1524 3323 1886 3391 placabilem,
1949 3328 2350 3392 persuasissent

773 3413 963 3466 eadem
994 3417 1218 3476 sentire,
1263 3429 1385 3484 quae
1415 3414 1531 3478 alii,
1569 3424 1624 3467 et
1662 3413 1976 3468 eﬂ‘ecissent
2002 3424 2059 3469 ut
2088 3418 2154 3469 ad
2187 3417 2349 3470 Chri-

776 3514 920 3558 stum
950 3507 1238 3560 accederet
1271 3521 1285 3560 :
1323 3516 1376 3560 at
1403 3522 1510 3559 non
1543 3507 1695 3559 illum
1728 3508 2059 3562 sceleratum
2093 3518 2146 3563 et
2189 3525 2347 3563 exse-

776 3595 1068 3650 crandum.
1106 3595 1212 3648 Sed
1241 3605 1452 3648 tantum
1484 3596 1678 3659 abfuit,
1717 3607 1777 3649 ut
1818 3598 1931 3665 ipse
1963 3615 2026 3652 ex
2066 3600 2261 3655 timore
2296 3610 2350 3654 et

776 3701 840 3740 cx
893 3686 995 3740 hac
1048 3685 1358 3740 admirabili
1406 3687 1593 3756 populi
1664 3689 2068 3753 consensione,
2113 3692 2349 3758 aliquam

777 3779 1050 3847 acceperit
1078 3781 1394 3842 utilitatem,
1441 3791 1498 3834 ut
1537 3782 1792 3833 statuerit
1833 3781 1998 3833 etiam
2044 3795 2157 3835 rem
2191 3798 2350 3850 agere

779 3871 972 3937 majori
1005 3871 1382 3933 contentione,
1429 3880 1485 3923 et
1521 3870 1600 3922 ira
1650 3885 1777 3922 eum
1829 3870 2115 3935 incitante,
2177 3883 2354 3926 certa-

780 3976 904 4016 men
937 3961 1270 4016 instaurare.
1307 3962 1462 4017 Mane
1495 3978 1626 4030 ergo
1655 3961 1952 4031 praesidens
1981 3963 2034 4014 in
2067 3964 2351 4028 tribunali,

778 4068 903 4105 cum
934 4062 1179 4106 curasset
1211 4052 1263 4104 in
1298 4068 1456 4106 suum
1489 4063 1845 4120 conspectum
1889 4052 2119 4121 produci
2155 4063 2355 4124 marty-

782 4157 919 4206 rem,
954 4154 1008 4195 et
1044 4143 1190 4197 illius
1218 4144 1583 4212 eXprobrabat
1626 4145 1907 4212 pietatem,
1963 4155 2018 4199 et
2065 4147 2214 4212 quod
2252 4148 2356 4199 Do-

781 4234 962 4285 minus
990 4242 1175 4286 noster
1195 4235 1386 4287 fuisset
1423 4237 1739 4300 crucilixus,
1772 4237 2007 4291 ridebat.
2060 4240 2196 4290 Cum
2241 4238 2356 4292 haec

781 4333 967 4378 autem
1029 4340 1140 4376 non
1196 4325 1377 4378 ferens
1431 4337 1656 4397 martyr,
1709 4339 1964 4396 pergeret
2018 4330 2358 4395 gravioribus

784 4416 999 4484 probris
1053 4415 1294 4470 vicissim
1343 4418 1602 4471 insectari
1652 4419 1915 4487 judicem,
1962 4434 2060 4487 pro
2107 4419 2253 4473 veris
2303 4430 2359 4474 et

779 4508 940 4578 justis
994 4508 1180 4561 verbis
1225 4524 1418 4562 rursus
1461 4511 1564 4563 luit
1617 4513 1948 4579 supplicium
1985 4526 1996 4562 :

784 4598 936 4652 lebes
963 4599 1083 4666 pice
1111 4600 1351 4667 repletus
1379 4611 1437 4654 et
1467 4601 1622 4653 valde
1653 4616 1916 4655 accensus
1945 4605 2184 4670 suscepit
2215 4619 2359 4654 mar-

787 4698 978 4756 tyrem.
1017 4689 1124 4741 Sed
1165 4703 1288 4742 cum
1326 4691 1428 4743 hoc
1467 4706 1689 4760 quoque
1733 4689 1907 4752 ﬁeret,
1963 4707 2069 4744 non
2123 4693 2361 4760 neglexit

786 4780 931 4835 Deus
974 4795 1040 4834 ex
1069 4781 1179 4834 alto
1208 4780 1386 4834 facere
1417 4791 1676 4836 consueta
1720 4784 2004 4839 miracula.
2045 4784 2181 4838 Nam
2234 4800 2358 4838 cum

785 4874 1014 4941 angelus
1045 4888 1076 4926 e
1108 4875 1248 4928 caelo
1281 4873 1676 4933 descendisset,
1709 4874 1854 4928 illius
1887 4877 2106 4943 quidem
2138 4891 2358 4942 corpus,

788 4963 932 5016 sicut
967 4965 1130 5016 etiam
1157 4966 1389 5032 corpora
1417 4965 1584 5016 trium
1636 4981 1961 5034 puerorum,
2016 4971 2364 5023 conservavit

792 5054 1022 5109 illesum
1053 5073 1062 5106 :
1094 5053 1310 5107 ﬂamma
1343 5066 1527 5108 autem
1559 5065 1783 5121 repente
1819 5057 1870 5108 in
1909 5059 2101 5111 orbem
2125 5060 2366 5112 circum-

791 5147 930 5208 fusa,
983 5159 1106 5198 cum
1162 5146 1615 5212 apprehendisset
1679 5146 1945 5215 quosdam
2013 5164 2080 5201 ex
2148 5151 2213 5202 iis
2269 5151 2362 5219 qui

794 5236 1072 5300 astabant,
1126 5235 1440 5290 inﬁdelibus
1466 5238 1657 5293 eadem
1696 5240 1823 5291 feeit
1852 5256 1975 5309 qua
2017 5242 2148 5294 olim
2192 5243 2367 5315 Baby-

792 5327 939 5380 lone.

864 5413 931 5468 Χ.
979 5414 1133 5469 Τυηο
1181 5414 1402 5484 impius,
1439 5418 1639 5472 timens
1684 5418 1906 5488 quidem
1945 5418 2147 5474 Christi
2194 5419 2368 5473 virtu-

795 5514 926 5568 tem,
970 5506 1065 5558 sed
1114 5521 1183 5558 ne
1232 5507 1310 5560 sic
1355 5508 1576 5576 quidem
1635 5511 1934 5579 quidquam
1977 5511 2043 5564 de
2086 5513 2368 5580 impietate

796 5597 1105 5654 remittens.
1143 5599 1238 5651 sed
1273 5607 1533 5667 tanquam
1573 5601 1686 5670 ipse
1723 5619 1942 5672 quoque
1991 5604 2188 5656 mutari
2240 5619 2366 5656 eru-

802 5689 1050 5754 bescens,
1084 5701 1179 5744 aut
1211 5693 1444 5760 amplius
1480 5691 1728 5748 sanctum
1770 5695 1956 5749 videre
2009 5697 2219 5760 virum,
2273 5713 2368 5750 ar-

805 5789 1062 5850 guentem
1098 5780 1324 5837 deorum
1353 5783 1497 5838 illius
1524 5785 1972 5855 imbeciliitatem,
2028 5805 2150 5844 eum
2197 5799 2368 5843 morte

2457 1948 2744 2014 μάρτυρας
2785 1947 3172 2014 πταινόμενον,
3229 1947 3388 1999 τοῦτο
3424 1946 3478 1998 δὲ
3510 1952 3601 1998 καὶ
3639 1948 3772 2015 πρὸς
3822 1947 3880 1998 τὸ
3915 1946 4048 1996 λίαν

2454 2036 2601 2104 ὠμὸν
2643 2037 2737 2089 τοῦ
2768 2039 3030 2108 ἄρχοντος
3065 2041 3426 2109 δισχεραῖνον,
3460 2041 3553 2092 καὶ
3583 2038 3648 2090 δι’
3679 2041 3842 2106 ἄμφω
3863 2039 4048 2090 ταῦτα

2454 2130 2552 2196 τὴν
2586 2129 2678 2181 ιπὶ
2712 2132 2824 2190 τοῖς
2872 2130 3067 2191 δεινοῖς
3117 2130 3226 2182 τῶν
3265 2131 3438 2195 ἁγίων
3471 2131 3568 2198 οὐχ
3601 2131 3724 2182 ὅσον
3756 2129 4047 2197 ὑπομονὴν

2455 2229 2593 2282 ἀλλὰ
2615 2230 2707 2281 καὶ
2732 2229 2925 2298 ἡδονὴν
2957 2228 3420 2296 ἐκπληττόμενον,
3461 2229 3555 2280 καὶ
3584 2227 3724 2279 οὕτω
3763 2228 3896 2295 πρὸς
3938 2226 4048 2295 τὴν

2455 2321 2534 2382 εἰς
2568 2320 2801 2388 Χριστὸν
2845 2320 2944 2389 ἤδη
2970 2317 3476 2390 χειραγωγούμενοι
3535 2320 3740 2379 πίστιν,
3780 2319 4046 2387 αἴρουσιν

2459 2415 2554 2484 μὲν
2584 2415 2733 2481 ἄφνω
2761 2414 2960 2474 πάντες
2986 2411 3113 2480 βοὴν
3137 2410 3415 2478 συμμιγῆ,
3455 2411 3555 2478 μιᾷ
3575 2409 3629 2460 δὲ
3663 2406 3981 2476 ἁνακρᾶζου
3996 2427 4045 2459 σι

2454 2505 2648 2575 γνώμῃ
2680 2522 2734 2556 τε
2765 2505 2858 2556 καὶ
2897 2492 3072 2572 φωνῇ,
3101 2503 3290 2568 Μέγας
3322 2505 3348 2553 ὁ
3380 2501 3510 2562 Θεὸς
3537 2501 3641 2553 τῶν
3667 2502 4044 2570 Χριστιανῶνο

2458 2598 2631 2666 μέγας
2658 2591 2724 2660 εἳ,
2756 2597 2956 2664 Χριστὲ
2989 2594 3233 2663 βασιλεῦ.
3257 2596 3456 2655 πάντες
3481 2596 3560 2655 είς
3588 2612 3642 2645 σε
3678 2594 4040 2660 πιστεύομεν.

2455 2689 2640 2740 Ταῦτα
2671 2688 2869 2749 πάντες
2896 2687 2952 2738 τέ
2979 2683 3304 2753 ἁνέκραζον,
3329 2686 3422 2736 καὶ
3454 2685 3568 2750 ἅμα
3601 2686 3688 2734 τὸν
3733 2685 3830 2752 μὲν
3854 2687 4042 2737 ἐκεῖσε

2458 2779 2644 2849 βωμὸν
2673 2780 3066 2848 κατέστρεφον,
3101 2779 3188 2828 τὸν
3217 2777 3274 2828 δὲ
3309 2776 3547 2844 ἄρχοντα
3579 2776 3747 2835 λίθοις
3787 2775 4039 2826 ἔϐαλλον·

2455 2874 2510 2936 ὃς
2543 2875 2635 2924 καὶ
2693 2872 3004 2939 κατάφοϐος
3065 2872 3158 2922 καὶ
3218 2870 3472 2937 περιδεὴς
3528 2870 3655 2937 περὶ
3706 2869 3801 2935 τῆς
3837 2867 4041 2918 ἑαυτεῦ

2455 2964 2631 3032 ψυχῆς
2655 2963 2913 3031 γεγονὼς,
2951 2963 3044 3013 καὶ
3076 2960 3264 3028 ὥσπερ
3319 2961 3439 3011 ὅσον
3495 2959 3647 3011 οὔπω
3706 2960 4045 3010 κινδυνεύων

2457 3053 2821 3116 ἀπολωλέναι,
2859 3055 3007 3120 φυγῇ
3051 3052 3189 3120 μόνη
3223 3051 3467 3104 πιστεύει
3496 3053 3591 3120 τὴν
3629 3053 3931 3122 σωτηρίαν,
3955 3054 4041 3104 ἐπ’

2375 3170 2419 3224 c
2460 3147 2690 3216 αἰσχύνη
2715 3145 2883 3207 λύσας
2913 3145 2971 3197 τὸ
3005 3145 3253 3214 θέατρον.

2519 3237 2594 3291 Θ’.
2629 3237 2813 3288 Ταῦτα
2859 3236 2914 3286 δὲ
2969 3236 3127 3288 ἄλλον
3191 3236 3290 3302 μὲν
3350 3236 3590 3304 Θηριώδη
3642 3235 3767 3285 τινὰ
3797 3234 3890 3284 καὶ
3925 3236 4042 3284 ἀτί-

2453 3332 2674 3394 θασσον,
2704 3329 2842 3393 πλὴν
2882 3328 3101 3394 ἰάσιμον
3123 3327 3220 3397 τὴν
3252 3327 3439 3395 ὀργὴν,
3471 3328 3699 3395 ἐπέσχον
3731 3327 3818 3384 ἂν,
3849 3326 3950 3377 καὶ
3973 3327 4040 3377 τὰ

2452 3425 2592 3480 αὐτὰ
2622 3427 2734 3486 τοῖς
2767 3423 2948 3484 ἄλλοις
2983 3423 3275 3491 φρονῆσαι,
3311 3412 3402 3474 mf:
3455 3422 3529 3488 τῷ
3557 3421 3775 3490 Χριστῷ
3806 3420 4041 3488 προσελ-

2453 3517 2562 3567 θεῖν
2599 3513 3015 3580 παρεσκεύασεν
3039 3527 3053 3541 '
3088 3511 3202 3563 ἀλλ’
3239 3513 3358 3580 οὐχὶ
3392 3515 3486 3564 καὶ
3516 3517 3605 3563 τδν
3651 3511 3851 3580 μιαρὸν
3891 3514 4040 3564 ἐκεῖ-

2452 3625 2540 3659 νον
2565 3623 2578 3636 ·
2613 3605 2747 3656 ἀλλὰ
2781 3604 3032 3653 τοσοῦτον
3066 3603 3301 3669 ἀπέσχεν
3329 3602 3490 3664 αὐτὸς
3530 3603 3910 3654 ἀπόνασοαίτι
3947 3605 4039 3655 τοᾷ,

2454 3695 2618 3763 φόϐου
2652 3697 2743 3746 καὶ
2775 3693 2872 3759 τῆς
2908 3693 3218 3760 παραδόξου
3255 3692 3459 3760 ταύτης
3491 3693 3581 3745 τοῦ
3617 3693 3855 3761 πλήθους
3906 3713 4044 3762 συμ·

2455 3784 2664 3845 πνοίας,
2727 3784 2850 3834 ὅσον
2882 3782 3025 3848 ἔγνω
3079 3784 3172 3834 καὶ
3207 3783 3646 3851 φιλονεικότερος
3673 3786 4039 3853 καταστῆναι,

2455 3877 2544 3928 καὶ
2577 3874 2924 3938 σπουδάζειν,
2968 3873 3062 3925 ἅτε
3114 3876 3205 3925 καὶ
3242 3876 3340 3942 τῆς
3379 3874 3548 3942 ὀργῆς
3587 3875 3745 3925 αὐτὸν
3774 3876 3853 3934 είς
3881 3875 4044 3926 τοῦτο

2456 3966 2894 4034 παροξυνούσης,
2957 3965 3056 4032 τὴν
3086 3960 3256 4032 ἧτταν
3317 3964 3790 4031 ἀναμαχέσασθαι.
3827 3966 4044 4016 ’Ἐωθεν

2455 4057 2545 4110 οὖν
2575 4055 2667 4108 τοῦ
2699 4056 2943 4126 βήματος
2971 4055 3339 4124 προκαθίσας,
3363 4056 3456 4108 καὶ
3486 4055 3575 4106 ὑπ’
3601 4055 3723 4122 ὄψιν
3752 4055 3906 4122 αύτῴ
3946 4073 4042 4106 πα-

2459 4152 2733 4221 ραστήσας
2768 4150 2858 4200 τὸν
2895 4148 3174 4218 μάρτυρα,
3210 4151 3308 4216 τήν
3361 4165 3420 4200 τε
3476 4148 3760 4200 εὐσέϐειαν
3796 4148 4043 4210 ὠνείδιζε

2457 4243 2553 4309 τὴν
2582 4242 2814 4300 ἐκείνου,
2839 4240 2932 4289 καὶ
2967 4239 3024 4288 τὸ
3058 4238 3434 4305 ἐσταυρῶσθαι
3461 4238 3548 4288 τὸν
3580 4239 3856 4307 Δεσπότην
3885 4238 4043 4306 ἡμῶν

2460 4331 2770 4400 ἐχλεύαζεν.
2802 4331 2956 4382 Ἐπεὶ
2984 4330 3038 4382 δὲ
3071 4329 3244 4381 ταῦτα
3279 4331 3351 4399 μὴ
3405 4330 3586 4398 φέρων
3633 4332 3659 4382 ὁ
3695 4331 3912 4396 μάρτυς
3950 4349 4044 4382 1::-

2461 4417 2745 4491 κροτέραις
2783 4421 2972 4490 ὕϐρεσι
2995 4421 3222 4495 διετέλει
3256 4422 3348 4473 τὸν
3373 4422 3635 4491 δικαστὴν
3671 4421 4042 4488 ἀμειϐόμενος

2052 4523 2108 4564 et
2158 4514 2345 4566 statim
2385 4521 2433 4579 ι)
2457 4515 2635 4584 δίκην,
2670 4515 2859 4582 ὑπεῖχε
2888 4513 3052 4566 πάλιν
3107 4514 3368 4582 ῥημάτων
3404 4513 3618 4577 ἀληθῶν
3671 4515 3763 4563 καὶ
3789 4513 4040 4564 δικαίων.

2463 4606 2571 4656 Καὶ
2601 4605 2765 4672 λέϐης
2795 4604 3022 4666 εὐθέως,
3085 4603 3285 4668 πίσσης
3318 4618 3373 4651 τε
3420 4601 3788 4666 ἀναπλησθεὶς
3817 4603 3916 4651 καὶ
3943 4603 4043 4651 λα-

2465 4694 2609 4762 ϐρως
2651 4695 2935 4754 ὐποκαεὶς,
2993 4678 3088 4742 τὶν
3113 4691 3352 4760 ἀθλητὴν
3403 4691 3712 4756 ὑπεδέχετο.
3753 4689 3920 4741 Ἀλλὰ
3951 4692 4046 4743 καὶ

2461 4786 2650 4837 τούτου
2684 4786 2747 4854 δὴ
2804 4785 3119 4854 γενομένου,
3179 4783 3310 4845 Θεὸς
3363 4783 3570 4835 ἄνωθεν
3604 4783 3704 4834 οὐκ
3745 4785 3944 4852 ἡμέλει
3979 4786 4045 4835 τὰ

2465 4873 2668 4942 συνήθη
2732 4872 3184 4942 θαυματουργῶν.
3245 4874 3509 4940 Ἀγγελος
3545 4872 3652 4943 γὰρ
3715 4872 3773 4936 ἐξ
3807 4873 4043 4943 ούρανοῦ

2465 4966 2727 5025 καταϐὰς,
2783 4966 2840 5014 τὸ
2879 4965 2974 5032 μὲν
3028 4964 3236 5014 ἐκείνου
3285 4964 3465 5030 σῶμα,
3495 4963 3683 5032 ὥσπερ
3713 4966 3808 5015 καὶ
3834 4968 3902 5020 τὰ
3941 4967 4047 5016 τῶν

2464 5053 2628 5121 τριῶν
2661 5051 2883 5113 παίδων,
2916 5049 3216 5116 ἐφύλαττεν
3251 5051 3461 5113 ἀπαθές
3484 5068 3500 5083 ο
3534 5052 3718 5121 κύκλῳ
3753 5053 3809 5104 δὲ
3852 5056 3884 5122 ἡ
3917 5057 4047 5122 φλὸξ

2466 5143 2724 5211 ἐξαπίνης
2766 5143 3148 5212 περιχυθεῖσα,
3207 5143 3298 5194 καί
3332 5161 3485 5203 τινας
3519 5145 3627 5197 τῶν
3678 5148 4047 5212 παρεστώτων

2469 5239 2712 5290 ἀπίστων
2767 5235 3120 5300 διαλαϐοῦσα,
3174 5237 3241 5288 τὰ
3289 5237 3427 5290 αὐτὰ
3480 5239 3590 5299 τοῖς
3646 5240 3702 5289 ὲν
3765 5237 4050 5290 Βαϐυλῶνι

2469 5328 2635 5381 πάλαι
2664 5326 2906 5394 διέθηκε.

2541 5419 2594 5468 l'.
2633 5417 2765 5467 Τότε
2802 5418 2829 5467 ὀ
2859 5415 3126 5484 δυσσεϐὴς
3155 5417 3252 5483 τὴν
3287 5415 3384 5482 μὲν
3411 5414 3504 5467 τοῦ
3544 5418 3782 5484 Χριστοῦ
3814 5420 4050 5488 δύναμιν

2471 5508 2749 5577 φοϐηθεὶς,
2815 5507 2979 5576 μηδὲν
3007 5507 3062 5558 δὲ
3097 5508 3230 5574 μηδὲ
3262 5507 3403 5561 οὕτω
3460 5511 3558 5576 τῆς
3589 5510 3844 5573 ἀσεϐείας
3877 5514 4050 5574 ἀνεὶς,

2447 5603 2587 5665 ,ἀλλ’
2629 5601 2816 5669 ὥσπερ
2857 5603 3320 5669 ἐπαισχυνὸμενος
3379 5603 3438 5669 τὸ
3473 5605 3566 5654 καὶ
3619 5605 3779 5666 αὐτὸς
3838 5609 4048 5668 ἐκεῖνος

2480 5694 2900 5763 μεταϐαλέσθαι,
2962 5694 2992 5761 ἦ
3030 5696 3114 5746 τὸν
3151 5696 3338 5761 ’Ἀγιον
3386 5699 3441 5746 ὲν
3479 5696 3643 5759 ζῶσιν
3666 5697 3796 5767 δρᾷν
3833 5700 3910 5748 Ξτι
3950 5704 4052 5766 τὴν

2477 5786 2582 5842 τῶν
2618 5785 2828 5842 ἐκείνου
2878 5784 3017 5839 θεῶν
3080 5786 3364 5838 ἀσθένειαν
3404 5786 3768 5855 διελέγχοντα,
3818 5789 4055 5846 θάνατον
