4230 6436
207 416 323 480 253

1435 409 1612 470 VITA
1655 410 1716 469 S.
1764 409 2177 468 BONlFAClI.

3332 392 3440 460 254

205 525 371 577 αὑτοῦ
403 523 737 593 κατακρίνει,
771 521 941 584 οὕτως
983 521 1185 575 εἰπών·
1241 520 1580 587 Βονιφάτιον,
1619 519 1773 588 βασι·
1807 527 1848 577 Α

1769 549 1773 558 ι
1807 527 1848 577 Α
1879 517 2226 576 condemnat,
2263 515 2339 567 sic
2370 513 2560 566 dicens
2594 529 2606 564 :
2637 509 2937 572 Bonifacio,
2971 506 3063 575 qui
3104 520 3212 558 non
3257 503 3439 572 paruit

204 614 344 663 λέων
379 612 477 680 μὲν
505 612 874 681 άπειθήσαντα
901 612 1104 680 νόμοις,
1162 612 1454 678 ἡμετέροις
1495 611 1548 661 δὲ
1599 611 1777 675 λόγοις

203 704 459 772 οὐδαμῶς
513 705 748 771 εἴξαντα,
812 705 906 756 καὶ
956 704 1089 770 μηδὲ
1140 704 1299 754 θῦσαι
1356 705 1468 764 τοῖς
1525 701 1775 769 εὐμενέσι

205 794 354 856 θεοῖς
387 793 708 863 θελήσαντα,
739 795 875 846 άλλά
910 795 987 862 τῷ
1020 793 1420 861 ὲσταυρωμένῳ
1455 794 1655 859 μᾶλλον
1703 793 1778 852 ὠς

203 884 333 956 Θεῷ
379 888 798 955 προσανέχοντα,
853 887 993 953 ξίφει
1021 885 1120 954 τὴν
1166 885 1410 952 κεφαλὴν
1439 882 1777 950 ἐκτμηθῆναι

207 977 569 1030 κελεύωίΚώ.
586 977 755 1038 οὕτως
775 977 935 1029 αὑτὸν
955 980 1002 1029 οἱ
1027 978 1314 1046 δορυφόροι
1346 976 1774 1044 παραλαϐόντες,

205 1069 305 1119 τοῦ
329 1068 641 1121 δικαστικοῦ
678 1069 930 1135 ἐξάγουσι
982 1069 1242 1138 βήματος.
1289 1067 1349 1123 Ὀ
1386 1070 1440 1120 δὲ
1474 1069 1778 1129 καλλίνικος

205 1159 302 1211 τοῦ
335 1160 570 1228 Χριστοῦ
607 1162 813 1229 μάρτυς
836 1161 1020 1230 ἔχαιρε
1057 1162 1156 1229 μὲν
1190 1155 1300 1212 οἷον
1331 1163 1430 1212 οὐκ
1466 1163 1557 1212 ἐπὶ
1592 1161 1780 1211 τελευ-

206 1251 310 1319 τὴν
331 1290 347 1314 ,
384 1251 496 1303 ἀλλ’
528 1252 621 1303 ἐπὶ
649 1250 794 1320 ζωὴν
823 1252 1046 1320 μᾶλλον,
1076 1251 1267 1320 ὥσπερ
1291 1253 1395 1319 ἄρα
1419 1253 1511 1303 καὶ
1543 1247 1633 1319 ἦν,
1667 1268 1780 1301 πο-

211 1344 526 1424 ρευόμενος.
561 1345 740 1414 Βραχίι
768 1345 822 1396 δὲ
861 1344 1009 1412 αὐτῴ
1030 1343 1271 1394 ἐνδοῦναι
1303 1345 1426 1404 τοὺς
1466 1344 1779 1408 ἀπάγοντας

208 1435 598 1502 αἰτησάμενος,
634 1436 763 1495 στάς
813 1436 948 1504 πρὸς
1003 1432 1265 1493 ἀνατολὰς
1319 1431 1553 1500 ηὔχετο’
1606 1431 1777 1498 Κύριέ

215 1542 342 1593 μου,
371 1524 565 1591 λέγων,
596 1527 688 1577 καὶ
711 1524 831 1588 Θεὲ,
862 1523 996 1591 ταχὺ
1029 1521 1595 1590 προκαταλαὸἐτωσάν
1623 1537 1690 1586 με
1731 1520 1778 1570 οἱ

211 1615 492 1684 οἰκτιρμοί
542 1633 656 1676 σου,
695 1615 788 1666 καὶ
844 1614 1158 1681 παραστηθί
1189 1629 1277 1678 μοι
1308 1611 1402 1662 καὶ
1437 1611 1529 1662 νῦν
1562 1610 1778 1676 βοηθὸς,

213 1702 302 1752 ἵνα
343 1701 509 1770 μηδέν
544 1718 632 1769 μοι
672 1701 699 1751 ὁ
749 1701 980 1769 πονηρθις
1013 1700 1263 1768 ὲμποδῴν
1295 1701 1538 1768 γένηται,
1570 1699 1656 1752 δια
1684 1700 1781 1761 τὰς

212 1793 272 1842 ἐν
308 1790 591 1859 ἀφροσύνῃ
641 1791 1121 1858 προγεγενημένας
1181 1810 1268 1859 μοι
1302 1791 1607 1860 ἁμαρτίας⁶
1644 1789 1781 1844 ἀλλὰ

216 1885 512 1954 πρόσδεξαι
571 1901 672 1953 μου
708 1884 804 1953 τὴν
832 1884 1008 1954 ψυχὴν
1037 1887 1095 1937 ὲν
1131 1886 1342 1954 εἰρήνῃ,
1379 1886 1469 1937 καὶ
1502 1886 1612 1946 τοῖς
1643 1883 1780 1954 ὑπὲρ

216 1973 313 2027 σοῦ
345 1976 404 2026 τὸ
445 1972 583 2042 αἷμα
614 1975 834 2043 ὲκχέασι
862 2017 877 2040 ,
917 1978 1010 2026 καὶ
1050 1976 1210 2042 μέχρι
1260 1976 1445 2035 τέλους
1475 1975 1569 2041 τὴν
1598 1975 1779 2025 πίστιν

214 2067 599 2135 διατηρήσασι,
636 2067 783 2132 κάμὲ
839 2065 1246 2133 συναρίθμησον
1270 2083 1281 2094 ·
1323 2065 1482 2133 ῥύσαι
1511 2065 1565 2115 δὲ
1599 2065 1688 2114 καὶ
1722 2064 1781 2114 τὸ

216 2157 296 2226 τῷ
330 2159 522 2224 αἵματί
551 2175 642 2210 σου
679 2156 1033 2227 περιποιηθὲν
1064 2157 1343 2225 ποίμνιον,
1379 2155 1466 2207 τὸν
1507 2156 1596 2206 σον
1629 2154 1782 2220 λαὸν,

222 2248 326 2316 μοῦ
355 2248 582 2316 Χριστὲ,
618 2248 706 2299 τὸν
741 2248 1076 2318 περιούσιον,
1115 2247 1430 2309 δυσσεϐείας
1482 2248 1661 2315 πάσης
1690 2248 1785 2299 καὶ

217 2341 428 2407 πλάνης
456 2340 761 2408 ἐλληνικῆς,
817 2341 899 2391 δτι
929 2339 1222 2408 εὐλογητὸς
1276 2335 1326 2389 εἷ
1366 2338 1460 2389 καὶ⁸
1499 2339 1674 2406 μένων
1707 2339 1786 2399 είς

217 2432 346 2494 τοὺς
376 2428 601 2494 αἰῶνας.
631 2431 812 2484 Ταῦτα
845 2430 1066 2500 ηὔξατο,
1106 2431 1198 2480 καὶ
1229 2431 1324 2495 τὴν
1353 2429 1512 2496 εὐχὴν
1540 2429 1604 2479 τὸ
1635 2427 1784 2493 ξίφος

220 2524 381 2583 εὐθὺς
412 2523 677 2589 διεδέχετο
699 2561 714 2582 ,
749 2523 839 2572 καὶ
861 2521 956 2589 τὴν
992 2520 1195 2585 σεπτὴν
1229 2519 1487 2587 ἐτέμνετο
1522 2518 1781 2586 κεφαλήν.

221 2613 644 2681 Θαυματουργεῐ
672 2611 727 2663 δέ
768 2629 819 2662 τι
858 2609 1136 2663 κάνταῦθα
1168 2609 1321 2671 Θεὸς,
1362 2611 1455 2660 καὶ
1487 2601 1626 2676 αἷμα
1653 2605 1787 2676 ὁμοῦ

221 2704 322 2756 καὶ
362 2702 504 2770 γάλα
545 2702 642 2768 τῆς
679 2698 853 2769 τομῆς
911 2699 1111 2767 ῥυῆναι
1154 2699 1320 2759 ποιεῖ,
1351 2696 1424 2756 ὠς
1457 2694 1518 2747 τὸ
1553 2693 1650 2762 μὲν
1689 2693 1789 2760 τῆς

223 2794 447 2861 φύσεως
469 2787 629 2856 εἶναι,
666 2790 726 2844 τὸ
752 2790 806 2843 δὲ
838 2793 934 2859 τῆς
959 2787 1214 2847 εὐσεϐοῦς
1240 2785 1494 2846 πίστεως.
1526 2783 1633 2836 Καὶ
1648 2782 1790 2834 οὕτω

221 2886 287 2938 τὸ
331 2883 515 2948 Θαῦμα
553 2884 696 2952 μέγα
751 2881 916 2948 φανὲν
951 2882 1029 2942 εἰς
1057 2877 1340 2947 ἔκπληξιν,
1397 2875 1580 2945 μεῖζον
1613 2873 1678 2926 ἂν
1712 2875 1790 2934 εἰς

225 2973 512 3040 ὠφέλειαν,
567 2972 771 3039 ἄνδρας
829 2971 936 3020 τῶν
994 2971 1241 3020 ἀπίστων
1297 2967 1640 3035 πεντήκοντα
1703 2964 1793 3015 καὶ

222 3063 615 3124 πεντακοσίους
641 3061 714 3131 (b)
749 3060 824 3129 τῷ
857 3057 1077 3127 Χριστῷ
1117 3060 1309 3110 πεῖσαν
1340 3055 1674 3121 ἀκολουθεῖν,
1701 3056 1794 3109 καὶ

224 3157 327 3225 τὴν
359 3154 640 3225 είδωλικὴν
669 3151 873 3220 πλάνην
902 3147 1272 3222 μυσαχθέντας
1291 3145 1598 3199 ἀπολιπεῖν.

299 3428 402 3478 1Α’.
436 3424 657 3476 Τοιοῦτο
676 3424 977 3490 Βονινρατὶῳ
999 3424 1094 3490 τῆς
1120 3421 1265 3489 ζωῆς
1293 3420 1353 3472 τὶν
1390 3420 1562 3489 πέρας
1580 3436 1592 3450 ·
1623 3417 1796 3480 οὕτως
1821 3423 1826 3429 '

220 3521 286 3570 τὸ
318 3517 441 3584 είκῆ
470 3516 563 3567 καὶ
595 3515 771 3576 άλλως
804 3514 1027 3564 ἐπελθὸν
1064 3514 1155 3563 καὶ
1178 3512 1488 3581 προρρηθὲν
1517 3511 1606 3561 ὑπ’
1631 3507 1800 3565 αὑτοῦ¹

221 3611 380 3673 τέλος
407 3610 647 3678 εἴληφεν.
681 3609 740 3661 Οἱ
765 3606 841 3670 δὲ,
878 3606 1009 3674 πρὸς
1043 3604 1272 3673 ζήτησιν
1317 3603 1510 3670 ἐκείνῳ
1562 3601 1666 3652 τῶν
1691 3601 1797 3650 λει-

221 3704 414 3773 ψάνων
440 3699 970 3768 συνεκπεμφθὲντες,
1001 3701 1176 3750 ταῦτα
1214 3696 1311 3764 μὲν
1335 3692 1677 3760 ἀγνοοῦντες,
1710 3708 1800 3744 περ

229 3797 573 3869 ριερχόμενοι
607 3794 662 3845 δὲ
686 3793 789 3844 ἀνὰ
814 3794 989 3843 πᾶσαν
1022 3790 1117 3857 τὴν
1151 3790 1325 3848 πόλιν,
1356 3789 1481 3839 ἐπεὶ
1508 3786 1798 3854 ζητοῦντες

225 3889 391 3944 αὑτὸν
423 3886 520 3952 οὐχ
559 3884 835 3948 εὕρισκον,
893 3882 1128 3950 οἰόμενοι
1161 3881 1281 3939 ταῖς
1309 3878 1368 3929 οὐ
1416 3877 1605 3936 καλαῖς
1631 3874 1797 3926 αὑτὸν

229 3978 478 4048 συνήθως
537 3973 854 4044 χαρίζεσθαι
899 3974 1132 4040 ἡδοναῖς,
1175 3972 1354 4023 Ἠπου
1396 3970 1600 4030 ἐκεῖνος
1651 3966 1795 4038 ἄρτι,

229 4073 371 4143 πρὸς
411 4069 635 4128 ἑαυτοὺς
670 4066 874 4132 ἔλεγον,
903 4065 935 4133 ἢ
964 4067 1182 4125 πάντως
1221 4064 1437 4129 γυναιξὶ
1465 4062 1730 4125 σύνεστιν,
1765 4062 1796 4131 ἢ

229 4170 331 4218 καὶ
368 4160 719 4232 προσεδρεύει
746 4159 932 4218 ποτοῖς
983 4157 1056 4217 ὡς
1080 4157 1147 4207 τὰ
1191 4155 1378 4206 πολλά.
1422 4153 1604 4205 Ταῦτα
1641 4156 1697 4204 ὲν
1725 4153 1799 4223 νῷ

233 4258 580 4326 στρέφοντες,
613 4253 802 4321 ὥσπερ
836 4251 1060 4318 ἔσχατον
1090 4248 1240 4301 αὐτοὶ
1281 4248 1634 4318 διεσάφησαν,
1676 4264 1802 4298 συν-

230 4348 438 4400 αντῶσί
485 4363 590 4397 τινι
649 4345 754 4395 τῶν
806 4343 1039 4396 πολιτῶν
1071 4343 1165 4394 τοῦ
1211 4342 1332 4394 τότε
1366 4340 1799 4410 κομενταρησίου

233 4440 555 4506 τυγχάνοντι
610 4434 844 4502 ἀδελφῷ,
905 4435 998 4484 καὶ
1056 4432 1208 4482 τοῦδε
1237 4433 1712 4494 διαπυνθάνονται,
1750 4431 1805 4484 εί

1879 607 2098 676 quidem
2125 605 2336 674 legibus
2361 605 2776 670 imperatorum,
2810 599 2988 653 verbis
3021 605 3200 649 autem
3233 594 3442 650 nostris

1880 713 2218 768 nequaquam
2257 695 2440 754 cessit,
2483 704 2539 746 et
2589 692 2694 744 diis
2720 691 2976 760 propitiis
3025 686 3199 740 noluit
3230 683 3444 737 sacrifi-

1879 805 2026 846 care.
2053 789 2146 841 sed
2178 786 2498 840 cruciﬁxum
2529 783 2709 852 potius
2735 781 2917 834 colere
2953 789 3207 846 tanquam
3238 774 3431 834 Deum,

1874 881 2039 949 jubeo
2069 887 2233 945 caput
2263 891 2392 929 ense
2417 871 2709 941 amputari.
2740 870 2803 922 Et
2832 870 2904 922 ita
2935 882 3058 920 eum
3103 871 3444 918 assumentes

1879 970 2162 1027 satellites.
2197 983 2226 1020 e
2269 964 2516 1035 judiciali
2571 964 2814 1016 educunt
2869 956 3148 1011 tribunali.
3201 951 3439 1006 Victoria

1881 1071 2060 1114 autem
2111 1059 2339 1126 insignis
2391 1054 2593 1108 Christi
2644 1063 2870 1120 martyr,
2912 1046 3182 1117 gaudebat
3217 1042 3446 1112 quidem.

1882 1165 2136 1220 tanquam
2192 1165 2299 1202 non
2353 1147 2418 1200 ad
2470 1156 2718 1201 mortem.
2766 1142 2860 1194 sed
2907 1141 2972 1193 ad
3022 1139 3186 1192 vitam
3240 1132 3447 1202 potius,

1881 1246 2023 1298 sicut
2067 1242 2230 1295 etiam
2283 1255 2471 1293 revera
2528 1238 2599 1289 ita
2649 1235 2926 1295 habebat,
2971 1228 3440 1299 proficisceretur,

1883 1350 2006 1389 cum
2037 1333 2282 1401 petiisset
2311 1329 2378 1382 ab
2411 1329 2478 1381 iis
2520 1327 2612 1396 qui
2664 1327 2842 1393 ipsum
2889 1319 3256 1374 abduceba‘nt.
3301 1323 3361 1366 ut
3393 1311 3447 1364 ci

1882 1439 2072 1493 parum
2117 1422 2379 1489 temporis
2431 1417 2815 1478 concederent,
2865 1421 3014 1467 stans
3063 1407 3129 1462 ad
3176 1406 3447 1460 orientem

1884 1524 2135 1583 precatus
2162 1523 2278 1565 est:
2335 1510 2563 1562 Domine
2599 1507 2692 1565 mi,
2734 1505 2947 1565 dicens,
3003 1498 3231 1554 Domine
3280 1495 3445 1554 Deus,

1882 1607 1990 1658 cito
2014 1619 2096 1655 me
2129 1601 2460 1670 praeveniunt
2492 1595 2869 1650 miserationes
2899 1604 3022 1654 tuae,
3051 1601 3104 1645 et
3132 1602 3278 1641 nunc
3304 1584 3450 1640 adsis

1883 1695 2014 1748 mihi
2066 1694 2302 1760 adjutor,
2359 1706 2425 1742 ne
2484 1688 2617 1742 mihi
2667 1685 2936 1755 malignus
2994 1680 3196 1748 aliquid
3255 1677 3448 1730 allerat

1885 1785 2257 1853 impedimenti
2308 1789 2532 1851 prepter
2562 1795 2644 1842 ea,
2677 1793 2796 1845 qua:
2848 1776 2900 1828 in
2958 1769 3270 1840 insipientia
3314 1766 3450 1820 mihi

1884 1883 2280 1945 praecesserunt
2309 1881 2525 1940 peccata
2553 1886 2567 1922 :
2606 1867 2703 1922 sed
2739 1866 2956 1932 suscipe
2985 1863 3222 1916 animam
3273 1871 3451 1910 meam

1883 1966 1936 2020 in
1972 1981 2121 2033 pace,
2152 1975 2207 2017 et
2238 1965 2380 2016 inter
2409 1977 2522 2024 eos,
2562 1959 2660 2029 ‘qui
2711 1973 2811 2027 pro
2853 1963 2903 2009 te
2950 1953 3268 2022 sanguinem
3307 1947 3451 2002 ellu-

1883 2057 2102 2117 derunt,
2135 2064 2190 2106 ct
2216 2054 2376 2106 tidem
2405 2066 2575 2120 usque
2611 2051 2675 2102 ad
2722 2048 2882 2099 finem
2908 2048 3328 2100 conservarunt,
3366 2052 3455 2090 me

1883 2162 2102 2217 quoque
2137 2146 2459 2200 adnumera.
2497 2141 2691 2194 Libera
2717 2147 2898 2193 autem
2943 2144 3037 2188 tuo
3076 2144 3294 2200 quoque
3330 2141 3456 2195 pre—

1885 2241 2024 2292 tioso
2053 2236 2314 2304 sanguine
2348 2233 2677 2301 acquisitum
2709 2243 2948 2298 gregem,
2987 2235 3139 2278 tuum
3169 2219 3454 2290 populum,

1887 2331 1959 2381 mi
2008 2327 2245 2387 Christe,
2299 2323 2660 2394 peculiarem,
2717 2319 2784 2371 ab
2846 2316 2994 2369 omni
3056 2313 3336 2380 impietate
3401 2318 3458 2360 et

1885 2435 2071 2475 errore
2105 2418 2390 2486 gentilium
2430 2432 2442 2468 :
2498 2414 2758 2483 quoniam
2800 2423 2859 2464 es
2901 2406 3225 2460 benedictus
3253 2411 3307 2455 et
3344 2414 3457 2453 ma-

1886 2527 2024 2564 nens
2059 2511 2112 2563 in
2137 2509 2355 2563 saecula.
2393 2506 2515 2560 llaec
2545 2512 2627 2558 est
2658 2510 2931 2572 precatus.
2957 2507 3012 2552 et
3044 2509 3236 2566 preces
3272 2492 3462 2546 statim

1885 2602 2034 2656 en‘sis
2080 2609 2162 2654 est
2211 2608 2562 2659 consecutus,
2614 2608 2668 2647 et
2713 2599 3059 2660 amputatum
3119 2585 3224 2639 fuit
3292 2589 3460 2649 caput

1890 2693 2280 2749 venerandum.
2314 2689 2464 2742 Facit
2489 2697 2670 2740 autem
2702 2685 2790 2737 hic
2819 2697 3036 2751 quoque
3072 2679 3214 2733 Deus
3237 2671 3462 2743 aliquod

1890 2789 2239 2848 miraculum,
2262 2794 2316 2840 et
2348 2785 2668 2855 sanguinem
2704 2796 2827 2835 cum
2861 2779 3001 2832 lacte
3035 2772 3163 2828 facit
3195 2771 3363 2824 ﬂuere
3393 2781 3463 2820 ex

1890 2883 2116 2935 vulnere
2148 2897 2160 2931 :
2191 2878 2327 2931 adeo
2364 2889 2422 2929 ut
2469 2876 2557 2928 ille
2599 2872 2821 2941 quidem
2875 2875 3023 2922 esset
3070 2871 3302 2919 naturae,
3357 2858 3465 2915 hoc

1890 2987 2022 3026 vero
2049 2971 2152 3038 piae
2183 2967 2346 3021 ﬁdei:
2383 2976 2440 3020 et
2484 2965 2562 3021 sic
2612 2959 2959 3018 miraculum,
3006 2953 3150 3024 quod
3203 2961 3461 3019 magnum

1892 3065 2071 3116 visum
2095 3069 2215 3115 erat
2236 3059 2302 3113 ad
2344 3067 2650 3126 stuporem,
2679 3053 2854 3121 majus
2888 3049 2991 3102 fuit
3021 3046 3088 3100 ad
3127 3043 3417 3097 utilitatem
3445 3055 3458 3090 :

1819 3189 1860 3246 ο
1894 3153 2037 3222 quod
2076 3150 2388 3219 quingentis
2427 3157 2483 3201 et
2522 3143 2914 3214 quinquaginta
2972 3137 3105 3190 viris
3152 3129 3467 3186 infidelibus

1888 3244 2192 3312 persuasit,
2238 3251 2295 3294 ut
2335 3239 2617 3294 Christum
2664 3240 3050 3303 sequerentur,
3100 3235 3156 3281 et
3215 3235 3463 3277 errorem

1897 3338 2318 3393 simulacrorum
2353 3334 2734 3388 abominantes
2771 3329 3166 3418 relinquerent.

1969 3431 2060 3485 XI.
2106 3430 2203 3483 Hic
2242 3428 2344 3481 fuit
2381 3429 2560 3481 exitus
2598 3425 2724 3478 vitae
2770 3408 3053 3475 Bonifacii.
3089 3417 3168 3469 ita
3202 3410 3347 3482 quod
3385 3408 3462 3462 illi

1901 3535 2102 3577 temere
2151 3526 2377 3571 venerat
2429 3519 2481 3568 in
2529 3524 2786 3573 mentem,
2837 3511 3050 3578 a(:cepit
3097 3520 3221 3559 eum
3276 3503 3465 3566 linem,

1897 3627 2057 3681 quem
2100 3610 2213 3677 ipse
2260 3606 2605 3676 praedixerat.
2660 3602 2763 3668 Qui
2790 3612 2971 3654 autem
3013 3612 3137 3652 cum
3204 3610 3271 3652 eo
3315 3593 3466 3648 missi

1898 3704 2115 3758 fuerant
2143 3701 2207 3758 ad
2235 3698 2558 3769 quarendas
2583 3695 2864 3763 reliquias,
2898 3693 3013 3746 haec
3050 3688 3274 3758 quidem
3316 3687 3470 3755 igno-

1899 3806 2106 3854 rantes,
2147 3801 2314 3843 totam
2360 3803 2491 3841 vero
2530 3787 2809 3838 civitatem
2861 3784 3151 3842 obeuntes,
3205 3779 3468 3846 quoniam

1899 3891 2207 3954 quaerentes
2253 3881 2430 3950 ipsum
2476 3892 2586 3930 non
2635 3873 3011 3935 inveniebant,
3061 3879 3315 3940 putantes
3335 3882 3465 3921 eum

1899 3992 2008 4031 non
2050 3973 2316 4044 pulchris,
2368 3980 2422 4024 ut
2459 3969 2688 4029 solebat,
2745 3980 2968 4034 Operam
3005 3964 3137 4016 dare
3177 3956 3472 4027 voluptati-

1899 4070 2047 4121 bus:
2093 4067 2255 4121 Certe
2315 4063 2404 4117 ille
2460 4059 2758 4130 (dicebant
2816 4054 2958 4123 apud
3017 4053 3110 4116 se)
3166 4051 3328 4104 modo
3383 4047 3468 4101 vel

1900 4157 2122 4210 omnino
2167 4154 2276 4208 coit
2330 4149 2677 4211 mulieribus,
2727 4157 2823 4198 aut
2855 4147 2909 4197 in
2957 4145 3022 4196 iis
3048 4142 3183 4196 locis
3235 4139 3467 4202 desidet,

1901 4252 1961 4306 ut
1985 4248 2038 4302 id
2075 4261 2265 4316 magna
2294 4258 2360 4298 ex
2404 4251 2556 4312 parte
2588 4239 2738 4294 facit.
2787 4236 2913 4291 Hzec
2942 4235 3126 4287 animo
3165 4239 3469 4294 versantes,

1902 4352 1964 4399 ut
2015 4341 2116 4411 ipsi
2158 4347 2437 4410 postremo
2487 4334 2859 4402 explicarunt,
2909 4335 3211 4383 occurrunt
3250 4325 3468 4378 cuidam

1903 4438 2029 4499 civi,
2062 4433 2154 4503 qui
2189 4441 2306 4485 erat
2340 4430 2508 4482 frater
2533 4420 3079 4481 Commentariensis,
3121 4428 3177 4471 et
3223 4433 3348 4471 eum
3391 4417 3474 4468 in—

229 4548 355 4584 τινα
391 4530 488 4582 ῐδοι
519 4527 690 4594 (ξένον
730 4523 1041 4593 Ῥωμαῖον).
1078 4522 1148 4594 (c)
1177 4520 1338 4574 Ξένον
1373 4525 1470 4590 μέν
1495 4542 1638 4586 τινα,
1665 4524 1799 4589 ἑφα-
1834 4533 1876 4586 D

1834 4533 2208 4594 Dterrogant,
2256 4537 2324 4573 an
2396 4518 2623 4571 vidisset
2691 4515 2930 4583 aliquem
3000 4509 3274 4578 hospitem
3343 4507 3471 4559 illuc

234 4639 358 4686 σκα,
387 4623 484 4692 τὴν
507 4618 663 4690 χορὸς
689 4620 744 4670 ὲν
769 4617 844 4685 τῷ
871 4616 1066 4684 σταδίῳ
1099 4616 1190 4667 τὸν
1230 4615 1564 4684 μαρτυρικδν
1611 4615 1799 4680 ἀγῶνα

231 4711 683 4779 διαγωνίσασθαι,
715 4710 807 4760 καὶ
830 4708 972 4773 ξίφει
995 4707 1376 4774 τελειωθῆναι·
1411 4705 1574 4775 μηδὲν
1603 4706 1656 4758 δὲ
1690 4722 1800 4774 μηο

233 4808 386 4859 δέπω
441 4802 684 4869 ἀκριϐῶς
730 4799 951 4862 εἰδέναι,
983 4799 1026 4848 εί
1061 4799 1153 4847 καλ⁴
1179 4791 1332 4855 οὗτος
1361 4798 1522 4859 αὐτὸς
1551 4800 1576 4849 ὁ
1608 4795 1802 4867 ζητού.

238 4911 424 4966 μενος.
454 4892 593 4943 Ἀλλ’
619 4891 812 4944 εἴπατέ
855 4907 963 4958 μοι,
1016 4890 1198 4958 φησὶν,
1241 4889 1422 4949 ὁποῖός
1453 4889 1535 4950 τίς
1559 4892 1673 4942 ἐστι
1709 4889 1797 4942 καὶ

233 4990 337 5059 τὴν
367 4987 507 5054 δψιν,
537 4984 626 5036 καὶ
660 4984 779 5034 τίνα
808 4983 862 5034 δὲ
894 4983 960 5033 τὰ
982 4981 1285 5050 παράσημα
1325 4982 1421 5049 τῆς
1449 4979 1682 5048 μορφῆς,
1717 4981 1774 5032 σα

235 5048 305 5133 δὲ.
340 5048 537 5132 ἐκεῖνοι
563 5076 704 5142 λόγῳ
732 5075 823 5124 τὸν
876 5074 1042 5142 ἄνδρα
1063 5048 1445 5140 ἐζωγράφουν.
1479 5073 1560 5123 ὅτι
1595 5048 1660 5122 τὸΔ
1702 5073 1799 5138 μὲν

237 5172 403 5240 σῶμα
432 5171 580 5237 αὐτῷ
618 5165 812 5237 βραχὺ,
860 5164 1029 5232 ξανθὴ
1068 5164 1124 5215 δὲ
1158 5161 1338 5232 ἠθρ“ιξ
1367 5165 1458 5215 καὶ
1498 5161 1668 5216 τᾶλλα
1703 5165 1802 5217 ὅσα

236 5264 645 5335 γαρακτηρίσαι
681 5257 996 5326 Βονιςαάτιον
1026 5257 1204 5309 1κανά’
1233 5250 1400 5315 Οὗτος
1428 5258 1651 5319 ἐκεῖνος,
1678 5257 1803 5323 ἔφη,

235 5358 298 5409 ὃν
341 5356 494 5424 ὑμεῖς
537 5353 768 5417 ζητεῖτε,
807 5344 968 5409 οὗτος
1024 5347 1155 5417 ἄρα,
1184 5349 1279 5400 καὶ
1326 5347 1480 5408 ἄλλος
1515 5348 1706 5410 οὐδείςε
1742 5350 1804 5400 Ol

239 5450 300 5502 δὲ
330 5447 426 5516 τὴν
460 5447 556 5514 μὲν
618 5442 786 5512 ἀρχὴν
834 5440 1305 5509 ὃιηπίστουνλκαὶ
1360 5439 1666 5506 ἡτατῆσθαι
1717 5440 1806 5492 τὸν

241 5539 413 5608 ἀνδρα
469 5536 634 5606 ᾤοντο
658 5550 673 5566 ο
712 5535 780 5585 ΣΞ)
815 5535 871 5583 δὲ
903 5531 1217 5599 Βονιφάτιον
1266 5532 1498 5596 ἀγνοεῖς,
1535 5530 1804 5598 λέγοντες,

323 5680 393 5745 (b)
430 5678 583 5758 l-lunc
631 5692 915 5758 numerum
960 5676 1122 5758 _unde_
1163 5676 1470 5758 accep-erit“
1497 5675 1801 5744 Metaphra-

246 5761 360 5869 ste?
393 5752 594 5829 nescio,
642 5749 832 5803 Latina
892 5748 1064 5800 solum
1113 5745 1391 5801 indefinite
1422 5747 1611 5800 dicunt
1653 5749 1796 5815 quod

242 5839 330 5875 mu
363 5833 417 5871 τι.

1897 4615 2268 4670 accedentem.
2333 4609 2427 4663 Ille
2479 4616 2661 4661 autem
2706 4604 2944 4663 dicebat,
3004 4600 3122 4654 heri
3177 4598 3470 4667 quemdam

1900 4709 2168 4778 hospitem
2212 4706 2265 4757 in
2298 4701 2473 4755 stadio
2509 4698 2860 4766 martyricurn
2903 4693 3215 4745 decertasse
3295 4698 3478 4742 certa-

1902 4821 2048 4867 men,
2085 4811 2140 4856 et
2162 4813 2290 4852 ense
2321 4796 2488 4851 fuisse
2525 4798 2964 4846 consummatum
3009 4805 3020 4839 :
3073 4800 3130 4840 se
3181 4799 3311 4837 vero
3360 4797 3470 4834 non

1903 4905 2053 4950 certo
2084 4894 2242 4951 scire,
2275 4906 2342 4944 an
2378 4889 2423 4942 is
2452 4887 2540 4948 sit,
2593 4885 2684 4953 qui
2739 4883 2805 4936 ab
2846 4882 2924 4934 eis
2968 4885 3327 4946 quaereretur.
3367 4873 3472 4926 Sed

1909 4990 2070 5044 dicite
2099 4985 2248 5046 mihi,
2281 4982 2474 5049 inquit,
2505 4979 2808 5047 qualisnam
2854 4980 2936 5024 est
2963 4977 3204 5037 aspectu,
3259 4974 3314 5019 et
3353 4979 3474 5033 quae

1907 5087 2034 5135 sunt
2064 5078 2182 5146 ejus
2204 5075 2387 5128 formae
2423 5066 2688 5137 insignia?
2717 5064 2850 5119 Cum
2879 5070 3059 5115 autem
3087 5059 3161 5111 illi
3197 5058 3470 5110 hominem

1906 5171 2090 5224 verbis
2136 5167 2530 5222 describerent,
2589 5174 2784 5227 nempe
2831 5153 2974 5222 quod
3035 5151 3201 5203 breve
3251 5147 3471 5216 quidem

1903 5271 2046 5316 esset
2070 5261 2117 5314 ei
2144 5271 2363 5323 corpus,
2399 5253 2521 5306 flavi
2555 5264 2682 5303 vero
2715 5246 2919 5314 capilli,
2964 5251 3019 5296 et
3044 5241 3146 5293 alia
3173 5253 3295 5307 qua:
3336 5236 3472 5291 satis

1901 5349 2145 5406 erantad
2175 5343 2584 5416 exprimendam
2617 5339 2845 5394 fortnam
2889 5332 3151 5392 Bonifacii
3183 5346 3195 5381 :
3248 5328 3348 5382 Hic
3390 5337 3474 5381 est

1905 5445 2017 5505 ille,
2074 5439 2270 5507 inquit,
2330 5451 2492 5507 quem
2547 5447 2643 5485 vos
2705 5427 2966 5497 quat-itis.
3032 5424 3115 5478 Illi
3183 5434 3365 5475 autem
3415 5420 3470 5472 in

1906 5536 2062 5587 initio
2108 5531 2329 5601 quidem
2398 5543 2505 5581 non
2557 5522 2880 5585 credebant,
2927 5527 2982 5573 et
3033 5529 3159 5570 eum
3205 5511 3476 5582 putabant

1979 5671 2484 5745 (rchcrantdmc
2551 5664 2824 5736 ecgrapho
2882 5670 3094 5725 nostro,
3147 5672 3212 5711 ex
3273 5652 3470 5708 L'atina

1909 5743 2162 5803 versione
2193 5743 2463 5813 suiipleta.
