4230 6436
737 370 848 431 255

2055 359 2344 424 MENSIS
2375 358 2636 422 MAIUS.

3889 354 4000 422 256

740 493 864 533 esse
899 478 1211 547 deceptum,
1257 467 1518 530 dicentes
1551 492 1564 529 :
1607 476 1730 532 Non
1769 476 1914 531 nosti
1964 473 2334 536 Bonifacium,

2443 469 2536 522 καὶ
2562 463 2672 533 οἷος
2702 470 2729 524 ὁ
2756 468 2872 540 βίος
2888 469 3058 539 αὐτῷ,
3081 468 3216 537 πρὸς
3241 468 3432 538 ἡδονὰς
3465 469 3666 537 μᾶλλον
3695 470 3788 522 καὶ
3807 472 4015 533 ἀνέσεις

746 569 1048 638 qualisnam
1081 569 1151 622 sit
1174 566 1227 623 ei
1259 563 1393 624 vita.
1429 575 1489 620 et
1521 583 1686 637 quam
1730 581 2002 637 propensa
2033 581 2096 620 ac
2130 565 2332 636 procli-

745 662 828 715 vis
857 661 925 716 ad
953 661 1280 729 voluptates,
1306 666 1362 711 et
1391 673 1562 730 quam
1599 676 1664 714 ex
1697 660 1966 713 diametro
2015 659 2137 712 vitae
2169 674 2334 727 repu-

745 761 876 822 gnet
903 743 1228 823 martyricaé.
1272 749 1412 805 Cum
1462 767 1595 805 vero
1639 751 1729 805 ille
1773 750 2004 812 diceret,
2053 751 2190 804 nihil
2232 750 2333 804 ob-

746 856 917 902 Stare.
965 845 1264 912 quominus
1320 844 1423 913 ipsi
1468 843 1796 898 accederent
1836 842 1902 896 ad
1965 841 2226 906 stadium,
2276 850 2332 895 et

748 951 949 1002 corpus
987 938 1164 1004 ipsum
1209 936 1558 1004 aSpicerent,
1596 936 1667 988 illi
1715 935 2008 995 cedentes,
2058 933 2332 988 accedunt

745 1028 996 1097 quidem,
1042 1029 1161 1082 viro
1196 1027 1289 1080 illo
1331 1043 1426 1081 eos
1474 1027 1730 1082 ducente.
1758 1025 1859 1092 Qui
1890 1042 2016 1080 enm
2050 1027 2217 1080 etiam
2250 1028 2330 1081 eis

747 1133 948 1189 corpus
978 1121 1334 1178 ostendisset.
1366 1120 1442 1173 illi
1493 1119 1757 1188 conjectis
1791 1121 1843 1170 in
1889 1133 2090 1185 corpus
2134 1119 2328 1181 oculis,

747 1212 893 1282 quod
918 1213 1134 1279 jueebut
1169 1211 1288 1266 sine
1327 1212 1525 1278 capite,
1556 1212 1638 1263 vel
1669 1226 1735 1263 ex
1782 1210 1886 1262 hoc
1920 1209 2036 1263 solo
2071 1224 2332 1278 agnosce-

747 1303 879 1356 bant
929 1301 1294 1354 Bonil’acium.
1350 1302 1555 1353 Deinde
1603 1301 1767 1354 etiam
1820 1315 1941 1353 cum
1994 1302 2333 1355 invenissent

747 1402 914 1463 caput
945 1408 1194 1448 seorsum
1221 1394 1432 1461 iacens,
1485 1403 1541 1448 et
1587 1395 1706 1462 ejus
1755 1394 1974 1462 corpori
2017 1395 2335 1464 eonjuoxis-

747 1495 895 1546 sent,
953 1485 1104 1537 illum
1140 1485 1317 1553 ipsum
1367 1500 1489 1538 esse
1527 1485 1840 1544 credentes,
1879 1485 2285 1550 obstupuerunt
2318 1499 2330 1534 :

745 1586 803 1630 et
831 1576 1026 1628 timore
1060 1584 1379 1629 contractus
1403 1576 1505 1630 fuit
1533 1591 1730 1630 eorum
1760 1576 1996 1629 animus.
2042 1575 2334 1630 Timebant

743 1663 917 1725 enim,
960 1679 1029 1718 ne
1069 1666 1150 1718 eis
1178 1665 1384 1733 aliquid
1419 1677 1796 1728 succenserct,
1832 1667 1976 1734 quod
2013 1669 2131 1738 ejus
2175 1683 2330 1722 men-

2440 561 2598 631 ἔχων,
2634 561 2730 615 καὶ
2761 563 2824 614 ἐκ
2853 560 3150 631 διαμέτρου
3174 559 3249 630 τῷ
3289 561 3610 630 μαρτυρικῷ
3646 561 3746 632 βίῳ
3776 566 4017 617 ἀπεναν-

2437 655 2555 716 τίας
2582 654 2851 723 κείμενος.
2895 651 2952 705 Ἐ
2965 654 3051 706 πεί
3080 651 3135 705 δὲ
3169 652 3374 714 ἐκεῖνος
3405 652 3572 720 μηδὲν
3599 647 3737 706 εῐναι
3760 655 3820 707 τὸ
3845 658 4020 720 ἐμπο-

2434 745 2539 798 δὼν
2564 746 2747 812 ἔλεγεν
2777 746 2867 798 ἐπὶ
2900 745 2960 798 τὸ
2985 744 3200 798 στάδιον
3225 759 3298 795 ττα
3311 744 3541 812 ρελθεῖν,
3579 745 3669 795 καὶ
3697 744 3774 813 τῷ
3797 747 4015 815 σώματι

2437 839 2585 907 αὐτῷ
2610 839 2958 907 προστυχεῖν,
3001 834 3246 900 εἴξαντες
3280 837 3478 888 ἐκεῖνοι
3514 836 3884 904 παρέρχονται
3916 838 4019 906 μὲν

2433 933 2513 992 είς
2546 931 2635 982 τδν
2657 931 2840 992 τόπον,
2873 929 2964 982 τοῦ
2991 930 3181 999 ἁνδρδς
3208 931 3390 991 αὐτοῖς
3414 931 3718 998 ἡγουμένου
3739 947 3753 961 ο
3781 925 3897 981 εἶτα
3923 933 4019 981 καὶ

2432 1025 2525 1076 τὸν
2555 1022 2748 1092 νεκρὸν
2777 1021 3156 1086 ὑποδείξαντος
3182 1063 3195 1086 ,
3237 1024 3333 1083 τας
3369 1021 3524 1088 ὁψεις
3564 1023 3764 1074 ἐκείνοι
3791 1022 3868 1090 τῷ
3903 1022 4018 1074 σώ-

2437 1133 2566 1182 ματι
2597 1113 2996 1184 προσϐαλόντες
3020 1116 3114 1180 τῆς
3146 1115 3387 1180 κεφαλῆς
3429 1113 3559 1166 ἄνευ
3592 1114 3852 1183 κειμένῳ,
3885 1115 4017 1166 ὅσον

2433 1203 2501 1276 ἦν
2538 1206 2646 1258 ἀπὸ
2679 1205 2872 1258 τούτου
2911 1205 3002 1256 τὸν
3054 1206 3378 1271 Βονιφατιον
3427 1206 3794 1274 ἀνεγίνωσκον
3821 1221 3839 1241 ·-
3893 1201 4022 1258 εἶτα

2433 1300 2530 1352 καὶ
2555 1299 2652 1366 τὴν
2689 1298 2931 1367 κεφαλὴν
2967 1298 3220 1366 εὑρόντες
3244 1298 3415 1366 χωρίς
3462 1298 3584 1348 που
3607 1297 3892 1366 κειμένην,
3924 1290 4022 1348 καί

2433 1391 2700 1459 τῷαὑτῆς
2729 1392 3062 1460 συνάψαντες
3114 1390 3352 1459 σώματι,
3416 1389 3578 1442 αὐτὸν
3613 1390 3822 1442 ἐκεῖνον
3873 1386 4020 1442 εἶναι

2437 1484 2826 1546 πιστεύσαντες
2848 1485 3045 1555 θάμὸει
3077 1485 3407 1552 συνείχοντο,
3437 1484 3531 1534 καὶ
3562 1483 3672 1535 δέει
3703 1485 3798 1554 τὴν
3827 1484 4016 1552 ψυχήν

2437 1576 2876 1628 συνεστέλλοντο·
2917 1577 3010 1628 καὶ
3045 1576 3153 1644 γὰρ
3179 1575 3541 1641 ἐδεδοίκεσαν,
3583 1576 3654 1644 μή
3698 1593 3749 1627 τι
3779 1577 3873 1627 καὶ
3912 1592 4023 1642 μη-

2436 1668 2558 1738 νίσῃ
2600 1669 2801 1731 αὐτοῖς,
2828 1661 2902 1719 ὧν
2932 1669 3009 1728 εἰς
3035 1668 3276 1719 διάνοιαν
3306 1666 3472 1719 αὖτοῦ
3498 1665 3861 1736 κατηγόρουν,
3903 1667 4020 1721 ἀπὸ

749 1766 855 1810 lem
889 1763 1262 1814 accusass-ent,
1298 1771 1425 1808 eum
1453 1755 1765 1823 judicantes
1797 1771 1859 1808 ex
1896 1773 1962 1808 eo
2001 1756 2141 1814 solo,
2183 1757 2328 1826 quod

2440 1757 2600 1825 μόνου
2655 1754 2752 1807 τοῦ
2794 1754 3160 1827 προλαῧόντος
3215 1755 3379 1807 αὐτὸν
3441 1753 3742 1824 κρίνοντες,
3804 1755 3898 1807 καὶ
3938 1756 4018 1823 μὴ

2469 1849 2540 1863 ..,
2697 1850 2717 1863 ..
3005 1850 3015 1863 .
3269 1845 3295 1863 τ’
3425 1847 3459 1863 Α
3582 1849 3593 1863 .
3665 1847 3709 1863 .η

748 1853 1124 1914 praecesserat,
1176 1854 1234 1900 et
1282 1849 1614 1910 nescientes,
1666 1847 1816 1916 quali
1884 1849 2010 1902 vitae
2061 1850 2331 1918 principio

746 1939 964 2009 qualem
993 1948 1230 2007 etquam
1261 1940 1571 2008 jucundum
1619 1938 1780 1992 finem
1822 1939 2189 2007 imposuisset.
2224 1939 2330 1995 Sed

747 2045 873 2082 mox
904 2039 1108 2083 metum
1138 2030 1342 2084 ademit
1381 2040 1604 2098 martyr,
1653 2044 1710 2087 se
1744 2030 1954 2099 placide
1991 2040 2048 2084 et
2096 2030 2331 2101 benigne

749 2123 802 2176 in
841 2137 936 2176 cos
980 2138 1202 2192 gerens.
1244 2121 1379 2176 Nam
1423 2133 1710 2191 antqnam
1762 2132 1924 2191 caput
1964 2124 2066 2177 fuit
2102 2125 2332 2191 conjun-

745 2225 894 2269 etum
924 2217 1139 2284 corpori
1198 2221 1276 2283 (tu
1319 2231 1379 2269 es
1411 2217 1656 2268 omnium
1704 2215 1991 2277 Dominus,
2030 2230 2062 2266 o
2115 2213 2332 2267 Christe

747 2302 886 2368 Rex,
922 2306 1314 2374 qniglorilicas
1344 2320 1461 2366 eos,
1499 2305 1593 2372 qui
1643 2313 1692 2358 te
1731 2304 2083 2373 gloriﬁt‘ant),
2127 2302 2328 2356 sensim

747 2396 972 2464 quidem
1021 2397 1196 2465 aperit
1230 2397 1420 2450 oculos
1452 2412 1464 2447 :
1517 2411 1612 2451 eos
1650 2407 1832 2450 autem
1867 2397 2114 2450 intuetur
2151 2396 2329 2450 amice

745 2497 804 2545 et
861 2489 1092 2558 placide,
1141 2490 1421 2558 loquentis
1479 2490 1714 2554 Speciem
1766 2505 1876 2556 prae
1920 2504 1977 2542 sc
2033 2489 2235 2552 ferens,
2273 2497 2330 2544 et

745 2581 1043 2636 ostendens
1072 2597 1131 2636 se
1164 2582 1246 2635 eis
1281 2582 1420 2635 bene
1453 2582 1612 2645 velle,
1647 2593 1702 2636 et
1733 2583 2082 2651 probrorum,
2112 2599 2232 2652 qua:
2274 2584 2357 2637 in'

745 2687 873 2726 cum
935 2673 1300 2742 ingesserant,
1369 2673 1596 2727 minime
1657 2676 1996 2729 meminisse.
2063 2676 2145 2728 illi
2199 2691 2329 2730 vero

746 2766 942 2821 acerbe
988 2767 1200 2830 llentes,
1246 2777 1302 2818 et
1344 2766 1553 2819 calidas
1605 2767 1874 2836 lacrymas
1933 2766 2330 2827 ell'undentes:

746 2856 826 2911 Ne
869 2856 1214 2918 memineris,
1264 2856 1550 2918 dicebant,
1595 2871 1750 2912 serve
1809 2857 1956 2920 Jcsu,
2015 2870 2325 2914 nostrarum

749 2947 1128 3016 iniquitatum,
1163 2962 1340 3017 neque
1371 2949 1727 3018 probrorum,
1764 2950 1968 3018 quibus
2003 2959 2054 3004 te
2080 2951 2326 3005 divinum

745 3047 801 3095 ct
831 3051 1243 3095 sacrosanctum
1270 3051 1435 3110 caput
1458 3042 1622 3094 stulte
1648 3057 1839 3094 sumus
1868 3043 2151 3095 insectati.
2189 3042 2325 3095 Cum

748 3131 829 3186 sic
881 3132 987 3185 sibi
1045 3142 1295 3185 sanctum
1352 3133 1681 3200 placassent,
1745 3139 1798 3185 et
1856 3134 1977 3201 ejus
2043 3134 2327 3202 reliquias,

747 3234 970 3288 corpus,
997 3219 1242 3288 inquam,
1284 3229 1339 3275 et
1384 3229 1550 3290 caput
1589 3222 1903 3292 quingentis
1944 3225 2128 3280 aureis
2168 3226 2332 3280 emis-

746 3320 890 3368 sent.
914 3321 971 3365 et
1008 3312 1304 3367 odoriferis
1329 3316 1665 3373 aromatibus
1709 3327 1763 3370 et
1810 3317 2107 3386 unguentis
2143 3320 2331 3372 unxis-

748 3413 893 3466 sent,
925 3413 981 3457 et
998 3405 1248 3458 candidis
1274 3406 1436 3460 lineis
1462 3407 1841 3471 involvissent,
1867 3418 1922 3462 et
1947 3410 2000 3462 in
2029 3411 2329 3464 honoriliea

747 3509 908 3565 capsa
947 3496 1359 3566 imposuissent,
1387 3498 1612 3553 Romam
1651 3501 1852 3554 reve‘rsi
1890 3513 2038 3563 sunt,
2063 3517 2159 3558 sua
2195 3503 2330 3557 nihil

751 3589 1022 3642 interesse
1077 3588 1416 3643 arbitrantes
1468 3592 1721 3660 accipere
1781 3592 2010 3649 alterius
2072 3599 2332 3664 martyris

752 3678 1037 3746 reliquias,
1073 3694 1196 3731 cum
1245 3680 1399 3732 illum
1441 3681 1714 3734 haberent
1783 3687 1877 3751 qui
1913 3686 2022 3752 jam
2062 3695 2181 3738 erat
2225 3687 2330 3740 sibi

751 3776 937 3832 notus,
966 3778 1022 3822 et
1055 3771 1148 3839 qui
1179 3785 1274 3824 eos
1305 3785 1564 3840 germane
1611 3781 1668 3827 et
1716 3774 1930 3829 sincere
1956 3777 2329 3846 amplectitur,

748 3870 807 3912 et
860 3860 954 3915 dat
1015 3861 1095 3916 cis
1145 3862 1304 3917 ﬁdele
1361 3866 1739 3921 testimonium
1818 3883 2074 3938 superna:
2139 3871 2329 3926 delen-

749 3953 942 4004 clunis.

823 4079 940 4137 XII.
970 4083 1191 4138 Interim
1227 4095 1433 4150 autem,
1462 4087 1592 4142 dum
1631 4089 1723 4144 isti
1751 4089 1974 4144 domum
2016 4094 2331 4163 proﬁcisce-

751 4170 975 4232 bantur,
1013 4173 1232 4228 advenit
1256 4175 1320 4228 ad
1347 4175 1626 4246 Aglaidem
1659 4181 1821 4244 visio,
1871 4199 2066 4252 nempe
2103 4188 2329 4256 angelus

750 4279 782 4316 e
823 4263 984 4326 cmlo,
1026 4265 1218 4320 dicens
1254 4285 1267 4322 :
1305 4267 1533 4338 Suscipe
1569 4286 1719 4334 eum,
1750 4275 1843 4343 qui
1887 4275 2180 4345 aliquando
2208 4281 2330 4348 qui-

751 4351 877 4407 dem
922 4354 1025 4407 i'uit
1078 4364 1204 4411 tuus
1257 4357 1513 4426 famulus,
1582 4380 1729 4419 nunc
1775 4378 1957 4420 autem
2022 4381 2107 4421 est
2161 4371 2331 4424 frater

755 4454 943 4499 noster
984 4457 1040 4501 et
1076 4450 1499 4508 comminister:
1551 4457 1769 4525 suscipe
1820 4472 1947 4510 eum
2016 4460 2108 4528 qui
2177 4463 2329 4530 prius

755 4535 975 4602 quidem
1001 4551 1120 4594 erat
1153 4539 1408 4606 famulus,
1450 4561 1595 4600 nunc
1633 4558 1815 4603 autem
1851 4563 1934 4604 est
1980 4562 2107 4608 tuus
2150 4557 2330 4611 domi—

757 4643 881 4692 nus,
912 4637 968 4682 et
1003 4648 1128 4685 eum
1175 4634 1262 4702 pie
1311 4635 1520 4691 honora
1554 4655 1566 4689 :
1611 4649 1670 4691 ut
1704 4643 1795 4710 qui
1845 4644 1916 4696 sit
1957 4655 2061 4699 tua:
2104 4650 2325 4715 quidem

740 4729 1007 4774 servator
1051 4725 1268 4787 animae,
1315 4737 1501 4784 custos
1544 4740 1725 4785 autem
1779 4734 1923 4789 vine.
1987 4736 2077 4790 illa
2147 4752 2328 4796 autent

757 4825 990 4879 surgens
1049 4816 1431 4880 tremebunda,
1489 4835 1546 4874 et
1599 4838 1663 4874 ex
1720 4825 2097 4882 ecclesiastico
2162 4833 2329 4889 choro

757 4901 972 4972 aliquos
1017 4906 1257 4976 insignes
1290 4925 1593 4977 assumens,
1634 4924 1689 4969 et
1726 4931 1850 4969 cum
1896 4935 2091 4989 magno
2125 4923 2330 4980 honore

761 4996 1064 5060 procedens
1111 5000 1325 5055 obviam
1381 5008 1597 5071 corpori
1651 5011 1941 5082 martyris,
2000 5012 2053 5066 id
2108 5015 2330 5082 quidem

756 5087 1009 5152 suscipit,
1054 5099 1110 5143 et
1155 5091 1309 5146 valde
1345 5094 1646 5151 honorifice
1675 5101 1902 5166 deponit
1942 5116 1995 5157 et
2022 5109 2329 5174 magniﬁce,

758 5179 950 5234 uadiis
974 5184 1371 5254 quinquaginta
1398 5190 1587 5258 procul
1623 5207 1652 5244 a
1689 5191 1898 5248 Roma:
1949 5211 2156 5252 sacram
2200 5218 2330 5255 vero

757 5269 808 5325 ei
842 5272 1012 5325 aedem
1047 5275 1292 5342 instruit,
1334 5285 1558 5338 materia
1604 5284 1871 5355 insignem
1919 5297 1976 5343 et
2024 5294 2331 5359 pulchritu-

757 5361 906 5424 dine,
937 5372 993 5416 et
1020 5366 1202 5432 talem,
1235 5370 1452 5438 qualem
1481 5375 1705 5429 omnino
1730 5380 2017 5444 oportebat
2048 5385 2328 5452 suscipere

756 5469 958 5524 corpus
981 5457 1103 5512 talis
1133 5461 1368 5518 animae:
1403 5475 1461 5519 ut
1505 5480 1614 5520 non
1647 5469 1873 5536 spiritus
1908 5474 2058 5528 solus
2101 5476 2328 5530 haberet

759 5559 1028 5638 aeternum
1058 5555 1502 5623 tabernaculum,
1544 5561 1640 5615 sed
1677 5562 1825 5616 illius
1873 5579 2093 5634 quoque
2128 5583 2328 5638 corpus

761 5641 1040 5699 frueretur
1101 5645 1266 5702 domo
1347 5653 1771 5710 conveniente:
1830 5657 1883 5710 in
1942 5671 2048 5726 qua
2119 5659 2172 5714 in
2232 5663 2329 5715 ho-

759 5731 1013 5793 diernum
1055 5755 1227 5809 usque
1271 5743 1415 5799 diem
1468 5745 1602 5801 ﬂunt
1646 5750 1811 5808 multa
1852 5751 2228 5812 admirabilia.
2273 5763 2327 5812 sl

2434 1849 2635 1910 εἰδότες
2664 1850 2760 1919 οἴῳ
2792 1850 3064 1919 προοιμίῳ
3096 1848 3210 1917 βίου
3241 1845 3352 1900 οἷον
3380 1847 3531 1910 τέλος
3577 1847 3815 1915 ἐπέθηκε
3859 1865 4022 1916 χαρι-

2433 1939 2676 1992 έστατον.
2713 1940 2859 1991 Ἀλλ’
2921 1940 3044 1992 ὅσον
3079 1938 3235 1992 οὔπω
3267 1940 3363 1992 καὶ
3407 1937 3498 1990 τὸν
3545 1938 3708 2006 φόϐον
3737 1941 3763 1990 ὀ
3800 1938 4020 2006 μάρτυς

2432 2033 2623 2098 ἐξεῖλε,
2688 2033 2807 2085 λίαν
2872 2032 3161 2102 προσηνῶς
3207 2033 3395 2096 αὐτοῖς
3462 2032 3557 2084 καὶ
3613 2030 4021 2100 φιλανθρώπως

2431 2124 2834 2194 προσενεχθείς·
2871 2125 2945 2185 ὡς
2977 2125 3140 2192 γαρὴ
3171 2123 3382 2194 κεφαλὴ
3411 2123 3660 2192 συνήφθη
3690 2123 3768 2191 τῷ
3801 2122 4020 2190 σώματι

2433 2215 2534 2282 (σὺ
2565 2209 2617 2266 εἴ
2650 2215 2865 2266 πάντων
2908 2214 3136 2279 Κύριος,
3185 2215 3390 2282 Χριστέ
3443 2215 3688 2282 βασιλεῦ,
3718 2217 3747 2268 ό
3772 2212 4021 2277 δοξάζων

2430 2307 2557 2367 τούς
2615 2321 2673 2356 σε
2721 2303 3116 2368 δοξάζονταςί)
3172 2304 3435 2371 διανοίγει
3485 2305 3584 2372 μὲν
3648 2305 3835 2372 ἡρέμα
3880 2321 4016 2364 τους

2430 2397 2762 2467 ὀφθαλμοὺς,
2800 2397 3038 2460 ἁτενίζει
3072 2395 3128 2449 δὲ
3159 2398 3299 2467 πρὸς
3353 2397 3553 2459 αὐτοὺς
3579 2391 3792 2462 φιλικόν
3825 2411 3876 2447 τι
3920 2397 4017 2448 καὶ

2429 2494 2656 2563 ἥμερον,
2689 2492 2931 2561 ὡσπερεὶ
2959 2491 3314 2562 φθεγγομένη
3366 2491 3444 2563 τῷ
3495 2493 3757 2562 σχήματι,
3789 2492 3886 2545 καὶ
3917 2490 4015 2558 δη-

2430 2586 2619 2645 λοῦσα,
2655 2585 2736 2635 ὅτι
2771 2586 2866 2635 καὶ
2917 2585 3039 2635 λίαν
3072 2586 3317 2651 εὐμενῶς
3349 2585 3416 2638 τὰ
3449 2585 3586 2654 πρὸς
3638 2585 3840 2645 αὐτοὺς
3874 2586 4013 2653 ἔχει,

2432 2676 2525 2728 καὶ
2549 2675 2700 2727 οὐδὲν
2723 2670 2796 2725 ὧν
2828 2675 2936 2742 ἄρα
2968 2674 3063 2726 καὶ
3114 2675 3407 2743 ἐξύϐρισαν
3444 2677 3524 2738 εἰς
3550 2676 3777 2743 καρδίαν
3813 2692 4015 2742 μνησι-

2433 2769 2611 2820 κακεῖ.
2673 2767 2735 2818 Οἱ
2767 2765 2822 2817 δὲ
2860 2765 3002 2816 πάνυ
3044 2765 3246 2834 πικρὸν
3280 2764 3745 2824 ἀνακλαύσαντες,
3781 2764 3878 2814 καὶ
3918 2764 4013 2816 δά-

2431 2875 2572 2928 κρυα
2607 2857 2782 2927 θερμὰ
2814 2857 2920 2910 τῶν
2946 2856 3244 2926 ὀφθαλμῶν
3275 2854 3703 2919 ἁποστάξαντες,
3747 2855 3840 2925 Μὴ
3875 2871 4016 2925 μνη-

2433 2951 2578 3012 σθεὶς
2602 2953 2782 3020 ἡμῶν,
2813 2950 3043 3019 ἔφησαν,
3068 2950 3224 3004 δοῦλε
3246 2949 3474 3019 Κυρίου,
3497 2949 3756 3018 ἀνομιῶν,
3792 2949 3919 3019 μηδ’
3938 2944 4013 3002 ὧν

2431 3061 2493 3110 γε
2534 3046 2694 3113 ἡμεῖς
2735 3045 2813 3107 είς
2850 3061 2904 3096 σε
2938 3045 3036 3110 τὴν
3070 3044 3220 3096 θείαν
3259 3044 3428 3106 ὅντως
3459 3042 3555 3096 καὶ
3585 3041 3738 3111 ἱερὰν
3767 3041 4013 3111 κεφαλὴν

2359 3144 2403 3205 c
2437 3138 2684 3204 ἀφρόνως
2739 3137 3242 3204 πεπαρῳνήκαμεν.
3304 3135 3488 3198 Οὕτως
3528 3136 3655 3188 ἵλεω
3684 3134 3778 3187 τοῦ
3827 3136 4012 3202 ’Δγίου

2438 3227 2713 3298 τυχόντες,
2749 3226 2840 3278 καὶ
2872 3227 3202 3294 τὸλείψανον
3257 3226 3445 3289 αὐτοῦ,
3473 3227 3532 3279 τδ
3579 3227 3737 3295 σῶμά
3773 3229 3836 3279 τέ
3866 3245 4014 3297 φημι

2437 3324 2531 3374 καὶ
2555 3320 2654 3390 τὴν
2677 3319 2936 3389 κεφαλὴν,
2969 3320 3208 3390 χρυσίων
3235 3320 3369 3374 ὅλων
3396 3322 3772 3384 πεντακοσίοις
3805 3321 4012 3392 ἐξωνη-

2437 3412 2681 3481 σάμενοι,
2719 3411 2910 3480 μύροις
2949 3411 3362 3478 εὐωδιάσαντες,
3398 3411 3493 3464 καὶ
3541 3411 3762 3476 λευκαῖς
3798 3413 4015 3477 ὀθόναις

2435 3504 2844 3573 περιϐαλόντες,
2887 3506 2980 3558 καὶ
3014 3504 3286 3576 φιλοτίμῳ
3320 3505 3464 3576 Θήκῃ
3504 3505 3787 3575 ἐνθέμενοι
3823 3507 3923 3572 τὴν
3955 3509 4015 3558 ἐν

2443 3595 2630 3665 Ῥώμῃ
2684 3597 2906 3650 ὖπισοεν
2962 3597 3309 3666 ἀνεχώρουν,
3411 3597 3580 3664 μηδὲν
3643 3598 3828 3656 αὐτοῖς
3871 3596 4014 3658 ὅλως

2435 3690 2708 3755 προσῆκον
2774 3689 3119 3754 νομίσαντες,
3175 3688 3336 3741 ἄλλου
3392 3692 3668 3757 μάρτυρος
3714 3687 4014 3742 ἀναλαϐεῖν

2437 3777 2710 3848 λείψανον,
2745 3780 2953 3833 ἐκείνου
2999 3780 3061 3851 δὴ
3107 3778 3321 3849 ἔχοντες
3370 3779 3469 3850 ἤδη
3512 3779 3603 3832 τοῦ
3634 3780 3773 3834 πάνυ
3806 3782 4011 3849 γνωρί-

2436 3892 2558 3943 μου,
2596 3877 2689 3927 καὶ
2712 3875 2771 3938 ὃς
2822 3875 3059 3945 γνησίως
3086 3875 3283 3939 αὐτοὺς
3316 3873 3644 3940 ἀσπάζεται.
3701 3875 3811 3928 Καὶ
3842 3874 4013 3928 πιστὰ

2432 3964 2645 4017 δίδωσιν
2684 3967 2933 4019 ἐντεῦθεν
2959 3985 3032 4035 μα
3045 3969 3238 4037 ρτυρία
3264 3968 3363 4037 τῆς
3386 3967 3592 4020 ἄνωθεν
3623 3969 3982 4036 προστασίας.

2503 4097 2604 4149 IB'.
2648 4096 2734 4148 Ἐν
2772 4089 2816 4165 ᾧ
2845 4097 2902 4151 δὲ
2961 4090 3107 4150 οὗτοι
3166 4099 3266 4169 τὴν
3297 4099 3482 4152 οἴκαδε
3532 4099 3883 4166 ἐπορεύοντο,
3918 4102 4012 4153 καὶ

2429 4187 2550 4257 ὄψις
2581 4190 2699 4246 θεία
2732 4193 2795 4262 τῇ
2830 4191 3068 4257 ’Δγλαῖδι
3100 4195 3375 4260 ἐπιφοιτᾷ,
3408 4192 3478 4258 ἄγ
3493 4192 3638 4258 γελος
3669 4191 3727 4254 ἐξ
3771 4194 4009 4260 οὐρανοῦ

2429 4279 2624 4348 λέγων,
2659 4282 2816 4344 Δέξαι
2868 4284 2960 4334 τόν
2992 4299 3120 4334 ποτε
3160 4283 3256 4351 μὲν
3304 4283 3491 4335 δοῦλον
3541 4283 3859 4354 ὑπάρχοντα
3893 4287 4007 4352 σὺν,

2431 4368 2524 4420 νῦν
2557 4369 2613 4420 δὲ
2653 4369 2921 4439 ἡμέτερον
2969 4370 3201 4440 ἀδελφδν
3236 4373 3332 4424 καὶ⁵
3373 4373 3816 4443 συλλειτουργόν.
3849 4377 4011 4442 Δέξαι

2363 4498 2404 4551 D
2432 4461 2521 4513 τὸν
2553 4461 2682 4528 πρὶν
2729 4461 2827 4531 μὲν
2879 4463 3118 4533 οἰκέτην,
3148 4467 3266 4517 νυνι¹
3316 4467 3375 4519 δέ
3430 4483 3522 4520 σου
3564 4469 3880 4540 Δεσπότην·
3915 4473 4012 4525 καὶ

2434 4555 2667 4623 τίμησον
2699 4554 2968 4620 εὐλαϐῶς,
2994 4551 3081 4609 οἷα
3099 4556 3164 4625 δὴ
3198 4558 3295 4624 τῆς
3321 4558 3420 4626 σῆς
3449 4559 3546 4626 μὲν
3563 4560 3738 4628 ψυχῆς
3759 4564 4008 4631 σωτῆρα,

2433 4645 2650 4715 φύλακα
2678 4646 2735 4698 δὲ
2774 4647 2872 4712 τῆς
2906 4647 3072 4716 ζωῆς.
3108 4647 3172 4700 'H
3211 4648 3268 4700 δὲ
3302 4647 3640 4700 διαναστᾶσα
3679 4651 4009 4720 σύντρομος,

2434 4738 2524 4790 καί
2566 4755 2717 4799 τινας
2751 4737 2858 4789 τῶν
2886 4738 3168 4807 ἐπιφανῶν
3194 4740 3287 4791 τοῦ
3310 4723 3771 4811 ἐκκλησιαστικῖὓ
3803 4743 4009 4814 κλήρου

2434 4830 2847 4898 παραλαϐοῦσα,
2907 4834 3000 4884 καὶ
3033 4834 3130 4884 σὺν
3183 4831 3348 4903 πολλῇ
3391 4836 3526 4902 τιμῇ
3566 4833 3643 4903 τῷ
3677 4839 4010 4906 μαρτυρικῷ

2433 4924 2597 4976 αὑτοῦ
2640 4923 2850 4992 σώματι
2906 4927 3286 4993 ὑπαντήσασα,
3342 4927 3556 4994 δέχεται
3587 4929 3688 4998 μὲν
3721 4929 3883 4982 τοῦτο
3916 4933 4010 4984 καὶ

2433 5016 2783 5083 κατατίῡησιν
2806 5017 2945 5082 ἄγαν
2978 5019 3192 5086 σεμνῶς
3219 5037 3276 5071 τε
3302 5019 3394 5070 καὶ
3418 5020 3741 5088 φιλοτίμως,
3769 5023 4008 5086 σταδίοις

2435 5110 2763 5174 πεντήκοντα
2788 5109 3118 5179 τῆςἸίὒμης
3147 5113 3346 5178 ἀπέχον
3373 5127 3386 5140 ·
3417 5108 3564 5165 οἷκον
3595 5113 3650 5163 δὲ
3681 5113 3830 5183 αὐτῷ
3859 5116 4010 5168 διαν-

2435 5200 2645 5267 ίστησιν
2698 5201 2860 5271 ἱερὸν,
2897 5203 2958 5268 τῇ
3017 5217 3076 5252 τε
3119 5200 3220 5272 ὕλῃ
3274 5202 3369 5254 καὶ
3402 5202 3480 5270 τῷ
3507 5202 3690 5254 κάλλει
3727 5203 4006 5274 λαμπρὶν,

2432 5293 2522 5343 καὶ
2556 5293 2793 5344 τοιοῦτον
2822 5290 2932 5343 οἷον
2963 5293 3067 5346 ἔδει
3099 5296 3312 5357 πάντως
3341 5295 3519 5363 ψυχῆς
3553 5297 3811 5363 τοιαύτης
3837 5298 4004 5367 σῶμα

2431 5387 2634 5454 λαχεῖν,
2692 5387 2775 5439 ἵνα
2810 5387 2882 5455 μὴ
2916 5388 2976 5438 τὸ
3016 5387 3230 5458 πνεῦμα
3290 5390 3449 5457 μόνον
3503 5391 3711 5458 σκηνὴν
3767 5390 3867 5461 ἔχῃ
3906 5394 4008 5460 τὴν

2431 5479 2688 5546 οοὶρανίαν
2715 5520 2728 5542 ,
2789 5479 2925 5531 ἀλλὰ
2961 5480 3050 5532 καὶ
3079 5481 3138 5531 τὺ
3167 5482 3322 5547 σῶμα
3351 5481 3413 5548 δὴ
3464 5484 3525 5534 τὸ
3559 5483 3773 5536 ἐκείνου
3817 5487 4003 5546 οἰκίας

2432 5567 2681 5638 ἀπολαὶῃ
2715 5567 2812 5634 τῆς
2855 5569 3238 5638 προσηκούσης
3268 5586 3279 5598 ·
3311 5570 3367 5621 ἐν
3483 5574 3577 5624 καὶ
3607 5574 3685 5635 εἰς
3717 5573 3796 5624 ἐτι
3831 5575 4006 5628 πολλὰ

2432 5658 2538 5711 τῶν
2557 5659 2872 5727 παραδόξων
2899 5661 3248 5720 ἐπιτελεῖται,
3279 5663 3373 5714 καὶ
3391 5662 3640 5730 δαίμονες
3667 5664 3765 5732 μὲν
3789 5665 4006 5732 ἀθρόως

2435 5751 2846 5820 φυοίαδιύονται,
2878 5755 3022 5804 νόσοι
3057 5752 3110 5804 δὲ
3139 5753 3390 5822 ἀοράτοις
3439 5755 3704 5822 νεύμασιν
3760 5756 4008 5808 ἀπελαύ-
