4230 6436
746 416 853 484 259

2085 419 2369 480 MENSIS
2399 419 2663 480 MAIUS.

3883 410 4000 478 160

751 526 917 588 citur,
958 534 1176 580 aeternae
1224 519 1348 575 vita!
1413 532 1626 580 sortem
1687 525 1979 596 percipiet.
2044 525 2201 580 Tunc
2241 528 2317 580 ait
2347 537 2388 587 Α

2347 537 2388 587 Α
2421 527 2844 596 προστάγματος
2874 525 3037 578 αὐτοῦ
3062 524 3155 578 καὶ
3194 524 3471 580 ὲπίθυσον.
3503 525 3562 578 Ὀ
3598 527 3751 594 ἅγιος
3783 527 3997 594 Βίκτωρ

754 618 865 671 dux
899 634 912 670 :
946 618 1082 673 Cum
1127 614 1479 686 imperatoris
1521 618 1695 671 nostri
1745 619 1903 672 miles
1949 617 2045 677 sis.
2103 617 2318 669 obtem-

752 725 879 778 pera
913 710 1265 777 imperatoris
1295 708 1500 771 edicto,
1547 719 1602 761 et
1631 709 1738 762 diis
1759 710 2039 763 sacriﬁca.
2091 709 2170 761 Ad
2207 709 2319 761 lucc

751 803 1036 868 respondit
1084 811 1304 855 sanctus
1348 802 1534 854 Victor
1589 801 1686 854 :Si
1745 817 1842 868 ego
1896 818 2006 870 quo
2070 812 2314 869 tempore

751 891 854 948 sub
895 892 1224 959 imperatore
1265 891 1590 950 militabam.
1642 901 1771 943 tunc
1813 891 1976 944 etiam
2011 891 2240 942 Domino
2266 899 2319 942 et

754 980 862 1033 Deo
895 997 1016 1038 meo
1045 982 1261 1034 occulte
1305 981 1636 1044 serviebam,
1673 981 1951 1049 quomodo
1995 993 2142 1033 nunc
2172 995 2320 1031 eom-

752 1075 973 1126 rnittere
1006 1090 1253 1142 possum,
1314 1085 1375 1127 ut
1405 1076 1498 1128 illo
1550 1075 1844 1137 derelicto,
1906 1075 2068 1128 idolis
2124 1073 2320 1126 vestris

2413 612 2598 668 εἶπεν
2639 620 2746 669 Καὶ
2780 619 2871 670 ὅτε
2921 617 3069 685 αὐτῷ
3125 619 3532 687 ἐστρατευόμην
3598 621 3690 671 καὶ
3734 619 3800 671 τὰ
3825 620 3996 671 αὐτοῦ

2415 709 2699 778 ἐφρόνουν,
2761 711 2954 779 Κυρίῳ
2985 708 3058 777 τῷ
3099 708 3220 778 Θεῷ
3254 727 3355 778 μου
3387 713 3442 760 ἐν
3471 711 3547 777 τῷ
3591 712 3818 779 κρυπτῷ
3875 715 3997 762 ἐλα-

2411 818 2627 868 τρευον,
2661 803 2751 852 καὶ
2783 801 2877 852 νῦν
2920 802 2977 852 οὺ
3004 801 3241 868 δύναμαι
3308 802 3630 869 κσιταλείψαι
3686 804 3852 854 αὑτὸν
3899 801 3996 852 καὶ

2413 892 2655 953 εἰδώλοις
2704 895 2958 944 ἐπιθύσαι
2984 909 2999 927 ο
3048 893 3191 944 ποίει
3215 890 3306 946 οὖν
3335 893 3361 945 6
3393 893 3567 953 Θέλεις
3603 895 3681 953 είς
3719 895 3821 959 ἐμέ
3847 910 3858 920 ·
3899 893 3996 943 τοῦ

2420 983 2517 1051 μὲν
2547 985 2652 1050 γὰρ
2693 984 2941 1052 σώματός
2982 1002 3081 1052 μου
3117 986 3364 1049 ἐξουσίαν
3415 985 3578 1052 ἔχεις,
3609 988 3704 1052 τῆς
3735 985 3791 1034 δὲ
3815 984 3996 1052 ψυχῆς

2415 1078 2442 1125 ό
2469 1077 2600 1136 Θεὸς
2641 1075 2821 1138 μόνος,
2848 1078 2874 1126 6
2905 1077 3201 1142 δυνάμενος
3231 1077 3400 1128 σῶσαι
3441 1078 3534 1128 καὶ
3562 1073 3850 1127 ἀπολέσαι.

750 1165 1090 1219 sacriﬁcent?
1142 1165 1331 1233 itaque
1382 1164 1467 1218 fac
1516 1165 1781 1234 quidquid
1813 1165 1966 1217 libet.
2007 1165 2086 1216 En
2119 1178 2318 1230 corpus
2360 1179 2544 1218 meum
2614 1166 2668 1218 in
2706 1180 2870 1218 manu
2917 1174 3007 1219 tua
3054 1174 3139 1219 est
3172 1184 3184 1220 :
3222 1166 3417 1219 anima:
3461 1180 3592 1218 vero
3662 1173 3993 1232 potestatem

752 1259 894 1313 Deus
926 1258 1105 1320 habet,
1167 1260 1258 1326 qui
1291 1259 1522 1311 salutem
1551 1267 1605 1311 ct
1638 1258 1848 1310 ruinam
1885 1257 2083 1309 aﬂcrre
2108 1265 2307 1324 potest.

818 1357 882 1411 ll.
913 1357 1050 1408 Tum
1090 1355 1197 1408 dux
1240 1354 1328 1407 ille
1360 1371 1371 1404 :
1408 1353 1582 1406 Video
1617 1360 1668 1404 te
1703 1354 1870 1403 multa
1903 1351 2176 1419 sapientia
2222 1366 2312 1401 or-

751 1457 957 1508 natum,
983 1461 1160 1513 caque
1191 1445 1244 1496 in
1276 1440 1656 1509 respondendo
1686 1440 1844 1493 valde
1873 1449 2138 1492 utentem.
2173 1439 2309 1500 Mea,

751 1540 932 1607 inquit
966 1539 1174 1593 Vit-tor.
1205 1533 1470 1602 sapientia
1508 1547 1616 1585 non
1645 1542 1820 1585 estex
1854 1547 1959 1594 me,
2020 1530 2114 1583 sed
2171 1530 2314 1582 Deus

750 1645 906 1683 meus
940 1630 1084 1680 illam
1129 1627 1259 1678 mihi
1299 1625 1553 1679 contulit.
1581 1623 1659 1676 Ad
1696 1624 1810 1677 lucc
1842 1639 2079 1691 praeses:
2120 1623 2315 1674 Libera

749 1723 984 1789 teipsum
1049 1738 1078 1771 a
1138 1717 1326 1770 multis
1371 1715 1729 1772 cruciatibus,
1766 1725 1822 1767 et
1878 1714 1984 1766 diis
2045 1712 2312 1766 sacriﬁea.

749 1812 1007 1876 Quinimo
1065 1810 1345 1867 libenter,
1423 1805 1602 1872 inquit
1702 1805 1919 1866 Victor,
2005 1803 2308 1857 cruciatum

749 1902 995 1972 quejnvis
1021 1900 1216 1968 patiar.
1255 1913 1321 1951 ne
1351 1896 1622 1950 sacriﬁcia
1653 1897 1777 1948 talia
1814 1896 2041 1948 offeram
2083 1913 2094 1947 :
2129 1896 2220 1948 sed
2256 1908 2312 1948 et

750 1999 884 2055 illud
915 1996 1529 2058 aﬂirmo,vebementcr
1582 2010 1664 2046 me
1711 1995 1968 2062 gaudere.
2023 1993 2166 2060 quod
2223 1993 2309 2044 di-

749 2106 888 2162 gnus
924 2091 1100 2144 factus
1123 2089 1245 2150 Sitll,
1279 2088 1370 2154 qui
1408 2101 1507 2154 pro
1539 2086 1741 2138 Christi
1781 2085 2001 2137 nomine
2038 2095 2311 2135 tormenta

748 2185 944 2253 patiar,
981 2191 1036 2234 et
1059 2181 1268 2234 ccclesti
1306 2180 1396 2231 illo
1428 2179 1572 2245 [tege
1621 2175 1727 2228 frui
1776 2189 2013 2241 sperem.
2056 2174 2134 2225 Ad
2200 2174 2313 2226 luce

746 2274 858 2326 dux
897 2274 983 2324 ille
1020 2288 1033 2324 :
1068 2269 1326 2337 Nunquid
1366 2267 1805 2321 Christianorum
1851 2265 2106 2318 sacerdos
2135 2281 2194 2319 es
2230 2276 2311 2327 tu,

749 2365 842 2432 qui
880 2374 986 2416 tam
1024 2347 1324 2431 prudenter
1356 2360 1518 2414 nobis
1555 2359 1897 2428 respondes?
1945 2357 2078 2423 l-loe,
2136 2358 2315 2423 inquit

749 2457 956 2518 Victor,
990 2469 1214 2506 munere
1241 2452 1497 2520 indignus
1522 2466 1642 2504 sunt
1676 2465 1799 2517 ego,
1850 2449 1944 2501 sed
1975 2448 2176 2501 Christi
2207 2448 2312 2500 mci

749 2545 922 2615 gratia
953 2559 1038 2596 me
1068 2545 1230 2596 talem
1262 2542 1447 2595 effecit
1483 2557 1495 2591 :
1530 2541 1644 2593 lirec
1680 2540 1829 2592 enim
1863 2539 1967 2601 his,
2021 2537 2114 2605 qui
2160 2547 2314 2591 recto

751 2636 917 2691 corde
949 2643 1094 2696 sunt,
1123 2642 1178 2688 et
1212 2633 1417 2686 Christi
1451 2632 1705 2685 mandata
1742 2631 2063 2694 observant,
2098 2632 2315 2699 sapien-

752 2727 880 2780 tiam
905 2736 963 2781 et
1007 2725 1251 2778 omnium
1292 2726 1558 2778 bonarum
1600 2740 1782 2777 rerum
1825 2724 2035 2792 cupiam
2086 2739 2152 2775 ex
2201 2722 2314 2775 suis

753 2820 861 2873 illis
922 2817 1232 2871 immensis.
1268 2816 1477 2871 divitiis
1533 2817 1780 2885 largitur.
1841 2814 2315 2879 Quemadmodum

749 2912 893 2968 enim
926 2911 1158 2979 agricola
1191 2912 1306 2978 ipse
1334 2924 1458 2961 eum
1496 2917 1700 2959 terram
1733 2907 1887 2967 colit,
1920 2911 2164 2973 paratam
2191 2921 2310 2958 eam

753 3002 932 3056 reddit
961 3002 1027 3055 ad
1055 3001 1268 3054 fructus
1298 2999 1554 3053 ferendos
1589 2998 1712 3050 :-ita
1746 3006 1796 3050 et
1828 2998 1921 3051 Dei
1951 2998 2218 3065 sapientia
2250 3013 2315 3052 ac

751 3094 922 3163 gratia
953 3108 1047 3146 cos
1085 3108 1113 3145 a
1144 3091 1345 3160 quibus
1395 3092 1742 3153 observatur,
1783 3089 1973 3152 fortes,
2015 3090 2312 3158 sapientes,

2483 1349 2560 1402 B’.
2595 1350 2761 1417 Λέγει
2789 1350 2938 1420 αὐτῷ
2972 1354 2998 1404 6
3041 1352 3198 1417 6065'
3245 1353 3385 1421 Ὀρῶ
3435 1371 3491 1406 σε
3527 1356 3583 1407 ἐν
3617 1358 3680 1424 τῇ
3720 1356 3997 1425 ἀπολογίᾳ

2413 1459 2506 1493 σου
2533 1441 2734 1510 πολλὴν
2769 1446 2960 1510 σοφίαν
2985 1447 3364 1513 περικείμενον
3387 1462 3399 1475 ·
3434 1447 3630 1513 σκέψαι
3663 1444 3756 1500 οὖν
3777 1451 3837 1498 τὸ
3860 1467 3998 1514 συμ-

2414 1534 2597 1602 φέρον.
2627 1535 2686 1586 ’0
2718 1534 2870 1600 ἅγιος
2902 1535 3113 1603 Βίκτωρ
3145 1536 3328 1603 λέγει’
3403 1538 3450 1588 Η
3480 1540 3584 1607 ἐμὴ
3621 1542 3805 1606 σοφία,
3840 1533 3884 1590 ὧ
3915 1541 3998 1591 δι-

2413 1626 2609 1687 καστὰ,
2633 1628 2733 1677 οὐκ
2765 1627 2912 1676 ἔστιν
2938 1626 2996 1687 ἐξ
3021 1627 3173 1691 ἐμοῦ,
3210 1627 3324 1676 ἀλλ’
3345 1629 3370 1678 6
3392 1629 3522 1691 Θεὸς
3549 1649 3648 1698 μου
3675 1633 3996 1701 ἐδωρήσατό

2418 1735 2507 1786 μοι
2543 1719 2736 1785 αὑτήν.
2812 1717 2868 1767 '0
2907 1717 3033 1779 6065
3095 1718 3277 1784 λέγει·
3357 1719 3545 1772 Ῥύσαι
3608 1727 3838 1775 σεαυτὸν
3880 1728 3995 1776 ἀπὸ

2417 1809 2629 1860 πολλῶν
2675 1808 2945 1876 βασάνων,
3007 1810 3100 1860 καὶ
3135 1810 3448 1879 προσελθὼν
3485 1811 3645 1864 Θύσον
3679 1817 3790 1876 τοῖς
3823 1815 3991 1876 θεοῖς.

2427 1900 2485 1953 Ὀ
2521 1902 2670 1967 ἅγιος
2722 1903 2934 1971 Βίκτωρ
2968 1898 3148 1953 εἶπεν·
3221 1903 3363 1968 Ἐγὼ
3409 1905 3545 1973 ὑπὲρ
3586 1904 3678 1957 τοῦ
3723 1906 3796 1973 μὴ
3830 1906 3995 1957 Θῡσαι

2419 1993 2587 2060 ἡδέως
2631 1992 2990 2061 βασανίζομαι
3024 1994 3116 2044 καὶ
3148 1993 3307 2044 πλέον
3346 1997 3754 2064 διισχυρίζομαι
3785 2000 3995 2064 διαγω-

2418 2081 2719 2151 νιζόμενος,
2763 2084 2843 2135 ὅτι
2906 2083 3254 2152 κατηξιώθῃν
3311 2086 3451 2153 ὑπὲρ
3484 2087 3574 2137 τοῦ
3607 2089 3866 2154 ὀνόματος
3895 2090 3994 2141 τοῦ

2418 2175 2650 2243 Χριστοῦ
2706 2176 3097 2245 βασανισθῆναι
3156 2178 3248 2228 καὶ
3302 2179 3382 2239 είς
3436 2179 3533 2246 τὴν
3559 2179 3772 2248 ἀγαθὴν
3798 2182 3996 2233 ἐλπίδα.

2415 2266 2590 2318 ἐλθεῖν
2644 2267 2735 2318 τοῦ
2793 2267 3066 2330 Βασιλέως
3123 2269 3228 2320 τῶν
3282 2271 3549 2337 οὐρανῶν.
3609 2273 3766 2338 Λέγει
3797 2274 3998 2340 αὑτῷό

2415 2358 2569 2422 δούξ·
2599 2358 2684 2427 Μὴ
2718 2361 2891 2426 ἱερεὺς
2926 2356 2976 2412 εἴ
3005 2363 3112 2411 τῶν
3140 2363 3503 2430 Χριστιανῶν,
3538 2365 3619 2416 ὅτι
3653 2365 3825 2428 οὕτως
3859 2384 3995 2417 συν-

2417 2451 2550 2511 ετῶς
2582 2453 2886 2519 ἀποκρίπιῃ;
2926 2453 2983 2503 Ὀ
3007 2453 3158 2519 ἅγιος
3204 2454 3416 2523 Βίκτωρ
3452 2453 3637 2508 εἶπεν
3677 2459 3822 2525 Ἐγὼ
3858 2463 3993 2514 ταύ-

2418 2559 2512 2610 της
2543 2543 2642 2610 τῆς
2679 2544 2942 2613 μεγίστης
2970 2546 3190 2614 χάριτος
3219 2547 3309 2598 καὶ
3337 2546 3542 2613 δωρεὰς
3592 2551 3808 2612 ἀνάξιός
3853 2558 3994 2621 εἰμι·

2417 2637 2449 2704 ἠ
2497 2636 2552 2687 δὲ
2593 2637 2687 2688 τοῦ
2727 2638 2962 2706 Χριστοῦ
3009 2657 3110 2708 μου
3157 2640 3314 2710 χάρις
3367 2643 3542 2712 ἤγαγέ
3576 2661 3641 2712 με
3674 2647 3754 2704 είς
3784 2645 3949 2700 τοῦτο
3977 2656 3997 2676 ⁸

2419 2725 2554 2794 αῦτη
2586 2729 2694 2796 γάρ
2732 2729 2879 2779 ἐστιν
2922 2732 2953 2798 ἡ
2988 2732 3303 2800 παρέχουσα
3338 2738 3447 2795 τοῖς
3482 2737 3662 2800 εὺνθέσι
3695 2741 3759 2806 τῇ
3794 2738 3995 2809 καρδία

2419 2817 2514 2869 καὶ
2547 2821 2654 2880 τοῖς
2687 2818 3018 2887 φυλάσσουσι
3042 2823 3138 2884 τὰς
3173 2824 3387 2886 ἐντολὰς
3422 2827 3511 2877 τοῦ
3538 2830 3772 2894 Χριστοῦ
3800 2835 3994 2899 σοφίαν

2418 2911 2514 2962 καὶ
2559 2910 2773 2964 σύνεσιν
2813 2914 3065 2984 μετέχειν
3107 2918 3307 2978 παντὸς
3343 2918 3548 2982 ἀγαθοῦ
3574 2936 3586 2949 ·
3636 2909 3827 2991 ὥσπερ
3882 2927 3992 2993 γὰρ

2419 3003 2662 3070 γεωργὸς
2695 3003 3034 3072 καλλιεργῶν
3071 3005 3236 3057 αὑτοῦ
3270 3006 3365 3077 τὴν
3393 3009 3493 3077 γῆν
3518 3011 3794 3079 ὲτοιμάζει
3824 3015 3991 3080 αὐτὴν

2420 3093 2497 3153 είς
2537 3095 2934 3164 καρποφορίαν,
2968 3097 3140 3159 οὕτως
3169 3099 3261 3149 καὶ
3289 3102 3318 3168 ἡ
3352 3101 3443 3152 τοῦ
3479 3102 3612 3153 Θεοῦ
3665 3105 3825 3170 σοφία
3867 3106 3994 3166 τοὺς

748 3199 810 3239 ac
840 3183 974 3237 tales
1003 3180 1202 3244 reddit,
1227 3182 1320 3249 qui
1351 3181 1459 3233 Deo
1483 3180 1586 3247 ipsi
1617 3179 1852 3231 fructum
1885 3178 2027 3232 ferre
2061 3180 2273 3247 possint
2299 3195 2312 3231 :
2348 3186 2389 3241 C.

2348 3186 2389 3241 C
2423 3175 2738 3247 ἐλπίζοντας
2789 3189 2869 3248 εἰς
2902 3187 3075 3257 αὐτὴν
3134 3189 3450 3260 ὲνδυναμοῖ,
3505 3191 3597 3243 καὶ
3635 3195 3862 3259 σοφίζει,
3901 3198 3994 3246 καὶ

749 3290 930 3338 neque
967 3273 1259 3342 permittit,
1312 3281 1367 3325 ut
1401 3270 1469 3325 ab
1517 3269 1768 3324 hostibus
1815 3269 2060 3338 superari
2092 3277 2312 3340 queant.

820 3451 914 3505 Ill.
957 3451 1094 3504 Tum
1145 3450 1254 3503 dux
1313 3451 1390 3502 ait
1430 3469 1441 3502 :
1481 3449 1620 3501 Num
1672 3458 1725 3502 tu
1781 3449 1918 3502 mori
1985 3449 2320 3504 decrevisti?

750 3539 1054 3611 Respondit
1110 3542 1298 3602 Victor
1346 3558 1360 3594 :
1411 3541 1733 3609 Hujusmodi
1797 3557 1943 3596 mors
1999 3541 2088 3594 his
2147 3544 2316 3594 vitam

751 3634 1035 3698 conciliat,
1061 3635 1151 3702 qui
1187 3634 1376 3687 brevia
1409 3635 1522 3688 haec
1556 3642 1826 3688 tormenta
1874 3632 2092 3685 fortiter
2131 3632 2198 3685 ad
2227 3649 2320 3686 ex-

755 3733 992 3776 tremum
1046 3734 1218 3790 usque
1257 3724 1564 3792 perferunt.
1615 3722 1692 3774 Ad
1731 3723 1845 3776 haec
1875 3721 1984 3775 dux
2018 3723 2105 3775 ille
2140 3739 2152 3774 :
2185 3722 2318 3776 Sert-

755 3815 1058 3867 tentiamne
1115 3815 1273 3866 istam
1319 3817 1528 3867 ﬁrmam
1581 3814 1794 3868 babes?
1844 3815 2094 3875 Maxime,
2138 3814 2319 3882 inquit

751 3904 959 3958 Victor.
1022 3904 1158 3957 Tum
1225 3900 1333 3958 dux
1392 3900 1688 3974 digitorum
1740 3905 1973 3957 Victoris
2029 3919 2319 3972 compages

750 4010 1002 4062 eousque
1037 3993 1310 4062 confringi
1358 3995 1540 4062 jussit,
1583 3993 1769 4062 quoad
1808 4010 1837 4047 e
1867 3994 2008 4064 pelle
2055 3995 2167 4062 ipsa
2200 3995 2315 4047 exi-

750 4094 892 4138 rent.
926 4085 1045 4150 Quo
1075 4085 1240 4148 facto,
1271 4085 1461 4138 Victor
1488 4085 1564 4139 ait
1601 4106 1613 4138 :
1650 4085 1865 4146 Gratias
1891 4101 1990 4155 ago
2031 4086 2140 4140 Deo
2169 4102 2313 4144 meo,

748 4175 897 4245 quod
960 4177 1192 4245 gratiam
1249 4193 1403 4230 suam
1465 4179 1778 4244 propiorem
1840 4177 1974 4230 mihi
2047 4176 2313 4230 ostendit.

748 4266 904 4320 Tunc
943 4268 1195 4335 quaesivit
1231 4267 1298 4319 ab
1332 4282 1397 4320 eo
1437 4267 1569 4331 dux,
1618 4281 1789 4334 quare
1835 4267 2018 4318 cibum
2069 4284 2178 4322 non
2222 4283 2314 4322 su-

748 4368 944 4413 meret.
973 4359 1072 4412 Cui
1106 4360 1388 4427 respondit
1410 4359 1598 4412 Vietor
1631 4376 1643 4412 :
1683 4357 1866 4411 Habeo
1903 4359 2016 4426 ipse
2051 4360 2314 4426 spiritua-

748 4454 854 4507 lem
883 4453 1090 4514 cibum,
1117 4468 1225 4519 quo
1252 4453 1309 4504 iit
1327 4460 1385 4504 ut
1404 4466 1512 4504 non
1537 4452 1773 4505 esuriam
1798 4454 1850 4504 in
1874 4461 2158 4506 aternutn.
2178 4451 2314 4503 Tum

2423 3279 2564 3329 ποιεῖ
2616 3281 2985 3348 καρποφορεῖν
3041 3280 3118 3348 τῷ
3168 3281 3306 3350 Θεῷ,
3357 3285 3430 3352 μὴ
3491 3287 3852 3353 συγχωροῦσα
3917 3287 3994 3356 τῷ

2421 3366 2599 3434 ἐχθρῷ
2633 3370 3015 3434 περιγενέσθαι
3057 3371 3258 3423 αὐτῶν.

2492 3455 2563 3511 Γ’.
2594 3457 2954 3521 Σεϐαστιανὺς
3012 3462 3038 3511 6
3093 3460 3217 3525 6065
3256 3457 3444 3514 εἶπεν·
3496 3465 3755 3534 ”Ε›;ρινας
3789 3469 3994 3534 μᾶλλον

2421 3548 2509 3599 τὸν
2544 3548 2772 3601 θάνατον
2797 3551 3012 3604 ἑλέσθαι
3049 3553 3080 3622 ἢ
3121 3553 3216 3620 τὴν
3253 3552 3434 3624 ζωήν;
3497 3555 3553 3610 ’0
3595 3559 3746 3626 ἆγιος
3780 3560 3994 3630 Βίκτωρ

2421 3635 2575 3692 εἶπεν
2598 3658 2609 3670 ⁸
2647 3636 2812 3703 Οὗτος
2852 3647 2879 3695 6
2911 3643 3135 3707 θάνατος
3167 3644 3566 3714 ζωὴνξαίώνιον
3607 3652 3996 3718 προξενεῖτοῖς

2425 3735 2589 3802 μέχρι
2644 3736 2834 3796 τέλους
2889 3738 3220 3805 ὑπομένουσι
3257 3742 3355 3801 τὰς
3389 3744 3756 3811 προσκαίρους
3791 3747 3997 3809 ταύτας

2424 3825 2710 3890 βασάνους.
2769 3829 2930 3891 Λέγει
2986 3827 3135 3896 αὐτῷ
3199 3831 3224 3879 6
3259 3832 3418 3893 6065'
3479 3834 3587 3883 Καὶ
3620 3836 3755 3898 ὅλως
3789 3841 3997 3906 ταύτης

2421 3909 2802 3979 ἐπεκράτησας
2833 3912 2930 3980 τῆς
2956 3915 3215 3985 γνώμης;
3262 3918 3320 3970 Ὀ
3355 3919 3508 3987 ἅγιος
3550 3921 3764 3994 Βίκτωρ
3800 3923 3989 3981 είττενο

2421 4002 2549 4057 Ναί.
2580 4005 2711 4055 Τότε
2737 4007 2763 4056 6
2796 4005 2919 4068 6605
2961 4008 3214 4060 ἐκέλευσε
3250 4013 3660 4083 συγκλασθῆναι
3691 4019 3789 4079 τὰς
3820 4021 3994 4089 ἁρμο-

2421 4089 2540 4150 νίας
2596 4093 2704 4142 τῶν
2738 4093 3015 4144 δακτύλων
3071 4098 3259 4157 αὑτοῦ,
3310 4099 3412 4160 ἕως
3472 4101 3534 4150 ἂν
3567 4105 3628 4151 ὲκ
3676 4105 3775 4170 τῆς
3833 4108 3996 4175 δορᾶς

2424 4180 2525 4206 ,μμ
2782 4183 2793 4198 .
2875 4186 2894 4199 ,,
3125 4187 3133 4199 ,
3347 4185 3364 4202 τ
3607 4193 3615 4206 .
3843 4198 3868 4207 -
3963 4200 3984 4207 -.

2421 4179 2730 4244 e;-./.9w3tv.
2799 4186 2838 4234 Ο
2872 4201 3026 4251 αγιος
3075 4187 3286 4256 Βικτωρ
3318 4206 3502 4241 ειπεν·
3550 4190 3878 4263 Ευχαριστω
3922 4217 3996 4266 τῳ

2421 4271 2538 4340 Θεῷ
2581 4290 2681 4342 μου
2728 4275 2980 4338 πάντοτε,
3028 4279 3107 4330 ὅτι
3152 4281 3379 4348 ἤγγισεν
3425 4284 3455 4350 ἠ
3504 4283 3661 4350 χάρις
3717 4288 3882 4340 αὐτοῦ
3919 4295 3999 4351 εἰς

2422 4364 2541 4430 ἐμέ.
2581 4367 2742 4432 Λέγει
2772 4367 2916 4435 αὐτῷ
2956 4371 2982 4420 6
3011 4368 3163 4431 6065‘
3196 4373 3291 4420 Διὰ
3325 4373 3374 4421 τί
3439 4372 3537 4440 τὴν
3592 4376 3776 4426 ἄνοιαν
3816 4396 3909 4430 σου
3936 4377 3995 4431 οὐ

2422 4454 2757 4523 λαμὸἁνειςς
2800 4457 2858 4508 ’0
2891 4459 3047 4523 ἆγιος
3077 4460 3288 4528 Βίκτωρ
3325 4459 3503 4512 εἶπεν·
3532 4463 3652 4516 Ὀτι
3682 4464 3874 4533 βιαίως
3904 4472 3998 4520 καὶ

749 4540 1018 4606 illejussit
1043 4537 1317 4592 fornacem
1336 4538 1583 4598 accendi,
1602 4548 1654 4589 et
1683 4540 1949 4592 Victorem
1974 4542 2025 4591 in
2042 4556 2158 4592 eam
2187 4557 2315 4593 con-
2352 4551 2396 4607 υ

2352 4551 2396 4607 D
2425 4548 2623 4607 ἀδίκως
2655 4551 2990 4610 ἀπαιτείται,
3017 4551 3109 4601 καὶ
3140 4550 3260 4602 οὔτε
3300 4553 3598 4622 λαμϐάνειν
3637 4557 3761 4610 οὔτε
3789 4561 3996 4613 ἐσθίειν

745 4632 949 4698 jectum
975 4631 1041 4683 ad
1076 4633 1299 4683 tertium
1332 4644 1503 4698 usque
1541 4629 1683 4683 diem
1717 4630 1945 4683 servari.
1980 4630 2312 4698 Factumque

748 4723 854 4778 fuit
913 4722 1007 4775 ita.
1069 4721 1255 4775 Tertio
1321 4732 1505 4774 autem
1569 4721 1656 4775 die
1715 4737 1838 4775 cum
1893 4722 1982 4775 ille
2058 4723 2311 4791 epinare~

751 4820 841 4868 tur
878 4813 1154 4866 Victorem
1203 4812 1270 4865 ab
1317 4813 1439 4880 igne
1465 4817 1876 4880 {consumptum
1926 4814 2117 4877 fuisse,
2151 4815 2315 4883 jussit

747 4907 1029 4961 fornacem
1066 4905 1292 4974 aperiri,
1345 4915 1401 4958 et
1447 4909 1704 4976 martyris
1752 4907 1968 4960 cineres
2021 4908 2073 4959 in
2110 4906 2311 4959 ﬁumen

748 4997 1014 5066 demergi.
1094 4997 1370 5049 Patel‘acta
1433 4997 1598 5064 igitur
1653 4997 1916 5058 fornace,
1981 4996 2313 5049 invenerunt

753 5087 1025 5139 Victorem
1053 5087 1232 5154 ipsum
1262 5085 1472 5147 vivum,
1509 5095 1565 5138 et
1593 5087 1764 5140 Deum
1799 5087 2137 5150 laudantem,
2164 5087 2311 5156 quod

749 5177 891 5248 ignis
919 5178 1040 5247 ejus
1075 5191 1275 5244 corpus
1319 5192 1429 5230 non
1484 5179 1762 5246 tetigerat.
1813 5179 1934 5231 Mox
1987 5179 2153 5247 jussit
2203 5178 2313 5231 dux

749 5284 960 5321 venena
994 5267 1254 5336 pestifera
1300 5282 1422 5320 cum
1469 5269 1730 5322 carnibus
1769 5270 2058 5322 eommista
2101 5270 2312 5325 edenda

750 5360 829 5413 illi
882 5361 1134 5429 proponi.
1170 5358 1300 5423 Quae
1326 5373 1451 5414 cum
1480 5376 1507 5410 a
1545 5361 1788 5413 veneﬁco
1817 5363 2049 5428 quodam
2094 5362 2315 5416 homine

753 5465 1002 5520 porrecta
1035 5451 1085 5506 ei
1116 5451 1380 5515 fuissent,
1435 5460 1660 5506 sanctus
1709 5464 1916 5524 martyr
1961 5454 2150 5508 Victor
2194 5457 2313 5509 ait:

751 5545 883 5599 Mihi
941 5545 1163 5612 quidem
1213 5561 1316 5599 non
1374 5544 1571 5600 liceret
1613 5561 1810 5600 carnes
1837 5558 2077 5616 gustare,
2127 5548 2222 5601 sed
2257 5557 2317 5602 ut

752 5653 1052 5707 cognoscas
1078 5639 1344 5694 veneﬁcia
1375 5652 1464 5695 tua
1504 5641 1662 5694 nihili
1690 5655 1836 5703 esse,
1866 5656 1934 5695 en
1960 5641 2093 5696 istas
2121 5656 2315 5696 carnes

753 5730 1063 5783 comedam.
1097 5728 1346 5799 Cumque
1386 5730 1509 5784 illas
1557 5746 1587 5785 e
1639 5731 1893 5785 manibus
1937 5733 2167 5786 veneﬁci
2218 5732 2315 5785 ho-

753 5821 922 5878 minis
980 5825 1300 5892 accepisset,
1357 5821 1636 5881 Christum
1695 5833 1985 5894 preeatus,
2042 5825 2312 5892 ejusmodi

2423 4635 2678 4703 βοὺὶομαι
2722 4638 2779 4700 ἐξ
2808 4640 3007 4708 αὐτῆςσ
3041 4643 3147 4710 ἔχω
3171 4644 3223 4695 δὲ
3255 4646 3350 4712 τὴν
3376 4653 3756 4718 πνευματικὴν
3787 4656 3999 4724 τροφὴν

2421 4725 2511 4780 καὶ
2535 4730 2594 4780 οὑ
2630 4730 2701 4800 μὴ
2733 4733 2971 4785 πεινάσω
3005 4731 3082 4796 είς
3122 4736 3211 4788 τὸν
3261 4737 3454 4792 αἰῶνα.
3485 4741 3666 4793 Ταῦτα
3701 4745 3941 4809 ἀκούσας
3971 4747 3998 4798 6

2418 4821 2561 4886 6065,
2596 4823 2880 4874 ἐκέλευσεν
2940 4826 3202 4893 ἐκκαῆναι
3251 4831 3478 4894 κάμινον
3511 4831 3598 4882 καὶ
3653 4835 3997 4904 ἐμϐληθῆναι

2422 4909 2581 4958 αὐτὸν
2639 4909 2695 4959 ἐν
2742 4911 2899 4980 αὐτῇ,
2961 4912 3117 4981 ἄχρις
3147 4915 3369 4984 ἡμερῶν
3403 4919 3591 4986 τριῶν
3647 4925 3740 4974 καὶ
3775 4927 3998 4990 ἐγένετο

2419 4993 2611 5058 οὕτως.
2655 4999 2809 5050 Μετὰ
2867 5001 2925 5052 δὲ
2972 5001 3069 5063 τὰς
3115 5005 3262 5071 τρεῖς
3290 5005 3523 5075 ἡμέρας,
3557 5010 3784 5075 νομίσας
3818 5012 3846 5062 6
3873 5013 4000 5077 6065

2419 5089 2724 5157 ἀνηλῶσθαι
2752 5092 2911 5141 αὐτὸν
2937 5093 3039 5142 ὑπὸ
3069 5093 3160 5144 τοῦ
3188 5096 3378 5162 πυρὸς,
3399 5096 3685 5149 ἐκέλευσεν
3708 5102 3998 5172 ἀνοιγῆναι

2419 5179 2518 5246 τὴν
2543 5179 2770 5246 κάμινον
2794 5180 2887 5231 καὶ
2911 5181 3132 5249 ῥιφῆναι
3161 5181 3226 5232 τὰ
3255 5183 3388 5236 ὀστᾶ
3413 5187 3578 5239 αὑτοῦ
3605 5191 3684 5250 είς
3710 5191 3802 5241 τὸν
3834 5207 4004 5246 ποτα·

2425 5269 2524 5336 μόν
2551 5285 2563 5298 ’
2603 5270 2694 5321 καὶ
2719 5272 3025 5336 ἀνοίξαντες
3077 5274 3268 5345 αὐτὴν,
3299 5271 3459 5345 εὗρον
3495 5280 3657 5330 αὐτὸν
3690 5279 3872 5343 ζῶντα
3905 5287 4001 5336 καὶ

2420 5361 2710 5424 δοξάζοντα
2759 5363 2848 5414 τὸν
2895 5363 3048 5429 Θεὸν,
3080 5364 3146 5417 δι’
3195 5368 3274 5417 ὅτι
3307 5367 3416 5418 οὐδ’
3456 5369 3591 5431 ὅλως
3623 5371 3802 5440 ἥψατο
3831 5377 4000 5427 αὐτοῦ

2421 5453 2481 5506 τὸ
2511 5453 2639 5523 πῦρ.
2671 5455 2803 5507 Τότε
2837 5456 3119 5510 ἐκέλευσεν
3143 5461 3168 5510 6
3208 5460 3331 5525 6065
3365 5462 3629 5532 φάρμακα
3672 5468 4001 5534 ἀναιρετικὰ

2420 5545 2639 5614 δοθῆναι
2665 5546 2812 5614 αὑτῷ
2844 5551 3040 5614 φαγεῖν
3073 5551 3213 5618 μετὰ
3260 5552 3433 5619 κρεῶν
3453 5567 3468 5581 ⁶
3521 5557 3614 5606 καὶ
3642 5557 4002 5612 ἑπιδοθέντων

2421 5636 2571 5706 αὑτῷ
2621 5636 2729 5690 τῶν
2758 5641 3067 5720 φαρμάκων
3125 5641 3228 5694 ὑπὸ
3279 5643 3374 5695 τοῦ
3410 5645 3606 5714 μάγου,
3641 5648 3745 5718 ἔφη
3778 5653 3805 5701 6
3846 5650 4002 5716 ἅγιος

2423 5729 2671 5799 Βίκτωρο
2728 5731 2840 5782 Οὐκ
2892 5732 3009 5794 ἐξόν
3047 5737 3136 5801 μοι
3180 5729 3249 5803 ἦν
3277 5735 3454 5803 κρεῶν
3490 5739 3764 5808 ἅψασθαιυ
3822 5744 3906 5795 ἵνα
3946 5748 4002 5797 δὲ

2423 5825 2586 5895 γνῷς,
2620 5825 2699 5879 ὅτι
2729 5825 2880 5880 οὐδέν
2907 5829 3041 5882 εἰσιν
3071 5830 3122 5881 at
3157 5832 3381 5900 μαγεῖαι
3409 5849 3521 5904 σου,
3549 5836 3641 5887 καὶ
3672 5839 4002 5908 καταφρονῶ
