4230 6436
219 429 332 493 261

1243 437 1419 498 VITA
1453 437 1556 497 SS.
1593 439 1952 500 VICTORIS
1994 444 2086 501 ET
2127 445 2472 512 CORON/E.

3371 453 3478 519 262

219 545 420 608 αὑτὰς,
457 545 620 598 ἐσθίω
651 545 1056 616 ἁνυπερθέτως.
1094 547 1203 599 Καὶ
1253 549 1545 618 δεξάμενος
1602 553 1666 603 ὲκ
1699 551 1806 603 τῶν
1836 561 1878 615 Α

1794 569 1806 603 ι
1836 561 1878 615 Α
1910 555 2175 611 carnibus
2209 559 2358 611 vesci
2395 560 2584 624 cmpit,
2615 576 2791 631 neque
2824 565 3125 633 quidquam
3180 568 3305 620 mali
3342 584 3464 637 pas-

219 636 424 705 χειρῶν
472 636 566 688 τοῦ
605 637 805 705 μάγου,
842 637 1286 706 προσευξάμενος
1319 639 1395 708 τῷ
1420 641 1664 709 Χριστῷ,
1704 642 1798 710 ἦρα

215 727 353 789 ξατο
391 728 588 779 ἐσθίειν
616 743 630 756 θ
665 729 755 780 καὶ
788 726 976 795 φαγὼν
1005 729 1158 780 οὐδὲν
1185 729 1387 780 ἔπαθεν
1414 732 1602 782 κακόν.
1647 732 1706 783 Ὀ
1739 732 1795 784 δι

217 820 398 884 μάγος
429 820 522 870 ἐπὶ
574 809 649 888 τῇ
688 823 865 890 οἰκείᾳ
923 821 1128 888 μαγείᾳ
1157 822 1601 889 καταισχυνθεὶς,
1630 840 1799 891 προσ-

211 909 427 976 ήγαγεν
456 909 604 978 αὑτῷ
636 911 793 962 πάλιν
829 911 992 981 ἕτερα
1028 911 1298 980 φάρμακα
1349 912 1460 965 τῶν
1515 915 1799 984 προτέρων

208 997 489 1066 δεινότερα
523 1003 615 1051 καὶ
638 1001 784 1066 λέγει
813 1001 962 1070 αὑτῷ
992 1018 1004 1030 ’
1036 1003 1147 1078 Καὶ
1171 1003 1266 1056 νῦν
1304 1004 1452 1067 δέξαι
1502 1010 1595 1058 καὶ
1622 1007 1761 1073 φάγε
1783 1022 1795 1035 ·

211 1089 307 1137 καὶ
343 1089 438 1138 ἐὰν
488 1089 677 1156 φαγὼν
727 1091 892 1157 μηδὲν
922 1093 1102 1161 πάθῃς
1150 1093 1342 1158 κακὸν,
1400 1095 1799 1165 καταλιμπάνω

213 1195 318 1245 μου
346 1179 446 1241 τὰς
479 1180 732 1248 μαγείας,
771 1184 865 1234 καὶ
908 1187 1150 1236 πιστεύω
1201 1185 1356 1254 κάγὼ
1388 1187 1462 1254 τῷ
1488 1189 1606 1258 Θεῷ
1634 1182 1677 1255 ᾧ
1708 1190 1798 1241 λα-

207 1267 451 1335 τρεύεις.
503 1269 771 1332 Λαϐόντος
836 1273 891 1324 δὲ
926 1274 1020 1326 τοῦ
1057 1276 1326 1344 μακαρίου
1386 1277 1665 1349 Βίκτορος,
1703 1280 1797 1332 καὶ

207 1359 503 1423 φαγόντος,
528 1362 619 1412 καὶ
655 1363 822 1430 μηδὲν
855 1365 1120 1428 παθόντος
1152 1369 1342 1432 κακὸν,
1373 1370 1633 1439 ἀνεϐόησε
1661 1373 1795 1441 μετᾶ

208 1450 395 1516 φωνῆς
433 1452 460 1501 6
501 1453 672 1518 μάγος
707 1457 797 1505 καὶ
831 1451 984 1508 εἶπεν
1014 1473 1026 1484 ⁸
1074 1459 1384 1529 Ἐνίκησας,
1420 1462 1598 1533 ψυχὴν
1623 1465 1793 1516 ἀπολ-

206 1535 456 1608 λυμένην
494 1539 550 1603 ἐξ
582 1541 709 1610 ᾅδου
769 1546 1096 1613 ἀναγαγών·
1156 1551 1346 1619 ὥσπερ
1403 1554 1512 1622 γὰρ
1570 1554 1794 1622 ἀνδριὰς

207 1629 449 1696 χαλκοῦς
474 1632 805 1698 παλαιωθεὶς
839 1638 932 1687 καὶ
966 1640 1069 1690 ὑπὸ
1119 1640 1211 1691 τοῦ
1244 1644 1492 1709 τεχνίτου
1528 1645 1794 1716 σμηχθεὶς

206 1722 617 1787 ἀνακαινοῦται,
641 1725 809 1788 οὕτως
835 1731 927 1780 καὶ
959 1731 984 1780 6
1026 1731 1311 1800 ἄνθρωπος
1343 1735 1368 1784 6
1406 1735 1462 1784 ἐν
1489 1738 1672 1797 κακοῖς
1694 1753 1797 1788 πα-

206 1812 484 1880 λαιωθεὶς,
517 1817 612 1868 ἐὰν
639 1820 965 1892 ἐπιστρέψῃ,
989 1823 1147 1887 σώζει
1167 1826 1326 1877 αὑτὸν
1343 1828 1369 1878 6
1388 1827 1516 1889 Θεὸς
1539 1831 1604 1897 τῇ
1628 1830 1790 1882 αὑτοῦ

202 1905 415 1973 χάριτι.
452 1907 583 1961 Τότε
614 1913 640 1962 6
676 1914 848 1979 μάγος
894 1917 1236 1985 παραχρῆμα
1284 1921 1587 1973 κατέκαυσε
1647 1924 1781 1994 πυρὶ

205 1996 388 2058 πασας
408 2001 505 2059 τὰς
525 2003 760 2068 μαγικὰς
786 2004 948 2055 αὑτοῦ
979 2007 1194 2073 βίϐλους
1215 2011 1304 2060 καὶ
1328 2014 1458 2062 πᾶσι
1477 2014 1586 2073 τοῖς
1609 2013 1785 2083 ὑπαρ-

202 2107 393 2158 κουσιν
430 2092 595 2144 αὑτοῦ
628 2094 1059 2163 ἀποταξάμενος,
1085 2103 1305 2165 γέγονεν
1352 2101 1700 2169 Χριστιανός.

274 2189 350 2237 Δ’.
388 2185 605 2237 Τούτων
664 2187 720 2238 δὲ
761 2189 977 2239 πάντων
1027 2189 1197 2251 οὕτως
1245 2192 1577 2259 γενομένων,
1632 2195 1736 2264 ἔφη
1764 2199 1789 2248 6
1823 2204 1865 2256 Β

197 2277 327 2340 δοὺξ
360 2277 438 2346 τῷ
468 2279 720 2348 μακαρίῳ
759 2280 979 2349 Βίκτορι
1007 2298 1017 2309 ·
1065 2283 1325 2334 ἐπίθυσον
1356 2287 1464 2346 τοῖς
1501 2285 1782 2358 μεγίστοις

200 2368 369 2430 θεοῖς,
401 2370 492 2420 καὶ
523 2372 682 2435 γενοῦ
719 2371 904 2422 λοιπὸν
950 2373 1171 2436 συνετὸς
1227 2377 1321 2426 καὶ
1349 2377 1648 2445 οφρόνιμος.
1727 2379 1784 2430 Ὀ

201 2460 356 2523 arto;
420 2459 636 2525 Βίκτωρ
677 2457 868 2511 εἶπεν·
919 2462 1061 2527 Ἐγὼ
1108 2464 1336 2516 πάντοτε
1397 2469 1618 2528 συνετός
1670 2469 1784 2536 εἰμι

199 2545 290 2595 τὸν
308 2545 440 2598 Θεὸν
466 2548 822 2614 ὲπιγνώσκων
850 2568 861 2579 ·
886 2550 945 2603 ’0
968 2552 1091 2614 δοὺξ
1118 2549 1272 2605 εἶπεν
1295 2572 1305 2581 ·
1339 2558 1508 2610 Τοῦτο
1543 2563 1640 2613 οὐκ
1671 2563 1784 2616 ἔστι

200 2637 445 2699 σύνεσις,
508 2639 644 2691 ἀλλὰ
695 2642 895 2710 μωρία,
933 2644 993 2693 τὸ
1038 2644 1112 2712 μὴ
1152 2644 1438 2711 βούλεσθαι
1492 2650 1640 2703 θύειν
1673 2657 1784 2714 τοῖς

199 2727 368 2787 θεοῖς.
407 2729 466 2779 '0
491 2729 642 2794 ἆγιος
675 2731 885 2800 Βίκτωρ
913 2727 1104 2784 εἶπεν·
1138 2735 1220 2786 Τὰ
1254 2741 1409 2805 μωρὰ
1448 2740 1542 2792 τοῦ
1576 2744 1780 2812 κόσμου

197 2818 482 2881 ἐξελέξατο
504 2821 530 2871 6
563 2821 718 2885 Θεὸς,
753 2823 838 2874 ἵνα
865 2826 992 2888 τοὺς
1023 2827 1220 2895 σοφοὺς
1252 2833 1606 2904 καταισχύνῃ.
1639 2836 1783 2904 Ἔφη

199 2912 339 2978 πρὸς
373 2912 534 2966 αὐτὸν
569 2916 594 2968 6
622 2914 745 2982 δούξ
772 2932 784 2946 °
817 2917 926 2969 Ποῦ
953 2918 1265 2990 γέγραπται
1300 2923 1506 2990 mira;
1545 2925 1602 2980 Ὀ
1628 2928 1781 2996 ἅγιος

199 3002 417 3072 Βίκτωρ
470 3000 622 3056 εἶπεν
651 3022 662 3034 ·
700 3009 910 3072 Παῦλος
945 3013 972 3062 6
999 3013 1296 3077 ἀπόστολος
1352 3016 1587 3080 ἐδίδαξεν
1613 3022 1778 3088 ἡμᾶς.

211 3093 271 3142 '0
313 3094 437 3156 δοὺξ
485 3093 634 3147 εἶπεν
658 3114 670 3124 ·
705 3101 918 3152 Οὐκοῦν
941 3104 1071 3164 Θεὸς
1100 3101 1164 3173 ἦν
1190 3109 1217 3156 ὁ
1248 3108 1493 3174 Παῦλος;
1542 3112 1598 3164 ’0
1625 3112 1780 3181 ἅγιος

199 3183 418 3250 Βίκτωρ
452 3183 639 3237 εἶπεν·
695 3189 906 3251 Παῦλος
958 3193 1092 3253 Θεὸς
1125 3197 1226 3247 οὐκ
1263 3198 1429 3263 ἐστιν,
1465 3202 1599 3254 ἀλλὰ
1643 3205 1778 3258 Θεοῦ

194 3272 498 3335 ἀπόστολος
533 3277 627 3327 καὶ
666 3278 825 3345 σοφὸς
852 3281 1188 3350 ἀρχιτέκτων
1215 3301 1227 3313 ·
1261 3287 1352 3339 ἐπὶ
1377 3289 1484 3358 γὰρ
1511 3293 1588 3359 τῷ
1617 3293 1779 3363 θεμε-

195 3364 300 3431 λίῳ
332 3364 408 3433 τῷ
436 3365 642 3419 τεθέντι
676 3370 995 3440 ᾠκοδόμησε
1026 3376 1118 3426 καὶ
1147 3377 1434 3447 ἐπλήρωσε
1469 3382 1567 3451 τὴν
1597 3386 1778 3437 οἰκου-

197 3455 371 3524 μένην
397 3458 496 3526 τῆς
533 3459 753 3530 διδαχῆς
793 3464 959 3516 αὐτοῦ
986 3483 1000 3497 ·
1031 3469 1125 3519 καὶ
1161 3465 1343 3521 λαϐὼν
1382 3474 1570 3540 σοφίαν
1623 3478 1772 3544 παρά

1909 659 2003 698 sus
2048 657 2148 700 est.
2187 649 2479 704 Veneficus
2535 662 2716 705 autem
2767 655 2856 708 ille
2899 672 3002 723 pro
3043 659 3157 712 suis
3198 660 3477 714 veneficiis

1907 737 2274 801 erubescens,
2333 741 2436 793 alia
2488 743 2736 809 quzedam
2786 746 2988 799 obtulit
3033 749 3314 816 prioribus
3370 751 3477 804 illis

1907 829 2094 894 pejora
2129 846 2139 880 :
2179 828 2324 894 l-lmc,
2350 833 2626 902 inquiens,
2681 836 2914 904 accipe:
2949 854 3071 907 qua:
3119 856 3241 894 cum
3292 859 3477 896 come-

1907 916 2074 981 deris,
2121 919 2165 972 si
2228 922 2365 974 nihil
2415 924 2543 977 mali
2599 937 2790 994 passus
2817 927 3009 992 fueris,
3059 934 3241 985 statim
3300 944 3472 986 artem

1907 1010 2171 1077 magicam
2197 1011 2598 1081 derelinquam,
2645 1025 2699 1070 et
2734 1020 2949 1071 credam
2997 1022 3158 1074 etiam
3221 1025 3333 1091 ipse
3365 1026 3476 1077 Deo

1906 1116 2073 1168 quem
2109 1111 2164 1154 tu
2199 1102 2354 1155 colis.
2392 1102 2526 1156 Cum
2554 1107 2720 1173 igitur
2768 1109 2963 1163 beatus
3021 1109 3212 1164 Victor
3259 1128 3470 1168 venena

1907 1193 1997 1248 illa
2031 1194 2379 1256 comedisset,
2400 1211 2576 1265 neque
2604 1198 2862 1264 quiddam
2893 1203 3016 1254 mali
3048 1219 3238 1272 passus
3262 1206 3472 1267 fuisset,

1904 1285 2184 1340 veneficus
2241 1286 2331 1339 ille
2359 1303 2552 1356 magna
2597 1304 2728 1343 voce
2775 1291 3017 1344 clamans
3057 1313 3070 1346 :
3112 1295 3214 1356 En,
3272 1297 3472 1367 inquit,

1904 1376 2111 1440 vicisti,
2161 1388 2218 1432 et
2270 1378 2511 1431 animam
2569 1395 2744 1434 meam
2800 1384 3008 1452 jamdiu
3058 1387 3350 1454 perditam,
3405 1387 3472 1445 ab

1909 1470 2106 1525 inferis
2136 1471 2396 1524 eduxisti.
2435 1473 2588 1526 Sicut
2621 1477 2767 1528 enim
2802 1485 2979 1531 statua
3009 1487 3172 1544 :crea,
3207 1497 3325 1550 qua:
3349 1484 3462 1553 jam

1907 1561 2213 1614 inveterata
2244 1572 2348 1625 est,
2384 1577 2412 1615 a
2443 1562 2597 1617 fabro
2633 1565 2817 1634 aliquo
2848 1570 3084 1636 expolita
3122 1584 3421 1627 renovatur
3450 1592 3463 1625 :

1904 1654 1976 1706 ita
2008 1664 2064 1706 et
2116 1669 2201 1706 me
2255 1656 2539 1718 miserum,
2601 1656 2653 1709 in
2702 1658 2860 1712 malis
2896 1660 3280 1727 inveteratum,
3329 1667 3470 1721 Deus

1903 1745 2020 1812 ipse
2070 1760 2164 1796 sua
2197 1747 2367 1813 gratia
2403 1761 2673 1802 renovans
2707 1753 2998 1816 convertit,
3037 1764 3091 1806 et
3140 1756 3204 1808 ad
3241 1759 3468 1813 salutem

1903 1835 2165 1887 traduxit.
2224 1836 2412 1904 Itaque
2461 1839 2738 1893 veneficus
2783 1840 2873 1893 ille
2915 1857 3107 1898 omnes
3141 1862 3268 1899 suos
3302 1848 3471 1902 libros

1891 1927 2130 1994 magicos
2177 1927 2287 1996 igni
2341 1929 2664 1994 combussit,
2694 1938 2748 1984 et
2781 1933 3036 1988 omnibus
3067 1936 3233 1991 rebus
3268 1954 3471 1992 renun-

1897 2017 2062 2081 tians,
2095 2016 2443 2073 Christianus
2481 2018 2660 2072 factus
2692 2030 2803 2074 est.

1967 2199 2055 2252 ιν.
2087 2199 2222 2253 Cum
2257 2199 2370 2255 haec
2394 2200 2466 2253 ita
2500 2215 2556 2256 se
2585 2200 2870 2266 haberent,
2905 2203 3012 2256 dux
3041 2205 3108 2257 ad
3130 2206 3348 2261 beatum
3377 2205 3469 2262 Vi-

1888 2293 2094 2343 ctorem
2129 2307 2430 2346 conversus
2463 2311 2478 2346 :
2511 2292 2788 2357 Sacrifica,
2832 2296 3030 2366 inquit,
3058 2299 3163 2352 diis
3194 2305 3466 2367 maximis,

1886 2391 2073 2435 etcsto
2099 2385 2362 2451 prudens.
2387 2386 2576 2439 Victor
2600 2387 2911 2455 respondit:
2940 2388 3051 2457 Ego
3069 2394 3307 2457 prudens
3326 2409 3467 2447 sem-

1885 2489 1983 2542 per
2034 2490 2194 2535 sum,
2237 2491 2361 2528 cum
2390 2476 2558 2529 Deum
2591 2492 2939 2547 cognoscam.
2995 2480 3112 2533 Non
3146 2493 3249 2547 est,
3288 2487 3464 2554 inquit

1885 2566 2362 2634 dux,prudentia',
2397 2570 2489 2621 sed
2509 2570 2755 2623 stultitiae
2773 2571 3010 2638 signum,
3039 2575 3181 2626 nolle
3208 2575 3313 2628 diis
3333 2579 3466 2645 ipsis

1894 2658 2233 2712 sacrificare.
2265 2660 2343 2712 Ad
2371 2660 2486 2714 h:ec
2530 2676 2754 2715 sanetus
2794 2663 3017 2718 Victor:
3059 2665 3233 2719 Stulta
3270 2672 3462 2723 mundi

1889 2748 2054 2815 elegit
2105 2750 2268 2811 Deus,
2326 2760 2384 2802 ut
2435 2753 2714 2819 sapientes
2771 2756 3142 2810 confundat‘.
3197 2759 3350 2812 Tunc
3387 2761 3463 2814 ait

1887 2837 2040 2890 dux:
2088 2840 2153 2891 Et
2199 2841 2418 2892 ubinam
2477 2845 2578 2896 hoc
2621 2843 2883 2912 scriptum
2921 2846 3166 2915 legitur?
3224 2849 3324 2904 Cui
3375 2868 3459 2908 rc-

1883 2929 2104 2999 spondit
2141 2931 2323 2987 Victor
2357 2950 2367 2987 :
2403 2932 2601 2990 Paulus
2635 2935 2915 3004 apostolus
2947 2953 3046 2992 nos
3091 2939 3206 2994 haec
3247 2942 3457 3000 docuit.

1880 3023 2046 3084 Num,
2081 3025 2260 3092 inquit
2308 3027 2421 3087 ille,
2482 3029 2624 3082 Deus
2657 3039 2774 3081 erat
2803 3030 3041 3084 Paulus?
3087 3033 3188 3086 Cui
3224 3035 3450 3088 Victor:

1885 3111 2106 3166 Minime
2136 3115 2341 3168 Paulus
2373 3118 2517 3170 Deus
2541 3128 2645 3178 est,
2682 3121 2778 3172 scd
2816 3122 2908 3173 Dei
2938 3127 3245 3190 apostolus,
3289 3135 3340 3178 ct
3367 3141 3456 3178 sa-

1887 3206 2048 3275 piens
2096 3209 2474 3263 architectus:
2521 3211 2811 3265 wdiﬁcavit
2847 3215 2994 3266 enim
3048 3231 3212 3284 super
3260 3218 3457 3270 funda-

1880 3309 2126 3352 mentum
2166 3301 2313 3369 quod
2356 3303 2596 3368 positum
2638 3303 2818 3357 fuerat
2845 3306 2885 3366 ',
2939 3315 2995 3358 et
3036 3293 3289 3358 doctrina
3349 3323 3449 3360 sua

1880 3391 2072 3444 orbem
2125 3401 2397 3445 terrarum
2440 3395 2672 3461 replevit
2728 3413 2740 3446 :
2797 3397 2892 3462 qui
2945 3411 3068 3449 cum
3116 3399 3448 3464 sapientiam

1880 3483 1984 3536 sibi
2003 3498 2029 3534 a
2048 3483 2159 3536 Deo
2177 3483 2424 3536 traditam
2444 3485 2766 3552 accepisset,
2787 3485 3094 3538 divinarum
3121 3487 3448 3541 Litterarum

192 3547 356 3607 Θεοῦ,
396 3549 553 3617 ἔσχεν
579 3554 637 3603 ὲν
672 3555 852 3622 ἑαυτῷ
879 3559 937 3607 τὸ
966 3558 1239 3629 πλήρωμα
1274 3563 1380 3614 τῶν
1417 3565 1648 3634 Γραφῶν
1679 3570 1770 3622 καὶ
1800 3553 1841 3609 C

1800 3553 1841 3609 ο
1881 3574 2096 3643 plenam
2143 3575 2550 3645 perfectamque
2577 3547 2590 3552 I
2621 3578 2872 3630 notitiam
2932 3578 2984 3629 in
3016 3592 3072 3630 se
3117 3578 3334 3640 habuit,
3394 3590 3447 3632 et

192 3636 396 3700 ἔδειξεν
422 3640 539 3690 ὁδὸν
562 3645 672 3704 τοῖς
698 3645 938 3713 σωθῆναι
965 3647 1330 3718 βουλομένοις.
1364 3657 1420 3706 ’0
1450 3658 1572 3721 δοὺξ
1598 3658 1769 3713 εἶπενο

193 3729 411 3782 Παῦσαι
445 3732 633 3785 λοιπὸν
658 3737 780 3816 Δτῆς
836 3741 1048 3808 μωρίας
1113 3759 1203 3794 σου
1233 3747 1457 3816 ταύτης,
1491 3753 1582 3801 καὶ
1613 3751 1773 3803 θῦσον

188 3825 308 3884 τοῖς
326 3821 492 3888 Θεοῖς,
522 3811 764 3879 ὲπεὶόὑκ
787 3828 1127 3899 ὼφελήσουσί
1154 3852 1208 3887 σε
1233 3839 1300 3888 τὰ
1336 3811 1554 3907 ῥηματα
1577 3841 1768 3896 ταῦτα.

202 3913 266 3968 Ὀ
290 3915 442 3981 ἅγιος
474 3919 687 3990 Βίκτωρ
713 3918 899 3975 εἶπεν
937 3925 1051 3979 Οὐκ
1085 3929 1200 3997 είμὶ
1230 3931 1432 4000 μωρὸς,
1465 3934 1599 3987 ἀλλά
1632 3939 1772 3989 πάνυ

191 4008 462 4075 φρόνιμος
499 4009 589 4057 τὸν
645 4011 776 4060 Θεὸν
813 4029 915 4077 μου
971 4018 1045 4083 μὴ
1096 4020 1429 4086 ἀρνούμενος
1456 4040 1469 4054 ⁶
1513 4028 1685 4091 μωροὶ
1715 4027 1771 4079 δέ

190 4099 300 4149 εἰσι
333 4098 423 4147 καὶ
456 4098 690 4167 ἄφρονες
721 4101 770 4152 οί
794 4103 1084 4168 ἀκούοντές
1119 4125 1210 4160 σου
1237 4113 1330 4163 καὶ
1361 4112 1578 4182 δαίμοσι
1613 4117 1771 4169 θύον-

189 4211 286 4256 τες
308 4211 321 4223 ·
362 4195 457 4248 καὶ
489 4197 596 4265 γὰρ
632 4199 659 4248 6
712 4201 896 4267 πατὴρ
928 4203 1081 4271 ὑμῶν
1132 4206 1158 4256 6
1187 4205 1431 4270 διάϐολος
1464 4210 1560 4262 ἀπ’
1598 4212 1771 4280 ἀρχῆς

188 4287 435 4356 ψεύστης
461 4292 611 4341 ἐστὶν
643 4292 735 4342 καὶ
775 4293 872 4361 τὴν
897 4294 1156 4362 ἀλήθειαν
1207 4297 1306 4349 οὐκ
1348 4298 1506 4363 ἔγνω,
1559 4300 1633 4360 ὡς
1679 4303 1773 4352 καὶ

191 4380 356 4446 ὑμεῖς
393 4380 448 4431 οἱ
478 4381 716 4434 διάκονοι
749 4384 941 4436 αὑτοῦ·
998 4385 1134 4438 ἀλλὰ
1166 4388 1259 4438 καὶ
1286 4389 1339 4439 αἱ
1366 4390 1583 4456 καρδίαι
1619 4393 1770 4461 ὑμῶν

191 4475 578 4544 πεπήρωνται,
603 4475 700 4545 τὴν
728 4477 931 4544 γνῶσιν
961 4477 1060 4546 τῆς
1093 4478 1351 4547 ἀληθείας
1387 4480 1461 4551 μὴ
1491 4480 1728 4550 ἔχουσαι.

265 4655 340 4707 E'.
377 4655 510 4705 Τότε
542 4653 817 4722 θυμωθεὶς
850 4657 876 4706 6
909 4656 1035 4718 δοὺε
1065 4657 1317 4710 ἐκέλευσε
1349 4659 1416 4712 τὰ
1443 4660 1768 4730 νεῦραὸλου

186 4747 284 4800 τοῦ
321 4745 570 4814 σώματος
600 4746 763 4799 αὑτοῦ
788 4748 1132 4820 ἀποκοπῆναι
1151 4766 1164 4779 ⁸
1202 4751 1299 4804 καὶ
1323 4752 1511 4806 τούτου
1539 4759 1769 4825 γενομέ-

1879 3664 1989 3725 his,
2030 3663 2121 3731 qui
2157 3664 2292 3716 salvi
2325 3679 2446 3717 esse
2483 3664 2737 3731 cupiunt,
2791 3665 2932 3717 viam
2981 3668 3239 3719 ostendit.
3291 3667 3451 3722 Tunc

1876 3756 1955 3806 ait
2006 3754 2114 3806 dux
2154 3771 2166 3804 :
2218 3754 2415 3807 Desine
2458 3755 2510 3806 in
2554 3764 2834 3823 posterum
2875 3757 2942 3810 ab
2985 3757 3086 3811 ista
3135 3758 3345 3813 insania
3397 3771 3454 3814 et

1876 3843 1983 3898 diis
2005 3844 2297 3909 Sacrifica;
2343 3859 2451 3898 non
2487 3847 2634 3898 enim
2687 3846 2790 3899 tibi
2819 3846 3122 3915 proderunt
3153 3849 3319 3901 verba
3350 3850 3453 3903 ista

1877 3943 1990 3988 tua.
2027 3935 2271 3998 Minime,
2304 3934 2482 4002 inquit
2515 3935 2722 3998 Victor,
2752 3936 2978 3989 insanus
3023 3951 3122 4006 ego
3150 3949 3293 4000 sum,
3346 3941 3444 3992 sed

1876 4029 2034 4083 valde
2063 4028 2331 4095 prudens,
2363 4043 2486 4080 cum
2515 4029 2686 4081 Deum
2725 4044 2908 4081 meum
2952 4045 3059 4081 non
3101 4045 3309 4097 negem.
3351 4031 3440 4082 ln-

1878 4119 1998 4174 sani
2029 4129 2085 4174 et
2110 4119 2399 4173 dementes
2425 4126 2574 4182 sunt,
2624 4118 2718 4187 qui
2754 4127 2802 4172 te
2839 4117 3094 4181 audiunt,
3145 4129 3200 4171 et
3242 4119 3446 4172 dmino-

1878 4210 2044 4263 nibus
2069 4209 2324 4262 victimas
2348 4208 2586 4262 offerunt
2619 4225 2632 4260 :
2679 4207 2896 4261 Etenim
2927 4217 3083 4276 pater
3119 4217 3297 4260 vester
3321 4209 3445 4261 dia-

1875 4299 2036 4354 bolus
2065 4301 2296 4352 mendax
2325 4308 2428 4361 est,
2461 4308 2517 4351 et
2541 4299 2594 4349 in
2623 4299 2856 4351 veritate
2898 4314 3005 4350 non
3063 4300 3218 4351 stetit
3253 4315 3269 4350 :
3300 4299 3446 4352 sicut

1874 4400 1932 4444 et
1989 4405 2126 4452 vos,
2177 4389 2273 4458 qui
2329 4388 2462 4444 estis
2527 4388 2676 4442 illius
2702 4387 2939 4442 ministri
2975 4387 3017 4440 ³.
3066 4386 3213 4452 Quin
3277 4389 3442 4442 etiam

1873 4483 2044 4538 carda
2069 4493 2246 4535 vestra
2273 4489 2546 4537 excmcata
2580 4490 2729 4546 sunt,
2762 4481 3012 4534 veritatis
3045 4482 3298 4534 notitiam
3324 4498 3436 4536 non

1875 4573 2160 4628 habentia.

1953 4668 2020 4720 V.
2063 4667 2217 4721 Tunc
2251 4666 2436 4721 furore
2466 4681 2730 4721 accensus
2755 4666 2863 4719 dux
2918 4665 3030 4729 illc,
3079 4665 3242 4734 jussit
3274 4666 3445 4718 totius

1873 4760 2121 4824 corporis
2154 4759 2410 4825 martyris
2448 4773 2648 4811 nervos
2680 4757 2888 4811 divelli.
2931 4756 3049 4822 Quo
3094 4756 3262 4820 facto,
3303 4755 3444 4809 dixit

188 4857 308 4908 von,
342 4836 494 4892 εἶπεν
521 4843 548 4892 6
573 4841 726 4907 ἆγιος
773 4841 991 4911 Βίκτωρ
1016 4858 1028 4870 °
1096 4844 1281 4896 Ταῦτα
1316 4847 1492 4898 πάντα
1541 4849 1766 4916 πάσχων
1800 4864 1843 4921 υ

1800 4864 1843 4921 υ
1876 4857 2102 4903 sanctus
2133 4848 2320 4902 Victor
2356 4867 2369 4901 :
2403 4847 2541 4902 Cum
2570 4850 2751 4902 omnia
2789 4852 2902 4910 haec
2933 4863 2962 4900 a
2993 4859 3043 4900 te
3074 4849 3274 4917 patior,
3313 4848 3439 4899 nul-

190 4933 300 4982 ὑπὸ
321 4929 437 4990 σοῦ,
467 4930 574 4982 οὐδ’
605 4931 737 4991 ὅλως
769 4930 1016 5000 ᾐσθόμην
1040 4931 1348 4998 ἀλγηδόνος,
1374 4934 1461 4986 δια
1491 4936 1586 5005 τὴν
1609 4939 1767 5008 χάριν

187 5021 286 5073 τοῦ
322 5021 456 5072 Θεοῦ
481 5022 578 5089 τὴν
610 5023 1014 5092 ἐνδυναμοῦσάν
1053 5040 1119 5092 με
1149 5042 1161 5054 ·
1197 5024 1384 5092 ὥσπερ
1414 5028 1522 5096 γὰρ
1543 5030 1766 5095 κέντρον

189 5117 302 5171 ἀπὸ
336 5115 487 5176 ποδὸς
541 5117 909 5185 ἐκφερόμενον
951 5119 1274 5186 συνεκφέρει
1311 5119 1487 5186 ἐαυτῷ
1539 5120 1634 5189 τὴν
1666 5139 1766 5173 κα-

189 5211 417 5278 κουχίαν
456 5209 550 5260 καὶ
605 5210 786 5260 πᾶσαν
837 5210 935 5278 τὴν
986 5210 1255 5277 ἀλγηδόνα
1306 5213 1398 5262 καὶ
1459 5212 1763 5263 ἀνάπαυσιν

191 5307 422 5372 παρέχει
466 5306 543 5374 τῷ
576 5303 812 5373 σώματι,
863 5305 1036 5366 οὕτως
1088 5304 1263 5371 κάγὼ,
1289 5305 1396 5357 τῶν
1426 5307 1632 5375 νεύρων
1665 5325 1766 5374 μου

189 5394 676 5456 ἀποσπασθέντων,
703 5395 844 5446 πάνυ
886 5394 1284 5464 ἀνεπαυσάμην
1312 5395 1398 5447 διὰ
1429 5396 1526 5463 τὴν
1553 5400 1609 5446 ἐν
1636 5398 1769 5464 Χρι-

192 5488 306 5556 στῷ
336 5486 516 5538 πίστιν
547 5491 638 5538 καὶ
668 5487 767 5556 τὴν
803 5485 1156 5554 ὲνισχύουσάν
1191 5504 1255 5554 με
1285 5490 1463 5556 χάριν.
1501 5488 1632 5559 Τότε
1663 5489 1766 5541 πά-

189 5579 275 5631 λιν
307 5578 487 5643 ὁδοὺξ
532 5581 624 5629 ἐπὶ
682 5581 866 5631 πλεῖον
919 5578 1220 5646 ὀργισθεὶς,
1273 5581 1558 5631 ἐκέλευσεν
1588 5581 1766 5633 ἔλαιον

193 5670 437 5740 σφοδρῶς
471 5669 790 5738 πυρωθῆναι
823 5671 914 5721 καὶ
963 5670 1288 5740 ὲπιχεθῆναι
1319 5669 1466 5740 αὐτῷ
1496 5674 1632 5722 κατὰ
1663 5672 1767 5724 τῶν

267 5835 283 5867 ⁸
318 5833 338 5888 l
377 5830 504 5888 Cor.
535 5847 574 5900 1,
603 5831 691 5887 27.
770 5835 788 5863 ⁸
823 5831 839 5888 Ι
879 5831 1000 5887 Cor.
1045 5849 1127 5902 ιιι,
1160 5833 1245 5901 ll,
1301 5833 1385 5886 19..

1875 4942 1986 4995 lum
2044 4942 2270 4993 omnino
2301 4955 2495 4994 sensus
2529 4941 2774 4992 dolorem
2806 4938 3049 5007 percipio
3089 4948 3316 5007 propter
3345 4939 3441 4992 Dei

1874 5035 2127 5104 gratiam,
2178 5048 2298 5100 quze
2364 5047 2448 5085 me
2533 5033 2878 5086 corroborat.
2966 5032 3441 5096 Quemadmodum

1871 5127 2020 5180 enim
2062 5125 2338 5179 aculeusa
2373 5125 2510 5193 pede
2546 5126 2779 5192 alicujus
2813 5124 3059 5184 evulsus,
3097 5137 3283 5176 secum
3331 5137 3441 5175 una

1874 5218 2119 5271 dolorem
2152 5233 2369 5269 omnem
2391 5217 2592 5277 aufert,
2616 5223 2670 5267 et
2704 5216 2922 5284 corpori
2952 5213 3152 5270 deinde
3193 5214 3438 5282 requiem

1876 5307 2080 5375 praebet
2113 5325 2123 5358 :
2164 5309 2234 5360 ita
2267 5316 2322 5358 et
2353 5321 2475 5373 ego,
2510 5305 2695 5360 nervis
2722 5308 2857 5359 meis
2899 5305 3150 5365 divulsis,
3203 5306 3438 5355 maxime

1872 5409 2152 5453 recreatus
2213 5414 2356 5461 sum,
2416 5398 2600 5452 divina
2660 5398 2830 5466 gratia
2877 5412 2961 5450 me
3021 5395 3435 5448 corroborante.

1871 5492 2023 5546 Tunc
2053 5492 2159 5543 dux
2190 5490 2360 5556 magis
2391 5493 2671 5558 magisque
2704 5493 2902 5551 iratus,
2945 5488 3108 5560 jussit
3137 5488 3317 5541 oleum
3345 5502 3432 5540 vc-

1871 5583 2154 5637 Iiementer
2180 5580 2441 5642 caleﬁeri,
2474 5589 2527 5632 ct
2575 5580 2626 5632 in
2665 5581 2911 5633 occultas
2954 5590 3138 5647 partes
3185 5576 3434 5644 corporis

1870 5671 2106 5724 infundi.
2165 5668 2284 5734 Quo
2343 5671 2525 5730 facto,
2594 5669 2787 5724 beatus
2837 5677 3041 5737 martyr
3098 5668 3176 5722 ait
3225 5684 3237 5718 :
3296 5663 3433 5716 Tam

1466 5835 1483 5864 ³
1519 5829 1676 5889 Idan.
1721 5848 1836 5897 vni,
1878 5833 1966 5886 ιι.
