4230 6436
181 406 306 473 265

1191 413 1370 471 VITA
1422 413 1526 471 SS.
1571 412 1927 471 VICTORIS
1959 412 2053 470 ET
2094 413 2437 472 CORON/E.

3326 415 3432 476 266

180 525 310 576 πῶν
345 524 596 590 ἀγαθῶνο
643 526 847 589 τέλειος
881 521 928 579 εὶ
970 527 1060 578 ναὶ
1101 525 1308 585 δίκαιος
1339 523 1528 592 ὥσπερ
1553 525 1758 586 ἐκεῖνος
1791 530 1837 587 Α

1791 530 1837 587 Α
1869 525 2044 579 fectus
2071 527 2336 596 acjustus
2384 537 2438 581 tu
2475 541 2554 582 es.
2589 535 2648 580 ut
2684 526 2772 580 ille
2831 526 2931 580 fuit
2987 527 3038 580 in
3085 530 3436 598 generatione

177 619 240 668 ἐν
272 617 368 684 ὅλῃ
400 619 464 685 τῇ
495 619 659 688 γενεᾷ
691 618 856 670 αὑτοῦ
878 634 892 650 ·
915 616 1244 675 ἐπίστευσας
1270 616 1458 686 ὥσπερ
1488 615 1761 685 Ἀϐραάμ)

177 712 575 777 προσήνεγκας
608 710 801 763 ἐαυτὸν
824 710 899 779 τῷ
930 708 1048 777 Θεῷ
1087 709 1164 767 ὡς
1198 709 1388 760 Ἰσαάκ
1411 724 1424 740 ·
1466 709 1766 776 ὑπέμεινας

179 803 539 869 Ιιτειρασμοὺς
567 803 643 864 ὼς
687 802 904 863 Ἰακὼϐ,
939 801 1100 870 ήνίκα
1140 801 1393 852 ἐδιώκετο
1427 800 1531 852 ὑπὸ
1574 799 1765 852 Ἠσαῦ·

177 891 484 960 ἐσοφίσθης
505 891 694 959 ὥσπερ
730 884 1000 959 “lustris?!
1021 891 1263 956 ἐγνώσθη
1286 891 1352 941 τὰ
1381 890 1768 958 ἀποϐησόμενα

183 989 321 1052 περὶ
358 985 452 1037 τοῦ
481 984 643 1053 λιμοῦ
712 984 806 1037 καὶ
835 985 1024 1050 ἐγένου
1066 982 1332 1052 φρόνιμος
1390 983 1486 1034 καὶ
1538 982 1728 1042 πιστός

181 1075 436 1143 ᾕθλησας
461 1075 534 1137 ὠς
578 1074 720 1139 Ἰὼϐ,
744 1076 798 1136 ὃς
826 1074 1054 1134 πολλοὺς
1075 1073 1419 1143 πειρασμοὺς
1450 1073 1765 1139 ὑπομείνας.

184 1167 412 1234 ἐνίκησε
443 1167 533 1217 τὸν
565 1167 779 1236 ἐχθρόν·
809 1167 1087 1237 ἐζήλωσας
1114 1168 1205 1218 τὸν
1239 1164 1489 1226 Ἡσαΐαν,
1522 1163 1576 1224 ὃς
1607 1163 1768 1230 μέσον

183 1255 427 1320 ἐπρίσθη
468 1256 570 1306 ὑπὸ
602 1257 898 1326 Μανασσῆ.
943 1258 1054 1326 Οὐχ
1100 1255 1278 1324 ἣψατό
1311 1271 1405 1305 σου
1445 1253 1504 1304 τὸ
1534 1252 1666 1320 πῦρ,
1695 1250 1770 1314 ὡς

181 1345 313 1397 οὐδὲ
342 1346 439 1397 τοῦ
473 1347 944 1418 Ναϐουχοδονόσορ
967 1347 1076 1399 τῶν
1110 1346 1276 1413 τριῶν
1313 1344 1523 1396 παίδων
1547 1360 1558 1372 ·
1610 1343 1768 1412 ἤλπι-

185 1453 292 1497 σας
330 1438 421 1488 ἐπὶ
479 1439 683 1507 Κύριον
735 1440 810 1500 ὡς
841 1437 1004 1490 Δαυῒδ
1034 1437 1177 1489 ὁτοῦ
1219 1435 1458 1488 Ἰεσσαί·
1497 1434 1769 1496 ἀπέλαϐες

182 1526 291 1594 τὴν
325 1526 520 1593 σοφίαν
561 1528 927 1597 Σολομῶντος.
963 1528 1066 1587 ἕως
1099 1526 1164 1580 ἂν
1224 1527 1453 1597 νικήσῃς
1487 1525 1578 1577 τοῦ
1623 1527 1767 1576 ἀντι-

187 1617 369 1669 πάλου
400 1618 499 1680 τὰς
546 1618 844 1686 μεθοδείας.
891 1615 1258 1686 Προσδεχθείη
1293 1633 1384 1668 σου
1416 1619 1447 1684 ή
1480 1616 1662 1679 θυσία,
1698 1616 1769 1676 ὡς

185 1713 221 1773 ἡ
250 1709 346 1759 τοῦ
371 1710 624 1777 Σαμουὴλ
648 1726 658 1736 ·
693 1712 878 1775 ἐγένου
905 1712 984 1771 είς
1013 1708 1186 1777 ὀσμὴν
1219 1709 1468 1768 εὶωδίσις,
1492 1707 1565 1768 ὡς
1585 1706 1772 1758 Ἐλεά-

190 1797 364 1864 ζαρος
424 1801 482 1848 ἐν
537 1803 601 1864 τῇ
645 1798 890 1865 ίερατείᾳ
931 1797 1130 1848 αὑτοῦ·
1173 1795 1532 1864 προσδεχθείη
1594 1811 1687 1844 σου
1713 1794 1772 1844 τὸ

1873 629 1993 669 sua.
2032 615 2350 679 Credidisti,
2390 625 2448 668 ut
2482 617 2756 671 Abraham
2787 633 2801 682 ;
2840 617 3087 671 obtulisti
3125 629 3175 671 te
3212 619 3340 679 Deo,
3378 633 3438 672 ut

1871 703 2064 770 Isaac;
2113 707 2444 759 tentationes
2485 705 2818 768 sustinuisti,
2851 714 2910 757 ut
2966 705 3172 768 Jacob;
3223 708 3439 775 sapiens

1869 793 2106 846 effectus
2127 809 2207 852 es.
2241 803 2300 846 ut
2324 793 2546 867 Josepli,
2572 794 2658 847 cui
2687 809 2866 846 rerum
2890 794 3188 847 futurarum
3223 812 3438 862 prasino-

1875 885 1949 937 tio
1975 901 2234 939 concessa
2259 885 2383 940 fuit.
2413 885 2729 940 Certamina
2765 888 2902 954 ipsa.
2938 896 2996 940 ut
3028 888 3128 944 Job
3183 888 3288 948 ille,
3328 887 3438 941 for—

1875 979 2002 1033 litor
2033 977 2331 1045 pertulisti,
2363 979 2455 1045 qui
2491 978 2692 1030 multas
2751 978 3082 1033 tentationes
3125 995 3436 1046 perpessus.

1873 1066 2086 1120 hostem
2124 1067 2403 1120 diaboium
2433 1070 2783 1137 expugnavit.
2822 1069 3012 1122 isaiam
3041 1070 3329 1123 aunulatus
3358 1085 3438 1130 es,

1869 1157 1964 1224 qui
2002 1175 2029 1210 a
2068 1175 2188 1225 rege
2218 1158 2464 1211 Mauasse
2520 1159 2735 1212 medius
2782 1161 2988 1214 scissus
3017 1170 3117 1212 est.
3169 1159 3242 1211 Te
3303 1161 3442 1228 ignis

1873 1246 2088 1300 ﬁnitima
2118 1265 2226 1300 non
2245 1249 2440 1317 attigit,
2467 1245 2935 1317 quemadmodum
2955 1265 3055 1303 nec
3078 1249 3443 1305 Nabuchodo-

1872 1341 2090 1390 nosoris
2122 1338 2353 1391 flaturum
2393 1349 2503 1392 tres
2539 1339 2661 1391 illos
2688 1355 2886 1405 pueros
2920 1341 3240 1408 attigerunt.
3278 1341 3440 1408 Spem

1873 1441 2022 1482 tuam
2059 1430 2112 1481 in
2146 1430 2254 1483 Deo
2289 1430 2406 1498 ipso
2441 1429 2746 1487 collocasti.
2789 1442 2838 1482 ιιι
2882 1431 3046 1487 David
3085 1431 3225 1484 [ilius
3268 1431 3437 1486 Jesse.

1873 1520 1992 1572 Vidi
2027 1522 2162 1573 duas
2191 1537 2425 1576 coronas
2456 1537 2486 1575 e
2517 1522 2658 1575 coelo
2715 1523 2999 1589 demissas,
3067 1538 3228 1574 unam
3277 1524 3444 1591 majo-

1875 1626 2010 1671 rem,
2039 1611 2265 1665 alteram
2302 1614 2569 1666 minorem
2601 1630 2613 1665 :
2652 1623 2708 1666 et
2744 1615 3001 1682 majorem
3035 1613 3253 1682 quidem
3294 1615 3439 1665 illam

1875 1703 1976 1754 tibi
2007 1703 2221 1755 aliatam
2256 1703 2325 1755 ab
2350 1705 2558 1772 angelis
2583 1705 2892 1767 duodecim,
2928 1707 3193 1758 minorem
3227 1718 3351 1755 vero
3376 1707 3441 1755 ad

1880 1810 1965 1846 me
1998 1795 2216 1846 missam
2250 1792 2446 1848 audivi.
2481 1793 2612 1846 Nam
2636 1795 2737 1847 etsi
2772 1810 2864 1847 vas
2887 1795 3157 1847 infirmum
3175 1809 3277 1862 ego
3300 1808 3440 1856 sum,

188 1887 289 1940 τοῦ
319 1887 559 1955 διωγμοῦ
593 1884 753 1955 αἷμα,
794 1888 868 1949 ὡς
905 1887 997 1938 τοῦ
1036 1886 1232 1954 Δανιὴλ
1286 1886 1372 1937 διὰ
1405 1885 1510 1935 τῶν
1559 1884 1766 1952 ὀνειρά-
1801 1865 1847 1921 Β

1801 1865 1847 1921 Β
1879 1886 2242 1940 nihilominus
2283 1895 2463 1939 tamen
2513 1895 2568 1940 et
2635 1886 2748 1953 ipsa
2798 1901 2983 1955 parata
3018 1902 3136 1938 sum
3167 1897 3441 1941 certamen

203 1998 324 2032 των
346 1999 360 2010 ”
394 1975 534 2033 εἶδον
561 1979 668 2048 γὰρ
696 1980 786 2030 δύο
813 1978 1110 2047 στεφάνους
1143 1978 1250 2029 ἀπὸ
1278 1974 1508 2044 οὐρανοῦ
1538 1975 1770 2042 φερομέ-

1538 1975 1770 2042 φερομὲ-
1882 1975 2093 2035 subire,
2129 1992 2189 2029 ac
2221 1977 2440 2029 caeleste
2474 1991 2698 2045 regnum
2735 1977 2948 2043 assequi
2985 1975 3197 2028 studeo.

193 2093 346 2139 νους,
419 2076 515 2128 ἕνα
578 2073 800 2143 μείζονα
850 2073 943 2124 καὶ¹
992 2073 1086 2124 ’ἐνα
1117 2070 1413 2123 ἐλάσσονα·
1472 2069 1566 2120 κσιλ⁵
1623 2069 1713 2118 τὸν
1758 2065 1856 2133 μὲν
1891 2067 2110 2135 μείζονα
2145 2071 2225 2118 σοι
2264 2069 2565 2133 φερόμενον
2604 2069 2696 2119 ὑπ’
2744 2069 2992 2134 ἀγγέλων
3028 2067 3253 2131 δώδεκα,
3283 2065 3447 2120 τδνδέ

195 2166 468 2218 ἐλάσσονά
499 2181 592 2233 μοι
651 2163 1024 2232 πεμπόμενον.
1063 2162 1126 2215 Εἰ
1158 2161 1265 2231 γὰρ
1322 2160 1417 2212 καὶ
1489 2159 1680 2220 σκεῦός
1739 2159 1854 2226 εἰμι
1883 2157 2126 2220 ἀσθενὲς,
2168 2157 2282 2209 ἀλλ’
2314 2157 2447 2221 ὅλως
2487 2158 2640 2229 κάγὼ
2676 2160 3015 2227 ἀγωνίζομαι
3043 2161 3134 2211 καὶ
3164 2158 3448 2220 σπουδάζω

194 2263 298 2329 τῆς
331 2258 604 2327 βασιλείας
627 2257 738 2308 τῶν
761 2255 1011 2327 οὐρανῶν
1038 2256 1334 2323 ἐπιτυχεῖν.

269 2353 355 2407 H'.
394 2354 452 2406 Ὀ
485 2353 542 2406 δέ
577 2352 702 2418 δοὺξ
731 2351 973 2415 ἀκούσας
1015 2350 1214 2411 ταῦτα,
1257 2349 1516 2419 ἐθυμώθη
1540 2349 1657 2402 λίαν
1683 2349 1779 2402 καὶ

195 2447 488 2499 ἐκέλευσεν
518 2446 892 2514 προσαχθῆναι
924 2442 1094 2512 αὐτὴν
1130 2441 1279 2509 αὐτῷ
1307 2443 1402 2492 καὶ
1429 2441 1578 2507 λέγει
1604 2441 1777 2511 αὑτῇο

195 2539 273 2590 Σὺ
302 2539 385 2599 τίς
423 2531 506 2602 εἷς
552 2537 616 2588 Ἢ
634 2536 688 2588 δὲ
719 2531 898 2586 εἶπεν·
923 2531 1244 2600 Χριστιανή.
1278 2530 1335 2582 '0
1367 2529 1420 2581 δέ
1451 2531 1574 2593 δοὺξ
1603 2527 1774 2588 εἶπενο

200 2631 398 2681 Πόσων
433 2629 568 2680 ἐτῶν
596 2623 676 2690 εῐ;
715 2627 778 2678 Ἠ
816 2625 871 2677 δὲ
909 2624 1038 2692 ἁγία
1088 2620 1275 2675 εἶπενο
1301 2622 1610 2676 Δεκαπέντε
1638 2622 1774 2675 ἐτῶν

195 2727 295 2775 καὶ
329 2723 512 2792 μηνῶν
543 2715 704 2774 ὀκτώ,
740 2723 905 2789 Λέγει
945 2722 1083 2791 αὑτῇ
1115 2721 1143 2772 ὁ
1167 2720 1317 2787 δούξο
1346 2722 1479 2774 Πότε
1512 2719 1776 2790 ὲζεύχθης

195 2815 396 2884 ἄνδρες
432 2815 498 2867 ’Ῑί
524 2812 655 2883 ἁγία
685 2814 949 2883 Στεφανὶς
997 2811 1149 2866 εἶπεν
1175 2831 1186 2844 ·
1233 2815 1346 2884 Πρὸ
1379 2815 1624 2866 ἐνιαυτοῦ
1665 2815 1782 2877 ἐνὸς

203 2906 306 2957 καὶ
343 2905 525 2976 μηνῶν
573 2906 877 2974 τεσσάρων.
952 2905 1010 2956 Ὀ
1041 2905 1164 2971 δοὺξ
1196 2902 1383 2956 εἶπεν
1443 2906 1554 2957 Καὶ
1607 2907 1692 2957 διὰ
1729 2906 1782 2957 τί

199 2999 378 3058 οὕτως
396 2997 602 3066 ταχέως
629 2996 848 3063 ἀφῆκας
875 2995 966 3046 τὸν
991 2995 1228 3061 κοσμονε
1257 2996 1321 3047 Ἦ
1354 2996 1486 3061 ἁγία
1513 2997 1781 3064 Στεφανὶς

199 3087 394 3142 εἶπενο
454 3086 658 3154 Επειδὴ
713 3086 800 3138 ἵνα
840 3084 979 3153 μετά
1032 3085 1346 3154 παρρησίας
1377 3088 1675 3155 ἀπαντήσω
1704 3088 1780 3158 τῷ

193 3177 639 3246 προσδοκωμένῳ
665 3174 877 3244 Σωτῆρί
916 3191 1018 3244 μου
1038 3173 1214 3241 Ἰησοῦ
1238 3174 1477 3242 Χριστῷ,
1513 3174 1588 3242 τῷ
1617 3177 1780 3224 ἐπου-

1959 2348 2076 2402 V‘lll
2137 2347 2260 2403 Htc
2295 2365 2418 2404 eum
2451 2351 2559 2404 dux
2604 2350 2693 2404 ille
2725 2349 3047 2412 audivisset,
3078 2346 3235 2401 valde
3279 2347 3452 2401 iratus

1883 2451 1986 2505 est,
2022 2452 2079 2494 et
2108 2443 2272 2511 jussit
2303 2428 2558 2497 feminam
2594 2443 2737 2497 illam
2776 2442 2841 2496 ad
2888 2458 2943 2496 se
2988 2441 3136 2507 duci,
3182 2456 3343 2511 quam
3377 2441 3454 2495 sic

1887 2533 2089 2585 affatus
2115 2542 2198 2585 est
2235 2549 2244 2581 :
2281 2534 2539 2596 Quaenam
2561 2551 2619 2587 es
2654 2545 2706 2587 lu
2735 2537 2755 2586 '.’
2777 2534 3108 2591 Christiana.
3141 2533 3317 2601 inquit
3341 2533 3451 2593 illa,

1881 2637 1981 2690 ego
2009 2637 2150 2674 sum.
2213 2622 2350 2676 Tum
2409 2623 2517 2675 dux
2581 2623 2653 2676 ab
2700 2639 2760 2676 ea
2792 2623 3066 2692 quaesivit,
3117 2632 3250 2691 quot
3281 2639 3454 2676 annos

1883 2722 2008 2767 nata
2062 2723 2228 2768 esset.
2287 2713 2386 2772 Cui
2432 2715 2735 2784 Stepliana,
2791 2715 3105 2784 quindecim
3165 2730 3340 2769 annos
3397 2725 3454 2768 et

1887 2821 2105 2860 menses
2156 2817 2280 2860 octo
2338 2824 2394 2861 se
2443 2819 2621 2860 natam
2674 2823 2795 2861 esse
2847 2808 3150 2875 respondit.
3185 2806 3448 2874 Quaesivit

1886 2909 2147 2966 praeterea
2181 2898 2311 2959 dux,
2337 2900 2578 2966 quandiu
2616 2899 2839 2953 vixisset
2867 2915 2991 2952 cum
3025 2900 3160 2963 viro,
3192 2901 3278 2953 cui
3327 2915 3457 2952 con-

1880 2991 2070 3059 juncta
2100 2990 2294 3041 fuerat.
2327 2991 2425 3042 Cui
2465 2992 2746 3059 respondit
2780 2992 2894 3055 illa,
2941 3008 2998 3045 se
3027 3008 3229 3045 annum
3281 3008 3448 3044 unum

1883 3093 2180 3136 etmenses
2226 3092 2461 3150 quatuor
2502 3097 2626 3135 cum
2661 3097 2726 3135 eo
2774 3083 2993 3136 vixisse.
3035 3085 3100 3138 Et
3132 3101 3324 3152 quare,
3377 3088 3454 3138 in-

1885 3175 2006 3240 quit
2056 3175 2186 3234 dux,
2237 3185 2342 3226 tam
2393 3175 2502 3227 cito
2555 3174 2822 3237 mundum
2874 3175 3187 3244 reliquisti?
3222 3177 3449 3231 Adiuro

198 3273 372 3339 ρανίῳ
406 3269 497 3321 καὶ
528 3267 782 3337 ἀθανάτῳ
803 3267 1062 3336 Νυμφίῳο
1095 3267 1122 3318 ὀ
1147 3265 1255 3335 γὰρ
1281 3265 1522 3332 ἐπίγειος
1547 3265 1778 3333 νυμφίος
1809 3270 1849 3322 C

1809 3270 1849 3322 (ζ
1887 3265 1958 3316 ita
1998 3274 2182 3316 sancta
2216 3266 2496 3331 Stephana
2528 3286 2538 3318 :
2592 3268 2807 3335 Reliqui
2848 3268 3067 3323 brevem
3101 3280 3160 3324 et
3202 3270 3449 3340 fragilem

197 3360 542 3430 πρόσκαιρός
572 3360 690 3411 ἐστι
717 3360 810 3410 καὶ
838 3358 1054 3426 θνητος,
1094 3359 1120 3407 ὁ
1147 3357 1202 3409 δὲ
1236 3357 1580 3423 ἐπουράνιος,
1608 3359 1700 3408 καὶ
1723 3358 1777 3407 αἱ

192 3451 440 3520 Χριστοῦ
467 3449 667 3518 δωρεαὶ
688 3447 968 3509 ἀθάνατοι,
995 3447 1087 3498 καὶ
1121 3447 1392 3515 ἀκίνητοι,
1429 3449 1520 3499 καὶ
1554 3448 1777 3501 ἀδιάλυ-

197 3560 308 3606 τοι,
353 3541 447 3593 ml.
479 3537 687 3592 αίώνιοί
729 3539 889 3589 εἰσιν.
930 3537 987 3590 ’0
1029 3536 1153 3599 δοῦξ
1197 3531 1388 3588 εἶπεν·
1442 3537 1774 3604 Παυσαμένη

196 3635 302 3698 τῆς
333 3626 641 3695 ἀνωφελοῦς
669 3625 876 3693 ταύτης
905 3626 1194 3694 φλυαρίας,
1219 3625 1586 3692 προσελθοῦσα
1614 3625 1774 3677 θῦσον

193 3724 316 3782 τοῖς
333 3721 494 3783 θεοῖς,
527 3721 601 3790 μὴ
628 3719 902 3778 ποικίλαις
923 3716 1216 3786 τιμωρίαις
1257 3718 1351 3766 καὶ
1376 3715 1576 3780 δειναῖς
1608 3716 1778 3785 βασα-

199 3815 364 3877 νίσας
393 3830 454 3866 σε
477 3811 750 3866 ἀπολέσω.
795 3808 854 3862 Ἦ
891 3809 1024 3876 ἁγία
1074 3803 1264 3861 εἶπεν
1325 3809 1467 3877 Ἐγὼ
1520 3811 1784 3879 Στεφανὶς

193 3904 500 3972 καλοῦμαι,
613 3900 881 3970 στέφανος
933 3902 1223 3953 ἀπόκειται
1263 3901 1320 3952 ἐν
1351 3903 1463 3963 τοῖς
1506 3903 1780 3971 οὐρανοῖς,

197 3997 298 4048 καὶ
353 3993 441 4045 διὰ
489 3993 648 4045 τοῦτο
686 3993 785 4045 οὐκ
836 3990 1066 4054 ἐπιθύω,
1124 3991 1210 4043 ἵνα
1244 3992 1561 4060 κομίσωμαι
1618 3992 1783 4043 αὑτὸν

197 4085 356 4154 πιρά
397 4084 490 4136 τοῦ
521 4083 731 4137 δικαίου
765 4083 860 4134 καὶ
898 4081 1155 4144 ἀληθινοῦ
1188 4081 1478 4134 ἀθλοθέτου
1517 4081 1778 4151 Χριστοῦ.

1889 3355 2077 3408 mundi
2112 3356 2270 3424 hujus
2303 3357 2578 3414 decorem,
2613 3367 2666 3410 et
2697 3366 2940 3410 terrenas
2966 3375 3029 3411 ac
3060 3360 3278 3414 fallaces
3325 3378 3450 3414 cor-

1881 3447 2032 3515 poris
2067 3445 2397 3514 voluptates,
2461 3456 2520 3499 ut
2549 3445 2737 3500 fidenti
2771 3449 2963 3500 animo
3003 3447 3269 3503 Salvatori
3328 3467 3450 3505 meo

1878 3540 2007 3594 Jesu
2037 3537 2278 3600 Christo,
2330 3553 2494 3606 quem
2548 3547 2954 3607 exspectamus,
3002 3556 3294 3596 occurrere
3357 3560 3451 3598 va-

1879 3630 2042 3691 leam,
2094 3640 2152 3682 ut
2186 3631 2261 3683 illi
2299 3630 2557 3683 videlicet
2591 3631 2778 3684 divino
2826 3629 3140 3686 et'coelesti
3191 3634 3449 3702 Sponso;

1885 3720 2163 3773 terrestris
2195 3721 2339 3774 enim
2373 3735 2608 3788 sponsus
2643 3722 2707 3774 ad
2741 3729 2954 3790 tempus
2984 3732 3066 3776 est
3094 3731 3148 3776 et
3183 3727 3448 3780 mortalis.

1892 3809 2028 3862 Tum
2086 3811 2198 3863 dux
2240 3827 2250 3861 :
2299 3811 2562 3876 Desistas,
2616 3812 2817 3879 inquit,
2871 3812 2939 3865 ab
2989 3813 3088 3866 ista
3143 3821 3454 3884 nugacitate

1883 3901 2098 3961 inutili,
2141 3911 2196 3953 et
2236 3901 2302 3952 ad
2350 3901 2481 3953 deos
2527 3901 2814 3961 accedens,
2871 3902 2977 3954 illis
3035 3905 3334 3965 sacrificos.
3387 3924 3453 3960 ne

1879 3990 2036 4045 novis
2054 4000 2106 4044 et
2139 3991 2481 4059 gravioribus
2505 3991 2793 4045 tormentis
2828 4001 2878 4046 te
2907 3995 3209 4048 cruciatam
3245 4013 3446 4050 consu-

1884 4096 2053 4133 mam.
2079 4082 2144 4133 At
2174 4082 2262 4133 illa
2282 4081 2458 4133 dixit:
2488 4083 2599 4150 Ego
2622 4099 2787 4135 vocor
2810 4083 3104 4153 Stephano,
3134 4089 3218 4140 cui
3250 4104 3451 4171 eorona

197 4181 258 4230 in
289 4178 447 4230 caelis
476 4175 715 4245 reposita
739 4183 844 4226 est.
873 4171 1242 4238 Quamobrem
1275 4173 1540 4226 sacriﬁcia
1569 4173 1670 4226 ista
1701 4181 1883 4224 vestra
1910 4186 2017 4223 non
2045 4172 2295 4234 oﬂcram,
2336 4182 2392 4225 ut
2423 4191 2451 4224 ιι
2495 4188 2622 4226 vero
2665 4175 2757 4226 illo
2814 4177 3172 4229 certaminum
3221 4180 3450 4245 prreside

193 4268 421 4322 Christo
448 4281 704 4321 coronam
747 4265 988 4334 recipere
1019 4263 1242 4332 possim.

273 4360 353 4411 6⁸.
394 4357 577 4412 Ταῦτα
609 4357 844 4418 ἀκούσας
879 4360 906 4408 ὁ
950 4355 1076 4418 δοὺξ
1120 4355 1213 4407 καὶ
1246 4352 1450 4423 σφόδρα
1482 4351 1777 4421 θυμωθεὶς,

196 4454 459 4506 ἐκέλευσε
498 4451 591 4502 δύο
636 4449 831 4520 δένδρα
865 4448 1126 4518 φοινίκων
1167 4449 1492 4517 καμφθέντα
1520 4447 1778 4516 ἀλλήλαις

198 4543 536 4610 κολληθῆναι
584 4543 703 4602 ταῖς
733 4541 999 4610 κορυφαῖς
1050 4541 1273 4592 κάκεῖσε
1306 4539 1525 4607 δεθῆναι
1550 4540 1647 4607 τὴν
1678 4555 1781 4606 μα-
1812 4567 1856 4622 D

201 4637 404 4706 καρίειν
455 4636 521 4685 ἐκ
574 4632 682 4683 τῶν
737 4632 831 4685 δύο
881 4629 1095 4682 ποδῶν·
1129 4632 1226 4683 καὶ
1273 4629 1609 4698 ἀπολυθῆναι
1641 4630 1779 4683 αὐτὰ

197 4728 416 4795 ἀθρόως
449 4725 542 4774 ἀπ’
564 4724 828 4793 αλλήλων.
863 4720 1068 4774 Τούτου
1092 4721 1148 4776 δὲ
1174 4721 1310 4792 μετὰ
1340 4719 1536 4774 πολλοῦ
1556 4720 1649 4772 τοῦ
1681 4723 1777 4775 τά·

198 4835 333 4890 κους
372 4817 688 4885 γενομένου,
719 4813 999 4884 διεσχίσθη
1038 4815 1203 4884 μέσον
1251 4816 1284 4883 ἡ
1315 4814 1444 4880 ἀγία
1477 4813 1776 4883 ἀθλοφόρος

196 4911 296 4961 τοῦ
325 4907 556 4974 Χριστοῦ
591 4908 872 4975 Στεφανὶς,
924 4907 1020 4957 καὶ
1050 4906 1267 4972 ἐγένετο
1319 4907 1398 4966 είς
1428 4906 1570 4974 μέρη
1600 4903 1692 4956 δύο
1723 4906 1779 4955 ἐν

197 5003 312 5059 τοῖς
363 4999 480 5050 δυσί
522 4997 738 5063 ιροίνιξι,
799 4998 893 5048 xxi.
949 4995 1123 5058 οὕτως
1157 4995 1446 5064 ἐτελειώθη
1502 4997 1559 5047 ἐν
1590 4997 1778 5066 εἰρήνῃ

198 5095 300 5145 καὶ
329 5097 425 5159 τὴν
457 5091 762 5161 μαρτυρίαν
797 5092 968 5160 αὐτῆς
1019 5088 1337 5158 ἐπλήρωσεν
1375 5088 1602 5151 πιστῶς,
1643 5089 1778 5138 ἀπο-

196 5182 445 5235 λαϐοῦσα
474 5183 565 5233 τὸν
601 5183 862 5246 στέφανον
910 5182 1007 5250 τῆς
1044 5179 1200 5247 νίκης
1232 5180 1382 5248 παρά
1423 5178 1514 5230 τοῦ
1571 5179 1778 5248 Κυρίου

201 5266 367 5338 ἡμῶν
421 5269 590 5335 Ἰησοῦ
649 5266 909 5337 Χριστοῦ.
956 5269 1060 5319 Τὸν
1096 5269 1152 5320 δὲ
1189 5270 1343 5333 ἆγιον
1394 5268 1627 5335 Βίκτορσι
1657 5270 1777 5321 ἐκέ-

198 5363 397 5413 λευσεν
425 5361 452 5408 ὁ
482 5359 608 5423 δοὺς
656 5360 1230 5430 τραχηλοκοπηθῆνσιι.
1273 5361 1329 5409 'U
1375 5359 1432 5411 δὲ
1464 5360 1778 5420 καλλίνικος

202 5455 418 5523 μάρτυς
445 5451 534 5501 τοῦ
567 5452 800 5518 Χριστοῦ
832 5450 1070 5511 ἀκούσας
1092 5453 1188 5518 τῆς
1221 5453 1547 5516 ἁποξρασεως
1578 5466 1778 5517 ταυτης

201 5543 396 5597 εἶπεν
439 5542 760 5612 Εὑχαριστὼ
794 5544 869 5610 τῷ
909 5543 1027 5613 Θεῷ
1075 5559 1175 5608 μου
1230 5545 1481 5605 πάντοτε,
1518 5540 1593 5608 τῷ
1629 5558 1782 5611 χαρι-

201 5635 425 5701 σαμένῳ
453 5650 542 5702 μοι
569 5634 666 5702 τὴν
692 5633 846 5700 νίκην
887 5635 1092 5701 ταύτην
1126 5633 1217 5684 καὶ
1260 5631 1468 5700 δωρεὰν
1504 5630 1666 5700 μέχρι
1697 5632 1780 5682 τέ-

198 5725 352 5785 λους.
389 5723 617 5775 Μέλλων
666 5724 721 5775 δέ
758 5723 1099 5776 τελειοῦσθαι
1151 5725 1177 5774 ὁ
1244 5723 1512 5791 μακάριος
1565 5720 1779 5788 Βίκιωρ

198 5818 352 5883 λέγει
383 5816 974 5885 τοῖς-κυαιπωναρίοις
1001 5831 1013 5843 ⁸
1051 5815 1295 5867 Γνωστὸν
1336 5815 1475 5865 ἔστω
1515 5814 1659 5881 ὑμῖν,
1699 5814 1777 5862 ὅτι

532 5934 799 5990 Parnm.
835 5933 950 5993 Gn.
989 5933 1141 5992 CXV
1158 5976 1170 5991 .

1959 4349 2051 4404 1X.
2082 4348 2177 4403 His
2205 4349 2428 4411 auditis,
2460 4349 2568 4402 dux
2601 4349 2688 4403 ille
2722 4350 2906 4404 furore
2945 4350 3116 4407 nimio
3166 4368 3451 4416 accensus.

1882 4443 2049 4510 jussit
2113 4443 2443 4509 Stephanum
2505 4442 2720 4496 duabus
2790 4444 3092 4510 palmarum
3159 4446 3454 4504 arboribus

1887 4533 2188 4587 incurvatis
2215 4533 2448 4601 alligari,
2480 4542 2535 4586 et
2563 4542 2788 4600 repente
2817 4532 3046 4586 arbores
3080 4533 3201 4587 illas
3224 4535 3450 4590 dimitti.

1882 4624 2002 4689 Quo
2037 4624 2200 4687 facto,
2253 4623 2509 4676 bellatrix
2547 4631 2601 4673 et
2653 4633 2859 4691 martyr
2908 4622 3185 4692 Stephana
3236 4626 3453 4682 duabus

1879 4716 1992 4770 illis
2025 4716 2221 4785 palmis
2245 4714 2296 4766 in
2336 4715 2472 4766 duas
2501 4723 2684 4782 partes
2717 4713 2994 4786 discerpta
3023 4729 3104 4771 est
3134 4734 3147 4769 :
3185 4718 3368 4788 itaque
3398 4722 3451 4774 in

1880 4823 2015 4875 pace
2063 4804 2387 4876 martyrium
2449 4806 2692 4872 pet-feete
2741 4807 2793 4858 iu
2855 4809 3078 4860 Christo
3129 4811 3448 4876 complevit.

1883 4899 2148 4953 Sanctum
2187 4913 2318 4951 vero
2350 4895 2623 4948 Victorem
2651 4897 2816 4965 jussit
2849 4898 3026 4950 securi
3061 4899 3294 4966 percuti.
3345 4899 3448 4966 Qui

1882 5006 2005 5044 cum
2043 4987 2311 5058 ejusmodi
2351 4988 2679 5041 sententiam
2729 4988 2794 5040 de
2846 5003 2902 5040 se
2936 4989 3097 5042 latam
3129 4989 3448 5052 audivisset,

1883 5081 1963 5134 sic
1995 5078 2359 5132 aitzGratias
2410 5092 2513 5146 ago
2565 5078 2676 5130 Deo
2726 5092 2870 5135 meo.
2921 5078 3013 5144 qui
3053 5079 3143 5131 tali
3194 5087 3249 5131 et
3301 5089 3452 5133 tanto

1882 5170 2028 5223 dono
2057 5185 2142 5222 me
2171 5168 2548 5236 prosequitur.
2579 5165 2714 5219 Cum
2755 5165 2921 5235 igitur
2955 5170 3271 5235 martyrium
3326 5169 3452 5222 bea-

1885 5270 1974 5312 tus
2008 5259 2194 5311 Victor
2226 5259 2481 5314 obiturus
2506 5267 2672 5321 esset,
2721 5257 2835 5311 haec
2867 5258 3007 5310 dixit
3035 5258 3405 5326 quaestoribus
3434 5277 3448 5313 :

1884 5351 2013 5406 Post
2046 5360 2252 5417 septem
2283 5348 2400 5401 dies
2431 5351 2599 5402 vestri
2624 5359 2872 5402 oratores
2905 5352 3232 5411 morientur,
3261 5361 3316 5403 et
3346 5367 3442 5404 vos

1885 5443 1986 5509 ipsi
2022 5451 2141 5509 post
2170 5438 2462 5492 duodecim
2494 5439 2804 5492 moriemini
2833 5456 2847 5502 ;
2879 5441 2987 5493 dux
3025 5455 3152 5493 vero
3203 5454 3321 5508 pos‘t
3370 5444 3451 5494 vi-

1883 5535 2016 5602 ginti
2065 5541 2302 5602 quatuor
2363 5533 2431 5585 ab
2483 5531 2814 5584 adversariis
2875 5533 3123 5601 captivus
3174 5533 3447 5595 ducetur;

1883 5627 2057 5677 nostri
2117 5632 2299 5676 autem
2329 5624 2581 5678 homines
2612 5635 2733 5690 post
2786 5633 2895 5675 tres
2938 5637 3110 5674 annos
3137 5623 3357 5677 venient
3384 5627 3447 5675 ad

1885 5719 2185 5771 tollendum
2223 5733 2423 5786 corpus
2452 5731 2632 5769 meum
2666 5731 2678 5767 :
2716 5714 2893 5767 habeo
2937 5716 3081 5767 enim
3129 5723 3178 5769 et
3236 5715 3450 5768 loculos

1880 5809 2206 5878 jampridem
2249 5809 2379 5862 mihi
2442 5818 2678 5876 paratos.
2730 5806 2836 5861 Vos
2889 5805 3054 5873 igitur
3107 5822 3259 5873 rugo,
3297 5822 3362 5859 ne
3396 5806 3450 5859 in

3126 5917 3158 5976 9
