4230 6436
200 424 319 487 259

1442 423 1619 483 VlTA
1664 422 1727 480 S.
1769 415 2215 479 SAMPSONIS.

3351 415 3461 473 210

201 536 428 589 πίπτων
458 534 819 605 διηγημάτων
852 536 880 588 ὁ
907 534 1067 602 λόγος
1095 532 1266 604 αὐτῷ,
1294 535 1390 587 καὶ
1430 531 1796 604 μετα).λαγαῖς

1835 526 2099 593 Αΐιιίεςθ,
2158 536 2211 579 et
2271 538 2531 593 perquam
2591 522 2912 577 familiarem
2973 522 3089 580 viro
3148 522 3198 575 in
3257 537 3465 576 summa

203 624 520 676 ὑποθέσεων
551 625 610 675 οὐ
645 624 948 693 συγχεῖται,
976 622 1097 675 οὐδὲ
1122 621 1467 692 ταράττεται.
1507 641 1524 673 ι
1561 621 1693 687 Qum
1717 621 1787 675 ila

201 717 379 771 vertit
408 717 639 771 Allatius
674 733 687 768 :

285 808 338 861 '5.
381 826 397 858 ι
438 809 775 879 Principium
814 809 933 879 ejus
974 807 1287 862 orationum
1333 808 1518 862 statim
1571 808 1789 877 attingit

206 900 545 969 subjectum,
570 909 625 953 et
651 916 839 969 parum
875 900 1203 968 procedens,
1237 900 1480 954 ostendit
1526 900 1609 954 sui
1653 901 1789 953 scri-

204 993 287 1059 pti
333 1007 597 1057 scopum;
638 1002 693 1044 et
734 991 787 1044 iit
831 992 1115 1045 nonnullis
1152 993 1515 1053 orationibus,
1542 1007 1664 1044 cum
1708 1002 1790 1047 to-

205 1094 331 1137 tum
365 1094 751 1153 argumentum
786 1084 1116 1152 recapitulct
1159 1084 1213 1137 in
1255 1097 1546 1144 summam,
1579 1082 1631 1135 id
1672 1090 1787 1136 sta-

204 1177 308 1229 tim
343 1177 396 1229 in
431 1185 615 1245 partes
635 1175 852 1229 dividit.
884 1176 952 1231 Se
980 1188 1160 1230 autem
1196 1177 1573 1230 accommodat
1597 1190 1785 1241 perso-

206 1267 297 1320 nis
354 1277 409 1320 et
462 1268 829 1337 temporibus,
874 1278 1036 1323 etest
1080 1268 1299 1337 quidem
1341 1268 1597 1323 omnibus
1644 1268 1787 1322 idem

204 1360 363 1414 color
404 1362 673 1417 orationis
723 1372 777 1416 et
828 1377 934 1415 una
967 1363 1205 1432 qualitas
1240 1362 1533 1427 dictionis;
1573 1378 1787 1417 morum

204 1462 393 1507 autem
430 1455 582 1507 varia
613 1463 698 1508 est
738 1455 988 1519 mutatio,
1033 1464 1109 1520 et,
1141 1463 1202 1508 ut
1252 1456 1449 1510 dixerit
1490 1455 1787 1525 quispiam,

203 1546 529 1609 artiﬁciosa,
574 1563 683 1601 non
745 1562 844 1616 per
885 1556 1057 1601 artem
1097 1562 1184 1601 res
1216 1557 1452 1611 mutans,
1492 1547 1608 1610 sed,
1642 1548 1787 1616 quod

204 1640 511 1707 unicuique
562 1639 642 1693 rei
693 1647 747 1691 et
799 1654 1044 1706 personas
1094 1639 1354 1691 incidenti
1403 1638 1784 1703 conveniebat,

210 1733 605 1799 interpretans.
641 1730 922 1797 Tanquam
955 1738 1135 1781 autem
1172 1729 1238 1782 ad
1272 1730 1566 1799 archetypa
1599 1743 1786 1783 exem-

207 1821 381 1888 plaria
425 1835 485 1871 ac
519 1834 605 1871 res
629 1818 967 1886 antiquiores
996 1818 1239 1883 intuens,
1273 1834 1375 1873 nec
1400 1819 1468 1873 ab
1496 1820 1603 1873 illis
1634 1835 1787 1874 reces

206 1912 310 1973 dit,
344 1927 412 1965 ne
456 1911 710 1967 videatur
752 1910 960 1981 aliquid
998 1912 1145 1965 aliud
1186 1912 1388 1977 facere,
1418 1922 1474 1965 et
1506 1912 1570 1965 ad
1602 1928 1786 1967 exem-
1822 1892 1861 1945 Β

208 2004 330 2073 plar
378 2019 597 2073 quoque
639 2012 808 2057 totam
877 2012 1207 2061 transmutat
1252 2004 1472 2059 dicendi
1528 2004 1784 2067 formam,

206 2112 317 2150 non
365 2097 635 2151 diversam
680 2095 889 2150 faciens
932 2095 1255 2159 materiam,
1288 2097 1383 2149 sed
1430 2097 1573 2164 quod
1613 2096 1663 2148 in
1702 2096 1788 2149 di-

204 2187 370 2241 cendi
398 2202 596 2257 genere
623 2194 906 2255 peccatum
935 2195 1070 2250 erat,
1105 2186 1421 2256 corrigens;
1460 2201 1637 2253 neque
1667 2201 1788 2239 sen-

210 2282 414 2335 tentias
448 2281 734 2342 innovans,
771 2281 865 2334 sed
894 2289 1226 2335 convertens
1249 2279 1474 2349 ﬁguram
1507 2278 1784 2343 dictionis,

206 2384 264 2426 et
303 2373 352 2425 ei
386 2370 635 2425 incidens
668 2372 846 2425 oratio
897 2372 951 2425 in
989 2371 1365 2426 diversitatem
1414 2372 1789 2425 narrationum

206 2476 263 2519 et
304 2465 621 2519 varietatem
663 2474 1114 2530 argumentorum
1160 2478 1269 2518 non
1296 2462 1654 2517 confunditur
1689 2477 1790 2517 ne-

206 2572 320 2626 que
354 2556 724 2625 perturbatur,
761 2576 779 2605 n
821 2564 927 2609 etc.

282 2648 337 2702 4.
376 2647 500 2702 Haec
525 2647 618 2717 qui
647 2661 771 2701 cum
802 2644 1074 2701 Procemio
1102 2644 1344 2698 auctoris
1373 2643 1696 2709 contulerit,
1733 2643 1790 2697 in

207 2758 279 2796 eo
323 2740 747 2809 Mctapbrastem
799 2750 1058 2809 agnoscet
1105 2759 1118 2795 :
1159 2740 1214 2794 in
1266 2740 1386 2809 ipso
1434 2741 1581 2794 enim
1632 2739 1793 2793 initio

213 2831 533 2900 scriptionis
584 2847 695 2887 suae
762 2847 987 2902 scopum
1038 2832 1425 2899 intentumque
1486 2831 1790 2899 signiﬁcat;

212 2925 439 2989 deinde,
483 2941 604 2995 qua:
653 2926 980 2980 documenta
1024 2925 1090 2979 ad
1143 2922 1464 2994 Sampsonis
1507 2922 1792 2976 historiam

215 3015 507 3069 texendam
558 3015 836 3077 habuerit,
884 3016 1147 3082 exponit;
1180 3030 1302 3083 quae
1332 3014 1581 3083 quamvis
1612 3014 1793 3067 ineru-

215 3108 333 3161 dite
364 3116 419 3159 et
443 3105 672 3159 barbare
696 3114 882 3157 essent
912 3105 1237 3173 composita,
1258 3090 1579 3159 secuturum
1613 3114 1793 3158 tamen

214 3209 337 3249 sese
363 3193 675 3264 proﬁtetur,
709 3209 1022 3264 quanquam
1070 3210 1133 3248 ea
1185 3193 1399 3247 meliori
1426 3196 1564 3264 stylo
1610 3205 1785 3249 meta-

216 3289 502 3357 plirastice
532 3297 785 3343 exornet.
822 3287 1027 3342 Deinde
1058 3288 1103 3342 si
1138 3296 1303 3341 totam
1337 3287 1499 3359 hujus
1534 3288 1790 3358 scriptio-

217 3381 309 3434 nis
360 3379 613 3445 formam,
669 3380 892 3450 stylum,
946 3379 1401 3451 frequentemque
1448 3380 1787 3451 adagiorutn,

216 3474 353 3526 hinc
381 3472 505 3527 inde
543 3472 759 3526 erudite
795 3473 1311 3539 intercurrentium,
1343 3490 1504 3529 usum
1540 3474 1794 3529 conside-

215 3578 331 3625 res,
365 3571 527 3630 atque
557 3577 620 3615 ea
646 3563 829 3616 omnia
867 3579 990 3618 cum
1016 3564 1271 3633 genuinis
1316 3563 1464 3617 illius
1498 3579 1561 3617 ac
1582 3578 1794 3632 germa-

215 3656 308 3709 nis
364 3653 590 3715 fetibus,
623 3651 691 3705 de
737 3653 942 3721 quibus
992 3660 1207 3706 constat
1244 3652 1388 3722 apud
1435 3653 1694 3707 Allatium
1736 3655 1793 3707 in

219 3745 447 3815 prrefata
488 3745 748 3810 Diatriba,
791 3746 995 3815 ubique
1043 3744 1468 3815 Metaphrastem
1524 3746 1792 3800 invenies.

219 3840 491 3891 Praeterea
539 3846 719 3891 certos
748 3852 848 3890 nos
892 3836 1074 3890 reddit
1120 3847 1314 3893 auctor
1349 3838 1482 3893 Viue
1527 3838 1695 3907 hujus
1741 3837 1796 3891 in

222 3929 517 3989 Procemio,
561 3943 618 3981 sc
655 3927 953 3981 multorum
1003 3928 1233 3981 aliorum
1266 3937 1602 3990 sanctorum,
1653 3944 1799 3982 mar-

219 4032 404 4090 tyrum
434 4018 655 4087 quidem
695 4019 912 4073 labores
959 4028 1015 4074 et
1055 4021 1375 4084 certamina,
1420 4020 1797 4075 confessorem

220 4130 359 4167 vero
402 4112 542 4167 vitas
587 4121 643 4166 et
697 4128 783 4165 res
821 4123 1001 4182 gestas
1051 4114 1339 4184 diligenter
1385 4115 1799 4184 conscripsisse,

223 4208 393 4274 idque
428 4203 925 4274 Constantinopoli,
957 4204 1047 4257 ubi
1094 4204 1152 4258 S.
1203 4205 1518 4274 Sampsonis
1560 4206 1803 4259 tumulus

226 4297 552 4351 ccelestibus
605 4296 849 4351 clarebat
916 4295 1217 4367 prodigiis;
1273 4295 1399 4351 inde
1428 4305 1484 4350 et
1521 4311 1584 4350 ea
1617 4305 1806 4350 narrat

230 4388 519 4453 miracula,
562 4405 683 4458 quae
726 4397 821 4442 aut
874 4391 988 4460 ipse
1027 4390 1202 4444 oculis
1253 4390 1559 4455 consrexit,
1610 4389 1693 4443 vel
1737 4389 1806 4443 ab

224 4479 467 4531 oculatis
504 4479 733 4533 testibus
766 4480 879 4549 ipse
908 4480 1155 4543 audivit;
1188 4497 1309 4548 quae
1337 4485 1425 4537 cui
1475 4483 1635 4537 istius
1670 4492 1807 4537 tem-

229 4570 383 4639 poris
417 4571 622 4623 auctori
660 4571 1026 4635 ascribentur,
1069 4572 1170 4625 nisi
1204 4573 1593 4641 Metaphrasti?

303 4660 358 4715 5.
386 4660 545 4715 Hunc
590 4676 697 4716 non
736 4660 1177 4735 ludimagistrutn
1213 4666 1483 4720 trivialetn
1523 4667 1714 4731 fuisse,
1748 4674 1808 4719 ut

227 4754 455 4825 quidam
485 4754 852 4819 somniarunt,
883 4758 976 4810 sed
1009 4773 1220 4811 summa
1246 4758 1299 4812 in
1321 4757 1604 4826 republica
1628 4756 1807 4827 digiti-

183 4872 189 4876 -
231 4857 348 4901 tate
375 4847 718 4911 exeelluisse,
751 4857 940 4917 utpote
990 4851 1081 4916 qui
1139 4849 1385 4919 Magistri
1419 4860 1473 4904 et
1514 4851 1810 4932 Lagei/icta:

232 4938 460 4993 nomine
514 4942 860 5009 appelletur;
890 4942 1031 5008 quod
1075 4956 1265 4995 eorum
1312 4959 1510 4996 munus
1564 4958 1666 5005 esr,
1714 4944 1808 5013 qui

237 5029 483 5085 rationes
516 5030 724 5083 ﬁscales
756 5033 839 5085 vel
884 5033 1133 5101 publicas
1172 5044 1510 5104 cognoscunt
1547 5045 1603 5089 et
1634 5037 1811 5091 disce-

234 5133 417 5192 ptant,
446 5133 805 5192 sumptusque
841 5126 926 5178 vel
972 5136 1027 5179 et
1078 5127 1288 5181 reditus
1336 5128 1408 5181 ita
1447 5128 1709 5198 dirigunt,
1750 5138 1811 5183 ut

237 5215 556 5281 reipublicae
608 5216 790 5285 potius
838 5232 999 5284 quam
1044 5220 1380 5287 privatorum
1408 5236 1607 5276 munus
1637 5222 1809 5275 susti-

236 5314 439 5367 neant;
474 5304 661 5371 hujus,
694 5306 934 5373 inquam,
971 5306 1253 5376 dignitatis
1293 5309 1463 5363 fuisse
1505 5310 1811 5380 Metaphra-

237 5404 403 5459 stem,
431 5396 719 5450 evidenter
743 5399 1174 5454 demonstratum
1202 5400 1373 5456 lector
1399 5403 1642 5457 inveniet
1666 5404 1807 5472 apud

241 5486 567 5542 Bollandum
615 5502 863 5545 nostrum
922 5493 975 5545 in
1027 5494 1345 5548 l’t‘aefatione
1392 5510 1518 5564 gen.
1558 5497 1622 5549 ad
1664 5497 1813 5550 Vitas

243 5592 584 5643 sanctorum,
619 5597 738 5649 cap.
769 5586 817 5647 l,
851 5586 876 5654 ς
908 5586 961 5650 5,
993 5595 1049 5639 et
1083 5587 1259 5640 fusius
1286 5588 1427 5655 apud
1456 5588 1709 5641 Allatium
1757 5591 1810 5643 in

244 5674 485 5729 Diatriba
524 5677 804 5743 praedicta.
840 5680 1099 5733 Nostrum
1121 5696 1250 5735 vero
1282 5693 1559 5737 auctorem
1592 5687 1810 5754 conSpi~

244 5783 363 5824 citae
400 5768 564 5821 fuisse.
596 5769 647 5821 in
677 5770 954 5839 republica
995 5773 1296 5841 dignitatis,
1333 5789 1398 5835 ex
1434 5791 1499 5829 eo
1530 5777 1655 5831 licet
1684 5793 1813 5831 con-

242 5861 432 5928 jicere,
466 5860 609 5927 qttod
652 5860 702 5913 in
736 5861 851 5915 Vita
898 5877 1051 5917 num.
1100 5863 1167 5916 12
1212 5875 1417 5919 asserat
1477 5881 1533 5920 se
1573 5870 1808 5923 amicum

1896 617 2157 686 dignitate
2184 614 2507 677 constituto,
2539 611 2704 667 Leoni
2741 613 2971 675 scilicet,
3012 612 3069 665 ὃν
3110 613 3137 663 ὁ
3167 614 3467 685 πατρικίων

1895 725 1955 761 τε
2010 709 2104 759 καὶ
2152 705 2527 775 πραιποσὶτων
2572 704 2684 774 εἶχε
2732 706 2909 774 χορὸς,
2956 708 3049 756 καὶ
3119 706 3175 766 ὃς
3232 706 3465 775 μετῆλθε

1899 799 1998 868 μὲν
2030 798 2128 865 τὴν
2164 797 2256 849 τοῦ
2304 796 2674 866 Δρουγγαρίου
2721 796 2817 866 τὴν
2860 796 2966 848 τῶν
3000 799 3282 864 πὶωῖμων,
3339 815 3467 866 μετ-

1895 892 2023 961 ῆλθε
2077 891 2131 942 δὲ
2181 890 2273 942 καὶ
2322 890 2417 959 τὴν
2475 888 2567 940 τοῦ
2626 888 2923 956 Λογοθέτου
2970 888 3062 940 τοῦ
3118 890 3327 957 Δρόμου
3367 890 3465 957 ἁρ-

1896 986 2020 1055 χήν,
2071 1004 2087 1035 ι
2119 985 2209 1052 qui
2254 984 2305 1035 in
2350 981 2708 1050 patriciorum
2745 982 3270 1050 prasi'iositornmque
3317 981 3467 1033 erili-

1896 1093 2024 1131 nem
2048 1078 2254 1130 relatus
2281 1074 2403 1136 fuit,
2437 1074 2638 1142 quique
2667 1074 2742 1125 rei
2780 1074 3065 1127 maritima:
3091 1073 3465 1140 praefecturam

1892 1183 1960 1222 ac
2000 1167 2314 1237 Logotbett’c
2336 1166 2543 1221 Cursus
2568 1166 2783 1235 publice
2817 1166 3196 1235 magistratum
3227 1168 3412 1235 gessit,
3445 1189 3459 1216 ν

1895 1275 2018 1329 qua:
2052 1269 2182 1313 sunt
2211 1260 2352 1312 inter
2384 1273 2639 1327 suprema
2680 1258 2991 1327 reipublicai
3013 1258 3474 1327 Constantinopo-

1894 1353 2074 1407 litame
2104 1366 2355 1407 munera.

1965 1486 2018 1539 ﬁ.
2046 1484 2181 1540 Cum
2213 1501 2344 1539 vero
2389 1486 2527 1539 alius
2581 1486 2803 1554 quidam
2852 1485 2978 1544 Leo.
3018 1486 3109 1555 qui
3145 1487 3340 1541 Leonis
3380 1504 3467 1557 pa-

1899 1578 2041 1631 tricii
2082 1580 2388 1633 ministerio
2428 1581 2673 1644 suberat,
2702 1581 2907 1649 quique
2944 1590 3061 1634 erat
3094 1586 3475 1649 pr0105patlia-

1898 1673 2010 1725 rius
2047 1672 2121 1741 (id
2151 1683 2234 1724 est
2271 1675 2525 1740 princeps
2556 1688 2746 1726 eorum
2776 1674 2865 1742 qui
2900 1675 2965 1727 ad
2996 1675 3244 1743 corporis
3291 1684 3473 1727 custo-

1899 1764 2042 1817 diam
2079 1774 2237 1819 erant
2279 1765 2547 1834 deputati)
2596 1766 2803 1819 domini
2839 1768 2921 1819 sui
2956 1769 3124 1835 gratia
3167 1784 3228 1821 ac
3263 1768 3468 1832 favore,

1898 1873 2059 1926 quam
2094 1859 2162 1911 ob
2188 1874 2403 1911 causam
2438 1860 2646 1919 nescio,
2682 1859 2993 1919 excidisset.
3036 1861 3327 1929 nullusque
3375 1879 3471 1930 pro

1893 1952 2092 2004 misero
2158 1952 2500 2005 intercedere
2535 1953 2783 2014 auderet,
2824 1953 2970 2022 quod
3004 1953 3243 2007 diﬁieilis
3276 1956 3340 2007 ad
3377 1971 3471 2024 pa-

1891 2043 2109 2096 tricium
2144 2053 2353 2113 pateret
2378 2045 2579 2106 aditus,
2630 2056 2685 2098 ct
2713 2061 2874 2113 asper
2924 2054 3067 2099 esset
3104 2046 3155 2098 in
3195 2048 3470 2099 sermonis

1891 2151 2208 2205 congressu,
2226 2137 2530 2206 praesertim
2548 2137 2936 2191 interfamulos
2953 2156 2968 2201 ;
2988 2139 3317 2208 solusltujns
3335 2140 3469 2193 Vitae

1891 2235 2101 2290 auctor,
2129 2240 2226 2293 pro
2252 2241 2347 2279 sua
2375 2227 2583 2280 scilicet
2613 2245 2717 2296 qna
2742 2228 2884 2298 apud
2912 2229 3147 2282 Leonem
3178 2230 3468 2297 patricium

1890 2311 2128 2379 pollebat
2170 2315 2501 2369 auctoritate
2534 2325 2589 2369 et
2619 2318 2813 2385 gratia,
2853 2319 3187 2386 pertinacem
3222 2320 3467 2373 animum

1892 2405 1958 2458 ad
1988 2405 2386 2475 impetrandam
2421 2408 2620 2462 misero
2647 2409 2863 2463 veniam
2908 2410 3261 2481 interpellare
3303 2411 3470 2466 susti-

1893 2496 2037 2558 nuit,
2073 2506 2131 2550 ut
2157 2499 2389 2566 ipsemet
2420 2499 2589 2554 refert
2624 2501 2743 2555 loco
2779 2501 3080 2570 prazcirato.
3114 2501 3244 2556 Inde
3267 2503 3471 2557 inferre

1896 2586 2025 2641 licet
2067 2591 2210 2643 hune
2252 2607 2469 2658 quoque
2505 2594 2673 2645 fuisse
2720 2594 2931 2646 eximia:
2980 2595 3260 2663 dignitatis
3303 2602 3470 2664 atque

1894 2678 2260 2743 auctoritatis,
2297 2681 2631 2751 dignumque
2655 2684 2748 2752 qui
2786 2686 2843 2737 in
2876 2686 3010 2737 tanti
3040 2686 3140 2738 viri
3171 2687 3467 2740 amicitiam

1895 2769 2428 2844 familiaritatemque
2499 2776 2908 2832 admitteretur.
2962 2778 3233 2833 Convenit
3300 2781 3471 2849 igitur

1895 2865 2105 2918 auctori
2139 2876 2328 2918 nostro
2366 2867 2538 2936 stylus
2574 2877 2631 2920 et
2660 2868 2934 2921 scribendi
2980 2869 3212 2924 formula
3246 2872 3469 2942 Symeo—

1898 2959 1982 3013 nis
2012 2960 2413 3028 Metaphrastis,
2439 2962 2699 3016 convenit
2732 2964 2856 3015 vitae
2908 2963 3241 3027 institutum,
3269 2980 3473 3021 conve-

1898 3053 1980 3107 nit
2050 3055 2326 3121 dignitas;
2382 3070 2527 3107 nnne
2578 3067 2846 3122 superest,
2901 3065 3085 3108 utrntn
3136 3073 3257 3110 cum
3312 3069 3472 3114 mtatc

1898 3146 2142 3217 ejusdem
2175 3148 2470 3201 convenire
2498 3148 2690 3215 possit,
2717 3148 3047 3217 perspicere.

1966 3286 2019 3339 7.
2062 3286 2340 3342 Floruisse
2373 3285 2795 3355 Metaphrastem
2834 3287 3042 3341 ultimis
3063 3290 3221 3343 annis
3253 3290 3466 3359 imperii

1894 3379 2093 3433 Leonis
2128 3379 2467 3446 Philosotihi,
2512 3379 2604 3447 qui
2645 3380 2784 3432 obiit
2823 3397 2966 3433 anno
2998 3382 3125 3440 909.
3157 3392 3371 3435 constat
3404 3400 3469 3437 ex

1896 3470 2184 3539 ipsiusmct
2204 3470 2518 3525 testimonio
2540 3470 2595 3523 in
2624 3470 2743 3524 Vita
2763 3470 2819 3524 S.
2840 3469 3205 3534 Tlieoctistcs,
3238 3471 3327 3525 nbi
3358 3472 3468 3525 ait:

1905 3582 1922 3613 ι
1964 3562 2242 3633 Γενομένῳ
2280 3564 2369 3632 μοι
2411 3580 2538 3615 ποτε
2581 3564 2721 3615 κατὰ
2762 3570 2849 3616 τὸν
2878 3565 3057 3633 Πάρον
3089 3582 3102 3595 ·
3141 3567 3339 3633 γέγονα
3376 3566 3434 3618 δέ
3459 3585 3471 3597 ·

1898 3657 1993 3707 καὶ
2042 3658 2145 3725 γὰρ
2202 3659 2290 3709 ἐπὶ
2346 3659 2571 3728 Κρήτην
2610 3658 2856 3711 διέπλεον
2888 3658 2991 3711 ὐὲτὸ
3030 3661 3122 3712 τοῦ
3168 3662 3472 3731 μακαρίτου

1898 3748 2124 3810 Λέοντος
2156 3750 2329 3801 ἐκεῖσε
2355 3751 2626 3817 πεμφοεῐς
2653 3767 2666 3779 ·
2702 3753 2948 3811 Λέοντος,
2992 3756 3154 3820 φημὶ,
3185 3753 3275 3803 τοῦ
3319 3754 3473 3805 εὐτυ·

1900 3840 2025 3911 χοῦς
2066 3841 2235 3904 ὅντως
2280 3840 2564 3909 βασιλέως.
2619 3845 2712 3895 καὶ
2751 3842 2849 3912 τὴν
2888 3845 3142 3913 εὐτυχὶαν
3182 3844 3471 3914 Ῥωμαίων

1900 3930 1977 4001 τῷ
2012 3933 2169 3999 τάφῳ
2201 3934 2580 4001 ἀναθάψαντος
2603 3951 2615 3965 ·
2652 3936 2983 4007 ἐπεμπόμην
3022 3937 3077 3989 δὲ
3117 3956 3480 4006 συστρατευο-

1909 4040 2067 4091 μενος
2113 4022 2361 4092 Ἦμερὶῳ
2389 4024 2467 4092 τῷ
2491 4026 2653 4081 πάνυ,
2677 4026 2755 4093 τῷ
2780 4028 3280 4095 στρατηγικωτάτῳ
3314 4028 3477 4093 δηλα-

1905 4116 1990 4182 δὴ,
2031 4115 2125 4168 καὶ
2146 4114 2364 4184 ἄρχοντι
2394 4115 2487 4168 τοῦ
2516 4132 2572 4168 τε
2605 4115 2828 4186 δρόμου,
2860 4116 2954 4168 καὶ
2983 4114 3077 4169 τοῦ
3122 4116 3310 4170 στόλου
3348 4134 3481 4169 παν-

1906 4207 2088 4267 τόςηη
2159 4206 2519 4275 Ἐστελλόμην
2586 4206 2875 4274 τοιγαροῦν
2933 4207 3094 4257 τοῦτο
3142 4207 3241 4272 μὲν
3286 4207 3481 4273 ἐκείνῳ

1910 4298 2444 4367 συστρατευόμενος,
2490 4297 2584 4349 καὶ
2636 4295 3099 4367 προδιϐαζόμενος
3152 4299 3231 4359 εἰς
3286 4300 3481 4366 πεῖραν

1909 4392 2302 4461 στρατηγικὴν,
2339 4386 2427 4443 οἶα
2467 4390 2643 4451 πῶλος
2674 4393 2836 4462 μητρῖ
2871 4391 3004 4460 πρὸς
3039 4390 3105 4443 τὰ
3127 4392 3481 4457 γενναιότατα

1909 4487 2017 4539 τῶν
2049 4488 2522 4555 στρατηγημάτων
2548 4484 2874 4549 συσκαίρων.
2907 4482 3062 4533 Οὕτω
3101 4483 3209 4550 γὰρ
3239 4478 3304 4549 ἦν
3331 4486 3357 4534 ὁ
3389 4484 3480 4534 τοῦ

1835 4572 1878 4627 D
1914 4578 2214 4646 μακαρίτου
2276 4593 2376 4642 μου
2434 4572 2705 4633 Βασιλέως
2752 4571 2988 4632 σκοπός·
3046 4571 3202 4622 τοῦτο
3252 4571 3305 4622 δὲ
3347 4589 3485 4641 πρε-

1916 4670 2241 4736 σϐευόμενος
2293 4666 2427 4736 πρὸς
2484 4666 2608 4729 τοὺς
2663 4665 2760 4734 τὴν
2791 4666 3016 4735 Κρήτην
3044 4663 3264 4735 ἔχοντας
3312 4666 3482 4733 Ἀρα-

1914 4762 2034 4826 6ας.
2073 4780 2089 4812 ι
2118 4761 2248 4827 Ουτο
2294 4762 2372 4815 sic
2414 4759 2607 4813 Latine
2648 4768 2843 4813 sonant
2883 4759 3080 4813 Allatio
3111 4777 3168 4813 2(
3204 4759 3340 4814 Cum
3384 4759 3487 4811 ali-

1914 4858 2133 4927 quando
2169 4859 2219 4910 in
2258 4857 2394 4910 Paro
2431 4870 2606 4910 essem
2681 4855 2971 4920 insula;fui
3010 4863 3190 4906 autem
3231 4871 3242 4905 :
3278 4869 3401 4905 nam
3430 4853 3484 4905 in

1913 4949 2128 5004 Cretam
2181 4946 2498 5017 navigabam
2557 4963 2583 4999 a
2646 4946 2825 5001 Leone
2873 4945 3046 4999 beata:
3088 4946 3365 5000 memoria:
3420 4961 3486 4999 eo

1916 5042 2152 5105 missus;
2190 5039 2390 5104 Leone,
2437 5040 2681 5107 inquam,
2719 5039 2812 5095 illo
2844 5057 2969 5094 vere
3005 5042 3281 5094 fortunato
3317 5041 3490 5108 impe-

1917 5142 2121 5194 ratore.
2163 5134 2255 5201 qui
2295 5135 2467 5201 ipsam
2513 5132 2883 5187 Romanorum
2933 5134 3250 5186 felicitatem
3301 5148 3489 5185 secum

1917 5226 2136 5282 videtur
2198 5225 2251 5278 in
2302 5225 2613 5293 sepulcrum
2669 5224 2960 5279 intulisse:
2997 5223 3252 5276 mittebar
3305 5232 3489 5278 autem

1916 5335 2022 5372 una
2062 5319 2304 5372 militans
2351 5332 2473 5371 cum
2516 5318 2819 5372 clarissimo
2860 5317 2951 5371 illo
2990 5316 3263 5379 Ilemerio,
3302 5325 3492 5383 utpote

1914 5412 2153 5466 ducendi
2208 5411 2482 5466 exercitus
2535 5411 2890 5481 peritissimo,
2957 5410 3137 5462 dromi
3202 5410 3487 5477 prxfccto.

1914 5508 2006 5575 qui
2040 5516 2093 5561 et
2128 5505 2394 5559 universa:
2428 5504 2588 5559 cllassi
2623 5504 2928 5571 imperabat
3053 5503 3305 5557 Mittebar
3333 5501 3495 5573 igitur

1917 5599 2116 5665 partim
2174 5612 2298 5649 cuin
2341 5611 2407 5649 eo
2463 5595 2726 5658 militans,
2775 5605 2827 5649 et
2865 5596 2927 5648 ad
2962 5594 3327 5665 imperatoria:
3365 5595 3495 5646 artis

1918 5690 2307 5743 documentum
2373 5687 2597 5755 aliquod
2645 5688 3087 5755 promovendus,
3146 5694 3206 5739 ut
3262 5686 3495 5753 equnlus

1920 5781 2107 5842 matri,
2169 5782 2234 5833 ad
2295 5780 2550 5848 pricclara
2599 5783 2719 5852 ejus
2762 5786 3143 5848 stratagcinata
3203 5778 3491 5831 assiliens:

1921 5874 1973 5927 id
2038 5873 2184 5925 enim
2261 5873 2534 5942 praecipue
2595 5874 2875 5942 Augustus
2939 5870 3259 5940 spectabat:
3296 5868 3492 5937 partim
