4230 6436
731 400 820 460 ἳἹί
2102 397 2382 456 MENSIS
2415 398 2717 457 JUNIUS.

737 524 793 564 ut
848 514 910 565 ad
971 508 1170 563 Arabas
1206 499 1432 557 Cretam
1494 507 1806 562 obtinentes
1863 507 2135 579 legatione
2194 509 2385 572 [οη-Α

735 619 912 673 gerer.
958 620 974 653 ι

808 695 858 749 8.
896 695 970 748 Ex
1021 693 1106 747 his
1149 691 1312 746 infert
1361 688 1661 747 Bollandus
1709 703 1912 758 noster,
1962 695 2015 748 in
2060 695 2315 765 praedicta

740 787 1080 855 pra-fullone,
1139 784 1560 852 Metaphrastem
1614 785 1666 839 id
1716 787 1973 855 temporis
2020 802 2125 840 non
2178 787 2317 840 adeo

737 880 907 932 luisse
943 888 1072 931 natu
1112 887 1452 944 provectum,
1488 887 1544 930 ut
1577 877 1669 945 qui
1709 878 2072 947 imperatoriae
2096 879 2317 933 virtutis

743 969 1061 1022 tirocinium
1090 984 1290 1037 ponere
1316 969 1418 1021 sub
1451 978 1710 1022 veterano
1737 969 1872 1022 duce
1893 970 2205 1039 juberetur,
2237 973 2318 1025 ei-

737 1075 843 1128 que
876 1059 1094 1112 additus
1127 1059 1289 1112 fuerit
1315 1054 1400 1110 οἷα
1428 1060 1602 1120 πῶλος
1644 1061 1830 1130 μητρί,
1865 1080 1878 1109 ι
1909 1062 2055 1115 velut
2081 1063 2316 1129 equulus

740 1153 922 1213 matri,
967 1171 982 1197 η
1025 1155 1310 1221 solumque
1351 1154 1399 1205 ei
1453 1153 1645 1206 tribuit
1691 1170 1757 1206 xx
1791 1169 1859 1206 ou
1899 1170 2002 1206 imi
2045 1169 2313 1209 annorum

738 1253 976 1297 atatem.
1013 1244 1246 1296 Allatius
1283 1259 1412 1296 vero
1445 1243 1585 1297 hanc
1628 1245 2045 1300 similitudinem
2087 1262 2195 1300 non
2248 1249 2313 1301 ad

737 1344 976 1392 aetatem.
1014 1336 1104 1388 sed
1137 1336 1201 1386 ad
1245 1335 1580 1390 docilitatem
1617 1348 1671 1390 et
1696 1338 2041 1406 disciplinam
2073 1341 2314 1397 referens

737 1441 801 1479 ex
835 1428 1040 1480 ultimis
1075 1428 1276 1489 verbis,
1306 1428 1541 1482 τοῦτοδὲ
1571 1431 2006 1499 πρεσϐευόμενος
2033 1435 2164 1502 πρὸς
2192 1438 2314 1496 τοὺς

737 1515 834 1584 τὴν
858 1519 1076 1585 Κρήτην
1099 1517 1315 1586 ἔχοντας
1337 1519 1602 1588 Ἄραϐας,
1667 1541 1680 1570 ι
1723 1524 1920 1591 partim
1944 1534 1999 1576 ut
2024 1525 2088 1576 ad
2109 1526 2314 1579 Arabas

738 1609 954 1660 Cretam
989 1610 1303 1666 obtinentes
1330 1614 1596 1682 legatione
1630 1616 1905 1684 fungerer,
1955 1637 1969 1665 ν
2005 1619 2308 1681 concludit,

739 1715 799 1752 ea
831 1701 884 1753 in
919 1703 1265 1769 expeditione
1298 1705 1719 1775 Metaphrastem
1750 1709 2110 1772 provectioris
2133 1711 2310 1764 :etatis

740 1787 928 1844 fuisse.
959 1807 1078 1859 qua:
1110 1809 1278 1862 capax
1300 1807 1446 1848 esset
1472 1797 1806 1852 sustinendae
1835 1800 2202 1862 auctoritatis,
2226 1812 2310 1854 at-

3876 395 4011 458 212

2421 511 2668 580 (ingenii)
2711 509 3168 578 incomparabiles
3201 509 3385 563 statim
3431 519 3485 563 et
3526 526 3553 562 a
3593 511 3792 580 primo,
3829 523 3890 565 ut
3931 527 4024 567 se-

2424 601 2528 653 mel
2563 601 2765 663 dicam,
2801 611 2947 662 ortu,
2977 601 3141 653 etiam
3167 599 3396 654 florente
3423 602 3620 668 capillo
3644 604 4018 665 ostendebat;

2424 709 2529 746 non
2562 708 2724 748 secus
2760 704 2922 762 atque
2959 694 3178 746 leonum
3217 693 3383 746 catuli
3420 695 3714 747 ostendunt
3752 699 4023 764 protinus

2422 787 2779 854 supercilium
2825 797 2880 838 et
2931 787 3152 839 densam
3191 786 3316 840 colli
3347 786 3556 856 jubam.
3595 787 3804 846 Etenim
3835 787 4021 844 ﬂores

2421 878 2768 946 pullulabant
2833 877 3243 946 intelligentiae,
3301 885 3354 930 et
3408 875 3643 930 habebat
3700 879 4020 944 prudentire

2420 969 2749 1037 profundam
2779 968 3072 1036 quamdam
3113 967 3372 1027 radicem,
3416 968 3651 1036 quodam
3686 967 4017 1020 admirabili

2419 1061 2628 1130 fulgore
2655 1077 2806 1114 mens
2831 1060 3085 1113 micabat.
3115 1059 3238 1112 Haec
3268 1060 3386 1112 aliis
3409 1060 3628 1128 quidem
3654 1060 4019 1115 suffecissent

2419 1152 2484 1205 ad
2547 1152 2978 1221 perfectionem;
3032 1150 3082 1202 in
3163 1149 3256 1201 illo
3310 1159 3490 1202 autem
3562 1150 4020 1219 agnoscebantur

2418 1243 2586 1296 veluti
2619 1241 2862 1310 qumdam
2904 1242 3055 1309 prius
3093 1239 3382 1308 descriptae
3412 1240 3616 1308 figurae,
3651 1257 3772 1308 quae
3819 1241 4020 1309 perfe—

2417 1344 2558 1388 ctam
2591 1337 2710 1405 ejus
2760 1336 2998 1390 indolcm
3053 1335 3568 1406 przcsignificabant.
3601 1356 3618 1384 θ
3677 1336 3818 1402 Quid
3880 1337 4016 1388 miri

2418 1427 2606 1494 igitur,
2635 1427 2677 1480 si
2708 1426 3105 1496 Metapbrastes
3136 1427 3190 1479 id
3225 1427 3488 1496 temporis
3512 1427 3782 1495 legatione
3812 1429 4012 1497 aliqua

2420 1521 2738 1587 perfunctus
2793 1519 2978 1580 luerit,
3033 1520 3326 1587 prudentia
3385 1519 3555 1587 magis
3624 1535 3782 1585 quam
3840 1530 4016 1573 astute

2418 1611 2748 1678 provectus?
2783 1613 2923 1665 forte
2970 1612 3132 1665 etiam
3165 1613 3288 1665 aliis
3328 1612 3520 1681 legatis
3559 1612 3876 1665 senioribus
3915 1613 4018 1664 ho-

2419 1703 2572 1756 noris
2603 1718 2766 1756 causa
2794 1704 3036 1766 additus,
3075 1713 3134 1756 ut
3168 1703 3626 1770 quemadmodum
3669 1703 3769 1754 sub
3809 1703 4010 1756 Hime-

2419 1798 2502 1848 rio
2530 1807 2798 1850 vetcrano
2827 1796 2965 1849 duce
2999 1795 3074 1848 rei
3107 1794 3377 1857 militaris,
3404 1795 3475 1847 ita
3507 1794 3607 1847 sub
3649 1794 3714 1846 iis
3748 1795 3824 1847 rei
3865 1797 4014 1862 poli-

741 1896 846 1948 que
892 1883 1034 1937 illius
1080 1886 1400 1954 prudentim,
1458 1905 1577 1958 quze
1633 1890 1683 1942 in
1741 1891 1917 1960 legato
1965 1894 2310 1961 requiritur:
2349 1867 2389 1922 Β
2422 1888 2540 1941 tieae
2596 1889 2741 1942 inter
2786 1900 3005 1941 exteras
3041 1888 3291 1940 nationes
3331 1888 3700 1940 rudimentum
3750 1900 4008 1954 poneret.

741 1986 909 2041 quare
966 1988 1138 2029 annos
1188 1994 1271 2040 xc,
1333 1990 1427 2032 aut
1470 1982 1752 2034 minimum
1799 1999 1936 2035 xxxv
1988 1985 2036 2036 ei
2097 1985 2311 2041 tribuit.

740 2061 904 2118 Multa
954 2068 1170 2134 quidem
1233 2071 1321 2123 ille
1378 2083 1571 2140 przeter
1624 2074 1727 2127 alia
1777 2090 1950 2145 eaque
1991 2076 2309 2144 gravissima

738 2155 952 2209 erudite
979 2161 1238 2229 congerit,
1259 2162 1398 2217 unde
1425 2165 1742 2233 opinionem
1769 2183 1920 2219 suam
1942 2168 2308 2222 verosimilem

743 2245 956 2299 reddaL

812 2337 862 2393 9.
898 2339 1087 2393 Omnia
1140 2349 1339 2406 tamen,
1389 2359 1726 2416 qmecunqne
1773 2347 1948 2410 affert,
1995 2366 2106 2403 rem
2156 2352 2312 2421 plane

738 2445 841 2483 non
879 2431 1196 2493 conficiunt,
1225 2434 1382 2504 idque
1411 2437 1583 2488 solum
1612 2439 1972 2500 convincunt,
2007 2443 2314 2495 communi—

740 2532 820 2576 ter
860 2524 912 2576 id
946 2528 1261 2591 contingere
1286 2527 1587 2580 secundum
1625 2530 1963 2581 ordinarium
2002 2544 2182 2584 rerum
2218 2536 2310 2584 liti-

737 2626 1016 2667 inanarum
1057 2630 1300 2676 cursum,
1345 2632 1452 2668 non
1501 2633 1628 2670 vero
1663 2619 1932 2685 absolute,
1983 2623 2053 2674 ita
2102 2624 2308 2677 factum

739 2719 1016 2771 nunquam
1044 2719 1182 2758 esse.
1210 2704 1388 2774 Capax
1421 2709 1622 2761 etenim
1655 2719 1736 2762 est
1766 2727 2152 2781 nonnunquam
2178 2715 2310 2767 ado-

737 2794 992 2847 lescentia
1029 2811 1208 2849 rerum
1256 2799 1640 2860 maximarum,
1690 2811 1801 2855 tum
1857 2803 1910 2856 in
1947 2804 2160 2865 militia,
2197 2815 2310 2858 tum

737 2885 790 2937 in
822 2886 1121 2954 republica,
1162 2892 1464 2957 praesertim
1529 2891 1571 2942 si
1626 2893 1916 2958 prudentia
1969 2903 2023 2944 et
2073 2895 2314 2946 exterior

734 2979 983 3046 corporis
1028 2979 1258 3046 species,
1318 2989 1372 3031 ut
1421 2983 1750 3049 quandoque
1800 2982 1999 3034 factum
2051 2985 2309 3050 vidimus,

733 3068 911 3119 aetatis
944 3066 1216 3121 defectum
1250 3070 1518 3138 suppleat.
1545 3069 1610 3124 Ut
1636 3071 1770 3122 alios
1805 3081 2146 3140 praeteream,
2178 3074 2266 3127 Sci
2288 3104 2309 3113 -

736 3158 833 3226 pio-
857 3158 1164 3224 Africanus,
1188 3163 1332 3230 quod
1359 3161 1602 3214 Romana
1640 3161 1801 3214 habet
1844 3157 2071 3216 historia
2140 3181 2313 3219 annos

737 3263 858 3300 xxiv
891 3258 1070 3311 natus,
1119 3252 1417 3319 imperator
1474 3253 1672 3303 missus
1721 3263 1802 3303 est
1860 3254 1914 3304 in
1975 3252 2309 3322 Hispaniam,

735 3357 896 3410 quam
947 3351 1184 3409 quatuor
1234 3343 1509 3394 mensium
1561 3341 1734 3410 spatio
1788 3340 2312 3413 Carthaginensibus

734 3432 959 3502 eripuit.
991 3432 1284 3500 Pompeius
1329 3432 1574 3502 Magnus,
1605 3443 1740 3487 teste
1776 3433 2037 3489 Cicerone
2071 3437 2124 3490 in
2156 3438 2305 3495 Orat.

735 3540 829 3589 pro
879 3523 986 3590 lege
1046 3522 1294 3587 Manilia,
1349 3544 1365 3570 α
1404 3525 1627 3576 ineunte
1679 3523 2049 3578 adolescentia
2111 3530 2310 3580 surmui

737 3616 852 3684 ipse
887 3614 1163 3668 exercitus
1198 3616 1494 3682 imperator
1530 3614 1672 3677 fuit;
1715 3635 1734 3664 β
1782 3623 1839 3668 et
1884 3623 2065 3668 tamen
2110 3627 2310 3685 quanta

739 3706 792 3757 in
831 3706 1166 3757 moderando
1195 3706 1586 3772 dirigendoque
1619 3705 1866 3757 exercitu
1899 3710 2192 3774 prudentia
2223 3726 2311 3765 re-

747 3813 977 3863 rumque
1013 3812 1142 3849 usus
1174 3798 1506 3865 requiritur!
1543 3796 1703 3851 Juvat
1729 3798 1816 3853 hic
1840 3815 2132 3857 annectere
2163 3806 2312 3873 quod

738 3877 1192 3958 reiertBeyerlink
1214 3889 1265 3941 in
1287 3888 1503 3942 Tltealro
1521 3891 1635 3943 vita:
1652 3892 2003 3954 ltum.,verbo
2026 3912 2038 3945 :
2061 3892 2312 3963 Legatus.

745 3997 760 4027 ι
801 3977 1094 4037 Veneraut,
1123 3981 1320 4045 inquit,
1357 3982 1628 4046 superiori
1659 3997 1776 4034 aevo
1819 3984 1884 4035 ad
1924 3984 2310 4054 imperatorem

735 4068 981 4125 Orientis
1014 4070 1289 4124 imberbes
1314 4070 1497 4139 legati,
1521 4087 1657 4140 quos
1695 4088 1818 4128 cum
1854 4075 1941 4129 ille
1981 4077 2308 4146 despiceret,

737 4163 877 4229 quod
931 4163 1403 4215 adolescentiores
1462 4164 1613 4215 missi
1663 4175 1865 4230 essent,
1905 4167 2076 4221 libere
2116 4179 2170 4223 et
2208 4185 2312 4223 au-

735 4256 924 4310 daclcr
951 4253 1206 4306 dixerunt
1245 4272 1256 4305 :
1305 4252 1359 4307 Si
1392 4269 1457 4308 ex
1491 4257 1659 4308 menti
1692 4255 1944 4326 lanugine
1985 4260 2308 4316 aestimanda

734 4349 805 4401 sit
833 4347 1082 4416 aptitudo
1113 4357 1168 4399 et
1204 4345 1462 4414 dignitas,
1504 4347 1686 4403 hircos
1717 4352 1963 4418 potiores
1990 4363 2173 4421 partes
2206 4354 2304 4408 ha-

740 4441 966 4491 bituros.
1008 4458 1025 4485 ιι

2497 1983 2579 2032 lt.
2626 1979 2782 2044 Quod
2839 1980 3003 2049 igitur
3055 1977 3172 2031 ﬁeri
3233 1977 3432 2047 potuit,
3478 1977 3681 2035 factum
3739 1979 4015 2048 tantisper

2420 2088 2818 2143 supponanius,
2849 2081 3014 2140 atque
3041 2072 3234 2126 ultimo
3263 2071 3463 2125 Lcoois
3493 2070 3812 2139 Philosophi
3838 2086 4012 2135 anno,

2417 2181 2538 2218 aera:
2565 2167 2871 2219 communis
2898 2166 3021 2227 9H,
3048 2163 3302 2236 Symeoni
3357 2163 3708 2231 Metaphrasti
3754 2179 3860 2214 xxx
3920 2173 4014 2216 aut

2419 2273 2563 2309 χχχιι
2605 2271 2874 2309 annorum
2908 2267 3122 2309 :ctatem
3159 2256 3488 2307 tribuamus.
3527 2254 3736 2306 l’oterlt
3767 2264 3904 2307 tunc
3936 2254 4003 2306 ad

2419 2347 2662 2417 tempora
2689 2348 2982 2415 Nicephori
3014 2347 3206 2400 Phocte
3230 2348 3539 2415 pervenisse
3572 2348 3685 2416 (qui
3709 2364 3859 2401 anno
3884 2364 4013 2402 l.\ll|

2419 2437 2662 2507 ejusdem
2685 2438 2869 2492 smculi
2891 2436 3176 2506 imperium
3200 2436 3682 2503 Orientisadeptus
3701 2437 3828 2502 fuit)
3845 2447 4013 2504 atque

2420 2533 2774 2602 octogenario
2826 2532 3000 2602 major
3031 2532 3207 2600 aliqua
3256 2530 3419 2584 etiam
3473 2528 3854 2581 elucubrasse.
3897 2528 4014 2581 Hoc

2419 2626 2728 2693 supposito,
2763 2625 3050 2679 videamus
3072 2641 3139 2677 an
3168 2622 3521 2691 chronologia
3552 2621 3669 2675 ha:c
3703 2623 4012 2674 convenire

2420 2716 2594 2782 possit
2621 2724 2811 2767 nostro
2837 2716 3072 2776 auctori,
3103 2715 3197 2782 qui
3233 2729 3383 2766 num.
3415 2714 3479 2767 l9
3510 2728 3740 2766 narrans
3768 2714 4015 2765 miracu-

2423 2808 2533 2859 lum
2569 2806 2713 2874 quod
2745 2806 2931 2858 Barda:
2965 2806 3410 2874 protospathario
3448 2806 3670 2867 accidit,
3700 2807 3776 2858 ait
3814 2823 3829 2858 :
3875 2807 4016 2870 Σεςὸ-

2419 2897 2519 2965 δρα
2551 2898 2607 2948 δὲ
2650 2890 2806 2959 οὗτος
2850 2896 3114 2964 ’[’ωμανῷ
3154 2895 3364 2961 βασιλεῖ
3403 2895 3478 2960 τῷ
3526 2898 3764 2946 ἐπιεικεῖ
3812 2912 3872 2946 τε
3919 2897 4014 2945 καὶ

2420 2988 2642 3058 χρηστῷ
2699 2991 3106 3060 προσῳκείωτο,
3162 2989 3219 3041 ὃν
3270 2991 3362 3040 καὶ
3423 2990 3568 3040 ἴσασι
3626 2988 3854 3052 πάντες,
3897 2987 4012 3038 υἱὸν

2423 3082 2842 3133 Κωνσταντίνου
2880 3081 3158 3150 γενέσθαι,
3191 3080 3304 3146 τοῦ,
3355 3081 3422 3133 τὰ
3472 3079 3650 3134 πάντα
3712 3078 4010 3131 συνελόντα

2421 3170 2614 3233 εἰπὼν,
2647 3171 3098 3239 βασιλικωτάτων.
3145 3194 3160 3220 ι
3202 3174 3262 3226 Ei
3292 3188 3418 3226 vero
3441 3173 3672 3241 (Barda')
3701 3189 3900 3243 magna
3925 3173 4012 3225 in-

2417 3270 2745 3318 tereesserat
2802 3265 3147 3318 familiaritas
3201 3281 3323 3318 cum
3369 3265 3616 3318 Romano
3666 3269 4008 3334 imperatore

2413 3353 2651 3424 benigno
2688 3364 2741 3408 et
2770 3356 3061 3418 clemente,
3089 3371 3250 3423 quem
3288 3356 3470 3408 sciunt
3505 3371 3698 3409 omnes
3724 3356 3899 3410 fuisse
3940 3357 4006 3409 fi-

2412 3446 2544 3499 lium
2582 3446 2954 3512 Constantini,
2994 3448 3088 3516 qui
3127 3448 3210 3516 (ut
3240 3447 3422 3500 omn-ia
3455 3448 3624 3500 semel
3663 3448 3868 3517 dicam)
3899 3449 4007 3504 fuit

2414 3537 2712 3606 imperator
2764 3539 3037 3608 egregius,
3069 3556 3086 3589 θ
3137 3538 3342 3608 quibus
3377 3537 3566 3592 verbis
3621 3537 3688 3592 de
3747 3538 4006 3594 Romano

2410 3625 2754 3682 Constantini
2790 3629 3243 3700 Porphyrogeniti
3285 3629 3420 3690 filio.
3448 3630 3635 3700 utjam
3666 3640 3891 3682 mortuo
3918 3629 4006 3681 lo-

2411 3719 2502 3786 qui
2528 3719 2768 3783 videtur,
2809 3721 2916 3775 nisi
2949 3720 3089 3774 forte
3116 3721 3253 3773 verti
3284 3721 3457 3788 possit
3489 3738 3501 3772 :
3554 3737 3572 3770 ι
3602 3719 3666 3772 Ei
3711 3734 3846 3772 vero
3889 3734 4005 3771 rna-

2410 3826 2515 3878 gna
2541 3811 2916 3864 intercedebat
2945 3810 3292 3862 familiaritas
3323 3825 3446 3862 cum
3480 3810 3729 3863 Romano
3757 3810 4001 3878 impera-

2414 3909 2551 3962 tore,
2583 3915 2743 3970 quem
2768 3900 2950 3955 sciunt
2981 3915 3176 3956 omnes
3205 3916 3326 3956 esse
3350 3901 3520 3955 lilium
3545 3900 3936 3967 Constantini;
3979 3923 3999 3953 ι

2410 4002 2574 4063 atque
2611 3993 2684 4047 ita
2717 3997 2784 4048 ad
2816 3993 3050 4050 Romani
3088 3995 3441 4065 imperatoris
3479 4005 3746 4068 tempora,
3785 3997 3880 4065 qui
3929 3996 4003 4049 ab

2412 4099 2555 4138 anno
2603 4084 2708 4139 960
2760 4087 2826 4139 ad
2872 4087 2942 4140 63
2983 4088 3276 4155 imperium
3310 4089 3506 4152 tenuit,
3543 4088 3734 4143 referri
3780 4099 3995 4156 posset,

2410 4173 2547 4227 alias
2570 4174 2636 4228 ad
2662 4178 3000 4232 successoris
3033 4180 3177 4234 illius
3199 4179 3493 4247 Nieephori
3523 4179 3718 4232 Phoce
3749 4188 4006 4246 tempora

2414 4265 2846 4333 transferendus,
2904 4271 3151 4340 adeoque
3203 4271 3340 4324 nihil
3396 4271 3488 4323 hic
3519 4280 3623 4332 est,
3668 4270 3816 4337 quod
3873 4285 4004 4323 cum

2410 4363 2572 4409 aetate
2605 4356 2992 4427 Metaphrastis
3018 4371 3244 4428 pugnet.

2486 4447 2571 4501 i2.
2604 4448 2673 4503 At
2707 4450 2903 4504 terruit
2929 4464 3015 4502 me
3039 4451 3185 4518 quod
3210 4466 3359 4504 num.
3394 4451 3460 4506 15
3491 4453 3720 4524 legatur,
3758 4463 3815 4507 ut
3852 4455 4004 4523 apud

811 4530 894 4581 l0.
932 4528 1084 4594 Quod
1114 4527 1281 4598 igitur
1313 4529 1364 4582 in
1401 4529 1590 4599 paucis
1622 4531 1868 4601 contigit,
1905 4532 1958 4585 in
1997 4533 2304 4603 Metaphra-
2343 4569 2385 4620 υ
2415 4543 2635 4597 Surium
2699 4547 3020 4601 translatum
3076 4557 3180 4611 est,
3230 4550 3441 4605 scilicet
3479 4573 3491 4606 :
3533 4571 3550 4602 ι
3589 4553 3730 4606 Petit
3776 4569 3803 4605 a
3850 4554 4002 4608 bono

737 4635 817 4677 ste
855 4622 1175 4688 contingere
1206 4621 1405 4688 potuit.
1429 4623 1724 4689 praesertim
1755 4637 1878 4675 cum
1907 4623 2132 4679 Michael
2161 4626 2309 4682 Psel-

736 4716 821 4767 lus
865 4714 1038 4782 ipsius
1093 4713 1476 4776 encomiastes,
1509 4714 1625 4784 ejus
1663 4717 1716 4768 in
1751 4718 1922 4782 prima
1965 4726 2124 4769 aetate
2157 4719 2310 4789 inge-

738 4806 908 4864 nium,
938 4805 1293 4870 innatamque
1335 4803 1488 4870 quasi
1522 4803 1864 4870 prudentiam
1889 4807 2114 4861 extollat
2155 4809 2308 4864 hisce

739 4900 923 4951 verbis
957 4914 968 4949 :
1015 4915 1030 4944 ρ
1075 4894 1181 4948 Καὶ
1211 4898 1270 4947 τὸ
1316 4897 1456 4948 κατὰ
1491 4899 1706 4950 πάντων
1741 4900 2069 4968 ἀσύγκριτον
2111 4903 2310 4970 κράτος

740 4994 830 5044 καὶ
854 4987 1252 5059 ἀπαραμιλλον,
1286 4985 1351 5056 ἦν
1393 4990 1487 5055 μὲν
1511 4990 1666 5051 εὐθὺς
1692 4992 1750 5041 τὸ
1782 4993 1841 5042 ἐκ
1865 4992 2108 5060 πρώτῃ,
2135 4996 2207 5056 ὡς
2235 4997 2310 5046 εζ-

740 5087 880 5147 ττείν,
913 5086 1199 5149 γενέσεως,
1236 5082 1330 5132 καὶ
1367 5082 1422 5142 ἐξ
1455 5081 1721 5146 ἀνθούσης
1754 5085 1850 5151 ἤδη
1885 5085 2086 5152 τριχὸς,
2120 5085 2310 5156 ὥσπερ

736 5180 782 5228 oi
830 5179 934 5228 τών
973 5178 1198 5228 λεόντων
1242 5174 1490 5244 exitum,
1519 5173 1678 5234 εὐθὺς
1706 5176 1799 5243 τὴν
1826 5177 2004 5246 ὀφρὺν
2042 5181 2306 5245 παραδει-

739 5268 1012 5330 κνύοντες,
1057 5269 1147 5317 καὶ
1194 5268 1299 5317 τῶν
1348 5265 1684 5332 ἑπαυχενίων
1733 5269 1934 5334 τριχῶν
1991 5270 2049 5321 τὸ
2102 5270 2302 5323 λάςιον.

743 5361 1001 5429 ’Υπήνοει
1042 5359 1148 5426 γὰρ
1190 5357 1336 5423 αὑτῴ
1377 5357 1440 5406 τὰ
1475 5362 1569 5421 τῆς
1617 5356 1879 5417 συνέσεως
1924 5360 2081 5426 ἅνῢη,
2116 5362 2207 5412 καὶ
2248 5363 2308 5414 τὸ

736 5453 989 5520 φρόνημα
1031 5452 1183 5518 ῥίζαν
1220 5447 1338 5500 τινὰ
1381 5442 1490 5516 εἶχε
1527 5447 1766 5516 βαθεῖαν,
1812 5449 1903 5501 καὶ
1961 5452 1986 5502 ὁ
2039 5452 2161 5514 νοῦς
2221 5451 2308 5515 ἐξ·

736 5544 1014 5613 ἐπετραπτέ
1063 5560 1112 5593 τι
1175 5540 1494 5610 Θαυμάσιον.
1553 5541 1734 5593 ἰἀὖτα
1772 5543 1824 5594 δὲ
1857 5547 1964 5605 toi;
2007 5545 2102 5611 μὲν
2131 5548 2309 5608 ἄλλοις

736 5637 1006 5706 ἀρκοῦντα
1038 5635 1329 5702 ἐτύγχανεν
1363 5637 1441 5694 εἰς
1472 5635 1766 5697 τελεὶωαιν,
1799 5638 1988 5707 ἐκείνῳ
2019 5637 2073 5688 δὲ
2111 5657 2310 5708 προχα-

734 5730 990 5800 ρὰγματχ
1019 5725 1116 5792 τῆς
1147 5725 1355 5784 τελείας
1394 5725 1716 5794 ἐγνωρίζετο
1743 5727 1978 5796 φύσεως.
2024 5748 2040 5778 ι
2079 5730 2207 5795 Qum
2243 5749 2306 5785 ex

735 5819 1185 5888 interpretatione
1210 5818 1387 5873 Aliatii
1419 5819 1490 5872 ita
1511 5829 1739 5872 sonant:
1774 5840 1786 5871 ι
1827 5818 1890 5877 Et
1920 5822 2061 5875 vires
2086 5824 2303 5891 quidem

2411 4633 2618 4690 Joanne
2654 4638 2767 4703 (ille
2796 4638 2943 4692 enim
2973 4647 3102 4692 tunc
3124 4639 3407 4694 obtinebat
3430 4643 3746 4709 imperium)
3773 4656 3831 4696 ut
3860 4661 3999 4697 cura

2415 4724 2578 4790 hujus
2637 4726 2834 4782 domus
2883 4727 2988 4781 sibi
3039 4728 3509 4794 demandaretur;
3550 4750 3564 4780 ν
3608 4731 3699 4785 ubi
3750 4731 4001 4790 Joannes

2413 4817 2689 4873 Zemisces
2721 4819 3064 4888 indigitatur,
3088 4823 3180 4890 qui
3205 4837 3349 4875 anno
3372 4821 3476 4875 969
3502 4837 3731 4893 regnare
3763 4827 3996 4894 incepit,

2415 4910 2481 4964 ad
2506 4911 2663 4978 cujus
2693 4919 2937 4980 tempora
2969 4911 3365 4983 Metaphrastes
3390 4929 3532 4983 aagre
3567 4925 3748 4984 potest
3781 4917 4000 4984 pertin-

2414 5016 2563 5069 gere,
2590 5001 2696 5055 nisi
2742 5018 2867 5056 cum
2901 5005 3274 5072 uonagenario
3304 5007 3588 5075 majorem,
3631 5008 3811 5060 Vitam
3855 5009 4000 5061 hanc

2415 5092 2698 5159 scripsisse
2725 5094 3010 5148 fateamur.
3043 5095 3215 5159 Quam
3243 5097 3312 5148 ob
3351 5115 3464 5151 rem
3495 5116 3594 5168 pro
3624 5099 3835 5153 Joanne
3862 5105 4002 5155 scri-

2417 5182 2651 5236 bendum
2690 5196 2818 5253 puto
2860 5185 3280 5241 Constantinum
3313 5207 3325 5242 :
3364 5191 3527 5258 idque
3555 5205 3620 5244 eo
3651 5190 3867 5246 facilius
3902 5195 4000 5248 ad-

2415 5271 2586 5325 ducor
2631 5285 2688 5327 ut
2734 5273 2972 5335 credam,
3010 5278 3135 5344 quia
3176 5277 3227 5329 in
3267 5280 3542 5346 ecgrapho
3575 5291 3762 5335 nostro
3803 5282 4000 5337 (ἱπωςο

2416 5379 2614 5416 nomen
2659 5366 2898 5419 Joannes
2927 5365 3133 5434 integre
3171 5368 3432 5434 scriptum
3468 5385 3574 5422 non
3615 5370 3872 5432 habetur,
3901 5375 3998 5426 sed

2415 5455 2627 5508 duabus
2663 5468 2871 5509 tantum
2908 5457 3215 5510 initialibus
3256 5460 3457 5513 litteris
3501 5461 3604 5513 Ἰὼ.
3657 5462 3717 5516 In
3756 5464 4001 5519 authen-

2417 5547 2522 5598 tico
2558 5547 2721 5615 igitur
2756 5562 2956 5602 nomen
3004 5548 3396 5604 Constantinus
3453 5567 3552 5619 per
3597 5555 3997 5622 compendium

2417 5643 2676 5709 scriptum
2733 5641 2898 5696 fuerit
2938 5643 3152 5699 duabus
3194 5654 3288 5698 aut
3328 5645 3508 5700 tribus
3554 5647 3748 5715 primis
3798 5648 4002 5707 litteris

2417 5734 2541 5783 litim
2597 5743 2804 5787 tantum
2848 5751 3209 5804 expressum;
3250 5738 3394 5793 unde
3441 5741 3657 5794 extritis
3720 5744 4002 5798 edacitate

2417 5827 2703 5894 temporis,
2743 5827 2792 5879 iu
2829 5830 3002 5897 prima
3036 5830 3213 5884 littera
3241 5833 3308 5897 K,
3331 5833 3543 5889 duabus
3579 5839 3907 5893 transversis
3937 5839 4000 5893 li-
