4230 6436
139 425 254 489 273

1375 428 1547 488 VITA
1593 428 1649 487 S.
1694 428 2137 490 SAMPSONIS.

3300 427 3366 486 21
3378 428 3408 487 1

141 536 327 591 neolis
365 545 418 589 et
448 530 635 589 ultima
682 532 821 589 forte
875 534 1058 588 littera
1083 552 1132 597 ν,
1160 533 1247 587 Ίῶ
1274 536 1634 602 remanserit;
1662 552 1730 591 ea
1762 550 1806 600 Α
1840 537 1987 592 illius
2042 538 2284 593 historia:
2339 546 2512 607 putat,
2580 552 2701 606 qum
2749 537 2967 599 habeat,
3031 536 3406 588 nosocomium

142 644 326 698 eoque
358 628 624 683 Joannem
658 628 908 683 fecerint.
950 629 1087 684 Cum
1131 627 1297 698 igitur
1339 627 1429 683 illa
1461 631 1535 683 ita
1568 644 1718 684 com-

144 721 312 775 mode
334 722 595 789 explicari
626 722 855 791 possint,
886 731 1194 789 caeteraque
1214 720 1397 774 omnia
1421 719 1724 789 Metaphra—

143 813 220 865 sti
270 814 619 876 conveniant,
690 811 828 865 nihil
880 813 1057 872 obest.
1111 812 1407 880 quominus
1441 812 1617 865 Vitam
1664 811 1721 866 S.

147 905 472 975 Sampsonis
518 906 568 959 ei
616 906 977 968 ascribamus,
1005 918 1168 973 quam
1218 906 1273 958 in
1310 904 1585 973 decrepita
1627 920 1723 959 sua

145 1006 436 1050 senectute
460 997 855 1065 composuerit,
880 1005 1167 1066 postquam
1198 996 1559 1064 plurimorum
1588 1014 1729 1052 mar-

149 1095 336 1141 tvrum
376 1095 431 1141 et
467 1089 868 1151 conlessorum,
909 1098 971 1143 ut
1005 1089 1231 1158 ipsemet
1280 1089 1595 1153 conﬁtetur,
1644 1106 1731 1146 res

148 1188 338 1246 gestas
369 1177 422 1230 in
455 1178 634 1232 lucem
663 1180 935 1234 ediderat.

230 1269 315 1322 15.
361 1267 618 1323 Nouium
667 1269 889 1324 invenio
939 1270 994 1323 in
1031 1268 1215 1325 Indice
1252 1278 1440 1325 nostro
1476 1270 1730 1336 viatorio,

155 1358 337 1412 Vitam
382 1360 721 1430 Sampsonis,
781 1377 903 1431 quae
953 1360 1168 1431 incipit,
1211 1361 1373 1414 Ἀλλὰ
1418 1362 1518 1431 μὲν
1578 1363 1737 1431 χάρι-

149 1466 243 1511 τες
284 1450 445 1520 ἐργον
475 1453 569 1505 καὶ
594 1452 912 1521 θεραπείας,
945 1453 1042 1522 τῆς
1072 1455 1207 1523 πρὸς
1243 1453 1332 1506 τὸν
1376 1454 1551 1522 μέγαν
1582 1454 1735 1521 Σαμ-

151 1540 299 1606 ψών,
344 1550 478 1607 etc.,
526 1545 733 1597 servari
782 1544 1210 1613 manuscriptam
1262 1543 1315 1597 in
1391 1544 1740 1599 bibliothecis

158 1634 425 1689 Vaticana
454 1644 509 1689 et
532 1636 868 1689 Valliccllina
901 1636 1120 1699 Romae;
1168 1636 1296 1690 item
1336 1636 1389 1689 in
1425 1634 1741 1690 Florentina

156 1736 216 1779 et
252 1725 602 1779 Taurinensi.
657 1726 827 1781 Nobis
880 1727 969 1780 illa
1004 1727 1213 1795 pridem
1252 1739 1500 1782 extracta
1531 1728 1636 1782 fuit
1673 1745 1741 1784 ex

158 1815 357 1869 codice
399 1829 528 1877 ms.,
564 1824 627 1868 ut
662 1815 771 1885 jam
804 1814 938 1876 dixi,
987 1815 1246 1871 Medicam
1284 1816 1429 1888 regis
1470 1816 1746 1873 Christia-

1830 628 2176 698 Sampsonis,
2213 628 2406 683 eodem
2452 642 2701 699 rogante,
2732 644 2759 682 a
2800 627 3106 681 Iustiniano
3138 641 3408 686 erectum,

1828 735 1957 775 eum
1998 720 2302 789 ProcOpius
2325 720 2491 784 dicat,
2528 718 3084 789 restauratum,quod
3107 720 3215 787 jam
3251 731 3410 772 antea

1827 812 1969 869 idem
1999 812 2266 881 Sampson
2301 814 2712 868 exmdiﬂcasset.
2748 814 2948 867 Verum
2981 811 3119 865 adeo
3149 812 3405 879 exiguum

1828 900 1932 955 fuit
1978 902 2215 972 primum
2258 904 2389 958 illud
2427 904 2748 973 Sampsonis
2783 904 3093 963 aediﬁcium,
3132 912 3239 955 tam
3286 901 3409 956 illu-

1830 1004 1945 1047 stre
1972 1009 2101 1049 vcro
2138 1003 2357 1064 tamque
2394 995 2739 1065 magnificum
2786 1012 2813 1048 a
2842 995 3150 1049 Iustiniano
3183 995 3409 1048 factum.

1834 1094 1895 1138 ut
1948 1085 2086 1139 nihil
2135 1086 2355 1141 veritati
2410 1087 2714 1141 detraxisse
2778 1086 3177 1155 Metaphrastes
3234 1085 3409 1138 videri

1833 1175 2028 1245 possit.
2053 1174 2208 1241 Quod
2242 1176 2395 1231 addit
2429 1175 2693 1231 Baronius
2732 1176 2798 1230 de
2842 1176 3265 1246 conﬂagratione
3294 1176 3414 1244 ejus

1835 1268 2164 1333 nosocomii,
2215 1283 2379 1337 quam
2433 1278 2545 1323 tum
2588 1270 2884 1340 contigisse
2930 1260 3248 1331 arbitiatur,
3287 1284 3414 1321 cum

1838 1361 1941 1415 sub
1982 1360 2269 1415 Anastasio
2315 1360 2528 1416 Sanctae
2566 1360 2785 1428 Sophim
2836 1363 3099 1431 templum
3156 1371 3412 1415 exustum

1842 1450 1981 1518 fuit;
2009 1451 2219 1507 clarum
2265 1462 2347 1507 est
2376 1453 2434 1507 in
2469 1453 2717 1508 historiis
2751 1470 2857 1508 non
2893 1454 3059 1507 semel
3098 1454 3228 1507 illud
3275 1463 3415 1507 tem-

1843 1544 1992 1613 plum
2053 1543 2327 1598 incendiis
2371 1545 2672 1599 obnoxium
2720 1546 2916 1611 fuisse;
2952 1544 3244 1601 Iustiniani
3284 1559 3413 1598 vero

1845 1647 1989 1686 anno
2021 1648 2051 1683 v
2078 1633 2208 1686 illud
2236 1635 2611 1688 nosocomium
2647 1636 2930 1690 incensum
2960 1652 3081 1689 esse
3114 1637 3255 1689 idem
3290 1636 3411 1687 Prn-

1846 1722 2040 1793 copius
2071 1724 2237 1779 refert
2258 1724 2354 1779 lib.
2384 1741 2399 1779 t
2430 1725 2505 1779 De
2526 1728 2664 1795 ιεάὶῙῖ
2708 1737 2763 1781 et
2802 1727 2969 1780 IBelli
2997 1727 3144 1779 Pers.
3171 1743 3288 1793 cap.
3323 1727 3415 1791 24,

1849 1823 1905 1868 et
1944 1815 2309 1886 Theophanes
2358 1817 2424 1871 ad
2467 1833 2668 1872 annum
2713 1836 2743 1871 v
2792 1818 3111 1872 Iustiniani.
3164 1817 3418 1872 Fortasse

163 1906 406 1973 nissimi,
438 1906 541 1961 sub
577 1906 682 1963 hoc
716 1908 899 1973 titulo,
930 1908 1050 1971 Bio;
1081 1912 1171 1963 xui
1207 1911 1449 1964 πολιτεία
1472 1912 1566 1965 τοῦ
1596 1914 1743 1967 ὁσίου

1812 1904 1819 1950 l
1849 1906 2071 1977 majoris
2113 1907 2371 1961 momenti
2418 1908 2476 1963 ﬂt
2519 1908 2571 1962 in
2603 1908 2705 1962 hac
2730 1926 2809 1973 re,
2845 1909 2989 1978 quod
3022 1910 3319 1978 Procopius
3354 1910 3420 1962 do

169 1998 382 2067 Πατρδς
409 1998 568 2069 ἡμῶν
600 1999 838 2069 Σαμψὼν
868 2000 959 2052 τοῦ
985 2000 1258 2070 ξενοδόχου
1278 2018 1291 2032 ⁸
1390 2004 1507 2060 Vita
1537 2015 1593 2058 et
1615 2021 1747 2059 con-

165 2089 409 2145 versatio
437 2090 611 2145 sancti
638 2090 816 2145 Patris
846 2092 1019 2147 nostri
1059 2091 1399 2161 Sampsonis,
1433 2099 1747 2164 exceptoris

168 2182 476 2251 hospitum.
513 2201 531 2234 ι
572 2183 822 2237 Latinam
854 2185 1255 2255 impresserunt
1300 2186 1631 2256 Lipomanus
1664 2198 1749 2243 to-

173 2288 265 2326 rno
288 2273 343 2334 ϐ,
365 2285 422 2329 et
450 2289 515 2329 ex
541 2275 658 2345 ipso
683 2274 878 2330 Surius
905 2285 1051 2331 tomo
1074 2274 1138 2341 2;
1165 2276 1316 2344 juxta
1347 2277 1751 2347 interpretatio-

166 2379 296 2418 nem
326 2363 577 2422 Gentiani
611 2366 829 2422 Herveti
864 2383 879 2421 :
912 2383 1074 2436 quam
1101 2365 1353 2421 eamdem
1382 2383 1485 2438 ego
1517 2385 1742 2441 quoque

172 2454 265 2507 hic
304 2455 541 2517 retineo.
587 2457 642 2511 in
674 2457 863 2526 paucis
898 2468 1079 2511 tamen
1112 2457 1410 2524 aliquibus,
1439 2474 1565 2513 cum
1601 2464 1749 2516 textu

170 2546 363 2602 Graeco
387 2549 617 2613 collatis,
638 2557 929 2603 mutatam.

628 2681 655 2753 ς
680 2681 745 2737 ll.
779 2713 843 2725 --
868 2684 1091 2755 Tempus
1110 2687 1313 2741 mortis.

251 2821 336 2874 Η.
384 2820 539 2887 Quod
598 2824 666 2879 ad
724 2835 940 2881 aetatem
989 2825 1306 2895 Sampsonis
1338 2826 1555 2886 attinet,
1585 2826 1754 2879 Meta-

175 2914 455 2981 phrastes,
495 2906 863 2984 Menologium
909 2917 1095 2971 Basilii
1143 2915 1757 2988 Porphyrogeniti,Me-

177 3019 297 3057 mea
338 3019 557 3061 excusa.
583 3005 837 3075 Origines
880 3006 1500 3078 Constantinopolitana
1538 3008 1757 3062 inedita:

178 3104 337 3163 parte
374 3111 431 3159 ιι,
459 3110 585 3148 cum
619 3096 874 3151 ﬂoruisse
905 3097 1060 3151 aiunt
1099 3098 1202 3152 sub
1232 3098 1545 3153 Iustiniano
1581 3099 1756 3167 impe-

175 3196 387 3251 ratore,
422 3197 611 3256 utpote
662 3189 756 3258 qui
814 3189 882 3243 ab
940 3191 1129 3245 eodem
1180 3200 1371 3245 sancto
1410 3191 1463 3243 in
1504 3189 1755 3244 vivisex-

178 3278 417 3333 sistente
471 3282 538 3335 ab
586 3279 978 3336 immedicabili
1012 3282 1204 3337 morbo
1248 3282 1418 3338 fuerit
1458 3282 1760 3345 liberatus;

180 3371 373 3436 atque,
396 3378 455 3422 ut
478 3386 578 3439 pro
604 3380 754 3426 tanto
772 3373 1039 3429 beneﬂcio
1068 3385 1250 3442 grates
1282 3373 1530 3437 referret,
1560 3373 1768 3443 magni-

183 3459 352 3509 ilcum
383 3460 558 3513 eidem
589 3461 947 3518 cdiﬂcaverit
972 3462 1399 3528 xenodochium,
1440 3464 1585 3533 quod
1614 3462 1771 3518 dein.

184 3550 255 3602 de
314 3548 595 3619 Hospitale
653 3553 712 3606 S.
766 3553 1084 3622 Sampsonis
1124 3566 1209 3609 est
1265 3556 1618 3623 appellatum.
1673 3556 1769 3608 Ast

187 3640 492 3696 cardinalis
516 3640 787 3698 Baronius
810 3644 865 3697 in
890 3643 1046 3699 Notis
1076 3644 1142 3698 ad
1174 3644 1616 3715 Martyrologium
1656 3644 1766 3698 Ro-

186 3747 437 3799 manum,
494 3733 600 3790 hoc
648 3734 762 3802 die,
799 3750 863 3790 ea
904 3737 1089 3792 omnia
1128 3738 1332 3793 erroris
1368 3738 1570 3809 arguit,
1605 3753 1669 3791 ex
1704 3752 1770 3792 eo

186 3826 338 3892 quod
400 3822 719 3895 Procopius,
745 3830 839 3897 qui
883 3829 990 3884 illis
1030 3830 1374 3898 temporibus
1404 3832 1559 3892 vixit,
1596 3846 1769 3898 eaque

185 3912 261 3968 ob
312 3916 505 3969 oculos
547 3916 760 3982 habuit,
803 3919 901 3974 lib.
951 3937 964 3973 ι
1002 3920 1218 3987 Edi/ic.
1289 3922 1579 3976 Iustiniani
1617 3924 1769 3989 imp.,

189 4020 314 4073 cap.
355 4003 409 4065 Ξ,
449 4015 701 4071 tesletur,
742 4008 1019 4079 Hospitale
1071 4010 1390 4080 Sampsonis
1424 4014 1667 4074 nomine,
1704 4015 1772 4067 ab

189 4096 389 4153 eodem
444 4096 745 4169 Sampsone
794 4111 1067 4168 erectum,
1108 4104 1238 4158 olim
1286 4105 1537 4159 incendio
1572 4106 1773 4162 conﬂa-

191 4204 417 4259 grasse;
452 4205 686 4261 cumque
709 4191 798 4246 vix
832 4192 1081 4263 quaedam
1114 4192 1771 4261 remansissentvestigia,

194 4281 331 4336 illud
372 4270 548 4351 ipsum
584 4284 851 4354 hospitale
882 4286 950 4340 ab
977 4286 1171 4341 eodem
1201 4285 1509 4340 Iustiniano
1534 4284 1772 4353 impera-

195 4382 318 4429 tore
371 4376 783 4428 muniilcentius
831 4378 1196 4431 instauratum
1252 4377 1443 4438 fuisse,
1488 4391 1771 4445 censuque

193 4477 387 4517 annuo
427 4462 664 4533 ingentis
690 4467 937 4536 pecunia:
968 4468 1382 4536 locupletatum.
1423 4468 1557 4523 Cum
1588 4479 1768 4522 autem

199 4553 608 4623 Metapbrastes
652 4574 803 4612 num.
836 4560 893 4611 ll
936 4568 1189 4621 testet’ur,
1218 4558 1425 4611 dictum
1460 4558 1771 4611 incendium

197 4647 499 4717 contigisse
542 4656 664 4717 post
705 4651 915 4704 obitum
952 4651 1289 4720 Sampsonis,
1332 4650 1552 4720 quando
1590 4658 1644 4703 et
1674 4647 1775 4703 So-

201 4741 351 4811 phia
376 4739 561 4795 nobile
590 4742 853 4807 templum
875 4752 1130 4796 exustum
1158 4753 1260 4807 est,
1288 4758 1350 4797 ac
1380 4746 1585 4812 pariter
1614 4753 1779 4797 teste-

1851 1996 2171 2067 Sampsonis
2220 2008 2379 2053 atate
2434 2000 2547 2053 ait:
2594 2000 2761 2070 Ἀνήρ
2808 2018 2889 2060 τις
2930 2000 3186 2067 θεοσεϐὴς
3224 2000 3282 2051 ἐν
3310 2002 3419 2052 τοῖς

1848 2087 1959 2141 ἀνω
1989 2088 2222 2158 χρόνοις,
2257 2087 2493 2157 Σαμψὼν
2555 2091 2725 2159 δνομα
2765 2108 2779 2121 ·
2826 2089 2918 2143 Vir
2952 2091 3163 2158 quidam
3192 2093 3306 2157 pius
3331 2090 3423 2157 qui

1848 2182 2200 2250 superioribus
2234 2184 2392 2235 armis
2449 2182 2651 2251 ﬂoruit.
2702 2185 2769 2235 At
2811 2183 2915 2236 hoc
2944 2183 3107 2236 etiam
3145 2182 3277 2235 nihil
3305 2192 3419 2241 est;

1852 2286 1972 2327 nam
2038 2274 2336 2343 Proetipius
2397 2275 2596 2328 librum
2657 2275 2810 2327 illum
2878 2275 2949 2328 De
3007 2274 3268 2340 adiﬁciis,
3331 2273 3422 2327 ubi

1851 2364 1955 2417 hoc
2012 2364 2199 2429 habet,
2234 2373 2480 2419 extremo
2536 2366 2829 2420 Iustiniani
2891 2366 3122 2434 imperio
3178 2364 3423 2431 scripsit.

1850 2473 2047 2527 nempe
2092 2474 2184 2513 sex
2238 2468 2293 2513 et
2342 2460 2560 2528 triginta
2592 2469 2752 2525 atque
2807 2458 3041 2528 amplius
3099 2460 3265 2511 annis
3304 2468 3427 2525 post

1852 2560 2081 2604 mortem
2130 2549 2463 2618 Sampsonis.
2500 2550 2724 2620 Vigebat
2764 2560 2940 2604 tamen
2973 2554 3107 2603 adeo
3148 2552 3268 2619 ejus
3312 2564 3427 2603 mc-

1851 2641 2047 2701 moria,
2101 2651 2159 2694 ut
2209 2641 2580 2706 Iustinianus,
2640 2642 2861 2697 Novella
2912 2643 2978 2697 59
3030 2653 3083 2697 et
3144 2643 3271 2706 151.
3328 2642 3423 2696 ubi

1853 2730 1921 2785 de
1953 2732 2255 2800 Sampsone
2311 2732 2575 2802 loquitur,
2628 2734 2684 2786 Ὀ
2710 2732 2809 2797 τῆς
2840 2734 2988 2795 ὁσίας
3026 2738 3242 2806 μνήμης
3282 2736 3429 2803 Σαμ-

1854 2824 1973 2893 ψών
2008 2822 2176 2886 dicat,
2212 2842 2229 2874 ι
2269 2824 2483 2879 Sancta:
2537 2825 2814 2880 memoria:
2867 2823 3172 2894 Sampson;
3212 2846 3229 2877 ι
3285 2825 3431 2893 quod

1858 2917 1941 2985 (ut
1990 2916 2168 2970 obiter
2209 2916 2413 2984 notem)
2463 2930 2584 2969 cum
2639 2916 2692 2969 in
2745 2916 2984 2984 antiquis
3017 2914 3430 2984 manuscriptiso

1856 3005 2057 3062 litteris
2097 3008 2470 3076 singularibus
2516 3006 2570 3062 S.
2606 3006 2677 3063 Μ.
2704 3016 2951 3060 notatum
2986 3017 3151 3070 esset,
3188 3007 3327 3059 male
3377 3006 3433 3057 in

1858 3096 2407 3152 Latiniseditionibus
2422 3098 2657 3152 Novella:
2673 3099 2765 3155 l3l
2784 3107 3069 3167 exceptum
3091 3104 3204 3153 est:
3225 3095 3438 3150 Sanctae

1862 3188 2040 3243 Maria:
2078 3188 2363 3257 Sampson.
2396 3188 2551 3253 Quod
2593 3199 2775 3243 autem
2815 3192 2868 3244 in
2903 3190 3268 3258 Metaphraste
3309 3204 3430 3241 cor-

1870 3278 2159 3347 rigendum
2187 3281 2345 3349 plane
2398 3296 2617 3341 censeo.
2676 3291 2761 3335 est
2816 3282 2957 3334 ratio
3009 3284 3271 3349 temporis
3316 3282 3439 3334 vita:

1870 3368 2189 3438 Sampsonis
2239 3381 2294 3425 et
2350 3387 2619 3426 annorum
2668 3372 2882 3443 imperii
2936 3372 3268 3433 Iustiniani;
3310 3387 3433 3423 nam

1869 3461 2108 3514 antistite
2140 3460 2291 3514 Mena
2322 3460 2678 3530 Sampsonem
2716 3460 3076 3525 superfuisse.
3116 3461 3257 3517 haud
3295 3461 3434 3513 bene

1870 3551 2259 3621 Metaphrastes
2290 3562 2498 3613 narrat,
2530 3568 2653 3604 cum
2697 3564 2824 3606 ante
2860 3553 3203 3605 conSnIatum
3234 3552 3442 3605 Bchza-

1870 3644 1934 3695 rii
1969 3644 2192 3703 obiisse,
2223 3661 2289 3697 ex
2328 3644 2549 3699 Novella
2583 3644 2647 3699 59
2682 3643 2975 3714 perspicue
3006 3654 3239 3697 constet.
3278 3646 3443 3695 Porro

1870 3735 2110 3801 ejusdem
2161 3733 2397 3789 Novellae
2446 3738 2744 3805 publicatio
2794 3746 2958 3806 atque
3008 3735 3204 3793 electio
3252 3734 3441 3795 Menm,

1871 3826 1981 3879 fere
2014 3826 2064 3879 in
2094 3826 2235 3881 idem
2266 3836 2479 3897 tempus
2516 3827 2791 3886 incidunt,
2832 3842 3027 3895 nempe
3063 3826 3207 3880 circa
3239 3841 3442 3878 annum

1868 3916 2158 3972 Iustiniani
2197 3934 2283 3984 x1;
2315 3927 2368 3971 at
2401 3934 2531 3972 vero
2554 3928 2679 3973 ante
2706 3934 2908 3971 annum
2939 3919 3055 3989 ejus
3091 3934 3123 3969 v
3158 3932 3435 3971 mortuum

1872 4010 2225 4079 Sampsonem
2258 4010 2425 4064 fuisse
2466 4026 2629 4065 nemo
2666 4011 2901 4063 dubitet.
2946 4009 3026 4064 Ad
3074 4009 3219 4063 hunc
3254 4010 3445 4062 calcu-

1874 4101 1981 4153 lum
2014 4102 2315 4155 revocanda
2348 4112 2475 4156 sunt
2520 4118 2640 4171 qua:
2690 4105 2753 4156 de
2782 4100 3036 4156 incendio
3078 4101 3379 4155 nosocomii
3418 4117 3444 4155 a

1872 4194 2237 4264 Metaphraste
2265 4202 2583 4247 narrantur.
2626 4212 2643 4242 ι

1944 4286 2029 4341 16.
2070 4285 2193 4340 llaec
2250 4283 2468 4339 erudite
2518 4284 2855 4337 Alemannus
2903 4301 2915 4336 :
2964 4293 3019 4337 at
3067 4299 3215 4345 vero,
3261 4292 3451 4336 contra

1873 4379 2015 4449 quod
2068 4380 2157 4434 hic
2205 4379 2501 4441 existimat,
2549 4387 2739 4431 auctor
2786 4375 3043 4431 Cbronici
3094 4374 3451 4430 Alexandrini

1874 4472 2268 4541 amplissimum
2314 4487 2377 4526 ea
2421 4479 2742 4539 tempestate
2779 4469 2940 4539 (anno
2988 4470 3198 4521 scilicet
3254 4468 3450 4537 quinto

1812 4562 2200 4649 DIustiniani)
2267 4561 2433 4619 fuisse
2520 4561 2597 4612 ait
2654 4559 3030 4613 nosocomium
3098 4556 3454 4626 Sampsonis;

1876 4668 2001 4710 cum
2038 4653 2183 4707 dicat
2222 4665 2236 4703 τ
2271 4670 2286 4701 ι
2318 4649 2493 4704 Ξενὼν
2528 4650 2620 4702 τοῦ
2664 4650 2902 4719 Σαμψὼν
2947 4652 2972 4701 ὁ
3007 4652 3176 4717 μέγας
3227 4648 3455 4717 ἐκαύθη,

1878 4747 1971 4800 καὶ
2014 4746 2290 4800 ἀπώλοντο
2331 4746 2378 4796 oi
2439 4746 2495 4797 ὲν
2529 4742 2675 4812 αὑτῷ
2734 4742 3079 4810 ἀνακείμενοι
3136 4741 3405 4811 ἄρρωστοι
3441 4751 3454 4767 ⁸

200 4842 296 4887 tur
334 4832 683 4888 Marcellinus
718 4834 770 4886 in
806 4833 1099 4901 Chronico,
1138 4834 1190 4887 id
1223 4835 1518 4905 contigisse
1550 4838 1603 4890 in
1637 4850 1780 4889 tem-

203 4921 439 4991 poribus
468 4922 736 4978 Anastasii
764 4923 1113 4991 imperatoris
1137 4940 1149 4986 ;
1175 4924 1453 4978 concludit
1479 4924 1779 4993 praelauda-

206 5028 297 5071 tus
353 5012 687 5079 cardinalis,
738 5017 900 5085 longe
959 5028 1087 5069 ante
1138 5017 1432 5073 Iustiniani
1493 5018 1779 5087 imperium

207 5109 570 5174 Sampsonem
615 5107 761 5159 diem
802 5122 959 5166 suum
992 5107 1195 5161 obiisse
1226 5126 1240 5171 ;
1293 5116 1455 5176 atque
1488 5124 1556 5161 ex
1589 5089 1780 5161 eodem

210 5199 483 5267 Proc0pio
535 5199 711 5252 multo
751 5202 923 5270 magis
954 5200 1231 5269 redarguit
1264 5200 1592 5257 Cedrcnum.
1654 5200 1782 5253 dum

208 5292 287 5344 ait
310 5290 671 5359 conﬂagrasse
691 5289 910 5345 domum
931 5291 1304 5362 Sampsoniam
1328 5306 1469 5346 anno
1486 5292 1785 5362 penultimo

212 5382 532 5437 Iustiniani.

294 5476 378 5527 15.
412 5474 516 5527 llas
542 5471 889 5528 diﬂlcultates
928 5472 1177 5528 dissolvit
1226 5472 1482 5528 Nicolaus
1526 5473 1785 5527 Aleman-

220 5580 327 5619 nus
360 5566 411 5619 in
450 5566 595 5620 notis
639 5563 705 5619 ad
736 5582 856 5636 cap.
892 5566 925 5620 4
960 5565 1210 5622 Historia:
1255 5584 1466 5621 arcana:
1516 5566 1785 5636 ProcOpii.

220 5660 383 5717 Iuvat
412 5662 531 5728 ejus
567 5659 730 5713 verba
763 5659 852 5713 hic
884 5668 1177 5714 annectere
1210 5677 1221 5713 :
1256 5679 1272 5711 i
1303 5659 1481 5729 Longe
1512 5660 1787 5727 antiquio-

225 5764 338 5807 rem
372 5751 684 5807 Iustiniano
711 5750 1066 5821 Sampsonem
1092 5754 1269 5805 credit
1296 5752 1590 5806 cardinalis
1626 5751 1793 5804 Baro.

227 5848 351 5904 nius
379 5847 431 5901 in
460 5848 617 5901 Notis
642 5847 707 5903 ad
739 5847 1207 5918 Martyrologium.
1248 5860 1299 5901 et
1338 5850 1589 5904 vacillare
1634 5847 1792 5900 fidem

1884 4836 2300 4891 Xenodochium
2374 4835 2692 4902 Sampsonis
2772 4848 3029 4903 magnum
3079 4833 3455 4902 conﬂagravit,

1883 4943 2100 4996 unaque
2140 4926 2353 4996 periere
2384 4927 2477 4993 qui
2515 4925 2568 4977 in
2600 4938 2666 4977 eo
2694 4932 2851 4977 erant
2883 4922 3108 4976 inﬂrmi.
3155 4941 3171 4972 ι
3214 4923 3455 4991 Repara-

1884 5028 1998 5070 tum
2042 5027 2221 5071 autem
2261 5024 2315 5071 et
2352 5012 2735 5067 remdiﬂcatum
2767 5029 2794 5066 a
2826 5013 3136 5067 Iustiniano
3187 5012 3327 5069 haud
3362 5013 3457 5066 diu

1888 5116 2074 5177 postea
2106 5107 2282 5169 stetit,
2327 5106 2595 5174 siquidem
2632 5119 2775 5158 anno
2802 5119 2984 5156 xxxvn
3010 5103 3257 5171 ejusdem
3286 5103 3458 5172 impe-

1887 5200 2081 5253 ratoris
2114 5213 2331 5251 rursum
2376 5199 2533 5255 arsit.
2571 5204 2630 5252 ut
2665 5195 2856 5249 scribit
2896 5195 3257 5263 Theophanes
3302 5204 3356 5251 et
3393 5211 3460 5249 ex

1886 5309 1951 5347 eo
2006 5293 2286 5347 Cedrenus
2328 5308 2343 5347 :

1892 5385 2096 5452 μέγας,
2148 5386 2241 5435 καὶ
2298 5382 2503 5451 ἐκαύθη
2563 5381 2783 5444 τελείως
2852 5381 2881 5433 ὁ
2930 5379 3096 5443 ξενὼν
3160 5380 3252 5432 τοῦ
3315 5369 3462 5449 Σαμ-

1886 5477 2021 5545 ψών.
2110 5474 2266 5530 Αηηυ
2320 5474 2653 5544 (Iustiniani)
2720 5487 2898 5526 χιιι-ιι
2966 5472 3165 5525 factum
3233 5481 3317 5528 est
3383 5472 3463 5524 in-

1891 5570 2145 5624 cendium
2179 5582 2452 5638 magnum,
2482 5576 2535 5620 et
2566 5562 2923 5635 conﬂagravit
2953 5566 3173 5633 penitus
3213 5564 3458 5618 xenodo-

1894 5662 2078 5714 ehium
2125 5658 2460 5729 Sampsonis.
2502 5679 2517 5709 ο
2556 5659 2815 5723 Quamvis
2846 5666 3035 5729 postea
3076 5657 3462 5711 remdiﬂcatum

1896 5760 2131 5804 constet.

1965 5844 2051 5895 17.
2100 5841 2276 5906 Quare
2336 5841 2534 5895 frustra
2588 5838 2865 5908 redarguit
2908 5839 3115 5892 erroris
3156 5836 3464 5893 Cedrenum

2393 5310 2408 5341 ι
2445 5289 2535 5359 Τῴ
2585 5290 2659 5353 λζ’
2712 5291 2819 5340 ἔτει
2846 5294 3064 5355 γέγονεν
3112 5289 3460 5357 ὲμπυρισμδς
