4230 6436
758 436 862 496 ἓῖὸ

2062 426 2340 484 MENSIS
2377 427 2518 486 JUN
2537 431 2679 490 lUS.

3905 424 4009 481 2'76

759 545 1042 602 Baronius,
1081 539 1219 609 quod
1253 529 1569 604 pcuullimo
1603 537 1819 607 imperii
1856 535 2150 590 Justiniaui
2195 548 2338 587 anno
2367 537 2416 594 Α

2367 537 2416 594 Α
2445 553 2508 606 νη
2530 556 2541 568 ·
2566 539 2624 590 τὸ
2654 539 2707 591 δὲ
2736 536 2983 606 λείψανον
3005 535 3168 589 αὑτοῦ
3205 535 3362 604 ἐτέθη
3401 535 3459 586 ἐν
3484 531 3560 600 τῷ
3592 533 3703 602 ναῷ
3734 531 3826 584 τοῦ
3853 533 4011 600 ἁγίου

763 635 1072 688 ἰιιουιιιιὶιιιιι
1111 637 1211 685 hoc
1242 631 1528 698 posuerit:
1565 646 1690 684 cum
1724 647 1830 683 non
1877 644 2063 690 unum,
2102 627 2197 680 sed
2231 626 2334 679 du-

767 731 885 796 plex
940 729 1090 780 illius
1134 723 1458 778 xenodochii
1514 736 1728 778 constet
1778 725 1943 777 fuisse
1997 722 2337 775 incendium.

770 822 902 872 Dum
945 819 1107 886 igitur
1148 819 1260 871 haec
1289 817 1470 868 omnia
1512 827 1658 870 recte
1691 817 1767 870 sic
1801 817 2058 884 explicari
2093 822 2338 883 possunt,

770 929 874 962 uou
915 921 996 962 est
1031 925 1129 962 cur
1162 909 1482 961 recedamus
1511 923 1538 960 a
1575 908 1958 976 Metaphraste,
2001 905 2336 976 Synaxariis,

772 1002 1094 1068 hicn-eisque
1133 999 1444 1052 Grrecorum
1468 1038 1481 1059 ,
1517 997 1869 1064 Sampsonem
1903 997 2002 1049 sub
2033 996 2341 1050 Iustiniano

772 1091 970 1141 vixisse
1003 1089 1393 1141 aSSCFi‘llllbllS.
1419 1089 1591 1141 Porro
1613 1101 1734 1140 cum
1761 1087 1992 1153 primum
2015 1084 2339 1138 xenodochii

771 1182 916 1233 illius
968 1182 1280 1233 incendium
1318 1180 1581 1233 accidisse
1633 1195 1697 1232 ex
1735 1178 2062 1245 supradictis
2123 1185 2336 1230 constet

771 1286 913 1322 auno
946 1271 1234 1324 Justiniani
1271 1272 1485 1338 quinto,
1516 1272 1678 1338 idque
1713 1285 1740 1321 a
1780 1270 2146 1338 Metaphraste
2185 1284 2339 1321 num.

781 1365 830 1412 ll
895 1371 1014 1428 post
1066 1372 1294 1414 mortem
1349 1361 1666 1430 Sampsonis
1740 1361 1988 1414 evenisse
2049 1369 2342 1422 asseratur,

776 1470 919 1504 anno
979 1451 1224 1521 ejusdem
1287 1452 1630 1520 imperatoris
1671 1467 1726 1504 ιιι
1758 1461 1850 1503 aut
1879 1467 1928 1503 iv
1972 1451 2044 1520 (id
2078 1459 2160 1503 est
2202 1465 2344 1503 anno

775 1545 972 1598 Christi
1033 1545 1134 1598 530
1166 1545 1245 1598 vel
1299 1545 1422 1612 551)
1468 1545 1822 1613 Sampsonem
1861 1543 1925 1595 ad
1953 1557 2178 1612 superos
2211 1543 2345 1595 emi-

782 1652 965 1702 grasse
997 1636 1313 1688 statuimus.

855 1727 938 1780 18.
974 1730 1039 1779 At
1091 1744 1219 1780 vero
1265 1730 1388 1797 jure
1432 1729 1626 1783 merito
1673 1731 2004 1782 Alcmannus
2035 1726 2344 1794 Metaphra-

782 1825 917 1872 stem
949 1820 1128 1888 arguit
1155 1821 1360 1873 erroris
1385 1821 1497 1889 (qui
1523 1836 1682 1875 error
1711 1822 1873 1874 etiam
1903 1829 1986 1873 est
2016 1819 2069 1871 in
2103 1819 2345 1886 Synaxa—

787 1911 881 1961 riis
935 1910 1264 1977 Menazisque
1295 1911 1631 1978 Griecorum)
1664 1911 1809 1980 quod
1845 1926 1997 1963 num.
2031 1911 2064 1962 4
2092 1909 2349 1975 Sampso-

786 2016 905 2052 ncm
953 2015 980 2052 a
1010 2000 1317 2068 patriarcha
1345 2001 1476 2057 C.P.
1509 2002 1687 2064 Mena,
1750 2002 2090 2056 sacerdotem
2136 2001 2356 2054 ordina-

789 2100 898 2140 tum
934 2105 1054 2143 esse
1088 2089 1320 2154 referat;
1358 2100 1468 2144 tum
1499 2101 1721 2160 propter
1742 2093 1980 2144 rationes
2012 2092 2264 2158 superius
2289 2089 2356 2142 ab

789 2182 1088 2233 .-\lemanuo
1118 2182 1329 2244 allatas,
1379 2191 1491 2234 tum
1527 2193 1790 2249 praetcrea
1833 2183 1978 2251 quod
2011 2184 2195 2234 Menas
2242 2181 2354 2243 ille,

788 2284 1079 2341 antequam
1110 2274 1425 2344 dignitatern
1449 2277 1867 2345 patriarchalem
1901 2282 2354 2343 consequeretur,

787 2364 979 2418 eodem
1016 2365 1324 2419 Justiniano
1361 2367 1663 2434 imperante
1701 2366 1976 2433 prazfuerit
2011 2364 2354 2418 xcnodochio

792 2454 1126 2521 Sampsonis,
1178 2456 1265 2508 cui
1327 2455 1591 2522 Sampson
1646 2455 1758 2522 ipse
1803 2469 1974 2521 usque
2022 2454 2149 2506 dum
2199 2453 2356 2511 vixit,

794 2546 1026 2609 praefuit,
1061 2556 1120 2599 ut
1155 2546 1322 2600 refert
1358 2543 1698 2614 Nicephorius
1741 2545 1875 2599 C.P.
1939 2546 1990 2596 in
2030 2543 2361 2596 Patriarchis

791 2634 914 2690 C.P.
958 2653 1156 2690 vocans
1204 2636 1456 2690 eumdem
1536 2636 1823 2704 Ξενοδόχον
1863 2634 1954 2686 τοῦ
1998 2631 2232 2702 Σαμψών
2266 2640 2360 2686 :et

799 2729 1085 2781 Liberatus
1115 2729 1378 2781 diaconus
1427 2729 1494 2781 de
1542 2727 1736 2780 eodem
1785 2728 1860 2779 ait
1906 2743 2025 2794 cap.
2053 2727 2087 2778 οὶ
2131 2743 2143 2776 -.
2180 2745 2196 2776 ‹
2236 2726 2360 2780 Fuit

799 2831 895 2870 isn-
923 2820 1107 2872 Menas
1135 2821 1454 2888 prrepositus
1477 2818 1799 2872 xenodochii
1827 2818 2064 2887 majoris,
2090 2817 2234 2885 quod
2265 2830 2362 2867 vo-

795 2919 947 2962 catur
1005 2910 1291 2979 Sampson,
1322 2925 1519 2978 genere
1559 2909 2002 2970 Alexaudriuus;
2054 2927 2072 2957 ι
2117 2907 2359 2973 adeoque

797 3010 918 3068 post
955 3010 1184 3052 mortem
1234 2999 1553 3066 Sampsonis
1600 2998 1774 3049 solum
1812 2996 1877 3048 ad
1916 2995 2232 3065 dignitatem
2263 3011 2358 3065 pa-

801 3090 1147 3143 triarchalem
1183 3099 1264 3144 est
1295 3097 1540 3144 evectus.

797 3248 948 3317 §lll.
990 3278 1058 3291 η-
1101 3247 1286 3302 Cultus
1350 3264 1412 3301 ea:
1467 3247 1801 3369 βέξιιοζοςιίἰε,
1859 3246 2089 3310 Menwis,
2143 3245 2360 3313 aliisque

1540 3329 1688 3369 usus.

1540 3329 1688 3371 ustis.

866 3451 947 3505 19.
986 3451 1232 3505 Celebris
1271 3451 1414 3519 apud
1445 3443 1664 3505 Grlecos
1704 3466 1915 3520 semper
1963 3451 2066 3504 fuit
2103 3450 2159 3504 S.
2200 3451 2360 3503 Sam-

801 3542 988 3607 psonis
1020 3543 1300 3600 memoria.
1339 3550 1525 3609 utpote
1571 3543 1725 3611 cujus
1761 3543 2072 3610 sepulcrum
2117 3541 2297 3593 statim
2332 3554 2362 3593 a

802 3645 975 3686 morte
1032 3633 1310 3687 miraculis
1368 3634 1646 3696 claruerit,
1705 3645 1758 3685 et
1804 3635 2092 3685 salutarem
2155 3631 2361 3686 morbis

801 3726 1107 3794 omnigenis
1137 3726 1404 3793 liquorem
1434 3727 1639 3777 stillare
1672 3724 1973 3793 inceperit;
2023 3725 2165 3778 unde
2217 3726 2362 3778 illius

799 3822 994 3876 festum
1052 3821 1194 3869 inter
1241 3817 1564 3870 solemniora
1605 3817 2220 3883 Constantinopolitanm
2259 3817 2363 3868 Ec-

797 3912 976 3960 clesia:
1006 3919 1323 3962 numeratur
1352 3911 1439 3962 :in
1480 3911 1582 3962 hoc
1608 3909 1753 3960 enim
1789 3908 1927 3960 festo
1960 3922 1988 3959 a
2021 3906 2240 3974 judiciis
2268 3921 2361 3958 va-

800 4000 1031 4053 candum
1068 4014 1185 4054 erat
1219 4016 1390 4067 usque
1425 4001 1488 4053 ad
1519 4000 1686 4053 Ollicii
1721 4001 1891 4054 divini
1934 4001 2119 4064 linem,
2155 4009 2212 4052 ut
2236 4015 2365 4053 con-

799 4103 904 4146 stat
938 4109 1001 4145 ex
1033 4094 1422 4146 constitutione
1447 4093 1654 4147 netella
1681 4094 2049 4147 Emmanuelis
2079 4091 2362 4147 Communi

799 4186 1143 4253 imperatoris
1175 4185 1240 4238 de
1271 4186 1440 4238 Feriis
1473 4187 1579 4240 lata
1623 4202 1766 4239 anno
1806 4188 1960 4240 1166.
2000 4187 2360 4249 Synaxarium

798 4279 1140 4345 imperatoris
1191 4278 1372 4330 Basilii
1418 4277 1865 4346 Porphyrogeniti
1907 4279 1960 4330 in
2014 4293 2115 4331 ms.
2153 4279 2363 4346 Cryptze

801 4369 1031 4420 Verr-alie
1071 4369 1174 4420 hoc
1221 4368 1273 4419 in
1313 4368 1404 4420 illo
1437 4368 1599 4421 habet
1633 4370 1868 4436 elogium
1904 4385 1917 4422 :

795 4461 970 4526 ἁγίοις
1013 4461 1196 4529 [ἰατὴρ
1238 4459 1418 4527 ἡμῶν,
1467 4458 1678 4529 ὑπῆρχε
1708 4462 1805 4527 μὲν
1853 4462 1915 4511 ὲκ
1974 4461 2071 4527 τῆς
2126 4463 2362 4523 παλαιᾶς

1965 4389 1981 4419 ι
2026 4369 2261 4438 Σαμψὼν
2308 4374 2363 4422 έν

809 4551 1055 4621 Ῥώμης,
1119 4552 1383 4620 συγγενὴς
1456 4551 1548 4602 τοῦ

801 4643 1216 4710 Παρασχόμενος
1259 4643 1354 4698 τὸν,
1386 4640 1613 4693 πλοῦτον
1652 4642 1812 4694 αὐτοῦ
1846 4644 2021 4696 πάντα
2057 4647 2168 4706 τοῖς
2210 4661 2358 4696 πτω-

798 4735 909 4800 χοῖς
941 4734 1031 4783 καὶ
1065 4732 1335 4799 πτωχικδς
1377 4733 1463 4783 διὰ
1493 4733 1747 4800 Χριστὸν,
1790 4734 2360 4786 Κινυνσταντινούπολιν

797 4824 1084 4885 κατέλαϐε,
1125 4823 1359 4884 καὶτοῖς
1407 4825 1551 4884 ναοῖς
1598 4823 1704 4873 τῶν
1750 4823 1917 4888 ἁγίων
1954 4824 2252 4891 ΙΙροφητῶν
2301 4827 2359 4877 ὲν

799 4916 975 4975 αὺτοῖς
1005 4915 1436 4984 προσευχόμενος
1464 4915 1706 4967 διετέλει.
1747 4916 2003 4984 Ἡσυχίας
2039 4917 2092 4968 δὲ
2127 4917 2360 4985 λαϐόμεο

798 5025 904 5067 νος,
944 5008 1038 5058 καὶ
1086 5009 1204 5068 ταῖς
1254 5005 1627 5066 θεοπνεύστοις
1670 5008 1910 5076 Γραφαζ
1958 5010 2358 5079 ἐμμελετὴσας,

801 5098 1030 5165 φανερὸς
1054 5098 1267 5164 ἐγένετο
1294 5097 1361 5149 δι’
1390 5098 1588 5166 ἀρετὴν
1624 5099 1698 5164 τῷ
1728 5102 2013 5169 ἁγιωτάτῳ
2050 5103 2357 5173 πατριάρχῃ

800 5191 979 5260 Μηνᾷ,
1018 5192 1112 5242 καὶ
1146 5194 1530 5258 χειροτονεῖται
1573 5189 1699 5258 παρ’
1735 5192 1942 5241 ἐκείνου
1997 5193 2360 5262 πρεσϐύτερος

799 5282 894 5348 τῆς
927 5281 1164 5349 μεγάλης
1191 5281 1533 5350 Ἑκκλησὶας.
1569 5284 1672 5334 Καὶ
1703 5283 1886 5334 λοιπὸν
1913 5279 2156 5350 ἦν).ιμὴν
2185 5287 2354 5351 σωτή-

801 5389 913 5440 ριος
955 5373 1064 5432 τοῖς
1113 5373 1431 5438 πενομένοις
1480 5372 1573 5423 καὶ
1625 5373 1932 5434 ἀσθενοῦσι,
1982 5377 2221 5442 μετέχων
2273 5377 2362 5426 καὶ

795 5464 988 5530 τέχνης
1046 5462 1315 5530 ξατρικῆς.
1373 5462 1717 5529 Θεραπεύσας
1771 5464 1824 5514 δὲ
1875 5465 1963 5513 καὶ
2007 5466 2092 5514 τὸν
2139 5465 2362 5534 βασιλέα

811 5555 1182 5607 Ἰουστινιανὸν
1241 5556 1348 5606 ἀπὸ
1402 5556 1606 5617 πάθους
1667 5556 1911 5608 δυσιάτου
1967 5559 2362 5626 ἐφιλοφρονήοη

802 5649 930 5718 παρ’
955 5649 1160 5699 ἐκείνου
1188 5648 1254 5698 τά
1281 5648 1528 5715 μέγιστα.
1557 5649 1664 5700 Καὶ
1694 5650 1881 5712 κτίσας
1917 5649 2115 5712 ξενῶνα
2139 5653 2217 5712 εἰς
2242 5653 2362 5703 ανά-

803 5757 1002 5792 τταυσιν
1034 5739 1141 5790 τῶν
1170 5739 1402 5809 πτωχῶν
1442 5739 1532 5790 καὶ
1574 5740 1832 5803 ἀαῠενῶν,
1871 5743 1962 5792 καὶ
2008 5741 2175 5792 πολλὰ
2229 5758 2360 5793 κατ-

795 5832 1089 5902 ορθώματα
1131 5832 1222 5885 καὶ
1255 5830 1504 5900 Οαύμτιτα
1541 5833 1787 5900 ποτῆςας,
1822 5831 2084 5901 ἐκοιμήθη
2122 5835 2174 5883 ἓν
2208 5835 2358 5902 εὲρῆ-

1623 4550 1855 4620 μεγάλου
1926 4553 2352 4607 Κωνσταντίνου.
2397 4565 2436 4616 D

2444 634 2722 701 μάρτυρος
2745 630 2987 684 Μωκέου.
3021 648 3038 680 ι

2510 725 2600 778 :20.
2634 743 2650 773 ι
2684 723 2915 776 Sanctus
2956 724 3116 776 Pater
3153 732 3340 776 noster
3383 721 3648 788 Sampson
3679 734 3744 771 ex
3781 717 4011 784 antiqua

2441 818 2610 870 Roma
2646 814 2881 868 ducebat
2922 814 3209 881 originem,
3248 813 3423 880 Magni
3479 809 3827 864 Constantini
3880 823 4012 860 con-

2441 908 2775 976 sanguineus
2815 924 2828 959 :

2870 907 3060 960 divisis
3095 922 3222 959 vero
3267 906 3411 959 inter
3452 916 3722 971 pauperes
3750 898 4016 952 omnibus

2444 1002 2555 1054 suis
2581 1000 2953 1060 facultatibus,
2994 1007 3049 1052 et
3086 1007 3311 1067 prOpter
3345 996 3632 1050 Christum
3668 992 4015 1052 mendicans,

2444 1092 2966 1161 Constantinopolim
2987 1106 3043 1144 se
3063 1089 3288 1158 recepit,
3307 1099 3466 1156 atque
3483 1089 3533 1140 in
3557 1086 3687 1154 ipsis
3699 1093 4016 1138 sanctorum

2446 1185 2836 1253 Prophetarum
2852 1183 3101 1237 ecclesiis
3118 1179 3350 1235 orationi
3375 1179 3589 1232 assidue
3614 1177 3849 1229 vacavit.
3884 1174 4018 1227 Cum

2445 1280 2625 1326 autem
2657 1273 2924 1341 privatam
2955 1283 3010 1326 et
3034 1273 3320 1326 obscuram
3346 1278 3530 1339 ageret
3557 1269 3745 1329 vitam,
3771 1266 4022 1333 Scriptu-

2448 1379 2627 1416 rarum
2665 1363 2970 1416 divinarum
3013 1360 3352 1416 meditationi
3389 1361 3656 1420 intentus,
3711 1355 4020 1408 virtutibus

2446 1455 2582 1520 suis,
2623 1455 2967 1508 sanctissimo
3018 1451 3342 1522 patriarcha:
3396 1450 3565 1504 Meum
3606 1447 3846 1507 enotuit,
3876 1455 3932 1498 et
3957 1447 4021 1497 ab

2449 1548 2566 1615 ipso
2597 1547 2882 1599 ordinatus
2902 1556 2985 1599 est
3017 1544 3272 1598 sacerdos
3311 1542 3513 1610 Magna:
3553 1540 3820 1595 ecclesiae.
3849 1537 4022 1591 Caste-

2449 1653 2566 1690 rum
2619 1647 2806 1705 portus
2856 1636 3110 1690 salutaris
3139 1643 3257 1688 erat
3292 1633 3625 1702 pauperibus
3663 1641 3716 1684 et
3765 1631 4022 1693 infirmis,

2450 1729 2676 1784 scientia
2717 1729 2851 1782 artis
2882 1727 3108 1781 medica:
3147 1727 3409 1779 imbutus.
3439 1724 3574 1777 Cum
3605 1738 3738 1776 vero
3781 1723 4022 1790 impera-

2454 1833 2626 1876 torem
2660 1823 3028 1877 Justinianum
3077 1837 3106 1875 a
3149 1820 3356 1875 difﬁcili
3405 1819 3600 1874 morbo
3648 1827 3922 1879 sanasset,
3961 1821 4026 1870 ab

2460 1915 2563 1967 hoc
2592 1914 2820 1967 maxime
2851 1914 3186 1974 dilectusest
3208 1929 3223 1976 ;
3249 1912 3622 1979 adificatoque
3656 1910 4025 1969 xcnodochio,

2460 2005 2523 2057 ad
2563 2019 2862 2072 pauperum
2897 2011 2953 2056 et
2999 2002 3337 2054 inlirmorum
3373 2001 3650 2062 solatium,
3683 2011 3807 2068 post
3858 2001 4027 2052 multa

2462 2107 2604 2150 recte
2641 2097 2782 2150 facta
2805 2111 2867 2149 ac
2899 2094 3177 2157 miracula,
3201 2092 3533 2147 obdormivit
3560 2093 3614 2145 in
3647 2108 3816 2160 pace;
3859 2093 4029 2159 ipsius

2461 2198 2592 2235 vero
2637 2198 2834 2252 corpus
2861 2182 3170 2251 depositum
3217 2189 3300 2234 est
3345 2181 3398 2232 in
3430 2180 3630 2248 templo
3671 2180 3727 2234 S.
3770 2182 4029 2248 martyris

2459 2274 2636 2327 Mocii.
2679 2294 2696 2326 ι

2529 2365 2617 2418 21.
2652 2364 2859 2417 Similia
2887 2363 3088 2419 habent
3117 2378 3247 2418 mss.
3277 2363 3490 2434 collegii
3519 2363 3688 2417 nostri
3734 2362 4028 2417 Dirioncn-

2461 2457 2535 2509 sis
2555 2454 3054 2519 etClaromontani,
3085 2470 3230 2510 nunc
3255 2455 3517 2511 Ludovici
3548 2454 3744 2524 Magni.
3775 2453 3917 2505 Huic
3947 2453 4028 2504 in.

2461 2563 2624 2616 super
2650 2564 2884 2617 sequens
2905 2549 3122 2602 additur
3144 2549 3430 2620 dystichon
3452 2564 3467 2602 :

2545 2680 2770 2744 Ὲξῆγεν
2808 2683 2834 2731 ὁ
2875 2681 3004 2747 πρὶν
3035 2681 3098 2730 ἐκ
3129 2679 3326 2746 γνάθου
3346 2680 3582 2745 Σαμψὼν
3609 2680 3774 2746 ὕδωρ,

2542 2752 2600 2801 Ὀ
2625 2749 2716 2801 νῦν
2741 2749 2797 2801 δὲ
2827 2748 3063 2816 Σαμψὼν
3090 2750 3150 2800 ὲκ
3183 2748 3350 2814 τάφου
3383 2749 3564 2816 euge;
3588 2749 3808 2816 μόρους.

2533 2864 2735 2931 Aquam
2770 2863 2908 2916 dedit
2939 2862 3160 2916 maxilla
3189 2861 3492 2929 Sampsonis
3520 2862 3701 2931 prius;

2533 2930 2836 3004 Sdmpsonis
2867 2944 2920 2986 at
2943 2951 3077 2986 nunc
3106 2935 3254 2986 busta
3278 2931 3482 2984 stillant
3515 2930 3834 2983 balsamum.

2462 3049 2517 3099 ln
2551 3047 2768 3102 Menceis
2798 3064 2925 3101 vero
2952 3048 3168 3101 excusis
3196 3046 3441 3100 Ofﬁcium
3475 3045 3637 3099 habet
3671 3042 3954 3114 proprium
3974 3049 4027 3095 et

2463 3138 2736 3191 Canonem
2774 3139 2874 3192 sub
2925 3139 3025 3194 hac
3055 3140 3419 3194 acrostichide
3449 3153 3462 3192 :

2543 3253 2723 3323 Ὑμνῶ
2739 3273 2817 3318 σε,
2846 3256 3101 3324 Σαμψὼν,
3123 3257 3352 3317 πίστεως
3365 3255 3528 3315 Θείοις
3551 3253 3746 3319 λόγοις.
3794 3252 4026 3304 ἸΩΣΗΦ.

2530 3345 2799 3412 Sermone,
2833 3346 3113 3413 Sampson,
3152 3355 3198 3398 te
3225 3363 3376 3398 sacro
3398 3345 3525 3412 ﬁdei
3548 3361 3698 3396 cano.
3724 3343 3944 3397 Josapa.

2459 3461 2594 3516 Cum
2639 3470 2820 3512 autem
2881 3474 3055 3513 canon
3107 3454 3196 3513 hic
3236 3458 3373 3512 nihil
3428 3458 3627 3512 habeat
3673 3458 4025 3526 particulare.

2463 3551 2566 3605 nisi
2613 3553 2757 3621 quod
2797 3553 2849 3605 in
2890 3551 3064 3621 elogio
3101 3551 3353 3615 habetur,
3381 3565 3506 3604 eum
3537 3548 4024 3618 praetermittimus.

2462 3645 2651 3715 Elogio
2679 3646 2788 3699 duo
2824 3645 2876 3698 hi
2914 3645 3324 3714 prtemittuntur
3354 3656 3544 3695 versus
3581 3659 3594 3694 :

2535 3757 2768 3823 Σαμψὼν
2811 3758 3106 3822 Ὀμόρρους
3138 3754 3429 3820 ὲτροποῦτο
3466 3752 3563 3816 μὲν
3595 3752 3786 3803 πάλαι.

2535 3821 2772 3894 Σαμψὼν
2805 3825 2860 3880 δὲ
2887 3821 3076 3893 omasi
3107 3825 3364 3890 δαίμονας
3392 3821 3561 3892 ἄρδην
3593 3821 3734 3881 νέος.

2536 3940 2791 4008 Sampson
2829 3940 3026 4009 fugavit
3061 3939 3182 3992 olim
3216 3937 3576 4009 Homorrha’os
3608 3935 3816 4004 quidem
3845 3949 3863 3985 :

2537 4010 2638 4065 Sed
2669 4008 2909 4064 vulnerat
2935 4028 3072 4062 nunc
3101 4011 3366 4062 da'monas
3393 4008 3652 4077 Sampson
3685 4020 3870 4058 novus.

2466 4126 2805 4192 Addilurque
2833 4124 2996 4177 etiam
3044 4123 3322 4191 praemisso
3357 4120 3610 4190 dysticho
3646 4118 4027 4170 hexametrum

2467 4217 2630 4279 istud,
2650 4231 2714 4266 ex
2742 4230 2850 4282 quo
2880 4215 3228 4282 cognoscitur
3262 4210 3570 4278 prmcipuus
3589 4206 3906 4274 Sampsonis
3925 4205 4031 4260 hoc

2465 4307 2550 4360 die
2585 4308 2765 4360 cultus
2802 4324 2813 4357 :

2532 4417 2835 4482 Ξεινοὸὁχος
2863 4414 2906 4464 δ’
2939 4414 3013 4463 ένῖ
3041 4410 3209 4464 εἰκάδι
3237 4411 3507 4485 ἑϐδομάτῃ
3529 4411 3655 4463 Θάνε
3682 4408 3940 4478 Σαμψών.

2534 4509 2897 4562 Xenodochum
2935 4504 3191 4573 Sampson
3223 4508 3464 4557 vicesima
3498 4505 3719 4572 septima
3762 4501 3920 4556 tollit.

2532 4646 2620 4700 2:2.
2673 4644 2918 4711 Elogium
2968 4657 3098 4696 vero
3165 4642 3242 4694 ita
3304 4639 3466 4692 habet
3512 4654 3524 4688 :
3571 4631 3738 4698 Οὗτος
3791 4637 3820 4687 ὁ
3879 4638 4034 4702 ἅγιος

2465 4734 2749 4808 [Σαμψὼν]
2775 4736 2982 4804 ὑπῆρχε
3026 4735 3293 4802 Ῥωμαῖος
3323 4733 3382 4782 τὸ
3412 4732 3565 4797 γένος
3591 4749 3604 4762 ⁸
3629 4731 3687 4792 ὃς
3708 4730 4028 4796 διασκορπί-

2467 4848 2563 4892 σας
2605 4831 2694 4880 τον
2729 4827 3156 4893 καταλειφθέντα
3198 4825 3344 4892 αὐτῴ
3392 4825 3621 4877 πλοῦτον
3657 4823 3761 4873 ὑπὸ
3791 4822 3900 4874 τῶν
3938 4840 4036 4888 γο-

2466 4924 2598 4975 νέων
2664 4924 2775 4983 τοῖς
2835 4919 3027 4985 πένησι
3079 4918 3171 4969 καὶ
3214 4919 3465 4986 πτωχοῖς,
3498 4917 3596 4983 τὴν
3643 4914 4034 4983 βασιλεύουσαν

2467 5015 2729 5066 κατέλαϐε
2758 5015 2848 5063 καὶ
2877 5014 3001 5071 τοὺς
3026 5011 3344 5080 εὑκτηρίους
3365 5010 3544 5064 οἴκους
3578 5009 3670 5060 καὶ
3701 5007 4033 5075 σεϐασμίους

2467 5105 2805 5164 καταλαὸὼν,
2827 5104 2920 5156 καὶ
2941 5103 3217 5171 ὁσιότητος
3235 5101 3411 5152 αὐτῶν
3435 5100 3872 5161 καταπολαύσας,
3894 5100 4033 5163 ἠσυ-

2466 5200 2582 5267 χίαν
2614 5196 2930 5266 λαϐόμενος,
2970 5197 3086 5253 ταῖς
3119 5191 3500 5253 Θεοπνεύστοις
3543 5193 3782 5260 Γραφαῖς
3810 5191 4036 5260 ἐνετρᾶ-

2467 5307 2559 5356 φα,
2599 5289 2740 5356 μόνῳ
2788 5287 2904 5355 Θεῴ
2937 5286 3305 5352 προσανέχων.
3341 5281 3504 5334 ’Ὀθεν
3538 5281 3832 5348 κατάδηλος
3886 5285 4040 5347 γενο-

2470 5398 2625 5447 μενος
2665 5379 2738 5445 τῷ
2770 5378 3084 5445 τιμιωτάτῳ
3121 5377 3432 5447 πατριάρχῃ
3480 5375 3659 5443 Navii,
3707 5377 4040 5442 χειροτονεῖ-

2467 5491 2552 5522 ται
2589 5473 2674 5522 ὑπ’
2702 5468 2863 5521 αὑτοῦ
2893 5469 3281 5538 πρεσϐύτερος,
3303 5464 3379 5528 εἷς
3405 5467 3512 5518 τῶν
3536 5466 3627 5517 τοῦ
3648 5468 3849 5533 κλήρου
3879 5467 4039 5530 γενόο

2473 5563 2649 5630 μένος.
2691 5561 2797 5612 Καὶ
2827 5555 2894 5627 ἦν
2941 5557 3205 5624 σωτήριος
3245 5557 3407 5622 λιμὴν
3437 5559 3550 5617 τοῖς
3592 5555 3908 5620 πενομένοις
3945 5559 4039 5608 καὶ

2468 5654 2724 5722 χρῄζουσι
2765 5651 3013 5718 βοηθείας
3042 5665 3054 5676 ·
3103 5652 3194 5701 καὶ
3221 5651 3316 5715 τῆς
3347 5649 3591 5717 ἰατρικῆς
3617 5649 3931 5715 ἐπιστήμης
3962 5649 4038 5698 ὢν

2468 5746 2523 5795 ἑν
2551 5745 2715 5812 πείρα
2739 5742 2916 5804 αὐτὸς,
2943 5743 3034 5792 καὶ
3061 5742 3149 5794 τὸν
3183 5741 3400 5810 βασιλέα
3436 5741 3803 5792 Ίουστινιανδν
3826 5742 4039 5808 ὰνιατῳ

2470 5834 2624 5887 πάθει
2660 5833 3016 5901 περιπεσόντα
3047 5831 3425 5899 ἐλευθέρωσεν.
3473 5831 3564 5882 Ἐκ
3591 5830 3780 5882 τούτου
3813 5832 3839 5881 ό
3875 5829 4027 5896 βασι·
