4230 6436
199 380 301 441 271

1423 385 1603 445 VlTA
1643 387 1706 445 S.
1749 385 2198 445 SAMPSONIS.

3335 393 3439 452 278

198 495 321 556 λεὺς
358 495 758 564 ύπεραγασθεὶς
787 495 883 564 τὴν
915 495 1113 566 ἀρετὴν
1141 496 1235 547 τοῦ
1255 497 1467 566 ἀνδρὶς,
1495 496 1590 548 καὶ
1617 496 1778 556 σέϐας
1803 501 1852 556 Α

1775 499 2087 556 ἈΙιοηοι-(ε
2147 497 2388 561 habens,
2445 499 2732 550 maximam
2779 507 2834 552 et
2888 499 3158 552 celebrem
3225 501 3445 558 domum

199 583 349 652 αὐτῷ
379 585 689 654 ἀπονέμων,
729 586 819 637 τὸν
852 585 1107 654 μέγιστον
1137 581 1284 637 οϊκον
1315 588 1410 638 καὶ
1441 603 1506 636 πε
1519 586 1768 656 ριὸόητον

196 675 266 728 δι’
293 675 462 729 αὑτοῦ
486 677 793 745 ἀνεγείρας,
822 676 1025 741 ξενῶνα
1042 676 1436 740 κατεσκεύασε,
1466 679 1558 728 καὶ
1581 694 1772 728 σκευο-

199 767 421 832 φύλακα
450 767 548 834 τῆς
582 767 838 836 Μεγάλης
879 766 1200 837 Ἐκκλησίας
1233 767 1324 819 τὸν
1358 767 1547 834 Ἀγιον
1584 766 1770 818 τοῦτον

205 855 558 927 κατέστησεν.
588 858 756 918 Αύτὸς
793 858 848 910 δὲ
887 858 1064 920 καλῶς
1095 857 1187 910 καὶ
1225 857 1485 923 θεοφιλῶς
1525 858 1771 908 πολιτευ-

203 949 460 1016 σάμενος,
497 953 589 1000 καὶ
623 949 838 1012 πολλοῖς
868 950 1124 1018 πρόξενος
1156 950 1429 1017 σωτηρίας
1459 951 1770 1018 γενόμενος,

202 1042 298 1092 καὶ
359 1039 585 1101 πολλοὺς
636 1041 773 1109 πρὸς
827 1039 989 1108 ζῆλον
1039 1042 1132 1094 καὶ
1187 1039 1418 1108 μίμησιν
1459 1039 1553 1091 τοῦ
1606 1039 1770 1092 αὑτοῦ

201 1131 536 1199 ἀκραιφνοῦς
571 1132 685 1202 βίου
709 1135 1087 1201 διαναστήσας,
1118 1133 1234 1183 ἐκεῖ
1271 1132 1370 1200 μὲν
1403 1130 1770 1190 ἀνεπαύσατο,

202 1224 467 1293 κατετέθη
492 1226 548 1277 δὲ
579 1225 639 1277 τὸ
672 1226 848 1294 τίμιον
874 1225 1041 1276 αὑτοῦ
1069 1224 1317 1291 λείψανον
1347 1225 1402 1276 ὲν
1426 1222 1502 1290 τῷ
1533 1221 1773 1290 μεγίστῳ

199 1317 318 1384 ναῷ
353 1316 443 1368 τοῦ
467 1318 623 1383 ἁγίου
658 1315 905 1379 Μωκίου,
933 1317 1052 1369 καθ’
1082 1317 1319 1384 ἑκάστην
1353 1314 1514 1384 βρύον
1549 1314 1775 1382 ίαματο-

202 1408 348 1474 φόρα
384 1409 602 1475 νάματα
641 1407 719 1469 είς
747 1409 905 1472 δόξαν
939 1409 1031 1460 καὶ
1058 1403 1204 1462 αἶνον
1235 1406 1470 1476 Χριστοῦ
1512 1407 1605 1458 τοῦ
1640 1405 1776 1457 Θεοῦ

202 1501 233 1562 ἡ
245 1497 382 1563 μῶν.

270 1591 362 1644 25.
431 1612 446 1639 ίι
494 1590 728 1648 Sanctus
758 1591 846 1647 ille
886 1592 1200 1662 (Sampson)
1225 1606 1428 1664 genere
1498 1592 1778 1644 Romanus

200 1691 345 1733 erat.
394 1679 492 1733 llic
535 1681 850 1736 distributis
897 1682 1042 1738 inter
1087 1696 1358 1750 pauperes
1394 1680 1623 1742 divitiis,
1658 1694 1778 1748 qua:

202 1774 309 1826 sibi
359 1789 388 1826 a
445 1775 768 1842 parentibus
822 1783 980 1828 erant
1021 1774 1242 1838 relictae,
1273 1775 1342 1828 ad
1370 1775 1778 1842 imperatoriam

1872 590 2044 656 ipsius
2099 605 2266 643 suasu
2311 587 2634 642 aadiﬁcatam
2691 589 2746 643 in
2794 590 3196 644 xenodochium
3248 598 3443 650 erexit.

1871 681 2130 734 Sanctum
2163 691 2426 750 przeterea
2461 683 2784 750 supellectili
2806 698 2973 736 sacrae
3005 684 3225 752 majoris
3251 685 3442 740 Eccle-

1871 774 1965 826 siae
1988 772 2248 842 praefecit.
2282 772 2528 826 Tandem
2559 781 2679 842 post
2719 774 3006 828 honestam
3043 776 3291 846 piamque
3318 794 3446 832 con-

1871 865 2260 926 versationem,
2299 876 2587 932 postquam
2613 864 2865 932 plurimis
2885 866 3078 922 salutis
3102 877 3291 920 auctor
3312 869 3446 921 fuis-

1873 961 1975 1010 set,
2011 953 2321 1021 multosque
2380 953 2446 1006 ad
2507 954 2684 1006 zelum
2745 965 2802 1007 et
2843 955 2968 1009 vitae
3002 972 3114 1009 sua:
3163 959 3449 1025 inculpatae

1877 1042 2240 1096 imitationem
2292 1044 2624 1110 excitasset,
2672 1045 2878 1098 ibidem
2942 1049 3176 1114 quievit,
3243 1048 3433 1117 pretio-

1876 1147 2103 1200 sumque
2161 1134 2333 1200 ipsius
2379 1150 2582 1204 corpus
2630 1139 2928 1204 repositum
2976 1148 3059 1191 est
3109 1139 3162 1190 in
3213 1139 3448 1189 maximo

1878 1221 2080 1290 templo
2115 1221 2177 1277 S.
2209 1222 2390 1284 Mocii,
2431 1224 2484 1276 in
2513 1224 2632 1278 dies
2663 1225 2889 1278 salutari
2918 1227 3247 1296 scaturigine
3267 1226 3448 1280 mede-

1878 1315 1983 1366 lam
2010 1314 2220 1368 morbis
2257 1314 2513 1378 adet-ens,
2551 1315 2618 1368 ad
2655 1316 2873 1370 laudem
2908 1325 2963 1369 et
2993 1317 3218 1386 gloriam
3245 1316 3446 1370 Christi

1877 1412 1972 1464 Dei
2011 1411 2210 1466 nostri.
2229 1430 2248 1460 υ

1947 1502 2035 1555 24.
2071 1500 2246 1571 llujus
2271 1516 2491 1570 quoque
2539 1501 2712 1554 sancti
2760 1501 2866 1555 hoc
2895 1501 2985 1556 die
3021 1517 3217 1556 nomen
3251 1501 3448 1556 inscri-

1880 1601 2032 1661 ptum
2060 1592 2333 1660 reperitur
2365 1592 2694 1646 Kalendario
2725 1593 2949 1662 Syriaco
2997 1610 3090 1648 seu
3131 1594 3448 1653 Chaldairo,

1882 1683 2067 1736 Romae
2097 1682 2364 1751 impresso
2393 1698 2538 1736 anno
2567 1683 2722 1746 1624,
2753 1683 2900 1750 quod
2951 1685 3080 1735 olim
3129 1700 3272 1737 anno
3320 1684 3450 1736 i662

1883 1775 2074 1830 Latine
2125 1774 2365 1830 reddidit
2423 1775 2482 1828 D.
2515 1774 2803 1844 JOSephus,
2833 1775 3019 1828 ltalice
3062 1791 3196 1828 vero
3250 1775 3448 1844 Symon

201 1865 482 1918 civitatem
520 1865 690 1926 venit,
719 1875 885 1933 atque
917 1866 970 1918 in
997 1867 1236 1919 oratoria
1271 1875 1325 1918 et
1359 1861 1616 1918 basilicas
1654 1880 1775 1918 sese
1813 1849 1851 1901 Β
1881 1867 2111 1937 Moyses,
2142 1868 2302 1920 ambo
2332 1867 2546 1936 collegii
2575 1867 2964 1921 Maronitarum
2995 1868 3224 1922 alumni.
3281 1868 3453 1934 Hujus

205 1955 494 2023 recipiens,
520 1956 608 2024 pie
637 1957 880 2013 locorum
909 1957 1128 2010 illorum
1154 1961 1440 2010 sanctitate
1465 1957 1771 2018 fruebatur,

202 2047 582 2116 privatamque
608 2056 771 2118 atque
797 2048 1085 2103 obscuram
1114 2048 1320 2103 ducens
1345 2049 1533 2110 vitam,
1564 2050 1777 2102 divina-

204 2155 326 2190 rum
354 2139 761 2208 Scripturarum
799 2141 1032 2196 lectione
1054 2141 1296 2195 animum
1320 2140 1651 2205 oblectabar,
1673 2141 1772 2195 soli

204 2228 319 2283 Deo
348 2231 592 2286 intentus
627 2247 641 2284 :
671 2233 813 2288 unde
849 2235 1104 2304 cognitus
1129 2249 1159 2288 a
1186 2234 1509 2305 dignissimo
1543 2237 1780 2305 patriar-

200 2323 306 2376 cha
337 2322 491 2377 Mena
518 2325 586 2378 ab
608 2326 801 2380 eodem
822 2327 1077 2381 sacerdos
1100 2327 1407 2391 ordinatur,
1433 2328 1612 2386 factus
1639 2343 1782 2382 unus

201 2433 268 2467 ex
295 2416 464 2470 clero.
495 2417 628 2472 Erat
654 2433 784 2472 vero
814 2429 1007 2486 portus
1040 2419 1300 2472 salutaris
1330 2421 1669 2488 pauperibus
1696 2431 1779 2474 at-

201 2523 313 2576 que
351 2522 455 2578 ope
485 2508 876 2578 indigentibus.
917 2507 1166 2577 Cumque
1225 2509 1301 2562 rei
1357 2508 1582 2562 medicae
1626 2517 1774 2563 esset

201 2599 436 2665 peritus,
465 2599 640 2668 ipsum
671 2601 835 2654 etiam
863 2599 1250 2671 imperatorem
1279 2600 1647 2656 Iustinianum
1674 2602 1774 2654 im-

202 2689 514 2745 medicabili
551 2692 742 2747 morbo
770 2693 1108 2748 laborantem
1140 2695 1413 2748 liberavit.
1441 2693 1574 2748 Inde
1598 2694 1772 2762 impe-

202 2790 355 2837 rator
394 2784 695 2840 admiratus
740 2784 844 2838 viri
901 2786 1182 2852 virtutem,
1216 2800 1450 2854 eumque
1485 2801 1681 2855 magno
1716 2787 1772 2839 in

228 2984 446 3003 σδ--ς

1883 1968 2143 2026 praeterea
2197 1959 2450 2012 meminit
2513 1959 2956 2027 Martyrologium
3025 1958 3452 2028 Arabico-{Egyo

1882 2051 2076 2118 ptiuin,
2113 2050 2257 2117 quod
2287 2065 2352 2104 ex
2372 2049 2604 2104 Arabico
2649 2052 2929 2104 transtulit
2957 2051 3142 2105 Gratia
3175 2051 3454 2106 Simouius

1883 2139 2170 2203 Maronita,
2202 2138 2552 2207 postmodum
2579 2139 2956 2208 Tripolitanus
2987 2141 3040 2191 in
3077 2139 3230 2209 Syria
3270 2139 3452 2192 arcbiv

1881 2234 2192 2302 episcopus.
2227 2232 2286 2288 ln
2319 2233 2421 2288 hoc
2463 2232 2850 2304 Martyrologio
2882 2244 3204 2301 sequentem
3251 2234 3456 2286 oratio-

1883 2342 2004 2378 nem
2053 2326 2222 2380 habet
2256 2342 2381 2379 cum
2414 2325 2472 2380 S.
2494 2326 2703 2382 Joanne
2730 2326 3174 2396 Eleemosynario
3209 2339 3457 2378 commu-

1882 2433 2005 2470 nem
2043 2436 2054 2469 :
2091 2438 2109 2469 ι
2147 2416 2444 2472 Possedisti
2505 2418 2710 2482 omnia,
2759 2433 2792 2471 o
2853 2417 3012 2471 Pater
3061 2427 3250 2471 sancte
3298 2417 3453 2469 Sam-

1883 2522 2040 2574 pson,
2090 2507 2220 2561 dum
2282 2509 2336 2561 in
2395 2509 2651 2562 omnibus
2702 2508 2851 2562 fuisti
2907 2524 3127 2578 semper
3175 2509 3452 2574 assiduus,

1884 2599 2063 2651 dilans
2083 2615 2372 2668 pauperes,
2407 2600 2663 2668 ipsosque
2692 2601 2940 2663 alens,et
2969 2601 3297 2664 sublevans;
3329 2617 3458 2668 pre-

1882 2707 2003 2747 care
2052 2692 2331 2747 Christqu
2374 2693 2568 2760 Deum,
2600 2702 2659 2747 ut
2685 2693 2885 2748 liberet
2910 2692 3125 2748 animas
3153 2705 3394 2748 nostras.
3429 2713 3447 2744 ι

937 3169 1164 3256 ΤΟΥ
1239 3170 1381 3256 ΕΝ
1444 3169 1808 3254 ΑΓΙΟΙΣ
1887 3168 2320 3255 ΠΑΤΡΟΣ
2376 3117 2702 3263 ΗΜΩΝ

1299 3363 2399 3584 ΣΑΜΣΩΝ

870 3683 1299 3815 ΒΙΟΣ
1402 3679 1730 3812 ΚΑΙ
1833 3681 2783 3815 ΠΟΛΙΤΕΙΑ

718 4098 886 4273 S.
1053 4103 1246 4271 P.
1378 4105 1573 4276 N.
1712 4101 2912 4281 SAMPSONIS

961 4423 1307 4537 VITA
1392 4425 1566 4535 ET
1647 4421 2665 4537 CONVERSATIO

1636 4820 2023 4878 PROLOGUS.

283 4977 365 5027 A’.
415 4972 573 5027 Ἀλλὰ
615 4973 722 5040 μὴν
751 4976 972 5044 χάριτος
1009 4975 1168 5043 ἔργον
1217 4972 1308 5026 καὶ
1340 4972 1658 5041 θεραπείας,
1691 4971 1790 5042 τῆς
1817 4989 1858 5045 C

204 5071 353 5136 προς
394 5068 486 5119 τὸν
525 5066 695 5136 μέγαν
724 5067 961 5137 Σαμψὼν
994 5064 1419 5134 ἐκπληροῦντες,
1452 5065 1566 5133 ἅμα
1596 5065 1650 5117 δὲ
1688 5066 1784 5116 καὶ

204 5159 426 5230 μέμψιν
461 5160 555 5227 τὴν
588 5159 646 5224 ὲξ
673 5157 974 5228 ἀνθρώπων
1013 5157 1372 5221 ἐκκλίνοντες,
1405 5159 1482 5218 είς
1521 5157 1610 5209 τὸν
1642 5173 1784 5224 παρ-

204 5255 350 5306 όντα
397 5249 552 5316 λόγόν
613 5249 934 5320 καθήκαμεν
986 5250 1232 5310 ἑαυτοὺς,
1287 5252 1379 5300 καὶ
1427 5248 1516 5300 τὸν
1572 5248 1780 5299 ἐκείνου

207 5341 584 5404 συντάξασθαι
615 5343 725 5412 βίον
758 5343 1112 5412 εὐγνωμόνως
1148 5341 1480 5411 ὑπέστημεν.
1528 5340 1636 5392 Καὶ
1669 5338 1784 5400 πῶς

205 5437 326 5504 γὰρ
359 5433 420 5487 οὐ
445 5434 648 5503 μέμψις
679 5435 898 5501 εῦλογος
933 5436 1026 5485 καὶ
1054 5432 1256 5495 δικαία,
1285 5433 1331 5483 εί
1360 5431 1568 5484 πολλῶν
1587 5431 1788 5498 ἑτέρων

207 5529 413 5594 ἁγίων,
453 5527 560 5578 τῶν
591 5526 689 5595 μὲν
717 5525 1030 5597 μαρτύρων,
1053 5526 1160 5576 τῶν
1193 5524 1248 5578 δὲ
1277 5526 1367 5577 καί
1395 5523 1568 5584 ἀλλως
1599 5523 1792 5591 εὐαρεο

211 5619 501 5685 στηκότων
538 5617 678 5687 Θεῷ,
722 5618 826 5670 τῶν
857 5619 957 5686 μὲν
992 5617 1185 5678 ἄθλους
1215 5617 1305 5668 καὶ
1339 5617 1553 5678 πόνους,
1580 5615 1687 5665 τῶν
1734 5614 1789 5666 δὲ

211 5711 316 5764 καὶ
352 5708 500 5780 βίους
528 5710 622 5763 καὶ
650 5709 876 5779 πράξεις
915 5709 1058 5761 κατὰ
1102 5709 1336 5778 σπουδὴν
1378 5707 1789 5776 συνταξάμενοι,

211 5803 410 5856 τούτου
435 5802 498 5873 δὴ
539 5803 631 5856 τοῦ
666 5804 900 5871 μεγάλου
935 5801 1172 5872 Σαμψὼν
1204 5800 1523 5870 φαινοίμεθα
1572 5800 1782 5852 κατολι-

1967 4977 2004 5028 l.
2036 4976 2241 5030 Partim
2261 4975 2481 5042 quidem
2515 4988 2707 5045 magno
2737 4974 3019 5044 Sampsoni
3046 4973 3464 5043 gratitudinem.

1885 5076 1942 5120 et
1978 5068 2182 5120 cultum
2220 5067 2469 5121 debitum
2501 5067 2845 5129 exhibentes,
2882 5067 3078 5135 partim
3136 5075 3319 5116 autem
3361 5065 3462 5117 ho-

1890 5160 2096 5212 minum
2137 5159 2338 5228 justam
2379 5159 2617 5213 vitantes
2661 5157 3174 5227 reprehensionem,
3217 5156 3282 5208 ad
3324 5157 3464 5208 hanc

1886 5253 2214 5307 accessimus
2268 5251 2614 5311 orationem,
2666 5259 2721 5303 et
2764 5249 2912 5302 illius
2964 5247 3263 5302 scribendae
3324 5245 3464 5299 Vita:

1885 5359 2027 5398 onus
2073 5343 2308 5397 libenter
2367 5341 2734 5408 suscepimus.
2789 5337 3079 5404 Quomodo
3127 5338 3275 5390 enirn
3349 5349 3460 5388 non

1882 5435 2091 5503 optimo
2127 5434 2251 5503 jure
2294 5430 2847 5502 reprehenderemur,
2896 5430 2962 5492 si,
3011 5428 3104 5496 qui
3158 5426 3458 5480 multorum

1883 5522 2114 5576 aliorum
2143 5533 2482 5583 sanctorum,
2515 5531 2629 5574 tum
2665 5528 2989 5591 martyrum,
3019 5528 3132 5572 tum
3162 5519 3320 5571 aliter
3349 5516 3460 5569 Deo

1887 5615 2237 5683 placitorum,
2288 5615 2507 5670 illorum
2541 5614 2763 5682 quidem
2794 5613 3012 5666 labores
3042 5620 3096 5663 et
3136 5610 3459 5664 certamina,

1885 5706 2076 5760 horum
2114 5722 2245 5760 vero
2295 5707 2460 5758 vitam
2510 5715 2566 5759 et
2616 5722 2702 5760 res
2755 5717 2937 5775 gestas
2989 5706 3281 5774 diligenter
3330 5716 3461 5752 con-

1886 5799 2227 5867 scrips'tmus,
2291 5797 2435 5851 hunc
2481 5812 2734 5868 magnum
2780 5799 3133 5867 Sampsoncm
3183 5792 3466 5846 rideamur
