4230 6436
199 405 302 471 281

1428 411 1602 469 VI'I‘A
1648 410 1710 468 S.
1763 408 2212 470 SAMPSONIS.

3332 403 3438 465 282

195 538 343 581 τινος
377 521 597 590 ἡδίστης
636 521 836 590 τροᾳῆς
860 523 1110 592 ἐμμελῶς
1134 522 1329 590 εἴχετο,
1356 525 1449 574 καὶ
1478 523 1544 575 δι’
1578 524 1758 589 ὀλίγου
1791 529 1832 581 Α

1791 529 1832 581 Α
1865 539 2026 590 quam
2054 521 2461 592 jucundissimo
2489 521 2614 575 cibo
2659 521 2707 575 ei
2749 520 3048 588 diligenter
3099 517 3435 572 adbrerebat.

196 612 336 678 πρὸς
366 614 544 662 πᾶσαν
575 611 746 681 αὐτῆς
779 613 876 679 τὴν
906 613 1104 682 γνῶσιν
1134 613 1378 680 ἀφίκετο.
1406 614 1555 683 Μηδὲ
1590 617 1762 680 ἰατρι-

195 704 323 768 κῆς,
358 701 454 771 τῆς
503 702 881 774 φιλανθρώπου
924 705 1137 775 τέχνης,
1176 707 1204 756 ὁ
1251 706 1761 775 φιλανθρωπᾶτατος

193 796 499 865 ἀμελήσας.
539 796 698 850 Ἀλλά
736 798 826 850 καὶ
855 798 988 866 αὐτῇ
1023 797 1327 864 φιλοπόνως
1359 799 1760 868 προσενεχθεὶς,

192 888 290 938 καί
323 905 404 940 τοι
439 888 596 957 ὀλίγα
634 889 728 955 μὲν
764 891 970 958 ὑπῆρχε
1012 892 1077 959 τῇ
1110 891 1274 960 τέχνῃ
1309 892 1608 960 χρώμενος,
1653 891 1760 942 τῶν

191 977 238 1027 δ’
271 979 448 1030 ἄλλων
475 981 784 1050 παρεχώρει
821 982 898 1049 τῷ
931 982 1176 1050 θεουργῷ
1213 984 1306 1049 τῆς
1349 986 1571 1052 χάριτος
1602 984 1760 1051 νοσή-

196 1086 348 1136 ματα
401 1071 494 1123 καὶ⁵
531 1072 676 1139 πάθη
702 1073 894 1124 ἀνίατα
937 1072 1276 1142 θεραπεύων,
1313 1074 1405 1126 καὶ
1433 1075 1509 1136 ώς
1550 1075 1758 1142 προκάο

191 1163 388 1228 ὶυμμα
414 1162 508 1229 τῆς
534 1165 754 1232 χάριτος
781 1166 1074 1236 ἐπιχειρῶν
1106 1169 1170 1237 τῇ
1200 1167 1366 1239 τέχνῃ
1392 1167 1477 1219 διά
1507 1181 1731 1219 ταπεινο

192 1251 468 1320 φροσύνης
497 1255 596 1304 ὑπε
606 1255 821 1324 ρὸολήν.

261 1429 338 1482 Γ’.
377 1431 463 1492 Ὠς
503 1432 559 1484 δὲ
610 1432 700 1485 καὶ
735 1436 783 1486 οἰ
819 1434 1053 1506 πατέρες
1090 1436 1254 1490 αὑτοῦ
1301 1438 1389 1491 τὸν
1421 1438 1535 1508 βίον
1566 1439 1756 1492 ἀπέλι-

190 1538 316 1584 πον,
349 1521 446 1574 ούκ
494 1523 571 1576 ἔτι
613 1525 820 1593 μέλλων
863 1522 951 1597 ἦν,
993 1528 1101 1580 οὐδ’
1137 1530 1592 1600 ἀναϐαλλόμενος,
1643 1532 1758 1584 ἀλλ’

186 1611 263 1674 ώς
313 1613 507 1683 καιροῦ
547 1615 842 1685 λαϐόμενος
885 1620 1208 1690 ἐπιτηδείου,
1242 1623 1335 1675 ἆτε
1373 1625 1601 1693 μηδενος
1652 1625 1755 1676 ὑπ·-

185 1703 450 1773 άρχοντος
490 1708 584 1760 τοῦ
626 1709 980 1775 κωλύσοντος,
1009 1713 1078 1765 τὰ
1121 1715 1262 1768 κατά
1290 1714 1514 1786 γνώμην
1560 1718 1755 1781 ἐποίει,

186 1798 280 1845 καὶ
327 1796 556 1849 πλούτου
598 1799 696 1865 μὲν
721 1801 962 1869 φθαρτοῦ
1007 1805 1097 1855 καὶ
1147 1807 1480 1876 προσκαίρου
1530 1807 1758 1860 πλοῦτον

183 1881 406 1933 αἰώνιον
437 1885 833 1952 ἀντηλλάττετο
881 1891 1021 1942 κατά
1047 1897 1144 1960 τὴν
1178 1894 1327 1947 Θείαν
1359 1896 1450 1948 τοῦ
1480 1899 1751 1950 Δεσπὸτου
1786 1881 1830 1937 Β

182 1972 388 2040 φωνὴν,
426 1974 456 2041 ἣ
486 1975 551 2024 τά
579 1975 893 2045 ὑπάρχοντα
929 1981 1180 2048 πωλῆσαι
1218 1984 1424 2036 κελεύει
1461 2002 1552 2038 και
1577 2003 1752 2052 παρα-

180 2067 331 2132 σχεῖν
377 2065 766 2138 ἐλεημοσύνην,
815 2072 1061 2124 ἐντεῦθέν
1109 2091 1165 2126 τε
1219 2075 1477 2144 βαλάντια
1538 2078 1610 2148 μὴ
1644 2097 1747 2132 παο

178 2155 476 2225 λαιούμενα
525 2162 850 2231 κτήσασθαι.
914 2165 1111 2218 Ἐδίδου
1156 2167 1210 2219 δὲ
1253 2168 1343 2220 τὸν
1383 2170 1631 2237 πλοῦτον,
1688 2173 1747 2226 οὐ

175 2251 323 2304 κατὰ
380 2254 575 2321 μικρὸν
657 2255 777 2306 οὐδὲ
839 2256 1190 2325 φειδομένως,
1247 2258 1368 2311 οὔτε
1444 2262 1551 2329 μὴν
1610 2263 1751 2315 κατά

177 2343 430 2409 στράγγα
474 2346 636 2414 ῥέων,
669 2347 800 2400 ἀλλα
841 2352 932 2400 καί
969 2350 1087 2401 λίαν
1116 2351 1280 2422 χύδην
1312 2353 1404 2404 καὶ
1428 2353 1746 2422 ἀνειμένως,

177 2433 384 2500 ἀμφοῖν
429 2439 656 2506 χειροῖν,
689 2438 749 2488 τὸ
789 2439 880 2490 τοῦ
923 2439 1100 2504 λόγου,
1137 2445 1270 2508 πρὸς
1301 2443 1399 2503 τὰς
1445 2443 1552 2492 τῶν
1582 2445 1747 2512 πενήο

175 2542 285 2576 των
347 2526 378 2596 ἢ
436 2529 744 2580 πεινώντων
794 2529 1082 2582 ἀπαντλῶν
1131 2532 1419 2601 γαστέρας,
1459 2534 1548 2585 καὶ
1590 2534 1746 2586 τοῦτο

173 2619 272 2684 0'31
299 2615 464 2678 ἅπαξ,
490 2617 608 2667 οὐδὲ
637 2616 740 2678 δὶς,
771 2617 906 2671 ἀλλά
935 2619 1020 2672 διὰ
1054 2623 1258 2682 παντὸς
1286 2621 1377 2674 τοῦ
1410 2622 1524 2692 βίου
1555 2623 1740 2677 armati-

176 2696 338 2772 μενος
365 2723 378 2735 ι
403 2707 681 2775 ἡλικιῶτις
712 2710 820 2777 γὰρ
848 2711 994 2781 αὐτῷ
1027 2717 1119 2766 καὶ
1153 2713 1450 2783 σύντροφος
1494 2715 1621 2785 ἄχρι
1664 2717 1736 2770 τέ-

173 2796 357 2868 λουςή
392 2797 749 2870 ἐλεημοσύνη.
784 2803 894 2866 Τὰς
930 2803 984 2855 δὲ
1014 2805 1121 2856 τῶν
1153 2805 1354 2857 δούλων
1393 2805 1592 2872 ἀγέλας
1626 2808 1750 2860 οὐκ·

172 2889 254 2940 ἐτι
306 2889 490 2956 μένειν
539 2890 670 2958 παρ’
695 2892 873 2960 ἑαυτῷ
909 2893 1082 2960 ἠξίου,
1122 2893 1242 2946 οὐδὲ
1287 2894 1396 2946 τῶν
1438 2888 1744 2962 ὁμοδούλων

171 2979 542 3049 ὑπερηφάνως
576 2979 696 3032 κατ’
719 2981 1025 3047 αὑθεντίαν,
1052 2985 1166 3036 ἀλλ’
1198 2986 1512 3055 ἐλευθερίας
1541 2987 1742 3057 μᾶλλον

169 3069 410 3135 εὐγενῶς
450 3068 624 3136 ἠξίου,
656 3070 950 3141 αὐτάρκεις
992 3075 1174 3135 αὐτοῖς
1205 3077 1460 3144 παρέχων
1510 3079 1603 3130 καὶ
1647 3078 1742 3142 τὰς

169 3160 310 3224 προς
339 3161 397 3211 τὸ
425 3159 524 3230 ζῇν
561 3161 837 3229 ἀφορμάς.
866 3162 928 3215 Τί
963 3165 1069 3233 γὰρ
1102 3165 1268 3218 ἐδεῖτο
1304 3168 1401 3234 τῆς
1437 3169 1493 3232 ἐξ
1532 3168 1742 3238 ἀνθρώ-

168 3267 292 3305 πων
316 3252 559 3315 δουλείας
596 3255 622 3305 ὁ
649 3253 833 3306 δοῦλον
865 3255 1055 3308 ἑαυτὸν
1075 3257 1152 3328 τῷ
1184 3259 1366 3329 Κυρίῳ
1395 3261 1610 3329 γνήσιον
1637 3263 1742 3327 ἀφ-

168 3347 575 3414 οσιωσάμενοςς
603 3345 758 3399 Ούτω
780 3348 910 3415 γοῦν
936 3352 1060 3418 περὶ
1093 3351 1158 3402 τὰ
1185 3351 1309 3402 ὄντα
1333 3353 1618 3416 διατεθεὶς,
1639 3353 1744 3404 τῶ)

170 3441 532 3508 προσκαίρων
576 3441 665 3490 καὶ
688 3442 850 3490 οἱονεὶ
889 3440 1105 3509 δεσμῶν
1140 3460 1300 3494 τινων
1341 3445 1580 3511 ἀναθεὶς,
1616 3445 1744 3498 κοῦο

169 3547 271 3597 ςος
300 3527 367 3598 ἦν
399 3529 637 3597 ἀτεχνῶς
669 3529 763 3582 καὶ
793 3530 1045 3596 εὔζωνος,
1069 3534 1262 3603 καὶτῷ
1293 3533 1375 3586 ἐν).
1405 3535 1502 3604 μὲν
1533 3526 1742 3605 χιτῶνι,

167 3621 251 3672 ἑνὶ
291 3620 349 3671 δὲ
391 3618 496 3671 τῶν
519 3621 746 3672 οἰκετῶν
777 3622 1134 3694 ἀρκούμενος.
1171 3622 1305 3679 Εἶτα
1347 3629 1441 3678 καὶ
1472 3627 1569 3696 τὴν
1610 3627 1744 3680 Ῥώ-

170 3729 282 3782 μην
310 3712 592 3766 ἀπολιπὼν
621 3716 648 3768 ὁ
672 3715 957 3778 Γεννάδας,
984 3718 1118 3785 πρὸς
1146 3718 1244 3788 τὴν
1265 3721 1388 3772 νέαν
1413 3721 1612 3791 ταύτην
1641 3723 1736 3790 ἀφ-

169 3809 409 3857 ικνεῖται
454 3805 692 3875 Ῥώμην,
723 3805 818 3875 τὴν
856 3807 948 3859 τοῦ
992 3808 1137 3861 θείου
1169 3811 1600 3876 Κωνσταντίνου,
1643 3829 1744 3881 φη-

170 3897 235 3964 μί
259 3912 273 3926 ο
311 3895 405 3961 ἀφ’
447 3889 513 3962 ἦς
561 3896 661 3964 μὲν
695 3898 874 3960 αίτίας
912 3901 1152 3971 κινηθεὶς
1200 3901 1337 3972 πρὸς
1375 3899 1533 3954 τοῦτο
1563 3903 1744 3970 λέγειν

164 3985 270 4034 οὐκ
298 3983 438 4051 ἔχω·
472 3983 614 4055 πλὴν
655 3986 755 4038 οὐκ
806 3990 957 4040 ἀθεεὶ
1008 3991 1244 4056 πάντως,
1275 3992 1382 4044 οὐδ’
1415 3993 1743 4059 ἀλυσιτελῶς

165 4078 236 4145 τῇ
269 4076 502 4148 λαμπρᾷ
534 4078 707 4150 ταύτῃ
750 4084 837 4133 καὶ
878 4081 1110 4150 βασιλίδι
1147 4085 1255 4137 τῶν
1295 4087 1500 4139 πόλεων
1530 4089 1744 4157 ἐνδεδη-

169 4167 392 4236 μηκὼς,
478 4170 566 4221 καὶ
596 4171 653 4222 τὸ
689 4173 832 4241 ἱερὸν
865 4173 1030 4224 αὐτοῦ
1064 4177 1409 4228 ἐναπόκειται
1439 4177 1622 4244 σῶμα,
1647 4178 1744 4246 θη-

170 4261 374 4326 σαυρὸς
420 4259 636 4324 ἄσυλος,
670 4261 894 4327 πλοῦτος
927 4265 1221 4332 ἀδάπανος,
1257 4270 1578 4338 νοσημάτων
1610 4271 1744 4326 πάν-

164 4367 278 4402 των
305 4351 668 4420 ἀλεξιτήριον,

239 4447 314 4495 Δ’.
369 4443 428 4497 '0
462 4446 590 4512 γοῦν
629 4447 699 4499 τά
733 4447 910 4498 πάντα
954 4449 1121 4517 μέγας
1166 4449 1404 4520 Σαμψὼν
1444 4453 1539 4522 τὴν
1576 4454 1741 4523 μεγά-

166 4539 270 4606 λην
311 4537 471 4606 τήνδε
514 4538 667 4592 πόλιν
708 4539 1052 4602 καταλαϐὼν,

167 4632 356 4702 φαύλη
385 4633 568 4702 διῆγεν
595 4633 758 4703 οἰκίᾳ,
790 4634 848 4686 ἐν
877 4634 933 4686 δὲ
960 4632 1037 4703 τῷ
1072 4634 1297 4704 πλησίον
1337 4635 1598 4705 κήδεσθαι
1642 4655 1737 4691 πο-

164 4723 266 4784 λὺς
296 4718 364 4790 ἦν
387 4739 401 4752 °
432 4725 530 4794 τὴν
561 4723 670 4793 γὰρ
695 4727 873 4777 οὶκίαν
904 4725 1104 4796 ταύτην
1137 4726 1545 4797 φιλανθρωπίας
1605 4731 1738 4784 ὑπό-

168 4815 324 4869 θεσιν
355 4817 448 4868 καὶ
491 4819 723 4885 ἰατρεῖον
769 4817 999 4884 ἄμισθον
1028 4821 1414 4890 ποιησάμενος,
1443 4824 1566 4886 τοὺς
1601 4826 1740 4896 νόσῳ

167 4906 534 4976 πιεζομένους
568 4909 788 4973 ξενίζων
815 4903 880 4978 ἦν
909 4911 1000 4961 καὶ
1041 4912 1379 4982 φιλαδέλφως
1408 4917 1738 4988 ὑποδεχόμε.

167 5019 286 5063 νος,
322 5002 517 5070 καὶμὴ
561 5001 716 5069 μόνον
761 5002 1075 5071 ἐπιμελείας
1120 5005 1286 5071 ἀξιῶν
1318 5010 1517 5080 πάσης,
1549 5011 1738 5082 ῶσπερ

165 5094 218 5145 οἱ
247 5094 344 5166 τῆς
379 5092 572 5161 τέχνης
598 5091 874 5160 βούλονται
900 5095 1073 5162 νόμοι,
1107 5096 1239 5150 ἀλλά
1271 5098 1364 5152 καὶ
1391 5101 1599 5170 τροφῆς
1623 5119 1738 5154 x0:-

170 5183 360 5237 νωνῶν
392 5187 483 5238 καὶ
522 5185 833 5255 στρωμνῆς,
867 5187 1173 5251 ἀκολούθως
1219 5194 1337 5247 ταῖς
1381 5191 1472 5245 τοῦ
1503 5194 1738 5263 Χριστοῦ

171 5274 440 5339 ιντολαῖςς
483 5277 577 5328 καὶ
619 5274 775 5328 τοῦτο
835 5277 930 5344 μὲν
970 5280 1037 5332 τὰ
1085 5282 1181 5346 τῆς
1228 5281 1442 5351 τέχνης,
1476 5285 1632 5337 τοῦτο
1682 5287 1739 5337 δὲ

175 5367 378 5436 μᾶλλον
406 5369 497 5418 καὶ
530 5369 596 5420 τὰ
634 5369 731 5438 τῆς
758 5369 976 5440 χάριτος
1006 5372 1431 5442 ἐνδεικνύμενος.
1491 5377 1596 5428 Ποῦ
1633 5379 1740 5448 γὰρ

170 5460 369 5530 τέχνης
399 5459 560 5528 ἔργον
588 5459 844 5529 δαίμονας
870 5462 1213 5526 ἀπελαύνειν,
1241 5467 1332 5516 καὶ
1363 5467 1552 5518 παθῶν
1586 5471 1736 5522 ἀνιά-

169 5567 280 5602 των
317 5548 754 5622 θαυματουργεῖν
791 5553 954 5622 iactv,
991 5552 1025 5606 ἃ
1067 5555 1262 5624 ἐκείνῳ
1299 5557 1511 5633 δρᾶσαι,
1539 5553 1627 5610 οἷα
1669 5562 1732 5627 δὴ

169 5646 262 5695 καὶ
305 5645 366 5696 τὸ
407 5642 631 5714 θελῆσαι
658 5643 836 5715 ῥᾴδιον
879 5651 970 5699 καὶ
1004 5646 1219 5711 ἀπλῶς;
1248 5650 1440 5703 ’Λλλου
1477 5651 1573 5719 μὲν
1608 5653 1732 5706 ἄλλο

240 5833 252 5862 ¹
287 5830 473 5885 Matth.
505 5846 612 5885 xu.

1865 628 1920 668 et
1957 618 2102 668 brevi
2153 627 2397 684 tempore
2443 614 2590 668 venit
2629 613 2694 666 ad
2748 628 2965 667 omnem
3002 611 3120 678 ejus
3163 611 3440 680 c0gnitio-

1867 724 2011 760 nem.
2072 709 2269 762 Verum
2334 723 2457 761 cum
2518 721 2696 775 neque
2750 705 3098 765 medicinam,
3165 718 3288 771 quae
3349 719 3440 756 ars

1866 799 2022 852 valde
2050 800 2308 858 conducit
2361 801 2610 852 humana}
2665 797 2845 857 saluti,
2888 796 2970 846 vir
3013 793 3441 847 humanissimus

1865 891 2210 960 neglexisset,
2271 892 2364 945 sed
2400 907 2458 945 se
2510 891 2675 945 etiam
2724 890 2773 945 ei
2829 889 3122 958 diligenter
3170 886 3437 949 dedisset,

1864 983 1964 1034 etsi
2007 993 2123 1034 arte
2159 997 2349 1048 parum
2400 981 2696 1035 admodum
2747 979 2812 1032 ad
2865 989 3132 1046 questum
3172 980 3241 1032 sit
3283 993 3435 1039 usus,

1866 1074 1916 1126 in
1962 1074 2292 1142 pauperibus
2342 1083 2521 1126 tamen
2571 1073 2737 1126 cessit
2783 1072 2983 1126 divina:
3033 1071 3220 1140 gratia:
3279 1071 3439 1124 mini-

1863 1165 2055 1228 sterio,
2093 1164 2311 1218 morbos
2335 1179 2536 1218 curans
2584 1163 3039 1221 immedicabiles,
3075 1173 3131 1216 et
3178 1172 3436 1228 tanquam

1861 1259 2048 1323 gratiae
2078 1258 2382 1311 velamento
2414 1265 2530 1309 arte
2568 1267 2726 1310 utens
2769 1267 2992 1324 propter
3039 1268 3307 1308 summam
3342 1254 3441 1305 hu-

1861 1345 2174 1400 utilitatem.

1932 1437 2020 1490 Ill.
2054 1439 2348 1507 Postquam
2391 1449 2571 1492 autem
2609 1441 2730 1508 ejus
2757 1447 3014 1507 parentes
3054 1453 3084 1490 e
3115 1438 3224 1490 vita
3254 1452 3442 1491 exces-

1860 1527 2076 1590 sissent,
2106 1546 2211 1581 non
2250 1531 2484 1598 amplius
2521 1531 2906 1589 cunctabatur,
2961 1544 3063 1582 nec
3106 1527 3433 1590 diderebat;

1860 1623 1952 1676 sed
1990 1632 2114 1692 apta
2151 1639 2282 1676 usus
2313 1625 2623 1686 occasione,
2658 1632 2846 1691 utpote
2877 1623 3022 1691 quod
3075 1623 3257 1676 nullus
3288 1631 3436 1676 esset

1859 1715 2258 1783 prohibiturus,
2292 1729 2354 1767 ea
2390 1699 2649 1777 faciebat,
2693 1730 2813 1782 quae
2854 1715 2960 1768 sibi
2994 1715 3346 1773 videbantur,
3380 1724 3436 1768 et

1862 1804 2055 1860 breves
2116 1806 2494 1875 periturasque
2569 1795 2818 1859 divitias'
2861 1808 3235 1859 commutabat
3306 1823 3432 1859 cum

1858 1899 2099 1961 aeternis,
2134 1899 2518 1965 obtemperans
2542 1899 2661 1951 voci
2696 1898 3016 1963 Dominicae,
3043 1899 3259 1968 jubenti
3295 1915 3432 1952 ven-

1859 1990 1990 2042 dere
2017 2005 2078 2042 ea
2106 2005 2225 2056 qua:
2255 1990 2378 2056 quis
2404 1989 2589 2053 habet,
2612 1999 2668 2043 et
2696 1991 2944 2058 praebere
2971 1992 3372 2060 eleemosynam
3394 1995 3430 2052 ‘,

1856 2092 1910 2134 et
1949 2080 2077 2133 hinc
2107 2095 2296 2147 parare
2322 2095 2631 2143 crumenas,
2659 2097 2780 2150 quae
2810 2082 3033 2134 minime
3061 2092 3430 2136 veterascnnt.

1861 2172 2027 2225 Dabat
2061 2187 2186 2224 vero
2217 2187 2351 2240 opes
2375 2187 2484 2225 non
2509 2187 2692 2240 parce,
2726 2172 2889 2242 idque
2927 2189 3028 2226 nec
3059 2173 3299 2227 tenuiter
3330 2189 3432 2227 nec

1857 2264 2110 2333 guttatim
2145 2263 2435 2326 distillans,
2470 2263 2566 2318 sed
2594 2264 2814 2332 profuse
2845 2264 3142 2318 admodum
3175 2278 3229 2318 et
3260 2266 3429 2335 large,

1856 2358 2154 2419 ambabus;
2195 2367 2253 2410 ut
2301 2357 2526 2421 dicitur,
2571 2356 2827 2409 manibus
2881 2357 3174 2410 effundens
3219 2359 3271 2410 in
3303 2374 3435 2410 ven-

1858 2457 1968 2499 tres
2000 2461 2322 2514 pauperum,
2351 2454 2446 2498 aut
2468 2445 2862 2509 esarienuum;
2901 2445 3064 2514 idque
3097 2463 3204 2500 non
3239 2446 3429 2508 semel,

1854 2547 1950 2588 aut
1984 2538 2088 2601 bis,
2122 2537 2214 2591 sed
2249 2552 2348 2606 per
2371 2547 2535 2590 totam
2576 2538 2740 2592 vitam
2776 2553 2789 2591 :
2834 2547 3067 2591 connata
3115 2537 3262 2592 enim
3309 2553 3432 2590 cum

1856 2629 1973 2697 ipso
2007 2638 2064 2682 et
2109 2631 2424 2683 connutrita
2469 2645 2642 2697 usque
2686 2629 2751 2681 ad
2787 2639 3018 2682 mortem
3050 2630 3152 2681 fuit
3197 2630 3432 2682 eleemo-

1854 2737 2008 2792 syna.
2063 2721 2361 2776 Servorum
2429 2733 2612 2774 autem
2659 2735 2852 2790 greges
2911 2720 3132 2773 nolebat
3195 2720 3432 2788 amplius

1853 2815 1996 2883 apud
2028 2829 2085 2869 se
2117 2829 2363 2877 manere,
2417 2829 2595 2882 neque
2642 2814 2696 2866 iu
2741 2828 2937 2872 servos
2983 2813 3062 2866 uti
3110 2822 3431 2882 arroganter

1854 2905 2084 2972 imperio
2117 2923 2129 2959 :
2163 2905 2257 2959 sed
2291 2906 2477 2973 potius
2508 2905 2764 2958 libertate
2797 2905 3033 2973 ingenue
3077 2903 3430 2973 dignabatur,

1850 2996 1932 3050 eis
1979 2994 2196 3048 abunde
2244 2995 2516 3061 praebens.
2564 2995 2713 3059 quod
2763 2995 2830 3047 ad
2877 2995 3080 3048 victum
3129 2994 3429 3048 sufﬁceret.

1851 3087 1989 3155 Quid
2023 3087 2168 3142 enim
2195 3087 2244 3141 ei
2268 3102 2406 3156 opus
2429 3097 2546 3140 erat
2586 3090 2854 3145 servitute
2885 3086 3194 3149 hominum,
3229 3087 3324 3154 qui
3371 3100 3430 3140 se

1852 3197 2040 3235 verum
2080 3190 2136 3236 et
2163 3197 2478 3250 germanum
2527 3195 2748 3236 servum
2796 3179 3026 3234 Domino
3071 3193 3431 3233 consecrave-

1853 3272 1974 3326 rat?
2001 3271 2090 3325 Sic
2119 3274 2302 3339 itaque
2351 3288 2480 3337 erga
2522 3270 2814 3326 facultates
2862 3271 3113 3334 aﬂectus,
3157 3272 3428 3338 rebusque

1850 3363 2244 3434 temporalibus
2276 3373 2534 3431 tanquam
2575 3363 2811 3419 vinculis
2836 3375 3054 3425 exutus,
3086 3373 3204 3415 erat
3237 3378 3428 3416 revera

1850 3457 1985 3513 levis
2013 3469 2069 3512 et
2104 3458 2406 3518 accinctus,
2445 3463 2501 3508 et
2533 3469 2638 3508 una
2672 3455 2894 3522 quidem
2925 3454 3133 3516 tunica,
3168 3469 3277 3507 uno
3327 3471 3428 3506 au-

1852 3558 1959 3602 tem
1989 3549 2198 3604 famulo
2247 3557 2565 3604 contentus.
2617 3547 2824 3601 Deinde
2876 3545 3048 3599 Roma
3096 3547 3289 3600 relicta
3337 3547 3428 3601 hic

1847 3644 1932 3697 vir
1985 3643 2237 3712 egregius
2286 3643 2338 3696 in
2391 3641 2532 3697 hanc
2585 3656 2780 3694 novatn
2833 3639 2984 3692 venit
3028 3640 3293 3702 Romam,
3346 3640 3428 3692 (li-

1846 3736 1982 3798 vini,
2013 3738 2260 3805 inquam,
2314 3733 2660 3788 Constantini
2710 3733 3009 3785 civitatem.
3060 3735 3236 3799 Atque
3279 3748 3428 3800 quae-

1846 3845 1971 3883 nam
2008 3828 2230 3897 quidem
2282 3841 2407 3879 eum
2451 3839 2615 3879 causa
2663 3825 3021 3892 permoverit,
3075 3839 3422 3892 nequaquam

1846 3936 2064 3990 possum
2095 3921 2298 3975 dicere.
2343 3917 2448 3972 Sed
2505 3932 2614 3971 non
2666 3916 2784 3971 sine
2831 3916 2921 3970 Dei
2966 3917 3214 3978 numine,
3249 3931 3428 3985 neque

1845 4013 2070 4070 omnino
2111 4013 2384 4067 inutiliter
2426 4019 2680 4064 versatus
2732 4009 2785 4061 in
2840 4010 2939 4061 hac
2991 4009 3136 4076 regia
3185 4018 3270 4061 est
3299 4008 3428 4062 civi-

1847 4115 1975 4169 tate,
2003 4105 2057 4158 in
2087 4120 2192 4174 qua
2219 4111 2304 4158 est
2328 4103 2491 4157 etiam
2535 4115 2755 4154 sacrum
2806 4099 2926 4170 ejus
2974 4114 3175 4168 corpus
3210 4099 3428 4169 reposi-

1847 4208 2004 4261 tum',
2088 4198 2382 4250 thesaurus
2464 4202 2888 4254 sacrosanctus,
2975 4191 3221 4252 divitiae,
3302 4207 3425 4259 qua:

1843 4290 2070 4345 minime
2103 4294 2528 4348 consumuntur,
2582 4283 2830 4337 omnium
2878 4280 3198 4339 morborum
3245 4272 3426 4337 ieme.

1844 4385 2016 4438 dium.

1911 4477 1998 4530 IV.
2040 4476 2138 4530 Hic
2185 4494 2314 4545 ergo
2365 4478 2513 4529 omni
2564 4492 2629 4529 ex
2667 4483 2822 4542 parte
2861 4489 3087 4541 magnus
3130 4472 3422 4540 Sampson,

1112 4543 1169 4637 ἐν
1223 4546 1432 4637 99W?
1481 4547 1581 4637 μέν
1630 4561 1736 4599 τινι
1771 4556 1971 4623 Dcum
2027 4568 2092 4623 ad
2145 4570 2283 4623 hanc
2332 4567 2668 4637 pervenisset
2725 4566 2772 4619 ci

1771 4556 1971 4623 Deum
2027 4568 2092 4623 ad
2145 4570 2283 4623 hanc
2332 4567 2668 4637 pervenisset
2725 4565 3030 4627 civitatem,
3074 4564 3127 4616 in
3184 4564 3418 4632 quadam

1846 4677 2008 4730 parva
2049 4671 2102 4715 et
2129 4662 2321 4714 humili
2356 4662 2519 4714 domo
2553 4658 2863 4723 habitabat,
2903 4658 2956 4710 in
3006 4656 3240 4725 proximi
3291 4672 3422 4710 cura

1840 4753 2076 4823 gerenda
2135 4753 2407 4806 assiduus.
2471 4750 2604 4803 Nam
2657 4765 2781 4802 cum
2830 4749 2971 4802 hanc
3003 4748 3224 4802 domum
3263 4747 3420 4801 beni-

1842 4849 2064 4916 gnitatis
2091 4855 2492 4915 argumentum.
2545 4851 2599 4898 et
2645 4843 2943 4911 gratuitam
2983 4841 3204 4894 fecisset
3246 4839 3418 4893 oﬂici-

1844 4955 1988 5000 nam,
2025 4953 2142 5001 eos,
2173 4937 2266 5006 qui
2305 4938 2497 4991 morbo
2534 4934 2948 5004 premebantur,
2983 4933 3224 5002 hospitio
3270 4933 3420 4988 exci-

1836 5031 2039 5097 piebat,
2073 5042 2127 5083 et
2171 5029 2409 5082 fraterne
2457 5029 2779 5081 tractabat:
2821 5040 2925 5080 nec
2976 5025 3154 5080 solum
3211 5025 3265 5078 in
3320 5040 3418 5079 eos

1837 5121 1983 5174 omni
2016 5122 2276 5176 utebatur
2324 5135 2456 5175 cura
2508 5129 2562 5172 et
2600 5118 2910 5187 diligentia,
2947 5127 3007 5170 ut
3044 5118 3235 5170 volunt
3265 5116 3415 5185 leges

1836 5216 1990 5273 artis,
2033 5214 2126 5267 sed
2180 5224 2234 5266 et
2282 5213 2488 5275 cibum,
2544 5225 2598 5266 et
2655 5212 2835 5265 cubile
2892 5209 2973 5264 eis
3033 5209 3412 5278 impertiebat,

1835 5305 2134 5361 secundum
2168 5303 2372 5358 Christi
2413 5314 2712 5374 praecepta,
2766 5303 2964 5370 partim
3016 5301 3240 5371 quidem
3279 5303 3416 5356 artis

1835 5409 1965 5454 surc,
2013 5392 2204 5461 partim
2251 5409 2382 5447 vero
2424 5393 2623 5446 divinae
2672 5392 2862 5462 gratia:
2901 5387 3168 5445 beneficia
3213 5389 3417 5459 imper-

1842 5486 2000 5538 tiens.
2034 5484 2174 5549 Quid
2226 5486 2415 5539 enim?
2469 5484 2551 5538 An
2611 5485 2745 5538 artis
2797 5498 2936 5553 opus
2988 5492 3075 5537 est
3131 5483 3412 5537 daemones

1841 5573 2131 5639 expellere,
2175 5583 2231 5626 et
2275 5573 2592 5626 morborum
2641 5574 2946 5627 mirabilem
2985 5572 3201 5626 efﬁcere
3252 5586 3412 5626 cura-

1841 5663 2085 5718 tionem?
2127 5663 2256 5730 Qua:
2301 5665 2521 5735 quidem
2547 5667 2596 5720 ei
2629 5667 2829 5729 facere,
2871 5681 2980 5721 non
3025 5663 3208 5717 minus
3242 5678 3408 5733 quam
