4230 6436
756 384 864 445 283

2070 384 2353 445 MENSIS
2391 384 2692 446 JUNIUS.

3896 382 3991 449 284

766 493 924 553 velle,
963 501 1079 545 erat
1114 485 1292 543 iacilc.
1334 479 1411 537 Et
1441 490 1607 543 alteri
1646 492 1865 561 quidem
1910 492 2117 562 aliquid
2163 491 2336 555 aliud,
2371 495 2414 551 Α

2324 532 2336 555 ,
2371 495 2414 551 Α
2441 509 2526 545 τιο
2560 491 2799 561 Σαμψὼν
2833 492 2889 544 δὲ
2922 494 2952 561 ή
2997 490 3266 561 ξενοδοχία
3295 491 3385 543 καὶ
3418 491 3789 561 φιλανθρωπία
3847 494 3936 543 καὶ
3972 496 3994 544 6

773 581 1054 649 Sampsoni
1103 590 1282 634 autem
1327 574 1682 648 hospitalitas
1729 591 1784 638 et
1818 584 2150 654 benignitas,
2183 597 2239 639 et
2283 584 2338 637 in

772 680 994 742 egentes
1030 671 1431 739 misericordia,
1459 684 1575 729 erat
1598 676 1734 732 adeo
1766 679 2004 747 propria,
2040 688 2101 732 ut
2139 694 2333 747 prope-

775 766 996 819 modum
1029 767 1130 836 ipsi
1165 768 1435 821 naturalis
1472 768 1646 833 ﬁeret,
1690 770 1831 825 sicut
1861 771 1961 825 soli
2002 772 2223 841 quidem
2254 780 2338 825 est

774 856 1104 921 illuminare,
1145 860 1253 929 igni
1285 870 1465 916 autem
1512 876 1694 916 urere.
1729 862 1868 917 Hinc
1894 863 2057 918 etiam
2096 864 2338 918 innotuit

772 948 823 1001 ei
854 951 944 1017 qui
980 958 1111 1003 tunc
1146 960 1265 1005 erat
1313 952 1514 1006 Christi
1553 953 1805 1008 Pontifex
1835 970 1849 1006 :
1882 954 2144 1008 bonitatis
2190 954 2337 1007 enim

772 1042 1031 1107 splendor
1089 1051 1145 1095 et
1208 1042 1375 1098 decus
1417 1060 1531 1109 eos,
1592 1046 1686 1113 qui
1736 1061 1856 1098 eam
1908 1052 2186 1109 exercent,
2230 1046 2339 1099 cito

774 1132 1037 1197 propalat.
1094 1136 1144 1187 ls
1203 1144 1384 1188 autem
1430 1146 1550 1190 erat
1600 1137 1785 1190 Menas
1823 1137 1920 1207 (9.),
1974 1138 2177 1191 virtute
2232 1155 2338 1192 non

771 1222 1058 1277 obscurus.
1092 1226 1173 1278 Ab
1210 1227 1307 1279 illo
1340 1228 1632 1280 ordinatur
1663 1228 1945 1292 sacerdos,
1980 1229 2201 1297 triginta
2224 1231 2336 1298 jam

769 1329 942 1366 annos
972 1325 1156 1378 natus,
1191 1326 1245 1369 et
1274 1320 1437 1386 paulo
1462 1320 1603 1387 plus.
1646 1320 1852 1374 Deinde
1887 1330 1942 1373 et
1981 1321 2031 1374 ei
2077 1322 2337 1385 innotuit,

771 1404 864 1469 qui
904 1403 1326 1460 administrabat
1376 1407 1691 1478 imperium.
1733 1408 1790 1462 ld
1823 1420 2005 1462 autem
2046 1425 2113 1463 ex
2155 1425 2222 1464 eo
2249 1426 2341 1464 ae—

772 1493 928 1546 cidit.

846 1585 906 1637 V.
957 1586 1307 1643 Justinianus
1373 1590 1596 1658 quidem
1650 1602 1788 1653 erat.
1852 1594 1947 1663 qui
2010 1595 2339 1663 imperabat,

771 1678 929 1745 cujus
960 1688 1015 1732 et
1058 1681 1273 1749 imperii
1323 1682 1650 1738 diuturnum
1704 1686 1811 1739 fuit
1865 1694 2085 1755 tempus
2138 1689 2239 1757 (3),
2284 1696 2340 1743 et

770 1768 878 1821 vita
927 1769 1180 1826 illustris.
1237 1773 1302 1827 Ei
1349 1770 1577 1830 morbus
1618 1776 1873 1830 incubuit
1920 1778 2078 1831 valde
2134 1780 2336 1847 gravis,

771 1875 895 1912 cum
949 1862 998 1913 ei
1047 1863 1187 1917 male
1240 1863 1435 1918 aﬁ‘ecta
1491 1876 1677 1921 essent
1742 1868 2021 1935 pudenda,
2059 1878 2115 1921 et
2162 1871 2338 1923 vesica

770 1954 920 2022 gravi
962 1952 1236 2010 laboraret
1293 1958 1497 2013 ulcere.
1535 1960 1714 2029 Atque
1761 1961 1853 2016 ille
1898 1962 2120 2030 quidem
2170 1962 2344 2031 patie-

772 2047 952 2110 batur,
981 2059 1036 2102 et
1066 2049 1369 2118 laborabat,
1405 2069 1506 2107 nec
1539 2056 1755 2109 dolores
1802 2056 1946 2111 ferre
1995 2067 2229 2126 poterat.
2280 2059 2342 2115 Ei

771 2149 952 2192 autem
1000 2150 1117 2194 erat
1162 2143 1560 2199 circumfusum
1624 2161 1853 2201 examen
1910 2149 2246 2201 medicorum
2290 2159 2345 2203 et

772 2230 918 2283 circa
947 2247 1093 2295 eum,
1126 2245 1184 2285 ut
1213 2250 1329 2287 mos
1367 2246 1471 2299 est,
1502 2238 1729 2290 aderant
1776 2254 1971 2308 magno
2012 2241 2195 2294 studio
2230 2240 2349 2294 dis-

775 2332 1031 2389 putantes
1080 2340 1093 2375 :
1133 2325 1226 2393 qui
1284 2324 1352 2378 ad
1391 2329 1825 2396 promittendum
1877 2332 2137 2400 quidem,
2185 2342 2240 2386 et
2277 2332 2345 2386 ad

774 2412 916 2467 bona
952 2431 1047 2483 spe
1089 2417 1428 2485 implendum
1473 2429 1604 2473 sunt
1641 2421 1803 2474 valde
1846 2423 2106 2490 prompti,
2151 2432 2211 2476 ut
2252 2422 2346 2491 qui

774 2517 829 2563 et
854 2508 972 2575 ejus
1002 2523 1240 2573 manum,
1271 2513 1363 2578 qui
1399 2512 1632 2577 laborat,
1684 2512 1812 2566 hinc
1849 2514 2099 2577 inritent,
2145 2527 2199 2570 et
2233 2516 2346 2570 eiii.

778 2600 949 2663 ciant,
978 2609 1036 2653 ut
1068 2601 1138 2655 sit
1185 2601 1252 2655 ad
1293 2602 1538 2657 dandum
1570 2604 1805 2659 alacrior
1840 2624 1851 2659 :
1888 2618 1947 2659 ut
1992 2618 2175 2661 autem
2220 2623 2348 2676 pro-

779 2692 945 2746 missa
991 2692 1272 2747 deducant
1313 2695 1379 2748 ad
1428 2695 1709 2759 effectum,
1756 2708 1811 2751 et
1841 2698 2181 2752 laborantem
2215 2699 2350 2752 libe-

781 2793 902 2837 rent
940 2786 1007 2839 ab
1036 2801 1102 2839 eo
1138 2788 1283 2855 quod
1315 2802 1442 2841 cum
1472 2788 1610 2841 male
1637 2789 1825 2853 habet,
1856 2806 1964 2843 non
1994 2790 2169 2843 solum
2193 2790 2347 2844 brevi

783 2893 890 2932 non
947 2890 1177 2947 possunt
1222 2880 1469 2945 edicere,
1505 2880 1602 2935 sed
1650 2896 1829 2950 neque
1890 2882 2051 2953 longa
2095 2900 2246 2937 mora
2292 2894 2350 2938 et

780 2967 1063 3030 dilatione,
1110 2986 1290 3040 neque
1325 2973 1473 3041 longi
1522 2975 1785 3042 temporis
1826 2984 2042 3030 utentes
2091 2977 2297 3030 auxilio
2334 2996 2347 3031 :

782 3057 874 3109 sed
905 3058 1077 3125 parati
1103 3060 1330 3127 quidem
1368 3070 1501 3116 sunt
1528 3077 1719 3116 eorum
1742 3063 1839 3131 qui
1868 3064 2143 3128 laborant,
2190 3082 2351 3119 accu-

2441 588 2567 656 περ)⁵
2621 586 2744 648 τοὺς
2784 584 2979 645 ἐνδεεῖς
3014 578 3193 644 οἶκτος
3228 583 3288 635 τὸ
3321 582 3630 641 ίδιαίτατον,
3672 582 3748 641 ὠς
3802 582 3991 650 μικροῦ

2439 680 2534 732 καὶ
2562 681 2639 741 εἰς
2669 678 2882 746 φύσεως
2905 676 3221 729 ἀποϐαίνειν
3260 676 3683 743 ἀναγκαιότητα,
3718 670 3829 725 οἷον
3863 674 3994 743 ἡλίῳ

2442 772 2538 841 μὲν
2583 772 2643 822 τὸ
2687 771 2961 839 φωτίζειν,
2997 769 3127 837 πυρὶ
3159 768 3213 820 δὲ
3251 768 3310 820 τὸ
3343 768 3544 820 καίειν.
3598 764 3878 818 Ἐντεῦθεν
3910 767 3999 817 καί

2437 866 2515 935 τῷ
2545 865 2845 935 τηνικαῦτα
2889 868 3141 934 ἀρχιερεῖ
3186 865 3277 917 τοῦ
3319 864 3554 932 Χριστοῦ
3595 864 3751 931 δῆλος
3791 862 3997 929 γίνεται

2443 958 2630 1025 (ἀρετὴ
2667 956 2771 1024 γὰρ
2820 959 3070 1024 πρᾶγμα.
3111 956 3199 1008 ἴσα
3260 955 3398 1021 φωτὶ
3457 956 3690 1021 λάμπον,
3732 952 3856 1004 ὅθεν
3915 954 4002 1001 καὶ

2440 1047 2573 1114 ταχὺ
2634 1045 2753 1096 λίαν
2806 1045 3171 1113 ἀνακηρύττει
3238 1046 3360 1105 τοὺς
3423 1042 3746 1109 μετιόντας).
3811 1039 4001 1104 Μῆνας

2438 1132 2589 1197 οὗτος
2636 1132 2703 1205 ἦν
2770 1138 2796 1187 6
2842 1136 2939 1204 τὴν
2996 1135 3193 1205 ἀρετὴν
3251 1136 3349 1186 οῦκ
3383 1134 3596 1202 ἄδηλος,
3650 1134 3738 1183 καὶ
3794 1131 4001 1197 ἱερεύς·

2440 1232 2529 1284 ὑπ’
2578 1231 2783 1281 ἐκείνου
2844 1230 3227 1297 χειροτονεῖται
3283 1226 3575 1295 τριάκοντα
3626 1225 3725 1293 ἤδη
3764 1222 4004 1289 γεγονὼς

2441 1325 2559 1391 ἔτη,
2619 1326 2711 1375 καὶ
2770 1324 2963 1392 μικρόν
3019 1341 3069 1374 τι
3119 1323 3276 1391 πρός.
3319 1318 3447 1372 Εἶτα
3499 1319 3589 1370 καὶ
3621 1317 3696 1383 τῷ
3727 1316 3827 1381 τὴν
3862 1314 4007 1381 βασι-

2440 1418 2589 1468 λείαν
2648 1417 2884 1468 διέποντι
2940 1416 3167 1483 φανερὸς
3221 1413 3470 1479 γίνεται·
3528 1410 3655 1475 παρ’
3715 1409 3899 1460 αἰτίαν
3956 1405 4005 1454 δὲ

2441 1510 2717 1575 τοιαύτην.

2510 1599 2587 1654 E'.
2624 1599 2995 1661 ’1ουστινιανὸς
3031 1598 3129 1666 μὲν
3185 1591 3251 1666 ἦν
3287 1598 3313 1647 6
3350 1595 3590 1663 κρατῶν,
3633 1588 3695 1644 οὗ
3724 1592 3819 1642 καὶ
3854 1593 3879 1641 ὁ
3913 1590 4007 1655 τῆς

2439 1700 2612 1768 ἀρχῆς
2634 1698 2821 1765 χρόνος
2844 1695 3030 1758 πολὺς,
3066 1694 3159 1744 καὶ
3189 1694 3214 1743 6
3248 1691 3361 1761 βίος
3387 1690 3675 1755 ἐπιφανής.
3704 1684 3894 1749 Τούτῳ
3925 1684 4005 1733 νό-

2443 1807 2531 1850 σος
2554 1791 2845 1856 ἐνσκήπτει
2878 1788 3021 1856 μάλα
3050 1786 3242 1853 βαρεῖα
3288 1782 3393 1834 τῶν
3421 1778 3631 1833 αἰδοίων
3654 1777 3804 1843 αὐτῷ
3839 1792 4006 1843 πονη-

2446 1882 2552 1949 ρῶς
2576 1882 2829 1949 ἑχόντων,
2866 1880 2960 1930 καὶ
2996 1878 3092 1943 τῆς
3131 1876 3367 1935 κύστεως
3402 1874 3547 1925 ἔλκει
3580 1870 3802 1940 χαλεπῷ
3837 1886 4010 1920 κακω-

2443 1973 2647 2042 θείσης.
2689 1974 2746 2023 '0
2799 1972 2895 2040 μὲν
2928 1966 3021 2021 οὖν
3064 1968 3267 2037 ἔπασχέ
3304 1984 3360 2018 τε
3395 1966 3485 2017 καὶ
3524 1966 3726 2031 ἔκαμνε
3776 1965 3871 2015 καὶ
3916 1962 4011 2019 τὰς

2442 2066 2631 2127 ὀδύνας
2656 2065 2866 2134 φέρειν,
2898 2064 2956 2114 οὐ
2984 2062 3206 2123 δυνατὸς
3236 2054 3327 2130 ἦν·
3362 2057 3561 2127 ἰατρῶν
3591 2056 3646 2107 δὲ
3673 2058 3878 2120 σμῆνος
3914 2054 4013 2103 αύ-

2442 2157 2518 2226 τῷ
2536 2156 2889 2225 περιεκέχυτο
2908 2157 2996 2206 καὶ
3013 2154 3141 2224 περὶ
3156 2151 3335 2210 αὑτὸν,
3359 2149 3545 2217 ὥσπερ
3567 2146 3705 2208 ἔθος,
3735 2144 4012 2195 σπουδαιο-

2444 2249 2760 2315 λογούμενοι
2786 2246 3059 2314 παρῆσαν,
3098 2246 3148 2296 οἵ
3177 2239 3599 2309 ἐπαγγείλασθαι
3634 2237 3735 2305 μὲν
3766 2236 3859 2288 καὶ
3888 2237 4014 2300 ἁγα-

2447 2342 2554 2396 θῶν
2586 2342 2816 2394 ἐλπίδων
2844 2338 3128 2409 πληρῶσαι
3156 2335 3352 2404 κομιδὴ
3374 2335 3674 2401 πρόχειροι,
3705 2332 3799 2383 ἀτε
3824 2329 3888 2392 δὴ
3924 2329 4014 2379 καὶ

2444 2435 2542 2503 τὴν
2580 2437 2738 2503 χεῖρα
2766 2432 2857 2485 τοῦ
2884 2432 3180 2498 κάμνοντος
3205 2424 3453 2480 ἐντεῦθεν
3487 2420 3891 2481 ὑποκινοῦντες,
3922 2422 4015 2471 καὶ

2448 2525 2866 2596 προθυμοτέραν
2906 2524 2982 2585 εἰς
3008 2521 3277 2581 ἐπιδόσεις
3307 2513 3445 2571 εἶναι
3480 2513 4015 2583 παρασκευάζοντες·

2447 2620 2525 2682 εἰς
2558 2618 2717 2686 ἔργον
2745 2615 2881 2667 δὲτὸ
2914 2612 3249 2679 ὲπαγγελθὲν
3271 2610 3518 2676 ἀγαγεῖν,
3547 2605 3640 2658 καὶ
3663 2603 3757 2657 τοῦ
3790 2602 4017 2653 λυποῦν-

2449 2729 2536 2773 τος
2568 2710 2872 2774 ἀπαλλάξαι
2892 2706 2985 2759 τὸν
3046 2703 3385 2773 πιεζόμενον,
3414 2702 3475 2752 οὐ
3509 2700 3664 2769 μόνον
3692 2700 3795 2749 οῦκ
3826 2700 3881 2747 ὲν
3911 2695 4016 2746 ὀλί-

2450 2819 2530 2871 γῳ
2575 2802 2788 2854 δυνατοὶ
2835 2800 3029 2862 ποιεῖν,
3079 2794 3194 2848 ἀλλ’
3228 2794 3350 2848 οὐδὲ
3395 2792 3557 2861 τριϐῇ
3606 2788 3700 2841 καὶ
3761 2786 4015 2856 μελλήσει

2451 2896 2730 2956 πολλάκις,
2763 2892 2882 2945 οὐδὲ
2921 2893 3011 2943 τὸν
3054 2891 3262 2959 μακρὸν
3306 2887 3494 2957 χρόνον
3530 2884 3900 2953 λαμϐάνοντες
3940 2880 4015 2939 είς

2456 2987 2745 3056 βοήθειαψ
2803 2983 2916 3037 ἀλλ’
2978 2983 3188 3051 ἕτοιμοι
3254 2980 3452 3049 μᾶλλον
3520 2979 3644 3036 τοὺς
3710 2970 4017 3041 πάσχοντας

2454 3076 2732 3131 αἰτιᾶσθαι
2759 3078 2855 3145 τῆς
2892 3072 3241 3143 βραδύτητος,
3268 3068 3299 3139 ἢ
3331 3069 3426 3121 καὶ
3457 3068 3550 3129 τάς
3586 3064 3713 3133 πρὸς
3747 3064 3802 3114 τὸ
3841 3063 4018 3129 χεῖρον

781 3164 903 3203 εςινυ
938 3150 1281 3217 tarditatem,
1323 3158 1421 3211 aut
1459 3155 1628 3209 etiam
1671 3157 1737 3211 ad
1770 3158 1844 3223 id,
1893 3164 2038 3228 quod
2083 3170 2165 3214 est
2201 3160 2353 3216 dete-
2379 3197 2424 3259 Ο

2351 3196 2424 3259 Ὀ
2459 3169 2863 3239 συμόαινούσας
2900 3167 3272 3236 περιπετείας,
3307 3163 3435 3215 ὡσεὶ
3469 3162 3542 3230 μὴ
3571 3164 3679 3221 τοῖς
3710 3154 4021 3221 παραγγέλ-

781 3242 919 3305 rius,
963 3245 1393 3310 proclivitatem,
1431 3258 1488 3300 ut
1534 3248 1628 3317 qui
1671 3249 1756 3305 vel
1802 3253 2089 3320 praeceptis
2119 3270 2229 3307 non
2259 3270 2351 3308 ac-

783 3332 1091 3401 quiescant,
1139 3338 1225 3390 vel
1272 3339 1396 3392 cibo
1438 3349 1493 3393 et
1530 3349 1661 3409 potu
1707 3358 1816 3396 non
1847 3358 1933 3404 ea,
1979 3361 2086 3413 qua
2122 3362 2218 3414 par
2244 3356 2349 3424 est,

781 3435 1036 3480 ςιιυιιοιιθ
1099 3438 1361 3483 utantur:
1411 3446 1470 3484 se
1528 3445 1731 3497 autem,
1767 3446 1824 3487 et
1869 3450 1952 3496 ea,
1984 3451 2103 3502 quae
2150 3441 2214 3489 ad
2258 3454 2355 3489 Cll‘

784 3516 1018 3569 randum
1077 3520 1362 3586 adhibent,
1418 3524 1819 3577 medicamenta
1886 3527 2111 3581 minime
2170 3544 2356 3598 repre-

783 3607 1054 3663 hendunt.
1110 3609 1251 3675 Quid
1308 3629 1437 3682 ergo
1487 3616 1828 3684 imperator?
1877 3620 2170 3689 PUSLquam
2218 3622 2357 3675 vidit

784 3714 881 3752 eos
925 3702 1092 3753 multa
1134 3701 1356 3770 quidem
1403 3704 1608 3771 dicere,
1641 3716 1697 3760 et
1747 3723 1939 3777 magna
1985 3710 2150 3762 verba
2186 3711 2356 3778 loqui,

786 3789 922 3842 nihil
973 3801 1155 3845 autem
1206 3794 1460 3849 conferre
1523 3796 1591 3849 ad
1638 3798 2002 3863 curationem,
2058 3799 2170 3854 imo
2226 3816 2358 3856 vero

785 3880 1005 3943 laedere,
1039 3892 1094 3935 et
1119 3884 1355 3951 majores
1379 3884 1599 3939 dolores
1629 3884 1863 3952 aiferre,
1903 3888 2020 3955 ipse
2053 3892 2360 3958 agitabatur

786 3970 1009 4039 quidem
1044 3972 1347 4040 doloribus,
1382 3974 1530 4031 ferre
1576 3992 1709 4033 vero
1748 3996 1859 4033 non
1894 3991 2131 4049 poterat.
2180 3984 2361 4053 Atque

787 4078 979 4116 omnes
1035 4065 1257 4133 quidem
1302 4068 1548 4121 medicos
1590 4084 1657 4122 ex
1696 4085 1851 4137 aeque
1876 4077 2270 4141 coudemnans,
2304 4084 2363 4130 ut

787 4156 1030 4220 inutiles,
1078 4156 1132 4210 in
1185 4158 1381 4212 malam
1437 4175 1551 4214 rem
1596 4160 1752 4218 abire
1795 4162 2011 4234 jussit:
2067 4166 2135 4219 ad
2191 4167 2361 4223 Deum

790 4259 971 4301 aut-em
1015 4249 1282 4319 confugit,
1329 4260 1386 4305 et
1427 4253 1477 4305 ei
1533 4269 1729 4322 magno
1785 4257 1965 4311 studio
1994 4258 2259 4324 adhaeret.
2307 4268 2363 4315 et

791 4339 941 4393 illinc
975 4341 1171 4407 quaerit
1210 4342 1493 4395 auxilium.
1526 4342 1932 4413 Nonnunquam
1972 4350 2117 4400 enim
2152 4360 2364 4418 egestas

791 4432 970 4495 docet,
1002 4432 1133 4501 quid
1168 4432 1328 4487 nobis
1356 4436 1427 4488 sit
1470 4436 1633 4502 utile;
1663 4446 1720 4490 et
1745 4437 1932 4503 eiIicit,
1976 4448 2036 4493 ut
2068 4440 2361 4507 discamus,

2460 3278 2622 3332 μασιν
2660 3262 2925 3318 εἴκοντας,
2956 3259 2989 3327 ἢ
3032 3257 3159 3325 περὶ⁹
3200 3256 3297 3315 τὰς
3333 3252 3559 3321 βρώσεις
3594 3252 3624 3317 ἢ
3668 3251 3857 3306 πόσεις
3889 3249 4022 3313 ἀφυ-

2454 3356 2669 3417 λάκτως
2723 3352 2943 3422 ἔχοντας
2967 3364 2981 3377 ·
3020 3349 3230 3409 ἑαυτοῖς
3263 3346 3318 3398 δὲ
3365 3344 3461 3397 καὶ
3492 3337 3571 3405 οἷς
3602 3342 3898 3408 κέχρηνται
3945 3340 4023 3398 εἰς

2458 3447 2752 3517 θεραπείαν
2812 3443 3143 3511 φαρμάκοις,
3203 3438 3407 3509 μέμψιν
3457 3438 3505 3489 οἱ
3549 3435 3811 3504 βέλτιστοι
3866 3448 4027 3499 προσ-

2459 3539 2721 3591 άπτουσιν
2779 3532 3057 3602 οὐδεμίαν.
3094 3532 3157 3582 Τί
3194 3528 3284 3581 οὖν
3330 3529 3357 3579 6
3392 3524 3676 3595 βασι.εύς;
3724 3524 3815 3575 ἐπὶ
3856 3522 4025 3575 πολλὰ

2462 3627 2562 3696 μὲν
2592 3626 2787 3685 αὐτοὺς
2810 3622 3065 3691 λέγοντας
3095 3620 3239 3689 ἐώρα
3271 3619 3366 3670 καὶ
3387 3612 4025 3685 μεγαλορῤημονοῦντας,

2459 3716 2610 3767 οὐδὲν
2644 3714 2700 3765 δὲ
2728 3712 2863 3780 πρὸς
2894 3708 3189 3778 θεραπείαν
3227 3706 3511 3764 ἀνύοντας,
3549 3703 3629 3753 ὅτι
3766 3699 3858 3751 καὶ
3901 3699 4029 3766 βλά-

2460 3822 2693 3868 πτοντας
2724 3804 2817 3857 καὶ
2850 3802 3074 3857 ἀκεσίαν
3103 3802 3348 3859 ἅπαντας
3380 3793 3887 3863 ἀποδεικνυμένους,
3925 3793 4027 3844 αύ-

2460 3899 2549 3961 τός
2576 3914 2635 3949 τε
2665 3894 2881 3957 ὀδύναις
2904 3891 3159 3945 ὲόάλλετο
3196 3890 3314 3959 μὲν,
3351 3889 3535 3957 φέρειν
3556 3884 3612 3936 δὲ
3651 3884 3750 3935 οὐκ
3775 3882 4030 3949 ἠδύνατο-

2466 3988 2666 4058 ἰατρῶν
2695 3986 2795 4056 μὲν
2832 3986 2917 4036 ἔπ’
2957 3986 3080 4049 ῐσης
3133 3982 3351 4033 πάντων
3386 3978 3447 4029 τὸ
3482 3976 3828 4041 ἀνωφέλητον
3864 3988 4034 4023 κατα-

2462 4080 2645 4149 γνοὺς,
2667 4075 2925 4147 οἰμώζειν
2952 4074 3155 4142 ἔφασκε
3175 4088 3192 4102 ο
3223 4068 3554 4141 προσφεύγει
3578 4066 3633 4118 δὲ
3668 4064 3867 4135 μᾶλλον
3890 4062 4031 4132 Θεῷ,

2463 4173 2557 4227 καὶ
2595 4170 2760 4224 αὑτοῦ
2791 4169 2911 4222 λίαν
2940 4164 3191 4235 ἐμμελῶς
3220 4164 3554 4231 περιέχεται,
3578 4159 3672 4211 καὶ
3697 4157 3794 4225 τὴν
3822 4154 4035 4207 ἐκεῖθεν

2464 4265 2621 4331 ζητεῖ
2654 4262 2926 4332 βοήθειαν.
2972 4260 3129 4309 Ἐστι
3152 4261 3261 4324 γὰρ
3308 4256 3397 4307 ὅτε
3438 4253 3504 4323 δὴ
3536 4251 3631 4304 καὶ
3657 4252 3689 4320 ή
3716 4249 3917 4318 ἀπορία
3956 4248 4039 4299 δι-

2463 4355 2730 4418 δάσκαλος
2760 4355 2895 4423 ἡμῖν
2924 4349 3017 4403 τοῦ
3044 4346 3447 4409 λυσιτελοῦντος
3474 4345 3703 4413 γίνεται,
3736 4342 3831 4393 καὶ
3850 4341 3975 4392 ὅθεν
4008 4342 4039 4407 ἡ

2466 4448 2699 4520 ἀψευδὴς
2747 4448 2871 4516 ἥκει
2930 4444 3169 4515 βοήθεια,
3232 4440 3523 4511 μανθάνειν
3577 4437 3747 4489 ποιεῖ.
3774 4458 3790 4483 ξι
3836 4433 3897 4485 Ἦ
3929 4433 4039 4505 γάρ

794 4526 1064 4577 undenam
1098 4541 1287 4579 verum
1318 4528 1499 4581 veniat
1524 4528 1788 4583 auxilium
1816 4547 1828 4583 :
1856 4555 1872 4580 ι(
1906 4532 2182 4585 Auxilium
2220 4533 2365 4586 enim
2400 4532 2445 4591 υ

1857 4555 1872 4580 ι(
1906 4532 2182 4585 Auxilium
2220 4533 2365 4586 enim
2400 4532 2445 4591 D
2473 4542 2693 4615 βοήθειά
2721 4556 2844 4612 μου,
2872 4538 3026 4607 φησὶ,
3056 4534 3202 4606 παρὰ
3234 4531 3460 4602 Κυρίου.
3509 4552 3527 4578 η

794 4631 997 4673 meum,
1043 4616 1237 4685 inquit,
1270 4634 1301 4671 a
1328 4618 1560 4673 Domino
1588 4622 1631 4674 ³.
1673 4640 1691 4669 υ

865 4707 949 4759 Vl.
988 4706 1122 4760 Cum
1152 4708 1334 4776 itaque
1368 4712 1723 4767 vehementer
1758 4714 2027 4781 petiissct.
2078 4732 2185 4770 non
2214 4715 2368 4770 tarde

797 4800 1175 4866 consequitur,
1237 4800 1332 4854 sed
1377 4801 1428 4855 ei
1468 4802 1521 4855 in
1572 4806 1779 4857 somnis
1827 4806 2134 4861 ostenditur
2180 4808 2366 4862 multi-

800 4891 933 4944 tudo
964 4891 1323 4956 medicorum,
1356 4895 1449 4961 qui
1484 4895 1676 4950 ordine
1708 4898 1929 4966 quidem
1961 4899 2232 4962 astabant,
2270 4900 2368 4955 ho-

802 4992 953 5035 nesta
1007 5000 1165 5048 vero,
1218 4992 1273 5037 et
1342 5001 1463 5054 quae
1524 4990 1904 5043 sacerdotibus
1966 4994 2370 5057 conveniebat,

800 5085 957 5127 erant
1016 5084 1164 5129 veste
1220 5077 1417 5131 induti.
1463 5079 1607 5134 Vidit
1650 5090 1831 5134 autem
1872 5084 2161 5149 quemdam
2213 5098 2373 5138 acce-

802 5166 1021 5219 dentem
1062 5169 1401 5233 eunuchum,
1433 5184 1498 5224 ex
1531 5185 1665 5224 auro
1698 5173 1919 5240 quidem
1950 5186 2201 5228 contexta
2227 5187 2375 5232 veste

804 5260 1076 5324 indutum,
1111 5262 1411 5332 Prteposito
1438 5280 1567 5318 vero
1597 5268 1797 5321 amictu
1831 5267 2083 5331 similem,
2108 5266 2200 5335 qui
2228 5267 2376 5321 visus

802 5365 889 5410 cst
913 5355 1205 5409 ostendere
1243 5373 1409 5411 unum
1434 5372 1766 5428 quemquam
1798 5375 1863 5413 ex
1893 5359 2138 5425 medicis,
2171 5374 2280 5427 quo
2304 5360 2376 5412 sit

887 5480 903 5506 ³
929 5479 1073 5535 Psul.
1092 5495 1211 5541 cxx,
1245 5479 1295 5529 '2.

880 5642 951 5698 (ἑ)
985 5640 1027 5691 Α
1059 5639 1369 5692 Patriarcba
1415 5638 1568 5709 Mena
1599 5653 1708 5692 non
1750 5641 1991 5709 potuisse
2023 5640 2377 5707 Sampsoncm

808 5710 1425 5833 ordiiiariigsacerdotcm
1455 5710 1661 5765 dictum
1687 5722 1769 5765 est
1798 5713 1850 5765 in
1905 5711 2209 5766 Comment.
2242 5726 2381 5779 pra:-

813 5800 897 5833 YlO
932 5800 979 5833 η.
1105 5824 1115 5833 .

813 5800 897 5837 ΥΙΟ
932 5800 979 5834 n.
1032 5800 1115 5833 ID.

2546 4715 2636 4783 (τ’.
2663 4714 2891 4784 Θερμῶς
2927 4709 3217 4783 τοιγαροῦν
3259 4708 3513 4776 αἰτήσας,
3549 4705 3608 4756 οὺ
3655 4702 3890 4772 βραδέως
3924 4703 4045 4753 ἐπι-

2473 4808 2752 4877 τυγχάνει,
2796 4804 2934 4858 ἀλλά
2981 4802 3100 4857 κατ’
3139 4800 3271 4872 ὄναρ
3320 4798 3467 4868 αῦτῷ
3518 4796 3790 4850 δείκνυται
3839 4796 4046 4863 ἰατρῶν

2475 4901 2676 4971 πλῆθος
2723 4900 2969 4970 στιχηδὸν
3004 4898 3424 4967 παριστάμενοι,
3454 4895 3552 4961 τὴν
3592 4895 3691 4958 μέν
3724 4907 3803 4942 τοι
3850 4889 4047 4956 στολὴν

2474 4994 2815 5064 ἱεροπρεπῶς
2876 4990 3252 5059 περικείμενοι
3283 5002 3296 5015 °
3358 4984 3615 5051 εὐνοῦχον
3664 4983 3719 5035 δέ
3752 4998 3868 5033 τινα
3895 4996 4047 5050 παρ-

2472 5087 2694 5138 ελθόντα
2716 5084 2883 5150 ἑώρα,
2916 5084 3196 5151 χρυσουφῇ
3232 5080 3330 5147 μὲν
3356 5073 3839 5145 περιὸεσλημένον,
3865 5070 4047 5138 Πραι-

2482 5178 2688 5244 ποσιτῳ
2717 5177 2772 5227 δὲ
2811 5172 2909 5243 τὴν
2931 5172 3198 5240 ἀναϐολὴν
3222 5168 3430 5239 ὅμοιον,
3456 5167 3513 5229 ὃς
3543 5166 3636 5217 καὶ
3671 5163 4049 5216 ὑποδεικνύειν

2482 5268 2631 5335 αύτῷ
2662 5265 2821 5337 ἐῴκει
2859 5265 2963 5317 τῶν
2998 5262 3195 5331 ἰατρῶν
3240 5262 3491 5324 ἕκαστον,
3524 5258 3669 5318 ὅπως
3714 5256 3824 5323 ἔχει
3876 5271 4050 5323 προπ-

2483 5359 2633 5410 ώπου
2674 5359 2767 5409 καὶ
2802 5355 3016 5425 ἡλικίας
3068 5354 3159 5405 καὶ
3190 5351 3640 5421 παραστήματος,
3690 5346 3772 5413 ἐφ’
3812 5338 3891 5404 οἷς
3957 5343 4049 5395 ἕνα

2560 5637 2634 5705 (3)
2667 5633 2927 5758 Reggavit
2956 5629 3298 5687 Justinianus
3330 5624 3553 5696 Magnus
3586 5622 3652 5675 ab
3677 5637 3820 5674 anno
3845 5616 4056 5673 Christi

2562 5711 2589 5758 7
2613 5708 2675 5758 ad
2713 5708 2778 5758 46
2823 5745 2834 5756 .

2489 5708 2589 5762 527
2613 5708 2675 5761 ad
2713 5708 2834 5759 465.
