4230 6436
240 394 350 457 285

1479 396 1656 457 νιΤΑ
1696 398 1759 460 S.
1802 398 2242 459 SAMPSONIS.

3395 405 3503 466 286

240 507 377 560 εντα
412 506 475 558 τὸ
509 507 805 577 πρόσχημα
847 508 1127 572 ταπεινὸν,
1162 507 1260 577 τὴν
1298 506 1491 559 πολιὰν
1551 508 1823 579 εὐπρεπῆ.
1854 519 1903 575 Α

1854 519 1903 575 Α
1934 509 2108 571 vultu,
2147 519 2307 563 aetate
2336 518 2391 562 et
2426 508 2650 575 habitu;
2682 508 2825 563 inter
2860 524 2996 578 quos
3026 525 3215 572 unum,
3257 512 3349 578 qui
3385 517 3502 564 erat

238 600 342 669 τὴν
374 598 587 651 ἔνδυσιν
614 600 867 665 εὐσταλῆ,
894 600 1155 670 γνωρίσαι
1180 617 1238 651 τε
1269 599 1457 652 τοῦτον
1486 592 1563 670 τῷ
1612 600 1821 670 βασιλεῖ

240 691 652 759 ἐμμελέστερον
698 690 794 744 καὶ
831 686 940 753 οἷός
981 694 1096 744 ἐστι
1139 692 1358 744 πάντων
1398 693 1818 761 παρασκευάσαι

239 782 606 849 καταμαθεῖν,
642 784 732 834 καὶ
762 783 837 843 ὠς
862 783 1020 844 αὐτὸς
1053 783 1232 852 μόνος,
1263 783 1323 834 οὐ
1358 784 1457 852 μέν
1478 800 1560 836 τοι
1587 784 1695 837 τῶν
1726 785 1819 858 άλ-

238 875 350 927 λων
382 876 579 939 οὐδεὶς,
613 877 804 943 φάναι,
835 875 1057 936 δυνατός
1115 893 1196 928 σοι
1242 875 1427 929 δοῦναι
1473 877 1568 931 τοῦ
1612 877 1817 932 πάθους

237 966 583 1034 ἀπαλλαγήν.
629 967 779 1020 Ἐπεὶ
805 962 896 1019 οὖν
920 968 1013 1019 καὶ
1054 966 1224 1021 ὕπνου
1262 968 1448 1037 ἀνείθη
1477 971 1505 1021 6
1533 969 1812 1037 βασιλεὺς,

245 1059 429 1129 ἀληθῆ
460 1061 645 1124 κρίνας
677 1060 765 1110 τὸν
788 1057 996 1128 ὖνειρον
1024 1062 1219 1130 (ἐποίει
1256 1062 1363 1131 γάρ
1406 1063 1684 1115 πιστεύειν
1719 1066 1816 1115 καὶ

236 1150 415 1203 ταῦτα
446 1152 805 1220 οἰκονομήσας
829 1152 956 1204 ἰδεῖν
984 1152 1075 1203 καὶ
1101 1152 1308 1219 μέλλων
1336 1152 1394 1216 ἐξ
1417 1152 1575 1224 ἔργου
1606 1154 1671 1207 τά
1695 1156 1816 1225 ὀρα-

238 1244 403 1295 θέντα
433 1241 854 1310 πιστώσασθαι),
890 1245 1066 1313 χαράς
1105 1244 1202 1310 μὲν
1250 1244 1589 1314 πληροῦταιο
1647 1262 1814 1314 μετα-

239 1334 490 1385 καλεῖται
520 1334 575 1385 δὲ
608 1336 733 1396 τοὺς
760 1336 980 1401 ἰατροὺς
1011 1335 1230 1399 εὐθέως.
1264 1337 1373 1388 Καὶ
1400 1337 1449 1388 oi
1483 1337 1583 1406 μὲν
1616 1337 1812 1406 συνῆλ-

238 1427 333 1478 θον
386 1430 478 1479 καὶ
513 1429 591 1490 είς
636 1428 757 1496 ὄψιν
804 1428 955 1499 αὑτῷ
997 1430 1346 1499 παρέστησαν
1390 1429 1628 1494 ἅπαντες
1654 1446 1667 1462 ⁸
1707 1434 1733 1483 6
1769 1432 1813 1484 δ’

234 1518 398 1588 ἐπῄει
428 1520 658 1571 ἕκαστον
692 1520 1154 1589 φιλοπραγμονῶν
1206 1522 1469 1590 ἐσχάτως,
1511 1521 1603 1573 καὶ
1648 1523 1814 1590 βασα-

238 1614 405 1675 νίζων
437 1613 536 1681 οὐχ
558 1608 741 1683 ἦττον,
774 1614 805 1682 ἢ
838 1614 929 1666 τὸν
962 1614 1214 1683 χρύσὸνή
1248 1614 1415 1666 Λυδία
1439 1613 1605 1678 λίθος,
1640 1616 1812 1683 πρόσ-

234 1704 391 1755 ωπόν
443 1720 502 1755 τε
535 1706 630 1757 καὶ
667 1704 853 1774 σχῆμα
902 1703 998 1756 καὶ
1033 1704 1250 1773 ἡλικίαν
1297 1704 1438 1757 κατά
1485 1706 1553 1759 τὰ
1600 1706 1815 1759 ύποδει⁴

236 1793 440 1862 χθέντα
493 1794 800 1864 παράσημα
854 1794 942 1847 διὰ
993 1796 1100 1848 τῶν
1141 1796 1386 1866 ὀνείρων.
1434 1798 1519 1860 Ὠς
1563 1797 1620 1849 δὲ
1664 1798 1814 1851 οὐδὲν

1921 604 2104 671 specie
2150 604 2396 663 humilis,
2451 603 2602 656 canis
2656 602 2912 667 decorus,
2960 603 3158 655 vestitu
3232 603 3503 657 honestus

1920 703 1975 747 et
2012 694 2370 762 compositus,
2408 694 2728 762 diligentius
2763 708 2982 756 curare,
3042 705 3101 747 ut
3147 704 3307 748 notus
3353 706 3500 747 esset

1920 784 2274 853 imperatori;
2330 793 2385 838 et
2430 785 2668 850 efficere,
2720 796 2779 839 ut
2823 786 2990 841 sciret
3030 787 3209 853 qualis
3250 796 3393 839 esset
3439 787 3496 838 in

1917 879 2195 941 omnibus,
2225 888 2280 932 et
2308 878 2508 932 dixisse
2547 895 2560 931 :
2604 879 2702 931 llic
2731 878 2901 941 solus,
2946 888 3001 932 et
3034 880 3218 931 nullus
3253 894 3320 931 ex
3347 878 3497 941 aliis,

1919 966 2015 1021 tibi
2069 976 2250 1035 potest
2296 967 2451 1031 dare,
2492 976 2609 1021 uta
2646 979 2823 1022 morte
2874 968 3151 1022 libereris.
3202 970 3497 1035 Pomquam

1916 1068 2101 1111 autem
2146 1073 2176 1111 a
2225 1072 2418 1113 somno
2463 1059 2568 1111 fuit
2615 1060 2886 1113 excitatus
2932 1060 3251 1127 imperator,
3300 1074 3493 1113 verum

1910 1149 2167 1219 judicans
2212 1165 2333 1205 esse
2365 1154 2639 1205 somnium
2674 1153 2756 1221 (ut
2789 1152 3042 1207 crederet
3082 1153 3253 1216 enim,
3294 1151 3495 1205 effece-

1916 1251 2000 1295 rat
2032 1242 2076 1295 is
2105 1244 2197 1312 qui
2231 1244 2546 1313 providerat
2570 1254 2629 1297 ιιι
2668 1245 2901 1310 videret,
2940 1256 2997 1299 et
3047 1260 3168 1315 quae
3203 1246 3317 1298 visa
3373 1245 3494 1297 fue—

1917 1341 2059 1397 rant,
2097 1345 2217 1385 erat
2246 1347 2305 1386 re
2332 1332 2449 1401 ipsa
2488 1334 2960 1403 conﬁrmaturus),
2993 1334 3254 1402 impletur
3275 1333 3494 1401 quidem

1915 1424 2157 1492 gaudio:
2218 1425 2452 1477 accersit
2529 1433 2708 1479 autem
2759 1427 2939 1479 statim
2983 1425 3247 1479 medicos.
3301 1426 3368 1477 Et
3417 1425 3495 1478 illi

1916 1514 2135 1581 quidem
2170 1525 2571 1578 convenerunt,
2605 1526 2662 1570 et
2695 1532 2753 1571 se
2787 1518 2837 1570 ei
2884 1533 3077 1571 omnes
3105 1532 3289 1571 coram
3327 1518 3486 1570 stite-

1915 1612 2062 1657 runt.
2098 1604 2197 1658 llic
2242 1621 2373 1660 vero
2404 1622 2856 1676 unumquemque
2908 1609 3218 1672 lustrabat,
3260 1609 3495 1677 diligen-

1916 1697 2125 1750 tissime
2186 1707 2576 1766 perscrutans,
2633 1710 2687 1752 et
2746 1715 2853 1752 non
2920 1702 3103 1753 minus
3172 1702 3493 1756 examinans

1914 1803 2075 1857 quam
2104 1803 2299 1842 aurum
2336 1789 2474 1857 lapis
2506 1789 2728 1859 Lydius,
2760 1790 3086 1859 vultumque
3135 1799 3193 1844 et
3239 1792 3489 1861 figuram,

235 1884 350 1935 τῶν
386 1885 672 1953 παρόντων
720 1886 867 1955 ἑώρα
910 1884 1113 1939 τοιόνδε
1162 1885 1473 1957 γνώρισμα,
1521 1886 1664 1957 λύπῃ
1720 1890 1815 1941 καὶ⁵
1850 1877 1888 1931 Β

1850 1877 1972 1931 But
2016 1890 2252 1944 aetatem,
2303 1881 2607 1935 secundum
2659 1884 2837 1950 signa,
2883 1897 3004 1950 qua:
3054 1890 3213 1935 erant
3273 1892 3492 1937 ostensa

233 1978 445 2047 ἀπορίᾳ
491 1976 787 2046 συνείχετο,
828 1977 921 2030 καὶ
964 1974 1051 2030 οἶα
1092 1975 1516 2047 διψητικώτερος
1564 1979 1643 2029 ἔτι
1678 1980 1811 2032 καθ-

236 2065 433 2119 ίστατο
474 2066 567 2119 τοῦ
597 2066 1031 2135 ὲπαγγελθέντος
1064 2067 1478 2136 ἀποτυγχάνων.
1530 2068 1812 2120 Ἐντεῦθεν

240 2156 414 2226 πολλή
464 2172 519 2209 τε
560 2157 655 2209 καὶ
698 2156 875 2226 θερμὴ
909 2156 1002 2207 καὶ
1028 2154 1175 2219 ὀξεῖα
1200 2156 1446 2227 ζήτησις,
1485 2159 1811 2227 ἐπαγγελίαι

237 2266 301 2300 τε
325 2247 543 2316 δωρεῶν
576 2248 668 2299 καὶ
701 2247 875 2316 τιμῶν
916 2248 1214 2318 μεγίστων,
1241 2236 1363 2311 ἆς’ὁ
1395 2249 1486 2303 τὸν
1518 2252 1687 2330 ἄνδρα
1722 2253 1813 2305 τὸν

239 2338 575 2409 ζητούμενον
614 2339 954 2408 ἐμφανίσων,
990 2340 1300 2402 ἀκολούθως
1337 2336 1419 2404 οἷς
1449 2338 1556 2395 εἶδε
1609 2344 1813 2413 συμϐό-

234 2434 349 2495 λοις
406 2435 433 2486 6
491 2433 765 2504 βασιλεὺς,
807 2433 1031 2503 ἔμελλεν
1063 2435 1224 2497 εὐθὺς
1253 2435 1543 2504 λήψεσθαι.
1589 2439 1655 2492 '0
1714 2441 1812 2509 μὲν

229 2522 329 2578 οὖν
363 2526 608 2593 ἐζητεῖτο
660 2526 777 2579 λίαν
817 2526 1093 2594 ἐκθύμως,
1128 2526 1224 2578 καὶ
1277 2529 1337 2580 τὸ
1379 2527 1669 2599 γνώρισμα
1719 2526 1807 2600 ἦν,

231 2619 297 2669 οὐ
331 2619 471 2670 κατὰ
504 2618 598 2670 τοῦ
632 2618 893 2682 Πέλοπος,
917 2616 1107 2688 ὥσπερ
1135 2614 1276 2671 οἶδεν
1304 2622 1330 2672 6
1360 2618 1550 2689 μῦθος,
1584 2622 1689 2675 ἀπὸ
1715 2622 1809 2677 τοῦ

229 2708 409 2777 ὤμου,
438 2708 552 2762 ἀλλ’
585 2710 693 2763 ἀπὸ
731 2708 824 2762 τοῦ
867 2710 1151 2780 περιόντος
1184 2710 1281 2777 τῆς
1309 2711 1507 2781 ἀρετῆς
1547 2713 1640 2766 καὶ
1675 2731 1810 2781 προ-

232 2802 553 2870 ηγουμένως
614 2800 724 2856 ἀπὸ
773 2800 869 2856 τοῦ
925 2800 1331 2874 ιιετριοπαθοῦς
1375 2804 1469 2856 καὶ
1516 2807 1808 2860 συνεσταλ-

236 2892 425 2962 μένου.

306 3066 381 3121 Z'.
426 3068 578 3121 Ἐπεὶ
603 3068 659 3122 δὲ
690 3070 784 3123 καὶ
813 3069 892 3123 ἔτι
919 3070 1184 3143 δυσχερὴς
1210 3068 1277 3144 ἦν
1306 3074 1340 3142 ἡ
1370 3074 1587 3144 εὕρεσις
1622 3077 1808 3147 (ἐκρύ-

232 3176 402 3212 πτετο
441 3161 547 3230 γὰρ
588 3160 648 3213 οὐ
684 3152 780 3229 τὴν
817 3164 1031 3233 μορφὴν
1077 3163 1447 3232 μεταὸάλλων,
1485 3162 1575 3219 οἷα
1601 3167 1664 3238 δὴ
1712 3170 1804 3222 καὶ

224 3252 321 3305 τὸν
337 3252 563 3322 Πρωτέα
590 3253 935 3321 πλάττουσιν,
962 3254 1076 3308 ἀλλ’
1111 3256 1395 3328 οἰκονομίᾳ
1423 3258 1530 3312 τινὶ
1554 3258 1804 3329 θειοτέρα

228 3346 425 3398 τούτου
455 3347 865 3415 συμϐαίνοντος,
895 3347 983 3401 ἵνα
1021 3350 1114 3401 καὶ
1150 3351 1183 3420 ή
1215 3350 1439 3421 βραδεῖα
1466 3352 1698 3423 δήλωσις
1725 3352 1803 3404 ἔτι

239 3440 446 3509 μᾶλλον
470 3441 632 3492 αὑτὸν
666 3441 998 3509 ὲπιπόθητον
1028 3444 1368 3516 καταστήσῃ)
1398 3445 1495 3513 όψὲ
1525 3448 1620 3498 καὶ
1652 3446 1805 3517 μόλις

226 3531 341 3583 τῶν
367 3528 569 3597 ίατρῶν
596 3546 677 3592 τις
712 3529 819 3582 τῶν
847 3529 1164 3599 βασιλικῶν,
1186 3533 1265 3601 τῷ
1290 3534 1388 3601 μὲν
1425 3535 1635 3601 βασιλεί
1668 3538 1806 3604 γνώ-

232 3637 415 3691 ριμος,
452 3619 690 3689 συνήθης
722 3620 779 3673 δὲ
811 3620 889 3691 τῷ
919 3621 1180 3691 Μεγάλῳ,
1210 3625 1303 3675 καὶ
1335 3623 1403 3677 τά
1444 3626 1650 3679 ἐκείνου
1679 3626 1802 3697 ἀρι-

229 3727 335 3764 στα
361 3710 635 3777 συνειδὼς,
670 3713 730 3765 ού
762 3712 831 3766 τὰ
860 3713 959 3783 τῆς
992 3715 1195 3785 ἀρετῆς
1219 3716 1399 3785 μόνον,
1433 3716 1570 3771 ἀλλά
1613 3719 1706 3772 καὶ
1736 3721 1803 3774 τὰ

228 3804 331 3870 τῆς
366 3804 583 3873 χάριτός
640 3822 699 3857 τε
736 3805 828 3858 καὶ
861 3806 967 3857 τῶν
1001 3807 1316 3874 θαυμάτων,
1339 3809 1491 3862 ἔνθεν
1517 3809 1664 3879 αὐτῷ
1707 3812 1803 3864 καὶ

232 3896 535 3963 συμϐαλεῖν
577 3897 759 3965 ῥᾴδιον
797 3894 886 3966 ἦν,
939 3900 1143 3951 ἐκεῖνον
1181 3898 1319 3954 εἶναι
1355 3901 1446 3955 τὸν
1493 3905 1799 3973 ίασόμενον,

230 3987 397 4049 αὐτὸς
421 3980 574 4050 οὗτος
608 3986 762 4057 δῆλον
784 3988 946 4052 εὐθὺς
978 3990 1067 4043 τὸν
1098 3992 1284 4059 Μέγαν
1305 3993 1383 4062 τῷ
1422 3993 1632 4063 βασιλεῖ
1661 3998 1795 4048 καθ-

232 4082 417 4149 ίστησι
474 4084 564 4131 καὶ
608 4080 780 4150 χαρᾶς
831 4080 978 4150 αὐτῷ
1020 4081 1228 4147 γίνεται
1272 4084 1547 4151 πρόξενος,
1588 4086 1715 4157 ὅσης
1751 4088 1800 4139 οἱ

227 4174 395 4226 πάθει
428 4173 725 4243 σωματικῷ
757 4173 1057 4243 κάμνοντες
1102 4174 1196 4227 καὶ
1229 4177 1544 4245 ἀπαλλαγῆς
1576 4180 1800 4249 ἐφιέμε-

225 4283 331 4327 νοι,
359 4264 574 4315 δυνατοὶ
605 4269 765 4333 μόνον
808 4269 1064 4322 συνεῖναι.
1100 4268 1274 4332 Εὐθὺς
1312 4270 1409 4340 μὲν
1438 4270 1530 4324 οὖν
1571 4272 1651 4335 εἰς
1677 4272 1800 4342 ὄψιν

223 4362 251 4410 ὁ
296 4355 608 4424 θαυμαστὸς
646 4358 793 4427 αὐτῴ
828 4359 1028 4428 παρῄει
1064 4360 1301 4429 Σαμψών
1326 4378 1338 4391 ·
1372 4362 1491 4415 οὐδὲ
1534 4363 1641 4434 γάρ
1680 4365 1799 4418 οὐδὲ

225 4450 407 4520 βραχὺ
442 4447 503 4498 τὸ
535 4448 697 4517 μέσον
746 4452 915 4519 ἀκοῆς
939 4468 1105 4521 φημι,
1134 4452 1230 4504 καὶ
1258 4453 1356 4519 τῆς
1388 4453 1515 4514 θέας
1544 4454 1796 4521 γενέσθαι

1915 1986 2013 2039 per
2041 1973 2272 2025 somnia.
2300 1972 2592 2040 Postquam
2623 1983 2802 2027 autem
2838 1973 3051 2027 nullum
3084 1974 3224 2027 vidit
3272 1975 3376 2028 tale
3417 1975 3494 2027 si-

1914 2078 2079 2131 gnum
2130 2063 2184 2115 in
2234 2064 2316 2117 eis
2354 2064 2449 2131 qui
2486 2063 2734 2126 aderant,
2790 2065 2981 2119 dolore
3020 2064 3381 2128 afﬁciebatur,
3435 2076 3492 2119 et

1916 2155 2173 2222 perplexo
2204 2164 2321 2208 erat
2354 2155 2559 2218 animo,
2586 2157 2870 2226 multoque
2902 2154 3079 2210 factus
3117 2165 3201 2210 est
3243 2136 3480 2219 avidior,

1914 2248 2060 2316 quod
2113 2248 2356 2301 nondum
2401 2260 2547 2303 esset
2598 2251 2932 2317 promissum
2988 2259 3296 2304 assecutus.
3354 2251 3492 2305 Hinc

1913 2338 2144 2408 diligens
2175 2339 2318 2392 facta
2351 2350 2436 2393 est
2467 2340 2769 2409 inquisitio,
2808 2341 3191 2408 donorumque
3233 2353 3288 2393 et
3323 2341 3492 2393 maxi-

1914 2446 2127 2485 morum
2160 2430 2430 2485 honorum
2464 2430 2773 2500 promissio,
2797 2447 2936 2501 quos
2962 2442 3106 2486 esset
3141 2443 3490 2500 accepturus,

1913 2524 2006 2591 qui
2043 2524 2222 2577 virum
2270 2524 2588 2578 ostenderet
2629 2539 2695 2577 ex
2740 2524 2808 2577 iis
2853 2524 3073 2578 indiciis
3120 2540 3241 2593 quae
3276 2525 3493 2581 viderat

1914 2614 2230 2682 imperator.
2300 2614 2396 2668 Hic
2460 2616 2685 2683 quidem
2736 2615 3036 2684 diligenter
3101 2617 3485 2685 quaerebatur;

1911 2707 2125 2776 signum
2153 2715 2356 2769 autem,
2388 2720 2497 2773 quo
2540 2717 2963 2775 οοεηοεεετειυι·
3009 2718 3149 2771 erat,
3192 2725 3297 2763 llOll
3346 2725 3487 2778 QUO‘

1912 2795 2076 2850 modo
2129 2795 2349 2871 Pelopis
2398 2797 2480 2865 (ut
2522 2804 2711 2849 narrat
2761 2796 2986 2867 fabula)
3032 2798 3334 2864 humerus;
3388 2799 3487 2854 sed

1910 2888 2085 2941 virtus
2124 2886 2388 2957 insignis,
2439 2896 2494 2941 et
2543 2888 2814 2956 precipue
2865 2890 3132 2943 moderati
3193 2906 3378 2945 mores
3429 2902 3486 2946 ct

1907 2979 2219 3049 compositi.

1979 3070 2089 3124 Vll.
2127 3070 2261 3123 Cum
2296 3079 2479 3125 autem
2506 3079 2654 3126 esset
2687 3070 2928 3127 dillicilis
2956 3070 3203 3126 inventio
3241 3072 3483 3137 (celaba-

1913 3172 2000 3218 tur
2031 3165 2201 3227 cnim,
2244 3180 2352 3217 non
2404 3164 2632 3218 formam
2693 3175 2929 3227 mutans,
2988 3175 3046 3217 ut
3102 3165 3316 3232 fingunt
3358 3167 3486 3220 Pro-

1910 3263 2077 3315 teum,
2104 3254 2197 3309 sed
2228 3254 2463 3323 quodam
2512 3256 2699 3309 divino
2748 3255 2854 3310 hoc
2891 3256 3186 3308 eveniente
3229 3257 3482 3321 consilio,

1912 3355 1969 3399 ut
1998 3347 2202 3400 tardior
2223 3348 2466 3401 ostensio
2500 3363 2624 3400 eum
2656 3349 2908 3401 redderet
2940 3350 3112 3417 magis
3145 3349 3486 3403 desiderabi-

1908 3438 2061 3507 lem),
2092 3439 2182 3492 vix
2237 3438 2458 3493 tandem
2514 3455 2658 3493 unus
2700 3456 2766 3495 ex
2817 3440 3047 3495 medicis
3109 3442 3481 3511 imperatoris,

1906 3543 2070 3586 notus
2099 3533 2317 3601 quidem
2349 3534 2688 3600 imperatori,
2721 3534 2915 3602 magno
2948 3544 3132 3588 autem
3180 3535 3473 3604 Sampsoni

1904 3622 2205 3685 familiaris,
2261 3634 2318 3675 et
2362 3624 2455 3690 qui
2509 3639 2595 3678 res
2634 3624 2782 3679 illius
2826 3626 3029 3692 optime
3073 3638 3323 3690 noverat,
3368 3644 3480 3681 non

1904 3715 2162 3769 virtutem
2206 3715 2406 3778 solum,
2460 3716 2553 3768 sed
2614 3719 2777 3773 etiam
2827 3718 3056 3786 gratiam
3090 3728 3145 3772 et
3194 3718 3478 3784 miracula,

1903 3823 2028 3861 cum
2058 3808 2403 3862 manifestum
2438 3807 2638 3862 reddit.
2670 3807 2806 3862 Hinc
2844 3820 3025 3862 autem
3062 3811 3138 3862 illi
3169 3811 3327 3864 facile
3358 3823 3481 3865 erat

1904 3901 2196 3971 conjicere,
2227 3914 2353 3953 eum
2386 3916 2504 3954 esse
2530 3903 2623 3969 qui
2658 3901 2809 3955 illum
2841 3908 2962 3955 erat
3001 3911 3315 3956 curaturus.
3379 3902 3480 3957 Hic

1901 4009 2032 4064 ergo
2058 3994 2174 4063 ipse
2204 4008 2457 4064 magnum
2481 3993 2636 4046 illum
2677 3992 3035 4061 Sampsonem
3075 4004 3262 4046 notum
3298 3994 3480 4046 reddit

1904 4083 2241 4154 imperatori,
2278 4086 2412 4140 etei
2449 4093 2653 4139 tantam
2690 4083 2950 4138 conciliat
2995 4083 3265 4145 laetitiam,
3300 4100 3477 4152 quan-

1903 4185 2011 4231 tam
2048 4176 2107 4241 ii,
2142 4177 2234 4245 qtti
2265 4177 2520 4229 laborant
2552 4177 2746 4229 morbo
2795 4176 3065 4243 corporis,
3098 4186 3150 4228 et
3188 4177 3254 4228 ab
3287 4192 3352 4228 eo
3376 4193 3475 4229 cu-

1901 4269 2060 4338 piunt
2102 4268 2364 4329 liberari,
2429 4267 2531 4322 soli
2588 4276 2821 4334 possunt
2901 4265 3227 4335 intelligere.
3298 4268 3477 4335 Atque

1901 4361 2083 4413 statim
2107 4359 2331 4427 quidem
2366 4358 2516 4412 venit
2541 4357 2883 4411 admirabilis
2918 4356 3186 4425 Sampson
3229 4371 3242 4407 :
3294 4372 3475 4424 neque

1898 4452 2045 4503 enim
2090 4451 2235 4503 inter
2278 4450 2457 4503 visum
2496 4463 2552 4503 et
2599 4449 2847 4502 auditum
2887 4448 3202 4502 intercessit
3258 4459 3477 4516 tempus

221 4543 511 4613 παρῆκενι
543 4539 712 4603 οὕτως
765 4542 927 4594 αὐτὸν
965 4546 998 4612 ή
1040 4544 1133 4597 τοῦ
1190 4545 1316 4597 [δεῖν
1360 4544 1595 4616 ἰσχυρῶς
1650 4541 1793 4598 εἷλεν
1827 4546 1870 4600 D

1827 4546 1870 4600 Ι)
1901 4542 1983 4595 vel
2022 4540 2408 4596 brevissimum
2442 4555 2455 4590 :
2504 4548 2715 4593 tantum
2758 4538 2877 4608 ejus
2904 4537 3126 4591 videndi
3173 4538 3473 4603 imperato-

220 4635 514 4705 ἐπιθυμία.
557 4634 700 4689 Ἰδὼν
740 4630 832 4688 οὖν
869 4634 1078 4703 ἀνέγνω
1114 4637 1294 4699 καλῶς
1329 4638 1436 4691 άπὸ
1469 4639 1577 4691 τῶν
1601 4638 1793 4702 νυκτὸς

217 4729 532 4797 ὀραθέντων
576 4729 645 4781 τά
685 4728 804 4798 μεθ’
836 4728 1051 4799 ἡμέραν
1082 4728 1401 4798 φαινόμενα,
1447 4725 1561 4783 οἷον
1595 4732 1792 4808 οφθαλ-

223 4825 348 4894 μῶν
407 4823 744 4894 ἡμερότητα,
806 4826 1023 4892 μορφῆς
1099 4822 1413 4894 ἱλαρότητα,
1488 4823 1635 4893 ἠθῶν
1700 4826 1792 4878 εύ-

219 4915 481 4985 κοσμίαν,
514 4913 773 4981 πώγωνος
805 4915 1139 4985 αύχμηρίαν,
1170 4918 1433 4987 ὀμμάτων
1462 4921 1787 4986 κατήφειαν,

219 5008 472 5077 σύμϐολά
527 5023 585 5059 τε
634 5007 783 5076 αὐτῷ
863 5008 1227 5077 ἐπιτρέποντα
1306 5008 1786 5076 μετριοφροσύνης.

219 5099 409 5152 Ταῦτα
445 5100 675 5161 ἐκεῖνος,
720 5100 1035 5163 προσιόντος
1079 5096 1173 5150 τοῦ
1210 5098 1543 5165 θαυμαστοῦ,
1592 5100 1790 5152 θεασά-

221 5190 532 5260 μενος,ούδὲ
562 5190 823 5251 καθεκτὸς
849 5184 914 5257 ἦν
943 5188 1043 5250 ἔτι,
1070 5190 1185 5242 ἀλλ’
1208 5190 1442 5251 ἀναστὰς
1465 5188 1521 5253 ἐξ
1551 5191 1788 5259 ἀμέτρου

221 5283 576 5354 περιχαρείας
614 5282 927 5348 περιϐάλλει
964 5296 1023 5331 τε
1062 5279 1151 5330 τὸν
1183 5281 1371 5349 εὐτελῆ
1414 5280 1473 5333 τὸ
1531 5283 1792 5350 φαινόμε-

220 5392 335 5437 νον,
372 5377 399 5425 6
443 5373 539 5442 τὴν
573 5372 851 5441 βασιλείαν
889 5372 1270 5441 περίὸ).επτος,
1320 5376 1411 5424 καὶ
1459 5372 1600 5441 φιλεῖ
1650 5373 1790 5439 ἄγαν

219 5467 413 5535 ἡδέως,
442 5468 502 5518 οὐ
551 5466 720 5533 στόμα
751 5465 929 5531 μόνον,
966 5465 1098 5516 ἀλλὰ
1131 5470 1221 5515 καὶ
1262 5465 1525 5533 κεφαλὴν,
1574 5459 1651 5518 Ἦ
1687 5466 1789 5534 μὴν

220 5558 383 5619 αὐτὸς
416 5554 484 5618 εἷ,
517 5558 707 5625 λέγων,
746 5557 948 5624 Πάτερ,
994 5559 1154 5619 αὐτὸς
1194 5550 1261 5619 εἷ,
1311 5558 1337 5606 6
1376 5558 1495 5608 κατ’
1532 5558 1661 5627 όναρ
1701 5576 1787 5625 μοι

219 5650 540 5722 παραδόξως
580 5650 885 5719 ἐπιφανεὶς,
919 5650 1053 5703 ἁ).λά
1110 5651 1201 5702 καὶ
1254 5648 1313 5702 τὸ
1363 5649 1531 5712 πάθος
1573 5654 1632 5703 τὸ
1662 5652 1787 5719 ἐμὸν

222 5744 580 5811 ἐπαγγελθεὶς
627 5746 899 5798 ἰάσασθαι.
938 5744 1123 5807 Οὕτως
1165 5742 1356 5806 εἰπὼν,
1388 5742 1548 5806 εὐθὺς
1595 5747 1672 5807 εἰς
1720 5746 1786 5796 τὰ

220 5836 555 5905 προσωτέρω
590 5838 853 5906 συνεισῄει
908 5837 1013 5890 τῶν
1056 5836 1343 5911 βασιλείων
1397 5838 1667 5904 ἐγκρατὴς
1712 5836 1783 5891 ῶν

1899 4651 2010 4689 rem
2040 4643 2261 4703 ceperat
2313 4634 2671 4688 desiderium.
2717 4633 2854 4685 Cum
2892 4647 3023 4685 vero
3059 4646 3183 4685 eum
3223 4631 3470 4689 vidisset.

1893 4742 1959 4781 ex
1987 4728 2052 4780 iis
2105 4742 2226 4794 quae
2251 4735 2413 4779 noctu
2440 4725 2555 4777 visa
2589 4722 2830 4787 fuerant,
2881 4722 3111 4792 pulchre
3156 4722 3472 4787 recognovit

1893 4832 1957 4872 ea
2006 4832 2126 4888 quae
2170 4814 2542 4869 cernebantur
2601 4813 2876 4875 interdiu,
2936 4820 3126 4880 utpote
3178 4812 3468 4866 oculorum

1895 4909 2391 4973 mansuetudinem,
2427 4908 2618 4962 formae
2642 4906 3002 4969 hilaritatem,
3035 4919 3250 4958 morum
3298 4904 3470 4956 hone-

1893 5014 2084 5057 statem
2108 5044 2121 5066 ,
2153 5001 2336 5055 barbre
2374 5000 2683 5069 squalorem
2708 5036 2721 5060 ,
2772 5007 3027 5067 aspectus
3083 4995 3381 5059 tristitiam,
3413 5004 3470 5050 et

1892 5114 2011 5166 quae
2041 5111 2166 5150 eum
2208 5094 2478 5149 decebant
2526 5094 2677 5161 signa
2724 5092 3140 5145 moderationis.
3181 5092 3306 5143 Haec
3339 5102 3463 5142 cum

1892 5191 2003 5252 ille,
2049 5188 2354 5243 admirabili
2398 5186 2694 5240 accedente
2740 5185 3065 5252 Sampsone,
3116 5191 3262 5236 esset
3330 5196 3465 5235 cou-

1894 5281 2200 5349 templatus,
2227 5294 2331 5332 non
2365 5278 2542 5346 potuit
2582 5264 2817 5346 amplius
2852 5275 3150 5337 contineri,
3200 5272 3293 5327 sed
3330 5288 3458 5326 sur-

1889 5389 2021 5443 gens
2053 5390 2158 5442 prae
2201 5370 2790 5430 immoderata'ltetitia,
2831 5382 2957 5421 eum
3003 5368 3095 5435 qui
3126 5364 3309 5433 specie
3338 5365 3464 5419 vilis

1888 5474 2088 5519 eratet
2122 5464 2386 5532 abjectus,
2426 5462 2565 5532 ipse,
2619 5461 2711 5529 qui
2756 5469 2876 5513 erat
2925 5457 3155 5527 insignis
3200 5456 3456 5527 imperio,

1889 5559 2253 5628 amplectitur,
2288 5567 2344 5611 et
2374 5556 2617 5610 suaviter
2660 5552 2954 5607 admodum
2992 5551 3294 5611 osculatur,
3346 5564 3457 5603 non

1889 5668 1949 5705 os
1976 5652 2172 5713 solum,
2199 5648 2293 5701 sed
2318 5650 2481 5702 etiam
2513 5655 2698 5715 caput,
2732 5644 2921 5697 dicens
2960 5659 2973 5695 :
3005 5643 3183 5705 Certe,
3214 5658 3246 5695 o
3274 5642 3455 5704 Pater,

1892 5754 1945 5796 tu
1982 5759 2041 5798 es
2068 5742 2203 5811 ipse,
2237 5742 2328 5812 qui
2362 5740 2494 5793 mihi
2526 5736 2933 5794 admirabiliter
2960 5736 3016 5789 in
3048 5734 3257 5789 somnis
3290 5748 3455 5803 appa-

1893 5836 2053 5891 ruisti
2078 5855 2087 5888 :
2116 5834 2246 5903 quin
2276 5834 2437 5890 etiam
2479 5841 2532 5888 te
2585 5814 2838 5888 morbum
2876 5842 3057 5883 meum
3100 5826 3373 5895 pollicitus
3394 5840 3455 5879 es
