4230 6436
724 400 829 461 28⁵1

2042 411 2332 471 MENSIS
2368 412 2680 475 JUNIUS.

3904 416 4006 483 288

732 521 1070 565 curaturum.
1120 508 1248 563 Haec
1292 515 1431 563 cum
1476 512 1747 583 dixisset,
1802 522 1985 573 statim
2036 520 2319 590 ingressus

2426 522 2633 576 ἐκείνου
2655 526 2754 593 τῆς
2777 542 2835 579 τε
2876 524 3057 582 Ὀσίου
3078 530 3280 602 χειρὸς,
3313 531 3433 584 οὐδὲ
3456 531 3562 603 γάρ
3596 533 3732 605 ᾤετο
3764 534 3918 605 μέγα
3958 550 4005 589 τι

731 612 815 656 est
848 604 899 656 in
944 605 1101 672 regis:
1136 600 1470 673 penetralia,
1512 608 1776 666 Sanctum
1817 611 1972 667 illum
2016 629 2180 670 manu
2233 625 2317 671 te-

737 711 917 749 nens:
964 712 1139 765 neque
1189 697 1337 752 enim
1385 702 1737 759 existimabat
1776 721 1835 761 se
1879 721 2135 778 magnum
2183 708 2318 777 quid

736 785 941 849 facere,
978 789 1121 842 illam
1168 790 1473 854 honorans,
1514 796 1671 864 cujus
1717 796 2094 853 admirabilem
2142 801 2320 853 virtu-

734 888 843 932 lem
877 896 999 939 mox
1033 892 1181 935 esset
1213 895 1566 952 experturus.

812 958 944 1030 VIII.
984 972 1277 1041 Postquam
1314 986 1501 1030 autem
1546 977 1827 1047 ingressus
1872 990 1958 1035 est
2000 981 2318 1050 imperator,

736 1069 791 1113 et
862 1078 988 1115 eum
1052 1063 1247 1119 habuit
1320 1083 1507 1121 secum
1584 1068 1888 1137 sedentem,
1948 1073 2193 1127 nondum
2220 1090 2318 1129 sua

736 1164 862 1215 erga
892 1163 1015 1203 eum
1062 1152 1399 1222 benignitate
1440 1156 1694 1222 satiatus,
1738 1158 1894 1226 plura
1932 1161 2115 1222 adhuc
2153 1163 2322 1217 facie-

738 1241 849 1297 bat.
886 1243 1016 1312 Ejus
1057 1259 1255 1300 manus
1286 1248 1529 1316 capiens,
1577 1250 1693 1305 suis
1744 1252 2064 1320 imponebat
2116 1256 2317 1319 oculis,

737 1342 793 1384 et
820 1348 912 1387 eas
936 1350 1059 1388 cum
1088 1337 1325 1392 maxima
1347 1339 1630 1407 voluptate
1658 1342 2005 1409 deosculaus,
2046 1356 2103 1401 et
2136 1347 2189 1401 in
2227 1364 2323 1404 eas

738 1422 1013 1480 distillans
1054 1427 1348 1499 lacrymas,
1408 1431 1719 1487 laetabatur.
1769 1434 1943 1489 Morbi
1992 1438 2163 1501 enim,
2225 1440 2331 1507 qui

740 1529 864 1568 eum
898 1518 1204 1583 premebat,
1234 1523 1536 1577 necessitas
1579 1523 1871 1589 eﬂiciebat,
1923 1539 1984 1582 ut
2025 1529 2189 1584 homo
2223 1547 2324 1599 ap-

738 1616 958 1674 pareret
1020 1612 1206 1677 potius
1254 1628 1418 1681 quam
1469 1615 1794 1683 imperator,
1841 1629 1897 1674 et
1936 1620 2031 1688 qui
2070 1621 2325 1677 humanis

738 1694 1064 1753 ﬂectebatur
1104 1702 1367 1768 miseriis,
1396 1719 1560 1772 quam
1595 1706 1691 1776 qui
1720 1707 2077 1777 imperatoria
2126 1713 2325 1768 effere—

738 1787 899 1844 batur
933 1792 1359 1862 magnificentia.
1392 1796 1890 1857 Verumenimvero
1946 1803 2066 1859 hac
2124 1821 2323 1876 magna

738 1882 1085 1949 imperatoris
1123 1887 1427 1943 moderatio
1476 1898 1534 1943 et
1578 1892 1795 1962 religio,
1843 1909 2067 1964 gravem
2119 1898 2324 1954 Sancto

738 1970 923 2042 injecit
966 1976 1296 2040 molestiam,
1321 1987 1378 2033 et
1405 1979 1635 2048 perinde
1666 1998 1731 2038 ac
1762 1985 1806 2038 si
1837 1986 1889 2039 ei
1922 1985 2078 2042 fieret
2101 1988 2325 2057 injuria,

733 2071 792 2116 et
827 2064 880 2118 in
907 2080 1032 2119 eum
1075 2067 1243 2123 nimia
1275 2080 1632 2127 exerceretur
1658 2076 1916 2131 molestia
1945 2117 1960 2141 ,
2008 2094 2119 2133 non
2146 2081 2327 2149 potuit

741 2164 924 2212 venere
955 2158 1234 2213 silentium
1260 2199 1275 2224 ,
1326 2163 1421 2216 sed
1453 2181 1468 2215 :
1502 2164 1581 2218 Ne
1630 2166 1713 2220 sic
1761 2166 1981 2231 feceris,
2017 2184 2050 2223 o
2091 2169 2328 2239 impera-

738 2252 842 2309 tor,
886 2262 1065 2317 neque
1109 2258 1221 2304 tam
1258 2250 1495 2307 demisse
1532 2262 1589 2308 et
1621 2254 1836 2325 abjecte
1866 2298 1880 2322 ,
1946 2259 2323 2329 exclamabat;

737 2349 841 2390 nec
883 2351 950 2391 eo
980 2338 1134 2407 quod
1172 2348 1229 2395 te
1272 2340 1391 2411 ipse
1432 2342 1725 2399 immodice
1758 2345 1991 2417 dejicias
2031 2360 2089 2404 et
2135 2351 2330 2419 depri-

736 2440 873 2492 mas,
906 2428 1131 2494 edicias,
1166 2440 1230 2486 ut
1258 2431 1496 2487 damner
1536 2438 1891 2505 arrogantiae.
1936 2439 1996 2492 ln
2039 2455 2149 2508 quo
2178 2442 2326 2494 enim

739 2529 861 2570 sum
910 2522 1301 2575 communibus
1356 2523 1677 2580 hominibus
1724 2529 2001 2597 superior,
2061 2531 2156 2601 qui
2203 2547 2326 2588 sum

740 2605 930 2674 miser,
964 2619 1023 2664 et
1054 2611 1295 2679 peccatis
1322 2613 1617 2681 obnoxius,
1642 2627 1701 2672 et
1732 2633 1872 2689 epus
1916 2621 2095 2678 habeo
2130 2641 2327 2694 magna

736 2697 948 2755 Christi
1008 2701 1353 2773 benignitate
1388 2715 1443 2760 et
1472 2707 1808 2764 clementia?
1838 2713 2327 2771 Verumenimvero

741 2789 855 2844 hanc
887 2798 979 2846 tua
1027 2791 1156 2846 ﬁdei
1202 2794 1540 2851 abundantia
1600 2809 1656 2853 et
1699 2799 1904 2866 fervor,
1960 2812 2045 2858 est
2086 2804 2260 2859 futuri
2296 2821 2328 2862 a

737 2882 959 2945 Christo
987 2887 1180 2941 auxilii
1221 2897 1416 2944 certus
1455 2893 1707 2961 nuntius,
1736 2896 1827 2963 qui
1858 2906 1941 2951 est
1968 2897 2081 2953 Rex
2111 2914 2324 2971 regum,

738 2984 793 3029 et
823 2985 1003 3044 potest
1031 2980 1216 3034 omnia
1262 2979 1465 3035 facere.
1509 2982 1647 3037 Cum
1698 2984 1816 3040 haec
1860 2986 2114 3051 dixisset,
2151 2991 2328 3061 impo-

741 3071 853 3120 suit
886 3081 1110 3121 manum
1149 3072 1290 3137 parti
1323 3073 1555 3128 ail'ectaa.
1602 3076 1668 3128 Et
1697 3092 1759 3131 ea
1792 3080 2014 3146 quidem
2049 3098 2149 3136 suo
2199 3083 2327 3137 fun-

2420 617 2597 667 ποιεῖν
2627 616 2843 687 ἐκείνην
2872 619 3069 691 τιμῶν,
3102 618 3169 694 ἦς
3208 622 3516 677 ἀπολαῦσαι
3537 624 4005 698 θαυματουργού-

2424 724 2524 778 σης
2553 709 2800 779 ἔμελλεν.

2494 972 2573 1022 H'.
2611 972 2763 1025 Ἐπεὶ
2790 975 2847 1027 δέ
2871 977 2964 1028 καὶ
2992 977 3240 1047 εἰσῆλθεν
3263 981 3410 1034 ἔνδον
3442 982 3718 1051 βασιλεὺς,
3748 987 3845 1036 καὶ
3878 1002 4006 1051 συγ-

2423 1066 2736 1135 καθήμενον
2794 1068 2959 1121 αὐτὸν
2986 1064 3151 1137 εἶχεν,
3185 1069 3336 1124 οὔπω
3371 1074 3531 1143 κόρον
3577 1074 3873 1143 δεχόμενος
3916 1078 4009 1142 τῆς

2422 1160 2848 1231 φιλοφροσύνης,
2878 1161 2957 1215 ἔτι
2990 1165 3085 1215 καὶ
3115 1164 3275 1216 πλέον
3298 1166 3492 1233 ἐποίει,
3519 1167 3814 1236 λαμϐάνων
3846 1168 4009 1220 αὑτοῦ

2421 1250 2523 1312 τὰς
2549 1253 2758 1320 χεῖρας,
2780 1250 3026 1321 ϐμμασιν
3054 1254 3222 1309 ἐτίθει
3256 1258 3365 1319 τοῖς
3394 1258 3589 1309 ἐαυτοῦ
3630 1260 3722 1311 καὶ
3768 1275 4013 1325 καταφι-

2422 1340 2531 1391 λῶν
2578 1341 2696 1409 μεθ’
2723 1343 2855 1411 ὅσης
2892 1344 3034 1397 sinet
3082 1362 3167 1409 τις
3206 1347 3421 1417 ἡδονῆς,
3455 1350 3550 1401 καὶ
3584 1349 3796 1420 δάκρυα
3838 1368 4011 1403 κατα-

2426 1431 2638 1494 στάζων
2675 1434 2853 1486 αὐτῶν
2880 1436 3067 1506 ἥδετο·
3110 1441 3142 1508 ἡ
3185 1439 3293 1509 γὰρ
3334 1440 3428 1492 τοῦ
3477 1442 3757 1505 πιέζοντος
3802 1443 4012 1504 πάθους

2425 1523 2640 1592 ἀνάγκη
2694 1523 2982 1594 ἄνθρωπον
3023 1528 3183 1581 αὐτὸν
3229 1530 3407 1583 ἐποίει
3445 1532 3649 1601 μᾶλλον
3700 1534 3734 1603 ἢ
3780 1533 4012 1602 βασιλέα

2423 1614 2738 1669 δείκνυσθαι
2767 1618 2862 1670 καὶ
2898 1619 3268 1687 ἀνθρωπίναις
3298 1623 3711 1691 καλυπτόμενον
3758 1626 4013 1695 ἀθλιότη-

2428 1722 2512 1757 σιν
2578 1706 2611 1775 ἦ
2672 1707 3173 1779 μεγαλοπρεπείαις
3230 1711 3543 1781 βασιλικαῖς
3607 1716 4003 1786 ἐπαιρόμενον.

2431 1798 2580 1867 Πλὴν
2610 1798 2725 1851 ἀλλ’
2754 1802 2787 1872 ή
2822 1800 2988 1871 πολλὴ
3015 1801 3154 1871 αὕτη
3184 1803 3279 1857 τοῦ
3319 1804 3584 1873 βασιλέως
3616 1810 4012 1878 μετριοπάθεια

2427 1888 2522 1940 καὶ
2550 1888 2610 1940 τὸ
2641 1889 2802 1951 σέϐας
2844 1890 3121 1961 βαρύτητα
3164 1892 3261 1947 καὶ
3308 1894 3489 1965 λύπην
3537 1896 3884 1966 ἐμϐέϐληκεν
3934 1900 4012 1967 τῷ

2441 1976 2626 2043 Ὀσίῳ,
2658 1979 2751 2031 καὶ
2774 1973 2963 2051 ῶσπερ
2984 1982 3168 2036 ἄδικόν
3190 2001 3241 2036 τι
3282 1991 3523 2053 πάσχων,
3560 1987 3652 2039 καὶ
3680 1988 3758 2049 είς
3790 2004 4013 2056 μετριο-

2426 2067 2705 2138 φροσύνην
2772 2070 3263 2142 πλεονεκτούμενος
3317 2074 3417 2126 οὐκ
3478 2076 3676 2146 ἤνεγκε
3755 2078 4009 2147 σιωπᾷν·

2424 2160 2583 2225 ἀλλὰ,
2616 2163 2707 2231 Μὴ
2743 2163 2888 2216 οὕτω
2934 2164 3102 2229 ποίει,
3135 2159 3180 2218 ὧ
3212 2165 3459 2234 βασιλεῦ,
3495 2167 3571 2237 μὴ
3616 2167 3791 2232 οὕτως
3826 2168 4012 2237 ἡρέμα

2429 2252 2524 2304 καὶ
2546 2252 2846 2316 ταπεινῶς,
2886 2255 3185 2323 ὑπεφὼνιι,
3225 2256 3359 2324 μηδέ
3399 2258 3475 2327 τῷ
3515 2260 3772 2330 ἀμέτρως
3803 2259 4012 2313 ἐθέλειν

2426 2342 2596 2395 αὐτὸν
2634 2344 2991 2410 ταπεινῶσαι,
3037 2347 3163 2415 ἐμοὶ
3212 2350 3385 2416 κρῖμα
3450 2351 3791 2421 προξενήσας
3841 2353 4013 2422 ὑπερ-

2428 2434 2609 2503 οψίας.
2648 2435 2713 2489 Τί
2748 2436 2855 2509 γὰρ
2896 2438 3057 2492 πλέον
3108 2438 3217 2509 ἔχω
3267 2439 3379 2508 ἐγὼ
3416 2441 3524 2495 τῶν
3564 2443 3757 2494 κοινῶν
3793 2444 4011 2513 ἀνθρώ-

2431 2546 2569 2595 πων,
2600 2528 2944 2601 ταλαίπωρος
2980 2530 3056 2584 ῶν
3093 2534 3189 2585 καὶ
3220 2532 3515 2603 ἁμαρτίαις
3556 2533 3880 2597 ὑπεύθυνος,
3917 2536 4013 2587 καὶ

2429 2621 2631 2688 πολλῆς
2681 2622 2781 2688 τῆς
2823 2623 2973 2690 παρά
3024 2622 3265 2691 Χριστοῇ
3319 2624 3693 2694 χρηστότητος
3738 2628 3833 2678 καὶ
3882 2625 4010 2695 φιλ-

2428 2710 2749 2780 ανθρωπίας
2808 2712 3063 2782 ἐπιδεήςς
3118 2713 3265 2783 Πλὴν
3325 2716 3462 2767 ἀλλά
3516 2717 3576 2768 τὸ
3630 2716 3863 2782 ἄφθονόν
3918 2732 4010 2767 σου

2428 2804 2588 2857 τοῦτο
2626 2804 2726 2875 τῆς
2752 2806 2990 2871 πίστεως
3035 2808 3129 2859 καὶ
3167 2806 3371 2877 θερμὸν
3404 2808 3632 2876 ἄγγελός
3674 2824 3757 2860 σοι
3800 2809 4010 2873 γίνεται

2429 2898 2667 2968 ἀψευδὴς
2708 2901 2807 2969 τῆς
2847 2900 2954 2953 ἀπὸ
2997 2898 3235 2969 Χριστοῦ
3286 2899 3559 2970 βοηθείας,
3595 2898 3689 2952 τοῦ
3735 2896 4013 2962 Βασιλέως

2428 2988 2492 3058 δὴ
2533 2990 2642 3042 τῶν
2670 2990 3066 3059 βασιλευόντων
3106 2993 3198 3046 καὶ
3235 2995 3416 3046 πάντα
3455 2992 3759 3063 δυναμένου
3813 2995 4008 3047 ποιεῖν.

2429 3080 2618 3144 Οὕτως
2654 3083 2847 3149 είπὼν,
2895 3087 3054 3154 χεῖρα
3092 3086 3331 3140 ἐπετίθει
3385 3085 3461 3157 τῷ
3494 3086 3759 3155 πάσχοντι
3808 3089 4009 3156 μέρει·

739 3158 974 3227 gebatur
994 3160 1201 3217 ofﬁcio.
1234 3161 1355 3232 Ipse
1384 3175 1567 3220 autem
1594 3168 1750 3237 copia
1781 3170 2109 3229 humilitatis
2138 3176 2327 3234 volens

2433 3176 2582 3246 καὶὴ
2638 3174 2738 3245 μὲν
2778 3177 2997 3245 ἐνήργει
3051 3178 3119 3230 τά
3157 3179 3395 3246 ἑαυτῆςο
3432 3181 3459 3231 ὁ
3487 3179 3543 3231 δέ
3578 3181 3847 3255 κρύπτειν
3892 3181 4013 3233 ἐθέ-

739 3251 917 3305 celare
973 3252 1383 3321 abundantiam
1434 3258 1663 3325 gratiae,
1724 3261 2057 3331 quibusdam
2128 3268 2325 3335 rebus,

740 3356 878 3410 quas
908 3344 1050 3412 parti
1082 3343 1355 3401 laboranti
1400 3363 1465 3403 ex
1509 3361 1627 3405 arte
1656 3352 1938 3423 imposuit,
1982 3360 2326 3415 curationem

740 3436 1050 3490 conabatur
1095 3439 1397 3495 ascribere.
1437 3440 1543 3497 Sed
1595 3446 1951 3510 medicinam,
1984 3464 2105 3518 qua:
2153 3453 2329 3521 appli-

741 3527 1014 3593 cabatur,
1060 3529 1359 3596 vincebat,
1412 3549 1535 3601 quae
1583 3536 1905 3603 celabatur,
1958 3541 2156 3597 veritas
2204 3560 2217 3597 :
2273 3556 2331 3602 et

742 3618 838 3687 qui
876 3618 932 3672 in
988 3619 1112 3674 aliis
1160 3621 1342 3677 fuerat
1400 3626 1658 3693 cognitus
1720 3644 1901 3685 rerum
1939 3634 2169 3692 eﬂ'ector
2222 3641 2328 3694 mi-

741 3709 1025 3773 rabilium,
1088 3710 1143 3763 in
1192 3711 1306 3766 haec
1387 3729 1606 3785 quoque
1678 3718 1783 3773 fuit
1830 3726 2084 3793 cognitus
2130 3729 2328 3786 fecisse

741 3802 1095 3857 miraculum.
1130 3804 1246 3859 Non
1280 3807 1437 3861 multi
1471 3811 1619 3862 enim
1652 3812 1768 3867 dies
1800 3818 2191 3883 praeterierunt
2214 3860 2226 3882 ,
2274 3832 2328 3878 et

741 3892 1044 3960 imperator
1090 3896 1193 3947 fuit
1235 3899 1462 3952 omnino
1512 3898 1781 3957 liberatus
1818 3920 1848 3957 a
1894 3910 2107 3975 morbo,
2158 3923 2214 3968 et
2246 3920 2330 3969 est

743 3984 1014 4053 integram
1047 3998 1335 4044 assecutus
1387 3991 1700 4058 sanitatem,
1735 3997 2089 4068 repletusque
2124 4013 2209 4056 est
2238 4004 2327 4059 lae-

742 4076 862 4127 titia
896 4085 952 4128 et
988 4078 1381 4143 admiratione,
1435 4082 1525 4135 illa
1567 4084 1787 4152 quidem
1821 4098 2047 4158 propter
2090 4109 2328 4165 recupe-

744 4177 916 4221 ratam
967 4168 1365 4234 valetudinem,
1420 4171 1523 4228 hac
1563 4184 1747 4231 autem
1807 4191 2125 4251 propterea,
2180 4188 2327 4255 quod

740 4256 836 4323 qui
876 4273 1005 4311 eum
1058 4274 1255 4312 sanum
1313 4259 1545 4326 fecerat,
1601 4265 1712 4319 Deo
1762 4279 1906 4321 esset
1953 4269 2328 4329 familiaritate

743 4343 1097 4408 eonjunctus.

816 4431 908 4487 IX.
950 4435 1157 4493 Deinde
1190 4439 1383 4505 etiam,
1417 4452 1477 4497 ut
1516 4452 1680 4500 tanta:
1703 4450 2010 4505 curationis
2055 4451 2326 4509 beneﬂcio

746 4528 1128 4594 responderet,
1179 4531 1239 4584 Β.
1293 4532 1586 4605 Sampsoni
1640 4553 1835 4591 aurum
1878 4541 2100 4597 donavit
2149 4530 2405 4613 spien-D

748 4615 875 4667 dide
902 4632 965 4669 ac
994 4620 1304 4687 magnifice,
1341 4635 1397 4678 et
1429 4641 1774 4698 quaecunque
1802 4642 2059 4699 poterant
2090 4635 2328 4693 incitare

748 4708 1084 4764 desiderium
1129 4712 1270 4782 ejus,
1316 4717 1407 4784 qui
1442 4720 1745 4774 secundum
1790 4738 2011 4779 carnem
2058 4728 2209 4783 vivit.
2250 4728 2329 4784 illi

749 4809 931 4853 autem
975 4805 1219 4859 tenuiter
1261 4815 1318 4861 et
1367 4807 1653 4882 frugaliter
1691 4813 1896 4879 vivere,
1956 4828 2079 4872 erat
2125 4821 2328 4877 bonum

750 4906 846 4965 per
883 4907 941 4946 se
971 4897 1342 4963 expetendum
1385 4903 1644 4959 omnibus
1684 4907 1907 4975 quidem
1949 4909 2158 4967 divitiis
2197 4912 2331 4968 bea-

752 4982 883 5046 tius,
912 4987 1107 5052 quavis
1134 5004 1265 5043 vero
1294 4990 1465 5059 gloria
1506 5010 1569 5048 ac
1619 4998 1885 5067 dignitate
1942 5006 2325 5062 excellentius.

750 5075 1112 5145 imperatoris
1162 5093 1317 5136 certe
1359 5083 1749 5143 liberalitatem
1796 5100 1853 5145 et
1897 5096 2328 5153 munificentiam

751 5173 1082 5237 opportunis
1140 5182 1195 5227 et
1246 5174 1442 5231 validis
1507 5185 1779 5237 recusavit
1846 5189 2324 5243 rccusationibus:

754 5258 845 5313 Illa
886 5261 1019 5315 mihi
1052 5263 1169 5329 das,
1210 5266 1423 5337 dicens,
1472 5285 1506 5324 ο
1552 5273 1871 5343 imperator,
1918 5294 2043 5348 qua:
2072 5281 2331 5335 lubenter

754 5352 950 5420 reliqui
983 5365 1207 5424 propter
1240 5358 1545 5427 Christum,
1597 5375 1658 5418 ut
1692 5368 1785 5435 qui
1833 5372 2033 5425 multas
2076 5372 2328 5441 posside-

755 5459 871 5499 rem
925 5449 1225 5513 pecunias,
1276 5461 1331 5506 ct
1386 5456 1585 5511 multas
1622 5457 1878 5513 haberem
1932 5465 2327 5532 possessiones.

753 5534 1042 5607 Quomodo
1092 5556 1222 5611 ergo
1265 5559 1327 5599 ea
1373 5549 1674 5617 accipiam,
1721 5554 1841 5607 sine
1897 5556 2096 5624 quibus
2142 5559 2332 5613 vivere

755 5641 943 5693 aperte
978 5636 1217 5701 comperi
1257 5638 1449 5694 utilius
1472 5656 1617 5703 esse.
1648 5654 1709 5699 et
1739 5660 1771 5698 a
1795 5647 1997 5713 quibus
2028 5651 2330 5716 prudenter

756 5725 1125 5781 discedentem
1194 5730 1301 5784 Deo
1347 5747 1472 5788 esse
1520 5738 1899 5807 coniunctum,
1947 5742 2189 5797 dilucide
2244 5754 2330 5798 est

757 5823 1077 5876 ostensum?
1105 5821 1256 5893 Quod
1300 5825 1341 5879 si
1390 5842 1487 5897 pro
1534 5842 1745 5885 summa
1784 5842 1870 5886 tua
1909 5832 2247 5903 benignitate
2276 5846 2330 5892 et

2430 3265 2539 3317 λων
2583 3266 3085 3335 ταπεινοφροσύνης
3128 3268 3417 3337 περιουσίᾳ
3457 3270 3677 3337 χάριτος
3724 3254 4011 3337 ἀφθονίαν,

2431 3357 2729 3425 ἐπιθέμασί
2755 3374 2866 3409 τισι
2901 3359 3013 3420 τοῖς
3039 3360 3103 3412 ἐκ
3135 3358 3349 3430 τέχνης,
3382 3358 3417 3412 ἃ
3444 3358 3520 3442 τῷ
3558 3360 3812 3428 ἀλγοῦντι
3855 3364 4015 3434 μέρει

2433 3448 2755 3509 ἐπέϐαλλεν,
2818 3448 3146 3519 ἐπιγράφειν
3211 3452 3471 3521 ἐπειρᾶτο
3514 3447 3611 3521 τὴν
3658 3454 3825 3507 ἴασιν.
3873 3452 4015 3504 Ἀλλ’

2433 3540 2587 3593 ἐνίκα
2607 3541 3081 3613 ἐπιπλαττομένην
3106 3542 3249 3597 οὕτω
3273 3543 3574 3614 θεραπείαν
3599 3547 3631 3617 ἡ
3665 3546 4017 3617 ὑποκρυπτο-

2435 3630 2571 3700 μένη
2612 3629 2859 3701 ἀλήθεια,
2895 3636 2987 3685 καὶ
3021 3636 3047 3685 ὁ
3080 3636 3136 3685 ἐν
3175 3635 3387 3695 πολλοῖς
3427 3636 3520 3687 καὶ
3550 3636 3732 3697 ἀλλοις
3764 3636 4016 3705 θαυματ-

2431 3726 2630 3790 ουργδς
2695 3723 3019 3788 γνωρισθεὶς
3078 3722 3182 3773 κᾶν
3227 3724 3401 3791 τούτῳ
3456 3724 3519 3788 δὴ
3574 3725 4015 3796 θαυματουργῶν

2432 3811 2778 3879 ἐγνωρίζετο.
2808 3810 2882 3863 Οὐ
2916 3809 3109 3861 πολλαὶ
3136 3811 3413 3880 παρῆλθον
3446 3813 3653 3885 ἡμέραι
3682 3816 3771 3866 καὶ
3800 3816 3827 3866 ὁ
3852 3815 4014 3885 βασις

2429 3902 2555 3966 λεὺς
2595 3902 2736 3965 ὅλως
2784 3902 3075 3974 ἀπηλλάγη
3114 3903 3209 3957 τοῦ
3241 3905 3448 3969 πάθους
3498 3910 3589 3960 καὶ
3624 3908 3873 3979 καθαρᾶς
3908 3912 4017 3963 ἀπ-

2430 3995 2658 4050 έλαυσεν
2687 3998 2919 4063 ὑγιείας,
2945 3998 3158 4068 πλήρης
3181 4015 3237 4051 τε
3279 3996 3347 4070 ἦν
3377 4002 3717 4074 εὐφροσύνης
3750 4005 3840 4055 καί
3879 4004 4014 4056 θαύ-

2434 4103 2625 4156 ματος,
2653 4088 2751 4156 τῆς
2789 4088 2887 4158 μὲν
2925 4089 3014 4168 διά
3058 4091 3157 4161 τὴν
3189 4092 3550 4162 ἀνάστρωσιν,
3584 4094 3677 4147 τοῦ
3716 4096 3773 4149 δὲ
3799 4096 3887 4150 διὰ
3917 4098 4013 4168 τὴν

2429 4180 2524 4233 τοῦ
2558 4182 2884 4249 ὑγιάσαντος
2913 4162 3049 4251 πρὸς
3080 4183 3212 4236 Θεὸν
3236 4185 3538 4239 οίκείωσιν.

2500 4452 2579 4507 Θθ.
2620 4451 2850 4505 Ἔπειτα
2884 4450 2978 4505 καὶ
3020 4450 3095 4514 ὡς
3130 4450 3497 4522 ἀμειψόμενος
3527 4453 3587 4506 τὸ
3616 4455 3759 4523 μέγα
3790 4458 3889 4526 τῆς
3919 4457 4016 4510 ea-

2434 4545 2663 4616 ραπιίας
2710 4544 3030 4613 δωρήμασιν
3094 4544 3425 4613 ἐπικαίροις,
3484 4546 3683 4614 χρυσόν
3732 4564 3792 4600 τε
3836 4548 4011 4602 ἐδίδου

2436 4636 2853 4707 μεγαλοψύχως,
2922 4637 3017 4689 καὶ
3072 4635 3209 4691 ἄλλα
3263 4638 3364 4689 ὅσα
3427 4637 3493 4706 δὴ
3552 4638 3846 4708 ἐπιθυμίαν
3900 4638 4013 4697 οἶδε

2434 4725 2789 4798 παρακαλεῖν,
2824 4726 2917 4780 τοῦ
2962 4727 3102 4780 κατά
3137 4729 3316 4795 σάρκα
3358 4724 3557 4790 ζῶντός
3590 4744 3770 4797 φημι’
3811 4732 4015 4805 ἐκείνῳ

2432 4819 2489 4872 δέ
2520 4819 2580 4871 τὺ
2619 4819 2781 4881 λιτῶς
2812 4818 2953 4873 οὓτω
2984 4820 3078 4872 καὶ
3116 4818 3480 4887 ἠμελημένως
3525 4818 3647 4889 ζῇν,
3682 4821 4013 4894 αὐθαίρετον

2432 4910 2655 4977 ἀγαθὸν,
2691 4910 2891 4972 παντὸς
2933 4910 3030 4979 μὲν
3076 4912 3305 4963 πλούτου
3340 4911 3781 4981 μακαριώτερον,
3828 4916 4014 4985 πάσης

2430 5006 2485 5059 δέ
2508 5006 2666 5073 δόξης
2718 5002 3237 5073 ἀξιωματικώτερον
3262 5020 3277 5035 ⁸
3316 5004 3507 5073 ἀμέλει
3534 5010 3627 5060 καὶ
3648 5011 3708 5059 τὸ
3728 5008 3821 5060 τοῦ
3850 5008 4013 5078 βασι-

2431 5101 2566 5162 λέως
2615 5101 2897 5169 φιλότιμόν
2942 5117 2999 5152 τε
3034 5100 3125 5151 καὶ
3168 5100 3542 5172 μεγαλόδωρον
3585 5104 3862 5174 εὐκαίροις
3912 5110 4015 5159 καὶ

2436 5193 2683 5261 ἰσχυραῖς
2712 5192 3069 5261 διεκρούσατο
3091 5192 3431 5262 ἀπολογίαις,
3468 5196 3679 5249 Ἐκεῖνα
3710 5216 3798 5265 μοι
3825 5198 4013 5261 δίδως,

2432 5279 2477 5336 ὦ
2510 5284 2752 5354 βασιλεῦ,
2776 5283 2968 5345 εἰπὼν,
2998 5277 3072 5336 ὧν
3101 5286 3263 5347 αὐτὸς
3303 5285 3470 5352 ἡδέως
3498 5280 3719 5357 ἐξέστην
3753 5290 3839 5342 διὰ
3872 5292 4013 5359 Χρι-

2434 5378 2577 5441 στὸν,
2612 5377 2779 5429 πολλὰ
2806 5377 2904 5444 μέν
2934 5378 2990 5428 ἐν
3019 5378 3281 5445 κτήμασι,
3320 5378 3542 5433 πλείστα
3564 5381 3618 5433 δέ
3655 5382 3750 5433 καὶ
3789 5384 3846 5433 ἐν
3870 5386 4018 5452 χρή-

2438 5484 2570 5535 μασι
2606 5468 2964 5535 κεκτημένος.
3000 5469 3122 5529 Πῶς
3158 5465 3251 5521 οὖν
3291 5470 3401 5537 ἐγὼ
3431 5470 3671 5540 λήψομαι
3702 5474 3897 5538 ταῦτα,
3933 5469 4017 5525 ὧν

2432 5558 2491 5610 τὸ
2520 5558 2683 5625 ζῆσαι
2710 5560 2877 5629 χωρὶς
2922 5560 3172 5627 φανερῶς
3224 5553 3382 5629 εὗρον
3417 5562 3866 5630 ὠφελιμώτατον,
3914 5567 4020 5618 καὶ

2433 5644 2506 5704 ὧν
2546 5652 2607 5702 τὸ
2634 5650 2935 5719 ἀποστῆναι
2977 5651 3272 5721 φρονίμως,
3314 5654 3435 5722 Θεῷ
3460 5655 3810 5726 οίκειωθῆναι
3840 5658 4022 5711 καθα-

2440 5746 2545 5815 ρῶς
2577 5746 2991 5810 ἀποδέδεικται;
3035 5746 3093 5797 Εἰ
3120 5745 3175 5798 δὲ
3208 5747 3386 5818 βούλει
3419 5746 3506 5801 διὰ
3548 5749 3747 5818 πολλὴν
3778 5755 4023 5819 χρηστό-

2435 5854 2571 5907 τητα
2599 5838 2687 5890 καὶ
2720 5838 3127 5907 φιλανθρωπίαν
3171 5839 3562 5909 κεχαρισμένον
3606 5843 3734 5909 ἡμῖν
3777 5858 3830 5893 τι
3864 5842 4021 5908 γίνε-
