4230 6436
185 385 292 448 289

1421 380 1597 440 VlTA
1639 377 1709 435 S.
1746 374 2190 434 SAMPSONIS.

3326 383 3434 446 290

185 498 330 558 σθαι,
372 494 577 564 μᾶλλον
626 493 764 566 (Qui)
787 494 1042 566 γινέσθω]
1086 495 1175 546 καὶ
1218 493 1360 546 οὕτω
1390 492 1454 563 δὴ
1484 493 1577 544 καὶ
1617 489 1754 558 πρός

1879 486 2207 541 inmanitate
2250 485 2410 540 nobis
2460 486 2640 554 aliqua
2693 488 2747 542 in
2785 505 2841 544 re
2872 491 3168 561 gratiﬁcari
3217 500 3435 568 cupias,

184 589 329 656 ἡμᾶς
386 588 446 638 τὸ
491 586 711 653 γεγονὸς
759 586 1096 656 διαϐήσεται.
1144 587 1335 637 Ἔσται
1382 586 1437 640 δὲ
1480 583 1657 646 τοῦτο,
1707 584 1756 635 εί

186 677 413 744 πλησὶον
452 675 545 727 τοῦ
586 675 719 742 ἐμοῦ
751 678 1014 740 οἰκίσκον,
1053 677 1110 728 ὄν
1163 693 1222 727 τε
1258 677 1424 739 αὐτὸς
1467 674 1623 737 οίκῶ,
1663 672 1756 725 καί

183 783 333 826 τινας
360 766 467 817 τῶν
500 769 763 833 νοσήματι
797 767 1038 835 κατὸχων
1071 767 1307 835 είσάγων
1339 765 1653 836 ἐπιμελείας
1683 765 1755 824 ὡς

188 856 295 922 ἐμὴ
325 855 551 923 δύναμις
581 857 734 921 ἀξιῶ,
764 852 908 908 οἷκον
937 861 1046 918 τοῖς
1074 858 1213 926 νόσῳ
1244 857 1544 925 κάμνουσιν
1569 855 1758 923 ἐπιτή-

183 947 327 998 δειον
353 948 510 1010 αὐτὸς
554 951 784 1013 ἐγερεῖς.
832 948 1000 1001 Τοῦτο
1038 949 1147 1018 γάρ
1191 966 1270 1000 σοι
1314 948 1555 1016 ἀοίδιμον
1588 946 1756 1015 ὄνομα

188 1038 343 1107 Θήσει
376 1041 468 1092 καὶ
498 1041 814 1109 προξενήσει
847 1042 1038 1110 pisith
1065 1042 1429 1110 ἀναφαίρετον
1488 1041 1756 1091 Ἤκουσεν

185 1131 210 1180 6
246 1130 520 1198 βασιλεὺς,
577 1133 670 1182 καὶ
726 1133 786 1182 τὸ
824 1133 1043 1202 αἰτηθὲν
1097 1133 1170 1194 ὡς
1210 1132 1416 1201 δωρεὰν
1473 1131 1674 1198 μᾶλλον
1724 1129 1783 1194 ἣ-

185 1221 403 1289 αῐτησιν
440 1222 688 1288 ἁσμένως
741 1223 1074 1291 προσήκατο.
1116 1223 1222 1272 Καὶ
1265 1221 1604 1290 παραχρῆμα
1642 1219 1758 1288 (καὶ

186 1313 296 1383 γὰρ
327 1310 393 1382 ἦν
417 1315 533 1364 τότε
568 1315 660 1365 καὶ
687 1313 776 1364 τὸν
812 1314 952 1365 Οείον
985 1314 1069 1365 ἐπ’
1102 1314 1325 1382 ὀνόματι.
1358 1313 1458 1382 τῆς
1497 1312 1589 1364 τοῦ
1619 1309 1754 1363 Θεοῦ

189 1406 381 1474 σοςίας
408 1407 530 1455 ναὸν
558 1404 1127 1475 κατασκευασάμενος)
1163 1407 1256 1457 καὶ
1286 1405 1449 1458 αὑτὸν
1497 1404 1756 1456 ἐπέταττε

187 1497 685 1566 συνοικοδομεῖσοαι
727 1497 1005 1568 προθυμίᾳ
1047 1515 1105 1548 τε
1165 1497 1360 1566 ψυχῆς,
1415 1496 1506 1549 καὶ
1557 1495 1758 1547 οἰκοδο-

192 1587 439 1655 μουντων
468 1588 800 1658 πολυχειρίᾳ,
831 1589 924 1640 καὶ
957 1589 1204 1657 δαψιλείᾳ
1243 1587 1443 1649 παντὸς
1475 1586 1762 1656 ἀναλώμα-

191 1693 304 1742 τος,
334 1679 496 1730 αὐτοῦ
539 1679 638 1747 μὲν
672 1679 1000 1750 παρέχοντος
1043 1677 1358 1746 φιλοτίμως,
1406 1676 1550 1728 κατὰ
1592 1675 1650 1727 δὲ
1699 1673 1761 1725 τὸ

191 1772 426 1840 ἀρέσκον
475 1771 551 1838 τῷ
587 1771 828 1838 Μεγάλῳ
858 1772 955 1840 τῆς
987 1769 1294 1838 οἰκοδομίας
1337 1767 1761 1833 τελευτουργου-

1867 578 1920 630 id
1957 577 2045 630 ﬁat
2079 578 2190 632 Deo
2227 578 2428 643 potius,
2481 588 2537 633 et
2584 580 2660 632 ita
2706 583 2850 650 quod
2908 586 3104 640 factum
3141 587 3331 655 fuerit,
3367 593 3433 646 ad

1864 684 1965 730 nos
2016 684 2236 736 quoque
2286 671 2560 723 transibit.
2614 671 2731 725 Fiet
2766 685 2950 728 autem
2995 676 3120 740 hoc,
3171 679 3214 732 si
3268 690 3438 751 ρτορθ

1865 774 2040 812 meam
2099 759 2508 823 donumcnlam,
2559 776 2721 828 quam
2767 774 2821 816 et
2854 764 2968 833 ipse
3004 767 3216 835 habito,
3246 783 3299 825 et
3333 774 3444 827 ali-

1863 864 2002 917 quos
2042 864 2108 903 ex
2151 851 2236 912 iis,
2268 853 2360 920 qui
2416 854 2623 908 morbis
2670 855 2941 921 laborant,
2984 875 3050 913 eo
3087 861 3440 918 introdueens

1864 956 1995 994 curo
2029 959 2126 1011 pro
2161 945 2390 1008 viribus,
2431 949 2826 1019 aegrotantibus
2858 949 3077 1003 domum
3122 965 3300 1022 aptam
3342 972 3439 1008 ex-

1863 1032 2142 1088 citaveris.
2179 1035 2291 1090 Hoc
2320 1039 2468 1091 enim
2515 1039 2610 1092 tibi
2657 1050 2711 1094 ct
2745 1042 2952 1094 clarum
2996 1059 3194 1097 nomen
3242 1047 3436 1114 pariet,

1863 1134 1918 1176 et
1948 1126 2263 1181 conciliabit
2297 1133 2625 1193 mercedem,
2682 1145 2802 1198 qua:
2833 1131 3034 1186 auferri
3069 1150 3178 1186 non
3216 1143 3435 1203 poterit.

1863 1214 2086 1271 Audivit
2117 1216 2437 1286 imperator,
2482 1222 2707 1290 etquod
2747 1224 2974 1290 petitum
3017 1225 3213 1290 fuerat,
3262 1229 3439 1283 liben-

1867 1312 1949 1358 ter
1982 1306 2223 1372 admisit,
2260 1319 2516 1380 tanquam
2546 1312 2749 1368 donum
2780 1319 2982 1384 potius,
3012 1333 3172 1386 quam
3222 1322 3441 1389 petitio-

1865 1413 2012 1451 nem.
2048 1399 2116 1452 Et
2143 1404 2328 1455 statim
2382 1404 2560 1473 (tunc
2614 1407 2759 1458 enim
2799 1407 3044 1461 divinum
3091 1414 3443 1467 construebat

1868 1490 2130 1557 templum
2159 1492 2379 1548 nomine
2422 1494 2518 1547 Dei
2565 1496 2802 1564 Sophim)
2833 1498 2994 1566 jussit
3027 1509 3083 1552 ut
3131 1500 3183 1553 id
3219 1519 3442 1572 quoque

1868 1580 2028 1634 simul
2066 1581 2432 1638 aedificaretur
2469 1595 2721 1655 prompto
2753 1599 2808 1642 et
2838 1590 3002 1644 alacri
3032 1592 3199 1646 animi
3232 1595 3435 1660 studio,

1867 1683 1923 1727 et
1947 1688 2139 1727 eorum
2173 1691 2295 1744 quae
2344 1677 2711 1741 mdii‘tcabant,
2755 1696 2949 1751 magna
2984 1685 3354 1751 multitudine,
3387 1697 3443 1742 et

1869 1766 2113 1820 ontnium
2150 1768 2524 1837 impensarum
2571 1773 2748 1840 copia,
2808 1775 2925 1841 ipso
2971 1778 3191 1844 quidem
3239 1796 3444 1851 suppe-

195 1862 385 1931 μένης.
448 1861 598 1912 Ἐπεὶ
652 1861 708 1911 δὲ
774 1861 868 1912 καὶ
924 1862 1240 1930 ᾠκοδόμητο
1281 1861 1402 1912 λίαν
1461 1858 1760 1928 φιλοκάλως

1879 1856 2070 1913 litante
2115 1859 2438 1925 liberaliter,
2482 1879 2548 1917 ex
2587 1866 2762 1934 magni
2796 1882 2925 1921 vero
2971 1869 3286 1939 Sampsonis
3316 1847 3442 1927 sen-

191 1952 286 2002 καὶ
352 1951 807 2018 μεγαλοπρεπῶς,
869 1953 958 2002 καὶ
992 1951 1253 2021 ὀνόματος
1309 1951 1474 2005 αὑτοῦ
1523 1951 1760 2021 ἠξιοῦτο,

191 2041 353 2103 εζιθὺς
427 2043 618 2112 ἐκείνῳ
682 2061 740 2096 τε
801 2045 1186 2115 ἐπετράπετο,
1240 2045 1335 2096 καὶ
1385 2045 1543 2107 αὐτὸς
1610 2039 1675 2114 ἦν
1736 2045 1765 2098 6

193 2133 337 2196 θεῖος
395 2136 652 2204 Σαμψὼν,
702 2136 746 2187 6.
785 2137 884 2207 τὴν
944 2135 1038 2190 τοῦ
1069 2137 1217 2188 οίκου
1276 2137 1610 2205 προστασίαν
1671 2153 1766 2189 πε-

194 2230 575 2297 πιστευμένος.

269 2408 326 2459 I'.
364 2407 726 2477 [Ipsa-:50ch
758 2409 784 2458 6
818 2407 1070 2476 βασιλεὺς
1105 2412 1197 2462 καὶ
1231 2411 1439 2479 ἕτερον,
1481 2410 1767 2481 βασιλικῆς

195 2499 346 2562 ἀξιον
379 2499 805 2568 μεγαλοδωρίας,
848 2502 1153 2571 ἀπόμοιραν
1196 2503 1294 2553 οὐκ
1327 2502 1534 2571 ὀλίγην,
1568 2504 1674 2555 οὐδ’
1708 2504 1766 2569 ἐξ

194 2593 378 2659 ὀλίγης
411 2593 780 2662 προαιρέσεως
810 2594 886 2661 τῷ
917 2595 1054 2660 ἁγίῳ
1089 2593 1263 2662 τούτῳ
1299 2595 1431 2664 οἴκῳ
1459 2596 1764 2662 καθιεροῦν,

194 2686 258 2735 ὲκ
309 2685 589 2755 προνομῆς
639 2686 809 2753 δήπου
858 2684 1242 2754 διαιρεθεῖσαν,
1278 2681 1343 2756 ἦς
1386 2689 1412 2736 ὁ
1457 2686 1770 2756 Θαυμαστὸς

196 2775 512 2844 Βελισάριος
567 2776 674 2828 ἀπὸ
717 2776 817 2845 τῆς
890 2776 996 2830 τῶν
1052 2778 1352 2847 Ἀσσυρίων
1417 2778 1520 2845 γῆς
1578 2781 1770 2850 ἐκείνῳ

195 2868 564 2939 προσαγαγὼν
604 2865 693 2940 ἦν,
745 2869 1003 2940 λαμπρᾶς
1050 2870 1127 2941 τῷ
1174 2869 1285 2922 ὄντι
1332 2872 1422 2921 καὶ
1464 2871 1767 2938 φιλοτίμου.

200 2956 334 3012 Εἶτα
360 2949 454 3014 καὶ
485 2963 780 3032 κτημάτων
802 2962 1029 3033 δωρεαῖς
1062 2963 1316 3032 κρατύνει
1340 2964 1429 3015 τὶν
1452 2958 1619 3024 οἷκον,
1657 2964 1776 3015 ἰκα-

193 3053 299 3111 νῶς
334 3054 567 3121 ἐχόντων
602 3052 683 3115 εἷς
717 3070 774 3105 τε
809 3054 975 3114 ἄλλας
1014 3056 1178 3105 αὑτοῦ
1228 3056 1472 3117 δαπάνας
1507 3057 1596 3107 καὶ
1639 3058 1772 3124 πρὸς

1867 1952 2035 2006 tentia
2076 1953 2276 2008 eﬂ‘ecto
2301 1954 2558 2010 tediﬁcio.
2591 1957 2882 2027 Postquam
2913 1970 3091 2015 autem
3124 1964 3350 2031 pulchre
3389 1977 3445 2020 et

1867 2045 2156 2114 magniﬁce
2199 2046 2304 2100 fuit
2336 2047 2688 2110 aediﬁcatum,
2724 2059 2777 2102 et
2819 2051 2886 2105 ab
2935 2053 3052 2122 ejus
3087 2054 3190 2109 fuit
3226 2058 3447 2112 nomine

1867 2137 2305 2200 denominatum,
2363 2139 2615 2206 protinus
2679 2139 2754 2193 illi
2818 2142 2923 2195 fuit
2973 2147 3325 2211 permissum.
3379 2149 3447 2203 Et

1868 2228 1983 2298 ipse
2013 2241 2132 2283 erat
2161 2229 2383 2285 divinus
2419 2230 2508 2285 ille
2553 2231 2840 2301 Sampson,
2873 2236 2961 2289 cui
2995 2239 3282 2294 commissa
3324 2240 3446 2294 fue-

1871 2329 1949 2372 rat
1977 2320 2170 2374 domus
2203 2321 2609 2376 administratio
2649 2324 2746 2392 (-i).

1940 2411 2004 2472 X.
2048 2413 2244 2478 Adjicit
2301 2425 2481 2466 autem
2537 2415 2833 2483 imperator
2889 2417 3041 2472 aliud
3097 2435 3316 2488 quoque
3362 2422 3448 2475 di-

1869 2518 2032 2573 gnum
2096 2503 2449 2571 imperatoria
2530 2505 2924 2562 muniﬁcentia.
2994 2509 3112 2563 Non
3191 2513 3442 2582 exiguam

1869 2595 2015 2648 enim
2041 2610 2265 2648 suorum
2297 2595 2564 2650 bonorum
2614 2607 2844 2666 partem,
2879 2610 2938 2654 et
3000 2616 3107 2655 non
3146 2603 3265 2658 sine
3291 2620 3451 2675 egre-

1871 2685 1960 2754 gio
2004 2687 2305 2754 proposito,
2356 2687 2484 2740 huic
2537 2688 2638 2741 aedi
2690 2693 2891 2743 sancta:
2944 2706 3249 2755 consecrat,
3300 2711 3454 2749 sum-

1874 2785 2019 2847 ptam
2051 2777 2349 2832 scilicetex
2404 2780 2622 2847 praedis,
2665 2797 2802 2850 quas
2844 2784 3184 2840 admirabilis
3227 2787 3318 2840 ille
3351 2788 3452 2842 Be-

1874 2867 2094 2922 lisarius
2122 2874 2184 2922 ad
2216 2887 2341 2924 eum
2392 2873 2652 2927 attulerat
2700 2889 2730 2928 e
2777 2884 2923 2929 terra
2971 2877 3314 2948 Assyriorum
3349 2881 3450 2947 (5),

1875 2975 1995 3027 qua:
2046 2976 2234 3015 revera
2302 2973 2459 3017 erant
2527 2965 2800 3033 praeclarae
2850 2978 2906 3020 et
2959 2970 3177 3037 opima}.
3247 2971 3454 3026 Deinde

1875 3053 2098 3107 domum
2153 3069 2370 3121 quoque
2423 3057 2598 3108 munit
2644 3057 2802 3110 donis
2857 3060 3295 3125 possessionum,
3333 3077 3456 3130 qua

199 3141 403 3208 ἰατρῶν
450 3145 760 3210 σιτηρέσια,
795 3143 890 3195 καὶ
906 3133 1035 3194 ’τῶν
1063 3145 1255 3212 ἐτέρας
1281 3146 1769 3214 ὲπιτετραμμένων

1879 3154 1929 3197 et
1959 3145 2024 3198 ad
2053 3144 2190 3198 alios
2210 3146 2327 3213 ejus
2359 3155 2610 3213 sumptus
2642 3145 3009 3212 sufﬁciebant,
3037 3157 3092 3202 et
3114 3148 3179 3202 ad
3218 3150 3452 3205 alimen-

194 3234 363 3286 αὑτοῦ
386 3233 748 3303 λειτουργίας.
796 3235 920 3287 Ἐπὶ
942 3236 1152 3297 πολλοῖς
1180 3231 1273 3288 οὖν
1302 3241 1411 3299 τοῖς
1439 3241 1650 3308 χρόνοις
1679 3241 1768 3292 οὗ·

192 3345 301 3387 τως
335 3330 363 3379 6
394 3326 678 3398 Μακάριος
723 3327 1016 3398 διαρκέσας
1052 3329 1110 3380 ἐν
1155 3331 1272 3392 ταῖς
1317 3328 1424 3381 τῶν
1454 3332 1768 3399 καμνόντων

192 3418 561 3488 ἐπιμελείαις,
609 3418 704 3472 καὶ
754 3421 1033 3488 πατρικῶς
1077 3421 1294 3472 πάντων
1331 3421 1421 3471 καὶ
1455 3420 1573 3472 λίαν
1610 3421 1770 3488 κηδε-

196 3511 440 3580 μονικῶς
493 3510 970 3580 προμηθούμενος,
1021 3512 1144 3564 ἐπεὶ
1179 3513 1271 3564 καὶ
1305 3513 1383 3573 εις
1419 3510 1554 3580 βαθὺ
1597 3514 1770 3581 γῆρας

192 3604 298 3674 ήδη
341 3603 589 3671 παραδὺς
622 3599 710 3671 ἦν,
754 3604 847 3653 καὶ
879 3603 1152 3665 ἀδυνάτως
1179 3605 1300 3673 ἔχον
1335 3605 1484 3672 αὐτῷ
1511 3606 1568 3657 τὸ
1613 3606 1771 3677 σῶμα

191 3695 294 3764 τὴν
320 3693 579 3762 τελευτὴν
607 3692 783 3757 ὡδινε,
827 3693 1016 3746 νοσοῦν
1048 3694 1147 3762 μὲν
1193 3695 1348 3760 ὀλίγα
1384 3697 1477 3745 καὶ
1506 3692 1591 3746 οἶα
1637 3714 1773 3764 προ-

191 3789 355 3857 οίμια
395 3787 710 3840 δείκνυσθαι
740 3786 912 3840 ταῦτα
948 3787 1041 3839 καὶ
1070 3786 1293 3858 ἀφορμὴ
1343 3787 1596 3843 θανάτου.
1632 3789 1771 3857 Θνή-

194 3899 318 3934 σκει
366 3881 422 3933 δὲ
460 3882 560 3933 οὐκ
605 3881 850 3950 ἀθυμῶν,
906 3882 1025 3934 οὐδὲ
1086 3881 1466 3952 βαρυνόμενος,
1519 3881 1638 3935 οὐδὲ
1676 3883 1775 3952 τὴν

192 3974 496 4043 μετάθεσιν
527 3973 894 4041 δυσχεραίνων
934 3975 1074 4026 κατὰ
1107 3977 1203 4037 τὰς
1231 3976 1639 4042 φιλοσωμάτους
1666 3976 1772 4045 ψυ-

190 4069 298 4136 χάς
325 4085 382 4119 τε
418 4067 511 4118 καὶ
537 4065 918 4134 φιλοκὸσμους,
941 4067 1075 4117 ἀλλὰ
1097 4069 1285 4134 πράως
1311 4067 1404 4120 καὶ
1434 4069 1650 4138 ἱλαρῶς.
1678 4073 1769 4121 ατε

191 4159 335 4227 γοῦν
365 4159 410 4210 δ’
438 4155 676 4226 ἀκριϐῶς
710 4156 1070 4225 ἐπιστάμενος
1098 4155 1185 4224 ὑφ’
1208 4155 1267 4208 οὒ
1302 4158 1568 4220 καλεῖται,
1598 4164 1687 4209 καὶ
1716 4159 1774 4221 ἑξ

188 4254 317 4314 οἵας
353 4251 656 4321 περιφορᾶς
701 4251 779 4313 εἰς
813 4249 931 4301 οἵαν
963 4249 1297 4302 κατάστασιν
1326 4249 1656 4318 μεταϐαίνει,
1684 4250 1778 4301 καὶ

191 4343 310 4397 οἷαι
347 4343 444 4412 τὴν
469 4343 745 4412 μακαρίαν
781 4341 942 4395 αὑτοῦ
972 4342 1150 4413 ψυχὴν
1182 4342 1509 4405 ἀπολαύσεις
1539 4343 1778 4406 ὲκδὲξον-

188 4453 322 4489 ται·
377 4435 441 4483 ἐκ
481 4435 585 4502 γάρ
638 4435 746 4485 τῶν
801 4435 976 4487 πόνων
1037 4435 1135 4498 τὰς
1191 4437 1502 4500 ἀντιδόσεις,
1551 4438 1612 4489 ἐκ
1667 4435 1777 4490 τῶν

1879 3245 1992 3289 tum
2028 3237 2384 3299 medicorum,
2411 3246 2466 3291 et
2490 3252 2700 3302 eorum,
2731 3237 2935 3307 quibus
2968 3250 3126 3295 erant
3156 3243 3260 3295 alia
3295 3258 3457 3296 com-

1877 3330 2038 3382 missa
2071 3345 2321 3384 munera.
2353 3333 2485 3384 Cum
2513 3333 2712 3385 multos
2741 3342 2923 3386 autem
2961 3347 3135 3388 annos
3169 3334 3248 3389 sic
3279 3344 3458 3391 trans-

1875 3422 2075 3490 cgisset
2104 3421 2180 3489 (6)
2206 3421 2294 3474 ille
2325 3422 2521 3475 Beatus
2552 3423 2605 3474 in
2660 3436 2790 3475 cura
2826 3423 3061 3490 gerenda
3097 3435 3461 3492 aegrotorum,

1878 3514 1945 3568 de
1969 3514 2171 3584 quibus
2203 3513 2458 3568 erunibus
2498 3521 2618 3566 erat
2663 3513 2836 3567 instar
2868 3514 3043 3582 patris
3085 3515 3371 3581 sollicitus,
3399 3527 3457 3570 et

1875 3608 1986 3677 jam
2039 3605 2103 3658 ad
2146 3619 2364 3675 gravem
2416 3603 2734 3658 devenisset
2786 3615 3147 3668 senectutem,
3173 3613 3228 3659 et
3257 3617 3457 3674 corpus

1881 3699 2220 3754 imbecillum
2265 3699 2315 3751 ei
2365 3706 2600 3752 mortem
2629 3695 2943 3766 parturiret,
3001 3711 3192 3764 parum
3226 3697 3454 3764 quidem

1879 3794 2127 3860 aegrotat,
2161 3799 2217 3842 et
2248 3788 2391 3856 quod
2425 3799 2607 3856 posset
2635 3789 2849 3844 ostendi
2872 3803 2992 3844 esse
3029 3790 3358 3856 procemium
3400 3799 3457 3843 et

1881 3882 2095 3938 occasio
2132 3881 2344 3934 mortis.
2383 3879 2614 3934 Moritur
2661 3890 2843 3933 autem
2874 3897 2982 3933 non
3031 3882 3230 3943 tristis,
3277 3897 3457 3948 neque

1883 3975 2120 4045 graviter
2144 3983 2197 4030 et
2223 3987 2363 4043 aegre
2400 3971 2581 4027 ferens
2611 3971 2918 4034 decessum,
2953 3980 3015 4025 ut
3054 3971 3234 4024 solent
3260 3973 3460 4025 animae

1884 4083 2005 4137 quin
2035 4067 2284 4135 corporis
2311 4075 2367 4121 et
2397 4066 2584 4120 mundi
2615 4067 2786 4119 nimio
2818 4075 3072 4119 tenentur
3100 4079 3283 4118 amore
3312 4080 3325 4117 :
3361 4065 3464 4118 sed

1884 4159 2094 4228 placide
2127 4171 2182 4212 et
2232 4159 2500 4220 hilariter,
2555 4166 2613 4210 ut
2671 4156 2762 4223 qui
2811 4155 3038 4224 pulchre
3084 4156 3248 4207 sciret
3285 4169 3313 4206 a
3347 4167 3466 4222 quo

1882 4259 2192 4315 vocaretur,
2215 4259 2268 4303 et
2305 4267 2334 4302 ει
2366 4265 2472 4317 qua
2520 4247 2932 4318 perturbatione
2982 4245 3046 4298 ad
3085 4260 3246 4314 quam
3283 4254 3462 4298 trans-

1885 4344 1991 4399 iret
2051 4342 2318 4412 requiem,
2345 4351 2402 4394 et
2426 4347 2642 4409 quantae
2678 4339 2986 4408 voluptates
3025 4345 3210 4391 essent
3239 4336 3462 4390 beatam

1885 4437 2003 4503 ejus
2039 4438 2276 4488 animam
2306 4445 2638 4501 exceptum.
2675 4431 2750 4485 Ex
2780 4430 3065 4484 laboribus
3094 4429 3239 4484 enim
3269 4443 3457 4482 remu-

192 4525 540 4596 σπερμάτων
581 4541 637 4575 τε
673 4524 790 4593 ⁴ᾔδει
831 4526 925 4576 καὶ
961 4527 1085 4588 τοὺς
1115 4527 1381 4595 καρπούς.
1445 4530 1492 4580 Η
1542 4528 1640 4599 μὲν
1687 4529 1779 4582 οὖν

1887 4530 2218 4589 nerationes,
2252 4535 2306 4580 et
2334 4526 2546 4579 fructus
2569 4533 2795 4576 noverat
2829 4538 2898 4575 ex
2931 4521 3253 4574 seminibus.
3281 4523 3467 4588 Atque

187 4619 449 4684 ἀξιόθεος
480 4615 692 4666 ἐκείνου
724 4615 938 4684 καθαρὰ
970 4617 1116 4688 ψυχὴ
1149 4619 1284 4690 πρὸς
1316 4619 1596 4690 οὐρανίους
1626 4624 1780 4692 οἰκή-

191 4725 320 4771 σεις
381 4706 802 4777 μεταφοιτᾷ“τὸ
833 4705 887 4758 δὲ
935 4706 1076 4776 ἱερὸν
1131 4710 1293 4778 σῶμα
1345 4713 1437 4763 καὶ
1489 4711 1641 4780 ἅγιον
1698 4711 1774 4779 τῷ

269 4897 356 4962 (Α)
388 4897 513 4952 Erat
539 4897 642 4948 hoc
677 4893 1104 4962 xenodochium,
1137 4902 1197 4946 ut
1243 4891 1408 4946 habet
1447 4890 1689 4960 Cangius
1728 4892 1782 4945 in

187 4958 684 5031 (innatanlinopoli
725 4958 1034 5017 Christiana
1065 4961 1158 5014 lib.
1197 4978 1266 5025 Iv,
1300 4963 1442 5016 inter
1472 4958 1787 5031 mdént‘So-

190 5035 468 5106 phianam
517 5029 783 5106 eti-aedem
823 5033 1025 5106 Irencs.
1065 5031 1150 5106 Et,
1181 5034 1508 5106 _t_t_t_ibid_ent
1538 5033 1617 5106 ait
1648 5029 1788 5084 Can-

189 5098 348 5176 gius,
377 5112 556 5158 exstat
584 5101 1153 5176 Epistolalnnocentii
1181 5098 1784 5176 IllPontilici_slili.1t_ttt,

188 5172 368 5246 epist.
436 5177 656 5246 t7,_qua
708 5173 1005 5246 conﬁrmat
1044 5174 1361 5246 prazceptori
1402 5183 1457 5246 et
1507 5172 1788 5246 Fratribus

193 5240 502 5314 hospitalis
530 5240 584 5296 Si
616 5240 1560 5314 SampsouisAConstantinopolilani
1592 5242 1786 5314 _dona-

192 5308 419 5371 tionem
455 5315 706 5376 cancelli,
736 5311 882 5379 quod
923 5308 1134 5380 Garelis
1166 5321 1533 5380 nuncupatur,
1584 5312 1785 5363 factum

190 5391 266 5440 ab
323 5385 561 5437 Henrico
602 5378 934 5448 imperatore
983 5378 1087 5432 Ci’.
1144 5378 1389 5433 Meminit
1429 5380 1592 5433 etiam
1625 5382 1785 5436 istius

193 5454 538 5511 Xenodochii
591 5452 828 5506 Jacobus
873 5453 940 5504 de
965 5450 1200 5504 V’ttriaco
1231 5450 1282 5501 in
1335 5450 1470 5504 Hist.
1498 5450 1784 5512 0ccidcnt.,

196 5546 331 5597 cap.
367 5523 461 5586 :29,
494 5524 579 5577 his
605 5523 788 5597 verbis
823 5539 833 5570 :
871 5542 907 5597 e_
931 5521 1401 5597 Quemadmodum
1434 5522 1784 5597 sulitliiiSjri-

197 5591 336 5653 talia
389 5597 562 5645 sancti
612 5593 849 5660 Spiritus
900 5593 952 5642 in
994 5593 1234 5644 liotuana
1275 5593 1410 5642 urbe
1444 5604 1498 5644 et
1545 5591 1599 5645 S.
1633 5591 1788 5644 Satn-

194 5665 403 5735 psonis
427 5665 481 5716 in
511 5661 1114 5735 Constantin0p0litana
1144 5662 1382 5735 civitate,
1424 5672 1480 5735 et
1519 5661 1790 5735 Βηᾼιιιυ-

193 5731 278 5791 itii
337 5742 392 5791 in
453 5736 570 5804 ipso
609 5737 806 5804 capite,
854 5745 908 5785 ct
1055 5733 1231 5784 Maria:
1280 5732 1676 5804 liotrSriovallis
1733 5732 1788 5782 in

196 5802 799 5871 introitu—[lisiianim
838 5813 892 5857 et
917 5802 1018 5855 alia
1072 5806 1317 5869 quaedam
1383 5802 1491 5853 Deo
1541 5812 1690 5869 grata
1736 5811 1793 5853 et

1889 4623 1999 4674 Deo
2032 4619 2252 4687 quidem
2281 4617 2441 4684 digna
2492 4623 2547 4666 et
2592 4613 2794 4665 munda
2827 4612 2972 4666 illius
3022 4611 3204 4665 anima
3244 4610 3312 4664 ad
3351 4624 3468 4664 cas-

1883 4713 2075 4767 lestem
2109 4711 2306 4765 transit
2344 4706 2736 4763 habitationem
2771 4721 2786 4756 :
2820 4719 3034 4759 sacrum
3069 4719 3197 4757 vero
3237 4712 3292 4756 et
3336 4716 3471 4754 san.-

1884 4890 2218 4958 pauperibus
2267 4885 2597 4956 peregrinis,
2630 4898 2729 4936 seu
2776 4881 3011 4936 inﬁrmis
3065 4879 3222 4932 valde
3269 4893 3464 4933 neces-

1885 4976 2050 5013 sarta.
2102 4978 2118 5008 ι

1957 5032 2032 5099 (5)
2073 5025 2381 5082 Transierri
2428 5027 2480 5080 id
2522 5032 2740 5099 oportet
2780 5030 2902 5090 post
2932 5017 3455 5099 mortem-Sampso-

1885 5090 1973 5151 nis
2005 5090 2025 5153 ι’
2060 5100 2278 5150 vivente
2334 5090 2882 5160 etenim'Sampsone
2928 5090 3326 5160 xenodochium
3362 5091 3464 5141 hoc

1887 5171 2021 5223 satis
2055 5168 2251 5221 misere
2291 5167 2543 5225 habebat,
2583 5158 2916 5226 uthabetur
2967 5161 3106 5212 intra
3160 5159 3263 5213 sub
3301 5158 3464 5209 tinem

1887 5253 2039 5291 num.
2089 5238 2145 5288 t7
2196 5255 2208 5288 :
2251 5238 2499 5306 quamvis
2534 5273 2547 5297 ,
2592 5233 2798 5306 quoad
2838 5241 3210 5306 structuram“
3241 5231 3459 5287 attinet,

1884 5311 2020 5362 satis
2055 5298 2399 5376 magniﬁcum
2442 5298 2625 5376 luerit;
2665 5315 2721 5356 ut
2748 5304 2952 5356 dictum
2981 5312 3063 5352 est
3097 5302 3147 5351 in
3173 5298 3463 5352 Commen-

1889 5380 2030 5431 tario
2055 5375 2253 5446 praevto
2287 5393 2436 5430 num.
2686 5443 2698 5447 _
3236 5437 3269 5447 η

1966 5437 2198 5516 (th-ilice
2232 5464 2341 5500 non
2385 5443 2734 5514 intelligenda
2783 5452 2910 5495 sunt
2951 5449 3070 5509 post
3113 5437 3462 5516 conditum__a

1891 5509 2204 5572 Jtistiniano
2231 5509 2630 5570 xenodoehidm
2662 5533 2672 5566 :
2725 5529 2914 5567 verunt
2950 5518 3016 5565 de
3060 5526 3189 5563 cura
3217 5517 3273 5560 et
3316 5509 3465 5567 solli-

1894 5583 2137 5641 citudine
2173 5603 2332 5656 quam
2377 5587 2540 5639 etiam
2593 5585 2742 5650 prius
2772 5583 2992 5658 aegrotis
3037 5592 3091 5635 et
3135 5580 3471 5658 pauperibus

1897 5650 2281 5725 impenderat:
2332 5667 2464 5724 .pusl
2530 5650 3008 5707 structum—enim
3061 5650 3468 5725 Xenodochium

1899 5720 2066 5782 unum
2099 5720 2400 5782 alterumve
2433 5741 2633 5780 annum
2667 5734 2875 5778 tantum
2907 5720 3233 5791 ευμειϊὶιιὶι.
