4230 6436
774 403 874 464 291

2078 397 2365 456 MENSIS
2406 397 2712 458 JUNIUS.

3942 386 4051 448 292

780 529 928 572 ctum
1001 517 1118 582 ejus
1191 525 1392 581 corpus
1469 512 1766 581 deponitur
1842 511 2243 566 honorabiliter
2307 512 2435 573 inA

2392 519 2435 573 Α
2471 513 2709 581 μεγίστῳ
2749 510 2862 581 ναῷ
2897 509 3119 564 Μωκίου
3153 509 3243 561 τοῦ
3275 508 3553 578 μάρτυρος
3597 507 3927 568 πανσέπτως
3960 509 4047 573 ἐγ·

777 610 1014 663 maxinio
1060 607 1262 674 templo
1313 604 1471 658 Mocii
1529 605 1783 674 martyris
1824 604 1921 673 (7),
1975 613 2163 672 utpote
2209 604 2356 672 quod

778 716 1003 770 magnus
1037 699 1127 752 ille
1160 699 1427 764 Sampson
1466 711 1532 748 ex
1571 711 1637 748 eo
1690 695 1972 748 diceretur
2021 696 2235 748 trahere
2269 710 2363 747 co-

776 793 1110 861 gnationem,
1149 805 1256 843 non
1303 804 1540 857 corpore
1597 788 1792 847 solum,
1849 788 1942 840 sed
1992 789 2161 841 multo
2191 788 2362 854 magis

777 886 962 938 animo
1016 893 1070 936 et
1127 883 1396 935 moribus.
1454 880 1624 944 Quam
1670 880 1855 932 multis
1929 890 2110 933 autem
2182 882 2364 934 clarus

781 976 946 1028 fuerit
978 973 1280 1034 miraculis,
1309 973 1400 1041 qui
1436 985 1520 1025 est
1546 974 1596 1022 in
1654 973 1818 1024 rebus
1846 971 2103 1025 omnibds
2131 974 2363 1024 maxime

777 1069 1141 1131 admirabilis,
1180 1085 1286 1122 non
1325 1070 1380 1120 in
1428 1069 1536 1120 vita
1590 1069 1789 1130 solum,
1841 1067 1933 1120 sed
1984 1069 2148 1120 etiam
2185 1068 2356 1121 multo

781 1162 950 1229 magis
985 1171 1104 1228 post
1144 1168 1399 1223 mortem,
1453 1175 1632 1226 neque
1689 1159 1870 1226 lingua
1921 1167 2102 1226 potest
2151 1158 2357 1219 dicere,

779 1266 956 1320 neque
1001 1253 1152 1304 auris
1183 1252 1493 1304 admittere.
1538 1250 1826 1314 Quomodo
1866 1250 2037 1311 enim,
2067 1250 2225 1318 cujus
2261 1265 2363 1304 nec

781 1346 837 1398 in
893 1346 1218 1398 hodiernum
1276 1347 1498 1412 quidem
1549 1347 1693 1397 diem
1748 1344 2115 1397 constiterunt
2160 1343 2365 1398 ﬂuenta

777 1438 1212 1490 miraculorum?
1258 1438 1367 1488 lmo
1421 1452 1549 1489 vero
1605 1452 1706 1489 nec
1764 1436 2067 1494 consistent
2117 1436 2363 1505 quidem,

778 1528 954 1582 donec
986 1530 1077 1582 ille
1105 1530 1248 1581 idem
1285 1530 1469 1592 fuerit,
1512 1539 1565 1582 et
1597 1527 1843 1596 ejusdem
1877 1529 2272 1582 misericordiae
2298 1528 2364 1581 ad

782 1622 1232 1675 intercedendum
1274 1639 1375 1691 pro
1409 1622 1730 1674 hominibus
1767 1622 1910 1687 apud
1953 1623 2147 1674 Deum.
2183 1623 2364 1674 Pauca

778 1729 930 1780 ergo,
957 1715 999 1766 si
1030 1715 1267 1777 videtur,
1298 1715 1362 1766 ad
1394 1715 1486 1766 Dei
1518 1716 1768 1780 gloriam,
1805 1723 1859 1767 et
1891 1730 2104 1776 eorum,
2138 1714 2232 1783 qui
2263 1730 2366 1766 au-

783 1806 963 1867 diunt,
1005 1808 1424 1860 delectationem
1460 1823 1523 1861 ac
1556 1809 1843 1860 utilitatem
1889 1823 1954 1861 ex
1989 1809 2054 1861 iis
2087 1825 2208 1876 quae
2243 1819 2367 1876 post

778 1899 896 1965 ejus
966 1901 1091 1954 hinc
1165 1917 1449 1955 excessum
1538 1900 1680 1954 facta
1757 1911 1925 1965 sunt,
1998 1910 2365 1971 prosequatur

778 2002 978 2046 Ol'ﬂllO.

2465 602 2847 655 κατατίθεται·
2885 603 2981 654 ἅτε
3028 601 3089 669 δὴ
3119 600 3213 651 καὶ
3262 599 3584 666 συγγένειαν
3623 600 3804 652 ἕλκειν
3837 600 4047 651 ἐκεῖθεν

2465 695 2556 747 τοῦ
2603 694 2856 760 Μεγάλου
2912 691 3309 761 φημιζομένου,
3367 690 3462 743 καὶ
3510 692 3722 752 οἰκείως
3777 692 3945 761 ἔχειν,
3988 693 4046 742 οὖ

2469 786 2609 838 κατὰ
2671 785 2829 854 σῶμα
2893 785 3073 853 μόνον,
3112 783 3247 835 ἀλλὰ
3310 783 3403 834 καὶ
3463 782 3622 833 πλέον
3685 783 3823 835 κατὰ
3867 782 4046 851 ψυχὴν

2465 879 2668 949 δηλαδὴ
2706 881 2802 930 καὶ
2849 879 2976 941 τοὺς
3012 879 3266 946 τρόπους.
3301 877 3487 938 Ὃσοις
3515 875 3570 926 δὲ
3621 877 3731 935 τοῖς
3772 875 4050 942 θαύμασιν

2467 971 2730 1038 ἐδοξάσθη
2761 974 2787 1021 ὁ
2825 971 2892 1022 τὰ
2929 973 3104 1022 πάντα
3141 969 3613 1039 θαυμασιώτατος,
3647 968 3705 1019 οὐ
3760 970 3904 1018 κατὰ
3953 968 4049 1037 τὴν

2466 1064 2705 1116 ἐνταῦθα
2735 1062 2880 1132 ζωὴν
2918 1063 3122 1124 ἁπλῶς,
3155 1063 3290 1115 ἀλλὰ
3316 1063 3454 1132 μετὰ
3484 1061 3574 1113 τὸν
3609 1061 3837 1112 θάνατον
3871 1060 4049 1128 nam?)

2470 1157 2693 1225 μᾶλλον,
2717 1153 2838 1206 οὔτε
2865 1153 3080 1221 γλῶττα
3108 1154 3304 1222 δυνατὴ
3333 1154 3533 1220 λέγειν,
3564 1151 3683 1203 οὔτε
3707 1151 3845 1220 ἀκοὴ
3877 1169 4050 1220 παραυ

2466 1249 2735 1317 δέχεσθαι.
2774 1246 2898 1308 Πῶς
2931 1247 3060 1314 γὰρ,
3097 1243 3158 1297 οὑ
3201 1246 3330 1314 μηδὲ
3386 1245 3558 1314 μέχρι¹
3590 1244 3681 1296 καὶ
3721 1242 3815 1294 νῦν
3863 1244 3911 1293 οἱ
3943 1241 4049 1292 τῶν

2470 1341 2766 1408 θαυμάτων
2801 1339 3038 1407 ἔστησαν
3073 1335 3276 1407 pone;
3304 1352 3318 1367 °
3356 1337 3553 1405 μᾶλλον
3581 1336 3635 1388 δὲ
3671 1335 3791 1387 οὐδὲ
3825 1336 4051 1402 στήσον-

2469 1450 2580 1496 ται,
2613 1433 2714 1494 ἓως
2750 1431 2814 1484 ἂν
2844 1434 3051 1493 ἐκεῖνος
3083 1433 3108 1481 ὀ
3137 1430 3300 1491 αὐτὸς
3329 1425 3386 1500 ᾖ,
3415 1429 3506 1479 καὶ
3543 1432 3651 1491 τοῖς
3687 1431 3879 1489 αὐτοῖς
3913 1428 4051 1498 χρῆ·

2470 1542 2560 1576 ται
2605 1523 2931 1591 σπλάγχνοις
2973 1524 3112 1593 ὑπὲρ
3140 1521 3442 1591 ἀνθρώπων
3495 1522 3628 1590 πρὸς
3665 1523 3795 1572 Θεὸν
3824 1521 4050 1588 διαπρε-

2470 1616 2828 1684 σεευὸμενοςς
2870 1615 3054 1681 Ὀλίγα
3081 1615 3282 1679 τοίνυν,
3314 1616 3360 1666 εί
3391 1614 3553 1676 δοκεῖ,
3583 1613 3714 1682 πρὸς
3739 1614 3896 1678 δόξαν
3917 1613 4049 1664 Θεοῦ

2472 1713 2567 1764 καὶ
2599 1712 2698 1781 τὴν
2741 1712 2849 1762 τῶν
2886 1711 3194 1762 ἀκουόντων
3229 1710 3420 1780 ἡδονὴν
3476 1711 3564 1760 καὶ
3612 1709 3912 1776 ὠφέλειαν,
3947 1708 4051 1759 τῶν

2476 1808 2614 1875 μετὰ
2659 1807 2753 1876 τὴν
2803 1804 3049 1858 ἐντεῦθεν
3078 1806 3241 1859 αὑτοῦ
3281 1803 3570 1875 μετάθεσιν
3621 1804 3934 1871 γενομένων
3980 1800 4050 1868 τῷ

2472 1901 2613 1969 λόγῳ
2645 1899 3042 1970 μεταληπτέον.

2239 2153 2466 2209 CAPUT
2525 2154 2590 2208 11.

2037 2275 2305 2330 Miracula
2361 2286 2474 2346 post
2538 2287 2779 2328 mortem.

850 2432 943 2488 XI.
983 2433 1044 2487 Et
1080 2432 1316 2502 primum
1365 2432 1587 2500 quidem
1639 2434 1731 2498 sit,
1784 2434 1931 2502 quod
1977 2442 2030 2486 et
2059 2436 2375 2489 multaelin-

784 2543 900 2595 gu;e
947 2537 1172 2588 canunt,
1225 2536 1279 2579 et
1333 2526 1461 2579 libri
1512 2526 1719 2587 ferunt,
1767 2534 1820 2578 et
1869 2541 2062 2580 omnes
2102 2529 2368 2594 credunt,

787 2619 932 2687 quod
968 2620 1021 2672 in
1058 2617 1306 2686 populari
1359 2619 1619 2678 tumultu,
1670 2618 1934 2674 adversus
1976 2621 2368 2688 Iustinianum,

786 2727 1042 2780 magnum
1076 2712 1228 2764 illum
1267 2720 1324 2765 et
1373 2713 1738 2766 clarissimum
1783 2714 2168 2783 imperatorem
2217 2717 2368 2768 exci-

784 2813 916 2864 tato,
965 2802 1167 2856 accidit
1219 2803 1319 2871 (8).
1389 2803 1485 2856 lllo
1565 2812 1813 2872 tempore
1867 2804 2366 2856 audacissimorum

784 2904 945 2963 atque
995 2895 1268 2961 imprimis
1332 2895 1752 2947 temerariorum
1812 2894 2098 2947 hominum
2146 2909 2366 2960 manus,

787 2983 962 3051 ignem
991 2982 1252 3046 ferentes,
1290 2982 1737 3049 prazclarissimas
1780 2991 1834 3036 et
1889 2983 2187 3037 ditissimas
2222 2984 2368 3038 aedes

785 3071 1214 3142 aggrediuntur,
1251 3082 1414 3140 atque
1473 3073 1801 3142 principium
1855 3073 2114 3129 incendio
2155 3075 2290 3128 dant
2342 3091 2370 3129 a

786 3163 1022 3216 maximo
1076 3164 1281 3232 templo
1318 3164 1412 3217 Dei
1461 3164 1701 3230 Sephiaa,
1751 3165 2050 3231 quodcum
2086 3167 2139 3217 in
2181 3167 2369 3219 orbem

787 3255 970 3306 omnia
1014 3254 1310 3315 exedisset,
1369 3254 1566 3307 deinde
1616 3269 1844 3325 serpens
1892 3258 2043 3310 venit
2091 3274 2263 3327 usque
2304 3261 2369 3312 ad

2549 2434 2651 2488 lA'.
2677 2434 2785 2486 Καὶ
2822 2433 3034 2503 πρῶτόν
3067 2448 3127 2499 γε
3169 2430 3343 2494 τοῦτο,
3376 2431 3403 2482 ὃ
3451 2431 3543 2484 καὶ
3594 2430 3832 2496 γλῶτται
3864 2431 4054 2485 πῖλλαὶ

2477 2530 2681 2599 ᾅδουσι,
2711 2530 2805 2579 καὶ
2840 2526 3009 2597 βίϐλοι
3043 2529 3290 2594 φέρουσι,
3337 2525 3428 2576 καί
3465 2525 3663 2585 πάντες
3713 2525 4053 2588 πιστεύουσι,

2477 2622 2572 2676 καὶ
2624 2622 2843 2674 ὂ-κατὰ
2903 2621 3002 2688 τὴν
3048 2618 3140 2670 τοῦ
3193 2619 3454 2687 μεγάλου,
3489 2621 3654 2687 φημὶ,
3693 2620 3786 2669 καὶ
3828 2617 3971 2687 μέγα
4002 2623 4056 2671 ἐν

2480 2716 2761 2785 βασιλεῦσι
2821 2714 3133 2781 λάμψαντος
3181 2714 3560 2766 Ἰουστινιανοῦ
3611 2713 3704 2765 τοῦ
3749 2715 3924 2784 δήμου
3967 2734 4057 2781 φο-

2481 2805 2598 2874 ρὰν,
2626 2806 2746 2874 ἣτις
2779 2821 2840 2871 γε
2879 2803 2998 2856 κατ’
3033 2804 3194 2855 αὑτοῦ
3247 2807 3496 2874 συνέστη,
3528 2807 3776 2872 γενέσθαι
3819 2810 4054 2873 συνέὗτί.

2477 2895 2572 2947 καὶ
2611 2895 2756 2956 ὅπως
2803 2893 3098 2962 πάντολμοί
3141 2910 3284 2952 τινες
3316 2896 3494 2962 χεῖρες
3531 2894 3627 2946 καὶ
3672 2895 4055 2962 φιλοκίνδυνοι,

2479 2982 2588 3052 πῦρ
2625 2982 2921 3050 ἀνάψασαι,
2954 2985 3063 3045 τοῖς
3104 2983 3374 3054 λαμπροῖς
3414 2984 3523 3035 τῶν
3558 2984 3721 3037 οἴκων
3756 2984 3853 3037 καὶ
3901 2989 4058 3039 7:912;-

2479 3075 2726 3146 χρύσοις,
2765 3075 2908 3127 κατὰ
2949 3076 3007 3127 τὸ
3049 3075 3328 3146 ἐξαίρετον
3376 3078 3730 3131 ἐπιτίθενται.
3794 3083 4056 3149 ’Λρχεται

2482 3169 2579 3235 μὲν
2618 3167 2706 3218 οὖν
2738 3167 2799 3218 τὸ
2841 3169 3010 3220 κακὸν
3054 3169 3158 3220 ἀπὸ
3203 3168 3298 3220 τοῦ
3350 3170 3607 3238 μεγίστου
3653 3171 3779 3223 ναοῦ
3829 3174 3927 3240 τῆς
3965 3172 4056 3223 τοῦ

2478 3254 2612 3306 Θεοῦ
2643 3256 2861 3322 Σοφίας,
2895 3257 2990 3306 καὶ
3015 3257 3082 3308 τὰ
3110 3257 3294 3326 κύκλῳ
3319 3259 3640 3328 διανεμηθὲν
3667 3262 3908 3325 ἅπαντα,
3944 3261 4059 3316 εἶτα.

788 3345 1077 3414 praeclaras
1103 3344 1248 3398 aedes
1285 3345 1456 3398 divini
1489 3345 1824 3415 Sampsonis,
1853 3357 1906 3402 et
1939 3358 2139 3402 tectum
2177 3351 2375 3420 arripit
2403 3375 2443 3432 ε

2403 3375 2443 3432 C
2479 3349 2572 3396 καὶ
2602 3348 2763 3418 μέχρι
2793 3347 2885 3399 τοῦ
2923 3347 3179 3416 λαμπροῦ
3208 3348 3360 3401 τοῦδε
3406 3350 3555 3403 οἴκου
3592 3352 3683 3403 τοῦ
3722 3353 3868 3406 θείου
3915 3358 4059 3423 Σαμ-

788 3438 1066 3502 celeriter,
1107 3444 1163 3490 et
1205 3436 1449 3491 fremens
1481 3438 1713 3491 ulterius
1750 3441 2002 3508 procedit
2035 3457 2046 3490 :
2084 3443 2368 3495 existima-

788 3531 1057 3599 baturque
1089 3531 1226 3592 fore,
1266 3539 1328 3583 ut
1383 3545 1506 3582 mox
1549 3538 1659 3583 tota
1706 3531 1901 3584 domus
1949 3535 2173 3585 omnino
2236 3535 2374 3586 inte-

793 3626 946 3675 riret.
1002 3623 1143 3686 Quid
1189 3637 1319 3688 ergo
1364 3635 1449 3675 est
1494 3633 1680 3690 postea
1736 3624 2142 3675 consecutum?
2191 3624 2375 3677 Multae

791 3715 1011 3781 quidem
1039 3730 1105 3766 ex
1137 3713 1367 3766 adverso
1399 3714 1452 3767 in
1487 3731 1552 3767 eo
1579 3714 1941 3765 movebantur
1971 3729 2167 3767 manus
2211 3724 2375 3781 grata:

790 3816 844 3859 et
889 3807 1013 3876 piae,
1064 3806 1196 3859 nihil
1247 3822 1356 3859 non
1411 3805 1694 3871 facientes,
1744 3805 1883 3859 nihil
1933 3823 2042 3859 non
2087 3807 2376 3860 molientes

793 3916 985 3952 eorum
1017 3916 1139 3968 quae
1174 3909 1402 3968 possunt
1436 3901 1554 3953 ﬁeri
1589 3900 1655 3953 ad
1692 3901 1832 3969 ignis
1863 3900 2231 3953 cohibendum
2275 3900 2376 3950 im-

793 4002 1000 4060 petum.
1039 3990 1144 4044 Sed
1188 3993 1390 4044 malum
1441 4000 1559 4044 erat
1609 3993 2056 4058 inexpugnabile,
2106 4002 2161 4041 et
2211 4006 2374 4042 omne

794 4080 1090 4147 superabat
1144 4081 1432 4133 auxilium.
1481 4081 1731 4133 Vincitur
1779 4091 1982 4141 tamen,
2041 4090 2097 4134 et
2153 4095 2219 4133 eo
2273 4079 2378 4131 fuit

794 4173 1071 4241 potentior
1095 4187 1227 4225 cura
1279 4173 1457 4242 magni
1511 4172 1850 4242 Sampsonis.
1907 4175 2151 4228 Fuerunt
2197 4173 2370 4237 enim,

797 4267 1036 4328 fuerunt,
1068 4267 1159 4333 qui
1192 4276 1322 4318 tunc
1352 4267 1499 4334 digni
1539 4278 1667 4319 sunt
1695 4267 1868 4320 habiti
1904 4269 2151 4320 divinum
2187 4269 2375 4322 videre

796 4357 1152 4425 Sampsonem
1194 4373 1291 4424 per
1339 4367 1539 4410 tectum
1587 4343 1946 4412 circumcirca
1990 4361 2372 4419 cursitantem,

798 4459 852 4498 et
913 4448 1089 4514 ignem
1144 4447 1538 4516 increpantem,
1596 4458 1652 4503 et
1702 4451 1870 4503 veluti
1919 4449 2266 4510 frementem,
2323 4461 2378 4505 et

804 4539 1200 4593 admirabiliter
1251 4541 1370 4610 ejus
1417 4540 1678 4609 impetum
1745 4545 2141 4598 retardantem.
2207 4544 2376 4613 Cujus

801 4631 1022 4698 quidem
1064 4642 1284 4698 aspectu
1329 4633 1470 4699 ignis
1513 4634 1682 4685 veluti
1738 4635 2150 4700 obstupefactus
2197 4647 2376 4689 retro-

809 4723 966 4776 cessit
994 4740 1005 4774 :
1037 4721 1235 4777 deinde
1272 4739 1394 4776 cum
1429 4723 1635 4777 tonitru
1683 4736 1906 4794 repente
1947 4728 2240 4794 erupisset,
2284 4745 2375 4780 ρο-
2411 4742 2452 4794 ι)

1367 4739 1394 4776 n
1429 4723 1635 4777 tonitru
1683 4736 1906 4794 repente
1947 4728 2240 4794 erupisset,
2284 4745 2375 4780 ρο-
2411 4742 2452 4794 ι)
2483 4733 2917 4798 ἀναχαιτίζοντα,
2979 4727 3037 4783 οὗ

802 4815 955 4881 piosa
999 4830 1217 4881 quoque
1271 4815 1477 4866 allluxit
1526 4817 1729 4882 pluvia,
1768 4831 1875 4876 quo
1917 4817 2117 4872 factum
2169 4826 2273 4882 est,
2321 4829 2381 4872 ut

803 4906 942 4973 ignis
993 4907 1461 4975 exstingueretur,
1501 4917 1555 4961 et
1608 4907 1805 4962 domus
1858 4919 2280 4962 conservaretur
2316 4911 2382 4964 il—

801 4998 924 5052 lmsa
956 5007 1153 5068 praeter
1197 5008 1397 5053 tectum
1439 5000 1536 5069 (9}.

803 5325 1097 5447 111(“1ὒ)¹.ὶὶξ)ο
1171 5325 1226 5379 S.
1296 5325 1472 5381 Mocio
1543 5337 1780 5398 martyre
1862 5341 2047 5386 aetum
2124 5341 2208 5384 est
2286 5331 2374 5382 die

966 5413 1057 5450 illi.

875 5464 948 5544 (ξς)
985 5466 1105 5519 llaec
1141 5468 1338 5544 seditio
1370 5469 1518 5544 facta
1539 5477 1623 5544 est
1651 5485 1794 5522 anno
1823 5488 1851 5523 ν
1874 5471 2192 5533 Iustiniani,
2213 5482 2375 5541 atque

799 5538 1030 5588 excitata
1070 5545 1206 5612 este
1242 5538 1574 5612 Victoriatis,
1612 5543 1684 5593 ita
1729 5544 2037 5610 appellatis,
2083 5544 2228 5611 quod
2275 5538 2375 5612 pro

801 5613 1006 5657 tessera
1044 5611 1101 5657 τὸ
1129 5608 1272 5658 Νίκα
1308 5607 1479 5669 Vince,
1527 5607 1893 5666 assumervc’nt.
1933 5607 2238 5666 llanc’l'use
2271 5607 2367 5667 de-

799 5670 1049 5751 SCi-ibunt
1090 5678 1389 5751 l’rocOpius
1434 5681 1508 5732 De
1541 5681 1672 5733 bello
1726 5682 1874 5736 Pers.
1923 5685 2018 5737 lib.
2057 5700 2090 5744 ι,
2128 5699 2246 5751 cap.
2277 5688 2367 5748 “ll,

800 5753 857 5822 et
913 5747 1206 5824 (lin-enimn
1265 5747 1687 5806 Alexandrinum
1738 5755 1802 5807 ad
1859 5770 2062 5806 annum
2117 5770 2146 5805 ν
2194 5747 2371 5810 lusti-

799 5829 973 5879 niani,
1001 5828 1106 5872 etc.

2481 3439 2597 3507 ψὼν
2627 3440 2793 3509 ἕρπον
2825 3440 3066 3511 ἔρχεται.
3112 3442 3206 3494 καὶ
3251 3444 3347 3510 τῆς
3381 3445 3584 3514 ὀροφῆς
3616 3444 3782 3507 ὀξέως
3825 3447 4061 3515 ἐπιλαμ-

2482 3534 2702 3586 ϐάνεται
2735 3537 2827 3588 καὶ
2857 3537 2916 3587 τὺ
2951 3538 3287 3607 προσωτέρω
3335 3537 3535 3608 βρέμον
3588 3541 3769 3609 ἐπῄει,
3816 3542 4060 3606 ἐπίδοξὸν

2483 3641 2541 3674 τε
2601 3621 2668 3692 ἦν
2715 3627 2836 3675 ὅσον
2882 3626 3055 3688 οὔπω,
3101 3627 3193 3677 καὶ
3235 3629 3514 3689 παντελῶς
3561 3629 3749 3681 Θέσθαι
3798 3634 3877 3701 τῷ
3910 3637 4063 3699 ὀἴκῳ

2485 3714 2712 3783 φθοράν.
2742 3714 2806 3764 Τί
2836 3715 3013 3766 τοίνυν
3046 3717 3105 3765 τὸ
3137 3717 3274 3781 μετὰ
3312 3717 3524 3781 ταῦτα;
3557 3719 3750 3770 πολλαὶ
3783 3723 3882 3787 μὲν
3917 3725 4062 3774 ἀντι-

2487 3807 2734 3875 στρόφως
2792 3809 2909 3866 ταῖς
2953 3806 3354 3876 προ).αϐούσαις
3401 3809 3676 3862 ἐκινοῦντο
3727 3816 3855 3882 περὶ
3903 3817 4060 3869 αὑτὸν

2481 3902 2659 3970 χεῖρες
2692 3899 3062 3968 φιλοχάριστοι
3099 3902 3192 3953 καὶ
3227 3902 3622 3973 φιλάνθρωποι,
3655 3904 3707 3958 τί
3751 3907 3825 3977 μὴ
3878 3909 4061 3961 ποιοῦ-

2485 4007 2593 4054 σαι,
2629 3994 2720 4042 καὶ
2748 3992 2802 4042 τί
2824 3994 2931 4042 τῶν
2969 3992 3219 4058 γενέσθαι
3255 3994 3569 4063 δυναμένων
3633 4000 3692 4051 οὐ
3730 4002 4059 4071 μηχανώμε-

2485 4095 2572 4129 ναι
2615 4079 2749 4147 πρὸς
2785 4081 3069 4148 ἐπίσχεσιν
3113 4082 3211 4148 τῆς
3246 4085 3336 4135 τοῦ
3369 4089 3538 4156 πυρὲς
3584 4087 3795 4156 ῥύμης·
3836 4091 3970 4141 αλλὰ
4006 4093 4061 4141 τὸ

2484 4168 2654 4221 δεινὸν
2709 4169 2919 4241 ἄμαχον
2990 4167 3079 4243 ἦν,
3149 4176 3242 4226 καὶ
3299 4177 3478 4245 πάσης
3535 4178 3882 4245 ἰσχυρότερον
3933 4181 4059 4250 βοη-

2487 4263 2634 4326 θείας
2658 4280 2672 4294 °
2702 4265 2930 4332 ἡττᾶται
2956 4265 3000 4316 δ’
3029 4261 3122 4318 οῦν
3155 4268 3323 4336 ὅμως,
3349 4271 3443 4319 καὶ
3467 4271 3725 4336 κρείττων
3756 4273 3786 4339 ἡ
3813 4271 3906 4322 τοῦ
3948 4276 4056 4325 Με-

2483 4356 2648 4424 γάλου
2683 4358 2988 4424 προστασία
3032 4359 3262 4423 γίνεται,
3302 4354 3482 4413 Ἦσαν
3514 4362 3640 4429 γὰρ,
3685 4357 3846 4431 ἦσαν,
3886 4366 3933 4417 οἳ
3976 4370 4060 4418 τὴν

2485 4452 2626 4504 θεῖον
2658 4449 2775 4499 τότε
2799 4447 3039 4516 Σαμψὼν
3063 4448 3310 4518 ἠξιοῦντο
3331 4449 3573 4522 θεωρεῖν,
3599 4457 3782 4527 κύκλῳ
3805 4458 3904 4528 τῆς
3939 4462 4060 4529 ὀρο-

2487 4547 2590 4612 φῆς
2630 4542 2977 4613 περιθέοντα,
3016 4544 3355 4613 ἐπιτιμῶντὰ
3383 4565 3438 4599 τε
3481 4549 3558 4617 τῷ
3591 4553 3739 4616 πυρὶ,
3775 4553 3868 4602 καὶ
3900 4555 4060 4603 οἱονεὶ

2488 4638 2933 4706 ὲμῦριμώμενον,
2990 4637 3084 4689 καὶ
3143 4639 3241 4706 τῆς
3303 4641 3479 4709 ὁρμῆς
3544 4641 3691 4708 αὐτῷ
3745 4645 4062 4711 παραδόξως

3129 4733 3217 4783 καὶ
3271 4732 3369 4803 τὴν
3439 4733 3566 4784 θέαν
3639 4737 3814 4786 ἐκεῖνο
3876 4737 4062 4807 ὥσπερ

2483 4823 2855 4890 καταπλαγὲν,
2894 4825 2972 4884 εἰς
3001 4823 3244 4875 τούπίσω
3277 4842 3333 4875 τε
3381 4825 3595 4894 ἐχώρει,
3633 4829 3725 4878 καὶ
3759 4829 4060 4882 ἀνεκόπτε-

2482 4933 2572 4967 το·
2608 4918 2797 4970 ἔπειτα
2828 4919 3055 4987 βροντῆς
3086 4918 3284 4988 ἀθρόον
3320 4920 3796 4989 καταρῤαγούσης,
3831 4923 4059 4993 ὄμϐρος,

2480 5004 2591 5071 οἷος
2618 5010 2844 5077 δαψιλὴς
2870 5011 3132 5081 ἐπερρὑ,
3167 5010 3533 5074 ὡςέντεῦθεν,
3568 5014 3625 5063 τὸ
3657 5015 3755 5080 μὲν
3787 5016 3900 5083 πῦρ
3937 5020 4064 5067 dum-

2485 5102 2696 5159 σϐέσαι,
2730 5099 3058 5167 διασωθῆναι
3087 5102 3139 5151 δὲ
3171 5103 3263 5152 καὶ
3303 5103 3390 5153 τὸν
3422 5097 3568 5154 οἷκον
3612 5104 3750 5168 πλὴν
3794 5106 3898 5172 τῆς
3944 5109 4062 5177 ὀρο-

2483 5197 2588 5262 φῆς
2617 5191 2824 5260 ἀπαθῆ.

2554 5331 2627 5401 (9)
2663 5329 2776 5387 lloc
2825 5332 3150 5385 miraculum
3190 5349 3330 5402 aegre
3384 5331 3668 5386 conciliari
3727 5344 3912 5400 potest
3943 5351 4062 5388 cum

2481 5404 2740 5468 eo,quod
2794 5405 2957 5456 habet
3001 5402 3311 5456 Clironiron
3364 5405 3730 5470 praecitatum,
3779 5421 4059 5466 asserens,

2481 5473 2626 5538 quod
2667 5474 2719 5524 in
2776 5475 3038 5543 pracdicto
3098 5476 3332 5526 tumultu
3389 5477 3668 5542 populari.
3725 5474 3912 5526 Ξενὼν
3974 5478 4062 5527 τοῦ

2481 5543 2718 5610 Σαμψὼν
2749 5549 2773 5595 ὁ
2802 5545 2975 5610 μέγας
3004 5546 3234 5610 ἐκαύθη.
3278 5545 3369 5594 καὶ
3400 5547 3676 5598 ἀπώλοντο
3718 5547 3765 5595 οδ
3809 5549 3867 5596 ἐν
3913 5548 4061 5614 αὐτῷ

2483 5617 2830 5681 ἀνακείμενοι
2862 5616 3152 5684 ἅρρωττοι.
3185 5615 3436 5684 Magnum
3469 5616 3790 5683 Sampsonis
3817 5618 4063 5670 xenodo-

2482 5684 2665 5736 Chium
2704 5686 3077 5752 conﬂagravit,
3119 5694 3174 5738 cl
3224 5686 3552 5740 interierunt
3601 5687 3694 5756 qui
3744 5690 3799 5741 in
3841 5688 3942 5742 illo
3979 5690 4064 5740 de-

2481 5756 2815 5808 cumbebaut
2838 5757 3061 5808 inlirtui.
