4230 6436
222 433 328 492 293

1452 430 1632 490 VITA
1675 429 1736 488 S.
1792 424 2239 489 SAMPSONIS.

3357 421 3464 483 294

290 544 392 595 ΙΒ’.
435 541 788 613 Προσκείσθω
818 542 913 594 καὶ
944 540 1107 611 ἔτερα
1140 538 1247 592 τῶν
1278 538 1596 608 θαυμάτων,
1631 538 1689 589 οὑ
1724 534 1791 588 τὰ
1821 536 1865 595 Α

1967 533 2080 588 XII.
2110 533 2448 603 Adjiciautur
2480 535 2583 587 alia
2610 547 2828 603 quoque
2870 531 3153 601 miracula,
3195 550 3303 589 non
3343 551 3463 605 qua

217 636 434 697 πολλοῖς
457 637 722 706 πρότερον
756 626 1023 705 γενόμενα
1053 635 1285 704 χρόνοις,
1316 632 1382 685 δι’
1409 632 1641 700 ἀπορίαν
1672 647 1792 682 και-

214 728 326 779 νῶν
360 729 453 780 καὶ
481 728 810 796 προσφάτων
843 725 986 793 (οὐδὲ
1021 727 1129 794 γὰρ
1158 725 1504 777 ἐκλείπουσιν
1540 722 1667 792 ἄχρι
1699 723 1793 772 καὶ

216 819 314 873 νῦν
342 820 449 871 τῶν
482 818 744 888 ποταμῶν
765 817 1074 887 μιμούμενα
1103 817 1229 878 τοὺς
1256 816 1478 882 ῥέοντας
1506 812 1789 879 ἀεννάως),

216 912 355 965 ἀλλὰ
390 914 456 964 τὰ
489 910 671 981 μικρῷ
701 908 932 979 πρόσθεν
973 906 1338 976 γεγενημένα,
1372 907 1456 958 ἵνα
1498 906 1588 957 καὶ
1635 904 1793 954 πλέον

217 1002 365 1055 οὕτω
396 1003 561 1054 πιστὰ
602 1004 709 1070 εἴη,
740 1003 811 1051 τὰ
850 1000 947 1067 μὲν
988 999 1184 1060 αὐτοὺς
1217 998 1458 1059 ἐκείνους
1497 995 1792 1065 διηγουμέ-

217 1111 345 1154 νους
381 1092 589 1161 ἔχοντα,
619 1092 745 1152 τοὺς
773 1090 879 1141 τῶν
911 1090 1148 1158 χαρίτων
1179 1088 1576 1156 ἀποναμένουξ,
1619 1086 1790 1153 γλώτ-

216 1202 318 1245 τας
351 1182 665 1250 φιλαλήθεις
717 1181 917 1250 καὶτῷ
945 1179 1131 1247 ψεύδει
1168 1179 1515 1231 παντάπασιν
1550 1176 1793 1245 ἀπεχθα-

220 1276 455 1345 νομένας
482 1292 495 1303 ·
522 1275 588 1326 τὰ
617 1274 672 1326 δὲ
720 1274 845 1334 τοὺς
866 1274 1012 1340 γένει
1040 1274 1415 1341 προσήκοντας
1451 1271 1482 1338 ἢ
1514 1269 1791 1338 ὑπηρετή-

219 1384 423 1427 σαντας
472 1366 505 1436 ἢ
552 1365 727 1427 ἄλλως
773 1364 1154 1434 ᾠκειωμένους
1198 1362 1381 1424 αὐτοῖς
1422 1359 1647 1419 ἐκείνοις
1677 1361 1791 1419 τοῖς

214 1459 328 1510 τῶν
363 1458 657 1527 θαυμάτων
685 1455 1133 1524 πεπειραμένοις.
1167 1453 1374 1505 Αὐτίκα
1403 1451 1531 1519 γοῦν
1581 1450 1789 1501 Θεοδώο

218 1566 389 1618 ριτος,
428 1550 456 1599 6
492 1550 567 1615 τῷ
595 1543 1317 1614 Σπαθαροκουὸικουλαρίων
1351 1542 1665 1611 διαπρέπων
1691 1542 1788 1593 τά·

218 1657 415 1708 γματι,
443 1633 485 1705 ᾧ
508 1638 674 1706 πολλή
716 1653 779 1703 γε
806 1638 838 1705 ή
869 1634 1038 1705 ἀρετὴ
1073 1636 1453 1705 μαρτυρεῖται,
1486 1632 1789 1703 χρηστότης

218 1732 363 1799 μετὰ
419 1732 517 1800 τῆς
586 1730 870 1799 ἀληθείας,
926 1728 1020 1780 καὶ
1081 1725 1452 1796 μετριοπαθὴς
1498 1725 1788 1776 ἐπιείκεια.

215 1818 388 1884 Οὗτος
455 1823 733 1891 ὑπηρέτης
784 1817 873 1889 ἦν,
924 1820 1017 1870 καὶ
1073 1816 1365 1885 ὑπηρετῶν
1439 1816 1787 1878 οἰκειότατος,

214 1914 447 1972 Λέοντος
481 1889 688 1961 ἐκείνου
725 1913 889 1978 φημὶ,
920 1908 979 1959 ὂν
1021 1911 1048 1959 6
1103 1907 1210 1979 τῷν
1255 1908 1565 1977 Πατρικίων
1597 1925 1656 1959 τε
1700 1908 1792 1959 καὶ
1827 1889 1865 1944 Β

214 2003 595 2074 πραιποσίτων
640 1997 753 2072 εἶχε
788 2001 965 2071 χορὸς,
1028 1999 1121 2051 καὶ
1171 2000 1227 2062 ὃς
1276 1999 1511 2068 μετῆλθε
1564 1999 1662 2066 μὲν
1699 1999 1790 2050 τὸν

213 2098 310 2150 τοῦ
347 2095 716 2165 Δρουγγαρίου
759 2094 868 2145 τῶν
908 2092 1190 2162 πλωῖμων,
1222 2091 1450 2161 μετῆλθε
1479 2089 1533 2142 δὲ
1566 2091 1659 2142 καὶ
1688 2089 1789 2158 τὴν

216 2192 312 2243 τοῦ
344 2189 642 2256 Λογοθέτου
682 2185 775 2238 τοῦ
799 2186 1001 2256 δρόμου
1032 2185 1225 2255 ἀρχὴν,
1268 2185 1350 2251 ἐφ’
1460 2182 1555 2234 καὶ
1596 2182 1789 2250 τέθνη-

216 2300 315 2336 κεν
346 2283 406 2333 οὑ
450 2281 610 2331 πλέον
646 2278 784 2346 μετὰ
815 2278 906 2330 τὸν
934 2277 1142 2330 ἐκείνου
1174 2275 1422 2339 θάνατον,
1452 2272 1484 2344 ἢ
1529 2272 1693 2342 μῆνες
1728 2271 1789 2323 τὸ

216 2375 496 2443 μέγιστον,
539 2372 720 2423 πέντε.
766 2369 953 2439 Τούτῳ
988 2366 1277 2435 τοιγαροῦν
1318 2365 1396 2435 τῷ
1448 2363 1787 2433 Θεοδωρίτῳ,

220 2466 315 2517 καὶ
340 2463 523 2533 ἔτερος
552 2458 620 2531 ἦν
645 2461 821 2531 [Λέων
842 2457 1104 2530 τοῦνομα]
1129 2460 1235 2511 τῶν
1268 2455 1789 2526 συνυπηρετούντων

215 2562 297 2631 τῷ
322 2562 613 2629 περιφανεῖ
642 2559 851 2621 Λέοντι,
889 2556 1022 2608 ἀλλὰ
1054 2557 1149 2606 καὶ
1182 2554 1398 2616 οἰκείως
1436 2552 1667 2622 ἐχόντων
1698 2554 1790 2603 καὶ

218 2653 450 2707 ἰδιωτῶν
480 2668 589 2716 τις,
625 2645 1119 2719 πρωτοσπαθάριός
1170 2660 1226 2694 τε
1276 2646 1384 2711 γὰρ
1433 2639 1521 2710 ἦν,
1572 2644 1666 2692 καὶ
1708 2640 1786 2701 ὼς

217 2745 452 2812 σύνηθες
482 2740 787 2809 ὀνομάζειν,
820 2737 914 2789 ἐπὶ
960 2734 1055 2788 τοῦ
1100 2734 1482 2800 Μαγκλαὸίου,
1525 2732 1677 2800 φίλος
1724 2748 1784 2784 τε

212 2838 293 2903 τῷ
333 2832 648 2900 Θεοδωρίτῳ
679 2831 736 2890 ὲς
760 2827 827 2881 τὰ
860 2825 1094 2897 μάλιστα
1127 2825 1221 2879 καὶ
1252 2824 1631 2893 συνυπηρέτης
1657 2823 1789 2892 ὁμό-

212 2930 412 2999 ψυχος.
444 2925 631 2996 Τούτῳ
659 2923 839 2976 τοίνυν
860 2921 938 2991 τῷ
969 2920 1156 2973 Λέοντι
1197 2920 1224 2971 6
1255 2918 1621 2988 Δρουγγάριος
1652 2920 1791 2971 κατά

215 3040 340 3075 τινα
392 3019 666 3088 πρόφασιν
714 3015 1048 3085 χαλεπήνας,
1084 3011 1143 3075 ἐξ
1173 3009 1345 3080 ὄψεώς
1383 3027 1441 3061 τε
1489 3010 1662 3072 ἔθετο,
1700 3010 1792 3062 καὶ

220 3112 533 3183 παρρησίας
585 3107 749 3159 αὑτὸν
791 3104 1068 3174 ἀπέστησε
1124 3103 1225 3172 τῆς
1276 3101 1558 3170 συνήθους,
1601 3103 1789 3171 χρόνον

1895 627 2079 681 multis
2111 636 2238 680 ante
2273 627 2431 680 armis
2473 626 2611 681 facta
2651 635 2796 690 sunt,
2828 627 2975 695 quod
3016 627 3197 681 desint
3238 643 3376 682 nova
3408 641 3461 683 et

1895 718 2132 771 recentia
2169 722 2296 787 (non
2326 718 2472 772 enim
2505 719 2559 770 in
2587 717 2912 772 hodiernum
2950 734 3119 787 usque
3150 718 3294 772 diem
3328 719 3463 773 defi-

1894 811 2066 873 ciunt,
2117 819 2303 879 utpote
2348 824 2618 878 perennes
2666 810 2933 863 imitantia
2986 809 3371 881 ﬂuvios),.sed
3402 826 3465 864 ea

1893 919 2013 971 quze
2043 903 2209 971 paulo
2241 911 2364 955 ante
2412 903 2781 971 contigerunt,
2840 902 3073 969 ideoque
3114 912 3242 955 sunt
3292 903 3465 971 magis

1895 994 2221 1058 credibilia;
2285 1009 2513 1063 qumque
2566 994 2736 1046 relata
2796 994 3037 1052 fuerunt.
3105 1003 3217 1046 tum
3263 994 3331 1047 ab
3394 994 3463 1047 iis

1894 1084 2048 1151 ipsis,
2078 1085 2170 1153 qui
2204 1082 2467 1136 beneficia
2506 1084 2788 1137 consecuti
2820 1093 2969 1143 sunt,
3018 1084 3153 1137 viris
3179 1084 3456 1143 veridicis,

1893 1186 1948 1231 et
1975 1180 2153 1232 omnis
2194 1177 2457 1230 mendacii
2484 1177 2736 1230 osoribus
2777 1193 2789 1227 :
2840 1186 2951 1230 tum
2983 1178 3052 1231 ab
3091 1178 3218 1242 illis,
3249 1180 3341 1247 qui
3369 1189 3463 1232 aut

1894 1270 2309 1339 consanguinei,
2337 1278 2432 1323 aut
2457 1269 2665 1335 famuli,
2709 1278 2802 1322 aut
2836 1271 2995 1323 aliter
3022 1271 3319 1324 familiares
3348 1271 3464 1325 fue-

1895 1371 2021 1415 runt
2054 1364 2139 1422 iis.
2184 1364 2238 1416 in
2279 1361 2485 1430 quibus
2534 1362 2793 1415 miracula
2847 1372 3058 1431 patrata
3102 1372 3249 1417 sunt.
3305 1364 3463 1417 Adsit

1893 1450 2059 1520 igitur
2139 1451 2554 1516 Theodoritus,
2613 1452 3258 1522 Spatharocubicularius
3329 1456 3462 1509 insi-
3555 1438 3564 1447 ’

1890 1541 2011 1609 gnis
2044 1541 2176 1611 (l0),
2216 1544 2372 1611 cujus
2421 1542 2774 1596 testalissima
2818 1555 2900 1597 est
2948 1547 3145 1611 virtus,
3196 1545 3463 1614 probitas,

1890 1636 2181 1695 veracitas,
2229 1644 2283 1687 et
2314 1651 2527 1689 summa
2568 1636 2736 1689 animi
2787 1636 3109 1693 moderatio.
3159 1640 3206 1693 Is
3238 1651 3357 1695 erat
3387 1641 3468 1695 fa-

1891 1725 2091 1787 mulus,
2131 1735 2186 1778 et
2222 1724 2552 1780 famulorum
2591 1728 3068 1793 familiarissimus,
3114 1741 3171 1784 et
3209 1732 3463 1787 fidelissi-

1892 1832 2013 1870 mus
2047 1816 2245 1870 Leonis
2283 1818 2450 1880 illius,
2484 1819 2578 1886 qui
2626 1829 2743 1871 erat
2769 1834 2832 1874 ex
2862 1820 3052 1873 ordine
3084 1821 3461 1888 patriciorum,

1894 1920 1949 1965 et
1973 1910 2415 1981 prmpositorum,
2454 1911 2658 1980 quique
2691 1911 2858 1983 gessit
2889 1912 3265 1981 magistratum
3289 1914 3466 1967 Drun-

1892 2002 2026 2072 garii
2057 2002 2101 2071 (l
2121 2001 2164 2070 l)
2195 2002 2624 2065 classiariorum,
2673 2018 2886 2057 necnon
2921 2004 3324 2059 ratiocinatoris
3351 2006 3463 2075 (l2)

1892 2112 2125 2161 cursus;
2160 2096 2212 2148 in
2253 2112 2364 2165 quo
2397 2096 2540 2149 diem
2574 2096 2771 2151 clausit
2813 2106 3144 2164 extremum,
3184 2116 3291 2154 non
3342 2117 3461 2154 am-

1890 2177 2034 2260 plius
2090 2207 2250 2260 quam
2304 2205 2540 2254 menses,
2590 2198 2649 2243 ut
2696 2206 2993 2252 summum,
3045 2193 3290 2262 quinque
3339 2207 3464 2264 post

1890 2284 2099 2337 obitum
2140 2283 2307 2336 illius.
2360 2283 2491 2336 Erat
2530 2281 2866 2337 Theodorito
2898 2283 3027 2337 huic
3076 2285 3238 2339 etiam
3278 2288 3462 2343 socius

1890 2390 1957 2430 ex
1986 2388 2214 2428 numero
2264 2388 2451 2427 secum
2506 2372 2882 2427 famulantium
2932 2375 3134 2429 illustri
3182 2376 3375 2441 Leoni,
3407 2392 3463 2434 et

1892 2470 2007 2538 ipse
2034 2467 2357 2525 Leodictus.
2383 2465 2607 2519 domino
2630 2481 2730 2520 suo
2756 2466 2954 2521 charus
2979 2478 3139 2536 atque
3156 2469 3460 2526 familiaris.

1894 2563 2021 2615 Erat
2069 2562 2213 2615 enim
2256 2559 2731 2629 protospatharius
2793 2569 2847 2613 et
2898 2567 2959 2613 ut
2990 2575 3106 2615 mos
3156 2570 3239 2615 est
3285 2563 3463 2618 nomi~

1891 2668 2021 2705 nare
2066 2653 2200 2719 (15),
2248 2652 2300 2703 in
2360 2652 2663 2703 Manelabio
2708 2651 2841 2722 (ll).
2895 2655 2995 2708 Hic
3061 2671 3307 2711 summus
3345 2666 3464 2711 erat

1892 2743 2209 2799 Theodoriti
2256 2743 2486 2805 amicus,
2538 2749 2593 2796 et
2647 2742 2927 2796 unanimis
2977 2746 3161 2799 socius
3204 2746 3257 2798 in
3301 2748 3463 2800 mini-

1893 2837 2083 2891 sterio.
2119 2835 2258 2890 Huic
2288 2845 2467 2889 autem
2496 2834 2664 2887 Leoni
2699 2849 2822 2888 cum
2851 2834 3032 2903 aliqua
3057 2835 3124 2890 de
3149 2851 3311 2891 causa
3336 2852 3461 2893 suc-

1893 2929 2195 2982 censuisset
2227 2926 2587 2997 Drungarius,
2615 2940 2741 2979 eum
2789 2925 2981 2981 habuit
3026 2940 3362 2997 suspectum,
3406 2938 3463 2983 et

1895 3030 2139 3087 tempore
2169 3034 2277 3072 non
2308 3034 2477 3086 parvo
2502 3034 2627 3073 eum
2675 3034 2703 3070 a
2744 3030 3007 3075 consueta
3044 3022 3275 3077 removit
3306 3022 3463 3076 fami-

1892 3110 2149 3174 liaritate,
2185 3118 2240 3163 et
2281 3111 2351 3164 ab
2395 3125 2478 3174 ea,
2510 3128 2673 3179 quam
2730 3114 2886 3182 prius
2935 3114 3193 3177 habebat,
3238 3114 3459 3169 ﬁducia.

213 3205 339 3273 οὐχὶ
370 3201 595 3273 βραχύν.
631 3198 857 3269 Μάρτυς
900 3197 1014 3265 εἰμὶ
1049 3194 1145 3248 καὶ
1170 3193 1331 3255 αὑτὸς
1369 3192 1469 3261 τῆς
1518 3196 1653 3262 πρὸς
1696 3193 1787 3244 τὸν
1814 3218 1857 3277 c

1893 3202 2022 3257 Sum
2047 3218 2265 3272 quoque
2296 3219 2396 3274 ego
2432 3206 2583 3259 testis
2612 3205 2900 3274 Druugaril
2932 3208 3195 3263 adversus
3222 3207 3461 3263 Leonem

219 3298 427 3349 Λέοντα
463 3290 831 3363 χαλεπότητος
872 3287 966 3341 τοῦ
1001 3286 1210 3357 ἀνδρὸς,
1262 3286 1356 3338 καὶ
1386 3286 1484 3355 τὴν
1516 3286 1787 3356 ἀποστρο-

219 3388 328 3456 φὴν
359 3380 495 3447 οἶδα,
531 3382 625 3435 καὶ
663 3380 761 3450 τὴν
786 3379 1006 3450 χρονίαν
1036 3378 1356 3430 ἀπόστασιν.
1394 3373 1503 3426 Καὶ
1543 3372 1652 3440 γὰρ
1695 3371 1789 3424 καὶ

215 3480 381 3540 αὑτὸς
406 3478 588 3546 ⁴ήξίουν
618 3474 759 3543 ὑπὲρ
788 3472 881 3524 τοῦ
908 3472 1155 3535 Λέοντος,
1204 3469 1357 3535 φίλος
1387 3466 1461 3518 ὣν
1503 3465 1597 3518 καὶ
1658 3482 1788 3516 συν-

213 3572 354 3642 ήθης
382 3570 457 3639 τῷ
488 3566 863 3637 Δρουγγαρίῳ.
903 3564 1122 3615 Ἦνιᾶτο
1178 3560 1353 3613 τοίνυν
1379 3560 1407 3610 6
1443 3560 1593 3613 Λέων
1648 3559 1790 3629 μάλα

215 3660 463 3728 σφοδρῶς
496 3658 588 3709 καὶ
612 3653 822 3723 ἀθυμίᾳ
852 3653 1146 3721 συνείχετο,
1187 3652 1284 3703 καὶ
1318 3650 1416 3719 τήν
1442 3648 1617 3720 λύπην
1651 3646 1786 3719 εἶχε,

215 3753 313 3804 καὶ
363 3748 543 3802 αὑτῶν
608 3747 811 3798 ὀστέων
868 3744 1180 3811 ἁπτομένην
1239 3743 1333 3794 καὶ
1399 3742 1630 3811 μυελῶν,
1693 3742 1789 3795 καὶ

216 3843 455 3915 ἰσχυρῶς
493 3844 786 3911 τήκουσαν.
820 3833 928 3890 Ἦν
966 3836 1023 3888 δὲ
1061 3834 1122 3887 τὸ
1155 3833 1356 3886 λυποῦν
1389 3833 1448 3885 οὑ
1486 3834 1646 3903 μόνον
1693 3836 1785 3889 τοῦ

216 3939 466 4000 Λέοντος,
504 3932 640 3986 ἀλλὰ
675 3930 773 3999 μὲν
815 3929 911 3982 καὶ
951 3925 1280 3996 Θεοδώριτος
1323 3926 1412 3978 τὸν
1444 3925 1607 3977 αὑτδν
1641 3923 1786 3977 εἷλκε

215 4028 382 4095 ζυγὸν
410 4025 502 4077 τοῦ
538 4024 716 4089 λόγου,
752 4024 844 4072 καὶ
877 4019 1128 4087 συνήλγει
1157 4017 1305 4084 αὑτῴ
1340 4018 1431 4066 καὶ
1459 4016 1783 4083 συνέπασχε,

216 4121 405 4189 νόμοις
435 4118 599 4169 εἴκων
628 4111 1056 4182 φιλανθρωπίας,
1091 4109 1187 4162 ἆτε
1246 4108 1309 4178 δὴ
1367 4107 1518 4176 φίλος
1565 4106 1641 4159 ὢν
1691 4109 1786 4160 καὶ

216 4211 624 4282 συνυπηρέτης,
655 4206 846 4275 ὥσπερ
867 4208 893 4257 6
922 4204 1075 4270 λόγος
1107 4200 1319 4271 φθάσας
1352 4200 1641 4270 ἐδήλωσεν.

288 4304 393 4357 II".
422 4302 605 4370 Ταύτῃ
637 4300 815 4350 τοίνυν
849 4297 983 4364 μηδὲ
1011 4295 1191 4360 φέρων
1218 4291 1359 4343 οὕτω
1387 4293 1661 4361 πάσχοντα
1694 4294 1786 4345 τὸν

212 4398 423 4451 Λέοντα
466 4393 728 4460 καθορᾷν,
766 4387 1048 4454 ἀπετόλμα
1082 4383 1283 4453 δηλαδὴ
1327 4384 1418 4434 καὶ
1457 4383 1785 4452 παρεκινδύ-

212 4507 340 4542 νευε
394 4490 506 4548 τοῖς
565 4483 744 4551 λόγοις
794 4483 904 4541 τοῖς
964 4478 1097 4547 πρὸς
1145 4478 1236 4528 τὸν
1273 4476 1482 4528 ἑαυτῶν
1519 4476 1785 4547 δεσπότην

1897 3295 2306 3365 indignationis,
2344 3298 2565 3367 vidique
2609 3302 2950 3355 aversionem
2998 3302 3117 3371 ejus
3158 3310 3213 3355 et
3253 3302 3466 3357 diutur-

1895 3402 2017 3441 nam
2059 3390 2484 3456 separationem.
2539 3390 2651 3445 lmo
2698 3408 2800 3463 ego
2854 3408 3076 3463 quoque
3123 3395 3309 3464 rogavi
3362 3409 3464 3463 pro

1893 3479 2097 3541 Leone,
2132 3490 2191 3534 ut
2220 3482 2313 3550 qui
2343 3496 2521 3535 essem
2550 3482 2853 3553 Drungario
2896 3486 3107 3539 amicus
3137 3495 3191 3538 et
3223 3485 3461 3540 familia-

1895 3572 1993 3627 ris.
2027 3572 2191 3627 Valdc
2224 3573 2406 3643 itaque
2439 3574 2741 3645 angebatur
2767 3575 2901 3640 Leo,
2938 3585 2993 3630 et
3026 3590 3222 3645 magna
3257 3574 3461 3630 allicie-

1894 3665 2057 3719 batur
2090 3664 2255 3718 animi
2296 3665 2645 3734 aegritudine,
2683 3664 2947 3734 dolorque
2979 3664 3062 3719 vel
3104 3666 3216 3734 ipsa
3249 3679 3373 3719 ossa
3406 3673 3463 3718 et

1892 3755 2160 3808 medullas
2222 3756 2499 3823 tangebat,
2549 3764 2605 3809 et
2654 3756 2812 3809 valde
2874 3756 3250 3809 consumebat.
3318 3756 3463 3819 Quin

1892 3844 2057 3900 etiam
2084 3843 2451 3899 Theodoritus
2504 3846 2647 3899 idem
2685 3846 2875 3915 jugum
2927 3844 3194 3907 trahebat,
3229 3853 3290 3898 ut
3322 3844 3464 3898 dici-

1894 3943 2002 3992 tur,
2057 3935 2284 4004 ejusque
2351 3934 2676 3989 movebatur
2732 3934 3140 3997 misericordia,
3200 3935 3463 4004 gravique

1890 4026 2079 4079 dolore
2135 4024 2493 4093 afficiebatur,
2543 4028 2757 4099 legibus
2817 4027 3019 4082 cedens
3075 4026 3352 4090 amicitiae,
3405 4036 3464 4080 ut

1891 4117 1987 4186 qui
2036 4128 2186 4173 esset
2234 4121 2471 4185 amicus,
2522 4130 2579 4175 et
2626 4122 2680 4174 in
2746 4121 3058 4174 ministerio
3119 4120 3326 4184 socius,
3405 4126 3465 4172 ut

1891 4210 2046 4277 prius
2074 4218 2156 4263 est
2188 4219 2493 4264 ostensum.

1961 4300 2100 4354 XIII.
2129 4299 2266 4355 Cum
2298 4301 2482 4371 itaque
2515 4302 2659 4357 ferre
2705 4319 2812 4356 non
2859 4312 3065 4373 posset,
3104 4302 3343 4356 Leonem
3377 4300 3463 4355 sic

1890 4393 2052 4451 allici.
2101 4410 2266 4447 ausus
2322 4403 2407 4448 est
2456 4394 2642 4449 verbis
2685 4410 2845 4449 suum
2896 4393 3116 4465 aggredi
3175 4392 3463 4447 dominum

1893 4491 2093 4554 (neque
2124 4486 2268 4539 enim
2297 4485 2470 4538 facilis
2495 4488 2561 4540 ad
2595 4502 2719 4540 eum
2739 4488 2958 4555 patebat
2984 4488 3183 4546 aditus.
3217 4495 3278 4539 et
3304 4498 3464 4553 asper

212 4582 447 4652 (σφόδρα
470 4579 578 4645 γὰρ
602 4573 956 4643 δυσπρόσιτος
979 4588 1037 4622 τε
1070 4572 1160 4623 καὶ
1183 4569 1538 4638 δυσομίλητος
1565 4571 1591 4621 6
1622 4569 1782 4640 ἀνὴρ,
1819 4550 1865 4609 D

1893 4586 2012 4629 erat
2049 4576 2101 4628 in
2151 4576 2423 4629 sermonis
2468 4577 2875 4646 congressione,
2914 4577 3149 4632 maxime
3196 4578 3341 4633 inter
3380 4580 3454 4635 fa-

212 4676 313 4728 καὶ
379 4674 609 4741 μάλιστα
666 4670 724 4719 ἐν
755 4663 1073 4737 ὑπηρέταις)
1116 4661 1210 4712 καὶ
1254 4661 1403 4722 ἠξίου
1450 4661 1578 4730 περὶ
1618 4661 1785 4714 αὑτοῦ

212 4767 416 4837 τρόπον
461 4761 550 4813 τὸν
595 4761 857 4828 ἔμφρονα·
885 4757 1125 4824 Οἰχεται,
1162 4752 1356 4819 λέγων,
1390 4751 1417 4802 ὁ
1451 4751 1602 4803 Λέων
1640 4753 1785 4823 οίχε-

213 4875 347 4914 ταν
388 4858 505 4916 δέος
548 4854 622 4922 μὴ
646 4854 736 4904 καὶ
770 4852 965 4918 δρᾶσαι
997 4848 1096 4917 μέν
1117 4866 1169 4898 τι
1198 4846 1305 4897 τῶν
1342 4846 1612 4915 χαλεπῶν,
1648 4848 1784 4917 ὅπερ

214 4956 479 5016 ἄντικρυς
511 4949 572 4998 (ιὺ
601 4943 921 5014 βουλόμεθα,
967 4941 1100 5009 μηδὲ
1153 4938 1381 4989 Θανάτου
1431 4939 1786 5005 καταστῶμεν

290 5158 400 5229 (10)
434 5157 707 5228 Spatharii
738 5163 915 5229 erant,
942 5154 1032 5223 qui
1062 5154 1324 5229 custodiae
1345 5151 1593 5221 corporis
1613 5151 1786 5229 impe-

211 5224 416 5287 ratoris
446 5224 599 5283 erant
633 5227 899 5294 deputati,
929 5240 956 5276 a
980 5239 1111 5277 voce
1137 5225 1345 5288 Σπάθα,
1372 5240 1491 5292 qum
1522 5224 1782 5294 majorem

208 5304 454 5373 gladium
484 5291 1437 5373 signiﬁcaunquoillinat‘ptaltau‘lurz
1464 5292 1597 5346 Vide
1637 5291 1781 5373 gan-

211 5363 366 5443 gium
393 5376 443 5421 in
477 5363 751 5443 Glossario
782 5363 1270 5443 Graeco-llirbaro.
1291 5363 1790 5443 Spa_tltarocubicu-

211 5433 408 5497 Tarius,
442 5442 535 5506 qui
569 5439 731 5491 simul
788 5434 1049 5504 spatharii
1090 5443 1144 5486 ct
1187 5433 1508 5489 cubicularii
1563 5444 1787 5485 munere

213 5511 571 5579 fungebatur.

293 5570 404 5649 (ῖι)
437 5576 789 5647 Druugarius,
820 5574 981 5649 idest
1011 5571 1320 5649 prtefeclus.
1349 5589 1377 5626 a
1410 5587 1544 5649 voce
1575 5570 1781 5649 Δρούγ-

211 5643 332 5720 γος,
535 5643 765 5720 ϐιοίιιιηὶ
812 5645 1040 5720 militum
1080 5644 1371 5720 significat.
1418 5643 1781 5720 Lcu_n_cla_viu_s

213 5713 271 5775 i'u
316 5713 667 5775 Onomastieo
725 5716 958 5769 Turcico
1012 5716 1083 5768 ita
1131 5716 1334 5768 Graecis
1393 5713 1656 5782 appellari
1707 5715 1781 5765 ait

212 5793 459 5845 baculum
496 5790 708 5851 tribuni,
738 5802 899 5856 quem
926 5788 1100 5856 instar
1130 5786 1331 5853 sceptri
1367 5786 1524 5853 gerit,
1572 5785 1715 5836 forte
1733 5799 1779 5856 _a

214 5878 349 5917 vou-
376 5863 564 5916 Latina
593 5852 831 5924 truncus,
859 5867 917 5911 ut
943 5858 1016 5910 ait
1054 5852 1293 5925 Cangius
1318 5873 1331 5923 ;
1361 5852 1523 5923 quem
1554 5852 1778 5907 consule

1895 4670 2092 4735 mulos)
2126 4679 2181 4721 et
2218 4670 2471 4736 prudenti
2508 4672 2638 4722 inita
2670 4671 2903 4734 ratione,
2956 4687 3056 4739 pro
3097 4687 3164 4725 eo
3200 4675 3412 4743 rogavit
3444 4692 3457 4727 :

1893 4760 2060 4824 Perit,
2109 4761 2318 4825 dicens,
2359 4763 2465 4817 Leo
2511 4763 2697 4831 perit:
2739 4763 3043 4818 timendum
3092 4776 3198 4828 est,
3244 4782 3312 4821 ne
3352 4767 3461 4823 sibi

1888 4867 2051 4921 grave
2086 4853 2291 4922 aliquid
2317 4854 2509 4919 faciat,
2560 4855 2704 4923 quod
2749 4855 2971 4924 quidem
3014 4866 3164 4912 certe
3194 4859 3456 4924 nolimus,

1897 4959 2073 5012 neque
2098 4946 2269 4999 simus
2301 4956 2554 5001 auctores
2580 4949 2697 5017 ejus
2742 4951 2955 5003 mortis.
2988 4950 3150 5004 Miser
3178 4952 3323 5004 enim
3347 4955 3459 5023 jam

1897 5150 1949 5203 in
2003 5160 2235 5220 utroque
2283 5152 2581 5208 Glossario.
2635 5153 2732 5209 Hic
2784 5155 3120 5223 Drungarius
3150 5155 3217 5210 ad
3269 5156 3462 5216 classis

1893 5223 2269 5289 praefecturam
2311 5223 2563 5275 refertur.

1962 5291 2071 5359 (12)
2108 5291 2538 5364 Λογοθέτηςτοῦ
2586 5293 2794 5364 Δρόμου
2852 5303 2969 5347 erat
3027 5295 3093 5357 is,
3144 5296 3237 5364 qui
3289 5296 3459 5349 ratio-

1889 5376 1985 5483 qes
2014 5377 2209 5415 cursus
2246 5362 2449 5430 publici
2484 5363 2848 5432 expendebat.
2886 5365 3017 5420 Vide
3059 5362 3321 5433 Carigium
3354 5366 3459 5420 ibi-

1889 5447 2030 5484 rem.

1886 5448 2030 5484 (lem.

1957 5504 2066 5582 (εὖ)
2101 5502 2615 5573 Πρωτοσπαθάριος,
2652 5503 2947 5558 Prarfeclus
2996 5505 3291 5559 custodum
3332 5520 3458 5561 cor-

2122 5642 2477 5709 Μαγκλάόιον
2525 5643 2745 5697 Clavum
2787 5644 3077 5714 significat,
3120 5662 3225 5715 qua
3277 5662 3457 5702 arma.

1885 5711 2090 5765 bantur
2119 5716 2213 5781 qui
2248 5724 2407 5767 erant
2451 5716 2820 5784 imperatoria:
2843 5711 3150 5781 'cohortisf
3190 5718 3278 5769 hic
3321 5733 3458 5772 vero

1885 5783 2122 5908 zumitur
2152 5798 2250 5851 pro
2275 5784 2389 5853 ipsa
2416 5783 2642 5841 coherte
2672 5786 3045 5855 imperatoria.
3070 5788 3308 5843 Rursum
3333 5787 3458 5842 vide

1932 5869 2181 5908 anetum.

1932 5869 2181 5923 angtum.
