4230 6436
769 381 877 443 295

2071 357 2354 425 MENSIS
2389 352 2696 419 JUNIUS.

3931 337 4039 400 296

775 489 1041 548 extabuit,
1072 495 1126 539 et
1164 496 1248 537 εει
1279 497 1410 538 sane
1441 488 1824 549 consumptus,
1853 491 1961 531 non
1991 476 2174 530 terens
2197 482 2344 526 tuam
2383 483 2423 533 Α

2383 483 2423 533 Α
2455 467 2618 519 attito:
2639 482 2650 494 '
2685 463 2882 530 τέτηκε
2912 461 3023 532 γὰρ
3050 462 3077 513 ὁ
3102 457 3367 526 δυστυχὴς
3395 454 3493 526 ἤδη
3521 455 3615 507 καὶ
3640 453 4037 522 δεδαπάνηται,

777 579 1215 640 aversationem;
1269 585 1325 629 et
1375 574 1559 628 statim
1608 564 1823 625 amittet
1880 567 2042 621 etiam
2087 565 2347 618 animam.

778 673 889 726 Hoc
919 686 1042 724 cum
1075 685 1186 722 non
1216 670 1404 728 semel,
1439 664 1533 720 sed
1563 677 1707 732 saepe
1732 661 1975 723 dixisset,
2028 655 2350 711 assiduitate

776 769 831 813 et
857 763 1166 827 Opportuna
1224 755 1579 824 persuasione
1629 751 1772 805 belle
1829 749 2144 803 reconciliet
2183 746 2350 798 Leoni

778 851 1063 905 dominum
1109 863 1302 912 suum;
1342 846 1678 916 jubeturque
1738 842 1914 911 ipsum
1978 839 2250 892 adducere
2296 837 2350 890 in

777 951 1129 1010 conspectum
1163 940 1301 1007 ejus.
1359 936 1453 989 Ille
1500 950 1631 988 vero
1675 948 1786 1003 prce
1831 931 2002 985 nimio
2047 929 2246 999 gaudio
2290 943 2353 981 ac

779 1034 1125 1089 festinatione
1164 1030 1312 1086 (dum
1352 1029 1491 1083 forte
1515 1026 1746 1080 debebat
1777 1041 1877 1095 per
1921 1024 2097 1077 scalas
2127 1022 2354 1074 descen-

779 1126 930 1190 dere)
981 1121 1304 1191 impeditum
1369 1117 1575 1172 alicubi
1635 1116 1834 1186 pedem
1877 1116 2118 1185 graviter
2167 1113 2352 1176 luxat;

777 1219 1023 1286 jacetquc
1071 1214 1187 1267 sine
1216 1227 1370 1277 voce,
1415 1209 1716 1264 immobilis
1775 1217 1830 1262 et
1885 1206 2074 1260 dolore
2128 1206 2358 1268 fractus;

780 1323 843 1360 ac
869 1321 1011 1375 aegre
1051 1307 1269 1360 tandem
1309 1302 1523 1354 delatus
1561 1308 1646 1354 est
1684 1297 1750 1351 ad
1795 1299 2021 1352 lectum.
2071 1296 2205 1350 Tres
2239 1295 2354 1349 dies

781 1398 1180 1466 praeterieram,
1226 1405 1281 1447 et
1317 1394 1432 1463 ipse
1471 1393 1550 1446 sic
1587 1390 1805 1462 jacebat
1846 1391 2095 1458 supinus,
2145 1398 2350 1452 mutus,

780 1487 1140 1555 stupefactus,
1179 1484 1355 1537 somni
1387 1493 1442 1538 et
1482 1482 1589 1536 cibi
1622 1496 1841 1551 expers,
1874 1495 1975 1534 nec
2007 1495 2203 1549 aquam
2232 1479 2356 1547 qui-

782 1580 904 1633 dem
936 1578 1249 1640 admittens,
1286 1591 1388 1630 nec
1412 1574 1639 1629 omnino
1666 1590 1725 1627 se
1759 1587 1985 1626 movens
2008 1612 2022 1636 ,
2055 1571 2150 1625 sed
2187 1569 2351 1624 veluti

786 1673 921 1725 lecto
961 1669 1172 1730 allixus,
1201 1678 1255 1722 et
1286 1683 1313 1721 a
1343 1683 1402 1722 re
1428 1665 1668 1732 inanima
1705 1665 1842 1718 nihil
1875 1663 2154 1718 dill‘erens.
2215 1661 2345 1715 San-

783 1771 928 1813 ctum
985 1768 1166 1812 tamen
1222 1757 1391 1810 etiam
1460 1754 1692 1810 tacendo
1747 1768 1965 1823 rogans,
2033 1751 2180 1804 videt
2227 1766 2350 1804 eum

2459 555 2556 627 τὴν
2597 552 2948 624 ἀποστροφὴν
2990 551 3050 604 οὐ
3096 550 3282 618 φέρων
3313 546 3411 617 τὴν
3444 546 3563 615 σὴν,
3597 545 3690 597 καὶ
3724 545 3851 597 ὅσον
3887 541 4041 594 οὔπω

2459 645 2754 699 ἁποὸάλ).ει
2778 645 2868 696 καὶ
2898 642 2997 711 τὴν
3024 641 3222 712 ψυχήν.
3262 637 3433 690 Τοῦτο
3465 637 3563 704 οὐχ
3601 634 3748 698 ἆπαξ
3771 632 4038 702 εἰρηκὼς,

2460 737 2594 790 ἀλλὰ
2627 738 2718 788 καὶ
2753 734 3034 796 πνλλάκις,
3070 731 3148 801 τῷ
3177 731 3391 799 συνεχεῖ
3423 729 3518 779 καὶ
3547 724 3791 794 εὐκαίρῳ
3835 723 4040 784 πείθει,

2459 830 2553 880 καὶ
2597 829 2696 893 τὴν
2739 822 3086 890 καταλλαγὴν
3134 818 3428 888 πρεσὸεύει
3477 817 3656 876 καλῶς
3696 813 3775 882 τῷ
3823 813 4038 864 Λέοντι.

2462 912 2594 968 Εἶτα
2626 913 2718 966 καὶ
2755 913 2836 973 εἰς
2877 911 3000 979 ww
3024 909 3185 960 αὐτὸν
3213 909 3438 974 ἀγαγεῖν
3466 902 3799 966 κελευσθεὶς,
3833 902 4041 960 ὲκεῖνες

2461 1009 2524 1059 ὲκ
2559 1006 2668 1058 τῶν
2709 1005 2848 1071 ἄγαν
2897 999 3254 1071 περιχαρείας
3305 999 3573 1067 (κλίμακα
3630 993 3773 1047 οὕτω
3826 991 4043 1062 συμϐάν

2463 1097 2688 1165 κατιὼν)
2734 1095 2828 1148 καὶ
2859 1094 2935 1164 τῷ
2979 1094 3137 1162 τάχει
3176 1088 3588 1160 συμποδισθεὶς,
3619 1085 3951 1155 διάστροφός
3983 1101 4042 1135 τε

2462 1191 2553 1244 καὶ
2593 1189 2808 1257 ἔξεδρος
2836 1187 2931 1257 τὴν
2955 1185 3048 1239 τοῦ
3074 1185 3230 1244 ποδὸς
3261 1180 3510 1251 ἁρμογὴν
3544 1179 3750 1247 γίνεται
3778 1193 3789 1204 ·
3823 1178 3921 1230 καὶ
3951 1176 4044 1228 εὑ-

2462 1284 2558 1347 01);
2589 1282 2804 1351 ἄφωνός
2839 1296 2898 1332 τε
2943 1279 3036 1332 καὶ
3065 1277 3323 1345 ἀκίνητος
3355 1269 3443 1344 ἦν,
3480 1271 3584 1325 ὑπὸ
3618 1271 3717 1338 τῆς
3763 1267 4040 1336 περιωδυο

2461 1378 2580 1437 νίας
2613 1370 3024 1444 ἁπορῤαγεὶς,ὴ
3057 1368 3212 1436 κλίνη
3243 1383 3301 1418 τε
3333 1361 3446 1434 εἶχε
3474 1363 3679 1422 τοῦτον,
3711 1362 3872 1429 μόγις
3904 1358 4041 1426 πρὸς

2462 1465 2630 1537 αὐτὴν
2662 1461 3149 1532 ἐκκεκομισμένον.
3179 1459 3339 1528 Τρεῖς
3371 1454 3649 1524 παρῆλθον
3676 1453 3916 1522 ἡμέραι,
3951 1450 4044 1501 καὶ

2461 1557 2624 1622 αὐτὸς
2678 1555 2850 1618 οὕτως
2893 1553 3074 1605 ἔκειτο
3114 1551 3323 1612 ὕπτιος,
3361 1549 3574 1614 ἄφωνος
3611 1546 3816 1605 ἄϋπνος
3841 1560 3903 1595 τε
3953 1543 4044 1595 καὶ

2463 1651 2667 1722 ἀχανὴς
2712 1648 2805 1700 καὶ
2835 1648 3041 1708 ἄσιτος,
3073 1643 3197 1696 οὐδὲ
3238 1642 3428 1702 ὕδατος
3468 1639 3832 1708 προσιέμενος
3886 1635 4044 1686 οὖδα-

2465 1743 2600 1812 μῶς,
2626 1741 2745 1794 οὐδὲ
2780 1738 3021 1810 κινηθεὶς
3047 1737 3184 1797 ὅλως
3205 1751 3217 1766 ⁸
3244 1733 3359 1786 ἀλλ’
3382 1733 3545 1784 οἱονεὶ
3578 1732 3642 1800 τῇ
3675 1728 3838 1799 κλίνῃ
3867 1741 4042 1794 προσ-

782 1860 1013 1904 stantem
1040 1850 1102 1902 ad
1131 1858 1436 1900 extremum
1470 1847 1622 1906 lecti,
1655 1821 1969 1912 tangentem
1996 1844 2167 1895 talum
2202 1843 2356 1911 pedis
2392 1831 2429 1883 Β

2392 1831 2429 1883 Β
2457 1832 2738 1902 ηλωμένος
2767 1830 2861 1882 καὶ⁸
2890 1831 2987 1897 τῆς
3019 1827 3226 1897 ἀψύχου
3261 1825 3537 1896 διαφέρων
3566 1823 3738 1876 οὐδέν,
3774 1821 4041 1888 Δεόμενπ

782 1941 983 2003 allecti,
1018 1941 1366 1994 etdieentem
1401 1955 1414 1989 :
1446 1936 1641 2005 Surge,
1684 1936 1820 1988 nihil
1861 1935 1968 1988 erit
1993 1934 2089 1986 tibi
2125 1933 2359 2002 amplius

785 2036 930 2088 mali.
963 2033 1134 2089 Simul
1171 2043 1350 2085 autem
1392 2039 1558 2099 atque
1596 2031 1701 2082 hoc
1744 2028 1911 2091 dixit,
1959 2026 2124 2081 simul
2174 2026 2360 2095 dispa-

784 2127 918 2186 ruit,
966 2134 1249 2192 spcctante
1304 2122 1661 2185 Theodorito,
1703 2132 1758 2175 et
1810 2137 1918 2190 prae
1968 2130 2191 2189 stupore
2222 2120 2359 2172 nihil

785 2215 1064 2282 loquente.
1123 2211 1417 2279 Postquam
1486 2225 1612 2263 vero
1663 2224 1890 2280 magnus
1948 2209 2037 2262 ille
2095 2210 2358 2277 Sampson

789 2304 979 2373 procul
1006 2303 1106 2356 fuit
1135 2304 1203 2354 ab
1235 2303 1428 2361 oculis,
1463 2300 1529 2354 ad
1563 2315 1621 2353 se
1679 2301 1820 2353 redit
1871 2297 2260 2359 Theodoritus,
2308 2308 2363 2350 et

789 2411 928 2448 novo
963 2396 1127 2447 veluti
1168 2395 1362 2461 spiritu
1407 2392 1705 2451 animatur,
1749 2391 1965 2458 sibique
2018 2388 2358 2451 restituitur;

788 2488 903 2542 oris
937 2501 1154 2555 quoque
1195 2495 1250 2537 et
1293 2484 1490 2554 linguas
1538 2497 1692 2536 usum
1733 2482 2028 2550 recipiens,
2064 2482 2183 2535 laeta
2230 2495 2362 2534 voce

788 2577 1128 2651 glorificabat
1162 2577 1331 2630 Deum
1372 2573 1910 2642 subsusurrabatque
1947 2589 1961 2626 :
1999 2573 2233 2628 Sanctus
2261 2572 2361 2627 iste

791 2679 871 2723 est
912 2668 1214 2736 Sampson;
1273 2676 1326 2719 et
1374 2667 1558 2720 statim
1599 2665 1906 2717 ministrum
1945 2675 2030 2717 est
2070 2665 2361 2725 allocutus,

793 2759 980 2812 dicens
1016 2769 1030 2809 :
1066 2754 1262 2825 Surge.
1286 2753 1447 2806 Basili
1473 2753 1565 2819 (ita
1598 2752 1743 2806 enim
1773 2751 1819 2806 is
1849 2751 2265 2820 vocabatur),et
2295 2751 2362 2804 da

795 2849 928 2902 mihi
959 2855 1188 2909 vestem,
1219 2855 1279 2898 ut
1307 2860 1392 2897 me
1424 2845 1647 2897 induam
1679 2861 1692 2896 :
1721 2851 1777 2896 et
1807 2843 1972 2896 simul
2010 2842 2203 2912 pedem
2241 2843 2365 2896 teti-

792 2941 886 3010 git.
921 2939 1058 2992 Eum
1095 2945 1277 2990 autem
1317 2935 1510 2988 videns
1552 2934 1766 2997 sanum,
1814 2935 1970 2988 alteri
2003 2950 2224 2988 manum
2270 2937 2364 2989 ad-

796 3031 984 3093 movit,
1017 3029 1120 3098 qui
1140 3036 1258 3082 erat
1282 3027 1483 3082 illaesos
1521 3027 1788 3081 abinitio.
1824 3025 1920 3081 Rei
1944 3029 2088 3081 enim
2129 3027 2366 3083 admira-

794 3119 975 3173 bilitas
1002 3132 1126 3170 eum
1160 3115 1424 3168 reddebat
1480 3129 1657 3184 prope
1687 3124 1880 3170 emotze
1915 3116 2136 3180 mentis,
2173 3126 2365 3170 cterat

797 3220 1054 3279 tanquam
1085 3208 1167 3261 sui
1193 3207 1420 3272 oblitus,
1445 3217 1501 3260 et
1529 3207 1882 3270 dubitans,et
1911 3207 2184 3261 haesitanti
2210 3209 2362 3263 simi-

796 3302 882 3356 lis.
915 3300 1154 3355 Nitnium
1197 3299 1344 3353 enim
1394 3298 1653 3366 gaudium
1697 3306 1752 3351 et
1780 3299 1981 3351 bonum
2029 3297 2366 3369 inexspecta-

798 3399 914 3453 tum
941 3409 1004 3447 ac
1028 3401 1226 3462 praeter
1261 3390 1578 3459 opinionem
1616 3389 1895 3456 eveniens,
1943 3400 2180 3445 mentem
2227 3393 2366 3446 solet

797 3489 1098 3543 dimovere.
1138 3484 1241 3540 Ubi
1279 3492 1461 3540 autem
1499 3485 1766 3552 comperit
1801 3485 1992 3538 ambos
2029 3501 2148 3539 esse
2182 3501 2366 3547 sanes,

797 3579 965 3632 alacri
998 3577 1177 3630 statim
1201 3575 1383 3628 animo
1411 3584 1464 3626 et
1500 3573 1731 3642 pedibus
1765 3574 1938 3629 tendit
1961 3576 2026 3629 ad
2052 3577 2365 3645 sepulcrum

797 3687 934 3756 ejus,
971 3686 1064 3754 qui
1094 3684 1296 3737 misero
1327 3681 1671 3735 curationem
1710 3682 2071 3750 impertietat,
2107 3694 2162 3738 et
2197 3685 2364 3740 benc-

797 3778 981 3832 licium
1011 3776 1061 3829 ei
1095 3775 1263 3829 refert
1284 3784 1596 3841 acceptum,
1643 3774 1958 3842 gratiasque
2007 3777 2095 3844 pie
2130 3780 2259 3846 agit,
2306 3788 2364 3832 ut

797 3869 936 3923 solet
957 3876 1143 3937 gratus
1171 3874 1228 3919 et
1263 3879 1472 3918 memor
1496 3864 1731 3918 animus.

2464 1927 2646 1995 μέντοι
2695 1924 2786 1976 καὶ
2830 1918 3048 1974 σιωπῶν
3103 1919 3195 1970 τοῦ
3249 1917 3454 1983 Ἁγίου,
3492 1916 3592 1984 ὁρᾷ
3637 1913 3828 1965 τιῦτον
3891 1911 4043 1979 παρὰ

2460 2022 2582 2081 τοὺς
2606 2015 2888 2087 πρόποδας
2913 2010 3181 2081 ἑστηκότα
3203 2009 3300 2079 τῆς
3326 2007 3534 2075 κλίνης,
3563 2005 3655 2058 τοῦ
3688 2002 4042 2074 ἀστραγάλου

2462 2114 2552 2165 τὸν
2593 2111 2953 2178 ὲπαφώμενον
3001 2105 3093 2158 τοῦ
3123 2101 3450 2156 πεπονθότος
3500 2098 3682 2160 ποδὸς,
3715 2098 3811 2150 καὶ
3848 2097 4045 2160 Ἐγει-

2466 2224 2575 2275 pzt,
2605 2207 2884 2275 εἰρηκότα,
2914 2202 3080 2254 κακὸν
3113 2198 3222 2268 γάρ
3254 2196 3371 2248 ὲστί
3413 2212 3495 2248 σοι
3544 2193 3602 2246 τὸ
3635 2192 3902 2262 παράπαν
3954 2190 4044 2239 οὑ-

2464 2301 2550 2352 δέν
2572 2315 2584 2326 ·
2614 2302 2728 2366 ἅμα
2760 2313 2815 2349 τε
2847 2295 2952 2362 ἔφη
2981 2291 3158 2354 τοῦτο,
3212 2290 3306 2342 καὶ
3347 2287 3462 2357 ἅμα
3513 2286 3683 2357 ἐξῄει,
3729 2283 4044 2354 βλεπόντων

2465 2392 2556 2442 τοῦ
2595 2389 2930 2456 Θεοδωρίτου
2967 2383 3076 2435 τῶν
3108 2381 3423 2450 ὀφθαλμῶν,
3455 2381 3549 2430 τοῦ
3594 2378 3866 2445 στόματος
3909 2375 4043 2444 μηδὲ

2465 2482 2799 2554 φθέγγεσθαι
2830 2479 3155 2546 δυναμένου.
3203 2473 3419 2540 Ἐπειδὴ
3448 2471 3539 2523 καὶ
3574 2472 3600 2522 ό
3632 2469 3824 2534 Μέγας
3853 2470 4046 2536 πέρῤω

2464 2579 2572 2630 τῶν
2606 2571 2903 2645 ὀφθαλμῶν
2927 2567 3014 2642 ἦν,
3050 2569 3295 2621 ἐπάνεισι
3337 2564 3440 2632 μὲν
3474 2565 3552 2625 εἰς
3598 2560 3790 2614 ἑαυτὸν
3839 2559 3869 2609 ὁ
3911 2560 4045 2608 Θεο-

2465 2669 2712 2738 δώριτος,
2759 2667 2850 2718 καὶ
2902 2663 3064 2715 οἱονεὶ
3106 2658 3397 2728 ψυχοῦται,
3443 2656 3538 2707 καὶ
3563 2652 3868 2722 κινουμένῳ
3904 2665 4046 2717 παρ-

2465 2765 2648 2834 όμοιος
2701 2759 2999 2822 δείκνυται,
3033 2753 3218 2824 φωνὴν
3265 2750 3321 2805 δὲ
3372 2747 3468 2801 καὶ
3513 2744 3574 2796 τὸ
3623 2740 3798 2811 στόμα
3852 2740 4045 2809 ὥσπερ

2468 2857 2731 2927 πρότερον
2785 2848 2920 2922 εἶχε,
2972 2848 3210 2912 δοξάζων
3259 2860 3318 2896 τε
3382 2836 3450 2910 ἦν
3510 2836 3603 2889 τὸν
3667 2834 3838 2927 Gelu,
3891 2835 4044 2927 ἕξωνῇ

2467 2921 2944 3017 φαιδροτέρῳ,ὼς
2982 2939 3040 2992 δὲ
3084 2937 3176 2990 καὶ
3218 2929 3716 3001 ὑποφθεγγόμενος,
3774 2922 3834 2976 '0
3889 2921 4044 2989 ἅγιός

2463 3043 2582 3096 ἐστι
2619 3034 2881 3106 Σαμψών.
2916 3030 3025 3084 Καὶ
3067 3029 3264 3083 αὐτίκα
3303 3022 3484 3097 [πρὸς]
3528 3021 3620 3074 τὸν
3662 3017 4047 3090 ὑπηρετούμε-

2468 3149 2579 3196 νον,
2617 3127 2870 3188 Ἀνάστα,
2914 3122 3040 3193 ἔφη,
3080 3119 3326 3174 Βασίλειε
3372 3117 3534 3189 (οὕτω
3591 3118 3702 3184 γὰρ
3746 3108 4044 3172 ἐκαλεῖτο),

2469 3219 2563 3274 καὶ
2596 3221 2656 3270 τὸ
2688 3215 2900 3285 ἱμάτιόν
2935 3229 3024 3281 μοι
3063 3211 3150 3274 δὺς
3192 3207 3613 3261 ἐπενδύσασθαι.
3655 3203 3766 3256 Καὶ
3799 3199 3916 3269 ἅμα
3949 3197 4045 3249 τοῦ

2466 3312 2624 3374 ποδός
2664 3310 2888 3379 ἥπτετο,
2935 3304 3031 3357 καὶ
3076 3303 3206 3368 ὑγιᾶ
3256 3300 3447 3352 τοῦτον
3488 3297 3651 3365 ὀρῶν,
3702 3293 3918 3362 Θατέρῳ
3947 3289 4048 3356 τὴν

2467 3408 2624 3475 χεῖρα
2658 3399 2898 3469 προσῆγε
2938 3395 3017 3464 τῷ
3068 3394 3125 3459 ἐξ
3175 3392 3346 3462 ἀρχῆς
3393 3388 3638 3442 ἀπαθεῖο
3681 3384 3894 3438 ἐδείκνυ
3934 3382 4044 3452 γὰρ

2471 3497 2634 3550 αὐτὸν
2690 3489 2887 3565 μικροῦ
2946 3488 3042 3541 καὶ
3095 3485 3336 3554 ἔκφρονα
3381 3484 3412 3553 ἡ
3462 3477 3892 3552 παραδοξοποεία
3949 3475 4045 3527 τοῦ

2472 3591 2820 3662 πράγματος,
2876 3582 2970 3635 καὶ
3029 3579 3218 3647 ὥσπερ
3272 3575 3634 3644 ἐκλαθόμενος
3692 3569 3910 3633 ἑαυτοῦ,
3952 3567 4049 3620 καὶ

2473 3659 2797 3750 ἁμςιγνοῶν
2824 3677 3077 3738 διέκειτο,
3103 3671 3198 3724 καὶ
3225 3667 3585 3737 ἀπορουμένῳ
3616 3666 3798 3715 ἐοίκει.
3839 3659 4050 3719 Ἄλλως

2470 3793 2530 3828 τε
2571 3775 2626 3826 δὲ
2674 3771 2769 3823 καὶ
2816 3769 2849 3837 ὴ
2887 3763 3214 3834 περιχάρεια
3261 3759 3355 3812 καὶ
3409 3757 3470 3806 τὸ
3515 3756 3775 3821 ἀδόκητον
3817 3751 4046 3815 ἀγαθὸν.

2472 3866 2611 3923 οἶδεν
2653 3861 2870 3931 εξιστᾷν
2906 3857 2966 3910 οὐ
3006 3853 3265 3926 μετρίως.
3309 3849 3394 3911 Ὦς
3435 3842 3528 3902 οὖν
3575 3847 3668 3898 καὶ
3694 3842 4045 3914 ἀμφοτέρους

799 3963 1073 4035 ἐρρῶσθαι
1098 3960 1321 4029 διέγνω,
1355 3959 1549 4012 αὐτίκα
1577 3959 1855 4029 πρόθυμος
1884 3961 2182 4031 προθύμοις
2215 3967 2362 4032 ποσὶ,
2401 3967 2537 4037 πρὸς
2604 3961 2694 4013 τὴν
2727 3955 2822 4009 τοῦ
2856 3949 3291 4022 θεραπεύσαντος
3321 3945 3513 4013 τάφον,
3545 3939 3797 4010 ὁμολογεῖ
3852 3955 3914 3990 τε
3946 3939 4048 4007 τὴν

800 4053 981 4124 χάριν,
1012 4055 1100 4104 καὶ
1130 4051 1227 4120 τὴν
1261 4050 1631 4120 εὐχαριστίαν,
1659 4049 1847 4120 ὥσπερ
1886 4047 2026 4104 οἶδεν
2069 4053 2368 4125 εὐγνώμων
2398 4055 2569 4126 ψυχὴ,
2603 4046 2866 4116 θεοφιλῶς
2900 4041 3213 4095 ἀποδίδωσι.

869 4142 1007 4196 ΧΗ.
1051 4142 1191 4196 Huic
1230 4156 1355 4194 vero
1405 4141 1741 4194 Theodorito
1775 4143 1996 4207 accidit,
2039 4155 2097 4196 ut
2139 4146 2371 4202 Sanctus

802 4237 890 4290 ille
917 4234 969 4287 in
992 4233 1098 4285 alio
1139 4247 1357 4301 quoque
1389 4231 1674 4295 miraculo,
1704 4233 1848 4300 quod
1898 4234 2043 4288 circa
2083 4235 2368 4293 dominum

796 4328 919 4397 ejus
951 4325 1151 4378 factum
1183 4332 1267 4376 est
1296 4324 1570 4391 (quisnam
1591 4334 1795 4378 .autem
1837 4328 1882 4379 is
1913 4326 2006 4392 sit,
2033 4328 2143 4398 jam
2184 4338 2370 4386 osten—

801 4434 921 4471 sum
954 4417 1056 4486 est)
1100 4415 1412 4467 inserviret.
1445 4413 1551 4466 Sed
1583 4417 1860 4482 quomodo
1893 4417 1946 4469 id
1973 4420 2198 4474 accidit?
2228 4422 2364 4475 Cum

803 4505 1144 4576 Drungarius
1173 4505 1262 4557 hic
1303 4502 1412 4556 Leo
1439 4503 1735 4572 aliquando
1788 4505 2108 4575 equitaret,
2156 4510 2362 4572 evenit,
2401 4537 2446 4598 ο

801 4609 862 4657 ιιι
888 4615 1061 4668 equus
1089 4599 1236 4652 illius
1271 4596 1460 4667 pedem
1514 4613 1670 4652 muro
1709 4599 1963 4666 allidens,
2002 4618 2126 4655 eum
2181 4604 2372 4657 feriret

799 4693 1060 4763 graviter.
1111 4690 1246 4743 Male
1293 4696 1475 4742 autem
1523 4704 1580 4742 se
1636 4691 1875 4745 habebat
1908 4707 2024 4759 pes,
2073 4710 2183 4746 non
2219 4695 2371 4749 brevi

801 4786 985 4852 aliquo
1019 4792 1282 4850 tempore,
1308 4779 1403 4833 sed
1432 4780 1617 4838 multis
1643 4781 1863 4842 diebus.
1891 4783 2098 4839 Deinde
2129 4801 2251 4840 cum
2295 4787 2375 4840 sic

800 4875 1032 4928 allectus
1071 4873 1455 4926 ostenderetur
1487 4874 1739 4935 medicis,
1776 4891 1873 4930 eos
1914 4877 1980 4928 ad
2011 4879 2375 4930 necessariam

805 4969 1103 5023 seetionem
1135 4978 1190 5020 et
1212 4968 1576 5037 chirurgicam
1606 4970 1982 5038 Operationem
2013 4971 2373 5040 propellebat.

806 5059 982 5126 Atque
1040 5068 1158 5110 erat
1224 5055 1451 5126 quidem
1503 5057 1622 5110 dies
1671 5071 1940 5126 quartus,
1988 5076 2096 5129 quo
2149 5061 2378 5114 medicis

809 5153 982 5204 visunt
1030 5149 1206 5202 fuerat
1232 5150 1308 5203 sic
1337 5150 1534 5204 facere.
1579 5150 1643 5204 Et
1698 5147 1955 5206 Nieolaus
2001 5157 2139 5221 (erat
2191 5165 2375 5209 autem

808 5243 853 5293 is
880 5257 1097 5309 quoque
1130 5256 1273 5294 unus
1300 5256 1365 5294 ex
1408 5241 1475 5294 iis
1501 5242 1594 5311 qui
1629 5243 1940 5297 serviebant.
1967 5245 2288 5312 Drungario.
2326 5254 2382 5299 et

809 5334 927 5401 ejus
975 5332 1195 5385 domum
1241 5331 1626 5402 complebant)
1693 5343 1960 5388 statuerat
2017 5335 2132 5404 ipse
2180 5335 2379 5389 afferre

813 5421 1137 5477 sectionem.
1183 5423 1278 5475 Illa
1326 5438 1460 5478 vero
1513 5435 1672 5477 nocte
1722 5437 1984 5493 apparent
2046 5427 2383 5482 Theodorito

815 5513 916 5565 viri
953 5523 1062 5565 tres
1132 5513 1356 5566 domum
1403 5514 1697 5584 Drungarii
1745 5516 2132 5584 ingredientes,
2193 5519 2382 5571 habitu

819 5616 874 5659 et
902 5607 1101 5658 amictu
1127 5606 1378 5659 Romani.
1413 5605 1622 5672 Quibus
1665 5607 1840 5662 factus
1870 5610 2111 5671 obviam,
2135 5609 2381 5675 Quonam

813 5699 941 5754 itis?
984 5701 1210 5769 rogavit.
1247 5699 1326 5753 Illi
1375 5710 1558 5754 autem
1593 5717 1725 5755 voce
1763 5713 1816 5754 et
1854 5713 2079 5774 aspectu
2127 5704 2337 5772 placido
2369 5721 2382 5758 :

817 5793 896 5847 Ad
959 5794 1242 5849 dominum
1301 5805 1456 5849 tuum
1513 5797 1848 5852 accedimus.
1899 5798 1978 5851 Ad
2041 5798 2155 5853 haec
2203 5806 2384 5852 autem

2555 4143 2654 4200 lA'.
2694 4141 2785 4212 Τῷ
2810 4123 3129 4206 Θεοδωρίτῳ
3161 4131 3226 4204 δὴ
3252 4129 3424 4200 τούτῳ
3456 4125 3549 4181 καὶ
3575 4125 3747 4196 ἑτέρῳ
3784 4123 4046 4192 θαύματι,

2477 4241 2505 4294 ὃ
2537 4238 2666 4309 περὶ
2692 4236 2783 4288 τὸν
2821 4228 3018 4286 ἑαυτοῦ
3050 4226 3370 4297 πέπρακται
3413 4221 3598 4292 κύριον
3631 4219 3810 4287 (δῆλος
3833 4216 3892 4268 δὲ
3921 4216 4060 4289 ἤδη,

2477 4333 2562 4395 τίς
2592 4307 2748 4390 οὗτός
2797 4322 2970 4391 ἐστιν)
3007 4318 3284 4385 ἐξεγένετο
3331 4310 3699 4382 ὑπουργῆσαι,
3744 4307 3859 4361 ἀλλ’
3900 4309 4051 4365 ὅπως

2479 4423 2588 4490 ἄρα
2625 4419 2720 4470 καὶ
2764 4413 3063 4480 ἐξεγένετο.
3098 4406 3205 4460 Τοῦ
3239 4400 3611 4490 Δρουγγαρίου
3652 4400 3902 4458 Λέοντος,
3955 4395 4051 4447 τοῦ

2476 4511 2530 4564 δὲ
2585 4505 2962 4578 ἱππαζομένου
2997 4502 3150 4560 ποτὲ,
3193 4495 3485 4567 συμϐαίνει
3537 4491 3630 4545 τὸν
3675 4493 3842 4545 ἵππον
3888 4491 4053 4562 τοίχῳ

2478 4600 2940 4675 προσαρράξαντα
2972 4598 3062 4649 τὸν
3105 4592 3314 4646 ἐκείνου
3350 4589 3487 4640 πόδα
3533 4586 3732 4656 πλῆξαι
3772 4585 4051 4655 χαλεπῶς.

2476 4692 2605 4765 Εἶχε
2630 4689 2920 4760 τοιγαροῦν
2957 4685 3207 4754 πονηρῶς
3237 4686 3264 4735 ὁ
3291 4682 3514 4744 ποῦς,οὺ
3544 4683 3674 4750 παρ’
3705 4680 3910 4742 ὀλίγον,
3939 4676 4055 4728 ἀλλ’

2477 4791 2533 4840 ὲν
2589 4786 2822 4854 ἡμέραις
2878 4781 3121 4850 συχναῖς.
3169 4771 3302 4829 Εὶτα
3337 4775 3429 4827 καὶ
3484 4773 3595 4835 τοῖς
3634 4770 3836 4840 ἰατροῖς
3880 4767 4054 4828 οὕτως

2479 4880 2614 4948 ἔχων
2643 4873 3109 4941 ἐπιδεικνύμενος,
3138 4869 3271 4938 πρὸς
3299 4868 3472 4936 τομὴν
3503 4864 3697 4924 αὐτοὺς
3737 4862 4055 4927 ἀναγκαίως

2482 4968 2783 5040 παρεκάλει
2826 4965 2920 5016 καὶ
2964 4961 3334 5031 χειρουργίαν.
3393 4955 3459 5007 'H
3497 4957 3595 5022 μὲν
3626 4952 3716 5005 οὖν
3747 4953 3941 5021 ἡμέρα
3977 4969 4059 5002 τε·

2479 5059 2635 5129 τρὰς,
2655 5059 2743 5109 ὅτε
2771 5054 2911 5106 οὕτω
2934 5052 3175 5103 δέδοκται
3207 5050 3320 5110 τοῖς
3350 5048 3550 5116 ἰατροῖς
3572 5045 3702 5115 δρᾷν
3725 5059 3737 5070 .
3770 5055 3869 5094 καὶ
3900 5046 3927 5094 ὁ
3959 5042 4056 5092 Νι-

2483 5151 2675 5209 κόλαος
2714 5141 2816 5216 (εἷς
2850 5145 2904 5196 δὲ
2931 5144 3025 5196 καὶ
3051 5142 3212 5203 αὐτὸς
3250 5138 3449 5192 τούτων
3471 5133 3560 5208 ἦν,
3595 5137 3668 5204 τῷ
3697 5133 4057 5205 Δρουγγαρίῳ

2481 5261 2539 5295 τε
2579 5239 3018 5308 ὑπηρετούμενος
3055 5232 3262 5284 καὶτὸν
3292 5229 3458 5284 αὑτοῦ
3494 5225 3644 5281 οἷκον
3674 5228 4055 5297 συμπληροῦν)

2483 5332 2708 5402 ὡρίζετο
2739 5328 3055 5395 ἐπενεγκεῖν
3092 5325 3252 5385 αὐτὸς
3291 5324 3389 5392 τὴν
3427 5323 3624 5390 τομήν.
3669 5322 3824 5372 Κατὰ
3857 5321 3912 5370 δὲ
3963 5320 4056 5386 τὴν

2485 5426 2654 5478 νύκτα
2687 5423 2921 5490 ἐκείνην,
2954 5419 3332 5485 ἐπιφαίνονται
3374 5414 3451 5485 τῷ
3503 5412 3818 5480 Θεοδωρίτῳ
3868 5411 4058 5482 ἄνδρες

2484 5520 2655 5588 τρεῖς,
2682 5515 2770 5565 τὸν
2793 5510 2939 5565 οἶκον
2961 5513 3217 5570 εἰσιόντες
3241 5506 3332 5559 τοῦ
3362 5510 3755 5575 Δρουγγαρου,
3785 5501 3847 5554 τὸ
3873 5503 4059 5571 σχῆμα

2497 5608 2760 5676 Ῥωμαῖοι
2813 5604 2907 5656 καὶ
2948 5589 3044 5672 τὴν
3082 5599 3396 5672 περιϐολήν.
3433 5591 3527 5660 Οἷς
3556 5597 3909 5666 ὑπαντήσας,
3947 5593 4054 5646 Ποῦ

2487 5702 2542 5754 δὲ
2581 5704 2614 5770 ἠ
2659 5699 2873 5769 ἄφιξιςς
2923 5699 3106 5769 ἤρετο.
3142 5699 3247 5750 Καὶ
3297 5696 3451 5747 αὐτοὶ
3483 5694 3685 5767 πραείᾳ
3727 5693 3846 5763 ἅμα
3883 5691 4056 5759 φωνῇ,

2491 5796 2650 5866 πράῳ
2703 5795 2757 5846 δὲ
2806 5792 2900 5844 καὶ
2957 5791 3032 5861 τῷ
3080 5790 3376 5859 βλέμματι,
3423 5787 3564 5856 Πρὸς
3612 5787 3702 5837 τὸν
3744 5786 3935 5853 κύριόν
3967 5799 4056 5834 σου
