4230 6436
678 347 788 411 299

693 543 939 603 eumdem
998 535 1190 590 habet.
1254 533 1349 603 qui
1397 525 1590 600 passu's
1645 537 1748 590 est,
1803 537 1858 582 et
1896 527 2176 586 eumdem,
2209 525 2302 593 qui

697 633 931 695 curavit.
965 629 1099 682 Nam
1137 628 1245 696 qui
1285 639 1482 695 passus
1517 605 1738 691 quidem
1788 630 1893 684 est,
1927 619 2030 672 fuit
2072 619 2304 687 insignis

701 733 854 784 Leo:
912 723 1195 787 Sampson
1251 729 1435 771 autem
1478 715 1716 774 divinus,
1759 712 1851 781 qui
1895 713 2123 764 curavit.
2168 710 2300 773 Hye-

703 824 786 877 los
822 815 930 885 (I6)
967 821 1052 865 est
1110 825 1264 866 unus
1305 807 1530 862 morbus
1578 821 1644 859 ex
1695 805 1761 856 iis
1801 804 1893 872 qui
1943 808 2306 869 corrumpunt

709 911 896 966 nullos
937 902 1259 957 hominum.
1301 899 1403 964 Qui
1438 913 1563 951 eum
1596 898 1648 949 in
1683 895 1832 948 illius
1859 895 2120 948 canthum
2151 894 2306 944 incu-

711 1003 943 1060 buisset.
991 1008 1123 1047 eum
1170 993 1329 1046 valde
1378 990 1682 1060 premebat.
1742 986 1879 1038 Eum
1942 1000 2066 1038 cum
2109 984 2309 1052 aliquis

716 1089 1057 1150 exsecuisset
1093 1084 1367 1144 medicus,
1423 1081 1654 1134 laedebat
1693 1077 1894 1146 potius,
1943 1090 2108 1145 quam
2148 1075 2308 1143 jura-

717 1193 806 1246 bat
837 1204 848 1240 :
877 1187 929 1239 in
975 1183 1082 1234 hoc
1107 1181 1226 1232 solo
1261 1173 1634 1234 excusandus,
1676 1169 1822 1239 quod
1852 1184 1958 1222 non
1984 1183 2082 1220 sua
2116 1180 2310 1235 sponte

719 1284 977 1336 damnum
1015 1272 1225 1327 attulit.
1259 1269 1344 1321 Fit
1371 1268 1517 1322 enim
1557 1264 1728 1318 sectio
1767 1261 2027 1321 maxima,
2068 1269 2126 1313 et
2156 1260 2310 1312 valde

721 1371 1073 1446 periculosa,
1142 1379 1307 1433 quam
1363 1362 1534 1430 ipsam
1609 1371 1832 1428 quoque
1882 1353 2104 1407 divinus
2157 1363 2312 1407 curat

723 1473 1028 1535 Sampson,
1067 1459 1198 1512 dum
1259 1455 1406 1510 illius
1449 1462 1729 1521 unguento
1775 1449 1998 1516 ungitur
2054 1446 2313 1515 frequen-

724 1565 855 1626 tius,
899 1555 1139 1627 quodam
1194 1549 1492 1605 admodum
1545 1560 1714 1614 parvo
1775 1543 1967 1596 relicto
2024 1541 2312 1600 foramine,

725 1655 890 1722 idque
927 1647 1112 1703 dedita
1142 1659 1331 1713 opera,
1365 1651 1420 1695 et
1445 1647 1675 1713 propter
1705 1637 2020 1691 utilitatem.
2054 1634 2185 1686 Nam
2217 1648 2315 1700 per

728 1751 903 1815 ipsum
956 1743 1156 1796 humor
1217 1736 1444 1806 quidam
1492 1731 1648 1785 facile
1701 1729 1951 1788 effluens,
1981 1736 2035 1781 et
2073 1726 2234 1779 oculo
2260 1735 2316 1777 et

730 1839 891 1908 capiti
925 1835 1156 1890 multum
1197 1828 1426 1899 profuit.

803 1928 966 1982 XVII.
1002 1925 1309 1994 Adjiciatur
1340 1920 1461 1972 aliis
1511 1916 1688 1986 magni
1724 1913 2045 1981 Sampsonis
2076 1909 2319 1962 miracu-

731 2022 793 2074 lis
826 2016 1154 2072 miraculum
1193 2025 1415 2081 quoque
1451 2007 1695 2063 Genesii.
1728 2004 1865 2057 Nam
1904 2009 2102 2070 praeter
2147 2009 2324 2053 terro-

734 2127 870 2173 rem,
907 2109 1076 2163 habet
1108 2107 1272 2159 etiam
1329 2103 1381 2154 in
1431 2114 1490 2153 se
1538 2095 1964 2168 iucunditatem,
2009 2101 2065 2147 et
2093 2100 2177 2146 est
2220 2107 2322 2145 au-

734 2205 852 2257 ditu
883 2197 1290 2269 dignissimum.
1340 2193 1440 2244 Hic
1471 2204 1601 2258 ergo
1632 2185 1906 2241 Genesius
1944 2193 2065 2238 erat
2095 2181 2322 2252 quidem

733 2310 875 2350 unus
910 2309 976 2346 ex
1011 2291 1193 2350 clero;
1233 2286 1336 2340 fuit
1388 2291 1570 2337 autem
1602 2281 1801 2334 multos
1851 2291 2027 2331 annos
2075 2275 2326 2330 minister

737 2384 1105 2444 xenodochii;
1168 2393 1278 2431 non
1377 2375 1561 2428 minus
1624 2372 1796 2432 enim,
1866 2382 2030 2437 quam
2105 2367 2324 2435 triginta

735 2492 1004 2536 annorum
1043 2475 1146 2528 fuit
1186 2473 1306 2541 ejus
1335 2467 1733 2523 ministerium.
1771 2463 1900 2517 Erat
1934 2471 2116 2516 autem
2160 2460 2212 2513 in
2259 2475 2326 2514 eo

737 2568 1033 2624 admodum
1078 2577 1266 2618 socors
1311 2570 1366 2614 et
1409 2559 1712 2628 negligens.
1759 2555 1872 2610 Una
1916 2553 2102 2621 itaque
2164 2560 2325 2604 nocte

738 2660 1010 2716 accedens
1042 2657 1296 2715 Sanetus,
1327 2651 1526 2703 multas
1555 2647 1605 2701 ei
1635 2646 1820 2716 plagas
1846 2642 2065 2701 inﬂixit.
2096 2641 2324 2694 dicens:

737 2755 848 2808 Cur
876 2767 987 2805 non
1015 2764 1079 2802 ea
1117 2747 1347 2816 prebes,
1396 2741 1601 2810 quibus
1638 2745 1802 2805 egent
1841 2731 2085 2786 infirmi?
2125 2739 2182 2784 et
2229 2745 2329 2782 cur

741 2844 1082 2913 negligenter
1127 2835 1365 2889 versaris
1415 2835 1468 2887 in
1509 2831 1614 2883 hoc
1660 2837 1753 2880 tuo
1798 2823 2147 2878 ministerio?
2201 2821 2329 2876 Haec

741 2945 924 2989 autem
963 2947 1070 2986 non
1123 2930 1176 2982 in
1223 2925 1453 2987 somnis,
1514 2935 1694 2991 neque
1753 2933 1850 2988 per
1903 2915 2109 2970 nudam
2150 2915 2327 2967 solum

743 3029 1010 3081 visionem
1061 3024 1232 3081 facta,
1288 3021 1383 3074 sed
1432 3031 1600 3083 Opere
1645 3015 1771 3080 ipso
1813 3026 1936 3062 mox
1985 3004 2329 3060 manifestata

743 3119 990 3172 fuerunt.
1051 3113 1206 3166 Mane
1245 3109 1393 3163 enim
1446 3114 1658 3158 mutum
1705 3100 1929 3171 quidem
1963 3107 2086 3157 erat
2127 3112 2188 3153 os
2220 3095 2327 3151 Ge-
2357 3137 2399 3194 ο

745 3212 921 3272 nesio,
953 3210 1092 3264 livor
1132 3212 1316 3258 autem
1347 3211 1400 3255 et
1441 3199 1638 3253 tibices
1670 3193 1944 3250 manifesti
1985 3193 2036 3245 in
2074 3205 2325 3259 corpore,

746 3319 852 3356 non
903 3301 1107 3359 minus,
1168 3309 1332 3364 quam
1383 3293 1590 3360 lingua,
1652 3286 1797 3356 quod
1856 3285 2059 3338 factum
2128 3281 2328 3341 fuerat,

746 3391 1158 3463 signiﬁcabant.
1188 3387 1325 3442 Cum
1359 3385 1546 3451 itaque
1579 3380 1844 3449 quidnam
1883 3376 1988 3429 sibi
2018 3373 2330 3433 accidisset,

748 3495 972 3552 rogatus
1005 3481 1279 3548 explicare
1313 3491 1420 3528 non
1466 3479 1671 3542 posset,
1715 3469 1763 3522 ei
1815 3468 1976 3521 datur
2037 3463 2332 3526 charta,in

749 3593 854 3647 qua
880 3574 1121 3644 scripsit,
1152 3567 1430 3640 quomodo
1460 3581 1518 3620 se
1564 3563 1888 3617 habuissent
1925 3575 1987 3614 ea
2018 3573 2139 3628 qua:
2189 3556 2333 3611 facta

748 3669 984 3722 fuerant.
1041 3663 1180 3717 Tres
1228 3659 1451 3714 interim
1500 3655 1622 3706 dies
1672 3650 2079 3721 praeterierunt,
2135 3657 2191 3700 ct
2243 3648 2334 3698 ille

751 3759 974 3828 quidem
1006 3754 1188 3806 adhuc
1222 3758 1340 3802 erat
1370 3746 1630 3816 elinguis.
1676 3742 1813 3795 Cum
1849 3740 1963 3791 haec
2005 3747 2189 3790 autem
2223 3736 2336 3805 jam

753 3853 1016 3907 audiisset
1055 3844 1415 3914 Drungarius,
1451 3855 1562 3892 non
1599 3834 1836 3903 amplius
1877 3831 2150 3888 contineri
2191 3839 2336 3899 pote-

755 3955 860 4008 rat,
887 3943 982 3998 sed
1015 3942 1081 3994 ad
1111 3951 1322 3993 sacram
1353 3931 1575 3984 domum
1610 3928 1796 3983 statim
1830 3924 2064 3985 accedit,
2109 3923 2338 3988 cupiens

756 4053 854 4106 per
896 4029 1386 4099 interrogationem
1415 4034 1471 4078 et
1507 4017 1928 4087 responsionem
1958 4013 2150 4066 audire
2179 4025 2341 4080 aper-

758 4104 892 4189 tius,
924 4140 987 4180 ea
1024 4138 1144 4192 qua:
1177 4119 1316 4174 facta
1350 4117 1570 4170 fuerant
1599 4127 1613 4164 :
1647 4110 1741 4165 sed
1769 4108 1994 4163 modum
2033 4121 2142 4160 non
2191 4104 2341 4157 inve-

760 4221 918 4274 niens
954 4224 1182 4283 propter
1229 4206 1473 4268 vincula,
1514 4202 1719 4272 quibus
1757 4199 1939 4252 adhuc
2001 4205 2119 4250 erat
2184 4192 2342 4246 astri-

759 4323 846 4362 cta
894 4307 1074 4373 lingua
1129 4296 1470 4368 aegrotantis,
1527 4309 1644 4349 rem
1691 4290 1987 4346 committit
2032 4287 2288 4356 precibus
2326 4302 2338 4338 :

762 4401 959 4453 Sancte
992 4395 1108 4458 Dei,
1138 4393 1348 4452 dicens,
1380 4388 1510 4451 scis,
1554 4383 1670 4440 scis
1702 4391 1905 4452 quanta
1934 4395 2052 4434 mea
2096 4379 2165 4434 sit
2192 4379 2245 4432 in
2291 4386 2343 4432 te

2042 327 2325 387 MENSIS
2365 327 2664 388 JL'NlUS.

759 453 876 510 XVI
928 450 1045 503 Nec
1104 449 1211 499 hoc
1274 457 1496 514 quoque
1553 436 2113 510 przetermittendum,
2165 436 2309 504 quod
2345 446 2388 498 Α

2494 435 2610 502 ις’.
2654 435 2786 488 Οὐδὲ
2824 435 2980 487 τοίτο
3009 435 3340 504 παραλιπεῖν
3377 435 3544 498 ἄξιον,
3586 436 3613 486 ὃ
3642 435 3733 488 καὶ
3776 436 3865 487 τὸν
3908 437 3989 488 ία-

2417 530 2651 597 ιτάμενον
2687 532 2778 582 καὶ
2816 528 2908 580 τὸν
2940 530 3102 582 αὑτὸν
3126 529 3218 580 ἐπὶ
3253 528 3420 596 ἄμφω
3449 528 3665 580 ἰαθέντα
3694 527 3950 596 σημαίνει
3974 543 3988 558 ·

2414 621 2441 670 ό
2480 620 2577 687 μὲν
2604 619 2711 686 γὰρ
2739 615 2803 688 ἦν
2835 619 2862 668 ό
2908 618 3215 688 περιφανὴς
3256 618 3422 674 Λέων,
3457 616 3695 684 Σαμψὼν
3717 616 3768 668 δὲ
3798 619 3825 667 ό
3849 618 3994 678 θεῖος

2416 712 2775 777 όίασάμενος.
2815 711 3025 777 ’Υέλωψ
3089 709 3150 761 τὸ
3197 709 3366 768 πάθος
3419 708 3476 760 ἓν
3530 710 3644 759 ἐστι
3701 708 3996 760 καὶτοῦτο

2415 801 2522 852 τῶν
2573 801 2886 870 ὀφθαλμοὺς
2936 801 3242 868 ἀν’)ρώπων
3287 801 3694 861 επισαινόντων,
3728 801 3888 866 ὅ,κα“ι
3922 799 3998 868 τῷ

2417 894 2627 945 ἐκείνου
2661 891 2843 959 κανθῷ
2881 891 3215 958 ἐπισκῆιζναν,
3260 893 3476 955 ὲπῖεζεν
3523 893 3777 960 ἰσχυρῶς.
3827 890 3999 943 Τοῦτο

2423 984 2624 1052 ἰατρῶν
2676 1001 2756 1044 τις
2829 983 3088 1050 ἐκκόψας,
3141 983 3392 1050 βλάπτων
3447 984 3660 1052 ὑπῆρχε
3718 983 3923 1049 μᾶλλον
3967 983 3998 1050 ἢ

2419 1076 2670 1144 ὠφελῶν,
2704 1078 2797 1126 καὶ
2823 1075 2994 1144 τούτῳ
3028 1075 3174 1143 μόνῳ
3195 1075 3393 1143 δηλαδὴ
3425 1075 3499 1143 μὴ
3536 1076 3999 1143 πονηρευόμενος,

2420 1170 2500 1221 ὅτι
2545 1170 2620 1237 μὴ
2658 1167 2802 1219 ἑκὼν
2841 1169 3012 1234 ἐπῆγε
3053 1168 3149 1237 τὴν
3207 1167 3448 1236 βλάϐην
3508 1169 3739 1236 μεγίστη
3797 1168 3908 1235 γὰρ
3971 1169 4002 1232 ἠ

2421 1262 2560 1329 τομὴ
2615 1263 2824 1326 γίνεται
2861 1264 2951 1312 καὶ
2983 1261 3166 1329 ἄκρως
3211 1260 3536 1328 ἐπισταλὴς,
3579 1261 3645 1330 ἢν
3688 1263 3782 1312 καὶ
3829 1260 4003 1326 αὐτὴν

2423 1355 2449 1402 ὁ
2517 1351 2658 1413 θεῖος
2726 1353 2870 1404 litat
2935 1353 3196 1419 Σαμψὼν,
3239 1353 3317 1420 τῷ
3365 1352 3574 1403 ἐκείνου
3629 1351 4004 1419 θαμινώτερον

2424 1443 2816 1512 ἐπιχριομένην
2855 1482 2867 1500 ,
2929 1445 3132 1511 μικρᾶς
3188 1460 3332 1504 τινος
3386 1444 3525 1506 ἄγαν
3580 1443 4003 1510 ὑπολειφθείσης

2424 1535 2586 1602 ὀπῆς,
2619 1535 2714 1586 καὶ
2745 1535 2914 1602 αὐτῆς
2942 1536 3081 1586 κατὰ
3111 1535 3367 1601 πρόνοιαν
3389 1535 3587 1602 δηλαδὴ
3613 1535 3707 1585 καὶ
3735 1535 3829 1586 τοῦ
3860 1534 4006 1600 ὠφε-

2427 1625 2536 1675 λεῖν
2567 1625 2773 1676 ἕνεκεν·
2820 1624 2908 1675 διὰ
2947 1624 3045 1692 τῆς
3076 1625 3247 1692 αὐτῆς
3285 1623 3393 1693 γὰρ
3431 1625 3596 1693 ἰκμάς
3642 1642 3721 1683 τις
3758 1624 4002 1692 εὐχερῶς

2427 1717 2811 1788 ἀπορρέουσα.
2842 1717 2908 1768 ti
2969 1717 3085 1785 μεθ’
3113 1717 3208 1768 ὅλα
3240 1717 3315 1786 τῷ
3369 1734 3425 1768 τε
3479 1715 3742 1786 ὀφθαλμῷ
3785 1718 3883 1769 καὶ
3938 1719 4003 1782 τῇ

2349 1802 2392 1856 Β
2424 1811 2634 1877 κεφαλῇ
2682 1810 2957 1860 συνέτεινε
2972 1848 2985 1860 .

2500 1902 2600 1955 ΙΖ’.
2640 1901 2944 1969 Προσθήτω
2980 1905 3072 1954 καὶ
3120 1904 3180 1955 τὸ
3232 1903 3326 1954 τοῦ
3368 1904 3616 1956 Γενεσίου
3661 1906 3774 1964 τοῖς
3824 1902 4007 1963 ἄλλοις

2426 1993 2520 2047 τοῦ
2551 1993 2806 2060 Μεγάλου
2842 1993 3164 2064 θαύμασιον·
3192 1996 3306 2063 ἔχει
3335 1996 3440 2064 γὰρ
3480 1996 3616 2063 μετά
3644 1994 3737 2045 τοῦ
3773 1991 4007 2062 φοϐεροῦ

2426 2087 2522 2140 καὶ
2561 2086 2621 2139 τὸ
2650 2086 2862 2155 χαρίεν,
2897 2089 2986 2138 καὶ
3013 2086 3157 2138 ἐστιν
3193 2086 3454 2146 ἐπιεικῶς
3501 2085 3882 2146 άξιάκουστον.
3947 2084 4008 2134 ’0

2426 2178 2607 2230 τοίνυν
2631 2176 2882 2236 Γενέσιος
2915 2169 3067 2234 οὗτος
3092 2171 3158 2244 ἦν
3192 2175 3289 2243 μὲν
3317 2170 3393 2235 εἷς
3422 2174 3529 2224 τῶν
3557 2173 3648 2236 τοῦ
3681 2173 3904 2242 κλήρου.
3938 2169 4008 2240 ἦν

2427 2268 2484 2320 δὲ
2537 2266 2631 2320 καὶ
2657 2265 2948 2334 ὑπουργῶν
3001 2266 3128 2334 περὶ
3185 2266 3281 2326 τάς
3309 2264 3400 2316 τοῦ
3430 2265 3654 2329 ξενῶνος
3685 2264 3839 2316 τοῦδε
3869 2264 4011 2314 λειτ-

2428 2358 2675 2426 ουργίας,
2731 2357 2823 2425 ἐτη
2875 2357 3076 2426 συχνά·
3114 2356 3333 2424 καὶγὰρ
3362 2356 3460 2408 οὐκ
3493 2354 3730 2406 ἐλάττων
3762 2354 3793 2421 ἦ
3825 2355 4011 2422 χρόνοι

2429 2449 2723 2519 τριάκοντα
2757 2450 2790 2518 ἡ
2817 2449 3110 2518 ὑπηρεσία.
3150 2447 3444 2515 Ἐτύγχανε
3468 2448 3524 2499 δὲ
3546 2445 3620 2498 ὢν
3645 2445 3855 2514 ἀμελὴς
3881 2439 4010 2512 περὶ

2430 2539 2601 2606 αὐτὴν
2623 2540 2718 2590 καὶ
2750 2539 2991 2604 ἀτέχνως
3027 2539 3287 2605 ῥᾴθυμος.
3324 2537 3507 2606 Ταύτῃ
3529 2554 3609 2588 τοι
3642 2539 3734 2587 καὶ
3770 2538 3867 2602 μιᾷ
3899 2534 4010 2585 τῶν

2433 2630 2667 2690 νυκτῶν,
2719 2629 2946 2689 ἐπιστάς
2980 2628 3132 2695 αὐτῷ
3181 2628 3208 2678 ό
3262 2629 3472 2692 Ἀγιος,
3525 2626 3738 2691 πληγὰς
3782 2627 4008 2675 ἐντείνει

2434 2722 2659 2788 πολλάς,
2693 2721 2791 2774 Διὰ
2834 2721 2884 2772 τί
2927 2719 3024 2789 μὴ,
3063 2720 3260 2784 λέγων,
3315 2717 3575 2784 παρέχεις
3605 2709 3678 2766 ὧν
3725 2715 3913 2782 χρείαν
3962 2715 4013 2764 οἱ

2432 2817 2736 2883 κάμνοντες
2770 2813 2976 2882 ἔχουσι,
3009 2812 3101 2863 καὶ
3146 2809 3232 2862 διὰ
3278 2809 3331 2861 τί
3378 2810 3506 2878 περὶ
3533 2808 3737 2874 ταύτην
3775 2823 3868 2858 σου
3911 2806 4012 2875 τὴν

2433 2906 2711 2957 διακονίαν
2742 2904 3021 2971 ὀλιγώρως
3054 2903 3234 2971 ἔχεις;
3269 2902 3454 2953 Ταῦτα
3487 2899 3542 2951 δὲ
3600 2900 3697 2951 οὐκ
3732 2900 3861 2968 ὄναρ
3890 2899 4012 2950 οὐδὲ

2439 2998 2600 3066 μέχρι
2631 2996 2723 3048 καὶ
2754 2997 2915 3064 ψιλῆς
2948 2995 3250 3062 φαντασίας
3283 2994 3474 3062 ἔτυχεν
3505 2995 3866 3062 εἰργασμένα,
3895 2994 4012 3045 ἀλλ’

2434 3089 2522 3141 ἐπ’
2546 3089 2727 3143 αὐτῶν
2757 3089 3016 3158 ἄντικρυς
3056 3087 3166 3138 τῶν
3199 3086 3379 3156 ἔργων
3420 3088 3513 3136 καὶ
3543 3088 3574 3152 ή
3609 3084 3879 3146 ὖπόδειξις
3912 3102 4014 3152 φα-

2435 3182 2566 3251 νερά
2585 3199 2597 3210 ⁸
2623 3181 2793 3233 ἕωθεν
2828 3183 2937 3248 γὰρ
2975 3183 3192 3246 ἄφωνον
3228 3179 3325 3245 μὲν
3354 3173 3421 3245 ἦν
3447 3177 3526 3243 τῷ
3546 3177 3780 3244 Γενεσέῳ
3802 3177 3861 3227 τὸ
3896 3179 4016 3228 στό-

2440 3293 2534 3342 μα,
2573 3273 2824 3340 μελανὶαι
2851 3273 2908 3324 δὲ
2945 3271 3040 3323 καὶ
3076 3269 3424 3331 πελιδνώσεις
3462 3269 3589 3336 περὶ
3621 3268 3681 3318 τὸ
3708 3270 3870 3335 σῶμα
3901 3269 4016 3321 δια·

2437 3369 2646 3434 φανεῖς,
2705 3364 2952 3432 γλώττης
3002 3363 3100 3415 οὐκ
3153 3361 3376 3416 ἔλαττον
3442 3361 3887 3428 ἀπαγγέλλουσαι
3950 3364 4017 3414 τὰ

2437 3457 2771 3529 πραχθέντα.
2819 3456 2972 3509 Ἐπεὶ
3006 3455 3099 3509 οὖν
3128 3457 3218 3508 καὶ
3252 3455 3606 3524 ἐρωτώμενος
3649 3455 3676 3506 ὃ
3722 3454 4015 3510 πεπόνθοι.

2435 3553 2772 3620 διασαφῆσαι
2806 3550 3066 3611 ἀδύνατος
3100 3545 3188 3616 ἦν,
3222 3549 3430 3615 χάρτης
3465 3548 3613 3615 αὐτῷ
3671 3549 3893 3610 δίδοται,
3925 3551 4018 3600 καὶ

2437 3649 2631 3714 τούτῳ,
2661 3649 2811 3704 ὅπως
2852 3641 3021 3711 εἶχεν,
3057 3642 3302 3708 ἐντίθησι
3341 3643 3410 3692 τὰ
3446 3641 3812 3708 γεγενημένα.
3857 3642 4017 3708 Τρεῖς

2437 3738 2500 3788 τὺ
2554 3735 2755 3806 μεταξὺ
2798 3734 3076 3803 παρῆλθον
3105 3733 3332 3800 ἡμέραι,
3372 3731 3464 3782 καὶ
3497 3732 3523 3782 ό
3564 3731 3660 3798 μὲν
3696 3732 3976 3796 ἄγλωττος
4006 3749 4016 3758 ·

2438 3829 2514 3898 τῷ
2557 3829 2612 3882 δὲ
2643 3827 2988 3898 δρονγγαρίῳ
3042 3824 3151 3876 τῶν
3177 3823 3582 3893 πεπραγμένων
3610 3822 3890 3874 άκουστῶν
3922 3822 4019 3892 ἠδη

2439 3921 2769 3988 γενομένων,
2809 3914 2920 3978 οἷος
2953 3921 3156 3977 ἐκεῖνος
3189 3916 3309 3967 οὐδὲ
3343 3914 3608 3976 καθεκτὸς
3639 3909 3707 3983 ἦν
3739 3915 3843 3976 ἔτι,
3889 3914 4021 3965 ἀλλὰ

2444 4011 2582 4081 πρὸς
2614 4009 2704 4061 τὸν
2743 4010 2890 4074 ἱερὸν
2916 4003 3063 4060 οἷκον
3093 4007 3154 4058 τὺ
3192 4008 3508 4075 παραυτίκα
3539 4008 3770 4072 γίνεται.
3804 4007 3916 4057 Καὶ
3950 4006 4018 4056 διο

2441 4103 2559 4172 ψῶν
2587 4104 2686 4171 μὲν
2720 4102 2807 4155 διὰ
2844 4101 3090 4163 πεύσεως
3117 4101 3210 4152 καὶ
3237 4099 3586 4165 ἀποκρίσεων
3616 4097 3852 4148 ἀκοῦσαι
3887 4114 4017 4164 τρα-

2443 4195 2694 4260 νέστερον
2716 4194 2782 4244 τὰ
2809 4192 3154 4260 γεγενημένα
3186 4203 3199 4217 ⁸
3238 4188 3461 4257 ἀπορῶν
3505 4187 3560 4239 δὲ
3595 4186 3683 4238 διὰ
3709 4186 3806 4248 τὰς
3840 4187 4016 4253 ἐγκει-

2449 4283 2614 4349 μένας
2661 4282 2744 4332 ἑτι
2788 4280 2954 4341 πέδας
2985 4282 3049 4347 τῇ
3080 4278 3299 4346 γλώσσῃ
3342 4274 3435 4328 τοῦ
3472 4275 3822 4348 πεπονθότος,
3861 4277 4018 4343 εὐχὴν

2446 4370 2512 4422 τὰ
2541 4371 2636 4423 τοῦ
2671 4371 2997 4439 πράγματος
3047 4370 3370 4438 ἐπιτρέπει·
3407 4367 3564 4434 Ἀγιε
3607 4365 3703 4419 τοῦ
3748 4365 3908 4429 Θεοῦ,
3938 4366 4019 4417 λέ-

765 4493 920 4552 Ειιεε,
952 4499 1008 4543 et
1044 4501 1205 4556 quam
1248 4482 1447 4537 fuerim
1506 4479 1561 4533 in
1595 4488 1690 4550 tqo
1735 4472 2042 4529 ministerio
2087 4471 2340 4539 diligens,
2378 4468 2420 4521 ι)

2378 4468 2420 4521 D
2451 4483 2584 4531 γων,
2621 4468 2672 4518 εἴ
2721 4483 2821 4535 μου
2863 4465 3108 4526 σύνοιδας
3154 4467 3252 4532 τὴν
3292 4463 3474 4514 πίστιν
3505 4463 3603 4528 ὅση
3645 4461 3779 4528 πρὸς
3815 4461 3896 4525 σὲ,
3933 4463 4020 4512 καὶ

763 4583 1029 4638 concede.
1063 4589 1122 4630 ut.
1164 4575 1432 4631 Genesius
1478 4586 1576 4625 sua
1614 4569 1728 4637 ipse
1761 4568 1969 4635 lingua,
1997 4579 2118 4634 qua:
2149 4577 2342 4631 passus

766 4684 871 4732 est.
893 4666 1315 4725 cnuntiet.Cum
1347 4664 1434 4717 ille
1464 4663 1540 4716 sic
1562 4667 2067 4727 essetprecaturus,
2098 4669 2208 4706 non
2245 4652 2346 4706 fuit

766 4765 1051 4821 fraudatus
1098 4776 1195 4814 sua
1244 4758 1510 4828 petitione
1544 4771 1558 4818 ;
1594 4754 1688 4806 sed
1731 4751 1798 4804 ab
1832 4750 1948 4817 ipso
1985 4755 2207 4817 rogatus
2243 4744 2347 4798 Ge-

769 4860 975 4915 nesius,
1004 4854 1240 4922 primum
1276 4848 1496 4915 quidem
1528 4842 1892 4902 balbutiebat,
1929 4840 2256 4905 exiliterque
2292 4847 2348 4889 et

768 4945 1025 5001 intercise
1070 4940 1419 5009 loquebatur.
1473 4944 1527 4988 et
1576 4949 1640 4986 ea
1694 4932 1934 4990 dicebat,
1987 4945 2107 4998 quae
2166 4927 2348 4981 minus

770 5038 996 5106 intelligi
1033 5045 1290 5105 poterant
1345 5031 1554 5104 Lingua
1595 5036 1778 5079 autem
1813 5023 1860 5076 ei
1897 5021 2159 5090 paulatim
2211 5020 2348 5076 rela-

770 5143 913 5190 xata.
962 5130 1144 5185 omnia
1198 5127 1454 5192 explicat,
1510 5121 1778 5188 adjiciens
1830 5116 1993 5169 etiam
2040 5112 2246 5182 aliquid
2281 5112 2348 5166 de

774 5226 935 5278 dumo
968 5220 1146 5290 magni
1184 5213 1524 5284 Sampsonis,
1574 5217 1800 5280 propter
1833 5208 1978 5261 illam
2023 5207 2169 5258 enim
2214 5203 2350 5256 indi-

773 5316 959 5384 gnatio
1013 5312 1285 5380 praeipue
1333 5316 1452 5361 orta
1483 5314 1650 5359 erat:
1703 5317 1820 5370 qua?
1862 5298 2082 5368 quidem
2133 5298 2348 5360 domus,

775 5413 902 5463 dum
937 5405 1020 5457 vir
1063 5410 1287 5456 sanctus
1326 5399 1506 5450 adhuc
1549 5395 1764 5446 Vivebat
1795 5393 1934 5443 inter
1971 5389 2221 5441 homines
2257 5404 2347 5438 su-

782 5507 1011 5561 perstes,
1048 5492 1251 5543 nullius
1287 5489 1443 5555 pretii
1471 5487 1582 5551 (I7)
1603 5494 1742 5546 erat,
1774 5492 1828 5534 et
1853 5479 2349 5536 contemnebalur;

863 5627 970 5683 (ιε’,
1006 5621 1258 5686 ’ὶ“ελοπη,
1288 5619 1465 5684 inquit
1495 5615 1731 5686 Cangius
1763 5614 1826 5686 in_
1852 5610 2132 5662 Glossario
2165 5608 2350 5659 Grmco

798 5696 1055 5746 Barbam.
1107 5701 1189 5739 est
1229 5676 1434 5735 \itiu'm
1476 5687 1528 5733 in
1565 5680 1939 5746 accipitribus,
1993 5692 2115 5726 cum
2148 5676 2354 5724 scilicet.

806 5743 991 5815 oeulos
1026 5757 1176 5825 quasi
1208 5756 1410 5804 vitreus
1448 5745 1666 5800 habent.
1690 5743 1858 5796 iidem
1906 5745 2118 5792 videtur
2150 5743 2358 5805 signiti-

2450 4561 2598 4622 ὅπως
2633 4558 3036 4626 ἐμμελέστατος
3085 4555 3196 4621 ὲγὼ
3241 4557 3368 4622 περὶ
3407 4554 3505 4623 τὴν
3532 4553 3899 4620 λειτουργίαν,
3939 4553 4023 4614 δὶς

2449 4653 2584 4719 αὐτῇ
2621 4649 2840 4719 γλώττῃ
2869 4665 2956 4716 μοι
2986 4648 3076 4699 τὸν
3114 4648 3366 4700 Γενέσιον
3397 4646 3425 4696 ὃ
3459 4644 3730 4698 πέπονθεν
3759 4646 4026 4711 ἀπαγγεῖο

2449 4743 2557 4791 λαι.
2586 4737 2772 4799 Οὕτως
2789 4739 2992 4797 ἐκεῖνος
3025 4735 3342 4804 εὐξάμενος,
3365 4735 3423 4785 οὐ
3449 4733 3714 4803 διήμαρτε
3739 4733 3840 4801 τῆς
3873 4735 4026 4802 alti,—

2454 4847 2613 4891 σεως,
2647 4829 2760 4882 ἀλλ’
2781 4829 3132 4898 ἐρωτώμενος
3160 4826 3252 4877 ὑπ’
3284 4825 3448 4877 αὐτοῦ
3472 4829 3498 4879 ὁ
3539 4827 3804 4887 Γενέσιος,
3837 4827 4029 4896 πρῶτα

2457 4921 2555 4989 μὲν
2587 4917 3006 4988 ὑποϐαταρίζων
3045 4913 3395 4986 ἦν,άμυδρῶς
3435 4934 3494 4968 τε
3532 4917 3624 4968 καὶ
3655 4917 4027 4987 διακεκομμέ-

2453 5032 2556 5076 νως
2593 5012 3070 5078 ὑποφθεγγόμενος
3117 5009 3208 5061 καὶ
3241 5006 3400 5078 ἦττον
3444 5010 3638 5060 συνετὰ
3669 5009 3869 5075 λέγων’
3910 5013 4030 5061 κατ’

2452 5104 2629 5170 ὀλίγον
2656 5102 2711 5154 δὲ
2746 5100 3029 5168 ανεθείσης
3060 5100 3208 5167 αὖτῷ
3233 5100 3331 5166 τῆς
3361 5098 3606 5166 γλώττης
3639 5100 3818 5151 πάντα
3847 5099 4028 5151 διασα-

2455 5201 2562 5266 φεῖ,
2609 5196 2863 5266 προσθεὶς
2897 5200 2990 5247 καὶ
3019 5196 3084 5245 τὰ
3119 5192 3243 5261 περὶ
3274 5195 3368 5262 τῆς
3405 5194 3657 5258 Μεγάλου
3695 5194 3872 5254 οἰκίας
3902 5237 3913 5247 .
3955 5193 4030 5246 Δι’

2455 5293 2670 5357 ἐκείνην
2703 5288 2811 5354 γὰρ
2851 5291 2939 5339 καὶ
2973 5286 3173 5355 μᾶλλον
3203 5288 3233 5353 ή
3278 5284 3676 5352 ἀγανάκτησις,
3706 5285 3828 5349 ἥτις
3865 5284 4030 5348 ζῶντι

2465 5381 2560 5447 μὲν
2593 5380 2670 5445 τῷ
2717 5378 2901 5446 Ἀγῐῳ,
2939 5377 3031 5428 καὶ
3083 5376 3162 5427 ἔτι
3227 5375 3472 5441 περιόντι
3524 5373 3601 5440 τῷ
3653 5373 3770 5442 βίῳ,
3812 5375 4030 5440 φαύλως

2463 5464 2574 5533 εἶχε
2619 5468 2709 5517 καὶ
2741 5466 2938 5524 ἱκανῶς
2972 5461 3350 5526 ἑξουδενοῦτοο
3388 5461 3754 5528 μεταστάντος
3803 5463 3854 5513 δὲ
3899 5464 4031 5528 πρὸς

2461 5620 2583 5652 ΓζὶΓιτ
2624 5601 2852 5662 ’Υελώᾘ

2537 5671 2646 5732 μῖι
2702 5660 2820 5716 xm;
2877 5665 3012 5714 uch
3056 5664 3266 5713 scilicet
3325 5660 3665 5712 xenodnchio
3719 5660 4036 5732 Sampsouis

2473 5728 2625 5796 (dum
2660 5736 2753 5784 hic
2784 5736 3011 5782 \‘ivereti
3050 5742 3404 5795 prospectum
3441 5738 3556 5778 erat
3593 5731 3658 5778 de
3696 5728 3968 5780 reditibus
4007 5745 4035 5779 ρ
