4230 6436
229 409 332 475 301

1485 415 1656 474 νιτΑ
1701 416 1760 477 S.
1795 414 1880 474 SA
1893 415 2242 477 MPSONIS.

3365 423 3470 484 302

232 523 387 590 Θεὸν,
419 527 514 577 καὶ
547 525 646 596 ἠδη
681 528 914 598 φανεροῦ
937 529 1226 596 γενομένου
1254 527 1347 597 τὴν
1385 529 1668 596 ἁγιότητα,
1702 529 1802 582 ἔδει
1835 537 1876 592 Α

1835 537 1876 592 Α
1907 541 2027 599 post
2065 541 2293 585 mortem
2338 546 2466 587 vero
2501 533 2618 603 ejus
2644 541 2698 586 et
2741 533 3142 590 'inanifestatam
3176 539 3477 593 sanctimo-

229 617 452 678 πάντως
496 619 664 689 αὐτὴν
690 622 780 672 καὶ
812 622 976 689 τιμῆς
1009 619 1315 686 ἀξιοῦσθαι,
1357 624 1451 674 καὶ
1486 624 1560 685 ὡς
1591 624 1797 676 ἐκείνου

227 708 411 759 οἰκίαν
445 707 753 775 λογίζεσθαι
781 727 793 741 ·
820 711 847 763 ὃ
889 713 951 779 δὴ
983 714 1072 764 καὶ
1102 713 1322 779 γέγονεν
1349 713 1587 777 εὐσεϐῶς
1622 732 1678 765 τε
1710 715 1798 765 καὶ

229 798 494 864 φιλοθέως
518 804 624 864 ἐίς
657 803 761 870 γὰρ
784 784 909 855 ναὸν
936 803 1356 873 μεταϐέϐληται,
1390 809 1482 857 καὶ
1518 807 1795 872 ἁγιστείας

230 889 477 953 ἀξιοῦται
509 894 608 960 τῆς
633 894 1040 963 προσηκούσης.

306 1068 413 1121 IH'.
457 1070 594 1122 Ἀλλ’
621 1072 742 1125 οὐδὲ
773 1074 833 1126 τὸ
859 1075 993 1143 πρὸς
1024 1076 1111 1127 τὸν
1144 1076 1474 1145 Εὐστρὰτιον
1503 1077 1706 1143 θαῦμα,
1741 1077 1796 1137 ὃς

230 1158 327 1210 τοῦ
365 1161 664 1229 καταλόγου
707 1164 806 1231 μὲν
845 1165 952 1216 τῶν
985 1166 1412 1236 προσπαθαρίων
1456 1168 1567 1218 ἐστὶ
1601 1168 1702 1237 (ἔτι
1741 1169 1796 1220 δὲ

232 1247 346 1311 ζῶν
375 1251 463 1301 καὶ
499 1253 703 1320 περιὼν
727 1254 1041 1320 δείκνυται),
1072 1258 1266 1327 μικρὸν
1298 1252 1407 1311 οἷον
1434 1261 1528 1311 καὶ
1551 1260 1608 1311 τὸ
1641 1260 1798 1329 τυχὸν

230 1337 326 1387 καὶ
382 1336 503 1389 οὐδὲ
566 1342 790 1409 μνήμης
839 1343 1009 1406 ἄξιον.
1059 1347 1248 1413 Ἤλγει
1287 1348 1386 1415 μὲν
1435 1350 1543 1419 γὰρ
1593 1351 1798 1412 ἐκεῖνος

229 1427 531 1497 ὀφθαλμῶν
570 1431 632 1501 δὴ
673 1435 765 1486 καὶ
797 1435 1006 1504 ἕτερον,
1046 1439 1139 1490 καὶ
1171 1439 1290 1491 λίαν
1340 1442 1613 1512 σφοδρῶς·
1649 1443 1797 1510 φίλος

234 1520 290 1569 δὲ
319 1515 388 1588 ἦν
429 1521 579 1591 αὐτῷ
632 1525 726 1576 καὶ
764 1528 1002 1596 συνήθης
1042 1531 1069 1581 ὁ
1108 1534 1598 1604 πρωτοσπαθάριος
1626 1537 1794 1597 Λέων,

229 1610 290 1662 δν
353 1614 446 1665 καὶ
513 1616 901 1686 ὑπηρετεῖσθαι
947 1622 1024 1690 τῷ
1091 1624 1435 1694 δρουγγαρίῳ
1497 1627 1796 1694 φθάσαντες

228 1703 600 1774 ἐδηλώσαμεν,
636 1710 694 1772 ὃς
741 1713 836 1764 καὶ
881 1713 980 1781 τὴν
1031 1716 1124 1768 τοῦ
1178 1717 1405 1782 ξενῶνος
1465 1721 1797 1790 προστασίαν

229 1796 696 1867 ἐπιτετραμμένος
719 1798 784 1870 ἦν
807 1805 863 1869 ἐξ
892 1807 1122 1871 ἐκείνου,
1145 1810 1356 1872 ὀδύναις
1381 1811 1518 1864 οὕτω
1537 1812 1799 1882 βαλλόμε-

1909 623 2073 687 niam,
2116 623 2350 680 debebat
2394 626 2543 680 omni
2589 630 2939 685 veneratione
2987 630 3242 684 honorari
3280 647 3345 686 ac
3383 650 3479 686 re-

1909 710 2004 764 luti
2034 713 2203 782 ipsius
2243 713 2438 769 domus
2483 720 2744 784 reputari.
2793 718 2948 785 Quod
2999 721 3222 788 quidem
3273 723 3474 779 factum

1907 813 1987 855 est
2020 804 2104 872 pie
2139 814 2190 858 ct
2225 807 2475 874 religiose
2514 827 2524 859 :
2568 820 2773 864 mutata
2805 812 2950 866 enim
2979 823 3065 868 est
3100 815 3150 868 in
3189 818 3473 886 templum,

1907 902 1961 945 et
2013 907 2261 948 assecuta
2334 907 2414 951 est
2473 917 2628 963 eam,
2685 919 2849 971 quam
2911 921 3009 973 par
3060 918 3177 972 est,
3247 926 3477 964 veneta.

1909 985 2130 1040 tionem.

1978 1077 2158 1133 XVIII.
2210 1081 2312 1137 Sed
2367 1099 2540 1153 neque
2591 1087 2733 1156 quod
2794 1090 2845 1141 in
2890 1091 3224 1148 Eustratium
3271 1095 3473 1154 factum

1908 1178 1990 1222 est
2052 1172 2394 1238 miraculum,
2472 1177 2563 1245 qui
2628 1187 2711 1232 est
2768 1179 2820 1232 in
2901 1187 3476 1253 protospatliariorum

1907 1262 2129 1330 quidem
2163 1266 2368 1322 relatus
2400 1285 2688 1325 numerum
2722 1273 2841 1342 (est
2873 1285 3052 1331 autem
3095 1279 3276 1334 adhuc
3315 1284 3476 1336 virus

1905 1363 1958 1407 et
1989 1362 2284 1426 superstes)
2325 1375 2553 1430 parvum
2605 1376 2688 1420 est
2719 1377 2774 1421 et
2819 1370 3057 1438 vulgare,
3107 1382 3161 1427 et
3193 1374 3474 1444 indignum

1907 1459 2359 1504 commemorato.
2387 1453 2518 1506 Nam
2555 1456 2604 1509 ei
2636 1458 2858 1526 quidem
2893 1462 3049 1516 valde
3080 1464 3302 1521 dolebat
3336 1470 3477 1523 alter

1905 1551 1970 1590 ex
2000 1540 2196 1596 oculis.
2231 1543 2366 1597 Cum
2394 1545 2443 1599 ei
2478 1556 2654 1601 autem
2676 1559 2820 1603 esset
2849 1553 3075 1615 amicus,
3105 1565 3161 1610 et
3191 1557 3478 1616 familiaris

1904 1626 2015 1682 Leo
2067 1636 2567 1702 protospatharius,
2622 1655 2783 1709 quem
2834 1643 2988 1711 prius
3036 1646 3273 1703 diximus
3311 1652 3476 1706 mini-

1905 1725 2106 1773 strasse
2141 1721 2466 1794 Drungario,
2516 1730 2604 1781 cui
2651 1732 2815 1786 etiam
2877 1735 3055 1790 fuerat
3080 1738 3148 1792 ab
3195 1741 3288 1795 illo
3328 1758 3478 1798 com-

1907 1810 2070 1865 missa
2102 1828 2230 1867 cura
2262 1817 2607 1884 xenodochii,
2639 1829 2693 1873 et
2725 1823 2952 1879 vidisset
2985 1843 3110 1882 eum
3147 1831 3284 1887 aIlici
3326 1846 3476 1893 tanto

230 1901 318 1936 νον
349 1891 464 1949 ταῖς
492 1892 554 1940 ὲκ
580 1889 670 1941 τοῦ
702 1885 984 1962 ὀφθαλμοῦ
1013 1897 1212 1949 ἐπιδών
1232 1914 1245 1927 ’
1273 1900 1331 1950 Ei
1369 1904 1637 1968 ποιήσεις,
1667 1905 1792 1972 ἔφη,
1830 1905 1870 1958 Β

1830 1905 1870 1958 Β
1900 1901 2089 1958 dolore
2127 1907 2271 1960 oculi
2313 1926 2324 1961 :
2362 1909 2416 1964 Si
2458 1910 2678 1976 feceris,
2710 1912 2911 1985 inquit,
2943 1922 3170 1976 oamice
3205 1925 3470 1989 Eustrati.

229 1976 352 2044 φίλε
387 1980 705 2049 Εὑστράτιε,
736 1982 870 2051 ὅπερ
897 1984 1004 2051 ἐγώ
1032 2003 1112 2039 σοι
1142 1988 1449 2055 ὑπόθωμαι,
1482 1990 1630 2041 οὐδὲν
1657 1991 1797 2056 ἔξεις

226 2069 290 2119 τὸ
321 2071 547 2132 κωλῦον,
579 2072 716 2141 ἔχων
748 2073 838 2126 τὸν
880 2077 1156 2147 ὀφθαλμὸν
1204 2080 1359 2147 ὑγιᾶ.
1418 2081 1709 2151 Ἐρομένου
1744 2084 1799 2136 δὲ

227 2156 319 2207 τοῦ
355 2158 688 2226 Εὑστρατίου
714 2177 727 2191 ·
758 2161 822 2216 Τί
881 2182 1009 2218 ποτε
1039 2167 1186 2221 ἐστιν
1220 2169 1248 2221 δ
1291 2171 1537 2243 ποιήσω;
1591 2173 1798 2227 Ἐλαίου

226 2248 399 2302 δεῖται
430 2253 456 2304 ὁ
490 2252 676 2320 ξενὼν,
713 2256 836 2327 ἔφη,
893 2261 986 2313 καὶ
1034 2264 1082 2314 εἰ
1131 2265 1389 2334 παρέξεις
1435 2268 1496 2318 τὸ
1534 2268 1669 2337 πρὸς
1702 2268 1799 2340 τὴν

227 2343 440 2407 χρεὲαν,
482 2345 904 2415 ἀναμφιλέκτως
941 2353 1221 2420 ιῖιγιανεῖς⁸
1272 2357 1442 2425 ὅμως,
1493 2360 1542 2411 εί
1598 2360 1796 2428 βούλει,

226 2433 322 2482 καὶ
361 2436 673 2506 ἐγγράφους
719 2459 797 2493 σοι
830 2443 1020 2495 τούτου
1050 2445 1272 2512 παρέξω
1302 2448 1398 2508 τὰς
1435 2449 1662 2511 πίστεις.
1695 2450 1798 2503 0'3-

223 2540 334 2589 τως
362 2526 485 2596 ἔφη,
523 2531 614 2580 καὶ
645 2531 694 2580 οἱ
731 2529 878 2597 λόγοι
913 2534 974 2584 οὐ
1004 2535 1167 2602 μέχρι
1201 2536 1294 2588 καὶ
1323 2536 1493 2605 λόγων
1540 2539 1794 2609 ἔστησαν,

225 2617 344 2667 ἀλλ’
391 2619 490 2686 ἤδη
542 2622 633 2670 καὶ
674 2624 752 2683 εἰς
778 2621 938 2692 ἔργον
974 2625 1277 2690 ἐξέϐαινον·
1315 2632 1689 2702 ἐπιθαρσήσας
1732 2636 1798 2704 τῇ

225 2709 320 2760 τοῦ
351 2710 604 2777 Μεγάλου
640 2713 886 2784 δυιάμει,
916 2720 1008 2771 καὶ
1044 2716 1121 2783 οἷς
1156 2722 1302 2791 ἑώρα
1344 2723 1434 2775 ὑπ’
1469 2725 1633 2776 αὑτοῦ
1666 2726 1799 2779 θαυ-

227 2809 729 2874 ματουργουμένοις
761 2810 788 2860 ὀ
820 2810 972 2863 Λέων
1015 2814 1194 2866 πιστοῖ
1230 2814 1318 2864 τὸν
1352 2814 1685 2884 Εὑστράτιον
1711 2818 1798 2870 διὰ

227 2896 473 2963 γραφῆς,
523 2897 695 2960 οὕτως
730 2901 980 2970 ἐχούσης·
1029 2904 1168 2970 Ἐγὼ
1201 2905 1350 2957 Λέων
1403 2906 1677 2970 πεποιθὼς
1705 2909 1796 2960 ἐπὶ

225 2991 289 3054 τῇ
323 2987 417 3038 τοῦ
458 2989 640 3052 Ἀγίου
675 2990 923 3060 δυνάμει,
953 2998 1043 3044 καὶ
1135 2997 1266 3064 πρὸς
1296 2999 1457 3051 αὑτὸν
1490 3000 1796 3069 ἐμϐεὸαίω-

227 3094 329 3145 μαι
357 3077 558 3141 πίστει,
589 3081 875 3152 ὲγγυώμαί
911 3101 992 3136 σοι
1022 3085 1098 3156 τῷ
1131 3085 1470 3157 Εὑστρατίῳ,
1503 3093 1795 3161 παρέχοντι

225 3169 334 3239 γάρ
359 3187 437 3222 σοι
467 3174 526 3224 τό
557 3191 618 3241 γε
644 3175 779 3245 πρὸς
801 3178 898 3247 τὴν
927 3180 1114 3248 χρείαν
1140 3180 1233 3231 τοῦ
1261 3181 1408 3232 οἴκου
1436 3182 1633 3244 ὲλαιον,
1660 3201 1795 3253 παρ·
1821 3226 1862 3283 c

227 3259 330 3283 ιε--
377 3279 448 3283 --Α
513 3282 538 3283 ,,
582 3266 597 3283 \
673 3268 685 3283 ρ
749 3269 829 3283 ιιι
1020 3272 1032 3283 ι
1122 3272 1134 3283 ι
1212 3271 1248 3283 ιχ
1320 3270 1338 3279 ε
1381 3271 1421 3283 ,ιι
1637 3276 1647 3283 .
1737 3274 1747 3283 .

222 3259 336 3324 ἐξει
371 3279 454 3314 σοι
511 3266 604 3316 καὶ
663 3268 690 3318 ὁ
748 3269 940 3334 Μέγας
984 3272 1075 3321 τὸν
1117 3272 1181 3322 ἐκ
1209 3270 1344 3322 Θεοῦ
1377 3271 1525 3324 ἔλεον
1565 3276 1658 3325 καὶ
1701 3274 1792 3326 τὸν

216 3354 500 3424 ὀφθαλμὸν
526 3357 782 3426 ἀλγήσεις
805 3360 1010 3414 οὐκέτι.
1051 3362 1110 3414 '0
1146 3363 1244 3432 μὲν
1263 3363 1354 3416 οὖν
1381 3365 1568 3432 ’Ἄγιος
1596 3366 1792 3435 ἔφθανε

217 3451 288 3500 τὰ
325 3448 450 3517 παρ’
479 3449 697 3514 ἑαυτοῦ,
731 3453 902 3505 ποιῶν
932 3454 1030 3524 τὴν
1053 3457 1263 3508 ἐκείνου
1289 3458 1454 3522 δόσιν,
1487 3459 1576 3510 καὶ
1609 3461 1791 3531 ἀπαθῆ

219 3544 319 3592 καὶ
376 3539 678 3609 ἀνάλγητον
713 3539 825 3612 εἶχε
877 3543 965 3596 τὸν
1025 3547 1303 3615 ὀφθαλμὸν
1355 3551 1382 3600 ὁ
1435 3550 1790 3620 Εὑστράτιος.

230 3631 469 3693 Ἐκεῖνος
512 3632 590 3695 δὲ,
619 3635 754 3686 κατὰ
785 3634 846 3687 τδ
875 3635 1156 3707 ᾀδόμενον,
1188 3640 1281 3709 ἂμ⁸
1314 3641 1531 3712 ἠλέητο,
1564 3644 1656 3696 καὶ
1701 3647 1792 3697 τέ-

215 3721 418 3790 θνηκεν
466 3726 496 3793 ἡ
541 3726 738 3796 χάρις·
768 3726 1090 3797 ὠλιγώρησε
1146 3733 1254 3800 γὰρ
1285 3728 1360 3785 ὦν
1398 3736 1784 3803 ἐπηγγείλατο,

219 3818 360 3884 μετὰ
384 3817 442 3867 τὸ
472 3821 654 3884 τυχεῖν
682 3813 756 3870 ὧν
781 3819 1030 3872 ἐδούλετο
1067 3820 1187 3874 λίαν
1210 3823 1440 3888 ἀναξίως
1468 3828 1560 3877 καὶ
1593 3827 1791 3893 σφαλεο

219 3908 352 3975 ρῶς,
401 3910 634 3976 χορηγός
679 3927 739 3962 τε
794 3911 974 3965 ἐλαίου
1014 3913 1108 3966 τοῦ
1142 3915 1275 3984 πρὸς
1314 3915 1406 3966 τὸν
1460 3917 1602 3984 ἱερὸν
1644 3914 1792 3970 οἷκον

211 4000 341 4052 οὐδὲ
369 3999 594 4071 βραχέος
633 3999 725 4072 ἦν.
769 4005 908 4057 Ἀλλ’
940 4008 967 4058 ὁ
1005 4006 1195 4075 Μέγας
1227 4007 1417 4070 νυκτὸς
1447 4009 1638 4077 ἐκείνῳ
1667 4011 1788 4062 ἑπι-

213 4093 406 4159 φανεὶς
444 4095 544 4162 (δεῖ
581 4095 636 4147 δὲ
668 4097 972 4165 χρήσασθαι
1001 4101 1112 4157 τοῖς
1152 4099 1318 4151 αὐτοῦ
1352 4090 1575 4170 λόγοις),
1613 4101 1787 4170 Ἐμοὶ,

211 4187 347 4254 εφη,
373 4187 699 4254 ἐμπαίζειςς
748 4189 943 4256 Φρενοῖ
982 4189 1073 4240 τὸν
1129 4189 1463 4259 Εὑπράτιον
1513 4193 1544 4260 ἡ
1582 4192 1788 4261 ἀληθὴς

211 4279 356 4346 αὓτη
407 4279 549 4345 ὄψις,
596 4281 690 4331 καὶ
731 4279 881 4341 δέους
911 4280 1074 4333 αὑτὸν
1113 4279 1487 4350 ἐμπίπλησιν
1534 4283 1648 4351 ἅμα
1679 4284 1786 4354 γὰρ

215 4372 362 4437 φωτὶ
401 4374 461 4423 τὸ
501 4372 678 4424 ἔλαιον
712 4371 859 4424 ἅπαν
889 4373 1024 4442 πρὸς
1076 4373 1167 4425 τὸν
1206 4374 1410 4426 Λέοντα
1445 4374 1786 4444 ἐπιπέμψας,

223 4460 489 4512 Ἀπέτισά
512 4478 616 4522 σοι,
643 4464 830 4532 φησὶν,
856 4464 955 4531 ἤδη
990 4464 1050 4514 τὸ
1074 4465 1228 4532 χρέος
1249 4481 1262 4494 ·
1298 4466 1460 4527 αὐτὸς
1483 4465 1539 4517 δέ
1575 4482 1664 4534 μοι
1696 4468 1783 4530 ἑξ-

1903 1995 1955 2047 id
1996 1999 2139 2064 quod
2168 2015 2268 2069 ego
2299 2004 2395 2056 tibi
2437 2021 2783 2075 suggessero,
2840 2013 2974 2069 nihil
3025 2017 3272 2084 habebis,
3327 2026 3474 2093 quod

1902 2085 2225 2153 prohibeat,
2287 2094 2433 2161 quod
2483 2097 2667 2152 minus
2711 2116 2905 2154 sanum
2969 2105 3174 2163 habeas
3231 2115 3472 2170 oculum.

1901 2174 2037 2230 Cum
2080 2194 2208 2236 vero
2250 2197 2494 2254 rogasset
2534 2188 2867 2256 Eustratius,
2920 2195 3149 2252 dicens:
3201 2201 3473 2266 Quidnam

1901 2281 2004 2334 est,
2055 2275 2200 2343 quod
2252 2291 2371 2331 sum
2415 2278 2702 2337 facturus?
2747 2283 2898 2349 OIeo,
2941 2288 3119 2359 inquit
3150 2329 3164 2353 ,
3198 2309 3337 2362 opus
3389 2307 3476 2351 est

1902 2364 2246 2421 xenodochio
2284 2381 2298 2420 :
2335 2370 2480 2438 quod
2517 2371 2562 2425 si
2607 2373 2927 2441 praebueris,
2957 2385 3306 2438 convalesces
3339 2386 3476 2440 citra

1904 2453 2066 2508 ullam
2097 2456 2538 2515 dubitationem:
2574 2472 2650 2528 et,
2686 2465 2729 2519 si
2767 2465 2840 2520 ita
2876 2469 3032 2531 velis,
3079 2471 3130 2524 id
3179 2489 3280 2544 ego
3321 2491 3476 2530 man-

1901 2546 2043 2600 dabo
2071 2549 2306 2616 Iitteris;
2339 2554 2483 2621 quod
2515 2555 2612 2609 tibi
2648 2557 2930 2623 polliceor.
2968 2560 3058 2616 Sic
3087 2564 3182 2628 ait,
3225 2577 3279 2621 et
3311 2571 3474 2623 verba

1901 2653 2008 2691 non
2041 2637 2094 2691 in
2120 2641 2252 2694 solis
2278 2643 2461 2696 verbis
2488 2647 2868 2711 constiterunt,
2903 2652 2998 2704 sed
3039 2655 3203 2707 etiam
3253 2673 3476 2726 proces-

1901 2742 2091 2786 serunt
2137 2734 2203 2787 ad
2260 2749 2422 2804 opus.
2479 2736 2657 2808 Magni
2699 2740 2846 2794 enim
2898 2740 3216 2814 Sampsonis
3269 2751 3476 2806 virtute

1901 2823 2097 2892 fretus,
2147 2835 2202 2880 et
2253 2827 2341 2890 iis,
2404 2843 2524 2896 quae
2571 2830 2639 2884 ab
2697 2846 2764 2886 eo
2815 2833 2953 2889 vidit
2978 2835 3118 2904 ﬁeri,
3171 2842 3474 2916 miraculis,

1901 2913 2179 2969 Eustratio
2205 2919 2366 2972 ﬁdem
2413 2920 2544 2974 facit
2591 2937 2687 2990 per
2721 2925 3071 2995 scripturam,
3111 2947 3232 3000 qua:
3262 2937 3342 2991 sic
3377 2913 3475 2994 ha;

1900 3003 2105 3058 bebat:
2147 3006 2259 3076 Ego
2293 3008 2400 3062 Leo
2445 3010 2618 3064 fretus
2661 3014 2864 3068 virtute
2909 3021 3085 3072 sancti
3124 3024 3468 3097 Sampsonis,

1900 3107 1955 3151 et
1990 3097 2112 3162 Iide,
2155 3113 2261 3168 qua
2293 3114 2411 3154 sum
2446 3101 2499 3154 in
2536 3117 2660 3156 eum
2691 3105 3068 3177 confirmatus,
3117 3118 3362 3183 spondeo
3407 3137 3470 3177 ac

1901 3187 2200 3258 ﬁdejubeo
2242 3191 2338 3245 tibi
2387 3190 2687 3260 Eustratio,
2738 3200 2883 3266 quod
2940 3202 3206 3268 praebenti
3257 3209 3354 3265 tibi
3401 3216 3468 3268 ad

1899 3290 2057 3330 usum
2105 3280 2222 3347 ejus
2265 3281 2460 3335 domus
2506 3284 2711 3350 oleum,
2763 3289 3028 3358 praebebit
3079 3311 3298 3367 quoque
3361 3319 3473 3355 ma.

1897 3383 2035 3436 gnus
2081 3369 2346 3440 Sampson
2402 3389 2431 3427 a
2477 3374 2589 3429 Deo
2641 3380 3098 3449 misericordiam,
3154 3405 3333 3459 neque
3369 3397 3465 3450 tibi

1897 3457 2130 3526 amplius
2183 3459 2392 3517 dolebit
2439 3464 2656 3520 oculus.
2705 3466 2884 3539 Atque
2945 3470 3182 3530 Sanctus
3237 3457 3463 3549 quidem

1896 3549 2162 3615 praevenit
2197 3551 2341 3606 illius
2385 3553 2759 3621 donationem,
2807 3558 3145 3630 illzesumque
3191 3576 3246 3619 et
3288 3573 3468 3626 omnis

1895 3638 2102 3693 doloris
2151 3651 2431 3710 expertem
2483 3646 2702 3701 oculum
2755 3648 2948 3705 habuit
2993 3652 3324 3713 Eustratius.
3370 3661 3465 3716 Ille

1894 3740 2076 3784 autem
2108 3732 2270 3788 simul
2328 3734 2408 3803 (ut
2452 3738 2614 3806 vulgo
2651 3740 2875 3808 dicitur)
2923 3755 2978 3798 et
3029 3747 3464 3806 misericordiam

1895 3829 1976 3873 est
2010 3831 2316 3888 assecutus,
2367 3833 2422 3878 et
2469 3828 2732 3882 memoria
2782 3830 2903 3900 ejus
2953 3833 3027 3886 illi
3078 3846 3294 3891 mortua
3350 3851 3458 3896 est.

1894 3909 2234 3979 Contempsit
2275 3915 2422 3966 enim
2467 3932 2588 3985 quae
2628 3930 2748 3974 erat
2798 3922 3100 3992 pollicitus,
3150 3939 3459 4006 postquam,

1893 4018 2014 4072 qua:
2045 4005 2234 4067 voluit,
2276 4015 2358 4060 est
2407 4021 2755 4075 consecutus,
2803 4015 3023 4086 indigne
3062 4023 3358 4077 admodum
3408 4041 3462 4083 et

1893 4098 2236 4165 periculose;
2268 4109 2323 4154 et
2353 4113 2556 4158 sanctae
2602 4104 2789 4161 domui
2839 4124 2908 4163 ne
2959 4113 3190 4168 nimium
3235 4117 3460 4186 quidem

1891 4190 2128 4257 prazbuit
2162 4193 2363 4246 oleum.
2403 4194 2509 4248 Sed
2546 4211 2670 4250 cum
2705 4199 2929 4269 Magnus
2959 4205 3036 4256 illi
3073 4219 3238 4261 noctu
3287 4227 3455 4279 appa-

1892 4280 2093 4335 ruisset
2141 4282 2384 4353 (oportet
2425 4297 2608 4342 autem
2652 4292 2730 4344 uti
2775 4293 2893 4361 ejus
2943 4297 3148 4365 verbis)
3185 4317 3201 4353 ι
3235 4301 3337 4361 Me,
3371 4304 3457 4354 in-

1891 4374 2031 4442 quit,
2059 4375 2227 4429 babes
2260 4377 2543 4434 ludibrio?
2569 4380 2744 4436 EIIicit
2770 4400 2900 4440 vero
2931 4386 3043 4443 hmc
3091 4392 3254 4452 visio,
3304 4403 3360 4447 ut
3388 4396 3456 4447 ad

1892 4481 1948 4519 se
1981 4466 2165 4519 redeat
2192 4468 2522 4534 Eustratius,
2578 4473 2774 4528 timore
2820 4491 3125 4547 correptus.
3165 4484 3299 4536 Nam
3331 4501 3456 4539 cum

216 4557 365 4608 ιλέου
399 4556 489 4607 τὸν
525 4557 745 4623 Ἂγιον·
778 4558 896 4610 οὐδὲ
938 4558 1046 4627 γὰρ
1081 4557 1304 4623 δυνατὸς
1340 4557 1451 4627 ἐγὼ
1474 4559 1658 4630 φέρειν
1683 4561 1782 4623 τὰς
1813 4555 1861 4613 D

1813 4555 1861 4613 D
1889 4557 2131 4612 diluculo
2165 4570 2338 4614 totum
2373 4562 2552 4616 oleum
2588 4566 2826 4620 misisset
2865 4570 2931 4623 ad
2980 4569 3216 4628 Leonem
3251 4597 3263 4631 :
3309 4578 3452 4649 1am,

215 4648 348 4718 παρ’
382 4648 548 4700 αὐτοῦ
577 4648 829 4712 ἀπειλάς.

287 4916 390 4971 IB'.
425 4920 498 4970 Τὸ
540 4919 594 4970 δὲ
628 4919 756 4986 περὶ
794 4915 884 4970 τὸν
917 4917 1412 4987 πρωτοσπαθάριον
1453 4916 1659 4988 Βάρδιν
1687 4935 1782 4985 γε-

209 5015 370 5080 γονδς
430 5011 628 5081 μικροῦ
663 5012 760 5064 καὶ
795 5010 1030 5072 πίστεώς
1073 5012 1188 5062 ἐστι
1227 5013 1493 5079 κρεῖττον,
1529 5011 1586 5073 ὃς
1613 5013 1774 5080 ἐτύγ-

206 5124 340 5175 χανε
391 5107 490 5176 μὲν
533 5101 752 5170 ἁδελφὸ,
789 5102 864 5155 ὢν
930 5102 1197 5166 Ἰωάννου,
1232 5105 1405 5171 φημὶ,
1448 5103 1541 5154 τοῦ
1583 5121 1779 5173 πατρι-

206 5200 355 5262 κίου,
380 5199 472 5250 τοῦ
513 5200 577 5251 ἐκ
611 5197 938 5250 Μακεδόνων
972 5196 1033 5248 τὸ
1064 5194 1220 5262 γένος
1251 5196 1497 5255 ἕλκοντος
1518 5212 1530 5224 ·
1572 5197 1777 5266 σφόδρα

208 5296 266 5347 δὲ
311 5270 463 5352 οὗτος
511 5290 776 5361 Ῥωμανῷ
808 5289 1018 5358 βασιλεί
1053 5289 1129 5357 τῷ
1160 5290 1390 5340 ἐπιεικεῖ
1426 5304 1483 5338 τε
1517 5289 1610 5339 καὶ
1637 5305 1774 5358 χρη-

206 5389 322 5456 στῷ
352 5384 773 5454 προσῳκειοῦτο,
822 5384 879 5435 ὃν
915 5383 1010 5434 καὶ
1056 5383 1201 5433 ἴσασι
1244 5381 1441 5441 πάντες
1477 5380 1590 5432 υἱὸν
1622 5382 1776 5433 Κων-

205 5481 492 5532 σταντίνου
521 5476 794 5546 γενέσθαι,
822 5475 936 5537 τοῦ,
965 5476 1033 5526 τὰ
1054 5473 1226 5523 πάντα
1257 5470 1542 5522 συνελΰντα
1581 5473 1768 5534 εἰπὼν,

207 5551 664 5637 βασιλικωτάτου.
703 5564 888 5636 Τούτῳ
923 5561 1207 5633 τοιγαροῦν
1248 5559 1324 5629 τῷ
1374 5560 1556 5631 Βάρδᾳ
1602 5563 1771 5628 πάθος

201 5772 483 5836 censibus,
525 5773 776 5840 quamvis
825 5781 1101 5827 structura
1153 5773 1283 5826 satis
1335 5783 1476 5827 esset
1528 5770 1773 5842 magnifi-

196 5857 345 5897 cum.

1888 4651 2086 4719 inquit,
2115 4655 2322 4706 exsolvi
2352 4654 2468 4708 ‘tibi
2504 4656 2748 4712 debitum
2783 4679 2795 4714 :
2830 4671 2884 4715 tu
2919 4675 3097 4718 autem
3147 4669 3294 4736 placa
3347 4678 3455 4728 mi-

1887 4743 1940 4795 hi
2021 4743 2302 4799 Sanctum.
2374 4747 2562 4817 Neque
2627 4752 2771 4803 enim
2837 4771 3059 4821 possum
3143 4761 3287 4816 ferre
3335 4771 3455 4837 cjus

1887 4849 2082 4887 minas.

1948 4926 2096 4980 ’XIX.
2145 4927 2299 4994 Quod
2355 4940 2534 4985 autem
2586 4935 2637 4987 in
2688 4933 3181 5006 protéspatharium
3225 4947 3452 5006 Bardam

1885 5020 2088 5073 factum
2117 5029 2220 5079 est,
2261 5019 2420 5076 Iidem
2467 5039 2635 5092 prope
2676 5041 2916 5096 superat.
2971 5033 3102 5086 Erat
3156 5037 3243 5091 hic
3288 5041 3450 5094 nam,

1884 5108 2110 5162 Joannis
2145 5110 2376 5176 patriici,
2413 5112 2503 5180 qui
2530 5113 2767 5168 ducebat
2804 5133 2977 5185 genus
3017 5135 3081 5174 ex
3113 5122 3451 5194 Macedonia,

1885 5208 1940 5251 et
1970 5213 2159 5267 magna
2182 5200 2230 5252 ei
2267 5200 2649 5256 intercesserat
2676 5205 3016 5264 familiaritas
3050 5228 3172 5266 cum
3205 5217 3451 5276 Romano

1887 5290 2236 5356 imperatore,
2289 5292 2522 5361 benigno
2575 5307 2629 5346 et
2687 5296 2984 5362 clemente,
3038 5317 3200 5370 quem
3268 5312 3450 5366 sciunt

1883 5397 2076 5436 omnes
2125 5383 2295 5437 fuisse
2351 5384 2521 5438 ﬁlium
2580 5386 2922 5443 Constantini
2986 5395 3150 5463 (l8):
3209 5401 3301 5467 qui
3363 5405 3449 5470 (ut

1882 5474 2064 5527 omnia
2096 5475 2265 5529 semel
2308 5475 2506 5544 dicam)
2538 5477 2645 5531 fuit
2676 5481 2973 5548 imperator
3000 5489 3274 5554 egregius.
3308 5492 3445 5549 Huic

1879 5581 2010 5637 ergo
2045 5567 2232 5622 Bardte
2265 5569 2488 5625 morbus
2518 5571 2783 5629 incumbit
2813 5575 2863 5628 in
2901 5577 3063 5637 latas,
3104 5580 3256 5647 isque
3285 5582 3444 5654 longe

1957 5772 2068 5853 (I8)
2105 5774 2383 5860 Romanus
2419 5777 2732 5860 imperator,
2761 5782 3447 5860 Constantinil’orphyro-

1884 5843 2080 5910 genitis
2109 5844 2273 5912 ﬁlius,
2303 5843 2547 5916 regnavit
2581 5852 2649 5901 ab
2676 5867 2818 5905 anno
2847 5853 2947 5907 960
2978 5858 3040 5908 ad
3075 5855 3160 5910 61.
