4230 6436
213 422 318 488 305

1429 417 1602 482 VITA
1646 419 1708 481 Β.
1751 420 2190 482 SAMPSONIS.

3333 416 3438 480 306

215 527 347 586 Εἶτα
399 531 491 583 καὶ
543 528 641 600 τὴν
685 529 932 585 σύνοικον
979 532 1145 600 ἡδέως
1183 534 1457 601 φωνήσας,
1483 537 1636 589 Δοκῶ
1661 555 1773 606 μοι,
1807 543 1846 594 Α
1877 557 1885 591 ι

1807 543 1846 594 Α
1877 537 2054 594 emitti
2091 553 2122 593 e
2173 537 2366 592 latere.
2423 537 2628 592 Deinde
2663 538 2948 607 coniugem
2999 536 3249 590 hilariter
3312 537 3446 589 alto-

213 621 372 689 ῐφην.
403 620 534 688 μηδὲ
564 622 868 682 ὀδυνᾶσθαι,
895 623 1027 675 ἀλλὰ
1063 624 1126 675 σὺ
1155 623 1279 687 τοὺς
1310 625 1688 695 ἐπικειμένους
1708 632 1773 700 τῇ

214 713 397 779 πληγῇ
453 711 686 778 δεσμοὺς
757 712 915 765 λῦσον
968 713 1169 780 ἠρέμα.
1233 716 1343 767 Καὶ
1405 717 1539 785 αὑτὴ
1605 718 1776 783 οὕτως

214 803 408 860 insist,
425 804 515 854 xui.
535 803 689 870 ἀηδία
711 803 874 870 πολλὴ
901 803 1099 871 ταύτην
1127 799 1260 872 εἶχε,
1287 806 1366 858 κα¹
1384 844 1400 869 ,
1425 807 1583 874 Οιῖμοι
1600 805 1774 878 [ἐφη],

215 894 294 957 τίς
327 887 478 956 οὗτος
505 899 530 947 ὁ
558 895 826 962 άμανίτης
857 899 884 947 ὁ
913 898 977 963 τῇ
1009 899 1186 964 πληγῇ
1221 899 1564 969 ἐπικείμενος
1587 918 1600 963 ;
1626 901 1697 952 Το
1721 900 1776 951 δὲ

214 975 281 1050 ἦν
320 981 729 1051 διασεεημμένη
767 984 904 1052 σὰρξ
935 986 1029 1037 καὶ
1060 987 1365 1055 ἀπόϐλητος
1410 994 1523 1052 τοῖς
1549 992 1777 1058 ἀμφίοις

214 1073 672 1125 συνεκσπαθεῐσα.
705 1073 888 1135 Οὕτως
942 1076 1111 1138 ἰαθεὶς
1153 1074 1264 1142 εγὼ
1309 1079 1401 1130 καὶ
1457 1081 1775 1147 παραδόξως

213 1160 619 1230 ἀναρρωσθεὶς,
672 1164 772 1216 οὑκ
813 1164 890 1216 ἔτι
944 1162 1052 1228 οἷός
1097 1168 1210 1234 εἰμι
1248 1169 1484 1234 ἐμαυτὸν
1536 1170 1773 1240 ἐπέχειν,

211 1251 348 1304 ἀλλὰ
377 1255 440 1321 τῇ
471 1255 558 1306 τοὺ
593 1257 886 1322 ἰασαμένου
924 1258 1244 1324 πειθόμενος
1275 1261 1486 1331 ἐντολῇ,
1519 1263 1650 1329 πρὸς
1683 1264 1774 1316 τὸν

210 1343 376 1395 αὑτοῦ
416 1346 609 1412 ἄπειμι
654 1349 841 1413 τάφον,
877 1352 986 1408 τοῖς
1016 1350 1194 1414 ἄλλοις
1228 1354 1620 1422 συνεορτάσων.
1667 1355 1774 1409 Οὑ-

213 1448 318 1494 tua;
353 1435 538 1496 εἰπὼν,
564 1437 704 1489 οὑτω
729 1439 789 1507 δὴ
821 1441 914 1492 καὶ
939 1445 1272 1512 παραχρῆμα
1302 1445 1493 1507 ἐποίει,
1525 1447 1776 1516 καὶπρὸς

212 1523 305 1576 τὸν
339 1525 528 1590 Ἀγιον
563 1528 774 1597 πλήρης
833 1531 1022 1602 ἡδονῆς
1073 1534 1167 1587 καὶ
1201 1537 1375 1606 χαρῇς
1424 1536 1610 1607 ἀπῄει,
1662 1541 1775 1602 τοῖς

213 1614 516 1670 συναντῶσι
550 1617 731 1683 μέντοι
777 1622 870 1671 καὶ
900 1621 1127 1677 ἄπιστόν
1161 1643 1212 1678 τι
1235 1626 1423 1696 χρῆμα
1449 1628 1646 1694 ἐδόκει,
1679 1628 1775 1682 καὶ

212 1703 306 1773 τὴν
346 1705 465 1774 ὄψιν
506 1707 1010 1783 ἀμφισϐητήσιμον.

280 1974 408 2028 KA'.
445 1977 794 2046 Συντετάχθω
837 1983 948 2042 τοίς
992 1984 1322 2048 προλαϐοῦσι
1375 1989 1463 2038 καὶ
1508 1989 1639 2041 αὐτὸ
1678 1989 1770 2042 τοῦ

206 2065 479 2132 Γεωργίου
516 2069 574 2119 τὸ
612 2069 795 2137 θαῦμα
823 2087 835 2099 ³
869 2073 929 2124 οὑ
962 2074 1160 2138 φαῦλον
1185 2075 1309 2144 γὰρ,
1347 2078 1464 2130 οἱδὶ
1496 2079 1554 2130 τὸ
1587 2081 1767 2150 τυχὸν,

204 2157 312 2243 οὐδ’
344 2158 481 2211 ὥστε
534 2163 625 2212 καὶ
674 2163 918 2230 παριδεῖν
975 2165 1140 2228 ἄξιον.
1194 2162 1361 2232 Οὗτος
1404 2172 1619 2240 οἰκέτης
1673 2173 1772 2243 μὲν

201 2235 502 2322 ἐτύγχανεν
531 2252 604 2303 ῶν
663 2254 897 2322 μοναχοῦ
956 2273 1098 2316 τινος
1149 2260 1240 2312 καὶ
1277 2261 1490 2330 ἱερέως,
1533 2264 1772 2338 Ἐφραῖμ

269 2340 464 2410 ὑνομα,
504 2343 582 2414 τῷ
628 2345 720 2397 τοῦ
772 2347 1017 2417 ὕδρωπος
1078 2351 1134 2403 ὁὶ
1181 2357 1523 2423 περισχεθεὶς
1588 2359 1769 2426 πάθει,

203 2432 297 2484 καὶ
347 2434 422 2498 τῷ
459 2437 588 2506 ἰερῴ
621 2439 752 2508 οἴκῳ
792 2440 884 2491 τοῦ
925 2442 1177 2506 Μεγάλου
1211 2446 1550 2507 ἀνακλιοείςο
1582 2449 1771 2503 ἔπειτα

203 2527 301 2594 τὴν
336 2531 555 2596 χρονίαν
602 2533 922 2584 κατάκλισιν
962 2533 1318 2601 δυσιεράνας,
1359 2540 1639 2594 ἀπολιπὼν
1679 2546 1768 2596 τὸν

202 2617 348 2683 ἰερον
402 2617 494 2669 τοῦ
535 2621 794 2673 δεσπῦτου
846 2622 1086 2675 οἰκίσκον
1144 2627 1384 2682 ἄπεισιν.
1432 2628 1490 2682 '0
1529 2632 1626 2698 μὲν
1677 2630 1768 2689 οὖν

204 2357 261 2391 το

202 2707 468 2774 δεσπότης
496 2712 592 2760 οὐκ
619 2711 757 2764 ἀνίει
796 2716 1071 2783 παραινῶν
1096 2719 1240 2787 αὑτῴ
1267 2722 1359 2773 καὶ
1385 2722 1769 2794 ὑποτιθέμενος

201 2796 444 2850 ἀνελθεῖν
475 2795 629 2861 αὔεις
665 2805 755 2854 καὶ
785 2806 859 2872 τῷ
885 2805 978 2857 τοῦ
1018 2809 1198 2872 Ἀγίου
1239 2812 1372 2878 οἴκῳ
1403 2821 1765 2882 προσμεῖναι·

200 2891 324 2942 ἐπεὶ
358 2891 414 2944 δὲ
448 2892 520 2962 μὴ
551 2894 761 2950 ἔπειθεν
791 2899 1054 2963 (ἐφείδετο
1087 2901 1195 2970 γὰρ
1223 2903 1638 2973 αὑστηροτέρων
1673 2913 1768 2979 ῥη-

201 2985 388 3049 μάτων
404 2985 488 3034 διὰ
513 2986 608 3053 τὴν
639 2987 729 3038 τοῦ
758 2989 1276 3061 πάθουςβαρὺτητα)
1305 3013 1318 3025 ’
1346 2997 1463 3048 Κᾶν
1486 2999 1612 3066 γοῦν
1639 3000 1768 3054 εἴσω

197 3075 294 3126 τοῦ
331 3076 619 3143 εὑκτηρέου
669 3081 896 3145 εἴσελθε,
931 3084 1052 3150 ἔφη.
1100 3087 1267 3155 αὐτὴν
1305 3090 1404 3158 τὴν
1451 3092 1542 3142 τοῦ
1589 3093 1768 3160 Ἀγίου

1880 639 2070 682 cutus:
2109 627 2238 682 Mihi
2288 627 2498 692 videor,
2553 629 2798 697 inquam,
2844 627 2979 681 nihil
3023 627 3147 681 mali
3193 627 3443 688 sentinc;

1880 719 1974 772 sed
2027 728 2082 773 tu
2136 720 2337 773 sensim
2383 721 2532 773 solve
2578 719 2795 773 vincula
2846 720 3012 787 plagae
3062 717 3338 784 imposita.
3370 715 3448 772 Ea

1881 821 2059 865 autem
2096 810 2173 865 sic
2208 811 2352 870 fecit,
2390 827 2496 864 non
2534 811 2652 864 sine
2693 825 2906 878 magna.
2949 825 3053 878 qua
3087 807 3444 869 atliciebatur,

1883 902 2163 967 molestia;
2191 915 2265 966 et,
2299 902 2390 957 Hei
2422 902 2576 965 mihi,
2614 903 2751 955 dixit
2780 918 2791 952 :
2825 901 2956 966 Quis
2992 909 3075 953 est
3120 900 3209 952 hic
3237 899 3445 951 amitta-

1884 1003 1965 1049 tes
1995 995 2128 1064 (2|),
2188 997 2283 1064 qui
2331 996 2498 1065 plagae
2542 1005 2624 1049 est
2673 994 3001 1062 impositus?
3051 992 3104 1047 Id
3152 1008 3282 1043 vero
3327 1001 3449 1044 erat

1881 1101 2006 1141 caro
2036 1089 2338 1158 putrefacta
2371 1097 2423 1142 et
2456 1096 2730 1155 separata,
2769 1101 2889 1154 quae
2926 1101 3030 1138 una
3073 1099 3195 1136 cum
3247 1083 3444 1152 pannis

1879 1180 2066 1233 evulsa
2094 1180 2286 1232 fuerat.
2335 1179 2426 1233 Sic
2453 1195 2554 1248 ego
2593 1189 2835 1238 sanatus,
2878 1188 2931 1229 et
2966 1187 3164 1244 praeter
3195 1190 3342 1236 spem
3390 1182 3446 1225 et

1880 1273 2192 1340 Opinionem
2237 1272 2482 1340 pristina:
2530 1271 2815 1325 restitutus
2856 1269 3177 1331 valetudini,
3213 1283 3318 1321 non
3362 1282 3446 1320 me

1880 1365 2031 1433 potui
2082 1365 2316 1433 amplius
2350 1365 2649 1424 continere,
2698 1365 2828 1432 quin
2880 1378 3124 1431 parerem
3171 1361 3444 1414 curatoris

1879 1448 1982 1508 mei
2009 1464 2296 1524 precepto,
2324 1466 2376 1510 ct
2408 1472 2494 1509 mc
2523 1457 2828 1532 conferrem
2859 1456 2924 1507 ad
2955 1457 3074 1524 ejus
3108 1455 3440 1522 sepulcrum,

1877 1562 2000 1601 cum
2041 1547 2165 1601 aliis
2195 1547 2391 1601 festum
2438 1548 2835 1602 celebraturus.
2897 1547 3031 1600 Cum
3082 1549 3157 1599 sic
3191 1546 3439 1600 dixisset.

1878 1638 2058 1694 atatim
2087 1654 2302 1708 quoque
2327 1639 2405 1693 sic
2437 1639 2587 1703 fecit,
2621 1649 2676 1694 et
2707 1639 2772 1692 ad
2797 1638 3056 1692 Sanctum
3083 1637 3216 1691 abiit
3247 1637 3441 1702 plenus

1879 1728 2078 1798 gaudio
2106 1738 2159 1782 et
2189 1729 2396 1785 laatitia.
2432 1728 2503 1783 Iis
2531 1739 2734 1793 autem,
2775 1730 2867 1798 qui
2895 1729 2943 1781 ei
2979 1727 3179 1780 ﬁebant
3206 1725 3441 1785 obviam.

1880 1833 1968 1871 res
1995 1817 2282 1872 videbatur
2307 1819 2667 1880 incredibilis,
2709 1829 2763 1873 et
2807 1819 2889 1871 vel
2946 1819 3012 1872 de
3053 1819 3167 1871 suis
3218 1815 3442 1869 dubita.

1877 1907 2005 1961 bant
2034 1910 2227 1963 oculis.

1943 1996 2085 2052 XXI.
2136 1999 2514 2069 Conjungatur
2560 2001 2997 2069 praecedentibus
3049 2001 3264 2069 Georgii
3306 2016 3444 2067 quo-

1874 2105 1980 2158 que
2011 2089 2333 2144 miraculum
2371 2111 2384 2145 :
2419 2107 2527 2145 non
2562 2103 2645 2147 est
2674 2094 2818 2145 enim
2860 2094 2999 2153 leve,
3048 2107 3149 2145 nec
3199 2093 3439 2158 vulgare,

1873 2194 2053 2248 neque
2082 2179 2193 2234 ullo
2225 2180 2388 2234 modo
2414 2181 2897 2234 contenmendum.
2933 2181 2984 2235 ls
3022 2189 3141 2233 erat
3193 2181 3442 2232 minister

1876 2271 2127 2325 monachi
2169 2272 2451 2341 cujusdam
2482 2284 2538 2326 et
2565 2273 2891 2336 sacerdotis,
2914 2273 3133 2324 nomine
3159 2270 3436 2338 Ephraim.

1872 2362 2008 2417 Cum
2041 2371 2222 2415 autem
2273 2362 2517 2433 hydropa
2549 2363 2846 2425 laboraret,
2873 2371 2928 2417 et
2962 2363 3014 2415 in
3067 2377 3218 2416 sacra
3259 2359 3443 2428 magni

1874 2454 2190 2524 Sampsonis
2222 2454 2338 2508 aede
2367 2465 2508 2509 esset
2544 2453 2835 2524 repositus,
2873 2454 3056 2508 omnia
3096 2452 3315 2520 quidem
3351 2465 3442 2502 re-

1873 2547 2034 2614 pulit.
2067 2563 2188 2616 qua:
2221 2548 2270 2602 ei
2303 2564 2333 2600 a
2371 2547 2599 2600 medicis
2659 2547 2814 2615 prius
2855 2553 3014 2599 erant
3055 2543 3120 2596 ad
3171 2541 3441 2597 medelam

1871 2638 2138 2700 adhibita,
2175 2647 2361 2706 utpote
2388 2654 2416 2690 a
2448 2639 2646 2707 quibus
2673 2637 2930 2690 omnibus
2962 2636 3097 2688 nihil
3138 2636 3260 2702 Opis
3309 2649 3438 2687 sen-

1872 2731 2050 2784 sisset.
2095 2730 2300 2784 Deinde
2327 2746 2449 2785 cum
2489 2744 2629 2800 aegre
2673 2729 2861 2788 ferret,
2906 2726 3054 2796 quod
3091 2725 3297 2780 tamdiu
3330 2725 3442 2780 illic

1872 2823 2246 2883 decumberet,
2273 2838 2424 2877 sacra
2469 2823 2557 2877 illa
2587 2823 2700 2877 aede
2731 2822 2942 2884 relicta,
2975 2820 3109 2875 abiit
3136 2821 3188 2874 in
3228 2820 3438 2873 domini

1871 2914 2277 2968 domunculam.
2318 2915 2436 2970 Non
2493 2917 2741 2968 cessabat
2789 2923 2972 2966 autem
3013 2914 3268 2966 dominus
3309 2926 3436 2964 eum

1871 3019 2095 3058 monere
2123 3015 2179 3059 ct
2210 3005 2443 3068 hortari,
2509 3017 2566 3059 ut
2619 3016 3009 3066 reverteretur,
3045 3017 3102 3059 et
3151 3005 3204 3056 in
3252 3003 3436 3057 Sancti

1871 3098 2034 3152 domo
2078 3099 2259 3153 adhuc
2302 3109 2572 3154 maneret.
2624 3099 2760 3153 Cum
2798 3113 2925 3152 vero
2950 3113 3058 3151 non
3085 3094 3440 3164 persuaderet

206 3169 595 3233 προσκυνήσων
627 3168 811 3222 εἰκόνα
883 3167 999 3223 εἶτα
1023 3174 1118 3225 τοῦ
1155 3176 1335 3229 ἐλαίου
1368 3180 1542 3230 λαϐών
1574 3199 1630 3231 τε
1674 3187 1768 3236 καὶ
1796 3205 1837 3262 C
1873 3211 1876 3242 i

1796 3205 1837 3262 ρ
1873 3191 1939 3257 (a
1994 3193 2178 3244 verbis
2233 3193 2381 3244 enim
2433 3191 2742 3245 abstinebat
2789 3189 3168 3258 asperioribus
3214 3195 3441 3256 propter

201 3253 562 3324 ἀλειψάμενος
601 3261 663 3327 τῇ
719 3259 873 3330 κοίτῃ
929 3265 990 3330 τῇ
1042 3266 1131 3331 σῇ,
1168 3267 1502 3338 άνακλξθητι.
1553 3271 1659 3323 Καὶ
1707 3271 1764 3335 ὃς

201 3346 373 3398 ιποίει
418 3350 480 3400 τι
529 3351 841 3411 κελευσθέν.
883 3353 1034 3407 Ἐπεὶ
1071 3356 1126 3408 δὲ
1168 3360 1261 3411 καὶ
1292 3361 1474 3429 ἡμέρα
1518 3357 1606 3432 ἦν,
1653 3365 1766 3417 ὲκε-

200 3438 386 3490 λεὺετο
447 3441 544 3506 μὲν
608 3447 753 3510 παρὰ
803 3446 896 3498 τοὺ
954 3449 1212 3503 δεσπότου
1258 3455 1348 3504 καὶ
1391 3454 1468 3506 ἔτι
1510 3457 1574 3508 τὰ
1606 3457 1766 3524 ὅμοια

201 3531 374 3580 ποιεῖν
401 3546 416 3561 ·
438 3533 465 3582 ὁ
497 3532 572 3594 δὲ,
605 3535 741 3587 Ἀλλ’
784 3537 911 3600 ἐγὼ,
954 3542 1138 3604 φησίν,
1171 3541 1410 3610 ἔρῤωκα,
1446 3546 1540 3598 καὶ
1574 3551 1638 3617 τῇ
1673 3549 1763 3602 τοῦ

210 3622 399 3688 Ἀγίου
431 3624 658 3690 δυνάμει
699 3628 944 3696 καθαρᾶς
981 3631 1264 3685 ἀπέλαυκα
1300 3635 1539 3701 ὑγιείας·
1566 3641 1766 3708 ταύτης

199 3717 312 3783 γὰρ
349 3718 445 3784 τῆς
488 3720 679 3782 νυκτὸς
729 3721 847 3773 κατ’
881 3723 1014 3791 ὄναρ
1045 3725 1330 3792 ἐπιφανείς
1366 3745 1453 3796 μοι
1499 3733 1523 3782 ὁ
1558 3730 1764 3797 Ἄγιος,

200 3809 300 3876 τῆς
342 3826 399 3861 τε
447 3811 651 3873 κοιλίας
689 3831 787 3881 μου
827 3815 1022 3885 ἥψατο,
1055 3819 1145 3869 καὶ
1189 3821 1376 3890 εἴρηκέ
1427 3839 1541 3889 μοι,
1577 3824 1767 3876 Ἄπιθι

200 3898 484 3964 ὑγιαίνων,
532 3904 682 3957 οὐδὲν
728 3906 836 3978 γάρ
882 3908 960 3957 ἔτι
1015 3925 1094 3958 σοι
1145 3910 1253 3960 τῶν
1300 3914 1485 3965 κακῶν
1541 3916 1764 3982 ἐνοχλεῖ.

200 3991 326 4045 Οὐδ’
353 3993 510 4060 ἤρκει
544 3996 677 4062 πρὸς
717 3997 898 4048 πίστιν
927 3999 1064 4051 αὑτὰ
1094 4001 1169 4071 τῷ
1203 4002 1435 4074 δεσπότῃ
1457 4022 1472 4038 ο
1505 4007 1639 4062 ἀλλα
1674 4013 1766 4064 καὶ

200 4086 397 4152 πεῖραν
462 4086 725 4156 προσῆγε,
760 4092 854 4142 καὶ
900 4098 1310 4162 περιειργάζετο
1375 4102 1662 4169 πρόσωπόν
1710 4123 1765 4157 τε

199 4177 435 4241 ἑκείνου,
465 4182 557 4232 καὶ
589 4182 812 4248 κοιλίαν,
859 4186 948 4236 καὶ
978 4189 1163 4248 πόδας.
1209 4191 1301 4241 καὶ
1332 4193 1399 4242 τὰ
1434 4193 1595 4248 λοιπά
1631 4197 1764 4267 μέλη

197 4284 258 4320 τε
294 4271 387 4322 καὶ
419 4272 582 4340 μέρη,
615 4276 708 4326 καὶ
745 4277 866 4328 ἐπεὶ
903 4278 1023 4331 οὐδὲ
1055 4279 1308 4349 λείψανον
1361 4300 1415 4335 τε
1462 4286 1610 4355 ἑώρα
1643 4290 1764 4341 οὐδὲ

193 4359 346 4428 ἴχνος
379 4363 473 4414 τοὺ
505 4365 706 4428 πάθους
746 4368 916 4431 οὐδὲν,
960 4371 1086 4442 δόξῃ
1125 4378 1187 4442 τῇ
1236 4379 1372 4446 πρὸς
1399 4376 1528 4430 Θεὸν
1568 4379 1766 4449 ἐχρῆτο

199 4454 294 4503 καὶ
347 4453 665 4526 εὑχαριστέᾳ
721 4460 787 4526 τῇ
849 4461 982 4528 πρὸς
1029 4464 1121 4515 τὸν
1169 4465 1376 4532 Ἀγιον,
1450 4468 1634 4537 ἰατροῦ
1708 4488 1760 4522 τε

1868 3283 2043 3336 morbi
2087 3284 2432 3354 gravitatem)
2465 3301 2478 3337 :
2519 3283 2854 3347 Oratorium,
2887 3282 3086 3351 inquit,
3125 3278 3315 3332 saltem
3357 3277 3438 3330 in-

1866 3375 2116 3444 gredere,
2136 3377 2462 3428 adoraturus
2485 3376 2650 3442 ipsam
2685 3374 2868 3428 Sancti
2890 3374 3178 3441 imaginem
3209 3369 3440 3425 :dcindc

1868 3483 1991 3521 cum
2025 3469 2204 3521 oleum
2239 3467 2538 3536 acceperis,
2577 3475 2632 3520 et
2669 3475 2720 3520 te
2761 3467 3009 3526 unxeris,
3044 3464 3098 3516 in
3154 3471 3248 3515 tuo
3295 3460 3439 3515 lecto

1870 3559 2146 3612 recumbe.
2209 3557 2304 3611 Ille
2354 3566 2538 3611 autem
2597 3556 2754 3621 fecit,
2803 3554 2948 3624 quod
2999 3555 3188 3623 jussus
3237 3551 3436 3605 fuerat.

1867 3647 2159 3716 Postquam
2203 3664 2332 3702 vero
2373 3647 2616 3709 advenit,
2653 3646 2949 3716 jubebatur
2987 3645 3209 3713 quidem
3261 3658 3289 3694 a
3339 3643 3440 3696 do-

1869 3742 2016 3793 mino
2041 3739 2221 3794 adhuc
2248 3741 2429 3796 facere
2459 3741 2752 3806 similiter;
2788 3739 2878 3795 ille
2909 3747 3092 3793 autem
3128 3755 3141 3791 :
3175 3735 3282 3790 Sed
3313 3750 3436 3800 ego,

1869 3833 2066 3901 inquit,
2107 3833 2212 3902 jam
2257 3832 2528 3894 convalui,
2563 3841 2617 3886 et
2656 3832 2842 3885 Sancti
2892 3833 3094 3884 virtute
3143 3844 3265 3883 sum
3303 3829 3442 3881 inte—

1869 3941 2018 3996 grant
2052 3936 2338 3980 assecutus
2373 3927 2686 3980 sanitatem.
2736 3924 2858 3978 Haec
2905 3926 3050 3977 enim
3097 3932 3257 3974 nocte
3301 3921 3436 3974 mihi

1868 4031 2136 4086 apparens
2180 4017 2235 4070 in
2279 4017 2486 4070 somnis
2522 4016 2770 4079 Sanctus,
2805 4029 2987 4068 meum
3029 4020 3277 4066 ventrem
3307 4009 3437 4064 teti-

1869 4109 1966 4177 git,
2015 4089 2068 4161 et
2114 4107 2252 4161 dixit
2310 4106 2494 4161 mihi:
2543 4107 2689 4168 Abi,
2741 4121 2864 4159 cum
2919 4105 2993 4158 sis
3042 4119 3242 4168 sanus;
3302 4102 3436 4155 nihil

1868 4201 2012 4255 enim
2055 4201 2179 4253 mali
2212 4209 2262 4253 te
2297 4208 2452 4252 vexat
2491 4200 2748 4267 amplius.
2782 4196 2891 4249 llac
2943 4207 3123 4248 autem
3167 4195 3231 4246 ad
3275 4193 3434 4248 ﬁdem

1869 4292 2091 4346 domino
2137 4291 2439 4346 faciendam
2483 4306 2592 4344 non
2643 4289 3027 4344 suﬂ'ecerunt:
3079 4287 3172 4341 sed
3209 4288 3439 4356 ipsemet

1868 4387 2174 4455 periculum
2224 4387 2402 4440 lacere
2457 4386 2670 4446 voluit,
2716 4393 2771 4439 et
2826 4384 3114 4454 diligenter
3160 4392 3438 4436 scrutatus

1867 4477 2076 4530 vultum
2107 4478 2248 4545 ejus,
2273 4486 2328 4530 et
2358 4484 2628 4539 ventrem,
2662 4485 2714 4528 et
2739 4475 2923 4546 pedes,
2949 4486 3004 4529 et
3035 4475 3244 4543 reliqua
3270 4487 3439 4526 mem-

198 4541 380 4610 τυχὼν
414 4544 644 4612 ἀμίσθου
683 4550 776 4600 καὶ
801 4551 1084 4619 ἀψευδοῦς,
1127 4557 1218 4607 καὶ
1249 4557 1414 4624 ὑγιῶς
1445 4559 1630 4628 ἔχοντα
1675 4563 1764 4614 τὸν
1800 4539 1840 4597 θ

1800 4539 1840 4597 θ
1872 4567 1964 4621 bra
1990 4607 2002 4626 .
2039 4582 2162 4620 cum
2204 4567 2379 4620 nullas
2415 4568 2588 4620 morbi
2629 4569 2908 4636 reliquias,
2943 4579 3036 4619 aut
3081 4567 3308 4634 vestigia
3353 4579 3436 4619 re-

198 4636 417 4705 οἰκέτην
455 4639 616 4704 ὀρῶν.

1877 4659 2099 4726 periret,
2160 4659 2327 4714 Deum
2380 4661 2642 4724 laudavit,
2705 4670 2760 4714 et
2812 4659 3011 4714 Sancto
3052 4662 3160 4730 egit
3211 4659 3434 4730 gratias,

198 4731 344 4800 quod
388 4730 440 4784 in
475 4731 590 4799 ipso
622 4736 893 4791 medicum
945 4746 1136 4795 nactus
1185 4739 1398 4804 fuisset,
1471 4750 1564 4812 qui
1611 4748 1976 4801 certissimam
2043 4750 2248 4804 tamqu
2278 4765 2376 4805 suo
2424 4751 2542 4806 sine
2602 4753 2851 4807 mercede
2917 4751 3246 4808 reddidisset
3287 4751 3432 4806 salu-

199 4835 332 4876 tctn.

270 4915 409 5004 KB’.
444 4919 600 4972 Ἀλλά
633 4922 725 4973 καὶ
768 4925 825 4975 τὸ
858 4925 958 4993 τῆς
998 4928 1231 4997 Εἰρήνης
1267 4932 1433 4996 πάθος
1463 4933 1663 4999 ὁμοίως
1697 4929 1765 5004 ἦν

197 5005 350 5074 ἔχονο
389 5003 570 5073 ὑδρωψ
599 5012 706 5081 γὰρ
737 5015 828 5066 καί
857 5015 988 5067 αὑτὸ
1024 5018 1198 5081 πάθος
1223 5020 1281 5071 τὸ
1303 5003 1765 5090 χαλεπώτατον,δ

200 5100 296 5152 καὶ
335 5101 557 5164 ἀστείας
600 5103 662 5171 δὴ
721 5108 812 5157 καὶ
850 5107 1303 5180 θαυμασιωτέρας
1341 5113 1496 5184 ἔτυχε
1539 5117 1635 5184 τῆς
1685 5117 1765 5167 ξά-

197 5207 360 5253 σεως.
392 5190 455 5244 Ἦ
496 5195 594 5263 μὲν
632 5193 723 5247 οὖν
762 5196 964 5268 Εἰρήνη
996 5203 1128 5278 γρνή
1167 5219 1246 5264 τις
1281 5199 1347 5274 ἦν
1386 5205 1504 5267 ἑνὸς
1550 5206 1654 5257 τῶν
1686 5206 1762 5275 τῷ

197 5283 332 5353 ιερῷ
377 5284 510 5352 οῐκῳ
562 5286 974 5354 διακονούντων,
1031 5293 1113 5361 ἐφ’
1143 5285 1185 5361 ᾧ
1237 5298 1328 5348 καὶ
1382 5296 1759 5360 ἀνακλιθεῖσα,

196 5376 331 5441 πρὸς
362 5376 460 5442 μὲν
489 5375 596 5428 τῶν
630 5380 828 5448 ἰατρῶν
879 5383 1141 5453 ἀπείρητο
1175 5386 1272 5456 τὴν
1306 5387 1534 5453 ὑγίειαν.
1556 5390 1610 5441 ’0
1635 5390 1762 5460 μὲν·

193 5482 275 5519 τοι
311 5467 498 5535 ’Λγιος
531 5471 721 5532 νυκτὸς
766 5475 990 5536 ἐπιστάς
1037 5478 1171 5544 μετά
1214 5495 1376 5530 τινων
1427 5486 1516 5532 καὶ
1562 5485 1762 5551 ἑτέρων

193 5557 308 5620 δύο,
345 5561 463 5626 μεθ’
494 5553 566 5613 ὧν
607 5563 702 5630 μὲν
747 5565 935 5618 εἴωθεν
957 5567 1031 5628 ὡς
1054 5571 1120 5621 τὰ
1153 5571 1319 5624 πολλά
1357 5574 1758 5640 ἐπιφαίνεσθαι,

193 5651 318 5713 τοὺς
358 5649 534 5714 θείους
566 5670 622 5705 τε
664 5655 1006 5728 άναργὺρους
1042 5655 1179 5713 εἶναι
1215 5663 1433 5729 τούτους
1484 5666 1615 5735 φασί
1659 5669 1757 5720 Ko-

265 5829 373 5899 ζεὶι)
410 5831 709 5902 Amanites,
740 5833 887 5907 fungi
920 5840 1150 5910 species.

1938 4934 2103 4991 XXll.
2139 4935 2344 4990 Similis
2366 4935 2468 4987 fuit
2507 4936 2676 4990 [rente
2707 4933 2990 5006 cujusdam
3031 4936 3278 4994 morbus,
3311 4951 3432 5004 qua:

1868 5027 2034 5081 etiam
2073 5029 2186 5096 ipsa
2239 5027 2483 5097 hydrope
2513 5027 2813 5092 laborabat,
2851 5042 3026 5097 eoque
3068 5028 3428 5095 gravissimo;

1862 5135 1924 5174 ac
1991 5121 2112 5175 ideo
2164 5123 2333 5191 magis
2378 5124 2638 5177 solemnis
2697 5125 2974 5192 magisque
3031 5123 3276 5176 miranda
3327 5122 3431 5177 fuit

1858 5216 1976 5280 ejus
2002 5215 2232 5268 curatio.
2271 5215 2513 5268 Habebat
2547 5216 2636 5268 illa
2673 5217 2925 5269 maritum
2969 5231 3033 5268 ex
3083 5230 3272 5268 eorum
3323 5231 3429 5268 nu-

1865 5319 2035 5367 mero,
2088 5305 2182 5373 qui
2227 5303 2328 5358 aedi
2371 5319 2539 5359 sacrte
2595 5305 2920 5368 inserviunt,
2972 5307 3022 5358 in
3065 5321 3170 5375 qua
3222 5314 3276 5360 et
3312 5307 3425 5374 ipSa

1863 5395 2244 5456 decumbebat,
2289 5397 2650 5467 desesperans
2699 5400 2928 5452 salutem
2955 5415 2987 5454 ει
3020 5399 3247 5453 medicis
3284 5398 3427 5452 obti-

1861 5487 2116 5543 nendam.
2157 5487 2388 5542 Sanctus
2433 5501 2614 5548 autem
2647 5501 2811 5546 noctu
2842 5506 3112 5559 apparens
3152 5506 3275 5545 cum
3305 5490 3425 5544 aliis

1861 5577 2094 5643 duobus;
2128 5594 2248 5632 cum
2278 5582 2477 5650 quibus
2510 5593 2565 5634 ut
2595 5583 2886 5652 plurimum
2918 5582 3124 5637 solebat
3159 5595 3424 5651 apparere

1863 5669 1979 5741 (eos
2010 5687 2133 5728 vere
2163 5687 2282 5728 esse
2328 5674 2518 5730 dicunt
2566 5673 2782 5730 divinos
2832 5676 2972 5738 illos,
3024 5675 3115 5746 qui
3159 5673 3276 5730 sine
3314 5672 3422 5728 ulla
