4230 6436
780 426 873 482 3οἾ
2061 414 2337 470 MENSIS
2370 411 2666 473 JUNIUS.

3915 418 4024 481 308

783 529 1071 583 medentur
1118 528 1375 597 pecunia,
1407 526 1658 580 Cosmum
1703 536 1758 580 et
1812 524 2195 590 Daminanum)
2234 539 2355 578 eam
2388 528 2427 582 Α

2347 542 2355 575 ι
2388 528 2427 582 Α
2460 526 2604 593 σμᾶν
2639 543 2731 578 και
2765 525 3054 595 Δαμιανδν,
3093 528 3256 596 ἡρετο
3288 528 3500 599 πρῶτον
3540 531 3711 599 αὐτὴν
3747 532 3772 584 ό
3809 534 4017 601 Ἄγιος,

788 624 1020 691 primum
1055 621 1435 690 interrogavit,
1465 618 1725 688 quidnam
1772 619 1895 670 mali
1924 628 2221 686 pateretur.
2255 616 2352 670 Illa

788 725 966 766 autem
996 712 1285 766 videbatur
1317 712 1493 782 ipsum
1528 710 1729 764 malum
1761 710 2086 773 ostendere;
2120 706 2353 761 Sanctus

788 821 917 859 vero
953 820 1123 859 unum
1149 822 1178 858 e
1214 804 1377 858 sociis
1409 805 1523 858 suis
1554 802 1780 871 alloqui,
1824 812 1877 856 et
1909 802 2090 855 dicere
2127 819 2139 853 :
2178 800 2352 870 Opor-

788 906 863 951 tet
889 897 1009 966 ejus
1030 896 1223 950 femori
1260 896 1523 949 adhibere
1556 896 1875 950 sectionem.
1916 894 1979 947 Et
2012 894 2098 947 ille
2129 893 2351 962 quidem

786 987 865 1039 sle
898 985 1043 1040 fecit.
1080 986 1273 1041 Mulier
1295 996 1502 1049 autem,
1528 995 1589 1038 ut
1620 999 1741 1053 quae
1774 983 2030 1038 dolorem
2060 982 2352 1052 quemdam

788 1088 1055 1141 senserat,
1086 1094 1117 1134 e
1144 1094 1339 1133 somno
1368 1090 1453 1134 est
1483 1080 1752 1141 excitata;
1804 1077 1939 1130 nihil
1974 1090 2105 1129 vero
2155 1089 2354 1144 cogno-

789 1172 866 1223 vit
901 1184 967 1223 ex
996 1170 1061 1223 iis
1084 1184 1204 1238 quae
1239 1185 1394 1238 passa
1427 1167 1621 1223 fuerat.
1660 1168 1796 1224 Cum
1829 1180 2013 1223 autem
2045 1168 2353 1231 diluxisset,

788 1260 854 1312 ad
887 1275 1007 1313 eam
1060 1260 1325 1314 accedens
1368 1259 1592 1323 famula,
1640 1259 1940 1329 vidensque
2007 1274 2206 1327 aquam
2254 1259 2356 1312 sub

788 1354 930 1407 iccto
951 1349 1149 1418 fusam,
1180 1351 1464 1409 arbitrata.
1497 1360 1553 1403 ut
1587 1359 1707 1404 erat
1736 1350 2047 1415 verisimile,
2089 1366 2207 1405 eam
2238 1365 2355 1404 esse

790 1440 1420 1510 urinamzexprobravit
1458 1441 1577 1509 ipsi,
1623 1442 1769 1510 quod
1825 1442 2057 1511 turpiter
2102 1441 2357 1496 indecore

789 1551 845 1587 se
877 1544 1110 1603 gereret,
1162 1542 1217 1587 et
1256 1532 1399 1602 quod
1449 1549 1628 1603 neque
1664 1534 2015 1597 surrexisset,
2062 1549 2240 1603 neque
2271 1534 2355 1587 ul-

790 1626 892 1677 lam
924 1634 1173 1679 vocasset
1197 1640 1263 1677 ex
1304 1624 1536 1688 ancillis,
1582 1626 1676 1678 sed
1710 1625 2047 1693 inquinasset
2098 1634 2153 1679 et
2180 1633 2359 1679 vestes

789 1725 842 1769 et
883 1716 1146 1787 stragula.
1197 1718 1291 1771 Illa
1339 1725 1521 1771 autem
1556 1717 1805 1787 negabat,
1844 1717 2052 1780 dicens,
2108 1731 2166 1770 se
2221 1716 2357 1769 nihil

789 1810 893 1863 tale
922 1810 1138 1864 fecisse.
1173 1809 1378 1864 Deinde
1409 1820 1616 1864 remota
1647 1810 1855 1874 tunica,
1905 1825 2028 1863 cum
2062 1810 2170 1862 visa
2212 1816 2358 1862 esset

790 1902 983 1964 sectio,
1015 1914 1069 1957 et
1095 1902 1291 1956 humor
1323 1901 1571 1963 eﬂluens,
1610 1903 1862 1971 cognitus
1891 1901 2015 1954 inde
2047 1900 2149 1954 fuit
2182 1898 2357 1953 medi-

789 2010 887 2048 cus
920 2012 932 2044 :
962 2004 1015 2048 et
1044 1995 1158 2062 ipsa
1195 2010 1324 2049 sana
1354 1994 1585 2057 exstitit,
1621 2001 1676 2047 et
1718 1992 1940 2046 domum
1986 2007 2109 2044 cum
2159 1990 2359 2059 gaudio

788 2094 873 2138 est
908 2101 1145 2139 reversa.

864 2175 1051 2229 XXIII.
1104 2177 1280 2244 Atque
1343 2177 1458 2231 haec
1501 2176 1774 2231 suﬂiciunt
1815 2177 1879 2229 ad
1927 2175 2357 2247 cognoscendam

789 2270 1017 2339 gratiam
1049 2285 1169 2338 qua:
1194 2284 1388 2339 magno
1423 2268 1707 2339 Sampsoni
1739 2270 1863 2325 data
1894 2270 2013 2323 fuit.
2046 2268 2184 2335 Quid
2211 2268 2357 2322 enim

793 2370 876 2432 (ut
910 2373 996 2417 est
1025 2363 1078 2415 in
1121 2361 1404 2432 tragoedia)
1446 2378 1736 2417 numerare
1782 2371 1998 2431 Oportet
2048 2365 2362 2416 innumera-

791 2454 921 2508 bilia
952 2453 1101 2521 (22)?
1125 2451 1340 2506 Etenim
1368 2451 1548 2522 qualia
1576 2455 1716 2507 facta
1750 2462 1899 2516 sunt,
1935 2467 2212 2522 nunquam
2241 2467 2360 2505 ces-

792 2554 917 2597 sant
952 2544 1093 2605 fieri,
1142 2541 1238 2597 sed
1278 2542 1563 2596 ﬂuminum
1620 2545 1791 2597 instar
1824 2559 1880 2596 se
1928 2543 2164 2605 habent;
2198 2554 2361 2609 atque

794 2636 920 2691 ideo
952 2636 1277 2690 miraculum
1322 2650 1491 2689 unum
1532 2634 1733 2690 suﬂlcit
1780 2650 1877 2703 pro
1920 2633 2195 2697 omnibus,
2241 2643 2360 2686 tan-

793 2744 957 2799 quam
1012 2728 1215 2783 ﬂumen
1263 2728 1528 2782 divinitus
1585 2728 1779 2787 ﬂuens,
1839 2726 1983 2793 quod
2024 2726 2273 2795 procedit
2332 2740 2361 2778 e

794 2820 1049 2890 sepulcro
1090 2819 1194 2872 viri
1244 2820 1440 2883 sancti,
1470 2827 1524 2871 et
1554 2818 1797 2886 quotidie
1829 2818 2005 2871 oritur
2042 2827 2297 2886 tanquam
2333 2832 2363 2868 e

794 2914 967 2966 fonte.
998 2911 1252 2967 Procedit
1278 2923 1461 2967 autem
1495 2928 1602 2966 non
1630 2927 1845 2979 semper
1878 2931 1891 2965 :
1928 2912 2021 2964 sed
2048 2910 2234 2977 paucis
2258 2910 2366 2962 die-

794 3007 898 3058 bus
935 3012 1061 3057 ante
1110 3003 1311 3057 festum
1343 3002 1736 3070 Thaumaturgi
1782 3002 2003 3070 quidam
2049 3000 2216 3054 veluti
2261 3000 2365 3053 hu-

796 3110 915 3147 mor
938 3105 1185 3163 apparet,
1219 3095 1312 3163 qui
1352 3092 1552 3151 deinde
1579 3093 1839 3163 paulatim
1888 3103 2141 3164 augetur,
2173 3103 2229 3148 et
2276 3108 2364 3146 re-

2455 618 2507 670 τι
2532 618 2596 671 ἂν
2623 620 2713 671 καὶ
2749 620 3028 687 πάσχουσα
3056 620 3165 689 εἴη.
3207 619 3272 673 Ἠ
3304 620 3361 673 δὲ
3392 621 3769 677 ὖποῐεικνύναι
3809 625 4020 679 ἐδόκειο

2459 714 2551 764 καὶ
2583 714 2610 763 ὁ
2640 713 2828 776 ’Ἄγιος
2850 713 2927 764 ἑνὶ
2951 713 3153 765 τούτων
3174 712 3494 779 προσλαϐὼν
3526 716 3851 783 ὑπεφαίνετο
3870 733 3882 745 ·
3914 719 4018 771 Το-

2460 804 2565 873 μὴν
2596 806 2759 870 αὐτῆς
2788 805 2865 855 δεῖ
2892 804 2967 872 τῷ
2995 805 3152 874 μηρῷ
3184 807 3474 859 ἐπιθεῖναι.
3507 807 3613 858 Καὶ
3652 810 3679 860 ό
3713 809 3811 875 μὲν
3852 809 4020 873 οὕτως

2457 896 2649 949 ἐποίει.
2684 894 2747 947 Ἦ
2771 895 3049 964 δὲ,ῶσπερ
3081 896 3268 963 ὀδύνης
3294 898 3586 967 αἰσθομένη
3617 900 3779 959 τινὸς.
3813 900 4006 954 διυπνί-

2458 989 2603 1051 ζετο,
2641 985 2782 1053 ἔγνω
2809 986 2866 1038 δὲ
2896 986 3045 1038 οὐδὲν
3072 981 3145 1040 ὧν
3173 987 3453 1041 πέπονθεν.
3504 990 3588 1050 Ὠς
3618 990 3671 1041 δὲ
3711 991 3803 1042 καὶ
3835 992 4020 1059 ἡμέρα

2458 1072 2541 1145 ἦν,
2574 1080 2606 1146 ἡ
2648 1076 2911 1147 ὑπηρέτις
2945 1078 3080 1147 αὐτῇ
3114 1080 3497 1146 προσελθοῦσα,
3534 1082 3625 1132 καὶ
3656 1080 3799 1150 ὕδωρ
3834 1082 3937 1135 ὑπὸ
3958 1086 4020 1149 τῇ

2458 1167 2611 1239 κλίνῃ
2641 1169 2940 1238 κεχυμένον
2974 1169 3174 1231 ἰδοῦσα,
3212 1170 3376 1237 οὐράν
3406 1187 3461 1222 τε
3496 1172 3626 1223 αὐτὸ
3658 1167 3822 1235 εἶναι,
3852 1174 3927 1234 ὠς
3965 1176 4023 1224 τὸ

2459 1262 2626 1323 εἰκὸς,
2656 1260 2920 1330 οῑηΘεῐσα,
2962 1260 3022 1312 τὸ
3053 1261 3293 1328 ἄκοσμον
3316 1262 3451 1330 αὐτῇ
3483 1261 3749 1324 ὠνείδιζε,
3775 1263 3869 1314 καὶ
3898 1264 4025 1314 ἁτε-

2460 1353 2600 1421 χνῶς
2622 1352 2889 1422 ἄσχημον,
2918 1354 2995 1404 ὅτι
3032 1352 3105 1421 μὴ
3135 1352 3355 1421 ἀνέστη,
3398 1355 3491 1403 καὶ
3527 1352 3599 1422 μὴ
3628 1354 3853 1405 ἐκάλεσε
3920 1369 4023 1421 μη-

2458 1445 2651 1512 δεμίαν
2712 1443 2816 1496 τῶν
2848 1443 3323 1513 ὑπηρετουμένων,
3382 1442 3514 1495 ἀλλὰ
3562 1445 3655 1495 καὶ
3708 1445 3774 1495 τά
3832 1444 4024 1511 ἱμάτια

2461 1536 2696 1604 ᾔσχυνεν
2737 1534 2878 1587 οὕτω
2914 1534 3050 1604 μετὰ
3083 1534 3189 1587 τῶν
3223 1535 3581 1603 στρωμάτων.
3630 1535 3691 1586 ’11
3724 1535 3778 1585 δὲ
3812 1536 4026 1603 ἠρνεῖτο

2465 1626 2632 1694 μηδὲν
2700 1623 2937 1677 τοιοῦτον
3004 1624 3325 1694 εἰργάσθαι,
3385 1623 3621 1689 λέγουσι
3663 1639 3677 1653 ο
3720 1624 4020 1693 Μηδαμῶς.

2466 1718 2698 1770 Ἔπειτα
2764 1718 2855 1769 τοῦ
2904 1716 3127 1785 χιτῶνος
3162 1716 3574 1777 άνασταλέντος,
3613 1714 3712 1784 τῆς
3747 1715 3920 1783 τομῆς
3967 1732 4023 1767 τε

2462 1810 2833 1876 διαφανείσης,
2867 1809 2958 1859 καὶ
2978 1807 3071 1859 τοῦ
3101 1809 3268 1875 ὑγροῦ
3300 1806 3717 1876 καταρρέοντος,
3746 1808 3773 1857 ὁ
3805 1807 3905 1874 μὲν
3944 1807 4023 1858 la-

2463 1902 2586 1969 τρδς
2636 1900 2791 1970 δῆλος
2824 1896 2913 1969 ἦν,
2955 1901 3093 1969 αὐτή
3122 1917 3178 1952 τε
3209 1900 3365 1968 ὑγιὴς
3396 1899 3691 1963 ἐδείκνυτο,
3722 1900 3815 1951 καὶ
3845 1898 4026 1951 οἴκαδε

2464 1992 2644 2055 καλῶς
2670 1993 3026 2063 ἐπανήρχετο.

2532 2194 2656 2250 ΚΓ.
2704 2197 2891 2265 Ἀρκεῖ
2907 2197 3115 2257 τούτοις
3137 2195 3404 2263 γεύματος
3432 2195 3527 2263 τὴν
3558 2194 3683 2263 ὅλην
3710 2192 4034 2261 ἀποδειχθῆ-

2464 2306 2550 2342 ναι
2576 2287 2670 2339 τοῦ
2700 2286 2953 2353 Μεγάλου
2977 2287 3156 2354 χάριν.
3187 2288 3250 2337 Τί
3276 2288 3403 2356 γὰρ,
3432 2291 3568 2339 κατὰ
3590 2286 3687 2356 τὴν
3707 2284 4033 2355 τραγῳδίαν,

2464 2380 2815 2450 ἁναρὶθμητα
2873 2378 3253 2447 μετρήσασθαι
3289 2379 3403 2441 δεῖς
3461 2381 3552 2430 καὶ
3612 2380 3722 2446 γὰρ
3779 2378 4034 2429 οὐδέποτε

2465 2472 2635 2524 ταῦτα
2677 2471 2944 2539 λεγόμενα
2986 2468 3277 2538 λήγουσιν·
3317 2468 3450 2520 ἀλλὰ
3485 2473 3594 2531 τοῖς
3630 2471 3735 2519 τῶν
3769 2467 4033 2534 ποταμῶν

2467 2566 2730 2633 ῥεύμασιν
2757 2562 2971 2632 ἔχουσιν
2996 2560 3197 2631 ὁμοξως
3218 2577 3229 2589 ·
3258 2561 3432 2622 ἄλλως
3458 2560 3510 2612 δέ
3544 2577 3599 2612 τε
3646 2560 3741 2611 καὶ
3767 2559 3885 2619 ἑνὸς
3916 2557 4035 2611 ἀντὶ

2465 2657 2683 2710 πάντων
2713 2655 3032 2726 ἀρκοῦντος,
3059 2654 3149 2707 τοῦ
3182 2654 3495 2724 θεορῤύτου,
3526 2654 3687 2721 φημὶ,
3716 2651 3977 2719 νάματος,
4009 2650 4033 2698 ὃ

2466 2752 2681 2819 πρόεισι
2725 2750 2823 2817 μὲν
2859 2749 2949 2799 τοῦ
2976 2748 3168 2813 τάφου,
3208 2749 3300 2799 καὶ
3330 2748 3516 2799 τοῦτον
3558 2746 3668 2815 ἔχει
3696 2745 3912 2813 γένεσιν
3943 2746 4036 2796 καὶ

2472 2842 2651 2908 πηγήν
2680 2854 2691 2865 ⁸
2728 2836 2938 2905 πρόεισι
2980 2835 3035 2886 δὲ
3065 2836 3162 2886 οὐκ
3192 2836 3297 2895 ἀεὶ,
3322 2837 3433 2887 ἀλλ’
3464 2837 3672 2903 ὀλίγαις
3707 2839 3804 2903 μὲν
3835 2836 4024 2902 πρότε-

2472 2947 2562 2999 ρον
2594 2930 2826 2999 ἡμέραις
2858 2928 2955 2996 τῆς
2999 2926 3089 2979 τοῦ
3131 2926 3544 2995 Θαυματουργοῦ
3578 2928 3791 2996 ἑορτῆς,
3824 2920 3911 2977 οἷα
3948 2941 4033 2976 νο-

2468 3023 2545 3082 τὶς
2577 3019 2967 3087 ὑποφαίνεται·
3008 3018 3201 3068 ἔπειτα
3238 3016 3329 3068 καὶ
3362 3016 3421 3067 τὸ
3459 3015 3637 3083 ὀλίγον
3670 3014 3913 3079 αὔξεται,
3942 3015 4037 3065 καὶ

2469 3112 2711 3178 διαμένει
2744 3111 2881 3178 μετὰ
2911 3109 3005 3177 τὴν
3038 3110 3251 3177 ἑορτὴν,
3284 3109 3481 3162 οὑτωσὶ
3520 3107 3781 3177 πηγάζον,
3815 3105 3919 3166 ἓως
3944 3105 4036 3158 καί

797 3196 980 3240 manet
1025 3196 1152 3255 post
1191 3185 1414 3251 festum,
1446 3186 1526 3242 sic
1562 3188 1894 3247 scaturiens,
1947 3186 2121 3239 donec
2162 3186 2367 3252 aliquot
2396 3205 2437 3260 ς

2396 3205 2437 3260 C
2471 3217 2611 3262 τινες
2648 3200 2850 3271 ἡμέραι
2881 3200 3220 3270 παρέλθοιεν,
3260 3195 3379 3254 εἶτα
3418 3203 3673 3253 παύεται.
3706 3199 3851 3267 Πλὴν
3884 3192 4040 3265 οἶμαι

794 3280 911 3332 dies
934 3278 1302 3346 preterierint
1336 3296 1347 3331 :
1382 3277 1583 3333 deinde
1619 3286 1815 3332 cessat.
1836 3277 2012 3344 Atque
2046 3273 2149 3328 hoc
2182 3274 2363 3341 modo,

797 3379 854 3424 ut
882 3371 1101 3437 opinor,
1141 3369 1333 3437 majori
1384 3376 1469 3422 est
1511 3368 1566 3421 in
1620 3367 1827 3423 honore
1868 3378 1923 3423 et
1979 3367 2362 3433 admiratione,

797 3478 957 3531 quam
992 3462 1034 3515 si
1063 3468 1327 3530 perpetuo
1357 3459 1572 3516 ﬂueret.
1602 3457 1869 3527 Quonlam
1896 3461 1973 3515 sic
1996 3476 2214 3515 servare
2249 3474 2367 3514 cer-

797 3566 930 3610 tum.
967 3562 1019 3607 et
1054 3566 1335 3620 nunquam
1361 3551 1623 3605 aberrans
1650 3562 1865 3619 tempus
1897 3551 2101 3605 ﬂuendi
2136 3561 2196 3603 et
2231 3549 2365 3603 defi-

797 3643 997 3709 ciendi,
1042 3652 1404 3712 praterquam
1438 3642 1584 3713 quod
1618 3641 1671 3696 id
1709 3643 1916 3714 gratius
1966 3652 2022 3697 et
2067 3642 2367 3697 admirabi-

797 3740 902 3793 lius
931 3740 1019 3800 sit,
1053 3749 1135 3793 est
1166 3738 1333 3793 etiam
1359 3739 1530 3808 magis
1553 3739 1885 3792 venerabile.
1926 3736 2079 3803 Quod
2111 3737 2258 3792 enim
2282 3748 2365 3791 est

799 3840 1148 3897 perpetuum,
1181 3830 1339 3883 aﬂert
1369 3830 1603 3883 fortasse
1633 3829 1798 3882 etiam
1824 3829 2168 3891 satietatem;
2202 3829 2365 3880 satie-

801 3934 883 3976 tas
905 3931 1086 3977 autem
1121 3922 1334 3977 inducit
1358 3925 1848 3992 contemptionem.

868 4016 1049 4071 XXIV.
1087 4017 1198 4071 Hoc
1223 4026 1327 4080 est,
1353 4016 1499 4085 quod
1529 4016 1625 4069 tibi
1657 4030 1685 4067 a
1707 4015 1864 4068 nobis
1890 4015 2117 4068 oﬂ'ertur
2136 4015 2362 4075 donum,

800 4110 1032 4162 maxime
1061 4109 1220 4162 Pater
1258 4108 1547 4176 Sampson,
1596 4106 1785 4161 nescio
1822 4105 2065 4175 quidem,
2106 4120 2173 4159 an
2198 4121 2261 4159 ex
2287 4105 2365 4157 tul

801 4200 968 4257 animi
996 4200 1291 4264 sententia,
1349 4199 1444 4255 sed
1496 4210 1643 4255 certe
1694 4213 1794 4269 pro
1865 4198 2067 4253 nostris
2133 4197 2365 4252 viribus.

800 4298 956 4363 Quod
992 4296 1214 4366 quidem
1255 4295 1491 4366 benigne
1531 4305 1585 4350 et
1623 4295 1835 4365 placide
1882 4295 2135 4365 accipias,
2176 4295 2266 4365 qui
2311 4309 2369 4348 es

801 4389 1228 4459 benignissimus
1270 4407 1281 4440 :
1330 4390 1759 4457 morborumque
1806 4398 2153 4448 nostrorum,
2206 4397 2368 4457 atque

803 4482 925 4534 ideo
954 4482 1148 4534 animae
1182 4482 1383 4549 petius,
1416 4496 1578 4549 quam
1617 4482 1887 4549 corporis,
1927 4481 2105 4534 bonus
2145 4482 2220 4532 sis
2262 4496 2369 4532 τηε-

801 4571 981 4635 dicus,
1014 4570 1126 4625 dux
1147 4580 1201 4627 et
1228 4580 1413 4626 custos
1450 4573 1617 4626 totius
1658 4583 1859 4627 nostra:
1900 4573 2043 4636 vitae,
2088 4571 2366 4627 Christum

802 4664 1039 4719 reddens
1065 4666 1198 4717 mihi
1228 4667 1547 4735 propitium.
1595 4666 1767 4729 Quem
1802 4668 1918 4735 ipse
1964 4666 2185 4735 quidem
2232 4667 2365 4719 insi-

802 4756 983 4824 gniter
1033 4751 1292 4821 dilexisti,
1343 4772 1443 4826 ego
1484 4768 1665 4810 autem
1717 4768 2067 4824 peccatorum
2117 4758 2367 4810 multitu-

802 4848 951 4911 dine,
991 4848 1077 4903 hei
1110 4849 1262 4909 mihi,
1291 4850 1579 4918 plusquam
1609 4849 1713 4903 dici
1754 4849 1947 4917 possit,
1980 4850 2273 4919 provocari
2301 4849 2367 4902 ad

804 4940 943 4991 iram
974 4955 987 4985 ι
1018 4954 1180 5007 quem
1211 4941 1369 4997 decet
1399 4942 1576 4995 omnis
1602 4943 1791 5010 gloria,
1827 4942 2004 4995 honor
2032 4952 2087 4995 et
2120 4942 2369 4996 adoratio

804 5045 950 5085 nunc
1029 5042 1083 5085 et
1156 5047 1407 5099 semper,
1478 5044 1531 5087 et
1608 5039 1658 5085 in
1743 5035 1941 5086 saecula
2026 5034 2369 5089 saeculorum.

806 5126 1004 5178 Amen.

879 5305 1117 5375 (22)]iis
1146 5306 1419 5359 annotatis
1442 5309 1661 5359 minime
1696 5316 1984 5361 contentus
2014 5307 2206 5359 fuisset
2238 5322 2363 5359 eru-

805 5372 953 5429 ditus
990 5372 1424 5440 Commentator,
1459 5376 1551 5429 sed
1588 5392 1806 5445 quoque
1837 5393 2030 5431 novam
2056 5375 2362 5430 versionem

807 5446 1085 5516 adornare
1127 5445 1414 5512 voluisset,
1468 5447 1511 5500 si
1558 5462 1654 5516 per
1710 5447 1873 5501 vitam
1920 5448 2201 5510 licuisset;
2246 5461 2368 5515 qua

807 5516 989 5570 versio
1020 5515 1201 5570 minus
1224 5532 1414 5638 presse
1439 5515 1710 5573 inhaerens
1738 5517 2047 5573 Graecorum
2080 5518 2372 5571 verborum

807 5586 1011 5638 ordini.
1037 5597 1089 5638 et
1124 5602 1220 5638 uer
1245 5587 1365 5638 odis
1396 5600 1571 5638 usque
1601 5589 1667 5638 ad
1707 5588 1982 5638 fastidium
2019 5588 2232 5638 aurium
2272 5586 2372 5638 La-

803 5586 1011 5645 ordini,
1037 5597 1089 5639 et
1123 5586 1365 5655 periodis
1396 5600 1571 5656 usque
1601 5589 1667 5641 ad
1707 5588 1982 5642 fastidium
2019 5588 2232 5641 aurium
2272 5586 2373 5641 La-

810 5657 1054 5709 tinarum
1097 5657 1350 5723 prolixit:
1400 5659 1570 5714 multo
1618 5658 1818 5713 clarius
1863 5659 2205 5715 exhibuisset
2239 5672 2369 5712 sen-

2469 3293 2639 3363 ταύτῃ
2670 3292 3081 3361 Θαυμαζόμενον
3126 3293 3221 3346 καὶ
3250 3295 3592 3360 τιμιώτερον,
3623 3292 3652 3357 ἢ
3691 3293 3737 3341 εἰ
3776 3286 4033 3356 διηνεκῶς

2471 3386 2563 3437 καὶ
2601 3386 2849 3454 ἀλήκτως
2878 3386 3102 3436 διετέλει
3140 3385 3260 3453 ῥέον
3282 3400 3294 3413 ο
3330 3384 3451 3433 ἐπεὶ
3475 3383 3598 3448 τόγε
3630 3382 3913 3447 συντηρεῖν
3941 3376 4030 3430 οὔ-

2470 3492 2578 3537 τως
2607 3473 2821 3540 ἀπλανῆ
2864 3489 2919 3523 τε
2955 3472 3047 3524 καὶ
3086 3472 3441 3539 ἀδιάψευστον
3474 3470 3564 3521 τὸν
3589 3466 3777 3538 καιρὸν
3809 3466 3900 3519 τὸν
3938 3466 4040 3525 τῆς

2470 3566 2756 3635 ἐπιρροῆς,
2805 3564 2968 3633 φημὶ,
3012 3564 3105 3617 κα)⁸
3160 3562 3250 3615 τὸν
3295 3564 3392 3631 τῆς
3441 3561 3732 3630 ἐκλείψεως
3766 3559 3905 3626 μετὰ
3942 3554 4038 3608 τοῦ

2473 3656 2920 3727 θαυμασιώτερον
2972 3657 3065 3709 καὶ
3110 3655 3460 3725 χαριέστερον
3490 3648 3649 3712 εἶναι,
3691 3651 3889 3719 μᾶλλον
3922 3652 4037 3701 ἐστι

2472 3749 2565 3801 καὶ
2630 3748 3104 3817 σεδασμιώτερον·
3158 3750 3216 3797 τὸ
3266 3748 3371 3811 γὰρ
3439 3744 3680 3812 διηνεκὲς
3758 3743 3885 3800 ἴσως
3945 3739 4039 3790 καὶ

2473 3839 2805 3907 προσκορές·
2847 3841 2873 3889 ὀ
2926 3839 2979 3888 δὲ
3041 3836 3196 3903 κόρος
3255 3837 3481 3903 πρᾶγμα
3546 3834 3709 3900 φέρον
3756 3832 3830 3890 εις
3871 3846 4041 3881 κατα-

2474 3930 2757 3998 φρόνησιν.

2544 4017 2667 4072 KA'.
2706 4016 2873 4071 Τοῦτό
2912 4036 2989 4071 τοι
3025 4018 3082 4070 τὸ
3125 4019 3253 4086 παρ’
3292 4016 3445 4086 ἡμῶν
3482 4015 3890 4086 προσαγόμενον
3934 4007 4039 4059 δώ·

2477 4133 2645 4186 ρημα,
2690 4116 2912 4184 μέγιστε
2961 4114 3210 4183 Πατρῶν,
3260 4112 3639 4180 Σαμψὼν,ούκ
3681 4104 3795 4162 οἶδα
3827 4108 3948 4177 μὲν,
3993 4109 4040 4157 ει

2474 4206 2615 4259 κατὰ
2642 4206 2867 4272 γνώμην
2894 4204 2992 4273 τὴν
3023 4205 3145 4271 σὴν,
3179 4207 3319 4255 κατὰ
3348 4202 3581 4269 δύναμιν
3610 4202 3665 4251 δὲ
3700 4203 3915 4262 πάντως
3942 4199 4039 4269 τὴν

2474 4298 2768 4370 ἡμετέραν,
2799 4298 2825 4349 ὃ
2856 4299 2946 4349 κσιί
2977 4296 3150 4366 δέχοιο
3177 4292 3461 4364 προσηνῶς
3504 4307 3561 4343 τε
3602 4291 3694 4342 καὶ
3737 4289 4041 4358 φιλανθρώι

2474 4408 2610 4457 πως,
2650 4393 2676 4441 ὁ
2704 4389 2975 4457 πανταχοῦ
3008 4387 3409 4457 φιλάνθρωπος,
3458 4380 3682 4436 καὶτῶν
3722 4378 3910 4432 παθῶν
3949 4381 4043 4432 καὶ

2476 4484 2649 4533 νόσων
2688 4481 2794 4531 τῶν
2828 4481 3133 4549 ἡμετέρων,
3170 4480 3259 4531 καὶ
3292 4479 3491 4547 μᾶλλον
3530 4475 3637 4528 τῶν
3664 4472 3931 4544 ψυχικῶν,
3964 4473 4042 4523 ια-

2408 4536 2449 4588 D
2476 4572 2604 4641 τρδς
2650 4573 2763 4641 εἴης
2805 4536 3061 4644 χρηστὸς,
3105 4536 3328 4640 ἡγεμὼυν
3369 4568 3463 4620 καὶ
3494 4536 3906 4636 φύλαξυπαντδς
3949 4562 4041 4615 τοῦ

2478 4667 2597 4718 καθ’
2627 4668 2772 4735 ἡμᾶς
2820 4666 2967 4735 βίου·
3005 4664 3159 4717 ἴὶεὼν
3197 4681 3284 4732 μοι
3328 4662 3495 4724 τιθεὶς
3539 4662 3630 4713 τὸν
3674 4658 3933 4728 Χριστὸν,
3984 4656 4041 4708 ὃν

2472 4759 2631 4820 αὐτὸς
2686 4760 2781 4827 μὲν
2824 4758 3187 4824 διαφερόντως
3232 4756 3549 4823 ἠγάπησας,
3584 4749 3694 4818 ἐγὼ
3734 4750 3789 4803 δὲ
3843 4749 4040 4817 πλήθει

2475 4850 2777 4919 ἁμαρτιῶν,
2812 4847 2977 4916 οἴμοι,
3009 4847 3313 4915 ἁδιηγήτως
3360 4844 3713 4911 παρώργισα’
3763 4834 3807 4906 ᾧ
3838 4839 4042 4907 πρέπει

2476 4943 2624 4994 πᾶσα
2645 4941 2790 5006 δόξα,
2827 4942 2955 5009 τιμὴ
2989 4942 3080 4992 καί
3112 4939 3498 5007 προσκύνησις,
3532 4935 3627 4987 νῦν
3668 4936 3762 4987 καὶ
3800 4936 3911 4997 de‘,
3952 4932 4046 4984 καὶ

2479 5035 2557 5095 εἰς
2582 5034 2705 5095 τοὺς
2736 5033 2932 5095 αἰῶνας
2963 5032 3069 5084 τῶν
3097 5030 3322 5083 αἰώνων.
3373 5032 3565 5097 ⁹Λμήν.

2474 5323 2599 5361 sum
2627 5308 2884 5366 auctOris,
2932 5308 3211 5376 magisque
3244 5304 3497 5356 intercisa
3524 5301 3722 5376 ‘minus
3760 5298 4046 5376 fatigasset

2475 5376 2758 5430 lectorem.
2804 5377 2907 5429 Sed
2938 5371 3082 5445 quod
3118 5371 3204 5428 hic
3240 5391 3348 5427 non
3385 5373 3581 5445 potuit,
3606 5379 3801 5439 morte
3850 5371 4045 5445 imma-

2478 5456 2598 5500 tura
2622 5438 2968 5515 preveniente
2992 5465 3005 5510 ;
3037 5460 3212 5515 neque
3230 5459 3327 5497 nos
3360 5438 3520 5517 modo
3547 5438 3861 5509 pussumus.
3890 5438 4045 5517 prelo

2482 5509 2703 5587 moram
2724 5532 2832 5569 non
2863 5509 3069 5570 ferente
3099 5509 3405 5587 {quamvis
3447 5523 3626 5566 tamen
3661 5522 3862 5587 negare
3899 5509 4044 5587 noli-

2481 5602 2620 5648 mus,
2658 5586 2812 5655 plura
2868 5587 3031 5639 etiam
3080 5580 3188 5639 nos
3234 5585 3287 5637 in
3342 5591 3491 5637 textu
3538 5580 3859 5635 emendasse
3905 5580 4045 5633 inter

2480 5656 2860 5727 corrigendum
2896 5656 3295 5725 typothetarum
3330 5663 3527 5707 errata.
