4230 6436
165 443 273 502 309

1147 427 1321 489 VITA
1360 426 1416 485 S.
1460 419 1838 483 STEPHANI
1883 417 1973 476 ET
2018 414 2430 477 SOClORUM.

3338 403 3454 465 310

176 590 3441 644 ω

923 811 1706 992 MENSIS
1840 803 2656 986 JULIUS.

313 1343 492 1454 DE
574 1338 772 1453 SS.
872 1335 1622 1448 STEPHANO
1707 1327 2395 1445 EPISCOPO
2490 1320 3263 1439 RHEGIENSI

1488 1572 1637 1660 ΕΤ
1705 1568 2124 1668 SOCIIS,

706 1771 962 1833 SUERA
995 1768 1405 1843 EPISCOPO,
1435 1764 1779 1833 AGNETE,
1815 1763 2292 1826 FELICITATE
2328 1763 2431 1824 ΕΤ
2484 1761 2903 1826 PERPETUA

1011 1913 1574 1973 MARTYRIBUS
1629 1910 1930 1968 RHEGII
1990 1910 2070 1966 IN
2113 1909 2596 1967 .CALABRIA.

1189 2049 1328 2111 (Julii
1357 2051 1439 2099 die
1466 2051 1495 2098 5
1527 2050 1648 2098 Acta
1673 2048 1763 2096 SS.
1785 2045 2009 2095 Bolland.
2036 2047 2096 2096 ad
2117 2047 2244 2097 hanc
2267 2046 2444 2107 diem.)

271 2346 320 2396 1.
360 2341 612 2395 Notiores
653 2337 786 2392 olim
829 2337 982 2392 fuere
1022 2337 1079 2391 hi
1119 2338 1293 2392 sancti
1333 2336 1479 2406 apud
1525 2337 1764 2403 Graecos,
1794 2337 2187 2408 Aepiscopum
2240 2336 2563 2404 Bovensem,
2596 2335 2689 2408 qui
2737 2336 3114 2408 suffraganeus
3153 2347 3236 2393 est
3288 2340 3435 2397 Rhe-

199 2449 363 2503 quam
407 2432 548 2501 apud
584 2430 830 2486 Latinos.
865 2431 1234 2485 Meminerunt
1265 2446 1456 2486 eorum
1501 2431 1763 2485 nonnulla

195 2526 400 2579 Dionaea
437 2525 580 2594 apud
622 2541 742 2590 nos,
777 2526 1179 2582 Chiﬂletianum
1224 2534 1388 2593 atque
1420 2524 1764 2579 Sirmundia-

195 2633 370 2682 num;
425 2633 658 2687 quorum
715 2617 845 2669 illud
908 2616 998 2668 die
1043 2632 1073 2668 ν
1116 2615 1246 2668 Julii
1289 2615 1420 2684 legit
1450 2633 1463 2667 :
1493 2616 1766 2682 Στεφάνου

198 2708 450 2778 Κάλαὸρ.
487 2711 576 2760 καὶ
604 2707 710 2759 τῶν
754 2708 850 2758 σὺν
899 2707 1046 2776 αὑτῷ
1078 2722 1092 2738 ·
1140 2705 1254 2762 Hoc
1283 2722 1412 2761 vero
1442 2707 1634 2762 eodem
1678 2707 1767 2762 die

197 2800 365 2869 paulo
399 2799 718 2866 explicatius
765 2820 774 2852 :
816 2799 924 2851 Τοῦ
952 2800 1106 2868 ἁγίου
1142 2802 1434 2872 Μάρτυρος
1470 2802 1768 2869 Στεφάνου,

201 2888 298 2940 τοῦ
345 2887 426 2949 εἰς
474 2889 535 2939 τὸ
581 2888 799 2958 Ῥήγιον
842 2891 1156 2959 Καλαόρτας
1197 2894 1468 2958 κειμένου,
1516 2894 1610 2944 καὶ
1656 2894 1766 2945 τῶν

202 2981 302 3033 σὺν
339 2981 488 3051 αὑτῷ
518 2984 686 3050 ἁγίων
712 2986 1205 3053 μαρτυρησάντων·
1249 3004 1265 3038 1
1295 2985 1476 3041 Sancti
1508 2983 1768 3055 Stephani

203 3074 483 3139 martyris,
519 3074 608 3140 qui
630 3074 773 3141 jacet
803 3073 993 3142 Rhegii
1027 3075 1081 3127 in
1120 3075 1388 3140 Calabria,
1415 3077 1772 3142 etsociorum

198 3161 326 3229 ejus
383 3169 730 3222 sanctorum,
787 3163 878 3231 qui
942 3179 1067 3217 cum
1125 3180 1191 3219 eo
1251 3169 1572 3238 martyrium
1639 3169 1773 3222 sub-

203 3254 416 3305 ierunt.
461 3271 480 3302 1
513 3252 792 3307 Monachis
813 3270 1030 3324 quoque
1051 3256 1264 3327 Cryptae
1284 3259 1538 3323 Ferrataa,
1575 3270 1629 3316 et
1656 3263 1775 3317 aliis

203 3344 599 3400 ecclesiasticis
634 3346 804 3401 Graeci
844 3351 1001 3415 ritus,
1040 3352 1429 3409 celebrandum
1462 3355 1655 3411 eodem
1687 3357 1774 3411 die

207 3439 588 3506 praescribitur
634 3437 854 3507 festum,
886 3442 992 3494 Τοῦ
1033 3444 1189 3510 ἁγίου
1214 3441 1509 3515 ’Στεφάνου
1556 3449 1777 3517 καὶτῆς

209 3531 462 3590 συνοδίας
495 3531 680 3586 αὑτοῦ.
723 3531 930 3588 Similia
975 3536 1177 3590 habent
1222 3538 1422 3593 Mcnara
1461 3541 1646 3596 Graeca
1698 3542 1778 3596 hi-

210 3620 503 3675 hliothecze
528 3622 833 3691 Vaticana;
861 3634 914 3680 et
942 3627 1072 3682 alibi
1104 3629 1204 3682 alia
1225 3629 1381 3684 facile
1409 3632 1777 3700 invenientur,

212 3727 340 3780 qua:
372 3713 502 3766 mihi
534 3719 643 3768 visa
678 3732 785 3770 non
815 3729 961 3782 sunt,
995 3735 1222 3788 quzeque
1251 3723 1360 3789 jam
1395 3724 1539 3777 dicta
1586 3735 1780 3792 potue-

217 3812 351 3857 runt
383 3806 728 3860 confirmare.

288 3895 346 3947 2.
383 3895 540 3949 Nulla
575 3905 756 3951 tamen
800 3899 943 3968 apud
979 3900 1371 3972 Martyrologos
1400 3904 1622 3961 Latinos
1661 3907 1782 3962 Ste-

219 3984 387 4052 phani
427 3986 590 4056 hujus
622 3997 677 4042 et
709 3991 984 4044 sociorum
1018 4005 1318 4063 martyrum
1359 4008 1533 4052 exstat
1579 4017 1784 4056 memo-

217 4075 320 4127 ria.
351 4075 503 4138 Quod
530 4077 788 4132 indicium
816 4094 936 4137 esse
966 4087 1155 4151 possit,
1186 4102 1292 4141 non
1324 4089 1460 4144 adeo
1488 4091 1784 4159 celebrem,

217 4172 551 4240 scriptorum
578 4176 794 4230 illorum
825 4184 1184 4250 temporibus.
1211 4187 1448 4255 viguisse
1488 4191 1693 4243 cultum
1732 4192 1785 4245 in

218 4261 467 4320 Ecclesia
486 4265 696 4323 Latina.
720 4275 897 4340 Atque
927 4273 1055 4327 hinc
1088 4276 1286 4329 factum
1309 4278 1401 4339 sit,
1435 4279 1492 4331 ut
1521 4278 1788 4349 [111081011-

221 4353 300 4406 sis
347 4357 808 4428 archiepiscopus,
842 4364 1073 4417 Annibal
1117 4366 1181 4419 de
1222 4366 1469 4435 Afﬂictis,
1503 4371 1584 4422 vir
1621 4373 1787 4426 multa

221 4448 588 4504 sanctimonia
618 4453 820 4529 clarus,
852 4454 1012 4511 initio
1047 4460 1232 4514 saaeuli
1263 4463 1562 4529 superioris
1586 4466 1790 4532 suppli-

219 4542 436 4592 caverit
490 4542 900 4614 congregationi
959 4566 1241 4604 sacrorum
1300 4553 1526 4607 Rituum
1582 4557 1786 4620 Romae,

221 4639 336 4691 quo
399 4645 417 4676 1
457 4628 561 4681 sibi
616 4631 836 4701 suisque
883 4634 1276 4706 Rhegiensibus
1333 4638 1558 4695 facultas
1611 4641 1786 4705 fieret,

227 4718 449 4786 publice
473 4726 777 4792 exponendi
805 4729 1115 4798 imaginem,
1148 4730 1202 4783 S.
1233 4731 1507 4800 Stephano
1537 4736 1792 4805 episcopo

226 4822 332 4860 suo
362 4824 425 4862 ac
455 4814 698 4879 martyri,
734 4827 896 4885 atque
923 4821 1111 4875 altaria
1141 4832 1192 4874 et
1219 4825 1414 4891 templa
1451 4826 1502 4877 in
1529 4826 1789 4882 honorem

223 4899 472 4966 ejusdem
520 4904 788 4972 erigendi.
832 4925 851 4958 1
892 4909 1064 4962 Aﬂ'ert
1088 4927 1187 4980 pro
1224 4914 1426 4967 motivo
1463 4915 1584 4970 talia
1627 4918 1794 4988 impe-

1869 2428 2092 2497 giensis.

1936 2519 1988 2572 5.
2025 2520 2413 2574 Prsedictarum
2458 2519 2866 2590 Scripturarum
2908 2522 3008 2592 (uti
3050 2523 3096 2578 is
3134 2523 3306 2588 addit,
3343 2525 3437 2594 qui

1870 2608 1990 2662 illas
2043 2611 2200 2665 nobis
2250 2612 2525 2681 submisit)
2561 2615 2856 2685 archetypa
2886 2624 3237 2671 asservantur
3270 2631 3441 2684 penes

1869 2698 2133 2753 Joannem
2187 2700 2465 2756 Simonem
2524 2702 2590 2756 de
2637 2703 2938 2767 Antonillo,
2984 2703 3046 2757 U.
3081 2706 3130 2760 J.
3174 2705 3230 2759 1).
3261 2707 3436 2758 virum

1872 2789 2147 2844 eruditum
2182 2801 2236 2846 et
2266 2793 2438 2862 piutn,
2471 2801 2527 2848 et
2555 2794 2657 2863 ipsi
2695 2794 2750 2849 S.
2788 2793 3069 2865 Stephano
3105 2797 3240 2851 satis
3286 2798 3441 2851 addi-

1875 2894 2044 2949 ctum,
2085 2887 2242 2956 cujus
2274 2886 2562 2942 devotione
2603 2896 2657 2942 et
2688 2889 2945 2956 expensis
2977 2889 3236 2944 sacellum
3264 2899 3442 2944 exstat

1876 2976 2088 3042 (utique
2130 2986 2251 3043 post
2278 2989 2564 3047 acceptum
2610 2979 2698 3033 illa
2732 2979 2800 3035 de
2835 2996 2892 3035 re
2923 2997 3245 3051 responsum
3277 2998 3445 3038 sacra:

1873 3065 2324 3138 Congregationis
2356 3069 2548 3138 Roma)
2588 3081 2926 3125 exstructum
2961 3073 3014 3124 in
3040 3073 3271 3127 ecclesia
3303 3075 3446 3128 Pras-

1880 3159 2182 3214 dicatorum
2230 3160 2596 3232 S.-Stephano
2630 3161 2894 3227 dicatum,
2922 3164 2974 3218 in
3000 3179 3111 3234 quo
3142 3165 3302 3220 annis
3328 3168 3442 3220 sino

1879 3252 2018 3320 gulis
2044 3252 2366 3308 condecenti
2406 3269 2529 3308 cum
2566 3255 2967 3324 magnificentia
3009 3257 3182 3332 Missa:
3230 3257 3442 3319 sacriﬁ-

1880 3342 2022 3393 cium
2054 3351 2109 3393 ct
2137 3341 2386 3409 Vespera:
2417 3343 2643 3396 musicis
2672 3361 2795 3409 eum
2829 3346 3190 3402 concentibus
3226 3347 3446 3401 infesto

1882 3431 2066 3487 Sancti
2099 3431 2419 3485 solemnitcr
2459 3432 2822 3488 celebrantur.
2867 3437 3020 3489 Circa
3070 3437 3282 3490 iconem
3315 3453 3446 3490 vero

1883 3524 2146 3579 antistitis
2174 3523 2458 3593 Stephani,
2487 3525 2733 3594 ejusdem
2759 3536 2875 3580 acta
2901 3538 2953 3581 et
2972 3528 3288 3600 martyrium
3320 3528 3448 3584 hinc

1887 3615 2013 3670 inde
2057 3617 2245 3687 ﬁguris
2276 3630 2332 3674 et
2365 3622 2617 3675 versibus
2644 3621 3014 3681 declarantur.
3400 3618 3402 3620 ’

1955 3709 2008 3760 4.
2039 3708 2234 3760 Iisdem
2276 3710 2387 3762 fere
2420 3711 2784 3780 temporibus,
2822 3714 3023 3781 quibus
3059 3715 3243 3768 Romae
3280 3715 3447 3783 petita

1886 3812 2253 3868 conecssaque
2290 3799 2390 3855 fuit
2436 3799 2665 3857 facultas
2695 3805 3052 3859 construendi
3083 3804 3137 3860 S.
3173 3805 3451 3876 Stephano

1887 3891 2098 3955 altaria,
2131 3894 2346 3958 sacella,
2379 3896 2596 3965 templa,
2635 3898 2910 3965 impressit
2942 3899 3222 3952 Ferrarius
3249 3909 3450 3953 utrum-

1889 4000 1994 4051 que
2051 3987 2358 4057 catalogum
2409 4003 2590 4053 suum,
2621 3990 2854 4044 alterum
2896 4005 3093 4059 nempe
3134 4000 3449 4045 sanctorum

1889 4076 2074 4141 Italiae,
2110 4081 2444 4142 annoitilS,
2479 4083 2710 4133 alterum
2742 4081 2957 4134 illorum
2992 4083 3084 4150 qui
3120 4083 3171 4134 in
3205 4085 3451 4137 Romano

1891 4168 2268 4239 Martyrologio
2299 4186 2403 4223 non
2439 4170 2732 4235 habentur,
2761 4186 2904 4226 anno
2936 4171 3088 4226 1625.
3127 4172 3185 4226 ln
3219 4162 3453 4241 utroque

1890 4272 2298 4323 commemorat,
2322 4263 2408 4315 die
2437 4264 2468 4315 5
2491 4263 2642 4325 Julii,
2670 4263 2726 4316 S.
2756 4264 3224 4332 Stephanum,scd
3247 4257 3453 4331 absq'ue

1891 4352 2087 4416 sociis;
2137 4351 2189 4404 in
2247 4354 2417 4421 priori
2453 4355 2670 4423 quidem
2711 4371 2835 4409 cum
2876 4356 3054 4426 elogio
3092 4357 3195 4410 hoc
3229 4374 3242 4410 :
3279 4374 3296 4407 1
3338 4355 3460 4413 Ste-

1892 4444 2126 4512 phanus,
2163 4445 2298 4499 civis
2333 4447 2629 4516 Rheginus,
2670 4464 2698 4501 a
2730 4447 2784 4502 S.
2819 4448 2990 4502 Paulo
3031 4449 3298 4517 apostolo,
3329 4465 3453 4504 cum

1890 4553 1956 4590 ex
2015 4539 2168 4608 Syria
2224 4539 2451 4591 Romam
2507 4540 2724 4600 ductus,
2787 4539 3078 4608 Rhegium,
3139 4541 3455 4598 Brutiorum

1894 4630 2238 4698 nietropolim
2273 4631 2596 4698 appulisset.
2633 4631 2698 4685 ad
2723 4629 2999 4686 Christum
3049 4647 3367 4698 conversus,
3401 4645 3458 4688 et

1895 4724 1948 4776 in
1989 4723 2091 4776 fide
2132 4724 2456 4788 instructus,
2496 4726 2707 4792 primus
2748 4725 3117 4794 Rheginoruin
3168 4728 3458 4797 episcopus

1895 4818 1962 4870 ab
2007 4816 2196 4869 eodem
2248 4817 2492 4886 apostolo
2537 4818 2840 4868 ordinatur.
2893 4817 3020 4884 Qui,
3059 4827 3180 4887 post
3211 4820 3459 4888 Apostoli

1896 4911 2220 4976 discessum,
2252 4912 2380 4965 dum
2406 4926 2604 4966 munus
2644 4911 2955 4982 episcopale
2983 4914 3332 4981 przedicando
3360 4917 3461 4971 im-

225 4991 434 5052 trandi,
464 4996 609 5060 quod
643 5015 659 5048 1
697 4998 931 5065 pridem,
959 5013 1121 5070 atque
1156 5006 1320 5057 etiam
1356 5016 1483 5060 tunc
1514 5011 1793 5076 temporis,
1825 5051 1866 5108 Ο
1901 5003 2049 5071 pigre
2073 5014 2491 5071 exsequeretur,
2523 5005 2707 5058 multis
2737 5005 2846 5072 jam
2879 5005 2944 5057 ad
2979 5005 3135 5058 fidem
3158 5006 3460 5074 perductis.

230 5082 616 5108 -.J..L-..L-.-__
658 5089 707 5108 J,
836 5093 849 5108 1
1111 5105 1118 5108 .
1188 5096 1239 5108 η.
1325 5100 1334 5108 .
1602 5100 1632 5108 ..
1904 5097 1913 5107 .
1989 5097 2031 5108 ι.
2177 5098 2186 5107 .
2574 5096 2605 5108 ,.
2977 5096 2987 5108 .
3103 5097 3158 5108 ι..

227 5082 619 5140 celebrabatur
650 5089 717 5144 de
749 5093 940 5147 eodem
971 5105 1160 5149 sancto
1187 5096 1463 5166 Stephano
1502 5100 1794 5169 sociisque,

228 5176 324 5230 die
380 5194 414 5231 ν
456 5179 584 5234 Julii
631 5181 787 5238 Missa
846 5197 901 5241 et
943 5190 1045 5242 alia
1083 5190 1285 5246 Ofﬁcia.
1329 5211 1345 5242 1
1388 5192 1453 5245 Et
1483 5207 1632 5246 sacra
1663 5210 1797 5247 con-

233 5270 506 5335 gregatio,
567 5273 835 5329 rcfcrente
890 5277 1167 5335 illustriss.
1225 5290 1279 5334 et
1345 5281 1801 5336 reverendissimo

234 5359 298 5410 1).
335 5359 646 5429 Francisc'o,
682 5364 861 5422 Sancti
897 5370 1085 5438 Angelt
1118 5375 1170 5425 in
1206 5371 1344 5425 Foro
1371 5372 1607 5427 Piscium
1639 5371 1798 5428 Card.

235 5451 734 5526 Buoncompagno,
787 5462 1014 5530 gratiam
1083 5466 1306 5533 petitam
1367 5463 1639 5519 concessit
1711 5481 1806 5518 an-

239 5560 311 5599 no
347 5545 503 5600 i622.
538 5548 609 5601 De
644 5550 793 5605 hisce
836 5553 970 5607 mihi
1024 5564 1256 5617 constat,
1295 5557 1366 5610 ita
1413 5556 1614 5611 factum
1663 5573 1806 5622 esse,

238 5654 304 5692 ex
339 5640 652 5694 testimonio
686 5643 890 5698 Nicolai
930 5645 1112 5701 Marize.
1139 5646 1425 5712 Modofari,
1459 5659 1590 5704 tunc
1627 5650 1810 5705 Romae

238 5733 488 5789 ecclesiae
522 5735 578 5790 S.
607 5734 826 5790 Thema:
858 5738 910 5791 in
944 5739 1172 5793 Parione
1208 5743 1464 5804 rectoris,
1496 5749 1550 5796 et
1585 5741 1811 5812 hujusce

241 5845 421 5886 causa:
467 5831 713 5901 Agentis,
747 5839 908 5903 atque
947 5831 1140 5888 eodem
1193 5848 1335 5890 anno
1373 5833 1505 5890 1622
1541 5835 1700 5891 electi
1757 5836 1811 5889 in

1903 5097 1956 5149 in
1989 5097 2296 5150 Neroniana
2337 5096 2716 5164 persecutione
2749 5096 3270 5164 comprehenditur;
3306 5114 3474 5170 cum:

1906 5204 2010 5258 que
2042 5198 2357 5242 constanter
2402 5186 2454 5240 in
2503 5187 2628 5240 fidei
2667 5186 3013 5241 confessione
3068 5201 3464 5257 perseveraret,

1907 5293 2069 5352 atque
2128 5284 2313 5336 multis
2363 5283 2592 5335 affectus
2636 5281 2938 5350 suppliciis,
2967 5283 3242 5337 cruciatus
3277 5299 3465 5337 omnes

1910 5386 2241 5444 superasset,
2274 5374 2494 5427 demum
2541 5373 2735 5440 capitis
2785 5373 3205 5442 obtruncatione
3269 5385 3466 5446 marty-

1911 5470 2051 5522 rium
2081 5467 2496 5523 consummavit.
2536 5466 2644 5520 i-ln
2681 5465 2966 5536 posteriori
2991 5475 3170 5519 autem
3190 5465 3467 5536 Catalogo,

1907 5560 2050 5616 idem
2102 5559 2387 5614 Ferrarius
2435 5559 2515 5614 sic
2566 5557 2784 5611 habet:
2836 5574 2851 5606 1
2893 5557 3085 5626 Rhegii
3149 5558 3202 5610 in
3243 5557 3468 5620 Brutiis,

1908 5652 1965 5708 S.
2006 5652 2290 5721 Stephani,
2347 5651 2510 5722 primi
2548 5647 2791 5721 ejusdem
2836 5648 3075 5718 episcopi
3115 5658 3172 5704 et
3217 5650 3471 5718 martyris

1910 5744 2007 5801 sub
2044 5744 2275 5802 Nerone.
2316 5761 2332 5794 1

1983 5837 2031 5893 5.
2063 5835 2182 5892 Non
2230 5836 2378 5892 omni
2419 5848 2484 5890 ex
2531 5841 2679 5904 parte
2725 5829 2912 5886 isthac
2970 5828 3304 5885 concordant
3348 5841 3471 5884 cum
