  <div class='ocr_page' id='page_1' title='image "/cluster/home/n/w/nwhite01/storage/ocr_20150623/115/nnc1.0046980261/163.png"; bbox 0 0 4230 6436; ppageno 0'>
   <div class='ocr_carea' id='block_1_1' title="bbox 769 400 869 465">
    <p class='ocr_par' dir='ltr' id='par_1_1' title="bbox 769 400 869 465">
     <span class='ocr_line' id='line_1_1' title="bbox 769 400 869 465; baseline -0.02 -1"><span class='ocrx_word' id='word_1_1' title='bbox 769 400 869 465; x_wconf 83' lang='lat'><strong>311</strong></span> 
     </span>
    </p>
   </div>
   <div class='ocr_carea' id='block_1_2' title="bbox 2074 404 2697 467">
    <p class='ocr_par' dir='ltr' id='par_1_2' title="bbox 2074 404 2697 467">
     <span class='ocr_line' id='line_1_2' title="bbox 2074 404 2697 467; baseline -0.003 0"><span class='ocrx_word' id='word_1_2' title='bbox 2074 404 2357 467; x_wconf 77' lang='lat' dir='ltr'><strong>MENSIS</strong></span> <span class='ocrx_word' id='word_1_3' title='bbox 2397 406 2697 467; x_wconf 75' lang='lat' dir='ltr'><strong>IULIUS.</strong></span> 
     </span>
    </p>
   </div>
   <div class='ocr_carea' id='block_1_3' title="bbox 3916 416 4021 477">
    <p class='ocr_par' dir='ltr' id='par_1_3' title="bbox 3916 416 4021 477">
     <span class='ocr_line' id='line_1_3' title="bbox 3916 416 4021 477; baseline 0.019 -2"><span class='ocrx_word' id='word_1_4' title='bbox 3916 416 4021 477; x_wconf 68' lang='lat'><strong>332</strong></span> 
     </span>
    </p>
   </div>
   <div class='ocr_carea' id='block_1_4' title="bbox 771 517 4023 598">
    <p class='ocr_par' dir='ltr' id='par_1_4' title="bbox 771 517 4023 598">
     <span class='ocr_line' id='line_1_4' title="bbox 771 517 4023 598; baseline 0.002 -25"><span class='ocrx_word' id='word_1_5' title='bbox 771 519 920 574; x_wconf 74' lang='lat' dir='ltr'><strong>Actis</strong></span> <span class='ocrx_word' id='word_1_6' title='bbox 945 517 1164 580; x_wconf 64' lang='lat' dir='ltr'><strong>Grecis,</strong></span> <span class='ocrx_word' id='word_1_7' title='bbox 1200 532 1321 585; x_wconf 76' lang='lat' dir='ltr'><strong>qure</strong></span> <span class='ocrx_word' id='word_1_8' title='bbox 1355 518 1485 571; x_wconf 89' lang='lat' dir='ltr'><strong>mihi</strong></span> <span class='ocrx_word' id='word_1_9' title='bbox 1515 518 1583 570; x_wconf 87' lang='lat' dir='ltr'><strong>ab</strong></span> <span class='ocrx_word' id='word_1_10' title='bbox 1615 517 1762 572; x_wconf 83' lang='lat' dir='ltr'><strong>hisce</strong></span> <span class='ocrx_word' id='word_1_11' title='bbox 1788 518 1976 588; x_wconf 89' lang='lat' dir='ltr'><strong>viginti</strong></span> <span class='ocrx_word' id='word_1_12' title='bbox 2003 520 2185 583; x_wconf 85' lang='lat' dir='ltr'><strong>annis,</strong></span> <span class='ocrx_word' id='word_1_13' title='bbox 2220 529 2350 574; x_wconf 88' lang='lat' dir='ltr'><strong>tunc</strong></span> <span class='ocrx_word' id='word_1_14' title='bbox 2378 522 2426 579; x_wconf 80' lang='grc' dir='ltr'><strong>Α</strong></span> <span class='ocrx_word' id='word_1_15' title='bbox 2455 517 2752 586; x_wconf 89' lang='lat' dir='ltr'><strong>quidquam</strong></span> <span class='ocrx_word' id='word_1_16' title='bbox 2800 517 3005 572; x_wconf 82' lang='lat' dir='ltr'><strong>habent</strong></span> <span class='ocrx_word' id='word_1_17' title='bbox 3050 518 3117 574; x_wconf 86' lang='lat' dir='ltr'><strong>de</strong></span> <span class='ocrx_word' id='word_1_18' title='bbox 3158 522 3439 589; x_wconf 78' lang='lat' dir='ltr'><strong>sepultura</strong></span> <span class='ocrx_word' id='word_1_19' title='bbox 3476 533 3791 579; x_wconf 88' lang='lat' dir='ltr'><strong>sanctorum</strong></span> <span class='ocrx_word' id='word_1_20' title='bbox 3829 543 4023 598; x_wconf 83' lang='lat' dir='ltr'><strong>corpo-</strong></span> 
     </span>
    </p>
   </div>
   <div class='ocr_carea' id='block_1_5' title="bbox 772 610 2345 683">
    <p class='ocr_par' dir='ltr' id='par_1_5' title="bbox 772 610 2345 683">
     <span class='ocr_line' id='line_1_5' title="bbox 772 610 2345 683; baseline 0.001 -16"><span class='ocrx_word' id='word_1_21' title='bbox 772 612 955 667; x_wconf 77' lang='lat' dir='ltr'><strong>Romae</strong></span> <span class='ocrx_word' id='word_1_22' title='bbox 984 610 1186 681; x_wconf 85' lang='lat' dir='ltr'><strong>agenti,</strong></span> <span class='ocrx_word' id='word_1_23' title='bbox 1215 627 1243 665; x_wconf 87' lang='lat' dir='ltr'><strong>a</strong></span> <span class='ocrx_word' id='word_1_24' title='bbox 1270 610 1335 667; x_wconf 88' lang='lat' dir='ltr'><strong>R.</strong></span> <span class='ocrx_word' id='word_1_25' title='bbox 1363 611 1421 666; x_wconf 86' lang='lat' dir='ltr'><strong>P.</strong></span> <span class='ocrx_word' id='word_1_26' title='bbox 1459 612 1698 681; x_wconf 82' lang='lat' dir='ltr'><strong>Josepho</strong></span> <span class='ocrx_word' id='word_1_27' title='bbox 1752 611 1931 677; x_wconf 90' lang='lat' dir='ltr'><strong>Denti,</strong></span> <span class='ocrx_word' id='word_1_28' title='bbox 1973 615 2170 668; x_wconf 90' lang='lat' dir='ltr'><strong>domus</strong></span> <span class='ocrx_word' id='word_1_29' title='bbox 2215 630 2345 683; x_wconf 81' lang='lat' dir='ltr'><strong>pro-</strong></span> 
     </span>
    </p>
   </div>
   <div class='ocr_carea' id='block_1_6' title="bbox 770 700 2342 770">
    <p class='ocr_par' dir='ltr' id='par_1_6' title="bbox 770 700 2342 770">
     <span class='ocr_line' id='line_1_6' title="bbox 770 700 2342 770; baseline 0 -15"><span class='ocrx_word' id='word_1_30' title='bbox 770 704 1040 756; x_wconf 78' lang='lat' dir='ltr'><strong>resscrum</strong></span> <span class='ocrx_word' id='word_1_31' title='bbox 1066 702 1348 756; x_wconf 77' lang='lat' dir='ltr'><strong>societatis</strong></span> <span class='ocrx_word' id='word_1_32' title='bbox 1378 710 1578 755; x_wconf 69' lang='lat' dir='ltr'><strong>nostra:</strong></span> <span class='ocrx_word' id='word_1_33' title='bbox 1618 703 1928 770; x_wconf 73' lang='lat' dir='ltr'><strong>praeposito,</strong></span> <span class='ocrx_word' id='word_1_34' title='bbox 1966 700 2222 755; x_wconf 79' lang='lat' dir='ltr'><strong>Messana:</strong></span> <span class='ocrx_word' id='word_1_35' title='bbox 2244 716 2342 755; x_wconf 88' lang='lat' dir='ltr'><strong>cu-</strong></span> 
     </span>
    </p>
   </div>
   <div class='ocr_carea' id='block_1_7' title="bbox 772 793 2341 849">
    <p class='ocr_par' dir='ltr' id='par_1_7' title="bbox 772 793 2341 849">
     <span class='ocr_line' id='line_1_7' title="bbox 772 793 2341 849; baseline -0.001 -1"><span class='ocrx_word' id='word_1_36' title='bbox 772 805 888 848; x_wconf 85' lang='lat' dir='ltr'><strong>rata</strong></span> <span class='ocrx_word' id='word_1_37' title='bbox 923 794 1145 848; x_wconf 81' lang='lat' dir='ltr'><strong>fuerunt</strong></span> <span class='ocrx_word' id='word_1_38' title='bbox 1180 794 1415 847; x_wconf 78' lang='lat' dir='ltr'><strong>describi</strong></span> <span class='ocrx_word' id='word_1_39' title='bbox 1470 809 1500 847; x_wconf 92' lang='lat' dir='ltr'><strong>e</strong></span> <span class='ocrx_word' id='word_1_40' title='bbox 1531 793 1815 848; x_wconf 79' lang='lat' dir='ltr'><strong>codicibus</strong></span> <span class='ocrx_word' id='word_1_41' title='bbox 1859 810 1961 848; x_wconf 89' lang='lat' dir='ltr'><strong>ms.</strong></span> <span class='ocrx_word' id='word_1_42' title='bbox 1999 793 2341 849; x_wconf 88' lang='lat' dir='ltr'><strong>celeberrimi</strong></span> 
     </span>
    </p>
   </div>
   <div class='ocr_carea' id='block_1_8' title="bbox 771 885 2336 956">
    <p class='ocr_par' dir='ltr' id='par_1_8' title="bbox 771 885 2336 956">
     <span class='ocr_line' id='line_1_8' title="bbox 771 885 2336 956; baseline -0.001 -17"><span class='ocrx_word' id='word_1_43' title='bbox 771 901 941 956; x_wconf 83' lang='lat' dir='ltr'><strong>prope</strong></span> <span class='ocrx_word' id='word_1_44' title='bbox 981 886 1175 939; x_wconf 85' lang='lat' dir='ltr'><strong>urbem</strong></span> <span class='ocrx_word' id='word_1_45' title='bbox 1222 885 1367 938; x_wconf 81' lang='lat' dir='ltr'><strong>illam</strong></span> <span class='ocrx_word' id='word_1_46' title='bbox 1415 886 1732 940; x_wconf 75' lang='lat' dir='ltr'><strong>monasterii</strong></span> <span class='ocrx_word' id='word_1_47' title='bbox 1789 886 1971 940; x_wconf 81' lang='lat' dir='ltr'><strong>Sancti</strong></span> <span class='ocrx_word' id='word_1_48' title='bbox 2017 886 2336 949; x_wconf 85' lang='lat' dir='ltr'><strong>Saivatoris,</strong></span> 
     </span>
    </p>
   </div>
   <div class='ocr_carea' id='block_1_9' title="bbox 770 976 2341 1049">
    <p class='ocr_par' dir='ltr' id='par_1_9' title="bbox 770 976 2341 1049">
     <span class='ocr_line' id='line_1_9' title="bbox 770 976 2341 1049; baseline 0 -18"><span class='ocrx_word' id='word_1_49' title='bbox 770 979 980 1033; x_wconf 84' lang='lat' dir='ltr'><strong>ordinis</strong></span> <span class='ocrx_word' id='word_1_50' title='bbox 1039 977 1093 1031; x_wconf 91' lang='lat' dir='ltr'><strong>S.</strong></span> <span class='ocrx_word' id='word_1_51' title='bbox 1147 976 1366 1037; x_wconf 84' lang='lat' dir='ltr'><strong>Basilii;</strong></span> <span class='ocrx_word' id='word_1_52' title='bbox 1426 978 1501 1031; x_wconf 85' lang='lat' dir='ltr'><strong>uti</strong></span> <span class='ocrx_word' id='word_1_53' title='bbox 1575 978 1827 1049; x_wconf 83' lang='lat' dir='ltr'><strong>pluribus</strong></span> <span class='ocrx_word' id='word_1_54' title='bbox 1879 978 1991 1032; x_wconf 80' lang='lat' dir='ltr'><strong>dixi</strong></span> <span class='ocrx_word' id='word_1_55' title='bbox 2047 978 2114 1032; x_wconf 86' lang='lat' dir='ltr'><strong>ad</strong></span> <span class='ocrx_word' id='word_1_56' title='bbox 2163 979 2341 1033; x_wconf 78' lang='lat' dir='ltr'><strong>Vitam</strong></span> 
     </span>
    </p>
   </div>
   <div class='ocr_carea' id='block_1_10' title="bbox 770 1069 2342 1138">
    <p class='ocr_par' dir='ltr' id='par_1_10' title="bbox 770 1069 2342 1138">
     <span class='ocr_line' id='line_1_10' title="bbox 770 1069 2342 1138; baseline -0.001 -14"><span class='ocrx_word' id='word_1_57' title='bbox 770 1071 828 1125; x_wconf 86' lang='lat' dir='ltr'><strong>S.</strong></span> <span class='ocrx_word' id='word_1_58' title='bbox 856 1071 1194 1124; x_wconf 74' lang='lat' dir='ltr'><strong>Sebastiana:</strong></span> <span class='ocrx_word' id='word_1_59' title='bbox 1240 1070 1301 1124; x_wconf 86' lang='lat' dir='ltr'><strong>V.</strong></span> <span class='ocrx_word' id='word_1_60' title='bbox 1329 1070 1395 1123; x_wconf 85' lang='grc' dir='ltr'><strong>Μ.</strong></span> <span class='ocrx_word' id='word_1_61' title='bbox 1433 1080 1577 1125; x_wconf 89' lang='lat' dir='ltr'><strong>tomo</strong></span> <span class='ocrx_word' id='word_1_62' title='bbox 1619 1070 1685 1125; x_wconf 79' lang='lat' dir='ltr'><strong>Vl</strong></span> <span class='ocrx_word' id='word_1_63' title='bbox 1719 1070 1889 1136; x_wconf 78' lang='lat' dir='ltr'><strong>Junii,</strong></span> <span class='ocrx_word' id='word_1_64' title='bbox 1933 1085 2054 1138; x_wconf 61' lang='lat' dir='ltr'><strong>quae</strong></span> <span class='ocrx_word' id='word_1_65' title='bbox 2101 1069 2342 1123; x_wconf 86' lang='lat' dir='ltr'><strong>indidem</strong></span> 
     </span>
    </p>
   </div>
   <div class='ocr_carea' id='block_1_11' title="bbox 768 1162 2343 1229">
    <p class='ocr_par' dir='ltr' id='par_1_11' title="bbox 768 1162 2343 1229">
     <span class='ocr_line' id='line_1_11' title="bbox 768 1162 2343 1229; baseline -0.003 -12"><span class='ocrx_word' id='word_1_66' title='bbox 768 1164 839 1217; x_wconf 86' lang='lat' dir='ltr'><strong>ab</strong></span> <span class='ocrx_word' id='word_1_67' title='bbox 868 1165 1086 1229; x_wconf 88' lang='lat' dir='ltr'><strong>eodem,</strong></span> <span class='ocrx_word' id='word_1_68' title='bbox 1149 1164 1227 1217; x_wconf 89' lang='lat' dir='ltr'><strong>uti</strong></span> <span class='ocrx_word' id='word_1_69' title='bbox 1280 1165 1463 1219; x_wconf 71' lang='lat' dir='ltr'><strong>multa:</strong></span> <span class='ocrx_word' id='word_1_70' title='bbox 1512 1165 1653 1225; x_wconf 69' lang='lat' dir='ltr'><strong>aliae.</strong></span> <span class='ocrx_word' id='word_1_71' title='bbox 1698 1164 1830 1217; x_wconf 87' lang='lat' dir='ltr'><strong>mihi</strong></span> <span class='ocrx_word' id='word_1_72' title='bbox 1884 1163 2070 1217; x_wconf 64' lang='lat' dir='ltr'><strong>Graece</strong></span> <span class='ocrx_word' id='word_1_73' title='bbox 2121 1162 2343 1216; x_wconf 81' lang='lat' dir='ltr'><strong>luerunt</strong></span> 
     </span>
    </p>
   </div>
   <div class='ocr_carea' id='block_1_12' title="bbox 768 1255 2340 1327">
    <p class='ocr_par' dir='ltr' id='par_1_12' title="bbox 768 1255 2340 1327">
     <span class='ocr_line' id='line_1_12' title="bbox 768 1255 2340 1327; baseline 0 -17"><span class='ocrx_word' id='word_1_74' title='bbox 768 1256 1071 1311; x_wconf 70' lang='lat' dir='ltr'><strong>submissae.</strong></span> <span class='ocrx_word' id='word_1_75' title='bbox 1118 1256 1261 1321; x_wconf 70' lang='lat' dir='ltr'><strong>Haec,</strong></span> <span class='ocrx_word' id='word_1_76' title='bbox 1292 1256 1535 1327; x_wconf 86' lang='lat' dir='ltr'><strong>inquam,</strong></span> <span class='ocrx_word' id='word_1_77' title='bbox 1571 1256 1705 1311; x_wconf 84' lang='lat' dir='ltr'><strong>Acta</strong></span> <span class='ocrx_word' id='word_1_78' title='bbox 1749 1256 1802 1311; x_wconf 92' lang='lat' dir='ltr'><strong>S.</strong></span> <span class='ocrx_word' id='word_1_79' title='bbox 1833 1256 2096 1325; x_wconf 83' lang='lat' dir='ltr'><strong>Stephani</strong></span> <span class='ocrx_word' id='word_1_80' title='bbox 2149 1255 2340 1310; x_wconf 83' lang='lat' dir='ltr'><strong>viden-</strong></span> 
     </span>
    </p>
   </div>
   <div class='ocr_carea' id='block_1_13' title="bbox 767 1345 2335 1417">
    <p class='ocr_par' dir='ltr' id='par_1_13' title="bbox 767 1345 2335 1417">
     <span class='ocr_line' id='line_1_13' title="bbox 767 1345 2335 1417; baseline 0.001 -17"><span class='ocrx_word' id='word_1_81' title='bbox 767 1356 855 1400; x_wconf 91' lang='lat' dir='ltr'><strong>tur</strong></span> <span class='ocrx_word' id='word_1_82' title='bbox 880 1347 1001 1401; x_wconf 82' lang='lat' dir='ltr'><strong>fons</strong></span> <span class='ocrx_word' id='word_1_83' title='bbox 1035 1363 1176 1411; x_wconf 89' lang='lat' dir='ltr'><strong>esse,</strong></span> <span class='ocrx_word' id='word_1_84' title='bbox 1203 1364 1269 1401; x_wconf 80' lang='lat' dir='ltr'><strong>ex</strong></span> <span class='ocrx_word' id='word_1_85' title='bbox 1299 1364 1428 1417; x_wconf 93' lang='lat' dir='ltr'><strong>quo,</strong></span> <span class='ocrx_word' id='word_1_86' title='bbox 1459 1348 1817 1417; x_wconf 89' lang='lat' dir='ltr'><strong>quotquotde</strong></span> <span class='ocrx_word' id='word_1_87' title='bbox 1853 1346 1946 1401; x_wconf 92' lang='lat' dir='ltr'><strong>illo</strong></span> <span class='ocrx_word' id='word_1_88' title='bbox 1977 1345 2170 1402; x_wconf 82' lang='lat' dir='ltr'><strong>Latine</strong></span> <span class='ocrx_word' id='word_1_89' title='bbox 2199 1348 2335 1402; x_wconf 75' lang='lat' dir='ltr'><strong>Scri-</strong></span> 
     </span>
    </p>
   </div>
   <div class='ocr_carea' id='block_1_14' title="bbox 766 1440 2336 1508">
    <p class='ocr_par' dir='ltr' id='par_1_14' title="bbox 766 1440 2336 1508">
     <span class='ocr_line' id='line_1_14' title="bbox 766 1440 2336 1508; baseline 0.001 -16"><span class='ocrx_word' id='word_1_90' title='bbox 766 1454 945 1508; x_wconf 90' lang='lat' dir='ltr'><strong>psere,</strong></span> <span class='ocrx_word' id='word_1_91' title='bbox 971 1454 1069 1493; x_wconf 90' lang='lat' dir='ltr'><strong>sua</strong></span> <span class='ocrx_word' id='word_1_92' title='bbox 1104 1440 1428 1501; x_wconf 87' lang='lat' dir='ltr'><strong>hauserunt,</strong></span> <span class='ocrx_word' id='word_1_93' title='bbox 1463 1441 1586 1496; x_wconf 90' lang='lat' dir='ltr'><strong>aliis</strong></span> <span class='ocrx_word' id='word_1_94' title='bbox 1646 1440 1869 1507; x_wconf 88' lang='lat' dir='ltr'><strong>additis,</strong></span> <span class='ocrx_word' id='word_1_95' title='bbox 1926 1442 2049 1497; x_wconf 89' lang='lat' dir='ltr'><strong>aliis</strong></span> <span class='ocrx_word' id='word_1_96' title='bbox 2092 1444 2336 1506; x_wconf 82' lang='lat' dir='ltr'><strong>mutatis,</strong></span> 
     </span>
    </p>
   </div>
   <div class='ocr_carea' id='block_1_15' title="bbox 764 1532 2339 1603">
    <p class='ocr_par' dir='ltr' id='par_1_15' title="bbox 764 1532 2339 1603">
     <span class='ocr_line' id='line_1_15' title="bbox 764 1532 2339 1603; baseline 0.002 -19"><span class='ocrx_word' id='word_1_97' title='bbox 764 1547 868 1601; x_wconf 86' lang='lat' dir='ltr'><strong>pro</strong></span> <span class='ocrx_word' id='word_1_98' title='bbox 921 1546 1023 1585; x_wconf 89' lang='lat' dir='ltr'><strong>suo</strong></span> <span class='ocrx_word' id='word_1_99' title='bbox 1074 1532 1339 1602; x_wconf 84' lang='lat' dir='ltr'><strong>cujusque</strong></span> <span class='ocrx_word' id='word_1_100' title='bbox 1392 1548 1575 1589; x_wconf 88' lang='lat' dir='ltr'><strong>sensu.</strong></span> <span class='ocrx_word' id='word_1_101' title='bbox 1624 1533 1715 1589; x_wconf 88' lang='lat' dir='ltr'><strong>Sic</strong></span> <span class='ocrx_word' id='word_1_102' title='bbox 1773 1533 2105 1603; x_wconf 78' lang='lat' dir='ltr'><strong>Stephanus,</strong></span> <span class='ocrx_word' id='word_1_103' title='bbox 2140 1534 2233 1603; x_wconf 93' lang='lat' dir='ltr'><strong>qui</strong></span> <span class='ocrx_word' id='word_1_104' title='bbox 2284 1534 2339 1587; x_wconf 92' lang='lat' dir='ltr'><strong>in</strong></span> 
     </span>
    </p>
   </div>
   <div class='ocr_carea' id='block_1_16' title="bbox 764 1624 2337 1698">
    <p class='ocr_par' dir='ltr' id='par_1_16' title="bbox 764 1624 2337 1698">
     <span class='ocr_line' id='line_1_16' title="bbox 764 1624 2337 1698; baseline 0.002 -21"><span class='ocrx_word' id='word_1_105' title='bbox 764 1624 916 1679; x_wconf 78' lang='lat' dir='ltr'><strong>Actis</strong></span> <span class='ocrx_word' id='word_1_106' title='bbox 967 1625 1167 1680; x_wconf 67' lang='lat' dir='ltr'><strong>Graecis</strong></span> <span class='ocrx_word' id='word_1_107' title='bbox 1221 1626 1421 1695; x_wconf 89' lang='lat' dir='ltr'><strong>legitur</strong></span> <span class='ocrx_word' id='word_1_108' title='bbox 1471 1628 1645 1696; x_wconf 88' lang='lat' dir='ltr'><strong>patria</strong></span> <span class='ocrx_word' id='word_1_109' title='bbox 1703 1626 1957 1683; x_wconf 72' lang='lat' dir='ltr'><strong>Nicaeum</strong></span> <span class='ocrx_word' id='word_1_110' title='bbox 2000 1629 2054 1682; x_wconf 92' lang='lat' dir='ltr'><strong>in</strong></span> <span class='ocrx_word' id='word_1_111' title='bbox 2088 1628 2337 1698; x_wconf 77' lang='lat' dir='ltr'><strong>Bithynia</strong></span> 
     </span>
    </p>
   </div>
   <div class='ocr_carea' id='block_1_17' title="bbox 764 1716 2337 1788">
    <p class='ocr_par' dir='ltr' id='par_1_17' title="bbox 764 1716 2337 1788">
     <span class='ocr_line' id='line_1_17' title="bbox 764 1716 2337 1788; baseline 0.001 -18"><span class='ocrx_word' id='word_1_112' title='bbox 764 1716 957 1781; x_wconf 79' lang='lat' dir='ltr'><strong>fuisse,</strong></span> <span class='ocrx_word' id='word_1_113' title='bbox 990 1728 1046 1770; x_wconf 91' lang='lat' dir='ltr'><strong>et</strong></span> <span class='ocrx_word' id='word_1_114' title='bbox 1094 1734 1217 1771; x_wconf 85' lang='lat' dir='ltr'><strong>cum</strong></span> <span class='ocrx_word' id='word_1_115' title='bbox 1276 1718 1331 1772; x_wconf 91' lang='lat' dir='ltr'><strong>S.</strong></span> <span class='ocrx_word' id='word_1_116' title='bbox 1388 1719 1557 1772; x_wconf 87' lang='lat' dir='ltr'><strong>Paulo</strong></span> <span class='ocrx_word' id='word_1_117' title='bbox 1617 1720 1866 1788; x_wconf 84' lang='lat' dir='ltr'><strong>apostolo</strong></span> <span class='ocrx_word' id='word_1_118' title='bbox 1919 1720 2185 1788; x_wconf 89' lang='lat' dir='ltr'><strong>Rhegium</strong></span> <span class='ocrx_word' id='word_1_119' title='bbox 2241 1736 2337 1788; x_wconf 85' lang='lat' dir='ltr'><strong>ap-</strong></span> 
     </span>
    </p>
   </div>
   <div class='ocr_carea' id='block_1_18' title="bbox 763 1808 2334 1880">
    <p class='ocr_par' dir='ltr' id='par_1_18' title="bbox 763 1808 2334 1880">
     <span class='ocr_line' id='line_1_18' title="bbox 763 1808 2334 1880; baseline 0.003 -19"><span class='ocrx_word' id='word_1_120' title='bbox 763 1809 1002 1878; x_wconf 81' lang='lat' dir='ltr'><strong>pulisse;</strong></span> <span class='ocrx_word' id='word_1_121' title='bbox 1055 1808 1195 1879; x_wconf 89' lang='lat' dir='ltr'><strong>apud</strong></span> <span class='ocrx_word' id='word_1_122' title='bbox 1243 1809 1555 1863; x_wconf 87' lang='lat' dir='ltr'><strong>Ferrarium</strong></span> <span class='ocrx_word' id='word_1_123' title='bbox 1607 1810 1810 1865; x_wconf 91' lang='lat' dir='ltr'><strong>dicitur</strong></span> <span class='ocrx_word' id='word_1_124' title='bbox 1855 1811 1991 1866; x_wconf 84' lang='lat' dir='ltr'><strong>civis</strong></span> <span class='ocrx_word' id='word_1_125' title='bbox 2038 1811 2334 1880; x_wconf 87' lang='lat' dir='ltr'><strong>Rheginus,</strong></span> 
     </span>
    </p>
   </div>
   <div class='ocr_carea' id='block_1_19' title="bbox 2456 610 4031 690">
    <p class='ocr_par' dir='ltr' id='par_1_19' title="bbox 2456 610 4031 690">
     <span class='ocr_line' id='line_1_19' title="bbox 2456 610 4031 690; baseline 0.009 -26"><span class='ocrx_word' id='word_1_126' title='bbox 2456 626 2600 664; x_wconf 85' lang='lat' dir='ltr'><strong>rum.</strong></span> <span class='ocrx_word' id='word_1_127' title='bbox 2666 610 2843 665; x_wconf 84' lang='lat' dir='ltr'><strong>Facile</strong></span> <span class='ocrx_word' id='word_1_128' title='bbox 2904 612 3155 666; x_wconf 88' lang='lat' dir='ltr'><strong>condono</strong></span> <span class='ocrx_word' id='word_1_129' title='bbox 3205 614 3262 668; x_wconf 87' lang='lat' dir='ltr'><strong>P.</strong></span> <span class='ocrx_word' id='word_1_130' title='bbox 3318 612 3593 679; x_wconf 82' lang='lat' dir='ltr'><strong>Cornelio,</strong></span> <span class='ocrx_word' id='word_1_131' title='bbox 3647 618 3932 690; x_wconf 83' lang='lat' dir='ltr'><strong>Theologo</strong></span> <span class='ocrx_word' id='word_1_132' title='bbox 3975 634 4031 679; x_wconf 80' lang='lat' dir='ltr'><strong>et</strong></span> 
     </span>
    </p>
   </div>
   <div class='ocr_carea' id='block_1_20' title="bbox 2453 702 4022 781">
    <p class='ocr_par' dir='ltr' id='par_1_20' title="bbox 2453 702 4022 781">
     <span class='ocr_line' id='line_1_20' title="bbox 2453 702 4022 781; baseline 0.006 -23"><span class='ocrx_word' id='word_1_133' title='bbox 2453 702 2883 758; x_wconf 88' lang='lat' dir='ltr'><strong>Commentatori</strong></span> <span class='ocrx_word' id='word_1_134' title='bbox 2924 705 2977 757; x_wconf 90' lang='lat' dir='ltr'><strong>in</strong></span> <span class='ocrx_word' id='word_1_135' title='bbox 3010 720 3221 759; x_wconf 83' lang='lat' dir='ltr'><strong>sacram</strong></span> <span class='ocrx_word' id='word_1_136' title='bbox 3259 706 3597 775; x_wconf 86' lang='lat' dir='ltr'><strong>Scripturam</strong></span> <span class='ocrx_word' id='word_1_137' title='bbox 3621 712 3847 773; x_wconf 80' lang='lat' dir='ltr'><strong>eximio,</strong></span> <span class='ocrx_word' id='word_1_138' title='bbox 3882 716 4022 781; x_wconf 85' lang='lat' dir='ltr'><strong>quod</strong></span> 
     </span>
    </p>
   </div>
   <div class='ocr_carea' id='block_1_21' title="bbox 2455 796 4021 867">
    <p class='ocr_par' dir='ltr' id='par_1_21' title="bbox 2455 796 4021 867">
     <span class='ocr_line' id='line_1_21' title="bbox 2455 796 4021 867; baseline 0.007 -19"><span class='ocrx_word' id='word_1_139' title='bbox 2455 796 2561 850; x_wconf 77' lang='lat' dir='ltr'><strong>{ide</strong></span> <span class='ocrx_word' id='word_1_140' title='bbox 2606 804 2663 850; x_wconf 93' lang='lat' dir='ltr'><strong>et</strong></span> <span class='ocrx_word' id='word_1_141' title='bbox 2699 796 3024 851; x_wconf 87' lang='lat' dir='ltr'><strong>auctoritate</strong></span> <span class='ocrx_word' id='word_1_142' title='bbox 3057 797 3470 867; x_wconf 87' lang='lat' dir='ltr'><strong>Rhegiensium,</strong></span> <span class='ocrx_word' id='word_1_143' title='bbox 3505 800 3742 857; x_wconf 88' lang='lat' dir='ltr'><strong>virorum</strong></span> <span class='ocrx_word' id='word_1_144' title='bbox 3775 806 4021 860; x_wconf 88' lang='lat' dir='ltr'><strong>erudito-</strong></span> 
     </span>
    </p>
   </div>
   <div class='ocr_carea' id='block_1_22' title="bbox 2452 890 4022 964">
    <p class='ocr_par' dir='ltr' id='par_1_22' title="bbox 2452 890 4022 964">
     <span class='ocr_line' id='line_1_22' title="bbox 2452 890 4022 964; baseline 0.006 -21"><span class='ocrx_word' id='word_1_145' title='bbox 2452 906 2573 943; x_wconf 92' lang='lat' dir='ltr'><strong>rum</strong></span> <span class='ocrx_word' id='word_1_146' title='bbox 2614 901 2666 944; x_wconf 89' lang='lat' dir='ltr'><strong>et</strong></span> <span class='ocrx_word' id='word_1_147' title='bbox 2698 890 3111 959; x_wconf 89' lang='lat' dir='ltr'><strong>primariorum,</strong></span> <span class='ocrx_word' id='word_1_148' title='bbox 3151 894 3273 944; x_wconf 87' lang='lat' dir='ltr'><strong>talia</strong></span> <span class='ocrx_word' id='word_1_149' title='bbox 3307 895 3614 962; x_wconf 84' lang='lat' dir='ltr'><strong>scripserit.</strong></span> <span class='ocrx_word' id='word_1_150' title='bbox 3651 895 3767 964; x_wconf 86' lang='lat' dir='ltr'><strong>ipse</strong></span> <span class='ocrx_word' id='word_1_151' title='bbox 3802 899 4022 952; x_wconf 84' lang='lat' dir='ltr'><strong>interim</strong></span> 
     </span>
    </p>
   </div>
   <div class='ocr_carea' id='block_1_23' title="bbox 2452 981 4021 1050">
    <p class='ocr_par' dir='ltr' id='par_1_23' title="bbox 2452 981 4021 1050">
     <span class='ocr_line' id='line_1_23' title="bbox 2452 981 4021 1050; baseline 0.004 -15"><span class='ocrx_word' id='word_1_152' title='bbox 2452 981 2590 1036; x_wconf 86' lang='lat' dir='ltr'><strong>nihil</strong></span> <span class='ocrx_word' id='word_1_153' title='bbox 2629 997 2725 1050; x_wconf 90' lang='lat' dir='ltr'><strong>per</strong></span> <span class='ocrx_word' id='word_1_154' title='bbox 2761 997 2817 1035; x_wconf 84' lang='lat' dir='ltr'><strong>se</strong></span> <span class='ocrx_word' id='word_1_155' title='bbox 2846 992 3250 1035; x_wconf 83' lang='lat' dir='ltr'><strong>commentatur</strong></span> <span class='ocrx_word' id='word_1_156' title='bbox 3290 983 3357 1037; x_wconf 87' lang='lat' dir='ltr'><strong>de</strong></span> <span class='ocrx_word' id='word_1_157' title='bbox 3390 1000 3539 1037; x_wconf 90' lang='lat' dir='ltr'><strong>mora</strong></span> <span class='ocrx_word' id='word_1_158' title='bbox 3584 996 3676 1039; x_wconf 88' lang='lat' dir='ltr'><strong>aut</strong></span> <span class='ocrx_word' id='word_1_159' title='bbox 3725 1004 3835 1040; x_wconf 93' lang='lat' dir='ltr'><strong>non</strong></span> <span class='ocrx_word' id='word_1_160' title='bbox 3872 1005 4021 1043; x_wconf 90' lang='lat' dir='ltr'><strong>mora</strong></span> 
     </span>
    </p>
   </div>
   <div class='ocr_carea' id='block_1_24' title="bbox 2452 1070 4021 1145">
    <p class='ocr_par' dir='ltr' id='par_1_24' title="bbox 2452 1070 4021 1145">
     <span class='ocr_line' id='line_1_24' title="bbox 2452 1070 4021 1145; baseline 0.006 -21"><span class='ocrx_word' id='word_1_161' title='bbox 2452 1070 2604 1126; x_wconf 84' lang='lat' dir='ltr'><strong>Pauli</strong></span> <span class='ocrx_word' id='word_1_162' title='bbox 2630 1072 2859 1139; x_wconf 86' lang='lat' dir='ltr'><strong>apostoli</strong></span> <span class='ocrx_word' id='word_1_163' title='bbox 2889 1071 3031 1141; x_wconf 88' lang='lat' dir='ltr'><strong>apud</strong></span> <span class='ocrx_word' id='word_1_164' title='bbox 3060 1071 3349 1144; x_wconf 76' lang='lat' dir='ltr'><strong>Rhegium.</strong></span> <span class='ocrx_word' id='word_1_165' title='bbox 3379 1074 3692 1145; x_wconf 80' lang='lat' dir='ltr'><strong>Supposuit,</strong></span> <span class='ocrx_word' id='word_1_166' title='bbox 3727 1094 3855 1132; x_wconf 83' lang='lat' dir='ltr'><strong>vera</strong></span> <span class='ocrx_word' id='word_1_167' title='bbox 3882 1097 4021 1141; x_wconf 85' lang='lat' dir='ltr'><strong>esse.</strong></span> 
     </span>
    </p>
   </div>
   <div class='ocr_carea' id='block_1_25' title="bbox 2453 1165 4024 1237">
    <p class='ocr_par' dir='ltr' id='par_1_25' title="bbox 2453 1165 4024 1237">
     <span class='ocr_line' id='line_1_25' title="bbox 2453 1165 4024 1237; baseline 0.005 -20"><span class='ocrx_word' id='word_1_168' title='bbox 2453 1180 2573 1234; x_wconf 73' lang='lat' dir='ltr'><strong>qua:</strong></span> <span class='ocrx_word' id='word_1_169' title='bbox 2614 1165 2952 1233; x_wconf 85' lang='lat' dir='ltr'><strong>Rhegienses</strong></span> <span class='ocrx_word' id='word_1_170' title='bbox 2982 1165 3048 1219; x_wconf 84' lang='lat' dir='ltr'><strong>de</strong></span> <span class='ocrx_word' id='word_1_171' title='bbox 3082 1179 3232 1217; x_wconf 88' lang='lat' dir='ltr'><strong>mora</strong></span> <span class='ocrx_word' id='word_1_172' title='bbox 3270 1166 3390 1234; x_wconf 83' lang='lat' dir='ltr'><strong>ejus</strong></span> <span class='ocrx_word' id='word_1_173' title='bbox 3420 1169 3561 1237; x_wconf 88' lang='lat' dir='ltr'><strong>apud</strong></span> <span class='ocrx_word' id='word_1_174' title='bbox 3599 1183 3657 1223; x_wconf 89' lang='lat' dir='ltr'><strong>se</strong></span> <span class='ocrx_word' id='word_1_175' title='bbox 3697 1170 3862 1224; x_wconf 87' lang='lat' dir='ltr'><strong>unius</strong></span> <span class='ocrx_word' id='word_1_176' title='bbox 3894 1172 4024 1234; x_wconf 92' lang='lat' dir='ltr'><strong>diei,</strong></span> 
     </span>
    </p>
   </div>
   <div class='ocr_carea' id='block_1_26' title="bbox 2450 1257 4025 1327">
    <p class='ocr_par' dir='ltr' id='par_1_26' title="bbox 2450 1257 4025 1327">
     <span class='ocr_line' id='line_1_26' title="bbox 2450 1257 4025 1327; baseline 0.001 -16"><span class='ocrx_word' id='word_1_177' title='bbox 2450 1267 2505 1311; x_wconf 85' lang='lat' dir='ltr'><strong>et</strong></span> <span class='ocrx_word' id='word_1_178' title='bbox 2540 1257 2607 1311; x_wconf 90' lang='lat' dir='ltr'><strong>de</strong></span> <span class='ocrx_word' id='word_1_179' title='bbox 2634 1271 2826 1326; x_wconf 88' lang='lat' dir='ltr'><strong>magna</strong></span> <span class='ocrx_word' id='word_1_180' title='bbox 2859 1257 3218 1312; x_wconf 83' lang='lat' dir='ltr'><strong>conversione</strong></span> <span class='ocrx_word' id='word_1_181' title='bbox 3266 1259 3552 1327; x_wconf 78' lang='lat' dir='ltr'><strong>gentilium</strong></span> <span class='ocrx_word' id='word_1_182' title='bbox 3592 1261 3685 1314; x_wconf 91' lang='lat' dir='ltr'><strong>illo</strong></span> <span class='ocrx_word' id='word_1_183' title='bbox 3714 1261 3806 1313; x_wconf 91' lang='lat' dir='ltr'><strong>die</strong></span> <span class='ocrx_word' id='word_1_184' title='bbox 3850 1261 4025 1325; x_wconf 79' lang='lat' dir='ltr'><strong>facta;</strong></span> 
     </span>
    </p>
   </div>
   <div class='ocr_carea' id='block_1_27' title="bbox 2452 1348 4025 1421">
    <p class='ocr_par' dir='ltr' id='par_1_27' title="bbox 2452 1348 4025 1421">
     <span class='ocr_line' id='line_1_27' title="bbox 2452 1348 4025 1421; baseline 0.003 -18"><span class='ocrx_word' id='word_1_185' title='bbox 2452 1351 2582 1405; x_wconf 91' lang='lat' dir='ltr'><strong>item</strong></span> <span class='ocrx_word' id='word_1_186' title='bbox 2623 1348 2691 1403; x_wconf 91' lang='lat' dir='ltr'><strong>de</strong></span> <span class='ocrx_word' id='word_1_187' title='bbox 2722 1350 2873 1404; x_wconf 84' lang='lat' dir='ltr'><strong>Actis</strong></span> <span class='ocrx_word' id='word_1_188' title='bbox 2906 1349 2960 1404; x_wconf 88' lang='lat' dir='ltr'><strong>S.</strong></span> <span class='ocrx_word' id='word_1_189' title='bbox 2998 1348 3285 1418; x_wconf 83' lang='lat' dir='ltr'><strong>Stephani,</strong></span> <span class='ocrx_word' id='word_1_190' title='bbox 3336 1352 3536 1405; x_wconf 61' lang='lat' dir='ltr'><strong>saeculo</strong></span> <span class='ocrx_word' id='word_1_191' title='bbox 3591 1351 3796 1405; x_wconf 89' lang='lat' dir='ltr'><strong>Christi</strong></span> <span class='ocrx_word' id='word_1_192' title='bbox 3844 1354 4025 1421; x_wconf 86' lang='lat' dir='ltr'><strong>primo</strong></span> 
     </span>
    </p>
   </div>
   <div class='ocr_carea' id='block_1_28' title="bbox 2450 1437 4027 1508">
    <p class='ocr_par' dir='ltr' id='par_1_28' title="bbox 2450 1437 4027 1508">
     <span class='ocr_line' id='line_1_28' title="bbox 2450 1437 4027 1508; baseline 0.002 -15"><span class='ocrx_word' id='word_1_193' title='bbox 2450 1437 2638 1494; x_wconf 73' lang='lat' dir='ltr'><strong>Graece</strong></span> <span class='ocrx_word' id='word_1_194' title='bbox 2665 1438 3019 1507; x_wconf 86' lang='lat' dir='ltr'><strong>conscriptis,</strong></span> <span class='ocrx_word' id='word_1_195' title='bbox 3052 1437 3416 1492; x_wconf 76' lang='lat' dir='ltr'><strong>afﬁrmabant.</strong></span> <span class='ocrx_word' id='word_1_196' title='bbox 3446 1439 3514 1492; x_wconf 86' lang='lat' dir='ltr'><strong>Et</strong></span> <span class='ocrx_word' id='word_1_197' title='bbox 3551 1440 3596 1492; x_wconf 89' lang='lat' dir='ltr'><strong>si</strong></span> <span class='ocrx_word' id='word_1_198' title='bbox 3638 1441 3770 1508; x_wconf 93' lang='lat' dir='ltr'><strong>quid</strong></span> <span class='ocrx_word' id='word_1_199' title='bbox 3819 1442 3912 1496; x_wconf 82' lang='lat' dir='ltr'><strong>illa</strong></span> <span class='ocrx_word' id='word_1_200' title='bbox 3960 1443 4027 1496; x_wconf 86' lang='lat' dir='ltr'><strong>de</strong></span> 
     </span>
    </p>
   </div>
   <div class='ocr_carea' id='block_1_29' title="bbox 2451 1529 4023 1599">
    <p class='ocr_par' dir='ltr' id='par_1_29' title="bbox 2451 1529 4023 1599">
     <span class='ocr_line' id='line_1_29' title="bbox 2451 1529 4023 1599; baseline 0.004 -18"><span class='ocrx_word' id='word_1_201' title='bbox 2451 1544 2507 1583; x_wconf 90' lang='lat' dir='ltr'><strong>re</strong></span> <span class='ocrx_word' id='word_1_202' title='bbox 2541 1545 2637 1598; x_wconf 90' lang='lat' dir='ltr'><strong>per</strong></span> <span class='ocrx_word' id='word_1_203' title='bbox 2666 1544 2722 1583; x_wconf 89' lang='lat' dir='ltr'><strong>se</strong></span> <span class='ocrx_word' id='word_1_204' title='bbox 2751 1537 3150 1582; x_wconf 88' lang='lat' dir='ltr'><strong>commentatus</strong></span> <span class='ocrx_word' id='word_1_205' title='bbox 3184 1529 3396 1589; x_wconf 84' lang='lat' dir='ltr'><strong>fuisset,</strong></span> <span class='ocrx_word' id='word_1_206' title='bbox 3429 1531 3618 1599; x_wconf 82' lang='lat' dir='ltr'><strong>utique</strong></span> <span class='ocrx_word' id='word_1_207' title='bbox 3652 1534 4023 1593; x_wconf 84' lang='lat' dir='ltr'><strong>observasset,</strong></span> 
     </span>
    </p>
   </div>
   <div class='ocr_carea' id='block_1_30' title="bbox 2448 1620 4023 1691">
    <p class='ocr_par' dir='ltr' id='par_1_30' title="bbox 2448 1620 4023 1691">
     <span class='ocr_line' id='line_1_30' title="bbox 2448 1620 4023 1691; baseline 0.003 -17"><span class='ocrx_word' id='word_1_208' title='bbox 2448 1620 2595 1691; x_wconf 89' lang='lat' dir='ltr'><strong>quod</strong></span> <span class='ocrx_word' id='word_1_209' title='bbox 2649 1620 2694 1674; x_wconf 88' lang='lat' dir='ltr'><strong>si</strong></span> <span class='ocrx_word' id='word_1_210' title='bbox 2739 1620 2940 1675; x_wconf 86' lang='lat' dir='ltr'><strong>Paulus</strong></span> <span class='ocrx_word' id='word_1_211' title='bbox 2974 1635 3083 1674; x_wconf 91' lang='lat' dir='ltr'><strong>uno</strong></span> <span class='ocrx_word' id='word_1_212' title='bbox 3113 1620 3202 1675; x_wconf 88' lang='lat' dir='ltr'><strong>die</strong></span> <span class='ocrx_word' id='word_1_213' title='bbox 3242 1620 3438 1691; x_wconf 87' lang='lat' dir='ltr'><strong>Rhegii</strong></span> <span class='ocrx_word' id='word_1_214' title='bbox 3488 1637 3694 1677; x_wconf 90' lang='lat' dir='ltr'><strong>moram</strong></span> <span class='ocrx_word' id='word_1_215' title='bbox 3744 1626 4023 1690; x_wconf 80' lang='lat' dir='ltr'><strong>traxisset,</strong></span> 
     </span>
    </p>
   </div>
   <div class='ocr_carea' id='block_1_31' title="bbox 2450 1712 4025 1787">
    <p class='ocr_par' dir='ltr' id='par_1_31' title="bbox 2450 1712 4025 1787">
     <span class='ocr_line' id='line_1_31' title="bbox 2450 1712 4025 1787; baseline 0.004 -21"><span class='ocrx_word' id='word_1_216' title='bbox 2450 1728 2557 1767; x_wconf 92' lang='lat' dir='ltr'><strong>non</strong></span> <span class='ocrx_word' id='word_1_217' title='bbox 2585 1712 2855 1783; x_wconf 87' lang='lat' dir='ltr'><strong>potuisset</strong></span> <span class='ocrx_word' id='word_1_218' title='bbox 2881 1713 3128 1767; x_wconf 87' lang='lat' dir='ltr'><strong>secundo</strong></span> <span class='ocrx_word' id='word_1_219' title='bbox 3156 1713 3246 1767; x_wconf 90' lang='lat' dir='ltr'><strong>die</strong></span> <span class='ocrx_word' id='word_1_220' title='bbox 3276 1712 3535 1767; x_wconf 90' lang='lat' dir='ltr'><strong>Putoleos</strong></span> <span class='ocrx_word' id='word_1_221' title='bbox 3562 1716 3809 1784; x_wconf 85' lang='lat' dir='ltr'><strong>attigisse</strong></span> <span class='ocrx_word' id='word_1_222' title='bbox 3834 1734 3850 1769; x_wconf 88' lang='lat'><strong>:</strong></span> <span class='ocrx_word' id='word_1_223' title='bbox 3877 1718 4025 1787; x_wconf 90' lang='lat' dir='ltr'><strong>quod</strong></span> 
     </span>
    </p>
   </div>
   <div class='ocr_carea' id='block_1_32' title="bbox 2452 1805 3791 1861">
    <p class='ocr_par' dir='ltr' id='par_1_32' title="bbox 2452 1805 3791 1861">
     <span class='ocr_line' id='line_1_32' title="bbox 2452 1805 3791 1861; baseline 0.001 -2"><span class='ocrx_word' id='word_1_224' title='bbox 2452 1807 2623 1860; x_wconf 89' lang='lat' dir='ltr'><strong>Lucas</strong></span> <span class='ocrx_word' id='word_1_225' title='bbox 2647 1808 2851 1861; x_wconf 74' lang='lat' dir='ltr'><strong>factum</strong></span> <span class='ocrx_word' id='word_1_226' title='bbox 2889 1821 3008 1861; x_wconf 88' lang='lat' dir='ltr'><strong>esse</strong></span> <span class='ocrx_word' id='word_1_227' title='bbox 3041 1808 3136 1861; x_wconf 87' lang='lat' dir='ltr'><strong>ait.</strong></span> <span class='ocrx_word' id='word_1_228' title='bbox 3169 1806 3276 1861; x_wconf 90' lang='lat' dir='ltr'><strong>Sed</strong></span> <span class='ocrx_word' id='word_1_229' title='bbox 3308 1806 3374 1860; x_wconf 88' lang='lat' dir='ltr'><strong>de</strong></span> <span class='ocrx_word' id='word_1_230' title='bbox 3403 1805 3490 1860; x_wconf 89' lang='lat' dir='ltr'><strong>his</strong></span> <span class='ocrx_word' id='word_1_231' title='bbox 3518 1820 3641 1859; x_wconf 81' lang='lat' dir='ltr'><strong>mox</strong></span> <span class='ocrx_word' id='word_1_232' title='bbox 3664 1806 3791 1860; x_wconf 91' lang='lat' dir='ltr'><strong>alia.</strong></span> 
     </span>
    </p>
   </div>
   <div class='ocr_carea' id='block_1_33' title="bbox 764 1871 4023 1969">
    <p class='ocr_par' dir='ltr' id='par_1_33' title="bbox 764 1871 4023 1969">
     <span class='ocr_line' id='line_1_33' title="bbox 764 1871 4023 1969; baseline 0.001 -21"><span class='ocrx_word' id='word_1_233' title='bbox 764 1871 821 1949; x_wconf 78' lang='lat' dir='ltr'><strong>et</strong></span> <span class='ocrx_word' id='word_1_234' title='bbox 873 1895 942 1949; x_wconf 90' lang='lat' dir='ltr'><strong>ab</strong></span> <span class='ocrx_word' id='word_1_235' title='bbox 1003 1871 1313 1964; x_wconf 76' lang='lat' dir='ltr'><strong>appelleute</strong></span> <span class='ocrx_word' id='word_1_236' title='bbox 1371 1898 1490 1952; x_wconf 90' lang='lat' dir='ltr'><strong>illas</strong></span> <span class='ocrx_word' id='word_1_237' title='bbox 1574 1898 1629 1952; x_wconf 93' lang='lat' dir='ltr'><strong>in</strong></span> <span class='ocrx_word' id='word_1_238' title='bbox 1700 1914 1829 1953; x_wconf 88' lang='lat' dir='ltr'><strong>oras</strong></span> <span class='ocrx_word' id='word_1_239' title='bbox 1891 1899 2081 1966; x_wconf 83' lang='lat' dir='ltr'><strong>Paulo,</strong></span> <span class='ocrx_word' id='word_1_240' title='bbox 2149 1871 2343 1969; x_wconf 77' lang='lat' dir='ltr'><strong>Rhegii</strong></span> <span class='ocrx_word' id='word_1_241' title='bbox 2377 1871 2419 1929; x_wconf 75' lang='grc' dir='ltr'><strong>Β</strong></span> <span class='ocrx_word' id='word_1_242' title='bbox 2518 1900 2569 1953; x_wconf 89' lang='lat'><strong>8.</strong></span> <span class='ocrx_word' id='word_1_243' title='bbox 2597 1899 2810 1953; x_wconf 87' lang='lat' dir='ltr'><strong>interea</strong></span> <span class='ocrx_word' id='word_1_244' title='bbox 2838 1916 2902 1953; x_wconf 76' lang='lat' dir='ltr'><strong>ex</strong></span> <span class='ocrx_word' id='word_1_245' title='bbox 2936 1899 3120 1953; x_wconf 89' lang='lat' dir='ltr'><strong>citatis</strong></span> <span class='ocrx_word' id='word_1_246' title='bbox 3156 1898 3501 1953; x_wconf 90' lang='lat' dir='ltr'><strong>editionibus</strong></span> <span class='ocrx_word' id='word_1_247' title='bbox 3526 1899 3931 1963; x_wconf 83' lang='lat' dir='ltr'><strong>animadverto,</strong></span> <span class='ocrx_word' id='word_1_248' title='bbox 3969 1900 4023 1954; x_wconf 90' lang='lat' dir='ltr'><strong>in</strong></span> 
     </span>
    </p>
   </div>
   <div class='ocr_carea' id='block_1_34' title="bbox 766 1987 2341 2057">
    <p class='ocr_par' dir='ltr' id='par_1_34' title="bbox 766 1987 2341 2057">
     <span class='ocr_line' id='line_1_34' title="bbox 766 1987 2341 2057; baseline 0.006 -19"><span class='ocrx_word' id='word_1_249' title='bbox 766 1987 1046 2052; x_wconf 86' lang='lat' dir='ltr'><strong>inventus,</strong></span> <span class='ocrx_word' id='word_1_250' title='bbox 1095 2000 1259 2057; x_wconf 82' lang='lat' dir='ltr'><strong>atque</strong></span> <span class='ocrx_word' id='word_1_251' title='bbox 1315 1989 1389 2042; x_wconf 89' lang='lat' dir='ltr'><strong>ibi</strong></span> <span class='ocrx_word' id='word_1_252' title='bbox 1443 1989 1508 2043; x_wconf 89' lang='lat' dir='ltr'><strong>ad</strong></span> <span class='ocrx_word' id='word_1_253' title='bbox 1563 1988 1768 2044; x_wconf 91' lang='lat' dir='ltr'><strong>Christi</strong></span> <span class='ocrx_word' id='word_1_254' title='bbox 1830 1991 1989 2046; x_wconf 77' lang='lat' dir='ltr'><strong>ﬁdem</strong></span> <span class='ocrx_word' id='word_1_255' title='bbox 2042 2008 2341 2049; x_wconf 78' lang='lat' dir='ltr'><strong>conversus</strong></span> 
     </span>
    </p>
   </div>
   <div class='ocr_carea' id='block_1_35' title="bbox 764 2078 959 2133">
    <p class='ocr_par' dir='ltr' id='par_1_35' title="bbox 764 2078 959 2133">
     <span class='ocr_line' id='line_1_35' title="bbox 764 2078 959 2133; baseline 0 -2"><span class='ocrx_word' id='word_1_256' title='bbox 764 2078 959 2133; x_wconf 74' lang='lat' dir='ltr'><strong>fuisse.</strong></span> 
     </span>
    </p>
   </div>
   <div class='ocr_carea' id='block_1_36' title="bbox 838 2172 2332 2245">
    <p class='ocr_par' dir='ltr' id='par_1_36' title="bbox 838 2172 2332 2245">
     <span class='ocr_line' id='line_1_36' title="bbox 838 2172 2332 2245; baseline 0.003 -19"><span class='ocrx_word' id='word_1_257' title='bbox 838 2172 888 2226; x_wconf 86' lang='lat'><strong>6.</strong></span> <span class='ocrx_word' id='word_1_258' title='bbox 927 2173 1293 2245; x_wconf 83' lang='lat' dir='ltr'><strong>Hieronymus</strong></span> <span class='ocrx_word' id='word_1_259' title='bbox 1335 2173 1601 2229; x_wconf 80' lang='lat' dir='ltr'><strong>Maraﬁoti</strong></span> <span class='ocrx_word' id='word_1_260' title='bbox 1640 2174 1697 2228; x_wconf 90' lang='lat' dir='ltr'><strong>in</strong></span> <span class='ocrx_word' id='word_1_261' title='bbox 1740 2189 1839 2229; x_wconf 85' lang='lat' dir='ltr'><strong>suo</strong></span> <span class='ocrx_word' id='word_1_262' title='bbox 1872 2173 2135 2230; x_wconf 70' lang='lat' dir='ltr'><strong>Calabria:</strong></span> <span class='ocrx_word' id='word_1_263' title='bbox 2162 2177 2332 2233; x_wconf 89' lang='lat' dir='ltr'><strong>Chro-</strong></span> 
     </span>
    </p>
   </div>
   <div class='ocr_carea' id='block_1_37' title="bbox 763 2264 2340 2337">
    <p class='ocr_par' dir='ltr' id='par_1_37' title="bbox 763 2264 2340 2337">
     <span class='ocr_line' id='line_1_37' title="bbox 763 2264 2340 2337; baseline 0.003 -20"><span class='ocrx_word' id='word_1_264' title='bbox 763 2264 909 2327; x_wconf 87' lang='lat' dir='ltr'><strong>nico,</strong></span> <span class='ocrx_word' id='word_1_265' title='bbox 944 2265 1129 2318; x_wconf 84' lang='lat' dir='ltr'><strong>ltaiice</strong></span> <span class='ocrx_word' id='word_1_266' title='bbox 1172 2280 1317 2319; x_wconf 90' lang='lat' dir='ltr'><strong>anno</strong></span> <span class='ocrx_word' id='word_1_267' title='bbox 1349 2265 1481 2321; x_wconf 79' lang='grc'><strong>1601</strong></span> <span class='ocrx_word' id='word_1_268' title='bbox 1512 2280 1734 2332; x_wconf 85' lang='lat' dir='ltr'><strong>excuso,</strong></span> <span class='ocrx_word' id='word_1_269' title='bbox 1766 2281 1887 2337; x_wconf 88' lang='lat' dir='ltr'><strong>pag.</strong></span> <span class='ocrx_word' id='word_1_270' title='bbox 1927 2266 2013 2332; x_wconf 74' lang='grc'><strong>47,</strong></span> <span class='ocrx_word' id='word_1_271' title='bbox 2045 2277 2098 2322; x_wconf 90' lang='lat' dir='ltr'><strong>et</strong></span> <span class='ocrx_word' id='word_1_272' title='bbox 2128 2267 2340 2322; x_wconf 83' lang='lat' dir='ltr'><strong>Marcus</strong></span> 
     </span>
    </p>
   </div>
   <div class='ocr_carea' id='block_1_38' title="bbox 764 2356 2340 2422">
    <p class='ocr_par' dir='ltr' id='par_1_38' title="bbox 764 2356 2340 2422">
     <span class='ocr_line' id='line_1_38' title="bbox 764 2356 2340 2422; baseline 0.004 -14"><span class='ocrx_word' id='word_1_273' title='bbox 764 2356 1035 2409; x_wconf 77' lang='lat' dir='ltr'><strong>Antonius</strong></span> <span class='ocrx_word' id='word_1_274' title='bbox 1066 2356 1224 2410; x_wconf 86' lang='lat' dir='ltr'><strong>Politi</strong></span> <span class='ocrx_word' id='word_1_275' title='bbox 1259 2358 1312 2409; x_wconf 92' lang='lat' dir='ltr'><strong>in</strong></span> <span class='ocrx_word' id='word_1_276' title='bbox 1346 2372 1446 2411; x_wconf 90' lang='lat' dir='ltr'><strong>suo</strong></span> <span class='ocrx_word' id='word_1_277' title='bbox 1476 2357 1731 2412; x_wconf 84' lang='lat' dir='ltr'><strong>similiter</strong></span> <span class='ocrx_word' id='word_1_278' title='bbox 1761 2358 2054 2422; x_wconf 86' lang='lat' dir='ltr'><strong>Chronico,</strong></span> <span class='ocrx_word' id='word_1_279' title='bbox 2083 2358 2340 2415; x_wconf 66' lang='lat' dir='ltr'><strong>Messana:</strong></span> 
     </span>
    </p>
   </div>
   <div class='ocr_carea' id='block_1_39' title="bbox 764 2448 2342 2520">
    <p class='ocr_par' dir='ltr' id='par_1_39' title="bbox 764 2448 2342 2520">
     <span class='ocr_line' id='line_1_39' title="bbox 764 2448 2342 2520; baseline 0.003 -18"><span class='ocrx_word' id='word_1_280' title='bbox 764 2448 1034 2517; x_wconf 85' lang='lat' dir='ltr'><strong>impresso</strong></span> <span class='ocrx_word' id='word_1_281' title='bbox 1071 2464 1199 2502; x_wconf 88' lang='lat' dir='ltr'><strong>ann.</strong></span> <span class='ocrx_word' id='word_1_282' title='bbox 1234 2448 1389 2512; x_wconf 78' lang='grc'>1617,</span> <span class='ocrx_word' id='word_1_283' title='bbox 1422 2465 1544 2520; x_wconf 88' lang='lat' dir='ltr'><strong>pag.</strong></span> <span class='ocrx_word' id='word_1_284' title='bbox 1573 2449 1661 2504; x_wconf 89' lang='lat'><strong>80.</strong></span> <span class='ocrx_word' id='word_1_285' title='bbox 1691 2450 1839 2505; x_wconf 85' lang='lat' dir='ltr'><strong>idem</strong></span> <span class='ocrx_word' id='word_1_286' title='bbox 1872 2450 2075 2507; x_wconf 87' lang='lat' dir='ltr'><strong>Paulus</strong></span> <span class='ocrx_word' id='word_1_287' title='bbox 2119 2452 2342 2507; x_wconf 68' lang='lat' dir='ltr'><strong>Gualte~</strong></span> 
     </span>
    </p>
   </div>
   <div class='ocr_carea' id='block_1_40' title="bbox 768 2538 2336 2613">
    <p class='ocr_par' dir='ltr' id='par_1_40' title="bbox 768 2538 2336 2613">
     <span class='ocr_line' id='line_1_40' title="bbox 768 2538 2336 2613; baseline 0.003 -20"><span class='ocrx_word' id='word_1_288' title='bbox 768 2540 880 2593; x_wconf 90' lang='lat' dir='ltr'><strong>rius</strong></span> <span class='ocrx_word' id='word_1_289' title='bbox 933 2540 988 2593; x_wconf 92' lang='lat' dir='ltr'><strong>in</strong></span> <span class='ocrx_word' id='word_1_290' title='bbox 1046 2540 1249 2593; x_wconf 82' lang='lat' dir='ltr'><strong>sanctis</strong></span> <span class='ocrx_word' id='word_1_291' title='bbox 1296 2538 1578 2607; x_wconf 75' lang='lat' dir='ltr'><strong>Calabriae,</strong></span> <span class='ocrx_word' id='word_1_292' title='bbox 1615 2540 1709 2612; x_wconf 90' lang='lat' dir='ltr'><strong>qui</strong></span> <span class='ocrx_word' id='word_1_293' title='bbox 1763 2556 1906 2597; x_wconf 89' lang='lat' dir='ltr'><strong>anno</strong></span> <span class='ocrx_word' id='word_1_294' title='bbox 1938 2542 2074 2598; x_wconf 77' lang='grc'>1630</span> <span class='ocrx_word' id='word_1_295' title='bbox 2110 2542 2336 2613; x_wconf 85' lang='lat' dir='ltr'><strong>Neapoli</strong></span> 
     </span>
    </p>
   </div>
   <div class='ocr_carea' id='block_1_41' title="bbox 762 2631 2337 2704">
    <p class='ocr_par' dir='ltr' id='par_1_41' title="bbox 762 2631 2337 2704">
     <span class='ocr_line' id='line_1_41' title="bbox 762 2631 2337 2704; baseline 0.004 -21"><span class='ocrx_word' id='word_1_296' title='bbox 762 2631 1109 2701; x_wconf 87' lang='lat' dir='ltr'><strong>prodierunt,</strong></span> <span class='ocrx_word' id='word_1_297' title='bbox 1161 2647 1284 2701; x_wconf 86' lang='lat' dir='ltr'><strong>pag.</strong></span> <span class='ocrx_word' id='word_1_298' title='bbox 1326 2632 1413 2695; x_wconf 79' lang='lat'><strong>55,</strong></span> <span class='ocrx_word' id='word_1_299' title='bbox 1460 2641 1516 2686; x_wconf 90' lang='lat' dir='ltr'><strong>et</strong></span> <span class='ocrx_word' id='word_1_300' title='bbox 1568 2632 1945 2689; x_wconf 84' lang='lat' dir='ltr'><strong>Ferdinandus</strong></span> <span class='ocrx_word' id='word_1_301' title='bbox 1976 2634 2235 2704; x_wconf 87' lang='lat' dir='ltr'><strong>Ughellus</strong></span> <span class='ocrx_word' id='word_1_302' title='bbox 2281 2638 2337 2689; x_wconf 90' lang='lat' dir='ltr'><strong>in</strong></span> 
     </span>
    </p>
   </div>
   <div class='ocr_carea' id='block_1_42' title="bbox 764 2722 2338 2791">
    <p class='ocr_par' dir='ltr' id='par_1_42' title="bbox 764 2722 2338 2791">
     <span class='ocr_line' id='line_1_42' title="bbox 764 2722 2338 2791; baseline 0.002 -15"><span class='ocrx_word' id='word_1_303' title='bbox 764 2739 867 2778; x_wconf 83' lang='lat' dir='ltr'><strong>suo</strong></span> <span class='ocrx_word' id='word_1_304' title='bbox 897 2723 1073 2779; x_wconf 70' lang='lat' dir='ltr'><strong>Italica</strong></span> <span class='ocrx_word' id='word_1_305' title='bbox 1104 2740 1271 2777; x_wconf 62' lang='lat' dir='ltr'><strong>sacrae</strong></span> <span class='ocrx_word' id='word_1_306' title='bbox 1304 2732 1451 2777; x_wconf 88' lang='lat' dir='ltr'><strong>tomo</strong></span> <span class='ocrx_word' id='word_1_307' title='bbox 1479 2722 1550 2777; x_wconf 77' lang='lat' dir='ltr'><strong>IX</strong></span> <span class='ocrx_word' id='word_1_308' title='bbox 1578 2722 1728 2778; x_wconf 89' lang='lat' dir='ltr'><strong>edito</strong></span> <span class='ocrx_word' id='word_1_309' title='bbox 1758 2739 1902 2779; x_wconf 88' lang='lat' dir='ltr'><strong>anno</strong></span> <span class='ocrx_word' id='word_1_310' title='bbox 1939 2724 2095 2791; x_wconf 72' lang='grc'>1662,</span> <span class='ocrx_word' id='word_1_311' title='bbox 2134 2725 2338 2779; x_wconf 88' lang='lat' dir='ltr'><strong>habent</strong></span> 
     </span>
    </p>
   </div>
   <div class='ocr_carea' id='block_1_43' title="bbox 763 2816 2336 2888">
    <p class='ocr_par' dir='ltr' id='par_1_43' title="bbox 763 2816 2336 2888">
     <span class='ocr_line' id='line_1_43' title="bbox 763 2816 2336 2888; baseline 0.001 -17"><span class='ocrx_word' id='word_1_312' title='bbox 763 2818 942 2871; x_wconf 81' lang='lat' dir='ltr'><strong>Vitam</strong></span> <span class='ocrx_word' id='word_1_313' title='bbox 978 2816 1031 2871; x_wconf 91' lang='lat' dir='ltr'><strong>S.</strong></span> <span class='ocrx_word' id='word_1_314' title='bbox 1064 2816 1348 2886; x_wconf 84' lang='lat' dir='ltr'><strong>Stephani,</strong></span> <span class='ocrx_word' id='word_1_315' title='bbox 1382 2834 1545 2887; x_wconf 89' lang='lat' dir='ltr'><strong>quam</strong></span> <span class='ocrx_word' id='word_1_316' title='bbox 1586 2819 1795 2888; x_wconf 90' lang='lat' dir='ltr'><strong>primus</strong></span> <span class='ocrx_word' id='word_1_317' title='bbox 1826 2834 1890 2872; x_wconf 85' lang='lat' dir='ltr'><strong>ex</strong></span> <span class='ocrx_word' id='word_1_318' title='bbox 1926 2817 2113 2872; x_wconf 90' lang='lat' dir='ltr'><strong>codice</strong></span> <span class='ocrx_word' id='word_1_319' title='bbox 2149 2818 2336 2873; x_wconf 67' lang='lat' dir='ltr'><strong>Gratco</strong></span> 
     </span>
    </p>
   </div>
   <div class='ocr_carea' id='block_1_44' title="bbox 763 2909 2333 2980">
    <p class='ocr_par' dir='ltr' id='par_1_44' title="bbox 763 2909 2333 2980">
     <span class='ocr_line' id='line_1_44' title="bbox 763 2909 2333 2980; baseline 0.001 -17"><span class='ocrx_word' id='word_1_320' title='bbox 763 2911 1163 2980; x_wconf 84' lang='lat' dir='ltr'><strong>interpretatus</strong></span> <span class='ocrx_word' id='word_1_321' title='bbox 1194 2920 1277 2963; x_wconf 86' lang='lat' dir='ltr'><strong>est</strong></span> <span class='ocrx_word' id='word_1_322' title='bbox 1308 2910 1494 2965; x_wconf 89' lang='lat' dir='ltr'><strong>ltaiice</strong></span> <span class='ocrx_word' id='word_1_323' title='bbox 1524 2928 1537 2964; x_wconf 87' lang='lat'><strong>:</strong></span> <span class='ocrx_word' id='word_1_324' title='bbox 1571 2909 1849 2965; x_wconf 89' lang='lat' dir='ltr'><strong>secundus</strong></span> <span class='ocrx_word' id='word_1_325' title='bbox 1883 2918 1937 2963; x_wconf 89' lang='lat' dir='ltr'><strong>et</strong></span> <span class='ocrx_word' id='word_1_326' title='bbox 1970 2919 2199 2979; x_wconf 92' lang='lat' dir='ltr'><strong>quartus</strong></span> <span class='ocrx_word' id='word_1_327' title='bbox 2230 2910 2333 2964; x_wconf 87' lang='lat' dir='ltr'><strong>La-</strong></span> 
     </span>
    </p>
   </div>
   <div class='ocr_carea' id='block_1_45' title="bbox 764 3005 2330 3076">
    <p class='ocr_par' dir='ltr' id='par_1_45' title="bbox 764 3005 2330 3076">
     <span class='ocr_line' id='line_1_45' title="bbox 764 3005 2330 3076; baseline 0.001 -16"><span class='ocrx_word' id='word_1_328' title='bbox 764 3007 934 3060; x_wconf 91' lang='lat' dir='ltr'><strong>tinam</strong></span> <span class='ocrx_word' id='word_1_329' title='bbox 967 3005 1261 3061; x_wconf 90' lang='lat' dir='ltr'><strong>ediderunt</strong></span> <span class='ocrx_word' id='word_1_330' title='bbox 1291 3020 1357 3061; x_wconf 78' lang='lat' dir='ltr'><strong>ex</strong></span> <span class='ocrx_word' id='word_1_331' title='bbox 1385 3009 1490 3060; x_wconf 89' lang='lat' dir='ltr'><strong>alia</strong></span> <span class='ocrx_word' id='word_1_332' title='bbox 1528 3015 1691 3076; x_wconf 92' lang='lat' dir='ltr'><strong>atque</strong></span> <span class='ocrx_word' id='word_1_333' title='bbox 1718 3005 1823 3059; x_wconf 90' lang='lat' dir='ltr'><strong>alia</strong></span> <span class='ocrx_word' id='word_1_334' title='bbox 1852 3005 2330 3076; x_wconf 89' lang='lat' dir='ltr'><strong>interpretatione.</strong></span> 
     </span>
    </p>
   </div>
   <div class='ocr_carea' id='block_1_46' title="bbox 762 3096 2333 3153">
    <p class='ocr_par' dir='ltr' id='par_1_46' title="bbox 762 3096 2333 3153">
     <span class='ocr_line' id='line_1_46' title="bbox 762 3096 2333 3153; baseline 0.002 -4"><span class='ocrx_word' id='word_1_335' title='bbox 762 3100 981 3153; x_wconf 86' lang='lat' dir='ltr'><strong>Tertius</strong></span> <span class='ocrx_word' id='word_1_336' title='bbox 1024 3113 1054 3151; x_wconf 89' lang='lat' dir='ltr'><strong>e</strong></span> <span class='ocrx_word' id='word_1_337' title='bbox 1096 3108 1246 3153; x_wconf 82' lang='lat' dir='ltr'><strong>textu</strong></span> <span class='ocrx_word' id='word_1_338' title='bbox 1282 3097 1475 3151; x_wconf 87' lang='lat' dir='ltr'><strong>Latino</strong></span> <span class='ocrx_word' id='word_1_339' title='bbox 1506 3097 1745 3153; x_wconf 88' lang='lat' dir='ltr'><strong>Italicam</strong></span> <span class='ocrx_word' id='word_1_340' title='bbox 1785 3096 2058 3152; x_wconf 79' lang='lat' dir='ltr'><strong>lceitcum</strong></span> <span class='ocrx_word' id='word_1_341' title='bbox 2093 3098 2333 3152; x_wconf 89' lang='lat' dir='ltr'><strong>oratoria</strong></span> 
     </span>
    </p>
   </div>
   <div class='ocr_carea' id='block_1_47' title="bbox 2448 1991 4024 2061">
    <p class='ocr_par' dir='ltr' id='par_1_47' title="bbox 2448 1991 4024 2061">
     <span class='ocr_line' id='line_1_47' title="bbox 2448 1991 4024 2061; baseline 0 -16"><span class='ocrx_word' id='word_1_342' title='bbox 2448 2000 2595 2048; x_wconf 77' lang='lat' dir='ltr'><strong>textu</strong></span> <span class='ocrx_word' id='word_1_343' title='bbox 2632 1991 2824 2047; x_wconf 75' lang='lat' dir='ltr'><strong>Graeco</strong></span> <span class='ocrx_word' id='word_1_344' title='bbox 2870 2001 3059 2047; x_wconf 90' lang='lat' dir='ltr'><strong>nostro</strong></span> <span class='ocrx_word' id='word_1_345' title='bbox 3094 1991 3397 2059; x_wconf 87' lang='lat' dir='ltr'><strong>sphalmata</strong></span> <span class='ocrx_word' id='word_1_346' title='bbox 3429 1994 3680 2061; x_wconf 76' lang='lat' dir='ltr'><strong>quzcdam</strong></span> <span class='ocrx_word' id='word_1_347' title='bbox 3728 1993 4024 2045; x_wconf 86' lang='lat' dir='ltr'><strong>commissa</strong></span> 
     </span>
    </p>
   </div>
   <div class='ocr_carea' id='block_1_48' title="bbox 2442 2082 4019 2151">
    <p class='ocr_par' dir='ltr' id='par_1_48' title="bbox 2442 2082 4019 2151">
     <span class='ocr_line' id='line_1_48' title="bbox 2442 2082 4019 2151; baseline 0.001 -14"><span class='ocrx_word' id='word_1_348' title='bbox 2442 2099 2584 2147; x_wconf 90' lang='lat' dir='ltr'><strong>esse,</strong></span> <span class='ocrx_word' id='word_1_349' title='bbox 2620 2084 3006 2139; x_wconf 87' lang='lat' dir='ltr'><strong>verosimiliter</strong></span> <span class='ocrx_word' id='word_1_350' title='bbox 3033 2082 3323 2139; x_wconf 88' lang='lat' dir='ltr'><strong>oscitantia</strong></span> <span class='ocrx_word' id='word_1_351' title='bbox 3350 2084 3584 2149; x_wconf 91' lang='lat' dir='ltr'><strong>librarii,</strong></span> <span class='ocrx_word' id='word_1_352' title='bbox 3622 2086 3731 2140; x_wconf 92' lang='lat' dir='ltr'><strong>illis</strong></span> <span class='ocrx_word' id='word_1_353' title='bbox 3764 2086 3818 2139; x_wconf 90' lang='lat' dir='ltr'><strong>in</strong></span> <span class='ocrx_word' id='word_1_354' title='bbox 3858 2086 4019 2151; x_wconf 77' lang='lat' dir='ltr'><strong>locis,</strong></span> 
     </span>
    </p>
   </div>
   <div class='ocr_carea' id='block_1_49' title="bbox 2446 2173 4021 2247">
    <p class='ocr_par' dir='ltr' id='par_1_49' title="bbox 2446 2173 4021 2247">
     <span class='ocr_line' id='line_1_49' title="bbox 2446 2173 4021 2247; baseline 0.003 -21"><span class='ocrx_word' id='word_1_355' title='bbox 2446 2173 2537 2226; x_wconf 88' lang='lat' dir='ltr'><strong>ubi</strong></span> <span class='ocrx_word' id='word_1_356' title='bbox 2579 2188 2680 2244; x_wconf 88' lang='lat' dir='ltr'><strong>ego</strong></span> <span class='ocrx_word' id='word_1_357' title='bbox 2712 2188 2809 2242; x_wconf 91' lang='lat' dir='ltr'><strong>per</strong></span> <span class='ocrx_word' id='word_1_358' title='bbox 2846 2174 3058 2227; x_wconf 87' lang='lat' dir='ltr'><strong>inclusa</strong></span> <span class='ocrx_word' id='word_1_359' title='bbox 3084 2174 3238 2229; x_wconf 90' lang='lat' dir='ltr'><strong>hisce</strong></span> <span class='ocrx_word' id='word_1_360' title='bbox 3268 2174 3441 2244; x_wconf 86' lang='lat' dir='ltr'><strong>signis</strong></span> <span class='ocrx_word' id='word_1_361' title='bbox 3471 2173 3525 2246; x_wconf 75' lang='lat' dir='ltr'><strong>l]</strong></span> <span class='ocrx_word' id='word_1_362' title='bbox 3552 2176 3715 2230; x_wconf 89' lang='lat' dir='ltr'><strong>verba</strong></span> <span class='ocrx_word' id='word_1_363' title='bbox 3758 2180 4021 2247; x_wconf 86' lang='lat' dir='ltr'><strong>supplere</strong></span> 
     </span>
    </p>
   </div>
   <div class='ocr_carea' id='block_1_50' title="bbox 2443 2266 4020 2336">
    <p class='ocr_par' dir='ltr' id='par_1_50' title="bbox 2443 2266 4020 2336">
     <span class='ocr_line' id='line_1_50' title="bbox 2443 2266 4020 2336; baseline 0 -15"><span class='ocrx_word' id='word_1_364' title='bbox 2443 2276 2675 2321; x_wconf 86' lang='lat' dir='ltr'><strong>conatus</strong></span> <span class='ocrx_word' id='word_1_365' title='bbox 2707 2280 2848 2320; x_wconf 86' lang='lat' dir='ltr'><strong>sum.</strong></span> <span class='ocrx_word' id='word_1_366' title='bbox 2900 2266 3047 2321; x_wconf 84' lang='lat' dir='ltr'><strong>inter</strong></span> <span class='ocrx_word' id='word_1_367' title='bbox 3098 2282 3234 2336; x_wconf 81' lang='lat' dir='ltr'><strong>quas</strong></span> <span class='ocrx_word' id='word_1_368' title='bbox 3287 2269 3665 2323; x_wconf 88' lang='lat' dir='ltr'><strong>correctiones</strong></span> <span class='ocrx_word' id='word_1_369' title='bbox 3704 2269 3872 2323; x_wconf 88' lang='lat' dir='ltr'><strong>etiam</strong></span> <span class='ocrx_word' id='word_1_370' title='bbox 3914 2279 4020 2335; x_wconf 85' lang='lat' dir='ltr'><strong>est,</strong></span> 
     </span>
    </p>
   </div>
   <div class='ocr_carea' id='block_1_51' title="bbox 2441 2357 4019 2432">
    <p class='ocr_par' dir='ltr' id='par_1_51' title="bbox 2441 2357 4019 2432">
     <span class='ocr_line' id='line_1_51' title="bbox 2441 2357 4019 2432; baseline 0.004 -22"><span class='ocrx_word' id='word_1_371' title='bbox 2441 2357 2586 2426; x_wconf 91' lang='lat' dir='ltr'><strong>quod</strong></span> <span class='ocrx_word' id='word_1_372' title='bbox 2620 2360 2841 2413; x_wconf 86' lang='lat' dir='ltr'><strong>tertium</strong></span> <span class='ocrx_word' id='word_1_373' title='bbox 2891 2375 3091 2414; x_wconf 87' lang='lat' dir='ltr'><strong>nomen</strong></span> <span class='ocrx_word' id='word_1_374' title='bbox 3134 2360 3451 2425; x_wconf 90' lang='lat' dir='ltr'><strong>mulierum,</strong></span> <span class='ocrx_word' id='word_1_375' title='bbox 3494 2363 3655 2417; x_wconf 88' lang='lat' dir='ltr'><strong>simul</strong></span> <span class='ocrx_word' id='word_1_376' title='bbox 3704 2379 4019 2432; x_wconf 85' lang='lat' dir='ltr'><strong>passarum,</strong></span> 
     </span>
    </p>
   </div>
   <div class='ocr_carea' id='block_1_52' title="bbox 2443 2449 4021 2519">
    <p class='ocr_par' dir='ltr' id='par_1_52' title="bbox 2443 2449 4021 2519">
     <span class='ocr_line' id='line_1_52' title="bbox 2443 2449 4021 2519; baseline 0.004 -18"><span class='ocrx_word' id='word_1_377' title='bbox 2443 2449 2713 2518; x_wconf 83' lang='lat' dir='ltr'><strong>Perpetua</strong></span> <span class='ocrx_word' id='word_1_378' title='bbox 2760 2450 3198 2515; x_wconf 89' lang='lat' dir='ltr'><strong>desiderabatur,</strong></span> <span class='ocrx_word' id='word_1_379' title='bbox 3250 2468 3371 2519; x_wconf 76' lang='lat' dir='ltr'><strong>quae</strong></span> <span class='ocrx_word' id='word_1_380' title='bbox 3423 2453 3477 2506; x_wconf 92' lang='lat' dir='ltr'><strong>in</strong></span> <span class='ocrx_word' id='word_1_381' title='bbox 3516 2453 3704 2508; x_wconf 88' lang='lat' dir='ltr'><strong>Italico</strong></span> <span class='ocrx_word' id='word_1_382' title='bbox 3736 2463 3791 2508; x_wconf 89' lang='lat' dir='ltr'><strong>et</strong></span> <span class='ocrx_word' id='word_1_383' title='bbox 3821 2455 4021 2509; x_wconf 89' lang='lat' dir='ltr'><strong>Latino</strong></span> 
     </span>
    </p>
   </div>
   <div class='ocr_carea' id='block_1_53' title="bbox 2442 2540 4018 2611">
    <p class='ocr_par' dir='ltr' id='par_1_53' title="bbox 2442 2540 4018 2611">
     <span class='ocr_line' id='line_1_53' title="bbox 2442 2540 4018 2611; baseline 0.002 -16"><span class='ocrx_word' id='word_1_384' title='bbox 2442 2540 2627 2595; x_wconf 77' lang='lat' dir='ltr'><strong>Suerze</strong></span> <span class='ocrx_word' id='word_1_385' title='bbox 2656 2540 2939 2611; x_wconf 89' lang='lat' dir='ltr'><strong>episcopo,</strong></span> <span class='ocrx_word' id='word_1_386' title='bbox 2966 2543 3159 2610; x_wconf 84' lang='lat' dir='ltr'><strong>Agneti</strong></span> <span class='ocrx_word' id='word_1_387' title='bbox 3178 2550 3231 2596; x_wconf 91' lang='lat' dir='ltr'><strong>et</strong></span> <span class='ocrx_word' id='word_1_388' title='bbox 3251 2542 3520 2597; x_wconf 86' lang='lat' dir='ltr'><strong>Felicitati</strong></span> <span class='ocrx_word' id='word_1_389' title='bbox 3550 2544 4018 2598; x_wconf 78' lang='lat' dir='ltr'><strong>subnectitur.Ex</strong></span> 
     </span>
    </p>
   </div>
   <div class='ocr_carea' id='block_1_54' title="bbox 2442 2637 4019 2709">
    <p class='ocr_par' dir='ltr' id='par_1_54' title="bbox 2442 2637 4019 2709">
     <span class='ocr_line' id='line_1_54' title="bbox 2442 2637 4019 2709; baseline 0.003 -20"><span class='ocrx_word' id='word_1_390' title='bbox 2442 2637 2527 2690; x_wconf 92' lang='lat' dir='ltr'><strong>his</strong></span> <span class='ocrx_word' id='word_1_391' title='bbox 2563 2644 2746 2691; x_wconf 89' lang='lat' dir='ltr'><strong>autem</strong></span> <span class='ocrx_word' id='word_1_392' title='bbox 2780 2638 2915 2707; x_wconf 84' lang='lat' dir='ltr'><strong>ipsis</strong></span> <span class='ocrx_word' id='word_1_393' title='bbox 2946 2639 3262 2693; x_wconf 90' lang='lat' dir='ltr'><strong>nominibus</strong></span> <span class='ocrx_word' id='word_1_394' title='bbox 3301 2638 3528 2693; x_wconf 88' lang='lat' dir='ltr'><strong>dubium</strong></span> <span class='ocrx_word' id='word_1_395' title='bbox 3560 2640 3693 2693; x_wconf 91' lang='lat' dir='ltr'><strong>oriri</strong></span> <span class='ocrx_word' id='word_1_396' title='bbox 3721 2639 3916 2709; x_wconf 86' lang='lat' dir='ltr'><strong>possit,</strong></span> <span class='ocrx_word' id='word_1_397' title='bbox 3952 2656 4019 2693; x_wconf 90' lang='lat' dir='ltr'><strong>an</strong></span> 
     </span>
    </p>
   </div>
   <div class='ocr_carea' id='block_1_55' title="bbox 2440 2728 4021 2800">
    <p class='ocr_par' dir='ltr' id='par_1_55' title="bbox 2440 2728 4021 2800">
     <span class='ocr_line' id='line_1_55' title="bbox 2440 2728 4021 2800; baseline 0.003 -19"><span class='ocrx_word' id='word_1_398' title='bbox 2440 2743 2630 2781; x_wconf 90' lang='lat' dir='ltr'><strong>omnes</strong></span> <span class='ocrx_word' id='word_1_399' title='bbox 2675 2728 2763 2781; x_wconf 90' lang='lat' dir='ltr'><strong>isti</strong></span> <span class='ocrx_word' id='word_1_400' title='bbox 2801 2744 2906 2781; x_wconf 90' lang='lat' dir='ltr'><strong>una</strong></span> <span class='ocrx_word' id='word_1_401' title='bbox 2944 2744 3067 2782; x_wconf 92' lang='lat' dir='ltr'><strong>cum</strong></span> <span class='ocrx_word' id='word_1_402' title='bbox 3095 2730 3371 2799; x_wconf 90' lang='lat' dir='ltr'><strong>Stephano</strong></span> <span class='ocrx_word' id='word_1_403' title='bbox 3402 2732 3548 2800; x_wconf 89' lang='lat' dir='ltr'><strong>passi</strong></span> <span class='ocrx_word' id='word_1_404' title='bbox 3582 2730 3786 2786; x_wconf 81' lang='lat' dir='ltr'><strong>fuerint</strong></span> <span class='ocrx_word' id='word_1_405' title='bbox 3817 2732 4021 2785; x_wconf 69' lang='lat' dir='ltr'><strong>saeculo</strong></span> 
     </span>
    </p>
   </div>
   <div class='ocr_carea' id='block_1_56' title="bbox 2438 2817 4017 2892">
    <p class='ocr_par' dir='ltr' id='par_1_56' title="bbox 2438 2817 4017 2892">
     <span class='ocr_line' id='line_1_56' title="bbox 2438 2817 4017 2892; baseline 0.001 -17"><span class='ocrx_word' id='word_1_406' title='bbox 2438 2817 2641 2875; x_wconf 91' lang='lat' dir='ltr'><strong>Christi</strong></span> <span class='ocrx_word' id='word_1_407' title='bbox 2675 2820 2868 2892; x_wconf 91' lang='lat' dir='ltr'><strong>primo.</strong></span> <span class='ocrx_word' id='word_1_408' title='bbox 2900 2822 3035 2875; x_wconf 83' lang='lat' dir='ltr'><strong>Acta</strong></span> <span class='ocrx_word' id='word_1_409' title='bbox 3059 2822 3306 2891; x_wconf 90' lang='lat' dir='ltr'><strong>quidem,</strong></span> <span class='ocrx_word' id='word_1_410' title='bbox 3332 2824 3497 2877; x_wconf 91' lang='lat' dir='ltr'><strong>etiam</strong></span> <span class='ocrx_word' id='word_1_411' title='bbox 3531 2824 3739 2889; x_wconf 72' lang='lat' dir='ltr'><strong>Graeca,</strong></span> <span class='ocrx_word' id='word_1_412' title='bbox 3767 2841 3877 2877; x_wconf 92' lang='lat' dir='ltr'><strong>non</strong></span> <span class='ocrx_word' id='word_1_413' title='bbox 3908 2837 4017 2878; x_wconf 88' lang='lat' dir='ltr'><strong>tam</strong></span> 
     </span>
    </p>
   </div>
   <div class='ocr_carea' id='block_1_57' title="bbox 2439 2914 4015 2985">
    <p class='ocr_par' dir='ltr' id='par_1_57' title="bbox 2439 2914 4015 2985">
     <span class='ocr_line' id='line_1_57' title="bbox 2439 2914 4015 2985; baseline 0.004 -19"><span class='ocrx_word' id='word_1_414' title='bbox 2439 2914 2664 2981; x_wconf 88' lang='lat' dir='ltr'><strong>antiqua</strong></span> <span class='ocrx_word' id='word_1_415' title='bbox 2706 2923 2855 2978; x_wconf 90' lang='lat' dir='ltr'><strong>sunt,</strong></span> <span class='ocrx_word' id='word_1_416' title='bbox 2884 2929 2984 2969; x_wconf 89' lang='lat' dir='ltr'><strong>nec</strong></span> <span class='ocrx_word' id='word_1_417' title='bbox 3035 2914 3181 2978; x_wconf 90' lang='lat' dir='ltr'><strong>talia,</strong></span> <span class='ocrx_word' id='word_1_418' title='bbox 3224 2924 3284 2969; x_wconf 90' lang='lat' dir='ltr'><strong>ut</strong></span> <span class='ocrx_word' id='word_1_419' title='bbox 3328 2915 3461 2970; x_wconf 91' lang='lat' dir='ltr'><strong>illud</strong></span> <span class='ocrx_word' id='word_1_420' title='bbox 3508 2919 3641 2985; x_wconf 89' lang='lat' dir='ltr'><strong>ipsis</strong></span> <span class='ocrx_word' id='word_1_421' title='bbox 3689 2926 3807 2971; x_wconf 92' lang='lat' dir='ltr'><strong>tuto</strong></span> <span class='ocrx_word' id='word_1_422' title='bbox 3863 2918 4015 2972; x_wconf 89' lang='lat' dir='ltr'><strong>credi</strong></span> 
     </span>
    </p>
   </div>
   <div class='ocr_carea' id='block_1_58' title="bbox 2438 3003 4007 3077">
    <p class='ocr_par' dir='ltr' id='par_1_58' title="bbox 2438 3003 4007 3077">
     <span class='ocr_line' id='line_1_58' title="bbox 2438 3003 4007 3077; baseline 0.003 -21"><span class='ocrx_word' id='word_1_423' title='bbox 2438 3006 2626 3073; x_wconf 88' lang='lat' dir='ltr'><strong>possit.</strong></span> <span class='ocrx_word' id='word_1_424' title='bbox 2662 3003 2999 3059; x_wconf 88' lang='lat' dir='ltr'><strong>Tcstimonia</strong></span> <span class='ocrx_word' id='word_1_425' title='bbox 3037 3006 3524 3077; x_wconf 78' lang='lat' dir='ltr'><strong>Martyrologorum</strong></span> <span class='ocrx_word' id='word_1_426' title='bbox 3552 3008 3699 3061; x_wconf 86' lang='lat' dir='ltr'><strong>nulla</strong></span> <span class='ocrx_word' id='word_1_427' title='bbox 3728 3009 4007 3077; x_wconf 86' lang='lat' dir='ltr'><strong>reperiun-</strong></span> 
     </span>
    </p>
   </div>
   <div class='ocr_carea' id='block_1_59' title="bbox 2439 3094 4014 3167">
    <p class='ocr_par' dir='ltr' id='par_1_59' title="bbox 2439 3094 4014 3167">
     <span class='ocr_line' id='line_1_59' title="bbox 2439 3094 4014 3167; baseline 0.003 -19"><span class='ocrx_word' id='word_1_428' title='bbox 2439 3105 2546 3148; x_wconf 86' lang='lat' dir='ltr'><strong>tur.</strong></span> <span class='ocrx_word' id='word_1_429' title='bbox 2581 3094 2778 3149; x_wconf 88' lang='lat' dir='ltr'><strong>Cuitus</strong></span> <span class='ocrx_word' id='word_1_430' title='bbox 2810 3111 2914 3149; x_wconf 90' lang='lat' dir='ltr'><strong>nec</strong></span> <span class='ocrx_word' id='word_1_431' title='bbox 2947 3097 3102 3150; x_wconf 85' lang='lat' dir='ltr'><strong>valde</strong></span> <span class='ocrx_word' id='word_1_432' title='bbox 3134 3099 3397 3166; x_wconf 90' lang='lat' dir='ltr'><strong>antiquus</strong></span> <span class='ocrx_word' id='word_1_433' title='bbox 3444 3099 3588 3167; x_wconf 89' lang='lat' dir='ltr'><strong>apud</strong></span> <span class='ocrx_word' id='word_1_434' title='bbox 3628 3099 3877 3162; x_wconf 87' lang='lat' dir='ltr'><strong>Latinos,</strong></span> <span class='ocrx_word' id='word_1_435' title='bbox 3913 3116 4014 3152; x_wconf 78' lang='lat' dir='ltr'><strong>nec</strong></span> 
     </span>
    </p>
   </div>
   <div class='ocr_carea' id='block_1_60' title="bbox 764 3187 4016 3269">
    <p class='ocr_par' dir='ltr' id='par_1_60' title="bbox 764 3187 4016 3269">
     <span class='ocr_line' id='line_1_60' title="bbox 764 3187 4016 3269; baseline 0.001 -28"><span class='ocrx_word' id='word_1_436' title='bbox 764 3190 1209 3260; x_wconf 85' lang='lat' dir='ltr'><strong>interpolatione.</strong></span> <span class='ocrx_word' id='word_1_437' title='bbox 1241 3188 1448 3243; x_wconf 86' lang='lat' dir='ltr'><strong>Horum</strong></span> <span class='ocrx_word' id='word_1_438' title='bbox 1490 3204 1592 3259; x_wconf 87' lang='lat' dir='ltr'><strong>ego</strong></span> <span class='ocrx_word' id='word_1_439' title='bbox 1621 3189 1959 3244; x_wconf 87' lang='lat' dir='ltr'><strong>editionibus</strong></span> <span class='ocrx_word' id='word_1_440' title='bbox 1992 3189 2136 3245; x_wconf 90' lang='lat' dir='ltr'><strong>inter</strong></span> <span class='ocrx_word' id='word_1_441' title='bbox 2179 3205 2236 3246; x_wconf 86' lang='lat' dir='ltr'><strong>se</strong></span> <span class='ocrx_word' id='word_1_442' title='bbox 2279 3201 2335 3247; x_wconf 92' lang='lat' dir='ltr'><strong>et</strong></span> <span class='ocrx_word' id='word_1_443' title='bbox 2365 3214 2407 3269; x_wconf 72' lang='grc' dir='ltr'>ο</span> <span class='ocrx_word' id='word_1_444' title='bbox 2442 3188 2597 3242; x_wconf 86' lang='lat' dir='ltr'><strong>valde</strong></span> <span class='ocrx_word' id='word_1_445' title='bbox 2627 3188 2862 3243; x_wconf 91' lang='lat' dir='ltr'><strong>celebris</strong></span> <span class='ocrx_word' id='word_1_446' title='bbox 2900 3187 3002 3243; x_wconf 79' lang='lat' dir='ltr'><strong>fuit</strong></span> <span class='ocrx_word' id='word_1_447' title='bbox 3038 3198 3165 3244; x_wconf 89' lang='lat' dir='ltr'><strong>ante</strong></span> <span class='ocrx_word' id='word_1_448' title='bbox 3197 3190 3452 3245; x_wconf 69' lang='lat' dir='ltr'><strong>saeculum</strong></span> <span class='ocrx_word' id='word_1_449' title='bbox 3487 3207 3595 3245; x_wconf 82' lang='lat' dir='ltr'><strong>xvn</strong></span> <span class='ocrx_word' id='word_1_450' title='bbox 3644 3192 3869 3260; x_wconf 88' lang='lat' dir='ltr'><strong>quando</strong></span> <span class='ocrx_word' id='word_1_451' title='bbox 3897 3194 4016 3261; x_wconf 83' lang='lat' dir='ltr'><strong>ejus</strong></span> 
     </span>
    </p>
   </div>
   <div class='ocr_carea' id='block_1_61' title="bbox 767 3281 2336 3353">
    <p class='ocr_par' dir='ltr' id='par_1_61' title="bbox 767 3281 2336 3353">
     <span class='ocr_line' id='line_1_61' title="bbox 767 3281 2336 3353; baseline 0.002 -18"><span class='ocrx_word' id='word_1_452' title='bbox 767 3297 886 3335; x_wconf 89' lang='lat' dir='ltr'><strong>cum</strong></span> <span class='ocrx_word' id='word_1_453' title='bbox 921 3290 1067 3336; x_wconf 78' lang='lat' dir='ltr'><strong>textu</strong></span> <span class='ocrx_word' id='word_1_454' title='bbox 1104 3290 1292 3337; x_wconf 91' lang='lat' dir='ltr'><strong>nostro</strong></span> <span class='ocrx_word' id='word_1_455' title='bbox 1330 3281 1515 3337; x_wconf 76' lang='lat' dir='ltr'><strong>Grzeco</strong></span> <span class='ocrx_word' id='word_1_456' title='bbox 1545 3281 1776 3349; x_wconf 87' lang='lat' dir='ltr'><strong>collatis,</strong></span> <span class='ocrx_word' id='word_1_457' title='bbox 1807 3298 2117 3353; x_wconf 89' lang='lat' dir='ltr'><strong>quanquam</strong></span> <span class='ocrx_word' id='word_1_458' title='bbox 2143 3284 2336 3339; x_wconf 89' lang='lat' dir='ltr'><strong>eodem</strong></span> 
     </span>
    </p>
   </div>
   <div class='ocr_carea' id='block_1_62' title="bbox 762 3374 2335 3446">
    <p class='ocr_par' dir='ltr' id='par_1_62' title="bbox 762 3374 2335 3446">
     <span class='ocr_line' id='line_1_62' title="bbox 762 3374 2335 3446; baseline 0.002 -18"><span class='ocrx_word' id='word_1_459' title='bbox 762 3374 877 3433; x_wconf 75' lang='lat' dir='ltr'><strong>fere</strong></span> <span class='ocrx_word' id='word_1_460' title='bbox 912 3374 1159 3427; x_wconf 88' lang='lat' dir='ltr'><strong>recidant</strong></span> <span class='ocrx_word' id='word_1_461' title='bbox 1189 3374 1393 3438; x_wconf 90' lang='lat' dir='ltr'><strong>omnia,</strong></span> <span class='ocrx_word' id='word_1_462' title='bbox 1419 3374 1583 3428; x_wconf 86' lang='lat' dir='ltr'><strong>malui</strong></span> <span class='ocrx_word' id='word_1_463' title='bbox 1618 3384 1798 3428; x_wconf 86' lang='lat' dir='ltr'><strong>tamen</strong></span> <span class='ocrx_word' id='word_1_464' title='bbox 1835 3390 2033 3430; x_wconf 85' lang='lat' dir='ltr'><strong>novam</strong></span> <span class='ocrx_word' id='word_1_465' title='bbox 2066 3376 2335 3446; x_wconf 88' lang='lat' dir='ltr'><strong>interpre-</strong></span> 
     </span>
    </p>
   </div>
   <div class='ocr_carea' id='block_1_63' title="bbox 763 3466 2336 3534">
    <p class='ocr_par' dir='ltr' id='par_1_63' title="bbox 763 3466 2336 3534">
     <span class='ocr_line' id='line_1_63' title="bbox 763 3466 2336 3534; baseline 0.001 -14"><span class='ocrx_word' id='word_1_466' title='bbox 763 3467 1029 3521; x_wconf 84' lang='lat' dir='ltr'><strong>tationem</strong></span> <span class='ocrx_word' id='word_1_467' title='bbox 1059 3466 1259 3529; x_wconf 86' lang='lat' dir='ltr'><strong>t&#39;acere,</strong></span> <span class='ocrx_word' id='word_1_468' title='bbox 1290 3467 1635 3521; x_wconf 82' lang='lat' dir='ltr'><strong>consimilem</strong></span> <span class='ocrx_word' id='word_1_469' title='bbox 1670 3476 1857 3522; x_wconf 89' lang='lat' dir='ltr'><strong>nostro</strong></span> <span class='ocrx_word' id='word_1_470' title='bbox 1891 3483 1996 3523; x_wconf 86' lang='lat' dir='ltr'><strong>ms.</strong></span> <span class='ocrx_word' id='word_1_471' title='bbox 2028 3467 2236 3534; x_wconf 70' lang='lat' dir='ltr'><strong>Graeco,</strong></span> <span class='ocrx_word' id='word_1_472' title='bbox 2269 3470 2336 3522; x_wconf 86' lang='lat' dir='ltr'><strong>il-</strong></span> 
     </span>
    </p>
   </div>
   <div class='ocr_carea' id='block_1_64' title="bbox 766 3557 2337 3631">
    <p class='ocr_par' dir='ltr' id='par_1_64' title="bbox 766 3557 2337 3631">
     <span class='ocr_line' id='line_1_64' title="bbox 766 3557 2337 3631; baseline 0.001 -20"><span class='ocrx_word' id='word_1_473' title='bbox 766 3560 982 3627; x_wconf 75' lang='lat' dir='ltr'><strong>iamque</strong></span> <span class='ocrx_word' id='word_1_474' title='bbox 1022 3557 1183 3612; x_wconf 88' lang='lat' dir='ltr'><strong>simul</strong></span> <span class='ocrx_word' id='word_1_475' title='bbox 1220 3559 1559 3627; x_wconf 84' lang='lat' dir='ltr'><strong>imprimere,</strong></span> <span class='ocrx_word' id='word_1_476' title='bbox 1605 3568 1666 3613; x_wconf 90' lang='lat' dir='ltr'><strong>ut</strong></span> <span class='ocrx_word' id='word_1_477' title='bbox 1695 3560 1881 3613; x_wconf 89' lang='lat' dir='ltr'><strong>omnia</strong></span> <span class='ocrx_word' id='word_1_478' title='bbox 1912 3561 2082 3631; x_wconf 90' lang='lat' dir='ltr'><strong>magis</strong></span> <span class='ocrx_word' id='word_1_479' title='bbox 2105 3563 2337 3614; x_wconf 80' lang='lat' dir='ltr'><strong>authen-</strong></span> 
     </span>
    </p>
   </div>
   <div class='ocr_carea' id='block_1_65' title="bbox 768 3649 2332 3723">
    <p class='ocr_par' dir='ltr' id='par_1_65' title="bbox 768 3649 2332 3723">
     <span class='ocr_line' id='line_1_65' title="bbox 768 3649 2332 3723; baseline 0.003 -18"><span class='ocrx_word' id='word_1_480' title='bbox 768 3653 872 3705; x_wconf 88' lang='lat' dir='ltr'><strong>tica</strong></span> <span class='ocrx_word' id='word_1_481' title='bbox 897 3652 1025 3705; x_wconf 86' lang='lat' dir='ltr'><strong>sint.</strong></span> <span class='ocrx_word' id='word_1_482' title='bbox 1061 3651 1243 3707; x_wconf 85' lang='lat' dir='ltr'><strong>Editio</strong></span> <span class='ocrx_word' id='word_1_483' title='bbox 1268 3649 1479 3721; x_wconf 84' lang='lat' dir='ltr'><strong>Ughelli</strong></span> <span class='ocrx_word' id='word_1_484' title='bbox 1517 3653 1745 3723; x_wconf 87' lang='lat' dir='ltr'><strong>propius</strong></span> <span class='ocrx_word' id='word_1_485' title='bbox 1768 3652 1973 3707; x_wconf 88' lang='lat' dir='ltr'><strong>insistit</strong></span> <span class='ocrx_word' id='word_1_486' title='bbox 2012 3666 2202 3709; x_wconf 90' lang='lat' dir='ltr'><strong>nostro</strong></span> <span class='ocrx_word' id='word_1_487' title='bbox 2232 3671 2332 3709; x_wconf 89' lang='lat' dir='ltr'><strong>ms.</strong></span> 
     </span>
    </p>
   </div>
   <div class='ocr_carea' id='block_1_66' title="bbox 767 3742 2336 3816">
    <p class='ocr_par' dir='ltr' id='par_1_66' title="bbox 767 3742 2336 3816">
     <span class='ocr_line' id='line_1_66' title="bbox 767 3742 2336 3816; baseline 0.001 -17"><span class='ocrx_word' id='word_1_488' title='bbox 767 3742 951 3799; x_wconf 63' lang='lat' dir='ltr'><strong>Grmco</strong></span> <span class='ocrx_word' id='word_1_489' title='bbox 990 3762 1002 3797; x_wconf 93' lang='lat'><strong>:</strong></span> <span class='ocrx_word' id='word_1_490' title='bbox 1040 3743 1376 3800; x_wconf 77' lang='lat' dir='ltr'><strong>Maraﬂmina</strong></span> <span class='ocrx_word' id='word_1_491' title='bbox 1410 3754 1465 3798; x_wconf 90' lang='lat' dir='ltr'><strong>et</strong></span> <span class='ocrx_word' id='word_1_492' title='bbox 1495 3744 1764 3798; x_wconf 84' lang='lat' dir='ltr'><strong>Politiana</strong></span> <span class='ocrx_word' id='word_1_493' title='bbox 1793 3744 1847 3799; x_wconf 89' lang='lat' dir='ltr'><strong>in</strong></span> <span class='ocrx_word' id='word_1_494' title='bbox 1874 3746 2065 3814; x_wconf 84' lang='lat' dir='ltr'><strong>paucis</strong></span> <span class='ocrx_word' id='word_1_495' title='bbox 2085 3746 2336 3816; x_wconf 80' lang='lat' dir='ltr'><strong>aliquan-</strong></span> 
     </span>
    </p>
   </div>
   <div class='ocr_carea' id='block_1_67' title="bbox 766 3835 2337 3907">
    <p class='ocr_par' dir='ltr' id='par_1_67' title="bbox 766 3835 2337 3907">
     <span class='ocr_line' id='line_1_67' title="bbox 766 3835 2337 3907; baseline -0.004 -12"><span class='ocrx_word' id='word_1_496' title='bbox 766 3837 880 3895; x_wconf 84' lang='lat' dir='ltr'><strong>lum</strong></span> <span class='ocrx_word' id='word_1_497' title='bbox 904 3835 1253 3902; x_wconf 86' lang='lat' dir='ltr'><strong>discordant;</strong></span> <span class='ocrx_word' id='word_1_498' title='bbox 1278 3844 1333 3890; x_wconf 91' lang='lat' dir='ltr'><strong>et</strong></span> <span class='ocrx_word' id='word_1_499' title='bbox 1363 3836 1416 3889; x_wconf 90' lang='lat' dir='ltr'><strong>in</strong></span> <span class='ocrx_word' id='word_1_500' title='bbox 1439 3835 1532 3890; x_wconf 93' lang='lat' dir='ltr'><strong>illo</strong></span> <span class='ocrx_word' id='word_1_501' title='bbox 1554 3838 1851 3907; x_wconf 66' lang='lat' dir='ltr'><strong>praecipue.</strong></span> <span class='ocrx_word' id='word_1_502' title='bbox 1875 3838 2020 3907; x_wconf 89' lang='lat' dir='ltr'><strong>quod</strong></span> <span class='ocrx_word' id='word_1_503' title='bbox 2050 3838 2337 3906; x_wconf 90' lang='lat' dir='ltr'><strong>designent</strong></span> 
     </span>
    </p>
   </div>
   <div class='ocr_carea' id='block_1_68' title="bbox 762 3925 2334 3999">
    <p class='ocr_par' dir='ltr' id='par_1_68' title="bbox 762 3925 2334 3999">
     <span class='ocr_line' id='line_1_68' title="bbox 762 3925 2334 3999; baseline -0.002 -15"><span class='ocrx_word' id='word_1_504' title='bbox 762 3930 907 3984; x_wconf 88' lang='lat' dir='ltr'><strong>diem</strong></span> <span class='ocrx_word' id='word_1_505' title='bbox 980 3927 1231 3997; x_wconf 81' lang='lat' dir='ltr'><strong>martyrii</strong></span> <span class='ocrx_word' id='word_1_506' title='bbox 1283 3927 1576 3997; x_wconf 86' lang='lat' dir='ltr'><strong>septimum</strong></span> <span class='ocrx_word' id='word_1_507' title='bbox 1629 3927 1790 3994; x_wconf 83' lang='lat' dir='ltr'><strong>Julii;</strong></span> <span class='ocrx_word' id='word_1_508' title='bbox 1847 3941 2008 3998; x_wconf 88' lang='lat' dir='ltr'><strong>quem</strong></span> <span class='ocrx_word' id='word_1_509' title='bbox 2055 3925 2334 3999; x_wconf 78' lang='lat' dir='ltr'><strong>Ugbeilus,</strong></span> 
     </span>
    </p>
   </div>
   <div class='ocr_carea' id='block_1_69' title="bbox 766 4017 2332 4088">
    <p class='ocr_par' dir='ltr' id='par_1_69' title="bbox 766 4017 2332 4088">
     <span class='ocr_line' id='line_1_69' title="bbox 766 4017 2332 4088; baseline -0.001 -14"><span class='ocrx_word' id='word_1_510' title='bbox 766 4031 953 4075; x_wconf 87' lang='lat' dir='ltr'><strong>noster</strong></span> <span class='ocrx_word' id='word_1_511' title='bbox 990 4028 1170 4073; x_wconf 83' lang='lat' dir='ltr'><strong>textus</strong></span> <span class='ocrx_word' id='word_1_512' title='bbox 1201 4017 1444 4083; x_wconf 70' lang='lat' dir='ltr'><strong>Graecus,</strong></span> <span class='ocrx_word' id='word_1_513' title='bbox 1479 4018 1680 4073; x_wconf 67' lang='lat' dir='ltr'><strong>Menaaa</strong></span> <span class='ocrx_word' id='word_1_514' title='bbox 1720 4031 1775 4073; x_wconf 87' lang='lat' dir='ltr'><strong>et</strong></span> <span class='ocrx_word' id='word_1_515' title='bbox 1815 4020 2114 4088; x_wconf 77' lang='lat' dir='ltr'><strong>Menologia</strong></span> <span class='ocrx_word' id='word_1_516' title='bbox 2145 4021 2332 4083; x_wconf 84' lang='lat' dir='ltr'><strong>citata,</strong></span> 
     </span>
    </p>
   </div>
   <div class='ocr_carea' id='block_1_70' title="bbox 767 4112 1839 4181">
    <p class='ocr_par' dir='ltr' id='par_1_70' title="bbox 767 4112 1839 4181">
     <span class='ocr_line' id='line_1_70' title="bbox 767 4112 1839 4181; baseline -0.006 -10"><span class='ocrx_word' id='word_1_517' title='bbox 767 4113 1101 4171; x_wconf 81' lang='lat' dir='ltr'><strong>unanimiter</strong></span> <span class='ocrx_word' id='word_1_518' title='bbox 1129 4121 1389 4167; x_wconf 88' lang='lat' dir='ltr'><strong>asserunt</strong></span> <span class='ocrx_word' id='word_1_519' title='bbox 1411 4112 1664 4181; x_wconf 89' lang='lat' dir='ltr'><strong>quintum</strong></span> <span class='ocrx_word' id='word_1_520' title='bbox 1690 4113 1839 4169; x_wconf 78' lang='lat' dir='ltr'><strong>Julii.</strong></span> 
     </span>
    </p>
   </div>
   <div class='ocr_carea' id='block_1_71' title="bbox 835 4201 2334 4272">
    <p class='ocr_par' dir='ltr' id='par_1_71' title="bbox 835 4201 2334 4272">
     <span class='ocr_line' id='line_1_71' title="bbox 835 4201 2334 4272; baseline -0.002 -16"><span class='ocrx_word' id='word_1_521' title='bbox 835 4206 872 4256; x_wconf 88' lang='lat'><strong>7</strong></span> <span class='ocrx_word' id='word_1_522' title='bbox 916 4203 1205 4260; x_wconf 87' lang='lat' dir='ltr'><strong>Cornelius</strong></span> <span class='ocrx_word' id='word_1_523' title='bbox 1252 4217 1281 4257; x_wconf 89' lang='lat' dir='ltr'><strong>a</strong></span> <span class='ocrx_word' id='word_1_524' title='bbox 1311 4201 1515 4272; x_wconf 87' lang='lat' dir='ltr'><strong>Lapide</strong></span> <span class='ocrx_word' id='word_1_525' title='bbox 1551 4203 1603 4255; x_wconf 92' lang='lat' dir='ltr'><strong>in</strong></span> <span class='ocrx_word' id='word_1_526' title='bbox 1638 4204 1769 4256; x_wconf 84' lang='lat' dir='ltr'><strong>Acta</strong></span> <span class='ocrx_word' id='word_1_527' title='bbox 1800 4205 2170 4271; x_wconf 88' lang='lat' dir='ltr'><strong>apostolorum</strong></span> <span class='ocrx_word' id='word_1_528' title='bbox 2214 4219 2334 4272; x_wconf 68' lang='lat' dir='ltr'><strong>cap.</strong></span> 
     </span>
    </p>
   </div>
   <div class='ocr_carea' id='block_1_72' title="bbox 764 4278 2335 4361">
    <p class='ocr_par' dir='ltr' id='par_1_72' title="bbox 764 4278 2335 4361">
     <span class='ocr_line' id='line_1_72' title="bbox 764 4278 2335 4361; baseline -0.004 -8"><span class='ocrx_word' id='word_1_529' title='bbox 764 4299 958 4353; x_wconf 82' lang='lat' dir='ltr'><strong>ultimo</strong></span> <span class='ocrx_word' id='word_1_530' title='bbox 1005 4296 1071 4349; x_wconf 88' lang='lat' dir='ltr'><strong>ad</strong></span> <span class='ocrx_word' id='word_1_531' title='bbox 1115 4295 1205 4350; x_wconf 85' lang='lat' dir='ltr'><strong>illa</strong></span> <span class='ocrx_word' id='word_1_532' title='bbox 1256 4296 1447 4358; x_wconf 81' lang='lat' dir='ltr'><strong>verba,</strong></span> <span class='ocrx_word' id='word_1_533' title='bbox 1505 4293 1812 4349; x_wconf 77' lang='lat' dir='ltr'><strong>Dcrenimus</strong></span> <span class='ocrx_word' id='word_1_534' title='bbox 1863 4278 2144 4361; x_wconf 75' lang='lat' dir='ltr'><strong>Rhegium,</strong></span> <span class='ocrx_word' id='word_1_535' title='bbox 2187 4312 2335 4349; x_wconf 89' lang='lat' dir='ltr'><strong>com-</strong></span> 
     </span>
    </p>
   </div>
   <div class='ocr_carea' id='block_1_73' title="bbox 767 4372 2338 4455">
    <p class='ocr_par' dir='ltr' id='par_1_73' title="bbox 767 4372 2338 4455">
     <span class='ocr_line' id='line_1_73' title="bbox 767 4372 2338 4455; baseline -0.003 -11"><span class='ocrx_word' id='word_1_536' title='bbox 767 4398 1041 4453; x_wconf 86' lang='lat' dir='ltr'><strong>mentans,</strong></span> <span class='ocrx_word' id='word_1_537' title='bbox 1068 4389 1218 4443; x_wconf 87' lang='lat' dir='ltr'><strong>varia</strong></span> <span class='ocrx_word' id='word_1_538' title='bbox 1271 4385 1455 4449; x_wconf 84' lang='lat' dir='ltr'><strong>habet,</strong></span> <span class='ocrx_word' id='word_1_539' title='bbox 1493 4401 1613 4455; x_wconf 67' lang='lat' dir='ltr'><strong>quae</strong></span> <span class='ocrx_word' id='word_1_540' title='bbox 1654 4386 1778 4448; x_wconf 88' lang='lat' dir='ltr'><strong>sibi,</strong></span> <span class='ocrx_word' id='word_1_541' title='bbox 1811 4398 1939 4439; x_wconf 92' lang='lat' dir='ltr'><strong>tunc</strong></span> <span class='ocrx_word' id='word_1_542' title='bbox 1974 4372 2155 4441; x_wconf 66' lang='lat' dir='ltr'><strong>Romae</strong></span> <span class='ocrx_word' id='word_1_543' title='bbox 2186 4403 2338 4440; x_wconf 83' lang='lat' dir='ltr'><strong>cont-</strong></span> 
     </span>
    </p>
   </div>
   <div class='ocr_carea' id='block_1_74' title="bbox 768 4478 2340 4548">
    <p class='ocr_par' dir='ltr' id='par_1_74' title="bbox 768 4478 2340 4548">
     <span class='ocr_line' id='line_1_74' title="bbox 768 4478 2340 4548; baseline -0.004 -9"><span class='ocrx_word' id='word_1_544' title='bbox 768 4484 1028 4543; x_wconf 84' lang='lat' dir='ltr'><strong>moranti,</strong></span> <span class='ocrx_word' id='word_1_545' title='bbox 1060 4481 1331 4535; x_wconf 88' lang='lat' dir='ltr'><strong>submissa</strong></span> <span class='ocrx_word' id='word_1_546' title='bbox 1377 4481 1598 4535; x_wconf 82' lang='lat' dir='ltr'><strong>fuerunt</strong></span> <span class='ocrx_word' id='word_1_547' title='bbox 1659 4496 1688 4533; x_wconf 86' lang='lat' dir='ltr'><strong>a</strong></span> <span class='ocrx_word' id='word_1_548' title='bbox 1741 4478 2163 4548; x_wconf 83' lang='lat' dir='ltr'><strong>Rhegiensihus.</strong></span> <span class='ocrx_word' id='word_1_549' title='bbox 2211 4480 2340 4533; x_wconf 69' lang='lat' dir='ltr'><strong>viris</strong></span> 
     </span>
    </p>
   </div>
   <div class='ocr_carea' id='block_1_75' title="bbox 768 4552 2416 4641">
    <p class='ocr_par' dir='ltr' id='par_1_75' title="bbox 768 4552 2416 4641">
     <span class='ocr_line' id='line_1_75' title="bbox 768 4552 2416 4641; baseline -0.001 -13"><span class='ocrx_word' id='word_1_550' title='bbox 768 4574 1001 4630; x_wconf 86' lang='lat' dir='ltr'><strong>eruditis</strong></span> <span class='ocrx_word' id='word_1_551' title='bbox 1044 4584 1099 4628; x_wconf 91' lang='lat' dir='ltr'><strong>et</strong></span> <span class='ocrx_word' id='word_1_552' title='bbox 1153 4572 1429 4641; x_wconf 87' lang='lat' dir='ltr'><strong>primariis</strong></span> <span class='ocrx_word' id='word_1_553' title='bbox 1467 4590 1477 4623; x_wconf 91' lang='lat'>:</span> <span class='ocrx_word' id='word_1_554' title='bbox 1515 4583 1676 4641; x_wconf 85' lang='lat' dir='ltr'><strong>atque</strong></span> <span class='ocrx_word' id='word_1_555' title='bbox 1714 4588 1776 4626; x_wconf 77' lang='lat' dir='ltr'><strong>cx</strong></span> <span class='ocrx_word' id='word_1_556' title='bbox 1812 4573 2028 4626; x_wconf 89' lang='lat' dir='ltr'><strong>illorum</strong></span> <span class='ocrx_word' id='word_1_557' title='bbox 2075 4573 2177 4627; x_wconf 67' lang='lat' dir='ltr'><strong>title</strong></span> <span class='ocrx_word' id='word_1_558' title='bbox 2227 4574 2339 4627; x_wconf 75' lang='lat' dir='ltr'><strong>inec</strong></span> <span class='ocrx_word' id='word_1_559' title='bbox 2378 4552 2416 4603; x_wconf 70' lang='grc' dir='ltr'>ο</span> 
     </span>
    </p>
   </div>
   <div class='ocr_carea' id='block_1_76' title="bbox 768 4662 2335 4731">
    <p class='ocr_par' dir='ltr' id='par_1_76' title="bbox 768 4662 2335 4731">
     <span class='ocr_line' id='line_1_76' title="bbox 768 4662 2335 4731; baseline -0.003 -9"><span class='ocrx_word' id='word_1_560' title='bbox 768 4675 1001 4722; x_wconf 89' lang='lat' dir='ltr'><strong>narrat:</strong></span> <span class='ocrx_word' id='word_1_561' title='bbox 1052 4685 1069 4715; x_wconf 76' lang='grc' dir='ltr'>ι</span> <span class='ocrx_word' id='word_1_562' title='bbox 1116 4665 1251 4719; x_wconf 87' lang='lat' dir='ltr'><strong>Silet</strong></span> <span class='ocrx_word' id='word_1_563' title='bbox 1310 4664 1399 4718; x_wconf 89' lang='lat' dir='ltr'><strong>hic</strong></span> <span class='ocrx_word' id='word_1_564' title='bbox 1455 4665 1619 4715; x_wconf 88' lang='lat' dir='ltr'><strong>multa</strong></span> <span class='ocrx_word' id='word_1_565' title='bbox 1672 4662 1865 4722; x_wconf 85' lang='lat' dir='ltr'><strong>Lucas,</strong></span> <span class='ocrx_word' id='word_1_566' title='bbox 1926 4681 1986 4717; x_wconf 88' lang='lat' dir='ltr'><strong>ac</strong></span> <span class='ocrx_word' id='word_1_567' title='bbox 2036 4669 2335 4731; x_wconf 59' lang='lat' dir='ltr'><strong>praesertim</strong></span> 
     </span>
    </p>
   </div>
   <div class='ocr_carea' id='block_1_77' title="bbox 770 4755 2337 4829">
    <p class='ocr_par' dir='ltr' id='par_1_77' title="bbox 770 4755 2337 4829">
     <span class='ocr_line' id='line_1_77' title="bbox 770 4755 2337 4829; baseline -0.001 -17"><span class='ocrx_word' id='word_1_568' title='bbox 770 4758 1161 4829; x_wconf 83' lang='lat' dir='ltr'><strong>Rhegiensium</strong></span> <span class='ocrx_word' id='word_1_569' title='bbox 1194 4772 1222 4810; x_wconf 92' lang='lat' dir='ltr'><strong>a</strong></span> <span class='ocrx_word' id='word_1_570' title='bbox 1251 4756 1423 4811; x_wconf 84' lang='lat' dir='ltr'><strong>Paulo</strong></span> <span class='ocrx_word' id='word_1_571' title='bbox 1455 4755 1891 4818; x_wconf 78' lang='lat' dir='ltr'><strong>conversionem,</strong></span> <span class='ocrx_word' id='word_1_572' title='bbox 1934 4772 2042 4811; x_wconf 90' lang='lat' dir='ltr'><strong>uno</strong></span> <span class='ocrx_word' id='word_1_573' title='bbox 2085 4757 2191 4819; x_wconf 83' lang='lat' dir='ltr'><strong>die.</strong></span> <span class='ocrx_word' id='word_1_574' title='bbox 2232 4776 2337 4825; x_wconf 71' lang='lat' dir='ltr'><strong>non</strong></span> 
     </span>
    </p>
   </div>
   <div class='ocr_carea' id='block_1_78' title="bbox 769 4849 2339 4923">
    <p class='ocr_par' dir='ltr' id='par_1_78' title="bbox 769 4849 2339 4923">
     <span class='ocr_line' id='line_1_78' title="bbox 769 4849 2339 4923; baseline -0.002 -18"><span class='ocrx_word' id='word_1_575' title='bbox 769 4852 911 4923; x_wconf 83' lang='lat' dir='ltr'><strong>apud</strong></span> <span class='ocrx_word' id='word_1_576' title='bbox 934 4865 1028 4903; x_wconf 91' lang='lat' dir='ltr'><strong>eos</strong></span> <span class='ocrx_word' id='word_1_577' title='bbox 1059 4850 1233 4913; x_wconf 69' lang='lat' dir='ltr'><strong>haesit,</strong></span> <span class='ocrx_word' id='word_1_578' title='bbox 1262 4850 1459 4903; x_wconf 80' lang='lat' dir='ltr'><strong>iactam</strong></span> <span class='ocrx_word' id='word_1_579' title='bbox 1490 4866 1501 4900; x_wconf 91' lang='lat'>:</span> <span class='ocrx_word' id='word_1_580' title='bbox 1530 4864 1651 4917; x_wconf 65' lang='lat' dir='ltr'><strong>quae</strong></span> <span class='ocrx_word' id='word_1_581' title='bbox 1683 4864 1747 4902; x_wconf 77' lang='lat' dir='ltr'><strong>cx</strong></span> <span class='ocrx_word' id='word_1_582' title='bbox 1775 4849 2028 4903; x_wconf 60' lang='lat' dir='ltr'><strong>Ecclesia</strong></span> <span class='ocrx_word' id='word_1_583' title='bbox 2064 4850 2339 4920; x_wconf 70' lang='lat' dir='ltr'><strong>thcgien-</strong></span> 
     </span>
    </p>
   </div>
   <div class='ocr_carea' id='block_1_79' title="bbox 763 4941 2337 5008">
    <p class='ocr_par' dir='ltr' id='par_1_79' title="bbox 763 4941 2337 5008">
     <span class='ocr_line' id='line_1_79' title="bbox 763 4941 2337 5008; baseline -0.003 -9"><span class='ocrx_word' id='word_1_584' title='bbox 763 4947 840 4999; x_wconf 82' lang='lat' dir='ltr'><strong>sis</strong></span> <span class='ocrx_word' id='word_1_585' title='bbox 867 4942 1260 5005; x_wconf 88' lang='lat' dir='ltr'><strong>monumentis,</strong></span> <span class='ocrx_word' id='word_1_586' title='bbox 1287 4941 1479 4994; x_wconf 88' lang='lat' dir='ltr'><strong>eodem</strong></span> <span class='ocrx_word' id='word_1_587' title='bbox 1505 4955 1621 4992; x_wconf 68' lang='lat' dir='ltr'><strong>aevo</strong></span> <span class='ocrx_word' id='word_1_588' title='bbox 1659 4942 1877 5008; x_wconf 85' lang='lat' dir='ltr'><strong>(nempe</strong></span> <span class='ocrx_word' id='word_1_589' title='bbox 1910 4941 2108 4993; x_wconf 69' lang='lat' dir='ltr'><strong>saeculo</strong></span> <span class='ocrx_word' id='word_1_590' title='bbox 2135 4944 2337 4997; x_wconf 84' lang='lat' dir='ltr'><strong>Christi</strong></span> 
     </span>
    </p>
   </div>
   <div class='ocr_carea' id='block_1_80' title="bbox 770 5032 2339 5107">
    <p class='ocr_par' dir='ltr' id='par_1_80' title="bbox 770 5032 2339 5107">
     <span class='ocr_line' id='line_1_80' title="bbox 770 5032 2339 5107; baseline -0.001 -17"><span class='ocrx_word' id='word_1_591' title='bbox 770 5037 963 5107; x_wconf 89' lang='lat' dir='ltr'><strong>primo)</strong></span> <span class='ocrx_word' id='word_1_592' title='bbox 1000 5034 1187 5091; x_wconf 74' lang='lat' dir='ltr'><strong>Graece</strong></span> <span class='ocrx_word' id='word_1_593' title='bbox 1240 5032 1589 5100; x_wconf 87' lang='lat' dir='ltr'><strong>conscriptis,</strong></span> <span class='ocrx_word' id='word_1_594' title='bbox 1628 5048 1690 5086; x_wconf 90' lang='lat' dir='ltr'><strong>ac</strong></span> <span class='ocrx_word' id='word_1_595' title='bbox 1740 5032 1940 5086; x_wconf 83' lang='lat' dir='ltr'><strong>deinde</strong></span> <span class='ocrx_word' id='word_1_596' title='bbox 1995 5034 2046 5086; x_wconf 91' lang='lat' dir='ltr'><strong>in</strong></span> <span class='ocrx_word' id='word_1_597' title='bbox 2085 5032 2339 5088; x_wconf 85' lang='lat' dir='ltr'><strong>Latinum</strong></span> 
     </span>
    </p>
   </div>
   <div class='ocr_carea' id='block_1_81' title="bbox 769 5126 2341 5196">
    <p class='ocr_par' dir='ltr' id='par_1_81' title="bbox 769 5126 2341 5196">
     <span class='ocr_line' id='line_1_81' title="bbox 769 5126 2341 5196; baseline -0.001 -12"><span class='ocrx_word' id='word_1_598' title='bbox 769 5130 970 5184; x_wconf 88' lang='lat' dir='ltr'><strong>idioma</strong></span> <span class='ocrx_word' id='word_1_599' title='bbox 1022 5127 1320 5186; x_wconf 84' lang='lat' dir='ltr'><strong>translatis,</strong></span> <span class='ocrx_word' id='word_1_600' title='bbox 1356 5136 1410 5179; x_wconf 90' lang='lat' dir='ltr'><strong>et</strong></span> <span class='ocrx_word' id='word_1_601' title='bbox 1459 5126 1512 5179; x_wconf 91' lang='lat' dir='ltr'><strong>in</strong></span> <span class='ocrx_word' id='word_1_602' title='bbox 1580 5126 2033 5196; x_wconf 84' lang='lat' dir='ltr'><strong>archiepiscopali</strong></span> <span class='ocrx_word' id='word_1_603' title='bbox 2095 5129 2341 5183; x_wconf 84' lang='lat' dir='ltr'><strong>archivio</strong></span> 
     </span>
    </p>
   </div>
   <div class='ocr_carea' id='block_1_82' title="bbox 771 5218 2343 5292">
    <p class='ocr_par' dir='ltr' id='par_1_82' title="bbox 771 5218 2343 5292">
     <span class='ocr_line' id='line_1_82' title="bbox 771 5218 2343 5292; baseline 0.001 -16"><span class='ocrx_word' id='word_1_604' title='bbox 771 5222 1086 5285; x_wconf 79' lang='lat' dir='ltr'><strong>asservatis,</strong></span> <span class='ocrx_word' id='word_1_605' title='bbox 1113 5234 1140 5273; x_wconf 87' lang='lat' dir='ltr'><strong>a</strong></span> <span class='ocrx_word' id='word_1_606' title='bbox 1170 5218 1577 5288; x_wconf 84' lang='lat' dir='ltr'><strong>Rhegiensibus</strong></span> <span class='ocrx_word' id='word_1_607' title='bbox 1626 5220 1758 5272; x_wconf 86' lang='lat' dir='ltr'><strong>viris</strong></span> <span class='ocrx_word' id='word_1_608' title='bbox 1788 5222 2022 5277; x_wconf 86' lang='lat' dir='ltr'><strong>eruditis</strong></span> <span class='ocrx_word' id='word_1_609' title='bbox 2051 5234 2104 5275; x_wconf 91' lang='lat' dir='ltr'><strong>ct</strong></span> <span class='ocrx_word' id='word_1_610' title='bbox 2145 5223 2343 5292; x_wconf 53' lang='lat' dir='ltr'><strong>prima.</strong></span> 
     </span>
    </p>
   </div>
   <div class='ocr_carea' id='block_1_83' title="bbox 771 5310 2334 5372">
    <p class='ocr_par' dir='ltr' id='par_1_83' title="bbox 771 5310 2334 5372">
     <span class='ocr_line' id='line_1_83' title="bbox 771 5310 2334 5372; baseline -0.003 -5"><span class='ocrx_word' id='word_1_611' title='bbox 771 5316 867 5368; x_wconf 87' lang='lat' dir='ltr'><strong>riis</strong></span> <span class='ocrx_word' id='word_1_612' title='bbox 906 5313 973 5366; x_wconf 89' lang='lat' dir='ltr'><strong>ad</strong></span> <span class='ocrx_word' id='word_1_613' title='bbox 1010 5327 1097 5366; x_wconf 91' lang='lat' dir='ltr'><strong>me</strong></span> <span class='ocrx_word' id='word_1_614' title='bbox 1124 5310 1348 5365; x_wconf 83' lang='lat' dir='ltr'><strong>Romam</strong></span> <span class='ocrx_word' id='word_1_615' title='bbox 1382 5310 1721 5372; x_wconf 88' lang='lat' dir='ltr'><strong>transmissa,</strong></span> <span class='ocrx_word' id='word_1_616' title='bbox 1757 5310 1846 5364; x_wconf 91' lang='lat' dir='ltr'><strong>hic</strong></span> <span class='ocrx_word' id='word_1_617' title='bbox 1898 5313 2277 5367; x_wconf 82' lang='lat' dir='ltr'><strong>rranscribam.</strong></span> <span class='ocrx_word' id='word_1_618' title='bbox 2319 5332 2334 5363; x_wconf 68' lang='grc' dir='ltr'><em>θ</em></span> 
     </span>
    </p>
   </div>
   <div class='ocr_carea' id='block_1_84' title="bbox 771 5401 2343 5475">
    <p class='ocr_par' dir='ltr' id='par_1_84' title="bbox 771 5401 2343 5475">
     <span class='ocr_line' id='line_1_84' title="bbox 771 5401 2343 5475; baseline -0.001 -14"><span class='ocrx_word' id='word_1_619' title='bbox 771 5404 1113 5462; x_wconf 86' lang='lat' dir='ltr'><strong>Transcribit</strong></span> <span class='ocrx_word' id='word_1_620' title='bbox 1169 5414 1351 5456; x_wconf 87' lang='lat' dir='ltr'><strong>autem</strong></span> <span class='ocrx_word' id='word_1_621' title='bbox 1416 5405 1488 5459; x_wconf 89' lang='lat' dir='ltr'><strong>ibi</strong></span> <span class='ocrx_word' id='word_1_622' title='bbox 1540 5406 1670 5457; x_wconf 79' lang='lat' dir='ltr'><strong>Acta</strong></span> <span class='ocrx_word' id='word_1_623' title='bbox 1723 5401 1912 5458; x_wconf 82' lang='lat' dir='ltr'><strong>Latina</strong></span> <span class='ocrx_word' id='word_1_624' title='bbox 1968 5405 2023 5459; x_wconf 87' lang='lat' dir='ltr'><strong>S.</strong></span> <span class='ocrx_word' id='word_1_625' title='bbox 2079 5404 2343 5475; x_wconf 82' lang='lat' dir='ltr'><strong>Stephani</strong></span> 
     </span>
    </p>
   </div>
   <div class='ocr_carea' id='block_1_85' title="bbox 772 5494 2338 5568">
    <p class='ocr_par' dir='ltr' id='par_1_85' title="bbox 772 5494 2338 5568">
     <span class='ocr_line' id='line_1_85' title="bbox 772 5494 2338 5568; baseline -0.001 -15"><span class='ocrx_word' id='word_1_626' title='bbox 772 5497 1043 5568; x_wconf 70' lang='lat' dir='ltr'><strong>episwpi,</strong></span> <span class='ocrx_word' id='word_1_627' title='bbox 1081 5512 1110 5549; x_wconf 88' lang='lat' dir='ltr'><strong>a</strong></span> <span class='ocrx_word' id='word_1_628' title='bbox 1141 5495 1311 5557; x_wconf 83' lang='lat' dir='ltr'><strong>Paulo</strong></span> <span class='ocrx_word' id='word_1_629' title='bbox 1340 5496 1585 5565; x_wconf 88' lang='lat' dir='ltr'><strong>apostolo</strong></span> <span class='ocrx_word' id='word_1_630' title='bbox 1616 5494 2038 5564; x_wconf 85' lang='lat' dir='ltr'><strong>Rhegiensibus,</strong></span> <span class='ocrx_word' id='word_1_631' title='bbox 2074 5508 2127 5551; x_wconf 87' lang='lat' dir='ltr'><strong>ut</strong></span> <span class='ocrx_word' id='word_1_632' title='bbox 2165 5498 2338 5561; x_wconf 88' lang='lat' dir='ltr'><strong>aiunt,</strong></span> 
     </span>
    </p>
   </div>
   <div class='ocr_carea' id='block_1_86' title="bbox 774 5588 2345 5660">
    <p class='ocr_par' dir='ltr' id='par_1_86' title="bbox 774 5588 2345 5660">
     <span class='ocr_line' id='line_1_86' title="bbox 774 5588 2345 5660; baseline -0.002 -13"><span class='ocrx_word' id='word_1_633' title='bbox 774 5594 831 5647; x_wconf 87' lang='lat' dir='ltr'><strong>in</strong></span> <span class='ocrx_word' id='word_1_634' title='bbox 863 5589 1097 5645; x_wconf 80' lang='lat' dir='ltr'><strong>transitu</strong></span> <span class='ocrx_word' id='word_1_635' title='bbox 1121 5588 1379 5650; x_wconf 86' lang='lat' dir='ltr'><strong>ordinati,</strong></span> <span class='ocrx_word' id='word_1_636' title='bbox 1408 5604 1525 5657; x_wconf 67' lang='lat' dir='ltr'><strong>quae</strong></span> <span class='ocrx_word' id='word_1_637' title='bbox 1571 5590 1673 5644; x_wconf 83' lang='lat' dir='ltr'><strong>alia</strong></span> <span class='ocrx_word' id='word_1_638' title='bbox 1712 5603 1817 5642; x_wconf 88' lang='lat' dir='ltr'><strong>non</strong></span> <span class='ocrx_word' id='word_1_639' title='bbox 1862 5602 1988 5646; x_wconf 85' lang='lat' dir='ltr'><strong>sunt</strong></span> <span class='ocrx_word' id='word_1_640' title='bbox 2031 5606 2193 5659; x_wconf 84' lang='lat' dir='ltr'><strong>quam</strong></span> <span class='ocrx_word' id='word_1_641' title='bbox 2223 5608 2345 5660; x_wconf 68' lang='lat' dir='ltr'><strong>qum</strong></span> 
     </span>
    </p>
   </div>
   <div class='ocr_carea' id='block_1_87' title="bbox 773 5678 2344 5745">
    <p class='ocr_par' dir='ltr' id='par_1_87' title="bbox 773 5678 2344 5745">
     <span class='ocr_line' id='line_1_87' title="bbox 773 5678 2344 5745; baseline -0.001 -7"><span class='ocrx_word' id='word_1_642' title='bbox 773 5699 872 5739; x_wconf 86' lang='lat' dir='ltr'><strong>nos</strong></span> <span class='ocrx_word' id='word_1_643' title='bbox 903 5682 1043 5738; x_wconf 79' lang='lat' dir='ltr'><strong>inira</strong></span> <span class='ocrx_word' id='word_1_644' title='bbox 1065 5682 1256 5735; x_wconf 83' lang='lat' dir='ltr'><strong>damus</strong></span> <span class='ocrx_word' id='word_1_645' title='bbox 1285 5678 1726 5745; x_wconf 61' lang='lat' dir='ltr'><strong>Graeco-Latina;</strong></span> <span class='ocrx_word' id='word_1_646' title='bbox 1765 5697 1866 5735; x_wconf 82' lang='lat' dir='ltr'><strong>nec</strong></span> <span class='ocrx_word' id='word_1_647' title='bbox 1896 5693 2074 5737; x_wconf 83' lang='lat' dir='ltr'><strong>tamen</strong></span> <span class='ocrx_word' id='word_1_648' title='bbox 2111 5681 2181 5737; x_wconf 81' lang='lat' dir='ltr'><strong>ibi</strong></span> <span class='ocrx_word' id='word_1_649' title='bbox 2218 5695 2344 5737; x_wconf 84' lang='lat' dir='ltr'><strong>sunt</strong></span> 
     </span>
    </p>
   </div>
   <div class='ocr_carea' id='block_1_88' title="bbox 776 5773 2339 5846">
    <p class='ocr_par' dir='ltr' id='par_1_88' title="bbox 776 5773 2339 5846">
     <span class='ocr_line' id='line_1_88' title="bbox 776 5773 2339 5846; baseline -0.004 -13"><span class='ocrx_word' id='word_1_650' title='bbox 776 5781 1024 5846; x_wconf 82' lang='lat' dir='ltr'><strong>integra;</strong></span> <span class='ocrx_word' id='word_1_651' title='bbox 1079 5791 1197 5827; x_wconf 84' lang='lat' dir='ltr'><strong>nam</strong></span> <span class='ocrx_word' id='word_1_652' title='bbox 1258 5773 1511 5828; x_wconf 76' lang='lat' dir='ltr'><strong>de&#39;sinunt</strong></span> <span class='ocrx_word' id='word_1_653' title='bbox 1570 5778 1622 5829; x_wconf 90' lang='lat' dir='ltr'><strong>in</strong></span> <span class='ocrx_word' id='word_1_654' title='bbox 1674 5780 1930 5845; x_wconf 64' lang='lat' dir='ltr'><strong>martyrio</strong></span> <span class='ocrx_word' id='word_1_655' title='bbox 1994 5777 2077 5830; x_wconf 74' lang='lat' dir='ltr'><strong>his</strong></span> <span class='ocrx_word' id='word_1_656' title='bbox 2121 5776 2339 5831; x_wconf 80' lang='lat' dir='ltr'><strong>verbis:</strong></span> 
     </span>
    </p>
   </div>
   <div class='ocr_carea' id='block_1_89' title="bbox 791 5868 2344 5941">
    <p class='ocr_par' dir='ltr' id='par_1_89' title="bbox 791 5868 2344 5941">
     <span class='ocr_line' id='line_1_89' title="bbox 791 5868 2344 5941; baseline 0.001 -17"><span class='ocrx_word' id='word_1_657' title='bbox 791 5869 996 5938; x_wconf 66' lang='lat' dir='ltr'><strong>«Quod</strong></span> <span class='ocrx_word' id='word_1_658' title='bbox 1052 5871 1196 5941; x_wconf 79' lang='lat' dir='ltr'><strong>digni</strong></span> <span class='ocrx_word' id='word_1_659' title='bbox 1252 5871 1473 5926; x_wconf 81' lang='lat' dir='ltr'><strong>luerunt</strong></span> <span class='ocrx_word' id='word_1_660' title='bbox 1526 5886 1627 5941; x_wconf 85' lang='lat' dir='ltr'><strong>pro</strong></span> <span class='ocrx_word' id='word_1_661' title='bbox 1686 5868 1900 5925; x_wconf 73' lang='lat' dir='ltr'><strong>Christo</strong></span> <span class='ocrx_word' id='word_1_662' title='bbox 1960 5872 2126 5939; x_wconf 75' lang='lat' dir='ltr'><strong>mori;</strong></span> <span class='ocrx_word' id='word_1_663' title='bbox 2174 5894 2185 5922; x_wconf 83' lang='grc'>›</span> <span class='ocrx_word' id='word_1_664' title='bbox 2242 5887 2344 5925; x_wconf 85' lang='lat' dir='ltr'><strong>nec</strong></span> 
     </span>
    </p>
   </div>
   <div class='ocr_carea' id='block_1_90' title="bbox 2441 3282 4016 3354">
    <p class='ocr_par' dir='ltr' id='par_1_90' title="bbox 2441 3282 4016 3354">
     <span class='ocr_line' id='line_1_90' title="bbox 2441 3282 4016 3354; baseline 0 -17"><span class='ocrx_word' id='word_1_665' title='bbox 2441 3282 2794 3351; x_wconf 86' lang='lat' dir='ltr'><strong>amplillcatio</strong></span> <span class='ocrx_word' id='word_1_666' title='bbox 2828 3284 2998 3353; x_wconf 85' lang='lat' dir='ltr'><strong>petita</strong></span> <span class='ocrx_word' id='word_1_667' title='bbox 3034 3284 3137 3338; x_wconf 83' lang='lat' dir='ltr'><strong>fuit</strong></span> <span class='ocrx_word' id='word_1_668' title='bbox 3178 3300 3207 3338; x_wconf 89' lang='lat' dir='ltr'><strong>a</strong></span> <span class='ocrx_word' id='word_1_669' title='bbox 3243 3284 3298 3339; x_wconf 90' lang='lat' dir='ltr'><strong>S.</strong></span> <span class='ocrx_word' id='word_1_670' title='bbox 3335 3284 3558 3339; x_wconf 86' lang='lat' dir='ltr'><strong>Rituum</strong></span> <span class='ocrx_word' id='word_1_671' title='bbox 3591 3286 4016 3354; x_wconf 83' lang='lat' dir='ltr'><strong>congregatione</strong></span> 
     </span>
    </p>
   </div>
   <div class='ocr_carea' id='block_1_91' title="bbox 2442 3374 4017 3446">
    <p class='ocr_par' dir='ltr' id='par_1_91' title="bbox 2442 3374 4017 3446">
     <span class='ocr_line' id='line_1_91' title="bbox 2442 3374 4017 3446; baseline 0.003 -19"><span class='ocrx_word' id='word_1_672' title='bbox 2442 3374 2628 3427; x_wconf 61' lang='lat' dir='ltr'><strong>Romae</strong></span> <span class='ocrx_word' id='word_1_673' title='bbox 2656 3384 2711 3427; x_wconf 90' lang='lat' dir='ltr'><strong>et</strong></span> <span class='ocrx_word' id='word_1_674' title='bbox 2734 3375 2980 3437; x_wconf 87' lang='lat' dir='ltr'><strong>obtenta,</strong></span> <span class='ocrx_word' id='word_1_675' title='bbox 3001 3391 3100 3443; x_wconf 91' lang='lat' dir='ltr'><strong>per</strong></span> <span class='ocrx_word' id='word_1_676' title='bbox 3121 3376 3434 3430; x_wconf 81' lang='lat' dir='ltr'><strong>facultatem</strong></span> <span class='ocrx_word' id='word_1_677' title='bbox 3463 3378 3771 3446; x_wconf 81' lang='lat' dir='ltr'><strong>exponendi</strong></span> <span class='ocrx_word' id='word_1_678' title='bbox 3799 3378 4017 3445; x_wconf 81' lang='lat' dir='ltr'><strong>publice</strong></span> 
     </span>
    </p>
   </div>
   <div class='ocr_carea' id='block_1_92' title="bbox 2442 3465 4017 3537">
    <p class='ocr_par' dir='ltr' id='par_1_92' title="bbox 2442 3465 4017 3537">
     <span class='ocr_line' id='line_1_92' title="bbox 2442 3465 4017 3537; baseline 0 -19"><span class='ocrx_word' id='word_1_679' title='bbox 2442 3465 2735 3535; x_wconf 87' lang='lat' dir='ltr'><strong>imaginem</strong></span> <span class='ocrx_word' id='word_1_680' title='bbox 2764 3466 2964 3531; x_wconf 84' lang='lat' dir='ltr'><strong>sancti,</strong></span> <span class='ocrx_word' id='word_1_681' title='bbox 3006 3468 3235 3537; x_wconf 85' lang='lat' dir='ltr'><strong>ejusque</strong></span> <span class='ocrx_word' id='word_1_682' title='bbox 3259 3467 3467 3520; x_wconf 89' lang='lat' dir='ltr'><strong>nomini</strong></span> <span class='ocrx_word' id='word_1_683' title='bbox 3509 3469 3702 3521; x_wconf 88' lang='lat' dir='ltr'><strong>altaria</strong></span> <span class='ocrx_word' id='word_1_684' title='bbox 3734 3478 3790 3521; x_wconf 86' lang='lat' dir='ltr'><strong>et</strong></span> <span class='ocrx_word' id='word_1_685' title='bbox 3819 3467 4017 3536; x_wconf 80' lang='lat' dir='ltr'><strong>templa</strong></span> 
     </span>
    </p>
   </div>
   <div class='ocr_carea' id='block_1_93' title="bbox 2441 3558 4017 3629">
    <p class='ocr_par' dir='ltr' id='par_1_93' title="bbox 2441 3558 4017 3629">
     <span class='ocr_line' id='line_1_93' title="bbox 2441 3558 4017 3629; baseline 0 -17"><span class='ocrx_word' id='word_1_686' title='bbox 2441 3558 2780 3612; x_wconf 86' lang='lat' dir='ltr'><strong>dedicandi:</strong></span> <span class='ocrx_word' id='word_1_687' title='bbox 2816 3575 2939 3629; x_wconf 71' lang='lat' dir='ltr'><strong>qua:</strong></span> <span class='ocrx_word' id='word_1_688' title='bbox 2990 3570 3218 3613; x_wconf 87' lang='lat' dir='ltr'><strong>eatenus</strong></span> <span class='ocrx_word' id='word_1_689' title='bbox 3278 3558 3425 3612; x_wconf 88' lang='lat' dir='ltr'><strong>nulla</strong></span> <span class='ocrx_word' id='word_1_690' title='bbox 3478 3560 3756 3613; x_wconf 87' lang='lat' dir='ltr'><strong>habuerit.</strong></span> <span class='ocrx_word' id='word_1_691' title='bbox 3818 3559 4017 3622; x_wconf 87' lang='lat' dir='ltr'><strong>Locus,</strong></span> 
     </span>
    </p>
   </div>
   <div class='ocr_carea' id='block_1_94' title="bbox 2442 3653 4019 3723">
    <p class='ocr_par' dir='ltr' id='par_1_94' title="bbox 2442 3653 4019 3723">
     <span class='ocr_line' id='line_1_94' title="bbox 2442 3653 4019 3723; baseline -0.001 -15"><span class='ocrx_word' id='word_1_692' title='bbox 2442 3653 2533 3708; x_wconf 89' lang='lat' dir='ltr'><strong>ubi</strong></span> <span class='ocrx_word' id='word_1_693' title='bbox 2567 3654 2837 3723; x_wconf 90' lang='lat' dir='ltr'><strong>sepultum</strong></span> <span class='ocrx_word' id='word_1_694' title='bbox 2864 3653 2965 3706; x_wconf 85' lang='lat' dir='ltr'><strong>luit</strong></span> <span class='ocrx_word' id='word_1_695' title='bbox 2989 3668 3187 3722; x_wconf 92' lang='lat' dir='ltr'><strong>corpus</strong></span> <span class='ocrx_word' id='word_1_696' title='bbox 3214 3654 3266 3706; x_wconf 92' lang='lat' dir='ltr'><strong>in</strong></span> <span class='ocrx_word' id='word_1_697' title='bbox 3298 3653 3627 3708; x_wconf 90' lang='lat' dir='ltr'><strong>hodiernum</strong></span> <span class='ocrx_word' id='word_1_698' title='bbox 3653 3670 3829 3723; x_wconf 90' lang='lat' dir='ltr'><strong>usque</strong></span> <span class='ocrx_word' id='word_1_699' title='bbox 3849 3656 4019 3717; x_wconf 88' lang='lat' dir='ltr'><strong>diem,</strong></span> 
     </span>
    </p>
   </div>
   <div class='ocr_carea' id='block_1_95' title="bbox 2444 3746 4016 3816">
    <p class='ocr_par' dir='ltr' id='par_1_95' title="bbox 2444 3746 4016 3816">
     <span class='ocr_line' id='line_1_95' title="bbox 2444 3746 4016 3816; baseline -0.001 -17"><span class='ocrx_word' id='word_1_700' title='bbox 2444 3746 2519 3800; x_wconf 91' lang='lat' dir='ltr'><strong>uti</strong></span> <span class='ocrx_word' id='word_1_701' title='bbox 2554 3746 2749 3801; x_wconf 89' lang='lat' dir='ltr'><strong>scribit</strong></span> <span class='ocrx_word' id='word_1_702' title='bbox 2776 3746 3072 3801; x_wconf 88' lang='lat' dir='ltr'><strong>historicus</strong></span> <span class='ocrx_word' id='word_1_703' title='bbox 3108 3746 3434 3816; x_wconf 86' lang='lat' dir='ltr'><strong>Rhegieusis</strong></span> <span class='ocrx_word' id='word_1_704' title='bbox 3466 3747 3675 3801; x_wconf 81' lang='lat' dir='ltr'><strong>Politus</strong></span> <span class='ocrx_word' id='word_1_705' title='bbox 3710 3761 3859 3801; x_wconf 90' lang='lat' dir='ltr'><strong>anno</strong></span> <span class='ocrx_word' id='word_1_706' title='bbox 3890 3746 4016 3800; x_wconf 73' lang='grc'><strong>1617</strong></span> 
     </span>
    </p>
   </div>
   <div class='ocr_carea' id='block_1_96' title="bbox 2443 3838 3040 3905">
    <p class='ocr_par' dir='ltr' id='par_1_96' title="bbox 2443 3838 3040 3905">
     <span class='ocr_line' id='line_1_96' title="bbox 2443 3838 3040 3905; baseline -0.005 -14"><span class='ocrx_word' id='word_1_707' title='bbox 2443 3840 2674 3905; x_wconf 86' lang='lat' dir='ltr'><strong>reperiri</strong></span> <span class='ocrx_word' id='word_1_708' title='bbox 2703 3852 2812 3889; x_wconf 89' lang='lat' dir='ltr'><strong>non</strong></span> <span class='ocrx_word' id='word_1_709' title='bbox 2843 3838 3040 3905; x_wconf 87' lang='lat' dir='ltr'><strong>potuit.</strong></span> 
     </span>
    </p>
   </div>
   <div class='ocr_carea' id='block_1_97' title="bbox 2510 3924 4016 3995">
    <p class='ocr_par' dir='ltr' id='par_1_97' title="bbox 2510 3924 4016 3995">
     <span class='ocr_line' id='line_1_97' title="bbox 2510 3924 4016 3995; baseline 0 -12"><span class='ocrx_word' id='word_1_710' title='bbox 2510 3929 2561 3984; x_wconf 87' lang='lat'><strong>9.</strong></span> <span class='ocrx_word' id='word_1_711' title='bbox 2595 3927 2674 3982; x_wconf 81' lang='lat' dir='ltr'><strong>Ex</strong></span> <span class='ocrx_word' id='word_1_712' title='bbox 2730 3926 2835 3990; x_wconf 90' lang='lat' dir='ltr'><strong>his,</strong></span> <span class='ocrx_word' id='word_1_713' title='bbox 2874 3926 3120 3995; x_wconf 87' lang='lat' dir='ltr'><strong>inquam,</strong></span> <span class='ocrx_word' id='word_1_714' title='bbox 3158 3924 3397 3980; x_wconf 89' lang='lat' dir='ltr'><strong>dubitari</strong></span> <span class='ocrx_word' id='word_1_715' title='bbox 3438 3927 3635 3995; x_wconf 90' lang='lat' dir='ltr'><strong>possit,</strong></span> <span class='ocrx_word' id='word_1_716' title='bbox 3671 3943 3741 3980; x_wconf 84' lang='lat' dir='ltr'><strong>an</strong></span> <span class='ocrx_word' id='word_1_717' title='bbox 3797 3927 3857 3982; x_wconf 89' lang='lat' dir='ltr'><strong>S.</strong></span> <span class='ocrx_word' id='word_1_718' title='bbox 3894 3928 4016 3983; x_wconf 85' lang='lat' dir='ltr'><strong>Ste-</strong></span> 
     </span>
    </p>
   </div>
   <div class='ocr_carea' id='block_1_98' title="bbox 2442 4016 4021 4089">
    <p class='ocr_par' dir='ltr' id='par_1_98' title="bbox 2442 4016 4021 4089">
     <span class='ocr_line' id='line_1_98' title="bbox 2442 4016 4021 4089; baseline 0 -16"><span class='ocrx_word' id='word_1_719' title='bbox 2442 4022 2655 4089; x_wconf 90' lang='lat' dir='ltr'><strong>phanus</strong></span> <span class='ocrx_word' id='word_1_720' title='bbox 2678 4034 2799 4073; x_wconf 88' lang='lat' dir='ltr'><strong>cum</strong></span> <span class='ocrx_word' id='word_1_721' title='bbox 2828 4016 2992 4071; x_wconf 88' lang='lat' dir='ltr'><strong>sociis</strong></span> <span class='ocrx_word' id='word_1_722' title='bbox 3018 4018 3130 4071; x_wconf 88' lang='lat' dir='ltr'><strong>suis</strong></span> <span class='ocrx_word' id='word_1_723' title='bbox 3159 4018 3475 4087; x_wconf 83' lang='lat' dir='ltr'><strong>martyrium</strong></span> <span class='ocrx_word' id='word_1_724' title='bbox 3506 4032 3698 4086; x_wconf 89' lang='lat' dir='ltr'><strong>passus</strong></span> <span class='ocrx_word' id='word_1_725' title='bbox 3730 4017 3800 4072; x_wconf 92' lang='lat' dir='ltr'><strong>sit</strong></span> <span class='ocrx_word' id='word_1_726' title='bbox 3821 4019 4021 4074; x_wconf 69' lang='lat' dir='ltr'><strong>sarculo</strong></span> 
     </span>
    </p>
   </div>
   <div class='ocr_carea' id='block_1_99' title="bbox 2445 4109 4018 4179">
    <p class='ocr_par' dir='ltr' id='par_1_99' title="bbox 2445 4109 4018 4179">
     <span class='ocr_line' id='line_1_99' title="bbox 2445 4109 4018 4179; baseline 0.002 -16"><span class='ocrx_word' id='word_1_727' title='bbox 2445 4114 2652 4179; x_wconf 89' lang='lat' dir='ltr'><strong>primo;</strong></span> <span class='ocrx_word' id='word_1_728' title='bbox 2681 4126 2855 4179; x_wconf 86' lang='lat' dir='ltr'><strong>coque</strong></span> <span class='ocrx_word' id='word_1_729' title='bbox 2890 4109 3081 4178; x_wconf 88' lang='lat' dir='ltr'><strong>magis,</strong></span> <span class='ocrx_word' id='word_1_730' title='bbox 3118 4111 3263 4177; x_wconf 91' lang='lat' dir='ltr'><strong>quod</strong></span> <span class='ocrx_word' id='word_1_731' title='bbox 3302 4110 3431 4163; x_wconf 89' lang='lat' dir='ltr'><strong>totis</strong></span> <span class='ocrx_word' id='word_1_732' title='bbox 3468 4111 3647 4163; x_wconf 89' lang='lat' dir='ltr'><strong>tribus</strong></span> <span class='ocrx_word' id='word_1_733' title='bbox 3686 4112 3883 4178; x_wconf 90' lang='lat' dir='ltr'><strong>primis</strong></span> <span class='ocrx_word' id='word_1_734' title='bbox 3917 4127 4018 4166; x_wconf 66' lang='lat' dir='ltr'><strong>s2-</strong></span> 
     </span>
    </p>
   </div>
   <div class='ocr_carea' id='block_1_100' title="bbox 2441 4199 4018 4272">
    <p class='ocr_par' dir='ltr' id='par_1_100' title="bbox 2441 4199 4018 4272">
     <span class='ocr_line' id='line_1_100' title="bbox 2441 4199 4018 4272; baseline 0.001 -17"><span class='ocrx_word' id='word_1_735' title='bbox 2441 4202 2581 4255; x_wconf 86' lang='lat' dir='ltr'><strong>culis</strong></span> <span class='ocrx_word' id='word_1_736' title='bbox 2624 4201 2938 4271; x_wconf 89' lang='lat' dir='ltr'><strong>episcopus.</strong></span> <span class='ocrx_word' id='word_1_737' title='bbox 2979 4214 3091 4254; x_wconf 68' lang='lat' dir='ltr'><strong>suae</strong></span> <span class='ocrx_word' id='word_1_738' title='bbox 3136 4199 3377 4255; x_wconf 84' lang='lat' dir='ltr'><strong>civitatis</strong></span> <span class='ocrx_word' id='word_1_739' title='bbox 3415 4201 3577 4264; x_wconf 90' lang='lat' dir='ltr'><strong>alius,</strong></span> <span class='ocrx_word' id='word_1_740' title='bbox 3612 4202 4018 4272; x_wconf 86' lang='lat' dir='ltr'><strong>Rhegiensibus</strong></span> 
     </span>
    </p>
   </div>
   <div class='ocr_carea' id='block_1_101' title="bbox 2444 4291 4017 4362">
    <p class='ocr_par' dir='ltr' id='par_1_101' title="bbox 2444 4291 4017 4362">
     <span class='ocr_line' id='line_1_101' title="bbox 2444 4291 4017 4362; baseline 0 -13"><span class='ocrx_word' id='word_1_741' title='bbox 2444 4314 2551 4351; x_wconf 89' lang='lat' dir='ltr'><strong>non</strong></span> <span class='ocrx_word' id='word_1_742' title='bbox 2607 4298 2677 4349; x_wconf 85' lang='lat' dir='ltr'><strong>sit</strong></span> <span class='ocrx_word' id='word_1_743' title='bbox 2719 4306 2901 4349; x_wconf 89' lang='lat' dir='ltr'><strong>notus.</strong></span> <span class='ocrx_word' id='word_1_744' title='bbox 2942 4293 2999 4348; x_wconf 87' lang='lat' dir='ltr'><strong>Si</strong></span> <span class='ocrx_word' id='word_1_745' title='bbox 3052 4292 3226 4357; x_wconf 82' lang='lat' dir='ltr'><strong>dicas,</strong></span> <span class='ocrx_word' id='word_1_746' title='bbox 3269 4306 3368 4362; x_wconf 90' lang='lat' dir='ltr'><strong>per</strong></span> <span class='ocrx_word' id='word_1_747' title='bbox 3416 4291 3768 4348; x_wconf 86' lang='lat' dir='ltr'><strong>traditionem</strong></span> <span class='ocrx_word' id='word_1_748' title='bbox 3828 4307 4017 4349; x_wconf 89' lang='lat' dir='ltr'><strong>notum</strong></span> 
     </span>
    </p>
   </div>
   <div class='ocr_carea' id='block_1_102' title="bbox 2442 4384 4019 4456">
    <p class='ocr_par' dir='ltr' id='par_1_102' title="bbox 2442 4384 4019 4456">
     <span class='ocr_line' id='line_1_102' title="bbox 2442 4384 4019 4456; baseline -0.001 -13"><span class='ocrx_word' id='word_1_749' title='bbox 2442 4406 2561 4443; x_wconf 87' lang='lat' dir='ltr'><strong>esse</strong></span> <span class='ocrx_word' id='word_1_750' title='bbox 2608 4387 2664 4439; x_wconf 89' lang='lat' dir='ltr'><strong>S.</strong></span> <span class='ocrx_word' id='word_1_751' title='bbox 2701 4386 3040 4454; x_wconf 88' lang='lat' dir='ltr'><strong>Stephanum</strong></span> <span class='ocrx_word' id='word_1_752' title='bbox 3099 4399 3198 4452; x_wconf 88' lang='lat' dir='ltr'><strong>pro</strong></span> <span class='ocrx_word' id='word_1_753' title='bbox 3229 4384 3425 4439; x_wconf 75' lang='lat' dir='ltr'><strong>saeculo</strong></span> <span class='ocrx_word' id='word_1_754' title='bbox 3480 4387 3695 4453; x_wconf 90' lang='lat' dir='ltr'><strong>primo,</strong></span> <span class='ocrx_word' id='word_1_755' title='bbox 3749 4402 4019 4456; x_wconf 71' lang='lat' dir='ltr'><strong>quaeram,</strong></span> 
     </span>
    </p>
   </div>
   <div class='ocr_carea' id='block_1_103' title="bbox 2445 4476 4021 4547">
    <p class='ocr_par' dir='ltr' id='par_1_103' title="bbox 2445 4476 4021 4547">
     <span class='ocr_line' id='line_1_103' title="bbox 2445 4476 4021 4547; baseline -0.001 -12"><span class='ocrx_word' id='word_1_756' title='bbox 2445 4498 2542 4535; x_wconf 87' lang='lat' dir='ltr'><strong>cur</strong></span> <span class='ocrx_word' id='word_1_757' title='bbox 2579 4480 2716 4535; x_wconf 90' lang='lat' dir='ltr'><strong>alius</strong></span> <span class='ocrx_word' id='word_1_758' title='bbox 2745 4478 3036 4547; x_wconf 87' lang='lat' dir='ltr'><strong>episcopus</strong></span> <span class='ocrx_word' id='word_1_759' title='bbox 3071 4491 3169 4546; x_wconf 92' lang='lat' dir='ltr'><strong>pro</strong></span> <span class='ocrx_word' id='word_1_760' title='bbox 3210 4476 3403 4530; x_wconf 89' lang='lat' dir='ltr'><strong>eodem</strong></span> <span class='ocrx_word' id='word_1_761' title='bbox 3450 4477 3651 4531; x_wconf 71' lang='lat' dir='ltr'><strong>saeculo</strong></span> <span class='ocrx_word' id='word_1_762' title='bbox 3702 4487 3757 4530; x_wconf 91' lang='lat' dir='ltr'><strong>et</strong></span> <span class='ocrx_word' id='word_1_763' title='bbox 3800 4477 4021 4533; x_wconf 89' lang='lat' dir='ltr'><strong>duobus</strong></span> 
     </span>
    </p>
   </div>
   <div class='ocr_carea' id='block_1_104' title="bbox 2448 4570 4021 4642">
    <p class='ocr_par' dir='ltr' id='par_1_104' title="bbox 2448 4570 4021 4642">
     <span class='ocr_line' id='line_1_104' title="bbox 2448 4570 4021 4642; baseline 0 -17"><span class='ocrx_word' id='word_1_764' title='bbox 2448 4572 2827 4642; x_wconf 84' lang='lat' dir='ltr'><strong>sequentibus,</strong></span> <span class='ocrx_word' id='word_1_765' title='bbox 2860 4572 3113 4627; x_wconf 91' lang='lat' dir='ltr'><strong>similiter</strong></span> <span class='ocrx_word' id='word_1_766' title='bbox 3149 4580 3312 4628; x_wconf 87' lang='lat' dir='ltr'><strong>notus</strong></span> <span class='ocrx_word' id='word_1_767' title='bbox 3337 4586 3447 4625; x_wconf 91' lang='lat' dir='ltr'><strong>non</strong></span> <span class='ocrx_word' id='word_1_768' title='bbox 3482 4571 3571 4625; x_wconf 83' lang='lat' dir='ltr'><strong>sit.</strong></span> <span class='ocrx_word' id='word_1_769' title='bbox 3614 4570 3855 4641; x_wconf 86' lang='lat' dir='ltr'><strong>inquies,</strong></span> <span class='ocrx_word' id='word_1_770' title='bbox 3893 4575 4021 4641; x_wconf 89' lang='lat' dir='ltr'><strong>quia</strong></span> 
     </span>
    </p>
   </div>
   <div class='ocr_carea' id='block_1_105' title="bbox 2450 4661 4025 4733">
    <p class='ocr_par' dir='ltr' id='par_1_105' title="bbox 2450 4661 4025 4733">
     <span class='ocr_line' id='line_1_105' title="bbox 2450 4661 4025 4733; baseline -0.001 -16"><span class='ocrx_word' id='word_1_771' title='bbox 2450 4665 2673 4733; x_wconf 83' lang='lat' dir='ltr'><strong>antiqua</strong></span> <span class='ocrx_word' id='word_1_772' title='bbox 2728 4664 2967 4717; x_wconf 84' lang='lat' dir='ltr'><strong>Civitatis</strong></span> <span class='ocrx_word' id='word_1_773' title='bbox 3023 4662 3226 4731; x_wconf 90' lang='lat' dir='ltr'><strong>scripta</strong></span> <span class='ocrx_word' id='word_1_774' title='bbox 3282 4661 3717 4726; x_wconf 87' lang='lat' dir='ltr'><strong>interciderunt;</strong></span> <span class='ocrx_word' id='word_1_775' title='bbox 3768 4676 4025 4732; x_wconf 85' lang='lat' dir='ltr'><strong>superest</strong></span> 
     </span>
    </p>
   </div>
   <div class='ocr_carea' id='block_1_106' title="bbox 2448 4753 4026 4825">
    <p class='ocr_par' dir='ltr' id='par_1_106' title="bbox 2448 4753 4026 4825">
     <span class='ocr_line' id='line_1_106' title="bbox 2448 4753 4026 4825; baseline -0.003 -12"><span class='ocrx_word' id='word_1_776' title='bbox 2448 4771 2625 4815; x_wconf 85' lang='lat' dir='ltr'><strong>autem</strong></span> <span class='ocrx_word' id='word_1_777' title='bbox 2661 4760 2768 4811; x_wconf 80' lang='lat' dir='ltr'><strong>vita</strong></span> <span class='ocrx_word' id='word_1_778' title='bbox 2801 4758 2856 4814; x_wconf 90' lang='lat' dir='ltr'><strong>S.</strong></span> <span class='ocrx_word' id='word_1_779' title='bbox 2901 4755 3186 4825; x_wconf 88' lang='lat' dir='ltr'><strong>Stephani,</strong></span> <span class='ocrx_word' id='word_1_780' title='bbox 3224 4770 3345 4825; x_wconf 66' lang='lat' dir='ltr'><strong>qua:</strong></span> <span class='ocrx_word' id='word_1_781' title='bbox 3387 4753 3565 4823; x_wconf 84' lang='lat' dir='ltr'><strong>ipsum</strong></span> <span class='ocrx_word' id='word_1_782' title='bbox 3599 4753 3652 4808; x_wconf 92' lang='lat' dir='ltr'><strong>S.</strong></span> <span class='ocrx_word' id='word_1_783' title='bbox 3687 4754 3837 4808; x_wconf 90' lang='lat' dir='ltr'><strong>Pauli</strong></span> <span class='ocrx_word' id='word_1_784' title='bbox 3896 4772 4026 4825; x_wconf 60' lang='lat' dir='ltr'><strong>apo.</strong></span> 
     </span>
    </p>
   </div>
   <div class='ocr_carea' id='block_1_107' title="bbox 2448 4847 4024 4918">
    <p class='ocr_par' dir='ltr' id='par_1_107' title="bbox 2448 4847 4024 4918">
     <span class='ocr_line' id='line_1_107' title="bbox 2448 4847 4024 4918; baseline -0.001 -14"><span class='ocrx_word' id='word_1_785' title='bbox 2448 4852 2571 4904; x_wconf 83' lang='lat' dir='ltr'><strong>stoli</strong></span> <span class='ocrx_word' id='word_1_786' title='bbox 2597 4850 2925 4918; x_wconf 89' lang='lat' dir='ltr'><strong>discipulum</strong></span> <span class='ocrx_word' id='word_1_787' title='bbox 2952 4848 3104 4914; x_wconf 82' lang='lat' dir='ltr'><strong>facit,</strong></span> <span class='ocrx_word' id='word_1_788' title='bbox 3136 4847 3336 4902; x_wconf 84' lang='lat' dir='ltr'><strong>Audio.</strong></span> <span class='ocrx_word' id='word_1_789' title='bbox 3371 4847 3477 4902; x_wconf 86' lang='lat' dir='ltr'><strong>Sed</strong></span> <span class='ocrx_word' id='word_1_790' title='bbox 3511 4848 3600 4901; x_wconf 91' lang='lat' dir='ltr'><strong>illa</strong></span> <span class='ocrx_word' id='word_1_791' title='bbox 3631 4847 3747 4915; x_wconf 86' lang='lat' dir='ltr'><strong>ipsa</strong></span> <span class='ocrx_word' id='word_1_792' title='bbox 3775 4849 3888 4900; x_wconf 87' lang='lat' dir='ltr'><strong>vita</strong></span> <span class='ocrx_word' id='word_1_793' title='bbox 3917 4864 4024 4903; x_wconf 89' lang='lat' dir='ltr'><strong>non</strong></span> 
     </span>
    </p>
   </div>
   <div class='ocr_carea' id='block_1_108' title="bbox 2448 4939 4023 5009">
    <p class='ocr_par' dir='ltr' id='par_1_108' title="bbox 2448 4939 4023 5009">
     <span class='ocr_line' id='line_1_108' title="bbox 2448 4939 4023 5009; baseline 0.001 -17"><span class='ocrx_word' id='word_1_794' title='bbox 2448 4940 2585 5009; x_wconf 85' lang='lat' dir='ltr'><strong>sapit</strong></span> <span class='ocrx_word' id='word_1_795' title='bbox 2633 4939 2849 5008; x_wconf 86' lang='lat' dir='ltr'><strong>longam</strong></span> <span class='ocrx_word' id='word_1_796' title='bbox 2881 4939 3284 5007; x_wconf 89' lang='lat' dir='ltr'><strong>antiquitatem,</strong></span> <span class='ocrx_word' id='word_1_797' title='bbox 3321 4952 3422 4990; x_wconf 89' lang='lat' dir='ltr'><strong>nec</strong></span> <span class='ocrx_word' id='word_1_798' title='bbox 3470 4945 3647 5006; x_wconf 90' lang='lat' dir='ltr'><strong>potest</strong></span> <span class='ocrx_word' id='word_1_799' title='bbox 3686 4944 3813 4991; x_wconf 88' lang='lat' dir='ltr'><strong>ante</strong></span> <span class='ocrx_word' id='word_1_800' title='bbox 3850 4955 4023 4993; x_wconf 63' lang='lat' dir='ltr'><strong>smon-</strong></span> 
     </span>
    </p>
   </div>
   <div class='ocr_carea' id='block_1_109' title="bbox 2448 5028 4026 5099">
    <p class='ocr_par' dir='ltr' id='par_1_109' title="bbox 2448 5028 4026 5099">
     <span class='ocr_line' id='line_1_109' title="bbox 2448 5028 4026 5099; baseline -0.001 -14"><span class='ocrx_word' id='word_1_801' title='bbox 2448 5036 2559 5086; x_wconf 90' lang='lat' dir='ltr'><strong>lum</strong></span> <span class='ocrx_word' id='word_1_802' title='bbox 2596 5031 2869 5085; x_wconf 84' lang='lat' dir='ltr'><strong>decimum</strong></span> <span class='ocrx_word' id='word_1_803' title='bbox 2910 5032 3113 5098; x_wconf 87' lang='lat' dir='ltr'><strong>scripta</strong></span> <span class='ocrx_word' id='word_1_804' title='bbox 3146 5028 3337 5093; x_wconf 81' lang='lat' dir='ltr'><strong>fuisse,</strong></span> <span class='ocrx_word' id='word_1_805' title='bbox 3368 5028 3412 5081; x_wconf 89' lang='lat' dir='ltr'><strong>si</strong></span> <span class='ocrx_word' id='word_1_806' title='bbox 3442 5044 3549 5081; x_wconf 92' lang='lat' dir='ltr'><strong>non</strong></span> <span class='ocrx_word' id='word_1_807' title='bbox 3586 5028 3677 5083; x_wconf 91' lang='lat' dir='ltr'><strong>diu</strong></span> <span class='ocrx_word' id='word_1_808' title='bbox 3706 5039 3851 5098; x_wconf 87' lang='lat' dir='ltr'><strong>post.</strong></span> <span class='ocrx_word' id='word_1_809' title='bbox 3889 5030 4026 5099; x_wconf 86' lang='lat' dir='ltr'><strong>Spa-</strong></span> 
     </span>
    </p>
   </div>
   <div class='ocr_carea' id='block_1_110' title="bbox 2450 5120 4025 5191">
    <p class='ocr_par' dir='ltr' id='par_1_110' title="bbox 2450 5120 4025 5191">
     <span class='ocr_line' id='line_1_110' title="bbox 2450 5120 4025 5191; baseline -0.003 -11"><span class='ocrx_word' id='word_1_810' title='bbox 2450 5127 2526 5180; x_wconf 93' lang='lat' dir='ltr'><strong>tio</strong></span> <span class='ocrx_word' id='word_1_811' title='bbox 2551 5135 2733 5178; x_wconf 87' lang='lat' dir='ltr'><strong>autem</strong></span> <span class='ocrx_word' id='word_1_812' title='bbox 2765 5137 2985 5187; x_wconf 80' lang='lat' dir='ltr'><strong>novem,</strong></span> <span class='ocrx_word' id='word_1_813' title='bbox 3023 5121 3233 5185; x_wconf 87' lang='lat' dir='ltr'><strong>decem,</strong></span> <span class='ocrx_word' id='word_1_814' title='bbox 3263 5129 3356 5176; x_wconf 82' lang='lat' dir='ltr'><strong>aut</strong></span> <span class='ocrx_word' id='word_1_815' title='bbox 3407 5120 3649 5191; x_wconf 89' lang='lat' dir='ltr'><strong>plurium</strong></span> <span class='ocrx_word' id='word_1_816' title='bbox 3695 5121 4025 5176; x_wconf 68' lang='lat' dir='ltr'><strong>saeculorum</strong></span> 
     </span>
    </p>
   </div>
   <div class='ocr_carea' id='block_1_111' title="bbox 2452 5214 4024 5287">
    <p class='ocr_par' dir='ltr' id='par_1_111' title="bbox 2452 5214 4024 5287">
     <span class='ocr_line' id='line_1_111' title="bbox 2452 5214 4024 5287; baseline -0.001 -16"><span class='ocrx_word' id='word_1_817' title='bbox 2452 5230 2581 5272; x_wconf 89' lang='lat' dir='ltr'><strong>tunc</strong></span> <span class='ocrx_word' id='word_1_818' title='bbox 2616 5218 2821 5287; x_wconf 86' lang='lat' dir='ltr'><strong>elapso,</strong></span> <span class='ocrx_word' id='word_1_819' title='bbox 2859 5214 3078 5285; x_wconf 87' lang='lat' dir='ltr'><strong>quando</strong></span> <span class='ocrx_word' id='word_1_820' title='bbox 3126 5216 3327 5284; x_wconf 89' lang='lat' dir='ltr'><strong>scripta</strong></span> <span class='ocrx_word' id='word_1_821' title='bbox 3378 5215 3500 5279; x_wconf 83' lang='lat' dir='ltr'><strong>fuit,</strong></span> <span class='ocrx_word' id='word_1_822' title='bbox 3551 5223 3734 5285; x_wconf 83' lang='lat' dir='ltr'><strong>potest</strong></span> <span class='ocrx_word' id='word_1_823' title='bbox 3784 5216 4024 5286; x_wconf 87' lang='lat' dir='ltr'><strong>scriptor</strong></span> 
     </span>
    </p>
   </div>
   <div class='ocr_carea' id='block_1_112' title="bbox 2451 5307 4024 5381">
    <p class='ocr_par' dir='ltr' id='par_1_112' title="bbox 2451 5307 4024 5381">
     <span class='ocr_line' id='line_1_112' title="bbox 2451 5307 4024 5381; baseline -0.003 -15"><span class='ocrx_word' id='word_1_824' title='bbox 2451 5312 2619 5367; x_wconf 89' lang='lat' dir='ltr'><strong>multa</strong></span> <span class='ocrx_word' id='word_1_825' title='bbox 2652 5312 2931 5381; x_wconf 83' lang='lat' dir='ltr'><strong>ignorasse</strong></span> <span class='ocrx_word' id='word_1_826' title='bbox 2949 5310 3016 5363; x_wconf 91' lang='lat' dir='ltr'><strong>de</strong></span> <span class='ocrx_word' id='word_1_827' title='bbox 3034 5308 3199 5379; x_wconf 90' lang='lat' dir='ltr'><strong>gestis</strong></span> <span class='ocrx_word' id='word_1_828' title='bbox 3225 5307 3399 5362; x_wconf 89' lang='lat' dir='ltr'><strong>sancti</strong></span> <span class='ocrx_word' id='word_1_829' title='bbox 3429 5308 3535 5369; x_wconf 89' lang='lat' dir='ltr'><strong>sui,</strong></span> <span class='ocrx_word' id='word_1_830' title='bbox 3556 5309 4024 5377; x_wconf 87' lang='lat' dir='ltr'><strong>quemadmodum</strong></span> 
     </span>
    </p>
   </div>
   <div class='ocr_carea' id='block_1_113' title="bbox 2452 5399 4026 5469">
    <p class='ocr_par' dir='ltr' id='par_1_113' title="bbox 2452 5399 4026 5469">
     <span class='ocr_line' id='line_1_113' title="bbox 2452 5399 4026 5469; baseline -0.004 -10"><span class='ocrx_word' id='word_1_831' title='bbox 2452 5423 2596 5461; x_wconf 85' lang='lat' dir='ltr'><strong>nunc</strong></span> <span class='ocrx_word' id='word_1_832' title='bbox 2627 5403 2760 5458; x_wconf 85' lang='lat' dir='ltr'><strong>nihil</strong></span> <span class='ocrx_word' id='word_1_833' title='bbox 2797 5406 2864 5459; x_wconf 94' lang='lat' dir='ltr'><strong>de</strong></span> <span class='ocrx_word' id='word_1_834' title='bbox 2894 5403 2997 5456; x_wconf 89' lang='lat' dir='ltr'><strong>illis</strong></span> <span class='ocrx_word' id='word_1_835' title='bbox 3031 5400 3203 5456; x_wconf 91' lang='lat' dir='ltr'><strong>scitur</strong></span> <span class='ocrx_word' id='word_1_836' title='bbox 3246 5414 3313 5453; x_wconf 78' lang='lat' dir='ltr'><strong>ex</strong></span> <span class='ocrx_word' id='word_1_837' title='bbox 3362 5400 3691 5469; x_wconf 83' lang='lat' dir='ltr'><strong>antiquitate</strong></span> <span class='ocrx_word' id='word_1_838' title='bbox 3732 5408 3940 5468; x_wconf 70' lang='lat' dir='ltr'><strong>praeter</strong></span> <span class='ocrx_word' id='word_1_839' title='bbox 3974 5399 4026 5453; x_wconf 87' lang='lat' dir='ltr'><strong>id</strong></span> 
     </span>
    </p>
   </div>
   <div class='ocr_carea' id='block_1_114' title="bbox 2452 5491 4025 5567">
    <p class='ocr_par' dir='ltr' id='par_1_114' title="bbox 2452 5491 4025 5567">
     <span class='ocr_line' id='line_1_114' title="bbox 2452 5491 4025 5567; baseline -0.003 -14"><span class='ocrx_word' id='word_1_840' title='bbox 2452 5498 2597 5567; x_wconf 89' lang='lat' dir='ltr'><strong>quod</strong></span> <span class='ocrx_word' id='word_1_841' title='bbox 2633 5496 2687 5549; x_wconf 86' lang='lat' dir='ltr'><strong>in</strong></span> <span class='ocrx_word' id='word_1_842' title='bbox 2713 5496 2821 5551; x_wconf 78' lang='lat' dir='ltr'><strong>vita</strong></span> <span class='ocrx_word' id='word_1_843' title='bbox 2859 5503 3153 5548; x_wconf 88' lang='lat' dir='ltr'><strong>narrantur</strong></span> <span class='ocrx_word' id='word_1_844' title='bbox 3185 5511 3196 5544; x_wconf 85' lang='lat'><strong>:</strong></span> <span class='ocrx_word' id='word_1_845' title='bbox 3234 5502 3288 5546; x_wconf 89' lang='lat' dir='ltr'><strong>et</strong></span> <span class='ocrx_word' id='word_1_846' title='bbox 3327 5492 3496 5561; x_wconf 80' lang='lat' dir='ltr'><strong>magis</strong></span> <span class='ocrx_word' id='word_1_847' title='bbox 3531 5501 3711 5560; x_wconf 89' lang='lat' dir='ltr'><strong>potest</strong></span> <span class='ocrx_word' id='word_1_848' title='bbox 3742 5491 4025 5559; x_wconf 76' lang='lat' dir='ltr'><strong>ignorasse</strong></span> 
     </span>
    </p>
   </div>
   <div class='ocr_carea' id='block_1_115' title="bbox 2452 5582 4025 5655">
    <p class='ocr_par' dir='ltr' id='par_1_115' title="bbox 2452 5582 4025 5655">
     <span class='ocr_line' id='line_1_115' title="bbox 2452 5582 4025 5655; baseline -0.005 -14"><span class='ocrx_word' id='word_1_849' title='bbox 2452 5598 2662 5641; x_wconf 85' lang='lat' dir='ltr'><strong>certum</strong></span> <span class='ocrx_word' id='word_1_850' title='bbox 2696 5599 2911 5655; x_wconf 86' lang='lat' dir='ltr'><strong>tempus</strong></span> <span class='ocrx_word' id='word_1_851' title='bbox 2933 5600 3043 5652; x_wconf 89' lang='lat' dir='ltr'><strong>quo</strong></span> <span class='ocrx_word' id='word_1_852' title='bbox 3070 5584 3291 5648; x_wconf 74' lang='lat' dir='ltr'><strong>vixerit,</strong></span> <span class='ocrx_word' id='word_1_853' title='bbox 3326 5582 3696 5654; x_wconf 74' lang='lat' dir='ltr'><strong>martyrloque</strong></span> <span class='ocrx_word' id='word_1_854' title='bbox 3731 5596 4025 5636; x_wconf 87' lang='lat' dir='ltr'><strong>coronatus</strong></span> 
     </span>
    </p>
   </div>
   <div class='ocr_carea' id='block_1_116' title="bbox 2453 5674 4023 5747">
    <p class='ocr_par' dir='ltr' id='par_1_116' title="bbox 2453 5674 4023 5747">
     <span class='ocr_line' id='line_1_116' title="bbox 2453 5674 4023 5747; baseline -0.004 -12"><span class='ocrx_word' id='word_1_855' title='bbox 2453 5683 2635 5738; x_wconf 75' lang='lat' dir='ltr'><strong>fuerit.</strong></span> <span class='ocrx_word' id='word_1_856' title='bbox 2679 5682 2735 5733; x_wconf 92' lang='lat' dir='ltr'><strong>in</strong></span> <span class='ocrx_word' id='word_1_857' title='bbox 2780 5680 2879 5732; x_wconf 87' lang='lat' dir='ltr'><strong>hac</strong></span> <span class='ocrx_word' id='word_1_858' title='bbox 2916 5692 3076 5746; x_wconf 89' lang='lat' dir='ltr'><strong>porro</strong></span> <span class='ocrx_word' id='word_1_859' title='bbox 3124 5676 3466 5747; x_wconf 87' lang='lat' dir='ltr'><strong>ignoratione</strong></span> <span class='ocrx_word' id='word_1_860' title='bbox 3503 5685 3599 5729; x_wconf 89' lang='lat' dir='ltr'><strong>aut</strong></span> <span class='ocrx_word' id='word_1_861' title='bbox 3628 5674 3865 5744; x_wconf 82' lang='lat' dir='ltr'><strong>maligna</strong></span> <span class='ocrx_word' id='word_1_862' title='bbox 3916 5680 4023 5729; x_wconf 80' lang='lat' dir='ltr'><strong>tra-</strong></span> 
     </span>
    </p>
   </div>
   <div class='ocr_carea' id='block_1_117' title="bbox 2453 5766 4023 5841">
    <p class='ocr_par' dir='ltr' id='par_1_117' title="bbox 2453 5766 4023 5841">
     <span class='ocr_line' id='line_1_117' title="bbox 2453 5766 4023 5841; baseline -0.005 -15"><span class='ocrx_word' id='word_1_863' title='bbox 2453 5775 2677 5833; x_wconf 80' lang='lat' dir='ltr'><strong>ditionis</strong></span> <span class='ocrx_word' id='word_1_864' title='bbox 2722 5771 2863 5841; x_wconf 82' lang='lat' dir='ltr'><strong>vulgi</strong></span> <span class='ocrx_word' id='word_1_865' title='bbox 2902 5766 3024 5825; x_wconf 83' lang='lat' dir='ltr'><strong>luce</strong></span> <span class='ocrx_word' id='word_1_866' title='bbox 3063 5770 3304 5824; x_wconf 79' lang='lat' dir='ltr'><strong>scribere</strong></span> <span class='ocrx_word' id='word_1_867' title='bbox 3354 5783 3553 5822; x_wconf 72' lang='lat' dir='ltr'><strong>exorsa</strong></span> <span class='ocrx_word' id='word_1_868' title='bbox 3602 5767 3777 5821; x_wconf 73' lang='lat' dir='ltr'><strong>visum</strong></span> <span class='ocrx_word' id='word_1_869' title='bbox 3836 5766 4023 5828; x_wconf 74' lang='lat' dir='ltr'><strong>fuerit,</strong></span> 
     </span>
    </p>
   </div>
   <div class='ocr_carea' id='block_1_118' title="bbox 2450 5861 4019 5940">
    <p class='ocr_par' dir='ltr' id='par_1_118' title="bbox 2450 5861 4019 5940">
     <span class='ocr_line' id='line_1_118' title="bbox 2450 5861 4019 5940; baseline -0.008 -13"><span class='ocrx_word' id='word_1_870' title='bbox 2450 5872 2645 5940; x_wconf 79' lang='lat' dir='ltr'><strong>aptiori</strong></span> <span class='ocrx_word' id='word_1_871' title='bbox 2686 5878 2923 5937; x_wconf 83' lang='lat' dir='ltr'><strong>tempore</strong></span> <span class='ocrx_word' id='word_1_872' title='bbox 2975 5864 3310 5936; x_wconf 74' lang='lat' dir='ltr'><strong>Stephanum</strong></span> <span class='ocrx_word' id='word_1_873' title='bbox 3358 5861 3552 5917; x_wconf 77' lang='lat' dir='ltr'><strong>adduci</strong></span> <span class='ocrx_word' id='word_1_874' title='bbox 3603 5862 3878 5933; x_wconf 75' lang='lat' dir='ltr'><strong>Rhegium</strong></span> <span class='ocrx_word' id='word_1_875' title='bbox 3910 5875 4019 5915; x_wconf 91' lang='lat' dir='ltr'><strong>non</strong></span> 
     </span>
    </p>
   </div>
  </div>
