4230 6436
213 409 326 472 313

1163 407 1339 469 VITA
1381 406 1443 467 S.
1494 403 1873 464 STEPHANI
1914 402 2009 462 ΕΤ
2048 401 2465 464 SOCIORUM.

3350 407 3458 469 3H

211 536 399 590 posse,
437 535 596 589 quam
623 535 730 588 quo
755 519 952 602 Paulus
975 518 1256 588 apostolus
1281 520 1474 574 eodem
1505 521 1780 588 appulisse
1810 525 1856 579 Δ
1886 531 2013 573 runt
2048 519 2338 588 Rhegium.
2373 519 2492 574 Non
2543 517 2804 572 dicuntur
2846 518 3040 572 urbem
3074 519 3328 582 intrasse,
3359 537 3459 576 ne-

211 613 540 677 sciebaturq
569 623 622 665 et
667 607 920 680 prmstlmi
960 622 1198 680 poterat,
1231 613 1409 682 ipsum
1447 613 1648 668 ibidem
1686 628 1786 682 pro

212 719 276 757 se
312 705 544 772 aliquem
577 706 856 772 reliquisse
879 704 1220 772 episcopum.

300 797 384 849 l0.
415 797 551 848 Tum
594 812 720 850 vero
747 797 914 863 qureri
951 805 1128 863 potest
1157 796 1224 850 de
1256 797 1419 850 sociis
1457 807 1784 868 symmarty-

213 890 374 944 ribus
415 888 468 942 S.
501 889 783 956 Stephani,
817 888 987 941 Suera
1017 888 1296 956 episcopo.
1331 898 1385 941 et
1419 891 1747 944 mulieribus
1769 932 1782 952 ,

212 987 448 1046 Agncte.
485 980 762 1032 Felicitate
790 988 844 1031 et
875 980 1166 1048 Perpetua,
1190 982 1329 1035 unde
1356 981 1476 1035 illos
1507 983 1786 1049 acceperit

211 1081 315 1125 aut
371 1082 650 1124 mutuatus
697 1070 833 1122 forte
882 1072 954 1124 sit
998 1072 1235 1139 scriptor
1271 1072 1425 1124 Vitas.
1454 1072 1627 1140 (Eque.
1673 1077 1788 1126 haec

209 1163 452 1215 obscura
485 1159 702 1212 aliunde
727 1171 855 1214 sunt
884 1177 895 1210 :
937 1176 1037 1214 nec
1068 1161 1223 1214 facile
1250 1162 1483 1227 capiam,
1513 1164 1788 1229 quomodo

215 1254 331 1307 illis
369 1252 602 1304 inducta:
636 1252 914 1322 religionis
938 1252 1258 1306 ChriSIiame
1286 1252 1474 1311 initiis.
1506 1252 1615 1306 duo
1643 1255 1790 1308 Rhe-

209 1343 288 1412 gii
337 1341 543 1394 fuerint
583 1341 848 1410 episc0pi,
877 1342 1098 1408 quando
1132 1344 1198 1396 de
1231 1359 1339 1396 uno
1367 1345 1482 1396 solo
1514 1359 1620 1398 non
1650 1361 1786 1399 eon-

213 1443 327 1488 stat
363 1444 538 1486 certo.
574 1434 644 1485 De
679 1435 1005 1487 mulieribus
1034 1449 1254 1502 quoque
1288 1437 1524 1490 certiora
1567 1437 1785 1492 deside-

212 1524 324 1575 rari
359 1533 606 1589 possunt,
641 1539 705 1576 ne
740 1523 864 1591 quis
888 1535 1116 1593 cogatur
1140 1525 1430 1592 suspicari,
1463 1527 1785 1594 Perpetuam

212 1623 381 1678 atque
407 1611 764 1675 Felicitatem,
785 1614 1028 1665 onmimn
1053 1613 1164 1666 fere
1186 1615 1534 1682 antiquorum
1565 1617 1786 1669 Patrum

213 1699 439 1766 scriptis
469 1699 791 1761 celebratas,
822 1702 873 1752 in
899 1702 1076 1756 Africa
1105 1719 1226 1756 cum
1254 1705 1374 1756 aliis
1393 1705 1558 1758 sociis
1583 1718 1787 1774 marty-

215 1804 327 1856 res,
366 1791 585 1844 ineunte
617 1795 814 1846 steculo
853 1795 1011 1847 tertio
1049 1810 1256 1863 passas,
1288 1796 1556 1866 Rhegium
1594 1800 1786 1854 tradu-

217 1893 336 1935 ctas
362 1881 547 1935 fuisse.

290 1973 376 2025 ll.
413 1973 522 2042 Ego
548 1974 766 2041 quidem
800 1991 898 2044 per
933 1978 1046 2031 haec
1085 1979 1249 2032 dubia
1294 1996 1410 2034 mea
1443 1981 1578 2035 nihil
1625 1981 1787 2037 dero-

217 2074 402 2129 gatum
452 2063 608 2115 velim
649 2065 901 2130 veritati;
935 2067 1028 2120 sed
1074 2071 1244 2136 magis
1276 2071 1460 2136 cupio,
1497 2072 1784 2123 veritatem

217 2168 284 2204 ex
327 2151 433 2205 illis
481 2153 833 2210 illustriOrem
879 2157 994 2209 fieri
1037 2175 1133 2225 per
1168 2169 1321 2227 aptas
1355 2161 1421 2216 ad
1457 2160 1621 2214 dubia
1667 2178 1787 2216 mea

218 2243 609 2314 Rhegiensium
641 2248 962 2304 solutiones.
991 2252 1148 2306 Aliud
1177 2268 1393 2321 quoque
1422 2253 1649 2307 dubium
1682 2256 1788 2309 huc

217 2337 482 2403 pertinet,
524 2339 612 2390 uhi
649 2341 714 2393 de
750 2342 923 2409 prima
953 2343 1345 2413 Rhegiensium
1389 2347 1454 2399 ad
1490 2346 1692 2401 Christi
1727 2350 1790 2401 li-

217 2423 346 2476 dcm
396 2429 755 2483 Conversione
805 2448 900 2499 per
949 2432 1175 2487 Paulum
1229 2437 1558 2504 apostolum.
1609 2454 1789 2492 sermo

215 2524 324 2569 est.
355 2518 702 2586 Popularium
741 2537 862 2582 vox,
890 2533 946 2575 et
980 2529 1380 2591 quodammodo
1410 2528 1787 2597 Evangelium,

219 2607 288 2660 de
312 2624 420 2676 quo
448 2610 696 2664 dubitare
730 2612 878 2663 nefas
906 2613 996 2672 sit,
1027 2616 1238 2668 insonat
1261 2617 1510 2678 auribus.
1539 2620 1786 2685 Paulum,

217 2713 344 2750 cum
377 2715 404 2750 e
431 2699 582 2768 Syria
612 2702 875 2771 Rhegium
902 2707 1224 2773 appulisset,
1247 2709 1530 2764 (lueendus
1561 2712 1787 2766 Romam

218 2804 248 2840 τι
283 2793 608 2846 centurione
654 2803 707 2847 et
743 2798 1066 2852 custodibus
1096 2802 1210 2853 suis
1242 2799 1306 2856 ad
1344 2804 1582 2857 tribunal
1615 2803 1792 2859 Caesa-

217 2881 319 2940 ris.
371 2884 425 2935 in
468 2883 715 2954 ingressu
762 2889 914 2941 urbis
960 2890 1304 2960 Rhegiensis.
1351 2896 1581 2963 coapisse
1627 2895 1790 2949 Chri-

219 2981 366 3024 stum
404 2978 731 3030 annuntiare
769 2995 780 3029 :
823 2979 1027 3031 incolas
1065 2994 1246 3034 autem
1299 2984 1574 3038 obstinato
1604 2986 1788 3039 animo

216 3067 267 3116 ei
299 3066 644 3131 prohibuisse
675 3067 981 3123 istiusmodi
1015 3083 1227 3126 annunt
1251 3075 1531 3143 ationem;
1570 3079 1786 3134 tandem

1886 610 2012 663 dum
2063 625 2271 663 moram
2321 609 2575 664 diurnam
2627 609 2700 664 ibi
2750 609 2974 676 fecisse;
3009 612 3103 665 sed
3138 613 3323 679 potius
3353 614 3460 667 iter

1885 703 2183 771 prosecuti,
2209 719 2238 755 e
2263 711 2560 771 conspectu
2596 701 2810 771 Rhegii,
2842 703 3058 758 favente
3089 715 3299 768 austro,
3335 715 3461 772 post

1890 813 2054 851 unum
2118 796 2263 849 diem
2325 796 2710 865 navigationis,
2760 806 3026 850 venerunt
3076 797 3166 850 die
3212 799 3456 852 secundo

1887 877 2163 942 Puteolos.
2211 886 2397 954 Neque
2427 887 2599 948 enim,
2633 887 2677 940 si
2713 903 2820 940 uno
2843 888 2930 941 die
2959 888 3150 956 Rhegii
3184 889 3462 942 substitis-

1887 988 2030 1041 sent,
2079 978 2384 1046 potuissent
2437 978 2527 1030 die
2590 981 2830 1032 secundo
2877 980 3133 1033 Puteolos
3189 981 3458 1048 attigisse,

1887 1071 2305 1140 quibuscunque
2337 1070 2612 1124 stantibus
2641 1073 2838 1136 ventis,
2861 1081 3080 1140 propter
3105 1073 3456 1141 longinquam

1887 1164 2129 1219 locorum
2168 1163 2502 1216 distantiam.

1962 1255 2044 1308 15.
2079 1256 2154 1308 Ita
2189 1256 2466 1309 intellecto
2498 1255 2636 1309 sacri
2667 1255 2950 1324 scriptoris
2985 1265 3158 1312 textu.
3186 1255 3263 1308 uti
3298 1255 3459 1323 plane

1885 1345 2104 1399 videtur
2144 1347 2369 1414 intelligi
2406 1347 2606 1400 debere
2631 1385 2646 1409 ,
2685 1347 2960 1400 evanescit
2997 1347 3306 1414 prodigium
3362 1360 3460 1397 co.-

1887 1438 2087 1490 lumna:
2131 1453 2451 1492 marmoreas
2502 1439 2746 1492 ardentis
2776 1438 2826 1489 in
2856 1438 3270 1490 conversionem
3311 1436 3462 1489 Rhe-

1887 1530 2177 1600 giensium,
2214 1531 2325 1582 imo
2358 1540 2410 1582 et
2459 1529 2746 1582 conversio
2787 1530 3029 1597 ipsorum
3069 1544 3165 1595 per
3201 1526 3457 1590 Paulum,

1887 1630 1940 1672 et
1976 1619 2249 1671 ordinatio
2285 1617 2546 1685 Stephani
2581 1627 2711 1669 tunc
2735 1618 2998 1684 temporis
3025 1617 3076 1668 in
3111 1617 3457 1683 episcopum.

1889 1711 2040 1774 Quod
2073 1709 2115 1760 si
2155 1709 2277 1782 quis
2301 1707 2464 1760 etiam
2498 1707 2772 1759 sustinere
2814 1704 2963 1763 velit,
3004 1703 3229 1754 Paulum
3262 1703 3460 1754 civita-

1894 1808 1998 1854 tem
2057 1799 2358 1869 ingressum
2421 1798 2609 1857 fuisse,
2659 1797 2844 1864 ibique
2889 1784 2978 1847 die
3017 1810 3126 1846 uno
3167 1793 3458 1852 mansisse,

1817 1863 1859 1918 Β
1893 1891 2134 1945 nondum
2189 1892 2442 1944 columna
2494 1905 2799 1942 marmorea
2846 1889 3065 1940 arserit.
3094 1885 3233 1952 Quid
3275 1883 3462 1939 enim?

1890 1981 1943 2036 Si
1985 1983 2034 2033 id
2079 1980 2281 2035 factum
2319 1981 2532 2041 fuisset,
2571 1981 2765 2042 Lucas,
2821 1979 2971 2033 Pauli
3019 1981 3224 2039 socius,
3271 1977 3462 2043 utique

1888 2075 2160 2128 scivisset.
2221 2073 2277 2127 Si
2327 2075 2597 2134 scivisset,
2645 2074 2835 2140 utique
2885 2073 3220 2137 scripsisset.
3262 2067 3459 2134 Utpote

1888 2167 1981 2234 qui
2017 2168 2187 2220 multo
2221 2167 2431 2220 minora
2466 2164 2614 2218 Pauli
2665 2174 2815 2233 gesta
2869 2162 2922 2216 in
2966 2162 3145 2215 Melita
3187 2161 3361 2213 insula
3403 2165 3459 2212 et

1889 2258 2038 2318 alibi,
2073 2269 2177 2309 tam
2216 2257 2407 2310 sedulo
2438 2257 2490 2308 in
2523 2257 2845 2311 memoriam
2884 2254 3223 2323 posteritatis
3254 2251 3462 2318 scripto

1891 2351 2254 2420 consignavir.
2289 2347 2473 2403 Utitur
2511 2348 2564 2400 in
2607 2363 2663 2400 re
2697 2345 2886 2406 simili.
2917 2345 3078 2399 simili
3117 2351 3462 2409 argumenta-

1893 2445 2039 2496 tione
2071 2441 2127 2496 S.
2154 2440 2540 2510 Hieronymus.
2578 2437 2885 2505 Legebatur
2913 2437 3086 2505 ipsius
3117 2434 3298 2488 adhuc
3327 2443 3463 2486 tem-

1891 2545 2022 2601 pore
2053 2532 2194 2584 liber
2231 2532 2295 2585 de
2331 2531 2499 2600 gestis
2529 2529 2678 2584 Pauli
2713 2539 2766 2582 et
2792 2528 3030 2588 Thecla,
3071 2527 3125 2580 in
3160 2541 3269 2594 quo
3309 2536 3364 2578 et
3392 2526 3460 2578 de

1892 2622 2163 2690 baptizato
2195 2623 2351 2674 leone
2380 2622 2724 2673 narrabatur.
2752 2619 2907 2683 Quod
2949 2618 3287 2672 refutaturus
3318 2618 3457 2685 ipse,

1888 2715 1969 2769 sic
2000 2715 2077 2767 ait
2115 2731 2126 2765 :
2166 2734 2184 2764 ‹
2222 2714 2389 2782 Igitur
2422 2714 2709 2780 Περιόδῡυς
2765 2711 2912 2765 Pauli
2944 2720 2998 2764 et
3022 2710 3253 2767 Theclae.
3289 2709 3344 2761 et
3374 2718 3460 2760 to-

1891 2816 2000 2861 tam
2053 2806 2306 2874 baptizati
2366 2806 2544 2861 leonis
2601 2805 2863 2866 fabulam,
2926 2804 3068 2856 inter
3112 2801 3458 2872 apocrypha:

1890 2903 2188 2969 scripturas
2219 2911 2617 2969 computamus.
2648 2899 2815 2966 Quale
2849 2899 2993 2953 enim
3030 2907 3135 2958 est.
3164 2907 3224 2950 ut
3253 2895 3457 2950 indivi-

1889 2994 2032 3048 duus
2056 3008 2240 3045 comes
2275 2993 2519 3060 Apostoli
2557 2995 2750 3054 Lucas,
2781 2995 2922 3047 inter
2950 2997 3175 3046 creteras
3203 2991 3323 3059 ejus
3350 3003 3458 3052 res,

1892 3085 1995 3139 hoc
2020 3084 2196 3138 solum
2227 3084 2600 3152 ignoraverit?
2645 3105 2662 3136 ι
2700 3086 2965 3139 Similiter
2999 3084 3273 3151 quomodo
3311 3081 3460 3134 idem

221 3163 427 3259 “milli
461 3155 789 3224 ἀθρτεοεηηθ
821 3161 1006 3226 Ριιυΐον
1043 3175 1102 3218 υι
1135 3181 1191 3218 se
1231 3167 1500 3222 dicentem
1535 3171 1787 3226 audirent
1815 3203 1857 3259 ο
1894 3179 2244 3250 ignoraveril,
2297 3194 2583 3232 accensam
2632 3193 2661 3231 a
2708 3193 2872 3247 parva
2911 3175 3219 3232 candelula.
3259 3173 3459 3243 pradi-

219 3246 436 3298 tantillo
464 3258 728 3316 tempore,
761 3266 868 3319 quo
892 3257 1175 3320 parvulum
1202 3258 1442 3311 candelae
1469 3259 1783 3328 frustulum,

217 3339 366 3407 quod
396 3356 555 3394 manu
585 3344 806 3396 tenebat
840 3361 1153 3412 accensum,
1187 3348 1557 3419 deﬂagrasset,
1591 3353 1642 3406 id
1670 3369 1789 3421 per-

219 3433 456 3486 misisse.
524 3434 660 3487 Tum
723 3452 854 3490 vero
927 3440 1156 3493 Paulutn
1224 3446 1466 3498 candela:
1547 3448 1789 3502 ardentis

217 3521 512 3574 frustulum
540 3525 864 3591 imposuisse
894 3528 1216 3594 columellae,
1249 3549 1368 3599 quae
1390 3535 1526 3589 forte
1551 3541 1782 3600 astabat,

217 3631 577 3680 marmoreae;
614 3629 669 3671 et
715 3618 854 3674 hanc
898 3622 1232 3691 columnam,
1267 3639 1586 3697 consumpta
1634 3631 1786 3683 brevi

218 3704 505 3759 camlelula
571 3705 841 3765 llauunam
885 3717 1204 3784 concepisse
1261 3725 1316 3771 et
1358 3721 1664 3786 perrexisse
1699 3737 1790 3774 ar-

218 3796 374 3851 dere.
409 3797 528 3864 Quo
561 3801 676 3868 viso
707 3803 977 3874 prodigio,
1017 3808 1223 3862 incolas
1251 3808 1410 3864 fidem
1441 3810 1644 3866 Christi
1673 3829 1790 3867 am-

217 3889 467 3959 plexatos
497 3889 685 3946 fuisse.

295 3981 381 4033 12.
421 3979 534 4036 Hoc
570 3983 794 4049 factum,
827 4002 934 4041 non
968 3999 1176 4044 tantum
1208 3992 1352 4062 vulgi
1382 4008 1658 4058 sermone,
1691 3995 1786 4051 sed

218 4071 388 4126 etiam
431 4075 637 4145 scripto
671 4079 984 4136 celebratur
1018 4101 1046 4137 a
1076 4084 1250 4140 Marco
1275 4086 1512 4141 Antonio
1545 4088 1704 4142 Politi
1733 4089 1788 4142 in

217 4161 496 4220 Chronico
530 4165 819 4237 Rhegiensi
869 4187 990 4240 pag.
1023 4173 1112 4238 8U,
1168 4176 1263 4229 sed
1310 4177 1490 4230 obiter
1545 4185 1786 4230 tantum.

218 4254 464 4311 Primum
501 4258 634 4312 mihi
680 4262 735 4313 in
770 4261 853 4315 his
889 4264 1115 4318 dubium
1161 4273 1268 4327 est,
1316 4277 1500 4320 utrum
1554 4266 1784 4322 Paulum

221 4346 417 4418 Rbegii
457 4350 720 4406 miracula
752 4353 965 4417 fecerit,
1000 4363 1093 4410 aut
1128 4357 1342 4428 aliquos
1371 4359 1436 4412 ad
1464 4359 1624 4412 Iidem
1656 4376 1785 4414 con-

222 4441 475 4501 verterit.
512 4443 618 4496 imo
666 4460 732 4498 an
766 4445 920 4501 istam
956 4449 1147 4503 urbem
1187 4467 1251 4505 ex
1298 4451 1642 4521 navigatione
1695 4453 1785 4509 illa

1891 3282 2049 3324 caute
2089 3272 2277 3339 Rhegii
2325 3272 2514 3334 Paulo,
2551 3271 2858 3324 colunmam
2895 3283 3254 3322 marmoream
3289 3266 3460 3320 arsiso

1892 3362 1991 3415 se?
2021 3380 2038 3412 ι
2079 3362 2243 3415 Addit
2272 3361 2639 3431 Hieronymus
2667 3377 2732 3413 ex
2767 3360 3126 3422 Tertulliano,
3165 3377 3183 3407 ι
3226 3357 3460 3426 Presby-

1894 3463 2068 3508 terum
2095 3453 2384 3522 quemdam
2415 3453 2468 3504 in
2500 3452 2626 3505 Asia
2659 3451 3002 3517 σπουδαστήν
3025 3449 3253 3518 apostoli
3285 3448 3457 3511 Pauli,

1892 3541 2204 3595 convictum
2233 3555 2353 3594 esse
2383 3539 2526 3609 apud
2554 3539 2842 3603 Joannem,
2879 3538 3023 3608 quod
3067 3546 3260 3590 auctor
3313 3546 3459 3592 esset

1891 3632 2038 3695 libri,
2069 3644 2124 3684 et
2156 3634 2490 3690 confessum,
2515 3645 2573 3684 se
2602 3633 2704 3684 hoc
2736 3630 2886 3684 Pauli
2923 3644 3110 3683 amore
3142 3628 3335 3682 fecisse
3361 3643 3376 3684 :
3403 3633 3460 3678 et

1890 3724 1960 3776 ob
1987 3724 2038 3776 id
2069 3723 2135 3776 de
2164 3726 2283 3779 loco
2310 3722 2600 3777 excidisse.
2637 3740 2655 3772 ι
2689 3722 2854 3789 Digna
2890 3720 3172 3772 lictoribus
3208 3720 3261 3770 in
3294 3717 3461 3771 rebus

1891 3817 2062 3870 sacris
2088 3830 2154 3869 ac
2183 3817 2342 3869 seriis
2367 3830 2545 3883 poena,
2569 3814 2686 3868 sive
2720 3811 2974 3866 finxerint
2996 3823 3182 3864 amore
3213 3823 3461 3878 persona

1890 3907 2136 3976 privatae,
2161 3905 2276 3957 sive
2302 3919 2486 3956 amore
2510 3903 2719 3970 patriae,
2744 3909 2802 3954 ut
2826 3916 2911 3954 res
2940 3903 3061 3969 ejus
3094 3911 3272 3969 gestas
3295 3913 3460 3967 quam

1890 3998 2157 4052 altissime
2185 4005 2458 4064 repetant,
2488 4005 2584 4049 aut
2609 3994 3029 4049 conversionem
3059 3992 3178 4063 ejus
3207 3991 3272 4045 ad
3301 3989 3462 4046 Chri-

1890 4092 1958 4145 sti
1998 4091 2160 4145 [idem
2197 4093 2263 4143 ab
2293 4088 2559 4157 apostolis
2590 4086 2888 4140 deducant.

1962 4185 2048 4237 η.
2082 4180 2450 4236 Procedamus
2483 4193 2670 4248 porro.
2711 4177 2831 4232 Non
2869 4185 3080 4232 tantum
3119 4175 3273 4230 Pauli
3323 4183 3464 4228 tem-

1888 4288 2021 4342 pore
2067 4272 2312 4340 ignotum
2367 4269 2470 4322 fuit
2523 4267 2834 4338 prodigium
2881 4266 3126 4320 ardentis
3170 4266 3460 4329 columnas,

1886 4377 2078 4418 verum
2119 4363 2283 4417 etiam
2324 4360 2473 4414 mille
2515 4359 2677 4415 annis
2715 4367 2859 4429 post,
2891 4373 3065 4427 usque
3110 4359 3176 4412 ad
3224 4368 3458 4426 tempus,

1889 4473 1998 4526 quo
2053 4455 2312 4522 primaria
2366 4453 2426 4506 S.
2479 4451 2741 4522 Stephani
2801 4453 2943 4515 vita.
3008 4465 3171 4520 quam
3237 4447 3459 4504 Greco-

223 4534 530 4587 intraverit.
564 4535 764 4589 Scribit
794 4539 985 4603 Lucas,
1018 4556 1199 4596 comes
1237 4541 1292 4598 S.
1338 4544 1490 4598 Pauli
1531 4545 1585 4600 in
1633 4546 1787 4599 navi-
1820 4551 1868 4609 D
1897 4549 2143 4602 Latinam
2175 4547 2392 4608 damus,
2427 4545 2735 4610 conscripta
2774 4542 2896 4595 fuit.
2937 4542 3067 4611 Ejus
3110 4541 3312 4611 quippe
3368 4555 3464 4593 au-

220 4627 442 4696 gatione
493 4626 1015 4700 Syriaco-Romano.
1070 4650 1189 4704 qua:
1233 4636 1403 4700 vidit;
1447 4647 1501 4690 et
1535 4648 1787 4695 accurate

220 4729 376 4772 notat
405 4735 609 4774 moram
661 4738 821 4790 quam
852 4725 904 4777 in
933 4727 1246 4780 civitatibus
1279 4727 1456 4782 obviis
1483 4739 1784 4793 traxerunt,

221 4810 315 4866 Sic
346 4810 556 4876 Melitae,
585 4813 676 4875 ait,
711 4814 1030 4872 hibernasse
1063 4821 1292 4885 Paulum
1331 4831 1440 4876 tres
1467 4838 1702 4887 menses,
1734 4832 1789 4876 et

220 4917 345 4970 qua:
381 4902 582 4958 ibidem
618 4905 825 4961 interea
857 4907 985 4961 fecit
1024 4910 1283 4963 miracula
1311 4922 1365 4964 et
1400 4913 1790 4969 conversiones

217 4995 531 5069 gentilium,
588 4998 868 5057 describit.
929 5001 1214 5072 Syracusis
1282 5003 1466 5057 triduo
1522 5006 1788 5059 substite-

221 5102 390 5158 runt;
442 5093 686 5147 Puteolis
745 5102 932 5163 rogatu
994 5094 1224 5149 fratrum
1287 5105 1607 5150 manserunt
1671 5097 1789 5150 dies

217 5200 452 5257 septem.
493 5187 565 5240 De
587 5186 792 5255 Rliegio
820 5196 1000 5241 autem
1032 5187 1168 5240 nihil
1199 5187 1378 5242 simile
1407 5189 1659 5243 meminit
1682 5188 1788 5241 Lu-

215 5295 294 5331 ca:
329 5287 528 5332 textus.
572 5277 650 5331 En
687 5280 870 5340 verba,
901 5283 1162 5332 Actorum
1207 5294 1327 5347 cap.
1360 5280 1441 5332 ult
1477 5298 1489 5332 :
1519 5299 1536 5329 ‹
1573 5281 1637 5333 Et
1664 5295 1786 5333 cum

215 5371 562 5424 venissemus
600 5369 946 5440 Syracusam,
984 5371 1287 5424 mansimus
1319 5371 1392 5425 ibi
1428 5372 1629 5426 triduo.
1659 5372 1787 5425 Inde

215 5463 697 5531 circumlegentes,
726 5463 1049 5517 devenimus
1077 5463 1366 5530 Rhegium,
1390 5474 1444 5518 et
1466 5472 1586 5532 post
1618 5480 1785 5517 unum

216 5559 391 5614 diem,
421 5564 598 5608 stante
634 5564 856 5620 austro;
899 5554 1143 5607 secundo
1186 5554 1273 5608 die
1305 5555 1554 5609 venimus
1597 5556 1790 5609 Puteo-

214 5649 324 5708 los,
363 5645 452 5699 ubi
502 5646 738 5699 inventis
788 5646 1068 5709 fratribus,
1114 5647 1285 5716 rogati
1333 5662 1522 5701 sumus
1571 5663 1787 5701 manere

217 5741 364 5820 apud
399 5755 513 5801 eos,
552 5740 670 5794 dies
696 5749 903 5809 septem
937 5757 948 5792 :
990 5749 1045 5794 et
1075 5739 1154 5794 sic
1192 5740 1442 5794 venimus
1475 5741 1721 5794 Romam.
1764 5758 1780 5790 ι

217 5835 389 5904 Igitur
418 5832 617 5887 l’aulus
651 5842 703 5887 et
728 5833 919 5902 Lucas,
959 5834 1278 5903 navigantes
1314 5834 1580 5901 Syracusa
1616 5850 1784 5891 veno-

1897 4648 2038 4703 ctor,
2065 4637 2320 4707 quamvis
2344 4635 2568 4689 Paulum
2599 4633 2818 4690 inducat
2855 4632 3159 4702 Rhegium:
3186 4631 3372 4698 ibique
3400 4629 3463 4682 li-

1897 4733 2020 4786 dem
2063 4730 2441 4789 annuntiasse,
2479 4729 2682 4781 multos
2717 4725 3047 4794 baptizasse,
3088 4731 3252 4793 atque
3295 4721 3462 4775 etiam

1898 4826 2248 4895 presbyteros
2283 4831 2338 4875 et
2368 4821 2656 4889 episcopos
2693 4818 2976 4872 ordinasse
3010 4816 3178 4878 dicat,
3215 4815 3463 4883 adeoque

1898 4918 2091 4970 innuat
2124 4916 2426 4983 longiorem
2462 4926 2670 4964 moram
2715 4909 2918 4963 ibidem
2960 4913 3234 4969 traxisse;
3280 4915 3464 4961 tamen

1897 5023 1999 5061 suo
2031 5017 2275 5074 tempore
2306 5004 2544 5056 nondum
2580 5001 2762 5059 scivit.
2795 4999 2939 5068 quod
2969 4999 3158 5052 incolae
3184 4998 3465 5068 Rhegion-

1899 5115 1986 5152 ses
2019 5097 2174 5150 initio
2207 5094 2561 5164 pertinaciter
2596 5090 2982 5161 prohibuerint
3015 5088 3180 5143 Paulo
3203 5089 3454 5157 praedica-

1898 5207 1957 5244 re
2009 5189 2191 5251 fidem,
2246 5186 2444 5241 deinde
2495 5199 2626 5236 vero
2676 5198 2774 5251 per
2833 5181 3140 5250 prodigium
3196 5181 3466 5234 columna

1899 5271 2219 5336 marmorea:
2246 5279 2490 5332 ardentis
2534 5275 2784 5330 conversi
2815 5273 2882 5327 ab
2906 5275 3025 5341 ipso
3057 5271 3285 5327 fuerint.
3320 5269 3464 5336 Quin

1902 5375 2011 5427 imo
2045 5372 2178 5426 satis
2216 5369 2458 5424 declarat
2491 5377 2683 5421 auctor
2716 5366 2858 5428 vitae,
2890 5364 3227 5433 Rhegienses
3251 5361 3328 5416 ab
3359 5359 3466 5415 ini-

1900 5465 1996 5527 tio,
2034 5463 2241 5531 absque
2285 5460 2395 5514 ullo
2437 5456 2699 5526 singulari
2740 5454 3027 5515 miraculo,
3073 5452 3300 5506 Paulum
3333 5466 3467 5504 con-

1898 5557 2207 5609 cionantem
2233 5565 2436 5621 pronos
2463 5549 2798 5602 auscultasse
2831 5563 2845 5600 :
2879 5555 2934 5598 et
2959 5544 3124 5598 sicuti
3158 5553 3300 5596 terra
3324 5541 3464 5595 bona

1898 5653 2216 5713 susceptum
2247 5654 2433 5695 semen
2467 5637 2794 5706 multiplicat
2833 5635 3170 5704 centuplum.
3222 5632 3293 5685 ita
3343 5633 3465 5686 illos

1897 5735 2204 5805 suscepisse
2251 5732 2477 5787 verbum
2513 5730 2610 5785 Dei
2647 5744 2713 5783 ex
2741 5743 2838 5782 ore
2869 5726 3048 5781 Pauli.
3086 5724 3257 5779 Debet
3298 5725 3466 5793 igitur

1899 5831 2083 5888 fabula
2114 5829 2214 5885 ista
2243 5825 2480 5895 primum
2514 5834 2642 5879 nata
2665 5821 2832 5878 fuisse
2860 5820 2916 5876 in
2950 5818 3160 5889 vulgus,
3183 5825 3305 5887 post
3334 5826 3459 5872 aeta-
