4230 6436
744 428 853 489 315

2082 427 2359 487 MENSIS
2393 424 2686 483 JULIUS.

3891 414 3995 477 316

746 550 858 594 tem
890 538 1023 593 dicti
1055 539 1345 607 scriptoris
1378 551 1432 593 et
1464 542 1605 596 forte
1643 543 1735 596 diu
1770 554 1909 613 post,
1944 561 2009 598 ex
2040 546 2199 598 otiosi
2228 544 2325 597 ali-
2354 545 2399 601 Α
2430 537 2682 607 discipuli
2716 544 2809 589 aut
2845 534 3051 589 Christi
3082 534 3320 597 Domini,
3355 544 3449 586 aut
3477 543 3795 586 sanClOI‘um
3825 532 3995 594 PClri.

748 634 905 702 cujus
960 632 1213 696 cerebro,
1263 648 1382 701 qua:
1426 650 1554 688 mox
1608 638 1767 705 vulgo
1817 638 2102 706 placuerit,
2157 648 2320 707 atque

748 726 910 778 etiam
953 740 984 778 a
1021 727 1277 793 praedicto
1314 728 1736 799 chronographo
1777 732 2099 807 Rhegiensi,
2138 733 2321 787 Marco

748 815 986 868 Antonio
1019 816 1201 877 Politi,
1246 828 1466 885 recepta
1516 820 1698 875 fuerit.
1759 822 2137 892 Scriptoribus
2174 826 2320 886 aliis,

750 906 1051 962 Maratiotio
1085 909 1136 961 in
1173 909 1449 965 Chronico
1477 912 1764 976 Calabriae,
1804 928 1968 986 atque
2012 919 2239 988 Ughello
2268 918 2322 971 in

750 996 1021 1065 episcopis
1066 999 1507 1067 Rliegiensibus;
1547 1005 1673 1057 item
1708 1008 1877 1061 Paulo
1934 1008 2210 1063 Gualterio
2268 1012 2320 1063 in

750 1086 1013 1141 Calabria:
1056 1088 1290 1154 Sanctis,
1324 1101 1376 1147 et
1422 1096 1541 1148 Vita
1571 1096 1624 1149 S.
1655 1096 1939 1165 Stephani,
1975 1102 2066 1168 qui
2110 1110 2236 1153 ante
2273 1110 2327 1153 et

753 1189 875 1248 post
943 1181 1202 1241 Politum.
1268 1201 1364 1239 sua
1414 1188 1746 1253 ediderunt,
1804 1207 1911 1244 non
1976 1194 2124 1246 ausis
2186 1210 2326 1263 pne-

754 1272 887 1325 dicti
947 1274 1205 1342 prodigii,
1256 1292 1318 1331 ac
1353 1279 1473 1333 talis
1523 1282 1897 1337 conversionis
1936 1285 2324 1356 Rhegiensium

754 1362 818 1414 ad
873 1364 1032 1418 fidem
1074 1365 1305 1431 Christi,
1361 1370 1444 1421 vel
1481 1370 1648 1423 verbo
1695 1374 2024 1434 meminisse.
2061 1383 2204 1447 quod
2252 1382 2327 1434 fa-

755 1470 919 1507 utam.

830 1546 912 1597 15.
950 1546 1236 1616 Superest,
1276 1562 1336 1605 ut
1366 1552 1433 1606 de
1469 1565 1627 1609 (etate
1661 1556 1714 1610 S.
1750 1558 2012 1628 Stephani
2061 1572 2115 1615 et
2153 1568 2329 1621 socio-

759 1652 876 1689 rum
924 1640 1042 1708 ejus
1072 1654 1395 1713 martyrum,
1427 1648 1653 1702 verbum
1692 1652 1976 1707 addamus.
2021 1656 2162 1711 Satis
2197 1676 2329 1713 con-

760 1736 907 1780 stare
981 1742 1160 1797 potest
1213 1752 1279 1788 cx
1341 1737 1609 1791 hactenus
1679 1742 1999 1809 disputatis,
2070 1748 2244 1813 ipsum
2302 1767 2330 1804 a

760 1821 817 1874 S.
846 1823 1014 1875 Paulo
1042 1842 1071 1877 e
1106 1828 1456 1897 navigatione
1484 1831 1985 1900 Syriaco-Romana
2016 1841 2330 1909 episcopum

762 1909 957 1981 Rhegii
1007 1921 1368 1973 constitutum
1421 1939 1528 1976 non
1576 1918 1745 1980 fuisse
1778 1947 1790 1981 :
1820 1930 1869 1981 id
1916 1931 2135 1986 interim
2182 1937 2333 1990 aiunt

769 2004 1127 2070 ltltegienses,
1162 2021 1325 2077 atque
1360 2012 1497 2065 adeo
1540 2029 1600 2067 ex
1653 2016 1869 2069 illorum
1905 2022 2163 2087 opinione
2205 2041 2336 2079 con-

765 2097 994 2151 stitutus
1025 2100 1129 2154 fuit
1160 2117 1306 2155 anno
1338 2103 1540 2158 Christi
1572 2108 1638 2159 56
1670 2125 1779 2177 quo
1810 2112 1929 2164 illac
1962 2117 2174 2169 transiit
2205 2120 2337 2173 Pau-

767 2186 873 2239 lus.
902 2188 975 2240 De
1014 2204 1156 2241 anno
1184 2201 1367 2244 autem
1406 2194 1771 2250 detertniuato
1796 2206 2034 2273 martyrii
2069 2207 2337 2263 nihildum

768 2277 911 2343 apud
958 2279 1104 2346 ipsos
1160 2281 1283 2348 legi.
1346 2283 1632 2340 Ferrarius
1684 2291 1895 2355 scribit,
1943 2311 2160 2363 passum
2220 2317 2339 2355 esse

770 2367 1108 2435 Stephanum
1140 2375 1242 2425 sub
1267 2375 1485 2429 Nerone
1513 2396 1525 2429 :
1558 2381 1702 2446 quod
1742 2394 1915 2435 certat
1939 2400 2061 2437 cum
2086 2389 2257 2453 Actis,
2289 2394 2340 2445 in

768 2460 974 2526 quibus
1003 2462 1225 2530 legitur,
1260 2465 1438 2533 ipsqu
1480 2471 1760 2535 przefuisse
1807 2474 2127 2543 episcopum
2170 2495 2343 2537 annos

770 2551 961 2605 decem
1018 2564 1074 2606 et
1132 2566 1363 2623 septem.
1400 2560 1474 2611 Ex
1507 2576 1617 2629 quo
1665 2566 2042 2633 consequitur,
2081 2575 2343 2645 martyrio

771 2642 1094 2699 defunctum
1121 2663 1239 2702 esse
1274 2666 1423 2704 anno
1454 2653 1543 2713 73,
1585 2656 1727 2722 quod
1752 2674 1907 2727 aeque
1945 2664 2201 2720 sustineri
2229 2642 2341 2723 non

772 2745 973 2801 potest.
998 2736 1135 2800 Quia
1169 2741 1365 2803 scitur,
1401 2758 1502 2795 nec
1533 2745 1622 2795 illo
1654 2762 1818 2809 anno,
1850 2765 1948 2803 nec
1974 2753 2178 2821 aliquot
2207 2774 2344 2825 pra:-

772 2826 1122 2893 cedentibus,
1155 2846 1257 2885 nec
1307 2832 1516 2901 aliquot
1553 2839 2041 2908 subsequentibus,
2084 2863 2346 2915 persecu-

772 2918 981 2973 tionem
1041 2924 1205 2977 ullam
1266 2925 1438 2982 fuisse
1489 2941 1690 2984 motam
1744 2944 1933 2989 contra
1982 2938 2341 2999 Christianos.

771 3008 1140 3073 Quamobrem
1176 3016 1322 3069 aliud
1351 3028 1565 3087 tempus
1586 3027 1939 3091 quaerendum
1965 3039 2067 3094 est,
2089 3048 2197 3099 quo
2228 3036 2345 3101 epi-

772 3116 972 3170 scopus
1002 3104 1201 3171 factus,
1224 3125 1444 3179 quoque
1474 3116 1794 3184 martyrium
1822 3134 2014 3184 passus
2044 3124 2109 3175 sit
2144 3125 2196 3178 S.
2228 3126 2346 3181 Ste-

2362 1879 2408 1936 B

2426 632 2577 687 Pauli
2608 640 2701 683 aut
2722 628 3041 689 Clementis,
3069 636 3201 687 etc.,
3233 624 3489 693 quodque
3520 624 3771 676 venerint
3799 623 3997 691 pnedi-

2427 738 2549 775 care
2586 718 2937 787 Evangelium
2971 716 3024 767 in
3059 727 3234 768 vastas
3265 713 3427 766 hasce
3456 712 3767 780 provincias
3796 713 3999 765 sazculo

2429 814 2603 882 primo
2652 809 3080 872 Christianismi,
3138 807 3190 860 S.
3244 806 3501 859 Ursinum
3544 804 3996 864 Bituricensium,

2431 904 2487 957 S.
2521 904 2969 956 Austremonium
3013 903 3412 960 Arvernorum,
3450 898 3505 951 S.
3547 896 3846 949 Martialem
3894 897 3999 948 Le-

2432 994 2851 1054 movicensium,
2912 992 2967 1045 S.
2999 1045 3007 1053 ,
3040 992 3369 1044 Frontonem
3440 985 3999 1045 Petrocoricensium,

2432 1083 2485 1137 S.
2520 1083 2879 1148 Eutropbium
2908 1081 3355 1142 Santonensium,
3398 1098 3414 1130 ι
3457 1087 3511 1131 ct
3546 1091 3681 1145 quos
3715 1091 3882 1144 porro
3913 1091 4003 1126 re-

2432 1181 2617 1225 censet
2646 1188 2839 1240 magno
2866 1186 3094 1222 numero
3126 1170 3260 1222 alios
3298 1185 3309 1219 :
3349 1187 3366 1218 ι
3402 1182 3540 1236 quos
3572 1167 3768 1233 inquit,
3796 1164 4008 1217 doctis-

2434 1262 2557 1314 simi
2620 1261 2743 1325 viri,
2805 1261 3001 1321 Faber,
3062 1260 3389 1327 Bosquctus,
3439 1257 3747 1324 Launoyus,
3818 1256 4008 1307 Patres

2436 1352 2765 1405 Sirmundus
2799 1364 2852 1405 et
2884 1352 3159 1413 Petavius,
3194 1351 3395 1418 aliique
3424 1350 3630 1417 plures,
3666 1355 4009 1401 censuerunt

2434 1461 2540 1498 non
2601 1447 2817 1499 venisse
2883 1445 2986 1497 nisi
3041 1445 3241 1497 saeculo
3274 1444 3434 1496 tertio
3481 1456 3575 1495 aut
3610 1452 3829 1510 quarto.
3865 1460 3881 1489 ι
3932 1438 4009 1492 De

2435 1537 2715 1589 nonnullis
2750 1545 3064 1590 sanctorum
3096 1534 3311 1587 illorum
3342 1542 3397 1585 et
3426 1549 3525 1585 nos
3552 1534 3913 1585 tractavimus
3954 1530 4008 1581 in

2436 1629 2583 1683 Actis
2639 1629 2865 1689 nostris,
2918 1638 2972 1681 et
3022 1628 3135 1681 fere
3193 1627 3571 1679 consentimus
3631 1640 3754 1676 cum
3823 1624 4011 1678 citatis

2437 1721 2779 1775 auctoribus.

2509 1835 2594 1888 17.
2631 1835 2685 1887 In
2729 1833 2913 1888 Sicilia
2955 1851 3173 1903 quoque
3219 1832 3565 1902 Syracusani,
3617 1832 3709 1899 qui
3758 1841 4014 1883 sanctum

2440 1942 2597 1979 suum
2640 1927 2996 1988 Marcianum,
3026 1928 3261 1994 primum
3296 1926 3533 1979 civitatis
3555 1925 3880 1992 episcopum
3912 1938 4015 1974 no-

2442 2018 2670 2079 minant,
2705 2019 3177 2086 contcuduntque,
3214 2018 3500 2071 Antiochia
3532 2018 3635 2069 sibi
3685 2034 3713 2069 a
3760 2016 3817 2070 S.
3856 2014 4017 2069 Petro

2442 2110 2685 2176 apostolo
2715 2110 3045 2163 submissum
3086 2110 3273 2173 fuisse,
3296 2108 3661 2162 ostenduntur
3684 2108 3750 2161 ad
3776 2109 3921 2161 diem
3954 2107 4019 2165 H

2440 2200 2584 2254 Junii
2624 2202 2818 2260 nostri,
2853 2201 3159 2263 aberrasse,
3193 2202 3482 2271 ipsumque
3523 2210 3797 2262 sanctum,
3845 2201 4017 2269 impe-

2444 2294 2696 2345 rantibus
2722 2294 3013 2347 Valeriano
3041 2302 3095 2347 et
3123 2293 3392 2357 Gallieno,
3427 2294 3624 2346 smculo
3647 2294 3831 2355 tertio,
3868 2308 4019 2344 mar-

2447 2384 2645 2451 tyrium
2678 2384 3026 2437 sustinuisse.
3057 2384 3245 2437 Umbri
3276 2386 3549 2445 similiter,
3582 2394 3639 2437 ut
3665 2400 3844 2452 nuper
3878 2383 4022 2436 dixi—

2446 2491 2588 2539 mus,
2640 2477 2692 2528 iu
2754 2486 2989 2530 tractatu
3042 2477 3398 2546 przeliminari
3449 2478 3513 2529 ad
3562 2486 3769 2532 tomum
3810 2476 3826 2527 l
3865 2478 4019 2541 Julii,

2446 2570 2701 2623 affectant
2738 2571 3119 2638 antiquitatem
3158 2571 3457 2639 primorum
3490 2569 3695 2637 aliquot
3731 2570 4023 2637 episc0po-

2448 2677 2564 2714 rum
2593 2676 2838 2725 suorum,
2865 2676 3003 2730 quos
3028 2662 3181 2713 aiunt
3208 2677 3236 2714 a
3262 2660 3315 2713 S.
3348 2661 3508 2714 Petro
3535 2661 3779 2728 apostolo
3807 2675 3837 2712 e
3866 2659 4023 2727 Syria

2448 2751 2513 2804 ad
2548 2767 2605 2804 se
2640 2752 2832 2805 missos
2871 2753 3072 2816 fuisse;
3112 2753 3205 2820 qui
3243 2768 3347 2805 non
3380 2752 3482 2805 nisi
3512 2752 3854 2820 temporibus
3893 2752 4025 2807 Dio-

2450 2840 2668 2892 cletiani
2722 2850 2775 2892 et
2810 2841 3121 2894 Maximiani
3168 2843 3425 2895 vixerunt
3470 2858 3532 2894 ac
3581 2854 3849 2911 martyres
3894 2842 4021 2894 facti

2449 2939 2595 2985 sunt.
2627 2931 2772 2985 Nihil
2802 2933 2994 2987 attinet
3038 2933 3193 3003 plura
3247 2949 3545 3004 congerere
3589 2933 3856 3001 exempla.
3915 2933 4024 2987 Res

2449 3024 2682 3078 eruditis
2738 3025 3023 3079 notissima
3084 3034 3186 3079 est.
3254 3026 3326 3079 De
3382 3026 3437 3079 S.
3495 3025 3794 3093 Stephano,
3847 3024 4025 3093 primo

2451 3112 2841 3182 Rhegieusium
2873 3116 3151 3181 episcopo,
3182 3115 3289 3183 jam
3317 3114 3619 3167 ostendisse
3647 3114 3777 3165 mihi
3810 3112 4021 3175 videor,

775 3190 1014 3257 phanus.
1051 3196 1185 3249 lllud
1220 3210 1403 3253 autem
1448 3204 1699 3259 invenire
1733 3223 1839 3261 non
1868 3211 1974 3264 erit
2002 3213 2196 3270 facile:
2224 3232 2346 3274 cum
2376 3209 2418 3266 C
2456 3204 2632 3273 ipsum
2668 3220 2768 3259 nec
2794 3205 2994 3259 3330010
3021 3206 3218 3274 Primo»
3251 3220 3349 3259 nec
3396 3220 3425 3258 ³
3462 3206 3515 3260 δ·
3554 3205 3722 3258 Pali“)
3749 3205 4023 3272 39051010.

777 3280 1037 3350 Ughcllus
1070 3288 1236 3355 dicat,
1276 3309 1293 3341 ι
1325 3301 1447 3361 post
1484 3293 1825 3365 Stephanum
1873 3319 2050 3373 usque
2098 3309 2165 3361 ad
2206 3311 2347 3365 Con-

780 3378 1006 3431 stantini
1056 3380 1231 3449 Magni
1268 3393 1504 3453 tcmpus,
1547 3391 1853 3458 episcopos,
1886 3398 1979 3464 qui
2025 3397 2080 3449 in
2132 3401 2351 3457 civitate

782 3463 1079 3536 Rbegiensi
1104 3471 1428 3541 ﬂoruerunt,
1456 3478 1775 3538 desiderari.
1801 3503 1817 3535 ›
1850 3463 1997 3558 Rogo
2022 3488 2189 3559 igitur
2214 3494 2354 3550 lihe-

778 3566 1018 3626 gtenses,
1053 3571 1112 3616 ut
1141 3566 1244 3634 ipsi
1282 3585 1419 3624 nova
1456 3587 1589 3625 cura
1637 3575 1690 3627 in
1731 3592 1845 3630 rem
1895 3580 2041 3634 illam
2091 3590 2349 3654 tanquam

777 3666 955 3716 suam,
988 3657 1215 3723 propius
1243 3660 1546 3728 inquirant.

851 3742 939 3794 16.
984 3745 1155 3800 Nobis
1204 3751 1425 3818 quidem
1482 3760 1827 3823 experientia
1869 3754 2101 3831 constat,
2151 3768 2352 3838 ubique

777 3836 1025 3899 gentium
1086 3840 1393 3896 obtinuisse
1443 3855 1499 3899 et
1547 3848 1818 3915 obtinere,
1863 3862 2056 3923 estque
2102 3836 2354 3926 pluribus

780 3922 1188 3988 quodammodo
1220 3930 1491 3999 innatum,
1519 3944 1577 3989 ut
1605 3954 1787 3993 rerum
1814 3922 2033 3999 suarum
2060 3922 2355 4019 antiquita-

783 4025 891 4066 tem
925 4015 1207 4081 affectent,
1237 4036 1471 4093 eamque
1525 4042 1685 4096 quam
1744 4032 2007 4089 altissime
2059 4015 2349 4096 attollant:

780 4108 929 4172 quod
971 4118 1027 4161 et
1060 4109 1383 4181 frequenter
1416 4134 1517 4173 usu
1547 4123 1698 4176 venit
1731 4124 1784 4178 in
1821 4128 1971 4181 Actis
2016 4140 2351 4198 sanctorum,

781 4213 904 4264 qua:
940 4212 1062 4269 post
1103 4203 1264 4275 longa
1309 4218 1556 4277 tempora
1607 4228 1673 4267 ex
1714 4216 2009 4287 caliginosa
2056 4224 2355 4283 traditione

783 4296 880 4338 aut
922 4292 1250 4360 apocryphis
1298 4298 1521 4367 scriptis
1578 4303 1932 4375 colliguntur.
1982 4309 2039 4363 ld
2090 4314 2355 4371 accidisse

785 4383 993 4435 sanctis
1016 4382 1201 4439 Gallia:
1227 4388 1507 4455 prioribus
1532 4394 1825 4466 episcopis,
1852 4399 2162 4457 luculenter
2194 4415 2357 4461 testa-

788 4479 877 4523 tur
910 4473 1194 4545 Philippus
1234 4480 1440 4549 Labbe,
1475 4487 1819 4556 antiquitatis
1851 4492 2122 4561 eruditus,
2154 4497 2199 4552 si
2231 4500 2358 4570 quis

2452 3294 2673 3363 quando
2706 3296 2749 3350 is
2785 3297 3057 3363 navigavit
3082 3298 3334 3357 Romam,
3361 3294 3672 3348 ordinatum
3706 3294 3877 3348 fuisse
3911 3295 4029 3363 epi-

2454 3401 2680 3454 scopum
2720 3403 2732 3437 :
2770 3388 2990 3455 quando
3035 3398 3217 3440 autem
3262 3387 3549 3440 ordinatus
3592 3386 3775 3448 fuerit,
3812 3401 4028 3453 nequeo

2456 3476 2736 3542 divinare;
2771 3478 2897 3546 quia
2930 3478 2997 3531 de
3032 3478 3137 3533 hoc
3176 3476 3454 3547 Stephano
3482 3476 3647 3531 silent
3682 3485 3787 3529 tam
3822 3476 4025 3546 Marty-

2456 3570 2625 3640 rologi
2662 3570 2862 3633 Latini,
2904 3586 3066 3639 quam
3109 3570 3199 3624 alii
3237 3573 3536 3639 scriptores
3569 3569 3801 3638 antiqui,
3835 3569 4025 3622 saltem

2456 3660 2548 3728 qui
2594 3670 2718 3713 ante
2749 3661 2928 3715 Vitam
2979 3662 3097 3730 ejus
3145 3662 3403 3727 scriptam
3451 3660 3705 3711 vixerint.
3756 3658 4029 3713 Fortassis

2456 3760 2640 3817 posset
2687 3750 2807 3817 ejus
2838 3750 3159 3819 martyrium
3217 3748 3281 3801 ad
3318 3756 3562 3816 tempora
3606 3745 3929 3798 Diocletiani
3976 3754 4029 3798 et

2456 3840 2767 3894 Maximiani
2801 3839 3015 3905 referri,
3051 3841 3178 3908 quia
3210 3839 3344 3893 nulli
3370 3840 3459 3893 alii
3491 3847 3616 3891 ante
3645 3837 3777 3890 illud
3814 3846 4031 3905 tempus

2458 3933 2571 3988 noti
2604 3943 2731 3987 sunt
2763 3933 3009 4003 episcopi
3037 3932 3400 4003 Rbegienses.
3434 3932 3636 3985 Verum
3680 3930 3923 3985 certiora
3963 3929 4029 3983 de

2457 4026 2544 4077 bis
2595 4026 3034 4095 exspectabimus
3084 4042 3113 4080 a
3160 4026 3560 4096 Rhegiensibus
3604 4025 3753 4093 ipsis,
3807 4033 3869 4076 ut
3923 4023 4031 4093 jam

2458 4116 2590 4171 dixi.

2529 4222 2615 4279 18.
2661 4223 2910 4279 Diximus
2959 4238 3201 4294 quoque,
3249 4222 3393 4279 unde
3434 4223 3817 4293 acceperimus
3898 4226 4031 4279 Acta

2457 4316 2663 4383 Graeca,
2698 4327 2754 4373 et
2785 4319 2913 4388 quia
2944 4317 3096 4372 tarde
3134 4319 3359 4372 fuerunt
3397 4317 3643 4379 collecta,
3681 4317 4033 4383 comperiori-

2463 4416 2552 4460 tur
2582 4424 2690 4462 non
2724 4423 2932 4478 magnae
2962 4407 3088 4461 fidei
3116 4422 3258 4462 esse.
3295 4404 3373 4459 En
3402 4406 3537 4474 ipsa,
3568 4421 3695 4459 cum
3723 4416 3912 4458 nostra
3949 4406 4031 4459 in-

2466 4500 2878 4567 terpretatione.
2906 4499 3122 4553 Titulus
3158 4498 3281 4554 talis
3316 4495 3738 4567 praefigebatur:
3772 4495 4034 4565 Ἀθλησις

786 4564 949 4627 alius,
981 4567 1034 4619 in
1064 4568 1343 4626 Breviario
1367 4590 1468 4629 suo
1492 4580 1883 4651 chronologico
1914 4584 2164 4642 Historiae
2189 4605 2356 4647 sacrae
2389 4558 2432 4614 υ

2389 4558 2432 4614 D
2461 4558 2564 4643 “£05-
2587 4591 2736 4644 ὁσίου
2764 4592 2974 4663 Πατρὸς
3000 4593 3156 4663 ἡμῶν
3182 4594 3581 4668 ᾕερομάρτυρος
3609 4590 3903 4656 Στεφάνου,
3933 4608 4033 4658 μη-

785 4663 841 4707 et
875 4656 1117 4723 profanae
1140 4668 1207 4712 ad
1240 4677 1444 4741 annum
1474 4665 1678 4721 Christi
1712 4670 1801 4734 69,
1833 4672 1908 4725 ita
1934 4676 2184 4730 scribens
2216 4694 2360 4733 anno

787 4749 964 4802 H565:
1003 4768 1021 4799 ‹
1050 4751 1131 4805 Ab
1157 4754 1315 4809 annis
1336 4756 1493 4812 facile
1523 4761 1853 4831 octingentis
1876 4764 2065 4834 plures
2092 4771 2359 4840 majorum

788 4850 1102 4896 nostrorum
1133 4846 1510 4915 crediderunt,
1537 4854 1685 4920 quod
1713 4855 1874 4922 primi
1898 4859 2139 4928 episcopi
2167 4863 2363 4919 funda-

790 4939 938 4987 tores
969 4934 1337 4992 Ecclesiarum
1380 4953 1693 4998 nostrarum
1739 4959 1838 5015 per
1877 4945 2129 5013 Galliam,
2158 4953 2361 5010 fuerint

2459 4685 2778 4754 τροπολίτου
2807 4688 2909 4755 τῆς
2944 4686 3263 4755 Καλαερίας
3296 4704 3307 4738 ;
3339 4684 3619 4744 Certamen
3648 4683 3821 4735 sancti
3855 4680 4035 4735 Patris

2464 4779 2650 4838 nostri,
2676 4779 2815 4849 sacri
2848 4781 3098 4847 martyris
3131 4776 3405 4849 Stephani,
3430 4773 3780 4846 melropolita:
3811 4774 4035 4827 civitatis

2464 4866 2646 4939 Rhegit’
2668 4868 2719 4922 in
2744 4846 3019 4924 Calabria.
