4230 6436
208 425 313 491 317

1169 439 1341 497 VITA
1382 441 1439 500 S.
1484 440 1866 500 STEPHANI
1908 440 2002 499 ET
2044 441 2457 531 SOCIORUM.

3344 445 3450 506 913

220 556 2003 585 m—

872 712 1235 823 ACTA
1330 713 1600 825 AUC
1621 715 1990 833 TORE
2080 715 2796 830 ANONYMO

1352 916 1480 976 Nisi
1522 916 1683 977 forte
1719 916 1802 978 sit
1840 917 2325 995 Mctaphrasles.

581 1061 657 1115 Ex
691 1062 879 1117 codice
911 1080 1011 1118 ms.
1041 1064 1355 1118 monasterii
1388 1064 1572 1119 Sancti
1620 1064 1939 1127 Salvatoris,
1978 1064 2192 1120 ordinis
2226 1067 2282 1122 S.
2316 1068 2497 1122 Basilii
2520 1085 2691 1139 prope
2726 1070 3056 1126 Messanam.

276 1358 356 1409 A’.
392 1349 560 1419 Οὗτος
590 1357 617 1409 6
647 1355 799 1425 ἅγιος
844 1359 1174 1429 ίερομάρτυς
1222 1360 1491 1426 Στέφανος
1532 1362 1772 1431 ὑπῆρχεν

1805 1367 1853 1424 Α
1950 1367 1990 1419 l.
2025 1367 2256 1420 Sanctus
2289 1365 2377 1419 hic
2410 1374 2612 1436 martyr
2649 1364 2981 1433 Stephanus,
3018 1366 3239 1420 civitate
3267 1367 3446 1421 Nicaea

202 1452 317 1504 ἀπὸ
346 1451 551 1513 πόλεως
580 1450 816 1512 Νικαίας
838 1469 851 1482 ·
895 1457 1296 1523 κατερχομένου
1339 1456 1394 1508 δὲ
1432 1456 1642 1508 Παύλου
1676 1457 1771 1509 τοῦ

202 1542 510 1595 ἀποστόλου
542 1544 598 1594 ὲν
624 1545 690 1612 τῇ
736 1542 943 1613 Ῥώμῃ,
968 1547 1436 1616 συνηκολούθησεν
1467 1549 1616 1617 αὑτῷ
1646 1549 1773 1619 ᾶχρι

203 1638 413 1697 πόλεως
447 1637 664 1706 Ῥηγίου
694 1639 788 1706 τῆς
815 1637 1151 1707 Καλασρίας.
1183 1640 1370 1709 Εὑρὼν
1395 1644 1422 1694 6
1453 1642 1773 1704 Ἀπῦστολος

204 1729 302 1796 τὴν
336 1729 490 1781 πόλιν
516 1728 681 1781 οὖσαν
713 1729 1057 1795 κατείδωλον,
1100 1732 1367 1802 ἐκήρυξεν
1409 1735 1469 1786 ιν
1502 1736 1636 1804 αὐτῇ
1684 1733 1769 1785 λό-

201 1837 298 1886 γον
326 1821 553 1891 Κυρίου,
587 1820 682 1872 καὶ
711 1819 899 1889 ὥσπερ
939 1823 1119 1893 ἀγαθὴ
1151 1825 1242 1877 τὸν
1282 1827 1483 1896 σπόρον
1505 1827 1770 1897 δεχομένη

201 1912 295 1963 καὶ
323 1911 778 1976 ἑκατοστεύουσα,
809 1912 984 1977 οὑτως
1017 1916 1065 1967 οἱ
1091 1918 1147 1967 ὲν
1176 1917 1313 1985 αὑτῇ
1347 1919 1436 1969 τὸν
1467 1919 1623 1986 λόγον
1663 1923 1774 1974 ἑδέ-

201 2005 398 2070 iano-
430 2006 751 2076 κατηχήσας
784 2000 937 2070 οὗτος
969 2009 1168 2071 αὐτοὺς
1205 2012 1231 2061 6
1277 2010 1507 2077 Παῦλος,
1545 2014 1638 2065 καὶ
1675 2015 1773 2083 βα-

201 2101 399 2161 πτίσας
432 2099 720 2163 πλείστους
740 2103 818 2162 είς
857 2100 919 2153 τὸ
953 2102 1123 2169 ὄνομα
1158 2103 1249 2154 τοῦ
1290 2105 1522 2172 Πατρὸς,
1552 2109 1645 2158 καὶ
1682 2107 1769 2159 τοῦ

202 2191 355 2259 Υίοῦ,
398 2192 491 2244 καὶ
524 2192 616 2245 τοῦ
658 2194 811 2259 ἁγίου
844 2194 1176 2261 Πνεύματος,
1217 2196 1551 2265 προχειρίζει
1590 2199 1772 2260 αὐτοῖς

203 2286 634 2355 ἀρχιεπίσκοπον
680 2286 970 2352 Στέφανον.
1010 2289 1104 2349 ’ος
1139 2288 1320 2351 καλῶς
1360 2291 1631 2357 ποιμάνας
1673 2291 1773 2360 τὴν

104 2394 113 2401 ·
204 2376 662 2448 ἐμπιστευθὶῖσαν
697 2379 845 2448 αὑτῷ
871 2381 1129 2451 ποίμνην,
1160 2383 1389 2444 πολλοὺς
1425 2383 1501 2451 τῷ
1532 2384 1772 2455 ἐσπερίῳ

204 2472 412 2542 (μέρει)
476 2473 817 2540 ὑπέστρεψεν
873 2475 954 2535 είς
1001 2475 1099 2542 τὴν
1155 2474 1248 2526 τεῦ
1299 2476 1535 2545 Χριστοῦ
1590 2478 1773 2531 πίστιν

203 2565 325 2623 ταῖς
360 2563 525 2615 αὑτοῦ
563 2564 953 2623 διδασκαλίαις.
1005 2564 1307 2633 Διατρίψας
1353 2561 1445 2617 οὖν
1498 2568 1557 2618 ἐν
1597 2568 1774 2638 ταύτῃ

204 2660 267 2727 τῇ
295 2657 449 2707 πόλει
498 2657 635 2708 ἑπτὰ
682 2656 776 2707 καὶ
807 2656 937 2709 δέκα
966 2657 1263 2721 ἐνιαυτοὺς,
1312 2657 1404 2709 καὶ
1441 2659 1773 2722 ἐπισκόπους

204 2746 298 2797 καὶ
333 2746 739 2815 πρεσϐυτέρους
768 2750 1173 2818 χειροτονήσας,
1203 2752 1292 2801 καὶ
1320 2749 1420 2817 τῆς
1448 2751 1772 2821 Ἐκκλησίας

203 2834 340 2886 Θεοῦ
372 2836 555 2904 χάριτι
601 2836 1058 2910 μεγαλυνθείσης,
1090 2840 1319 2909 ἐκινήθη
1352 2841 1591 2910 διωγμὸς
1634 2844 1775 2895 κατὰ

204 2928 312 2979 τῶν
340 2929 703 2997 Χριστιανῶν.

274 3017 351 3072 B’.
408 3020 720 3088 Ἐκρατήθη
778 3021 881 3073 ὑπὸ
918 3021 1164 3092 Ἰέρακος
1222 3025 1488 3094 ἡγεμόνος
1528 3026 1554 3077 6
1584 3025 1774 3093 ’Ἄγιος

200 3111 518 3181 προσαίτιος
560 3111 654 3162 τοῦ
692 3113 1149 3181 Χριστιανισμοῦ,
1184 3117 1277 3168 καὶ
1320 3118 1640 3187 ἠναγκάσθη
1678 3122 1776 3188 ἀρ-

202 3203 469 3271 νήσασθαι
494 3204 582 3255 τὸν
604 3204 859 3273 Χριστὸν,
882 3208 977 3258 καὶ
1002 3207 1161 3258 θῦσαι
1188 3210 1302 3269 τοῖς
1330 3210 1566 3273 είδώλοις
1587 3228 1600 3240 '
1634 3214 1689 3274 ὃς
1720 3214 1776 3265 δὲ

200 3295 300 3345 οὑκ
332 3293 608 3364 ἠνέσχετο,
646 3295 780 3347 ἀλλὰ
828 3295 1029 3366 μᾶλλον
1077 3298 1361 3369 παρρησίᾳ
1406 3300 1496 3352 τὸν
1538 3302 1774 3369 Χριστὸν

195 3387 561 3455 ὁμολογήσας,
597 3387 728 3440 Θεὸν
760 3388 887 3441 ὄντα
923 3390 1017 3443 καὶ
1050 3390 1291 3462 Ποιητήν
1316 3393 1536 3445 πάντων
1563 3407 1575 3422 ⁸
1616 3393 1682 3444 τὰ
1718 3393 1774 3444 δὲ

200 3476 421 3535 εἴδωλα,
473 3475 603 3538 ξύλα
643 3476 737 3528 καὶ
782 3478 959 3539 λίθους
1004 3480 1330 3549 ἀναίσθητα,
1381 3483 1518 3552 ἔργα
1575 3484 1776 3553 χειρῶν

198 3567 530 3636 ἀνθρώπων,
562 3567 655 3619 τοῦ
694 3567 943 3621 δ;αόόλου
981 3574 1360 3640 ἐφευρήματα.
1387 3574 1477 3625 Διὸ
1511 3575 1774 3628 τύπτεται

199 3656 441 3732 ἀγφειδῶς
489 3657 611 3722 (σὺν
653 3657 731 3729 τῷ
768 3659 982 3730 Σουηρᾷ
1015 3661 1317 3731 ὲπισκόπῳ)
1348 3663 1438 3714 καὶ
1466 3660 1635 3724 λίθοις
1675 3663 1775 3723 τὰς

198 3751 354 3819 ὖψεις
386 3750 744 3817 συνθλῶνται,
779 3754 872 3805 καὶ
902 3754 980 3815 είς
1015 3754 1244 3824 κάμινον
1274 3755 1445 3824 πυρὸς
1473 3753 1774 3824 ιμδληθέν-

197 3859 314 3907 τες,
368 3842 591 3911 ἐξῆλθον
641 3841 933 3902 ἀϐλασεῖς’
993 3844 1112 3895 ὅθεν
1154 3845 1395 3895 πλεῖστοι
1444 3846 1775 3897 ἐπίστευσαν

197 3934 279 4000 τῷ
310 3933 550 4000 Χριστῷ,
584 3932 697 3997 καὶ,
739 3934 927 4001 Μέγας
978 3934 1004 3983 6
1034 3934 1191 4000 θεὸς,
1241 3935 1567 4007 ἀνεὸόησαν,
1604 3938 1631 3988 6
1672 3936 1776 3989 ὑπὸ

1879 1470 2055 1522 ortus,
2097 1474 2221 1511 cum
2269 1458 2469 1512 Paulus
2517 1458 2797 1526 apostolus
2836 1457 3278 1525 proﬁcisceretur
3338 1458 3445 1509 Ro-

1881 1565 2044 1613 mam,
2096 1549 2270 1616 ipsum
2326 1550 2617 1602 comitatus
2663 1548 2765 1601 fuit
2821 1562 2995 1616 usque
3048 1548 3114 1601 ad
3171 1548 3447 1601 civitatem

1877 1641 2144 1708 Rhegium
2186 1640 2472 1693 Calabrizu.
2507 1640 2795 1694 Inveniens
2833 1649 3014 1692 autem
3046 1640 3338 1708 Apostolus
3372 1642 3445 1694 ci-

1874 1734 2096 1786 vitatem
2144 1733 2311 1796 illam,
2371 1742 2538 1786 totam
2593 1733 2958 1794 idololatrarn,
3014 1733 3327 1800 praedicavit
3370 1730 3448 1785 ibi

1878 1825 2101 1878 verbum
2138 1825 2231 1876 Dei
2268 1843 2279 1875 :
2318 1834 2373 1878 et
2402 1825 2863 1893 quemadmodum
2911 1826 3221 1881 bonaaterra
3257 1840 3449 1879 semen

1877 1917 2071 1984 recipit
2100 1917 2535 1986 multiplicatque
2567 1918 2907 1986 centuplum,
2938 1918 3009 1970 ita
3036 1918 3227 1971 incolae
3254 1918 3448 1971 civita-

1879 2006 1947 2059 tis
1988 2006 2213 2059 verbum
2265 2016 2613 2075 receperunt.
2651 2006 2864 2060 Interea
2901 2007 3251 2061 catechizans
3301 2008 3450 2076 ipsos

1877 2098 2097 2157 Paulus.
2133 2098 2428 2167 baptizavit
2478 2099 2746 2167 plurimos
2796 2100 2848 2151 in
2901 2100 3123 2152 nomine
3167 2099 3347 2154 Patris
3392 2107 3449 2153 et

1876 2190 1997 2243 Filii
2041 2199 2095 2243 ct
2137 2189 2373 2258 Spiritus
2407 2192 2619 2255 sancti;
2649 2201 2816 2261 atque
2846 2190 3123 2245 ordinavit
3155 2190 3227 2245 ibi
3258 2190 3447 2244 archi-

1874 2283 2193 2351 episcopum
2229 2282 2588 2351 Stephanum,
2627 2286 2720 2352 qui
2748 2293 2894 2338 recte
2927 2299 3156 2353 pascens
3191 2282 3449 2338 commis-

1876 2390 1993 2429 sum
2028 2374 2131 2428 sibi
2163 2390 2403 2444 gregem,
2446 2376 2649 2429 multos
2697 2375 2751 2428 in
2783 2376 3224 2429 occidentalibus
3253 2375 3449 2444 plagis,

1877 2465 2149 2517 convertit
2177 2465 2428 2519 doctrina
2459 2480 2556 2519 sua
2589 2463 2656 2517 ad
2690 2464 2849 2517 fidem
2885 2463 3112 2519 Christi.
3149 2464 3446 2532 Postquam

1877 2556 2041 2624 igitur
2075 2557 2467 2625 septemdecim
2501 2572 2675 2611 annos
2708 2557 2781 2611 ibi
2806 2558 3100 2627 exegisset,
3130 2558 3451 2626 episcopos-

1875 2665 1981 2717 que
2006 2658 2060 2700 et
2095 2649 2443 2718 presbyteros
2462 2658 2853 2710 consecrasset,
2884 2660 3048 2717 atque
3078 2649 3320 2703 Ecelesia
3351 2663 3449 2717 per

1805 2719 1846 2773 Β
1877 2740 1970 2792 Dei
2011 2741 2242 2806 gratiam
2290 2738 2565 2807 perampla
2595 2747 2739 2795 esset
2770 2757 2784 2793 :
2818 2750 2963 2796 mota
2998 2741 3104 2795 fuit
3138 2741 3450 2811 persecutio

1878 2839 2065 2885 contra
2091 2828 2457 2885 Christianos.

1946 3014 2011 3067 ll.
2044 3015 2101 3067 In
2133 3015 2225 3068 illa
2261 3024 2445 3069 autem
2481 3014 2914 3083 comprehensus
2937 3012 3005 3067 ab
3043 3012 3272 3067 Hierace
3310 3029 3450 3081 pra:-

1877 3108 1993 3162 side
2025 3106 2081 3160 S.
2114 3106 2447 3175 Stephanus,
2482 3119 2737 3176 tanquam
2780 3116 2974 3159 auctor
3012 3105 3450 3168 Christianismi,

1879 3207 2103 3253 coactus
2134 3197 2235 3252 fuit
2274 3213 2475 3268 negare
2515 3197 2797 3251 Christum
2830 3205 2885 3251 et
2916 3197 3227 3251 sacrificare
3266 3194 3449 3249 idolis.

1878 3291 2031 3356 Quod
2100 3292 2189 3345 ille
2245 3306 2353 3344 non
2416 3293 2718 3351 sustinens,
2795 3289 2978 3357 potius
3035 3289 3319 3341 confessus
3367 3295 3451 3340 est

1876 3382 2158 3437 Christum
2202 3383 2371 3436 Deum
2416 3397 2538 3436 esse
2572 3391 2627 3435 et
2657 3389 2959 3436 creatorem
2998 3381 3279 3446 omnium;
3308 3377 3449 3431 idola

1878 3492 2011 3530 vero
2042 3491 2162 3529 esse
2204 3477 2347 3544 ligna
2396 3485 2454 3529 et
2497 3475 2727 3542 lapides.
2767 3488 2930 3527 sensu
2961 3473 3205 3526 carentia
3232 3510 3245 3532 ,
3284 3485 3450 3538 opera

1877 3583 2139 3622 manuum
2185 3566 2493 3629 hominum,
2527 3575 2583 3620 et
2621 3565 2827 3621 diaboli
2864 3565 3109 3620 inventa.
3154 3564 3292 3618 Hinc
3332 3564 3452 3617 sine

1877 3662 2184 3717 cessatione
2210 3661 2540 3715 verberatur
2574 3676 2681 3713 una
2711 3657 2836 3712 cum
2872 3658 3135 3727 episcopo
3171 3656 3367 3719 Suera,
3395 3663 3453 3708 et

1877 3755 2046 3808 facies
2074 3769 2263 3807 eorum
2293 3753 2569 3820 lapidibus
2590 3761 2976 3816 conteruntur,
3009 3760 3064 3805 et
3091 3750 3145 3802 in
3174 3748 3452 3802 caminum

1879 3848 2018 3918 ignis
2073 3845 2279 3917 injecti,
2334 3847 2464 3899 inde
2511 3847 2766 3900 exierunt
2806 3844 2980 3897 illmsi.
3016 3843 3136 3909 Quo
3184 3840 3452 3894 miraculo

1878 3940 2102 4008 plurimi
2155 3938 2515 3993 crediderunt
2574 3938 2629 3991 in
2677 3934 2981 4001 Christum,
3028 3936 3449 3989 exclamantes:

197 4026 496 4111 Στειρᾲνου,
526 4026 621 4079 καὶ
644 4027 858 4098 Σουηρᾶ
887 4029 995 4082 τῶν
1016 4031 1320 4100 ἀρχιερέων
1345 4032 1771 4100 κηρυττόμενος.

1805 4051 1843 4111 ρ
1879 4032 2102 4100 Magnus
2152 4039 2236 4083 est
2280 4031 2442 4093 Deus,
2477 4045 2639 4099 quem
2684 4029 2997 4098 Stephanus
3036 4036 3093 4082 et
3121 4026 3292 4082 Suera
3334 4025 3452 4094 epi-

211 4115 305 4170 ‘Ev
334 4110 416 4179 οἶς
448 4117 693 4186 ὑπῆρχον
732 4123 993 4186 γυναῖκες
1023 4124 1239 4190 σεμναὶ,
1286 4123 1507 4191 Ἀγνῆς,
1542 4123 1768 4193 Φιλικη-

197 4211 303 4274 τὰς
348 4210 465 4277 (καὶ
494 4210 836 4281 Περπετοὺα)
868 4216 1437 4282 προσαγορευόμεναι,
1472 4218 1773 4286 μαθήτριαι

198 4301 297 4353 τοῦ
343 4302 491 4354 ὁσίου
539 4301 809 4370 Στεφάνου
846 4302 1210 4373 ὑπάρχουσαι,
1250 4307 1771 4376 παρῤησιασάμεναι

197 4394 513 4465 ἔμπροσθεν
574 4397 770 4447 στᾶσαι
815 4394 1055 4464 Ἱέρακος
1090 4397 1379 4467 ἡγεμόνος,
1413 4398 1773 4467 ὡμολόγησαν

198 4490 262 4540 τὸ
295 4488 469 4557 ὄνομα
504 4487 597 4539 τοῦ
642 4490 899 4557 Χριστοῦ,
932 4490 1063 4543 Θεὸν
1111 4490 1362 4560 ἀληθινὸν
1402 4492 1495 4543 καὶ
1535 4491 1773 4561 Ποιητὴν

199 4580 423 4629 πάντων
456 4578 897 4647 ἁνακηρύξασαι.

272 4668 349 4721 I".
380 4669 515 4721 Τότε
557 4667 732 4739 θυμοῦ
785 4669 1069 4739 πλησθεὶς,
1097 4670 1387 4725 ἐκέλευσεν
1414 4674 1586 4734 αὑτὰς
1626 4673 1769 4740 ξίφει

199 4760 592 4831 ἀποτμηθῆναι
643 4763 758 4832 ἅμα
789 4762 1045 4831 Στεφάνῳ
1087 4764 1180 4816 καὶ
1218 4762 1434 4835 Σουηρᾷ
1483 4767 1593 4826 τοῖς
1632 4766 1773 4834 ἀπ’

204 4854 470 4924 ιερεῦσιν.
514 4845 588 4905 Οῦ
631 4856 940 4924 γινομένου,
984 4856 1301 4923 παραυτίκα
1348 4856 1636 4911 ἀπέδωκαν
1676 4859 1775 4919 τὰς

204 4948 371 5012 ἀγέας
418 4945 597 4999 αὑτῶν
634 4946 813 5016 ψυχὰς
836 4948 913 5016 τῷ
942 4947 1155 5018 Κυρίῳ,
1187 4950 1640 5018 εὐχαριστοῦντες
1684 4952 1776 5004 καὶ

195 5032 631 5109 ἀγαλλιώμενοι,
683 5042 765 5095 ὅτι
810 5043 1123 5112 ἠξιώθησαν
1174 5043 1314 5114 ὑπὲρ
1348 5045 1589 5115 Χριστοῦ
1636 5049 1775 5099 ἁπο-

205 5136 410 5187 θανεῖν.
440 5133 512 5185 Τὸ
542 5135 599 5187 δὲ
644 5136 827 5203 τίμιον
867 5137 1029 5207 σῶμα
1068 5138 1161 5191 τοῦ
1192 5140 1337 5191 ὁσίου
1384 5140 1777 5210 ίερομάρτυρος

205 5228 518 5295 Στεφάνου,
552 5228 641 5277 ὑπ’
685 5229 895 5299 ἀνδρῶν
950 5231 1190 5283 εὐσεϐῶν
1234 5233 1372 5300 ιὶιωρ)⁸
1426 5234 1524 5303 τῆς
1585 5235 1775 5296 νυκτὸς

205 5321 469 5385 κομισθὲν
513 5320 571 5375 ἐν
605 5320 682 5389 τῷ
722 5324 939 5392 νοτιαίῳ
976 5325 1135 5392 μέρει
1175 5326 1272 5395 τῆς
1332 5324 1503 5394 αὑτῆς
1543 5326 1772 5391 πόλεως,

1877 4122 2027 4192 scopi
2061 4122 2379 4192 praedicant.
2424 4122 2571 4175 Inter
2602 4122 2701 4175 hos
2732 4137 2952 4190 quoque
3000 4130 3159 4174 erant
3207 4120 3452 4175 honesta

1876 4217 2115 4277 feminae,
2150 4217 2329 4285 Agnes
2364 4224 2419 4269 et
2452 4209 2705 4269 Felicitas
2734 4222 2791 4267 et
2834 4214 3102 4281 Perpetua
3132 4209 3451 4275 nominata,

1877 4308 2157 4376 discipulae
2186 4306 2359 4359 sancti
2384 4304 2645 4374 Stephani
2672 4322 2688 4372 ;
2713 4320 2833 4374 quae
2856 4306 3027 4359 libera
3061 4318 3215 4365 voce,
3243 4309 3457 4356 stantes

1877 4414 2061 4453 coram
2094 4398 2319 4452 Hierace
2343 4396 2592 4468 praeside,
2617 4397 2883 4450 confessae
2909 4403 3037 4447 sunt
3065 4408 3263 4446 nomen
3290 4392 3454 4447 Chri-

1877 4498 1968 4561 sti,
2001 4498 2176 4566 ipsum
2211 4497 2382 4551 Deum
2411 4491 2599 4549 verum
2638 4500 2693 4547 et
2722 4490 3010 4547 Factorem
3035 4492 3279 4546 omnium
3309 4504 3458 4561 pra:-

1878 4591 2145 4645 dicantcs.

1950 4682 2041 4736 ιιι.
2081 4682 2238 4735 Tunc
2286 4695 2507 4749 praeses,
2562 4678 2849 4732 iracundia
2912 4676 3129 4744 plenus,
3190 4674 3454 4743 praecepit

1880 4776 2013 4844 ipsis
2068 4774 2247 4845 gladio
2295 4772 2566 4843 amputari
2620 4780 2805 4841 caput,
2861 4770 2938 4824 uti
2975 4777 3032 4822 et
3070 4766 3351 4834 Stephano
3392 4775 3449 4820 et

1880 4870 2066 4925 Suera:
2121 4868 2418 4938 episcopis.
2452 4865 2570 4932 Quo
2624 4865 2790 4928 facto,
2840 4861 3201 4917 reddiderunt
3233 4866 3455 4912 sanctas

1880 4962 2093 5015 animas
2130 4976 2257 5014 suas
2292 4959 2542 5019 Domino,
2581 4956 2784 5025 gratias
2818 4961 3043 5023 agentes
3078 4958 3134 5003 et
3164 4947 3449 5003 exsultan-

1883 5064 1984 5118 tes,
2010 5052 2157 5124 quod
2185 5049 2333 5121 digni
2374 5048 2580 5104 fuerint
2621 5062 2720 5118 pro
2759 5045 2979 5099 Christo
3019 5041 3179 5096 mori.
3210 5039 3450 5093 Venera-

1881 5149 1989 5202 bile
2021 5156 2203 5201 autem
2231 5143 2406 5198 sancti
2442 5140 2705 5211 Stephani
2729 5153 2929 5207 corpus
2952 5152 2983 5190 a
3015 5136 3149 5190 viris
3181 5131 3451 5201 religiosis

1880 5249 2040 5294 nocte
2098 5238 2423 5304 intempesta
2478 5234 2822 5301 deportatum
2884 5229 2989 5281 fuit
3038 5227 3091 5279 in
3149 5222 3448 5277 australem

1882 5341 2096 5403 partem
2125 5330 2372 5400 ejusdem
2401 5325 2661 5388 civitatis,
2700 5338 2763 5376 ac
2795 5321 3106 5390 depositum
3150 5316 3203 5371 in
3236 5322 3451 5370 secreto

206 5413 474 5481 κατετέθη
516 5415 573 5466 ὲν
622 5412 698 5481 τῷ
750 5416 1104 5486 ήσυχαστικῷ
1152 5417 1317 5470 αὑτοῦ
1368 5418 1659 5489 εὑκτηρίῳ,
1703 5419 1772 5481 ὡς

1812 5402 1855 5457 D
1884 5402 2004 5497 ejus
2033 5423 2295 5487 oratorio,
2328 5421 2476 5491 quod
2513 5420 2736 5474 circiter
2772 5413 2994 5470 milliari
3029 5426 3138 5466 uno
3172 5425 3200 5460 a
3229 5407 3449 5461 civitate

205 5505 316 5559 ἀπὸ
379 5506 610 5572 σημείου
666 5506 782 5569 ἑνὸς
840 5510 937 5578 τῆς
984 5509 1227 5575 πόλεως,
1284 5511 1544 5575 πλείστας
1604 5512 1777 5575 ἰάσεις

1879 5522 2054 5583 abest,
2106 5516 2372 5588 plurimas
2418 5527 2653 5583 operans
2705 5510 3037 5565 curationes.
3091 5502 3447 5571 Reliquorum

204 5596 507 5651 ἐπιτελοῦν.
557 5598 639 5651 Τὰ
689 5599 747 5651 δὲ
788 5602 895 5651 τῶν
938 5600 1141 5655 λοιπῶν
1185 5604 1354 5671 ἁγίων
1404 5606 1471 5658 τὰ
1522 5606 1770 5675 σώματα,

1876 5627 2009 5667 vero
2030 5618 2343 5664 sanctorum
2374 5619 2622 5673 corpora.
2651 5601 2836 5657 Suera:
2856 5596 3123 5667 episcopi,
3155 5590 3448 5647 venerabi-

206 5691 428 5760 Σουηρᾶ
455 5690 780 5757 ἐπισκόπου,
811 5694 1019 5762 σεμνῆς
1056 5697 1250 5765 Ἀγνῆς
1284 5698 1375 5749 καὶ
1406 5697 1774 5768 Φιλικητάτης

1875 5706 1945 5759 lis
1974 5702 2224 5774 Agnetis,
2265 5696 2567 5753 Felicitatis
2610 5703 2665 5748 et
2694 5693 2999 5760 Perpetua},
3032 5688 3104 5741 ibi
3136 5702 3165 5740 a
3194 5682 3447 5738 ﬁdelibus

203 5791 325 5857 (καὶ
361 5790 754 5858 “aptato-52;),
796 5792 924 5845 ἔνθα
960 5793 1383 5864 ἀπετμήθησαν,
1421 5795 1524 5846 ὑπὸ
1563 5791 1770 5849 πιστῶν

1874 5794 2122 5863 deposita
2151 5790 2326 5857 fuere,
2357 5787 2449 5843 ubi
2475 5784 2887 5851 occubuerant;
2916 5779 3256 5853 pro.mundo
3284 5777 3448 5830 inter-

205 5883 599 5956 κατετέθησαν,
634 5885 772 5955 ὑπὲρ
802 5885 894 5940 τοῦ
924 5886 1127 5957 κόσμον
1156 5887 1569 5958 πρεσϐεύοντες,

1874 5889 2149 5945 cedentes.
