4230 6436
757 429 857 491 319
1794 508 1805 517 .
2056 420 2339 480 MENSIS
2377 422 2427 480 Jl

2377 422 2668 485 IULIUS.
3904 420 4010 483 320

761 570 1912 600 Μ

1237 778 1416 889 DE
1506 775 2111 888 SANCTIS
2210 777 2505 890 XLV
2595 772 3529 889 MARTYRIBUS

1933 1001 2309 1063 NICOPOLI
2346 1001 2424 1062 IN
2459 1001 2826 1062 ARMENIA

1564 1188 2520 1281 COMMENTARIUS
2603 1191 3200 1282 PRJEVIUS.

1931 1380 2075 1444 (Acta
2108 1384 2191 1434 SS.
2220 1384 2467 1445 Bolland.,
2492 1386 2603 1437 Maii
2628 1388 2709 1435 die
2737 1386 2833 1445 ιο.)

825 1700 874 1750 1.
910 1699 1187 1764 Nicopolis
1214 1700 1266 1751 in
1293 1700 1567 1761 Armenia,
1594 1700 1662 1753 ab
1687 1701 1808 1752 aliis
1836 1699 2085 1765 pluribus
2117 1700 2361 1767 ejusdem
2382 1698 2624 1751 nominis
2654 1695 2970 1750 civitatibus
2989 1696 3269 1748 additionc
3295 1695 3458 1763 hujus
3480 1696 3776 1761 pravlnclzc
3817 1695 4017 1748 distin-

754 1798 865 1847 cta,
901 1803 927 1839 a
964 1787 1223 1855 Pompeio
1255 1788 1446 1855 Magno
1474 1790 1695 1842 condita
1723 1791 1791 1840 ob
1821 1788 2191 1842 Mithridatem
2228 1788 2301 1839 ibi
2338 1788 2698 1846 debellatum,
2728 1796 2952 1839 auclore
2988 1786 3157 1839 Dione
3202 1783 3411 1845 Cassio,
3465 1782 3560 1835 lib.
3600 1799 3758 1835 xxxvi
3823 1785 4010 1839 Hisro-

759 1877 967 1929 riarum
1010 1877 1406 1940 Romanorum,
1434 1879 1646 1930 exstitit
1678 1876 2104 1929 clarissimorum
2142 1887 2442 1944 martyrum
2484 1874 2621 1928 XLV
2652 1874 2921 1942 palaestra,
2952 1872 3273 1927 constantiae
3305 1887 3495 1925 eorum
3531 1872 3682 1924 testis
3710 1883 3761 1923 et
3796 1882 4016 1938 speeta-

758 1964 890 2019 trix.
933 1978 997 2015 ac
1028 1963 1218 2031 glorize
1239 1965 1551 2026 theatrum;
1588 1965 1783 2017 civitas
1816 1980 1943 2018 sane
1971 1975 2081 2017 tum
2116 1964 2313 2033 insigni
2348 1964 2447 2016 hoc
2491 1965 2770 2030 triumpho
2801 1964 3019 2020 nobilis.
3054 1973 3167 2015 tum
3204 1960 3432 2013 mirifice
3477 1960 3761 2029 prtedicari
3798 1960 4018 2020 merita,

757 2050 903 2117 quod
939 2052 1280 2115 temporibus
1310 2052 1548 2106 Valentis
1577 2052 1928 2117 imperatoris
1965 2053 2290 2106 inconcussa
2321 2052 2533 2105 steterit
2562 2051 2827 2105 adversus
2854 2052 3176 2104 Arianorum
3207 2050 3494 2117 procellas,
3532 2059 3588 2101 ut
3621 2047 3877 2115 pluribus
3906 2062 4020 2099 me-

760 2139 918 2190 minit
946 2138 1002 2192 S.
1038 2139 1267 2192 Basilius
1299 2140 1352 2191 in
1387 2142 1606 2207 epistol.
1637 2141 1834 2200 addit,
1864 2140 2007 2192 sicut
2044 2141 2223 2208 signat
2255 2139 2523 2194 Baronius
2559 2144 2610 2193 in
2645 2140 3020 2194 notationibus
3051 2139 3158 2196 hic.
3189 2138 3239 2198 6,
3266 2137 3318 2197 9,
3354 2138 3435 2198 l0,
3463 2140 3522 2190 ll
3553 2145 3608 2189 et
3635 2135 3696 2188 1‘2
3718 2135 3855 2189 edit.
3886 2134 4016 2187 Nut.

761 2226 1259 2279 celebratissimam
1286 2244 1416 2279 vero
1446 2239 1758 2281 sanctorqu
1800 2238 2098 2298 martyrum
2134 2230 2455 2282 meritoriam
2484 2230 2650 2281 fuisse
2685 2230 2737 2280 in
2772 2230 2945 2280 sacris
2984 2228 3205 2289 tabulis,
3241 2226 3459 2278 abunde
3513 2225 3787 2279 constabit
3842 2239 3907 2277 ex
3956 2224 4025 2275 iis

766 2328 887 2380 qua:
924 2313 989 2366 de
1012 2329 1202 2367 eorum
1238 2317 1386 2367 cultu
1413 2317 1817 2371 subnectimus.

832 2401 886 2454 2.
926 2401 1287 2471 Menologium
1322 2403 1677 2460 Basilianum.
1704 2405 1768 2456 ad
1804 2405 2015 2477 calcem
2043 2404 2171 2457 tomi
2199 2403 2357 2472 primi
2400 2403 2564 2471 hujus
2595 2404 2797 2457 mensis
2844 2412 2963 2470 post
3006 2403 3481 2457 annuntiationem
3517 2419 3529 2453 :
3570 2402 3773 2456 Eodem
3831 2416 4023 2455 mense

766 2488 935 2557 (Julio
964 2488 1050 2541 diu
1077 2496 1154 2556 χ),
1200 2491 1384 2558 passio
1412 2503 1726 2544 sanctorum
1762 2491 1901 2545 XLV
1935 2503 2254 2562 martyrum,
2286 2494 2376 2560 qui
2410 2492 2461 2544 in
2500 2493 2746 2561 Nicopoli
2779 2493 3041 2563 martyrio
3077 2492 3253 2547 allecti
3296 2503 3443 2553 sunt,
3491 2512 3508 2541 ι
3551 2493 3621 2543 ita
3658 2492 3723 2545 de
3755 2491 3861 2544 illis
3883 2505 4027 2558 pra-

768 2576 913 2629 dical
949 2595 961 2630 :
995 2597 1019 2631 α
1058 2577 1431 2649 Quadraginta
1472 2580 1715 2654 quinque
1741 2579 1944 2633 Christi
1979 2590 2246 2650 martyres
2272 2584 2525 2633 vixerunt
2556 2581 2657 2632 sub
2697 2596 2863 2649 regno
2897 2582 3085 2635 Licinii
3121 2591 3173 2634 et
3206 2584 3524 2649 praefectura
3552 2579 3742 2649 Lysiae.
3783 2591 4023 2647 quorum

764 2663 1042 2730 principes
1076 2665 1228 2718 fuere
1294 2665 1577 2729 Leontius,
1622 2667 1929 2727 Mauritius,
1968 2669 2158 2721 Daniel
2188 2679 2241 2722 et
2274 2670 2565 2720 Antonius.
2591 2667 2985 2738 Comprehensi
3024 2670 3205 2731 itaque
3250 2668 3689 2721 astiteruntduci
3750 2667 3920 2734 Lysim
3968 2664 4025 2715 in

762 2750 1012 2819 Nicopoli
1051 2753 1343 2815 Armenbe,
1381 2753 1777 2824 Christumque
1810 2757 2049 2810 Confessi
2085 2768 2138 2809 et
2176 2756 2316 2808 idola
2350 2756 2640 2817 exsecrati,
2676 2759 2912 2823 czesique
2944 2772 3004 2807 ac
3027 2755 3298 2818 lapidibus
3333 2770 3427 2807 ora
3454 2764 3507 2807 et
3546 2753 3737 2805 faciem
3769 2750 4021 2810 contriti,

766 2837 822 2889 in
851 2854 1129 2893 Carenem
1155 2842 1400 2893 conclusi
1435 2852 1583 2903 sunt,
1612 2860 1707 2911 per
1736 2845 1853 2895 dies
1887 2846 2071 2912 plures
2109 2845 2315 2913 absque
2348 2846 2473 2898 cibo
2508 2854 2916 2913 permanentes.
2958 2842 3177 2902 Milites,
3214 2858 3405 2894 eorum
3475 2840 3839 2894 constantiam
3883 2852 4024 2889 con-

768 2926 987 2993 spicati,
1030 2926 1251 2985 Christo
1284 2929 1642 2984 crediderunt
1697 2932 1900 2989 Deinde
1927 2948 1956 2984 e
1984 2949 2203 2986 carcere
2240 2935 2422 3002 ejecti,
2451 2946 2505 2987 et
2534 2948 2695 2986 crura
2726 2931 3014 2984 securibus
3037 2930 3286 2993 abscissi,
3313 2930 3366 2983 hi
3397 2929 3618 2998 quidem
3648 2930 3756 2993 jam
3788 2925 4021 2981 mortui.

770 3015 848 3069 illi
894 3027 1075 3071 autem
1115 3021 1297 3074 adhuc
1354 3023 1649 3089 apirantes,
1700 3024 1753 3075 in
1792 3028 2064 3077 caminum
2090 3026 2230 3093 ignis
2290 3022 2499 3092 injecti.
2531 3034 2754 3073 cursum
2800 3029 3273 3081 consummaruot,
3320 3020 3651 3083 accipientes
3709 3013 4022 3069 immortale

774 3118 1025 3173 regnum,
1060 3108 1204 3174 quod
1236 3111 1483 3173 paratum
1514 3112 1645 3177 ipsis
1677 3112 1782 3162 fuit
1808 3128 1835 3163 a
1869 3112 2091 3164 Christo
2115 3124 2239 3163 ante.
2276 3113 2463 3165 mundi
2502 3112 2973 3165 constitutionem.
3012 3128 3029 3159 ι
3065 3110 3207 3163 Alibi
3238 3110 3434 3177 sapius
3472 3110 3664 3160 horum
3714 3116 4020 3169 martyrum

771 3195 1013 3245 recurrit
1046 3197 1310 3247 memoria
1344 3198 1393 3248 in
1416 3196 1622 3249 Griecis
1659 3197 1834 3259 fastis.
1868 3214 1929 3251 ac
1953 3200 2272 3268 plerumque
2295 3217 2417 3253 cum
2459 3218 2625 3270 parvo
2652 3202 2844 3267 elogio,
2879 3200 3136 3253 videlicet
3162 3200 3213 3251 in
3241 3199 3454 3252 Menaris
3487 3197 3765 3263 impressis
3790 3210 4021 3247 eorum-

771 3299 879 3351 qne
914 3284 1093 3337 indice
1124 3294 1173 3340 el
1208 3283 1502 3356 llorologio
1542 3286 1900 3352 Grmcorum;
1953 3291 2077 3341 item
2124 3292 2174 3343 in
2227 3290 2620 3359 Supplementa
2668 3289 2731 3340 ad
2774 3288 2971 3340 Meuma
3028 3302 3091 3339 ex
3147 3285 3446 3353 Syuaxario
3502 3282 3781 3335 Sirtnoudi
3832 3290 3884 3330 et
3915 3294 4025 3334 ms.

770 3372 1059 3433 Chill'letii,
1088 3375 1138 3425 in
1168 3374 1388 3428 Memeis
1422 3377 1765 3431 bibliotheca:
1798 3379 2194 3436 Ambrosiauae.
2250 3378 2452 3432 Mentco
2509 3378 2791 3440 Chiﬂletii,
2856 3376 3161 3442 Menologio
3208 3374 3369 3424 Slavo
3405 3371 3656 3429 Russico,
3723 3368 3868 3433 quod
3924 3382 4027 3434 pro

774 3458 990 3513 Leontio
1014 3463 1204 3515 scribit
1240 3463 1451 3520 Leonis.
1486 3466 1718 3521 Maximo
1744 3466 2103 3536 Cythetorum
2135 3467 2432 3534 episeopo;
2462 3470 2661 3533 quibus
2691 3467 2814 3516 addi
2845 3473 3025 3530 potest
3050 3477 3149 3514 ms.
3188 3476 3252 3513 ex
3289 3461 3428 3514 libro
3460 3460 3658 3528 lingua:
3681 3456 3929 3508 Arabica:
3956 3454 4026 3509 de

774 3548 887 3599 vita
920 3551 1310 3600 nonnullorum
1346 3562 1685 3612 sanctorum,
1714 3554 1980 3621 Typicum
2020 3554 2077 3606 S.
2109 3554 2285 3611 Sub-ae.
2319 3569 2421 3605 nec
2458 3569 2565 3604 non
2601 3554 2843 3619 epitome
2868 3564 3070 3602 excusa
3127 3546 3415 3617 Menologii
3452 3563 3464 3599 :
3507 3546 3746 3613 denique
3778 3542 4026 3596 Menolo-

774 3638 922 3706 gium
962 3637 1143 3689 Sirleti
1186 3653 1259 3691 :e
1288 3654 1397 3705 quo
1426 3650 1608 3707 postea
1640 3656 1833 3693 eorum
1870 3642 2135 3695 memoria
2197 3641 2413 3693 transiit
2445 3641 2509 3692 ad
2551 3638 2992 3709 Martyrologium
3050 3637 3376 3697 Romanum,
3437 3635 3517 3687 sic
3557 3633 3679 3686 illos
3737 3630 4024 3684 referens:

780 3743 801 3775 ε
840 3725 1086 3791 Nicopoli
1143 3729 1195 3779 in
1235 3728 1514 3790 Armenia,
1547 3741 1861 3784 sanctorum
1903 3742 2200 3801 martyrum
2234 3730 2470 3792 Leontii,
2498 3728 2757 3785 Mauritii.
2798 3728 3035 3782 Dauielis
3070 3735 3125 3780 et
3173 3727 3471 3783 sociorum.
3522 3725 3611 3790 qui
3660 3722 3763 3776 sub
3816 3720 4030 3776 Licinio

774 3808 1114 3877 imperatore
1140 3822 1194 3866 et
1225 3813 1377 3883 Lysia
1411 3818 1642 3884 praeside
1684 3819 1833 3869 varie
1866 3820 2190 3881 excruciati,
2226 3820 2445 3871 tandem
2478 3820 2531 3871 in
2560 3819 2737 3888 ignem
2770 3818 3026 3885 coniecti.
3052 3814 3300 3882 martyrii
3329 3826 3551 3864 cursum
3580 3810 3961 3865 confecerunt.
4005 3826 4024 3859 ι

777 3897 1027 3953 Halanus
1056 3901 1176 3954 illos
1205 3905 1368 3954 etiam
1392 3906 1573 3961 habet,
1603 3903 2002 3959 etGalesinius.

855 3987 909 4040 5.
933 3988 1135 4042 Menaea
1165 3989 1449 4057 impressa,
1486 3992 1561 4044 uti
1590 3995 1753 4045 etiam
1786 3993 1991 4047 dictum
2018 4009 2206 4048 eorum
2234 3993 2709 4062 Supplementum,
2738 4006 2893 4045 sacro
2921 4000 3221 4061 martyrum
3254 3987 3453 4060 agmini
3480 3986 3552 4041 ila
3577 3984 3840 4041 accinunt
3876 4001 3889 4037 :

1633 4155 1960 4219 Παρεμϐολή
1987 4171 2069 4206 τις
2103 4153 2299 4219 εὑρέθη
2330 4154 2407 4220 τῷ
2442 4154 2559 4220 Θεῷ
2599 4155 2691 4205 νέα

1631 4223 1816 4289 Τὁλμῃ
1852 4222 2277 4289 παρεμϐαλοῦσα
2310 4228 2400 4274 καὶ
2430 4226 2600 4289 πυρὸς
2637 4225 2823 4287 μέσον.

1638 4294 1863 4346 Κτεῖνεν
1898 4292 2222 4364 ἁρισῠενέας
2255 4294 2454 4363 δεκάτη
2484 4296 2591 4363 πῦρ
2621 4294 3013 4358 Νικοπολίτας.

1633 4404 1780 4458 Nova
1810 4415 1987 4459 castra
2024 4407 2228 4460 Numen
2257 4408 2479 4460 militent
2512 4408 2707 4461 invenit
2750 4422 2939 4460 norum

1628 4477 1887 4545 Audacter
1920 4492 2103 4527 ausum
2134 4480 2344 4529 tendere
2369 4480 2421 4528 in
2445 4481 2613 4529 medio
2643 4493 2816 4545 rogos.

1641 4543 1895 4599 Flamma
1921 4556 2065 4599 necat
2093 4546 2292 4599 decima
2320 4563 2570 4617 generosa
2596 4543 2933 4616 Νίσόροιὶεαε.

788 4702 937 4759 Idem
972 4699 1425 4769 Supplementum
1458 4699 1621 4758 habet
1656 4698 1759 4753 hoc
1808 4700 2083 4769 singulare
2112 4701 2179 4754 de
2228 4717 2418 4755 eorum
2453 4724 2458 4749 ‹

2369 4718 2418 4755 m
2453 4701 2600 4755 cultu
2638 4721 2648 4755 :
2702 4700 2944 4753 Τελείτιε
2980 4702 3033 4753 δὲ
3074 4703 3101 4768 ἡ
3136 4700 3314 4753 αὐτῶν
3348 4702 3565 4766 stimet;
3596 4712 3651 4751 εν
3697 4701 3773 4768 τῷ
3800 4700 3916 4768 ναῷ
3940 4702 4033 4769 τῆς

789 4791 949 4857 ἁγίας
1001 4788 1285 4856 Ἀκυλινης
1312 4788 1537 4855 πλησίον
1560 4788 1652 4840 τοῦ
1678 4789 1865 4856 φόρου.
1911 4788 2234 4840 Celebralur
2273 4799 2452 4844 autem

2368 4805 2452 4844 cm
2482 4806 2672 4843 eorum
2725 4790 3043 4843 soleninitas
3104 4791 3156 4842 in
3208 4791 3410 4859 templo
3442 4789 3497 4845 S.
3558 4790 3831 4859 Aquilios
3863 4803 4032 4857 prope

788 4878 1012 4935 Forum.
1056 4897 1076 4930 ι
1112 4878 1186 4932 De
1212 4878 1413 4947 templo
1441 4877 1496 4933 S.
1524 4876 1790 4947 Aquilium
1821 4879 1931 4947 agit
1955 4876 2191 4939 Cangius
2220 4878 2313 4932 lib.
2351 4896 2402 4933 tv
2438 4878 2619 4934 CPolis
2652 4877 2981 4940 Clll‘iaflatltﬂ,
3013 4894 3125 4946 pag.
3158 4879 3279 4932 lit.

858 4969 914 5022 ι.
948 4967 1215 5021 Baronius
1239 4978 1369 5019 tom.
1404 4966 1487 5025 Ill.
1523 4982 1641 5034 pag.
1685 4967 1803 5023 l62.
1830 4981 1981 5019 num.
2006 4966 2094 5028 46,
2128 4983 2293 5039 agens
2310 4968 2376 5021 de
2409 4970 2559 5021 hisce
2598 4970 2953 5035 martyribus,
2989 4983 3213 5035 agonem
3246 4983 3435 5020 eorum
3463 4968 3635 5039 afﬁgit
3658 4983 3803 5021 anno
3828 4968 3955 5023 316.
3979 4969 4032 5022 1η

792 5054 1102 5123 Meuologio
1141 5053 1564 5109 Slavo—Russieo
1596 5062 1877 5124 ponuntur
1908 5054 2048 5122 passi
2072 5070 2215 5107 anno
2242 5056 2363 5109 507.
2396 5054 2560 5109 Liber
2591 5058 2787 5127 linguai
2834 5058 3095 5119 Arabicze,
3122 5058 3189 5110 de
3224 5073 3333 5125 quo
3376 5073 3563 5125 supra,
3601 5057 3821 5111 videtur
3884 5059 4033 5123 ipsos

792 5143 1017 5211 alligare
1040 5142 1383 5210 temporibus
1412 5143 1768 5205 Diocletiani;
1808 5157 1930 5194 cum
1971 5153 2094 5211 post
2124 5143 2605 5197 annuutiatiouom
2633 5147 2835 5197 ibidem
2872 5144 3104 5197 addatur
3136 5144 3395 5198 Actorum
3437 5146 3562 5197 vitze
3616 5153 3713 5195 aut
3738 5143 3930 5212 elogii,
3977 5152 4033 5195 ut

795 5243 1046 5294 autumo,
1086 5231 1417 5299 principium
1446 5248 1463 5279 ι
1505 5229 1556 5282 in
1593 5228 1790 5282 diebus
1828 5230 2149 5285 Diocletiani
2191 5252 2250 5285 ι»
2280 5244 2335 5286 et
2370 5235 2687 5297 ascribitur,
2718 5236 2811 5290 fol.
2852 5235 2934 5287 l3.
2968 5232 3139 5288 Tomo
3173 5235 3213 5288 γ
3239 5234 3385 5295 Maii,
3418 5251 3541 5304 pag.
3576 5233 3693 5293 151,
3734 5235 3785 5286 in
3838 5245 4030 5288 nonor.

793 5320 858 5373 ad
891 5334 1009 5389 cap.
1046 5322 1077 5373 ὅ
1109 5322 1371 5375 Actorum
1398 5321 1454 5375 S.
1495 5322 1687 5376 Donati
1720 5320 2069 5376 etsociorum
2100 5333 2399 5393 martyrum
2425 5323 2508 5375 lit.
2547 5323 2583 5381 f.
2615 5326 2837 5393 ponitur
2873 5323 3114 5377 Licinius
3148 5323 3378 5391 coepisse
3404 5322 3660 5392 persequi
3682 5320 4033 5376 Christianos

799 5423 945 5461 anno
978 5408 1102 5462 516.
1141 5408 1313 5464 Secus
1342 5410 1601 5478 opinatur
1626 5409 1824 5479 Pagius
1849 5410 1900 5463 in
1932 5407 2135 5463 Critiea
2164 5409 2291 5463 hist.
2330 5408 2595 5465 Cbronol.
2631 5423 2762 5467 tom.
2801 5412 2843 5475 I,
2871 5427 2989 5480 pag.
3025 5412 3151 5474 58l.
3190 5427 3441 5471 censetis,
3475 5410 3654 5464 nullos
3680 5420 3954 5479 martyres
3982 5411 4032 5465 in

798 5502 1187 5569 persecutione
1212 5502 1501 5556 Liciniana
1538 5502 1706 5556 fuisse
1742 5519 1930 5572 passos
1958 5512 2081 5555 ante
2110 5517 2313 5555 annum
2346 5502 2471 5563 539,
2494 5515 2670 5568 neque
2695 5510 2819 5553 ante
2856 5499 2988 5553 illud
3037 5510 3252 5568 tempus
3284 5499 3553 5553 Licinium
3592 5499 4032 5567 persecutionem

800 5588 1062 5644 Ecclesiae
1094 5591 1366 5645 intulisse.
1399 5591 1785 5645 Tillemontius
1822 5602 1953 5643 tmn.
1980 5592 2041 5655 V,
2072 5607 2191 5661 pag.
2230 5591 2352 5651 512,
2386 5590 2564 5641 obiter
2595 5604 2659 5641 ex
2689 5588 2892 5643 Grmcis
2926 5588 3123 5641 tabulis
3147 5597 3364 5641 sanctos
3388 5586 3593 5641 Christi
3654 5587 3866 5655 pugiles
3886 5602 4036 5640 eom-

803 5692 1135 5739 memorans.
1160 5694 1364 5733 annum
1394 5681 1636 5750 martyrii
1671 5697 1777 5734 non
1810 5681 2161 5734 determinat.
2190 5680 2253 5733 lit
2288 5694 2414 5732 vero
2439 5693 2498 5729 ea
2550 5678 2810 5747 temporis
2856 5682 3012 5735 ratio.
3056 5692 3218 5743 quam
3261 5675 3372 5741 figit
3420 5674 3633 5745 Pagius,
3685 5691 3793 5728 non
3822 5675 4035 5733 videtur

804 5766 1180 5839 improbabilis
1218 5788 1229 5821 :
1262 5785 1439 5839 neque
1464 5773 1609 5827 enim
1648 5779 1892 5840 apparet.
1931 5786 2091 5839 quem
2121 5770 2464 5839 potissimum
2498 5769 2760 5837 martyrio
2788 5785 2928 5837 saepe
2965 5768 3112 5821 dicto
3153 5767 3398 5835 assignes
3420 5782 3646 5825 annum.
3676 5782 3838 5835 quam
3884 5766 4033 5820 illum

802 5874 911 5927 quo
983 5859 1225 5913 Licinius
1253 5860 1397 5915 varia
1433 5860 1483 5913 in
1517 5861 1857 5916 Christianos
1894 5860 2239 5916 machinatus
2272 5871 2372 5922 ρει,
2409 5874 2500 5911 eos
2530 5874 2555 5911 ε
2585 5858 2780 5926 palatio
2812 5872 2908 5912 suo
2934 5856 3160 5927 pellens,
3184 5854 3418 5910 concilia
3455 5855 3757 5921 celebrare,
3800 5868 3898 5910 eos
3944 5869 4034 5911 re-
