4230 6436
230 397 334 460 321
1186 397 1653 458 MARTYRIUM
1695 398 1801 457 SS.
1842 397 1982 456 XLV
2030 398 2479 461 MARTYRUH.
3367 395 3478 456 322

228 524 373 573 tam,
414 510 630 580 aliaquo
653 525 812 582 quam
837 511 1068 582 plurima
1118 521 1308 565 contra
1339 526 1434 565 eos
1461 521 1710 567 statuens
1743 531 1804 567 ac
1843 526 2038 584 gerens
2071 515 2124 567 in
2155 514 2340 569 odium
2369 516 2714 570 Constantini
2747 515 2811 570 de
2853 514 3050 584 quibus
3080 513 3351 568 Eusebius
3374 511 3468 568 lib.

227 600 350 653 tDe
381 596 497 653 Vita
523 599 878 663 Constantini,
910 601 1085 669 capite
1117 600 1205 662 5i,
1240 600 1306 654 5'2
1333 609 1386 653 et
1417 616 1571 669 seqq.
1607 603 1750 669 agit;
1783 618 1900 670 qu:e
1934 602 2186 656 Petavius
2219 605 2401 673 alligat
2438 619 2582 656 anno
2608 603 2810 658 Chrisri
2845 603 2968 666 519,
3004 613 3061 654 ιιι
3088 601 3272 654 videre
3303 612 3386 653 est
3417 602 3470 653 in

230 696 386 754 parte
424 690 592 741 altera
637 687 710 740 De
736 689 973 739 doctrina
1012 698 1194 754 temp.,
1218 703 1335 756 pag.
1371 689 1493 752 718;
1532 689 1757 742 addens.
1799 703 1985 758 passos
2009 707 2126 744 esse
2163 698 2214 744 in
2239 707 2299 744 ca
2339 696 2728 760 persecutione
2754 691 2845 744 XL
2885 700 3150 758 martyres
3178 690 3229 740 in
3263 687 3474 756 Cappa-

227 774 410 836 docia,
446 774 644 844 frigore
677 785 919 833 enectos.
951 774 1306 834 etBasilium,
1336 777 1565 828 Amasia-
1595 777 1832 830 Pontica:
1882 781 2230 847 episcopum,
2291 779 2555 848 martyrio
2606 779 2886 842 affectum,
2948 780 3188 844 citatque
3247 776 3467 829 Eusebii

223 860 559 915 Chronicon.
605 866 796 916 Actum
830 862 895 915 de
934 862 1025 914 illo
1056 871 1141 914 est
1177 873 1307 915 tom.
1342 863 1402 915 Ill
1440 865 1660 931 Aprilis.
1697 881 1817 934 pag.
1846 865 1969 924 416.
2013 869 2257 934 apposita
2292 868 2523 936 cpoelia,
2547 868 2698 921 circa
2721 883 2845 919 ann.
2877 866 3013 928 522;
3045 865 3112 918 de
3169 866 3235 917 iis
3284 877 3468 916 autem

224 949 316 1000 die
348 945 626 1004 lO‘Martii.
669 951 732 1001 ad
771 949 883 1002 inec
921 949 1140 1000 Eusebii
1167 949 1478 1004 Chroaieon
1518 951 1706 1004 Latine
1757 968 1974 1006 versum
1995 959 2135 1022 apud
2170 957 2466 1023 Joseplium
2518 953 2858 1020 Sealigerum
2913 969 3036 1022 pag.
3100 952 3218 1013 180,
3271 953 3334 1004 ad
3378 967 3467 1002 an.

224 1057 413 1100 cccxx:
439 1044 635 1105 habet;
663 1063 678 1092 ι
696 1043 935 1096 Licinius
958 1044 1298 1095 Christianos
1321 1045 1386 1095 de
1407 1045 1607 1111 palatio
1633 1061 1727 1096 sua
1752 1046 1924 1112 pellit.
1945 1068 1958 1094 ι
1981 1048 2234 1101 Dicamus
2254 1065 2398 1118 ergo,
2421 1059 2690 1118 martyres
2716 1050 2920 1101 obiisse
2947 1050 3089 1100 circa
3115 1062 3317 1098 annum
3345 1044 3470 1099 519.

298 1131 351 1185 5.
389 1132 524 1194 Quid
547 1130 780 1182 sentiam
821 1131 887 1183 de
918 1131 1140 1189 Actis,.e
1173 1130 1361 1183 Ct'a’co
1405 1133 1454 1181 in
1485 1129 1736 1182 Latinum
1771 1147 2074 1185 sermonem
2111 1151 2138 1187 a
2168 1151 2250 1187 me
2269 1137 2571 1195 conversis,
2596 1136 2785 1203 paucis
2815 1136 3081 1200 intellige.
3108 1133 3220 1186 Non
3255 1135 3473 1187 sint-era

226 1218 317 1270 illa
344 1233 489 1280 esse,
523 1223 614 1272 sed
639 1217 888 1286 cpisodio
920 1219 1037 1283 plus
1067 1232 1176 1268 uno
1219 1218 1482 1273 adornata
1537 1218 1946 1286 dramaticcquc
2011 1224 2336 1290 composita,
2389 1223 2759 1278 indubitatum
2813 1223 2946 1274 mihi
2999 1222 3231 1274 videtur.
3288 1220 3474 1288 Spirat

222 1306 514 1357 enimvero
545 1305 596 1357 in
624 1306 733 1358 illis
763 1303 1042 1370 ingenium
1072 1303 1474 1370 Metaplirasus,
1509 1306 1593 1356 vel
1623 1305 1812 1358 saltem
1851 1309 2075 1363 alterius
2097 1309 2378 1379 cujusdam
2405 1311 2455 1364 ci
2482 1325 2587 1362 non
2624 1309 2910 1367 absimilis.
2947 1307 3172 1374 tragOedi
3203 1306 3341 1358 sacri
3379 1322 3475 1373 po-

225 1392 336 1444 tius
393 1406 553 1460 quam
599 1391 796 1444 sinceri
826 1390 1069 1443 historici
1100 1405 1296 1442 nomen
1329 1393 1635 1458 promeriti.
1667 1391 2004 1461 Argumento
2044 1406 2172 1448 sunt
2195 1405 2491 1462 sequentes
2524 1397 2962 1448 observationes.
3007 1393 3212 1453 Primo,
3260 1405 3470 1459 preces,

221 1479 412 1533 verbis
452 1484 784 1547 psalmorum
814 1480 978 1532 nimis
1009 1480 1334 1548 composita.-
1370 1481 1729 1537 concinnatae.
1769 1491 1827 1535 ut
1860 1482 2063 1533 videsis
2092 1498 2240 1533 num.
2286 1484 2317 1533 8
2352 1493 2406 1534 et
2437 1483 2519 1534 l2.
2553 1481 2830 1543 Secundo,
2880 1483 3129 1534 inductio
3172 1489 3473 1549 martyrum

229 1568 522 1632 utriusque
553 1579 717 1618 sexus
747 1581 847 1618 nec
871 1580 982 1618 non
1021 1567 1332 1633 exemplum
1367 1564 1422 1619 S.
1457 1566 1809 1628 Potamicme,
1836 1570 2177 1636 temporibus
2209 1570 2520 1623 Maximiani
2545 1587 2642 1638 pro
2675 1572 2876 1622 tuenda
2913 1569 3177 1636 pudicitia
3227 1572 3279 1618 in
3315 1569 3470 1620 lebe-

223 1662 360 1713 tem,
402 1655 519 1718 pice
543 1654 899 1713 instructum,
925 1669 954 1707 a
988 1670 1088 1708 suo
1118 1655 1342 1708 domino
1378 1656 1612 1723 injectte.
1644 1671 1841 1708 nonnae
1887 1657 2161 1708 theatrum
2197 1656 2445 1725 spirant?
2479 1655 2536 1710 S.
2564 1657 2851 1714 Leontius,
2877 1669 2938 1708 ea
2975 1665 3203 1707 narrans
3249 1663 3307 1705 ut
3349 1654 3472 1705 ani-

222 1753 346 1790 mos
372 1742 574 1794 excitet
605 1748 670 1792 ad
711 1743 927 1796 fortiter
967 1759 1064 1810 pro
1099 1743 1319 1796 Christo
1342 1743 1741 1804 dimicandum,
1772 1745 1906 1796 dicit
1945 1758 2002 1796 Se
2037 1757 2098 1794 ea
2131 1743 2409 1810 accepisse
2451 1765 2467 1792 4
2498 1759 2524 1794 a
2549 1748 2806 1810 magistro
2837 1757 2957 1802 suo,
2991 1742 3084 1809 qui
3115 1740 3370 1794 veniebat
3403 1756 3472 1795 ex

219 1827 452 1898 Egypto,
498 1839 554 1882 et
586 1830 806 1881 audisse
838 1846 892 1882 se
918 1830 1102 1882 aiebat
1137 1846 1164 1886 θ
1187 1829 1243 1882 S.
1269 1831 1510 1882 Antonio
1543 1842 1746 1884 asceta.
1782 1856 1796 1878 ο
1832 1831 2028 1896 ρυωτο
2055 1831 2148 1896 qui
2174 1832 2263 1882 hic
2290 1832 2560 1883 Antonius
2586 1831 2779 1882 aceta?
2817 1831 3088 1884 Antonius
3138 1845 3381 1898 magnos.
3414 1841 3472 1884 ut

219 1916 444 1984 Opinor.
482 1917 875 1972 celeberrimus
911 1917 1151 1985 plurium
1186 1920 1582 1976 monachorum
1620 1919 1785 1973 abbas
1820 1937 1832 1973 :
1865 1919 1909 1972 si
1944 1918 2032 1971 ille
2063 1927 2168 1978 est,
2205 1933 2367 1986 quem
2400 1919 2651 1980 conjicio.
2677 1919 2810 1969 satis
2840 1917 3112 1983 disparata
3144 1931 3472 1972 connectere

219 2005 446 2060 videtur
481 2009 755 2074 scriptor;
793 2021 916 2057 cum
953 2008 996 2059 is
1041 2017 1146 2060 tam
1177 2008 1268 2064 diu
1301 2007 1499 2060 obierit
1531 2019 1651 2078 post
1687 2009 1743 2062 S.
1767 2008 2079 2070 Leontium,
2112 2021 2255 2060 anno
2280 2013 2470 2074 utique
2500 2005 2624 2059 556.
2657 2005 2765 2058 Res
2793 2006 2894 2058 illa-
2919 2017 3231 2068 narrantur,
3260 2023 3287 2058 a
3317 2021 3470 2058 num.

217 2091 252 2143 8
294 2093 347 2144 in
401 2094 528 2146 line.
570 2093 777 2152 Tertio,
814 2092 1088 2151 diabolus.
1120 2091 1498 2161 Esculapium
1534 2099 1818 2160 mentitus,
1850 2100 2157 2165 ducemque
2192 2095 2406 2165 Lysiam
2454 2106 2645 2149 contra
2677 2105 2944 2164 martyres
2980 2096 3283 2157 concitans,
3308 2094 3474 2164 quid-

220 2194 350 2231 nam
384 2189 463 2231 cst
494 2179 594 2231 nisi
629 2194 790 2232 scena
819 2178 1140 2242 dramatico,
1181 2196 1330 2232 num.
1362 2181 1478 2232 12'!

289 2266 342 2319 6.
373 2264 597 2329 Quinto,
631 2282 778 2319 mors
808 2276 1130 2338 martyrum,
1165 2268 1269 2322 hoc
1295 2269 1461 2321 modo
1488 2267 1810 2330 accelerata,
1840 2266 1932 2335 qui
1969 2267 2208 2321 refertur
2227 2283 2379 2320 num.
2403 2266 2490 2330 l6,
2521 2267 2678 2320 fallor
2703 2266 2745 2319 si
2772 2265 2986 2334 plenam
3019 2265 3179 2320 fidem
3205 2268 3467 2324 inveniat.

217 2351 406 2407 Sesto.
439 2353 620 2420 prodit
649 2355 701 2407 in
730 2371 948 2410 scenam
984 2358 1204 2420 mulier,
1242 2359 1450 2410 sanctis
1479 2373 1674 2430 aquam
1707 2356 1809 2409 sub
1842 2355 2082 2409 vestibus
2112 2356 2249 2409 clam
2283 2356 2337 2408 in
2366 2370 2585 2417 carcere
2618 2356 2892 2414 deferens.
2923 2371 3074 2410 num.
3115 2358 3167 2408 ll
3195 2372 3210 2420 ;
3234 2373 3354 2424 qua:
3378 2357 3473 2412 de-

216 2454 333 2493 mro
362 2438 501 2499 redit
537 2458 688 2496 num.
719 2443 800 2496 l9.
824 2444 1018 2504 Erunt,
1057 2455 1114 2497 ut
1138 2446 1358 2512 opinor,
1389 2445 1591 2512 quibus
1629 2459 1818 2511 preces
1839 2455 1894 2496 et
1927 2459 2066 2512 aqua
2089 2459 2119 2494 e
2149 2458 2283 2512 rupe
2307 2444 2493 2497 elicita
2524 2459 2630 2496 non
2661 2447 2887 2497 omnino
2923 2445 3270 2509 arridebunt,
3317 2462 3474 2505 num.

213 2525 306 2581 2‘2.
341 2528 586 2598 Denique
618 2531 877 2582 Actorum
910 2532 1211 2583 sinceritati
1249 2547 1354 2582 non
1381 2532 1728 2585 mediocriter
1753 2531 1923 2584 ofﬁcit
1956 2549 2190 2599 sequens
2225 2533 2491 2594 clausula,
2519 2549 2548 2584 a
2588 2535 2843 2600 genuinis
2886 2537 3035 2587 Actis
3100 2536 3290 2588 abesse
3337 2551 3468 2588 con~

213 2628 398 2673 sueta.
435 2635 554 2684 qua:
586 2618 830 2669 habetur.
855 2634 1005 2670 num.
1040 2620 1128 2674 “'23.
1168 2619 1219 2670 in
1263 2635 1369 2686 qua
1412 2618 1688 2671 Sisinnius
1718 2618 1790 2671 ita
1816 2619 1982 2671 Deum
2013 2620 2373 2688 oratjamjatn
2417 2619 2738 2671 moriturus.
2779 2639 2800 2668 ι
2834 2621 2966 2687 Upis
3005 2633 3108 2674 ttne
3133 2623 3366 2691 indigus,
3394 2635 3471 2676 te-

221 2717 332 2770 que
353 2715 545 2755 nostro
575 2705 886 2758 interventu
918 2707 1260 2762 invocantes.
1290 2707 1474 2759 statim
1499 2706 1718 2760 exaudi.
1752 2705 2070 2771 Dominc,in
2097 2721 2424 2774 quacunque
2465 2707 2792 2758 necessitate
2823 2716 2876 2758 et
2913 2709 3242 2775 indigentia;
3273 2725 3470 2775 quam-

214 2797 303 2844 vis
337 2792 389 2843 in
431 2792 696 2845 viduitate
732 2803 786 2845 et
818 2795 1090 2858 orbitate;
1126 2797 1377 2862 quamvis
1417 2796 1470 2847 in
1519 2796 2003 2863 peregrinatione;
2053 2795 2305 2862 quantivis
2358 2795 2411 2845 in
2468 2794 2784 2846 inlirmilate
2839 2808 3090 2861 corporis
3137 2805 3194 2846 et
3239 2797 3465 2856 animm;

214 2881 474 2948 quamvis
504 2883 555 2932 in
584 2897 691 2935 azre
725 2882 904 2935 alieno
936 2891 987 2935 et
1029 2882 1362 2945 calumniis;
1407 2887 1656 2949 quamvis
1691 2885 1742 2934 in
1769 2884 1965 2935 acerba
2001 2884 2302 2947 servitute;
2336 2883 2590 2950 quamvis
2624 2883 2677 2934 in
2743 2882 3029 2934 hominum
3080 2897 3143 2934 ac
3191 2885 3468 2951 pecudum

215 2973 584 3038 contagione;
611 2973 867 3036 quamvis
902 2969 953 3020 in
988 2971 1124 3021 mari
1150 2971 1420 3036 quispiam
1455 2971 1526 3021 sit
1560 2971 1876 3039 naufragus,
1914 2981 2022 3021 etc.
2054 2970 2131 3022 Tu
2160 2971 2260 3032 illi,
2325 2986 2443 3030 rex,
2485 2985 2581 3036 per
2617 2984 2718 3021 nos
2769 2971 2970 3022 solatio
3008 2971 3105 3030 sis,
3150 2980 3203 3022 et
3285 2975 3469 3023 statim

213 3059 440 3116 exaudi,
469 3067 881 3125 utc0gnoscant
906 3057 1096 3110 mundi
1137 3058 1298 3127 hujus
1333 3058 1544 3121 incolae,
1574 3060 1805 3110 multum
1832 3072 1930 3110 nos
1964 3056 2115 3124 diligi
2144 3056 2242 3108 abs
2285 3064 2357 3118 te,
2387 3063 2444 3108 ct
2487 3055 2761 3117 exaudiri,
2824 3072 2886 3107 ac
2929 3056 3070 3106 malo
3107 3057 3334 3109 cuilibet
3377 3061 3467 3110 liat

214 3159 360 3213 aqua
394 3145 894 3205 litecinmetlelam,
920 3162 1043 3198 nam
1070 3148 1134 3199 ad
1172 3148 1576 3200 invocationem
1609 3145 1924 3200 tuiebnlliit
1961 3143 2355 3196 etinnovatuni
2400 3150 2482 3195 est
2527 3151 2687 3195 vetus
2736 3141 3069 3218 miraculum
3128 3144 3182 3194 in
3238 3143 3466 3212 gloriam

215 3231 400 3286 Patris
427 3241 480 3284 et
507 3230 628 3284 Filii
681 3243 735 3285 et
764 3231 1006 3300 Spiritus
1037 3233 1236 3294 sancti,
1272 3233 1323 3283 in
1353 3233 1568 3284 laudem
1592 3242 1648 3284 et
1673 3233 1992 3284 meritoriam
2024 3243 2327 3301 martyrum
2368 3244 2587 3286 tuorum
2617 3235 2860 3300 quinque
2885 3242 2942 3285 et
2971 3233 3354 3300 quadraginta.

290 3321 340 3372 7.
375 3320 520 3372 Inter
547 3330 812 3390 martyres
837 3320 1052 3375 XXXVI
1086 3321 1429 3374 Alexandriae
1457 3334 1662 3387 passos,
1689 3319 1756 3373 de
1787 3318 1989 3387 quibus
2003 3318 2104 3372 hoc
2123 3321 2312 3372 itidem
2335 3319 2424 3372 die
2451 3322 2630 3387 agitur
2651 3320 2925 3385 superius,
2959 3319 3070 3371 duo
3099 3321 3260 3385 primi
3286 3320 3466 3374 Leon-

213 3409 332 3462 tius
355 3421 410 3461 et
437 3409 745 3472 Mauritius,
767 3420 822 3462 et
855 3412 1085 3478 quintus
1117 3409 1331 3470 Daniel,
1363 3410 1541 3462 tribus
1565 3408 1769 3461 nostris
1797 3407 2132 3476 martyribus
2163 3406 2580 3476 Ncopulitanis,
2616 3420 2850 3475 quorum
2877 3421 3197 3475 expreSsum
3229 3409 3468 3462 vidimus

213 3513 442 3563 nomen,
473 3513 701 3567 prorsus
734 3499 1052 3564 homonymi
1077 3506 1225 3549 sunt.
1257 3497 1386 3561 Quae
1439 3497 1789 3566 homonymia
1833 3494 2207 3564 suspicionem
2261 3493 2494 3548 fortasse
2543 3495 2794 3546 nonnulli
2846 3495 3093 3561 praebere
3130 3495 3350 3562 poterit,
3377 3496 3466 3548 hic

214 3603 398 3656 eque,
431 3603 493 3639 ac
517 3587 672 3648 alibi,
710 3587 832 3653 plus
859 3584 1050 3648 semel,
1078 3586 1317 3638 inductae
1347 3586 1602 3654 alicujus,
1646 3585 2006 3646 confusionis,
2041 3599 2147 3636 una
2175 3583 2408 3636 fortasse
2439 3591 2740 3651 martyrum
2793 3591 2967 3633 turma
3005 3581 3058 3633 in
3095 3582 3235 3634 duas
3271 3585 3470 3637 distra.

215 3685 329 3737 cta,
359 3675 464 3736 vel,
498 3675 543 3726 si
572 3674 676 3727 hoc
704 3689 814 3727 non
842 3675 946 3737 vis,
977 3674 1206 3726 alterius
1245 3673 1299 3724 in
1360 3674 1592 3724 alteram
1643 3671 1968 3724 nominibus
1993 3670 2278 3723 derivatis.
2328 3669 2524 3723 Verum
2570 3669 2830 3738 quoniam
2864 3667 2994 3737 quid
3031 3664 3300 3723 hiclateat
3353 3685 3466 3740 my-

213 3762 394 3822 sterii,
438 3763 596 3816 nobis
621 3765 839 3830 assequi
879 3777 986 3814 non
1026 3771 1111 3814 est
1155 3771 1494 3829 promptum,
1546 3759 1600 3812 in
1639 3759 1779 3814 duas
1823 3773 1921 3812 eos
1941 3759 2150 3811 classes
2189 3756 2568 3819 distinximus,
2619 3759 2794 3810 secuti
2837 3756 3222 3825 Martyrologia
3268 3757 3466 3811 Hiero-

217 3850 474 3918 nymiana
508 3869 518 3902 :
554 3851 632 3902 uti
677 3849 1039 3903 indicavimus
1065 3863 1254 3917 supra,
1293 3848 1384 3901 ubi
1417 3847 1485 3901 de
1527 3847 1690 3900 dictis
1730 3849 1954 3918 triginta
1999 3862 2091 3901 sex
2127 3845 2462 3914 martyribus
2502 3845 2738 3914 egimus,
2782 3851 2838 3897 et
2883 3843 3262 3896 dillieultatcin
3321 3845 3465 3900 lianc

215 3951 326 3987 non
365 3937 840 4004 prattermisimns.

285 4022 339 4074 8.
384 4020 654 4092 'l‘amayus
681 4023 855 4082 solius
885 4022 940 4076 S.
970 4023 1186 4078 Leontii
1212 4038 1412 4077 nomen
1446 4023 1745 4090 exprimit,
1793 4035 1849 4079 et
1896 4026 2079 4079 socios
2123 4033 2395 4092 martyres
2435 4023 2703 4076 confuse:
2747 4040 2764 4071 ι
2806 4021 3051 4088 Nicopoli
3103 4021 3155 4072 in
3182 4022 3462 4087 Armenia.

213 4110 274 4164 S.
311 4110 522 4164 Leontii
557 4113 834 4182 martyris,
881 4114 976 4181 qui
1008 4129 1134 4166 cum
1173 4115 1297 4168 aliis
1339 4114 1506 4166 sociis
1537 4127 1766 4182 agonem
1809 4111 2191 4166 admirabilem
2231 4110 2546 4178 complevit.
2589 4129 2606 4160 ι
2643 4109 2758 4162 Hoc
2811 4118 2993 4171 recte;
3033 4109 3125 4162 sed
3162 4109 3462 4163 claUsulam

214 4209 569 4265 sequentem,
623 4219 640 4250 ς
673 4204 828 4269 cujus
858 4202 1069 4252 exuviae
1105 4217 1274 4253 sacrae
1321 4203 1374 4251 in
1416 4203 1619 4268 oppido
1652 4202 1957 4255 Alt-audete
1981 4241 1995 4264 ,
2043 4201 2298 4254 dimcesis
2323 4199 2651 4255 Giennensis
2684 4201 2735 4251 in
2767 4199 3018 4252 cmuobio
3051 4199 3368 4250 monialium
3401 4198 3462 4256 Β.

211 4285 388 4340 Clara:
416 4286 600 4339 debita
634 4289 818 4340 cultus
844 4286 1264 4341 honorificentia
1297 4297 1610 4351 servantur,
1647 4307 1664 4337 ι
1697 4303 1962 4356 quorsum
1991 4288 2275 4357 atljunxit?
2306 4288 2440 4340 Cum
2485 4288 2537 4338 in
2573 4288 2717 4338 notis
2744 4287 2808 4336 ad
2841 4286 2988 4337 hunc
3018 4289 3197 4337 locum
3228 4287 3461 4338 candide

213 4372 540 4440 proﬁteatur
577 4394 593 4424 c
632 4377 904 4444 suspicari
937 4391 1015 4440 se,
1061 4390 1220 4428 erase
1280 4376 1517 4428 amicum
1554 4375 1868 4434 eruditum,
1909 4390 1925 4421 ι
1964 4371 2227 4424 nimirum
2263 4369 2322 4422 P.
2359 4368 2650 4422 Martinum
2687 4365 2923 4420 Xemena
2952 4367 3180 4422 .lurado.
3211 4381 3276 4418 ex
3305 4368 3464 4436 cujus

215 4459 482 4514 relatione
512 4463 785 4528 praedictis
835 4461 1018 4515 Sancti
1067 4463 1316 4530 reliquiis
1357 4463 1520 4516 istum
1575 4464 1755 4517 locum
1802 4461 2128 4534 assignarat,
2176 4476 2194 4508 ε
2243 4467 2298 4510 et
2353 4458 2468 4510 hinc
2517 4457 2748 4525 pignora
2797 4469 2918 4509 esse
2964 4456 3195 4509 alterius
3244 4454 3460 4509 Leontii

215 4549 473 4617 martyris
508 4551 690 4603 Itonia:
723 4550 897 4618 passi;
933 4551 999 4603 de
1023 4565 1133 4618 quo
1159 4562 1327 4618 agunt
1358 4551 1726 4619 Maurolycus,
1751 4548 2086 4603 Calesinius.
2109 4557 2166 4599 et
2195 4546 2484 4612 Philippus
2517 4545 2810 4597 Ferrarius
2836 4543 2888 4594 in
2929 4543 3172 4606 generali
3199 4540 3461 4610 Catologo

212 4631 546 4686 Sanctorum
601 4633 690 4687 die
733 4633 767 4688 9
819 4633 953 4688 Julii
1002 4633 1096 4686 fol.
1131 4633 1259 4697 285,
1320 4643 1375 4687 et
1404 4636 1703 4688 suadentur
1757 4649 1823 4688 ex
1866 4649 1934 4688 eo
1983 4632 2129 4702 quod
2185 4632 2371 4685 comiti
2403 4631 2790 4684 Beneventano
2824 4630 2945 4697 ejus
2980 4629 3210 4682 exuvias
3257 4629 3462 4680 obtulit

213 4719 418 4774 Paulus
470 4721 533 4782 V.
569 4722 726 4776 Pont.
765 4723 905 4776 Max.
959 4731 1234 4776 extractas
1280 4737 1343 4775 ex
1385 4722 1650 4775 Romanis
1694 4721 2055 4781 czemeteriis;
2093 4733 2191 4773 nec
2241 4719 2349 4772 huc
2385 4734 2560 4784 usque
2610 4719 2816 4769 sciatur
2860 4717 3226 4783 Nicopolitani
3275 4717 3461 4770 Roma:

213 4807 476 4861 advectas
503 4809 695 4862 fuisse‘.
738 4827 756 4859 ι
796 4809 990 4873 Recte,
1026 4820 1084 4862 ut
1123 4812 1341 4877 Opinor,
1375 4809 1464 4864 hic
1489 4825 1546 4863 se
1578 4820 1633 4864 ct
1656 4810 1822 4863 alium
1857 4824 2016 4863 suum
2053 4808 2249 4862 ducem
2276 4805 2502 4875 corrigit
2529 4803 2819 4875 Tamayus.
2859 4803 3077 4859 Utinam
3123 4806 3177 4857 in
3209 4804 3462 4872 pluribus
3495 4849 3502 4851 .

214 4896 341 4949 aliis
365 4898 559 4951 eadem
587 4896 850 4951 felicitate
885 4909 941 4950 et
969 4899 1233 4951 facilitate
1254 4913 1311 4951 se
1344 4897 1716 4951 correxisset!
1751 4899 1839 4953 Sic
1868 4900 2036 4969 pluris
2059 4899 2254 4951 llerent
2279 4896 2397 4967 ejus
2422 4909 2630 4949 merces
2653 4894 2797 4962 apud
2819 4894 3067 4948 eruditos
3095 4891 3460 4962 hagiophilos,

210 4986 384 5039 etiam
407 4984 703 5052 Hispanos,
731 4985 1115 5054 indignatione
1143 4985 1329 5053 potius
1355 4999 1418 5038 ac
1453 4987 1567 5037 risu
1609 5001 1751 5054 saepe
1777 4987 2078 5055 digniores,
2109 4998 2272 5051 quam
2309 4982 2505 5052 pretio.
