4230 6436
770 365 880 432 323

2087 365 2372 428 MENSlS
2410 364 2707 425 IULIUS.

3933 365 4044 427 3'21

1901 688 2873 822 ΜΑΡΤΥΡΙΟΝ

1605 930 1822 1017 ΤΩΝ
1904 930 2248 1016 ΑΓῘΩΝ
2323 920 2497 1014 ΜΕ
2573 929 3195 1016 ΜΑΡΤΥΡΩΝ.

1971 1293 2836 1410 MARTYRIUM

1468 1539 2193 1630 SANCTORUM
2273 1540 2518 1627 XLV
2608 1532 3331 1622 MARTYBUM.

2352 1757 2424 1771 ﬂ

2234 1906 2461 1962 CAPUT
2504 1908 2545 1960 1.

1056 2048 1285 2117 Vulgata
1312 2063 1342 2098 a
1378 2043 1580 2097 Licinio
1612 2042 1780 2095 edicto
1811 2052 1996 2094 contra
2028 2039 2381 2103 Christianos,
2414 2039 2678 2091 sistuntur
2704 2052 2884 2089 coram
2909 2034 3039 2088 duce
3077 2032 3236 2103 Lysia
3261 2036 3434 2086 sancti
3464 2044 3745 2103 martyres.

852 2180 888 2232 1.
924 2177 1170 2233 Licinius
1210 2176 1512 2243 imperator
1538 2188 1979 2242 quaquaversum
2018 2172 2199 2226 edicta
2228 2169 2349 2222 vnl-
2379 2173 2427 2230 Α
2530 2166 2609 2220 Α’.
2660 2168 2776 2219 Λικε

2530 2166 2609 2220 A'.
2660 2166 2901 2228 Λικίνιος
2954 2167 2982 2219 ὁ
3039 2164 3295 2234 βασιλεὺς
3350 2165 3635 2217 ἀπέστειλε
3682 2166 4042 2233 διατάγματα

781 2275 950 2343 gavit.
982 2279 1041 2324 ut
1065 2269 1108 2323 si
1138 2269 1229 2337 qui
1265 2267 1647 2335 reperirentur
1672 2264 1995 2328 Christiani,
2023 2261 2353 2317 omnimodis

782 2366 1178 2433 plecterentur.
1208 2359 1384 2412 Edicti
1424 2372 1554 2410 vero
1577 2358 1856 2425 exemplar
1887 2371 2205 2425 expressum
2235 2363 2353 2407 erat

781 2456 861 2509 sic
896 2472 908 2508 :
941 2452 1185 2506 Licinius
1227 2452 1545 2519 imperator,
1606 2449 1896 2510 maximus,
1923 2459 2207 2518 angustus,
2245 2447 2349 2509 his,

781 2545 873 2613 qui
903 2558 999 2611 per
1041 2542 1231 2594 orbem
1260 2550 1533 2592 terrarum
1561 2546 1828 2605 praesunt,
1866 2536 2095 2589 salutem
2131 2553 2145 2589 :
2199 2534 2354 2587 Post-

782 2651 947 2703 quam
1002 2634 1265 2688 divinitas
1316 2639 1503 2684 nostra
1532 2631 1673 2682 facta
1704 2640 1788 2682 est
1812 2628 2012 2682 certior
2044 2627 2142 2694 (Ι),
2193 2641 2354 2693 quos-

781 2728 906 2781 dam
948 2739 1139 2779 eorum
1200 2720 1612 2790 quiChristiani
1644 2720 2011 2788 appellantur.
2035 2732 2144 2768 non
2177 2716 2352 2767 solum

779 2817 1041 2872 beneﬁcis
1068 2815 1174 2868 diis
1208 2830 1315 2865 non
1335 2813 1667 2874 sacriﬁcare,
1699 2811 1791 2863 sed
1812 2808 1975 2862 etiam
2006 2806 2097 2877 pio
2127 2806 2353 2859 deorum

782 2909 956 2964 cultui
999 2907 1228 2977 injurias
1261 2906 1538 2973 irrogare;
1589 2904 1721 2972 quin
1778 2902 1887 2955 imo
1945 2908 2214 2970 prmtextu
2274 2900 2354 2953 eis

780 3001 1149 3062 sacriﬁcandi,
1190 2999 1457 3067 plurimos
1492 2996 1625 3049 deos
1656 2996 1740 3049 vel
1772 2996 1891 3064 ipso
1912 3006 2185 3047 nocturno
2213 3000 2353 3044 tem-

779 3109 915 3163 pore
951 3091 1274 3146 contrivisse
1294 3131 1307 3153 ,
1346 3090 1674 3156 punitosque
1697 3088 1896 3153 sapius
1921 3102 2029 3138 non
2059 3085 2354 3153 resipuisse

781 3194 873 3239 aut
910 3183 1216 3237 honoribus
1246 3181 1493 3239 allectos.
1525 3190 1619 3235 aut
1652 3188 1798 3232 metu
1831 3178 2194 3241 absterritos;
2230 3175 2354 3229 ideo

778 3285 1023 3348 potestas
1071 3284 1259 3329 nostra
1312 3274 1487 3341 jubet,
1524 3282 1583 3325 ut
1634 3273 1947 3340 ubicunque
2007 3257 2355 3323 invenientur

778 3369 1104 3429 Christiani,
1137 3368 1242 3420 diis
1271 3367 1325 3418 hi
1351 3366 1680 3423 sacriﬁcent,
1707 3364 2023 3431 magnisque
2053 3362 2353 3416 honoribus

779 3478 844 3517 ac
867 3461 1026 3516 donis
1057 3460 1357 3513 fruantur:
1418 3459 1752 3512 reluctantes
1809 3464 2014 3519 autem,
2069 3470 2173 3508 una
2228 3470 2353 3507 cum

780 3554 1050 3611 uxoribus
1083 3550 1379 3611 acliberis,
1418 3549 1527 3617 igni
1582 3564 1642 3601 ac
1673 3546 1819 3601 ferro
1858 3548 2163 3610 tradantur;
2184 3544 2355 3599 facul-

780 3655 921 3699 tates
952 3647 1179 3712 insuper
1206 3643 1426 3694 illorum
1458 3654 1649 3693 omnes
1711 3639 2085 3706 publicentur,
2124 3640 2179 3692 in
2220 3648 2357 3692 tem-

770 3738 1024 3811 ‘plorum,
1047 3735 1234 3789 furtim
1264 3734 1332 3787 ab
1370 3732 1501 3797 ipsis
1524 3746 1865 3795 eversorum,
1898 3746 2000 3784 nec
2029 3746 2137 3784 non
2168 3745 2357 3784 muro-

780 3848 907 3887 rum
967 3841 1021 3885 et
1046 3830 1390 3897 publicorum
1448 3826 1768 3879 balneorum
1812 3825 2122 3878 utilitatem.
2176 3825 2353 3877 Invio-

779 3923 947 3976 labile
986 3922 1168 3989 itaque
1201 3917 1495 3987 imperium
1543 3925 1793 3971 nostrum
1827 3915 2031 3979 edocti,
2087 3925 2354 3985 quantum

781 4014 987 4069 conniti
1022 4012 1270 4081 potestis,
1304 4011 1359 4062 id
1401 4009 1548 4078 quod
1580 4010 1898 4063 mandatum
1938 4018 2041 4071 est,
2086 4022 2356 4077 eXsequa-

781 4106 937 4169 mini,
978 4120 1046 4159 ne
1074 4120 1179 4158 una
1232 4118 1330 4157 vos
1369 4118 1495 4157 cum
1554 4104 1893 4171 impiissimis
1943 4101 2352 4169 periclitcmini.

782 4198 945 4253 Hisce
976 4200 1159 4267 itaque
1193 4198 1424 4267 vulgatis
1450 4197 1502 4250 in
1524 4197 1719 4266 plateis
1742 4196 1961 4249 urbium
1994 4194 2207 4259 edictis,
2234 4209 2358 4247 san-

781 4294 857 4347 cti
889 4291 983 4345 Dei
1035 4291 1221 4344 famuli
1245 4290 1415 4361 gavisi
1452 4302 1601 4354 sunt,
1627 4290 1864 4344 oblatam
1887 4290 2125 4358 martyrii
2156 4304 2358 4357 oppor-

784 4385 1075 4439 tunitatem
1104 4383 1545 4439 considerantes.

854 4562 919 4617 ll.
953 4564 1100 4617 Inter
1133 4564 1247 4617 hzec
1270 4563 1553 4630 publicato
1588 4563 2018 4631 Nicopolitarum
2050 4564 2104 4615 in
2137 4564 2355 4617 civitate

784 4654 986 4717 edicto,
1017 4655 1239 4722 quando
1268 4656 1493 4709 timores
1525 4655 1865 4724 ingruerent,
1894 4663 1948 4707 et
1976 4653 2256 4709 instructae
2273 4670 2359 4708 es-

784 4754 908 4801 sent
969 4744 1319 4808 carniﬁcinae,
1362 4755 1544 4799 erecta
1600 4747 1743 4815 ligna
1790 4747 1858 4799 ad
1916 4746 2352 4815 suspensionem,

2456 2258 2598 2309 κατὰ
2636 2260 2820 2309 πᾶσαν
2851 2256 2947 2326 τὴν
2973 2258 3326 2325 οίκουμένην,
3366 2259 3441 2320 ὡς
3486 2260 3539 2311 εῐ
3569 2276 3713 2320 τινες
3754 2260 4045 2327 εὑρεθεῖεν

2456 2350 2796 2421 Χριστιανοὶ,
2834 2350 3060 2411 τούτους
3110 2349 3272 2400 παντὶ
3328 2349 3514 2417 τρόπ;›
3569 2351 3917 2412 κολάζεσθαι.
3982 2352 4045 2404 Ὀ

2455 2445 2511 2497 δὲ
2546 2446 2715 2507 τύπος
2765 2444 2856 2496 τοῦ
2908 2443 3278 2510 διατάγματος
3316 2442 3504 2494 τοῦτον
3546 2436 3657 2510 εἶχε
3704 2443 3796 2495 τὸν
3854 2462 4035 2518 χαρα-

2457 2536 2635 2605 κτῆρα
2671 2553 2684 2567 °
2715 2538 2953 2597 Λικίνιος
2984 2537 3363 2603 αὐτοκράτωρ,
3416 2535 3695 2604 μέγιστος,
3741 2535 4040 2597 σεδαστδς,

2456 2632 2567 2690 τοῖς
2598 2630 2736 2680 κατὰ
2758 2628 2853 2697 τὴν
2888 2630 3213 2695 οἰκουμένην
3245 2628 3504 2697 ἄρχουσιν
3534 2628 3748 2695 χαίρειν
3770 2644 3783 2656 ο
3815 2628 4047 2693 Ἐπειδὴ

2459 2722 2713 2791 ἐδιδάχθη
2752 2722 2784 2789 ἡ
2821 2721 3071 2789 ἡμετέρα
3103 2720 3335 2788 θειότης,
3370 2722 3448 2772 ὅτι
3482 2721 3623 2781 τινὲς
3658 2720 3768 2772 τῶν
3803 2720 4047 2788 λεγομέ-

2458 2831 2562 2865 νων
2597 2813 2941 2884 Χριστιανῶν
2976 2813 3037 2865 οὐ
3105 2812 3264 2881 μόνον
3316 2813 3376 2864 οὐ
3410 2812 3596 2864 Θύουσι
3653 2815 3764 2873 τοῖς
3807 2812 4045 2879 εὐεργέ-

2455 2924 2577 2967 ταις
2609 2906 2772 2968 θεοῖς,
2809 2906 2944 2960 ἀλλὰ
3000 2909 3091 2958 καὶ
3139 2906 3482 2973 ὲνυόρίζουσι
3533 2907 3632 2978 τὴν
3688 2906 3892 2975 εὐσεδῆ
3929 2905 4047 2957 τῶν

2460 2997 2597 3048 θεῶν
2661 2998 2988 3066 θρησκείαν,
3027 2998 3315 3060 πλείστους
3370 2998 3427 3048 δὲ
3474 2997 3630 3061 θεοὺς
3680 3000 3776 3051 καὶ
3822 3001 3880 3051 ὲν
3922 2998 4047 3061 νυξὶ

2461 3088 2788 3159 συνέτριψαν
2814 3090 3081 3157 προφάσει
3114 3090 3207 3141 τοῦ
3244 3089 3391 3141 θύειν
3417 3090 3621 3154 αὐτοῖς,
3651 3092 3747 3142 καὶ
3772 3091 4046 3150 πολλάκις

2460 3182 2817 3242 κολασθέντες
2846 3184 2907 3234 οὐ
2938 3183 3328 3252 μετετέθησαν,
3362 3184 3422 3235 οὐ
3454 3187 3641 3252 τιμαῖς
3666 3186 3934 3247 εἴξαντες,
3978 3186 4044 3236 οὐ

2460 3273 2610 3342 φόϐῳ
2644 3276 3121 3342 μεταπεισθέντες,
3162 3276 3251 3327 διὰ
3292 3276 3449 3327 τοῦτο
3496 3277 3707 3327 κελεύει
3749 3279 3809 3326 τὸ
3839 3278 4045 3343 ἡμέτε-

2463 3383 2554 3435 ρον
2604 3368 2825 3437 κράτος,
2856 3367 2991 3419 ὅπου
3022 3366 3067 3419 δ’
3098 3367 3164 3419 ἂν
3214 3364 3488 3434 εὑρεθεῖεν
3528 3367 3866 3433 Χριστιανοὶ,
3915 3368 4045 3418 τού-

2462 3475 2583 3521 τους
2647 3459 2807 3512 θῦσαι
2872 3464 2984 3521 τοῖς
3036 3462 3198 3524 θεοῖς,
3246 3460 3342 3514 καὶ
3393 3461 3567 3530 τιμῶν
3611 3461 3888 3528 μεγίστων
3945 3461 4043 3512 καὶ

2459 3550 2676 3617 δωρεῶν
2714 3552 3009 3605 ἀπολαύειν
3042 3570 3057 3583 ο
3092 3555 3218 3615 τοὺς
3248 3554 3303 3605 δὲ
3342 3553 3415 3623 μὴ
3445 3555 3767 3615 πεισθέντας
3812 3554 3913 3605 σὺν
3944 3571 4044 3620 γυ-

2460 3644 2603 3707 ναιξὶ
2644 3647 2737 3696 καὶ
2792 3646 3001 3705 τέκνοις
3033 3647 3166 3713 πυρὶ
3198 3648 3288 3697 καὶ
3331 3646 3576 3716 μαχαίρᾳ
3616 3646 4040 3714 παραδίδοσθαι,

2458 3736 2555 3804 τὴν
2587 3737 2640 3787 δέ
2678 3751 2741 3802 γε
2770 3735 3006 3805 ὕπαρξιν
3050 3737 3231 3788 αὐτῶν
3278 3740 3456 3789 πᾶσαν
3492 3736 3922 3804 δημοσιευθῆναι
3960 3738 4043 3796 είς

2460 3827 2777 3896 ἐπιμέλειαν
2817 3830 2979 3892 ναῶν,
3010 3828 3118 3879 τῶν
3147 3829 3239 3880 ὑπ’
3271 3828 3450 3881 αὐτῶν
3476 3828 3648 3897 κλοπῇ
3679 3826 4044 3895 καθαιρεθέν-

2458 3935 2589 3981 των,
2620 3919 2712 3971 καὶ
2740 3918 2936 3987 τειχῶν
2969 3919 3063 3971 κα)⁵
3087 3918 3325 3988 λουτρῶν
3356 3917 3655 3986 δημοσίων.
3697 3915 3916 3976 Είδότες
3947 3910 4043 3966 οὖν

2459 4014 2520 4065 τὸ
2550 4010 2907 4079 ἀπαράϐατον
2934 4011 3030 4078 τῆς
3059 4011 3337 4078 ἡμετέρας
3366 4009 3671 4070 κελεύσεως
3716 4010 3881 4058 παντὶ
3915 4007 4038 4059 σθέ-

2460 4120 2540 4154 νει
2569 4103 2629 4153 τὸ
2680 4101 3019 4172 προσταχθὲν
3067 4104 3147 4165 είς
3186 4104 3347 4171 ἔργον
3399 4103 3682 4168 ἐνέγκατε,
3716 4101 3792 4163 ὡς
3834 4102 3911 4169 μὴ
3947 4102 4039 4153 καὶ

2461 4195 2605 4265 ὑμᾶς
2656 4198 3103 4264 συγκινδυνεύσαι
3147 4200 3258 4255 τοῖς
3296 4195 3649 4257 ἁθεωτάτοις.
3676 4192 3899 4245 Τούτων
3933 4195 4043 4246 τῶν

2460 4292 2899 4358 προσταγμάτων
2932 4288 3304 4357 προτεθέντων
3350 4291 3408 4339 ὲν
3445 4291 3563 4349 ταῖς
3594 4286 3880 4346 πλατείαις
3932 4287 4043 4337 τῶν

2462 4379 2692 4442 πόλεων,
2744 4380 2791 4429 οἱ
2847 4378 2993 4445 ἅγιοι
3046 4377 3341 4431 δοῦλοιτοῦ
3390 4377 3628 4448 Χριστοῦ
3673 4378 3916 4447 ἔχαιρον,
3946 4377 4045 4428 τὸν

2461 4472 2653 4537 καιρόν
2678 4470 2771 4522 τοῦ
2807 4471 3110 4541 μαρτυρίου
3148 4472 3500 4538 σκοποῦντες.

2533 4563 2603 4617 B'.
2638 4564 2747 4617 Καὶ
2770 4564 2831 4633 δὴ
2856 4564 2949 4616 καὶ
2982 4568 3123 4636 ἐν’τῇ
3160 4564 3529 4617 Νικοπολιτῶν
3552 4563 3912 4633 προτεθέντος
3944 4563 4041 4614 τοῦ

2461 4659 2853 4725 διατάγματος,
2888 4661 2982 4710 καὶ
3011 4659 3119 4709 τῶν
3155 4659 3333 4725 φόϐων
3360 4659 3776 4725 ὲπισειομένων,
3813 4660 3903 4709 καὶ
3929 4658 4041 4707 τῶν

2464 4751 2837 4819 κολαστηρίων
2904 4750 3404 4819 εὐτρεπισθέντων,
3450 4749 3623 4815 ξύλων
3692 4749 3893 4817 ὀρθίων
3955 4754 4040 4810 εἰς

788 4838 1000 4907 ungula:
1015 4838 1205 4893 ferreae
1226 4847 1398 4892 acutae
1421 4838 1485 4891 ad
1505 4838 2128 4900 abrasionem,cassides
2152 4840 2352 4909 ignita,
2384 4849 2425 4905 c
2463 4846 2776 4913 dviprqstv,

2463 4843 3076 4913 dviprqstv,ovuxw~ma
3113 4842 3347 4910 σιδηρῶν
3382 4843 3637 4911 ἀκμαίων
3664 4842 3742 4903 εἰς
3777 4841 4035 4905 εῐσξεσιν,

785 4930 907 4983 olla:
938 4933 1231 4992 l‘erventes.
1265 4940 1419 4991 rotze,
1450 4931 1612 4993 clavi,
1648 4933 1801 4984 nervi
1864 4931 2054 4985 bubuli
2090 4931 2351 4995 indurati,

785 5024 986 5090 aliique
1009 5024 1287 5076 cruciatus
1316 5024 1645 5088 atrociores;
1668 5032 1724 5077 et
1751 5024 1880 5076 dum
1908 5025 2219 5079 advenisset
2245 5024 2354 5077 dux

786 5116 992 5183 Lysias,
1020 5116 1109 5169 ubi
1149 5115 1400 5171 universa
1425 5116 1848 5187 Armeniaelegio
1880 5118 2074 5170 sortito
2103 5118 2353 5172 eratdis-

785 5209 1013 5270 tributa,
1064 5210 1447 5276 comprehensi
1490 5220 1617 5263 sunt
1664 5211 1931 5275 nonnulli,
1963 5210 2056 5279 qui
2091 5210 2357 5265 Christia-

784 5313 886 5351 nos
905 5316 961 5353 se
981 5300 1355 5365 declarabant,
1397 5301 1654 5356 Leontius
1679 5312 1732 5355 et
1766 5303 2053 5356 Mauritius
2086 5314 2140 5357 et
2169 5303 2356 5357 Daniel

786 5389 889 5443 viri
927 5394 1189 5445 natalium
1216 5393 1508 5462 splendore
1558 5395 1864 5464 conspicui,
1895 5405 1948 5449 et
1983 5396 2354 5449 doctrinarum

783 5485 1115 5550 eruditione,
1156 5486 1385 5554 vittaque
1420 5485 1486 5539 ad
1518 5485 1721 5541 Christi
1750 5486 1895 5554 leges
1922 5487 2357 5541 conformatione

857 5640 932 5705 (l)
986 5639 1096 5692 lsto
1137 5643 1411 5708 quondam
1448 5644 1606 5696 titulo
1640 5644 2001 5712 imperatores
2024 5643 2191 5697 fuisse
2218 5660 2355 5696 nun-

786 5720 1047 5777 cupatos,
1107 5712 1381 5781 colligitur
1442 5730 1506 5765 ex
1576 5716 1803 5781 epistola
1866 5714 2223 5767 Valentiniani
2290 5714 2355 5767 ad

784 5781 1154 5835 Theodosium
1208 5784 1591 5853 imperatorem
1627 5785 1778 5850 data,
1828 5800 1946 5853 qua:
2002 5794 2087 5837 est
2131 5790 2358 5837 numero

2466 4936 2560 4989 καὶ
2590 4936 2861 4989 κασσίδων
2895 4935 3435 5003 πεπυρακτωμένων,
3479 4935 3731 5003 τηγάνων
3777 4934 3870 4985 καὶ
3914 4950 4040 5001 τρο-

2462 5028 2596 5097 χῶν,
2649 5028 2740 5078 καὶ
2781 5026 2945 5095 ἥλων,
2980 5028 3071 5078 καὶ
3102 5025 3405 5096 βουνεύρων
3451 5025 3651 5095 ξηρῶν,
3701 5026 3795 5076 καὶ
3826 5026 4039 5093 ἑτέρων

2464 5118 2856 5189 χαλεπωτέρων
2892 5119 3284 5187 κολαστηρίων,
3322 5122 3416 5171 καὶ
3456 5117 3905 5188 παραγενομένου
3941 5116 4037 5167 τοῦ

2463 5210 2653 5271 δουκὸς
2680 5210 2876 5268 Λυσία,
2924 5202 3076 5276 ᾧπερ
3107 5206 3172 5276 ἦν
3209 5210 3713 5277 ἁποκεκληρωμένη
3757 5211 3788 5277 ή
3830 5210 4039 5274 λεγεὼν

2463 5304 2611 5353 πᾶσα
2670 5304 2701 5370 ἡ
2749 5303 3064 5371 ’Λρμενίας,
3124 5304 3536 5372 συνελήφθησαν
3588 5321 3750 5367 τινες,
3804 5306 4036 5367 ἑαυτοὺς

2462 5394 2799 5464 καταδήλους
2831 5397 3177 5464 ποιήσαντες,
3214 5398 3291 5447 δτι
3324 5397 3642 5466 Χριστιανοξ
3668 5399 3826 5458 εἰςιν,
3867 5398 4037 5450 Λεὸνο

2459 5504 2575 5549 τιος
2628 5488 2722 5540 καὶ
2764 5489 3088 5556 Μαυρίκιος,
3141 5489 3234 5540 καὶ
3280 5490 3497 5561 Δανιὴλ,
3535 5490 3726 5560 ἄνδρες
3773 5492 4041 5561 ἐπίσημοι

2467 5646 2962 5772 ζὶοὲἓὶηιὲιηρίιιιο,
2982 5657 3037 5701 et
3056 5648 3291 5703 habetur
3306 5660 3459 5719 parte
3488 5652 3741 5706 Iconcilii
3775 5652 4043 5709 Cbalccd.
