4230 6436
212 371 324 434 325

1176 374 1640 434 MARTYRIUM
1685 373 1789 434 SS.
1834 375 1982 432 XLV
2026 373 2481 432 MAR'FYRUM.

3353 371 3460 435 326

206 484 324 536 τῶν
359 485 417 536 ὲν
447 485 512 555 τῇ
541 484 689 537 πόλει
722 485 868 552 γένει
919 501 976 536 τε
1016 485 1107 538 καὶ
1156 486 1433 539 παιδεύσει
1486 487 1660 554 λόγων
1694 488 1787 539 καὶ
1819 495 1858 547 Α

1819 495 1858 547 Α
1895 486 2234 548 illustres,ct
2267 501 2373 538 una
2397 499 2520 538 cum
2561 483 2692 554 ipsis
2739 483 3098 554 quadraginta
3131 484 3245 550 alii,
3305 483 3466 539 Chri-

208 574 319 644 βίῳ
353 576 492 629 κατὰ
523 577 759 646 Χριστὸν
798 575 1212 645 διαπρέποντες,
1249 578 1344 629 σὺν
1373 577 1558 638 αὐτοῖς
1607 577 1664 629 δὲ
1695 579 1786 628 καὶ

205 667 391 737 ἕτεροί
425 684 483 719 τε
541 667 592 734 μ’
626 669 875 736 λέγοντες
934 669 1160 731 ἑαυτοὺς
1211 665 1354 721 εἶναι
1402 669 1784 738 Χριστιανοὺς,

208 761 308 810 καὶ
359 760 833 830 αὖτοπροαιρέτως
887 761 1242 828 προελθόντες
1300 762 1376 831 τῷ
1439 763 1636 834 Λυσίᾳ.
1686 765 1782 826 Ὃς

208 848 552 918 θεασάμενος
595 851 691 920 τὴν
731 851 1001 920 τοσαύτην
1053 853 1162 904 τῶν
1191 853 1402 924 ἀνδρῶν
1455 855 1783 922 προθυμίαν,

205 939 400 1008 ἠρώτα
438 942 653 1005 αὐτοὺς,
685 943 859 1009 λέγων
884 959 897 972 ⁸
930 943 1102 996 Πόθεν
1137 944 1260 997 ἐστέ
1293 963 1306 1010 ;
1339 947 1432 999 καὶ
1473 948 1553 1008 τίς
1583 949 1727 999 ἐστιν
1758 946 1785 996 6

207 1033 410 1094 πείσας
437 1035 578 1100 ὑμᾶς
615 1033 689 1102 μὴ
738 1033 1003 1098 εὐσεϐεῖν,
1038 1040 1171 1103 μήτε
1200 1035 1347 1088 θύειν
1370 1040 1481 1098 τοῖς
1509 1037 1648 1100 θεοῖς
1673 1041 1783 1100 τοῖς

206 1125 525 1193 οὐρανίοιςς
584 1126 640 1177 '0
675 1128 826 1192 ἅγιος
862 1128 1109 1188 Λεόντιος
1129 1127 1277 1194 λέγει
1303 1145 1315 1159 ·
1367 1128 1554 1196 Ἡμεῖς
1587 1129 1784 1192 πάντες

205 1217 530 1283 Χριστιανοί
590 1220 777 1286 ἐσμεν.
834 1220 944 1272 Καὶ
979 1220 1028 1271 οἱ
1090 1218 1191 1286 μὲν
1226 1221 1325 1289 τὴν
1372 1223 1529 1274 πόλιν
1581 1221 1784 1290 ταύτην

205 1309 488 1377 οἰκοῦμεν,
518 1313 565 1362 οἱ
599 1311 654 1363 δὲ
676 1313 768 1362 καί
801 1312 862 1362 ἐκ
896 1312 994 1379 τῆς
1027 1314 1210 1383 χώρας
1250 1315 1346 1382 τῆς
1379 1312 1482 1366 ὑπὸ
1512 1314 1605 1383 τὴν
1634 1311 1783 1365 πόλιν

205 1399 519 1471 ῶρμηνται.
575 1403 684 1454 Καὶ
715 1404 915 1471 πατρὶς
962 1404 1061 1471 μὲν
1095 1406 1224 1472 ἡμῖν
1263 1403 1401 1472 αὕτη
1443 1406 1472 1471 ἡ
1519 1402 1780 1467 ἐπίγειος,

206 1494 392 1561 πατὴρ
423 1493 478 1545 δὲ
507 1494 745 1563 Χριστὸς
773 1498 799 1546 ὁ
831 1494 1154 1562 ἐπουράνιος
1179 1511 1193 1524 ·
1228 1497 1321 1548 καὶ
1353 1496 1514 1557 αὑτός
1564 1497 1712 1546 ἐστιν
1757 1495 1784 1544 6

203 1582 426 1646 διδάξας
461 1586 608 1653 ἡμᾶς
639 1587 730 1636 καὶ
763 1585 958 1645 πείσας
1016 1586 1157 1647 θεοῖς
1192 1587 1414 1652 κούφοις
1446 1588 1536 1637 καὶ
1560 1586 1782 1652 τυφλοῖς

207 1675 285 1743 μὴ
317 1674 626 1740 λατρεύειν,
660 1677 797 1744 μήτε
829 1677 1013 1746 ἔργοις
1047 1677 1245 1746 χειρῶν
1267 1676 1572 1746 ἀνθρώπων
1609 1692 1780 1744 προσ-

206 1781 416 1819 κυνειν.

277 1857 356 1908 Γ’.
422 1858 625 1920 Λυσίας
677 1856 870 1911 εἶπεν·
907 1860 1018 1912 Καὶ
1068 1859 1171 1913 ποῦ
1239 1863 1388 1914 ἐστιν
1441 1863 1467 1914 ὁ
1511 1861 1780 1931 Χριστός;
1819 1847 1859 1900 Β

206 1950 346 2017 Οὐχὶ
383 1951 703 2021 ἐσταυρώθη
744 1953 838 2004 καὶ
871 1953 1172 2018 ἀπέθανεν;
1216 1955 1274 2005 Ὀ
1332 1955 1487 2020 ἅγιος
1534 1955 1782 2014 Λεόντιος

206 2040 358 2107 λέγει
389 2055 402 2068 ·
431 2041 520 2110 Μὴ
550 2042 710 2110 μόνον
750 2043 811 2094 τὸ
840 2041 1112 2096 ἀπέθανεν
1145 2041 1420 2105 ἀκούσεις,
1451 2043 1566 2096 ἀλλ’
1598 2044 1781 2112 ἐννοή-

207 2132 333 2202 θητι
367 2134 446 2185 ὅτι
478 2137 569 2187 καὶ
603 2133 812 2204 ἠγέρθη
846 2136 940 2186 καὶ
971 2135 1078 2196 ζῶν
1103 2135 1250 2188 έττιν
1280 2136 1336 2186 ὲν
1366 2137 1477 2197 τοῖς
1499 2135 1779 2205 οὐρανοῖς·

206 2225 352 2277 ἑκὼν
383 2225 488 2294 γὰρ
516 2227 791 2278 ἀπέθανεν
831 2226 896 2277 δι’
926 2228 1094 2297 ἡμᾶς,
1124 2229 1217 2280 καὶ
1249 2229 1411 2282 πάλιν
1447 2229 1676 2299 ἠγέρθη,
1710 2229 1783 2292 ώς

208 2317 324 2375 υἱὸς
349 2317 422 2370 ῶν
453 2317 558 2369 τοῦ·
575 2316 734 2371 Θεοῦ.
759 2317 963 2380 Λυσίας
994 2315 1146 2371 εἶπεν
1173 2337 1186 2349 ·
1225 2321 1436 2374 Οὐκοῦν
1463 2320 1526 2390 ζῇ
1559 2321 1650 2374 νῦν
1675 2338 1689 2382 ;
1729 2322 1783 2373 Ὀ

206 2409 366 2477 ᾰγιος
422 2409 675 2471 Λεόντιος
720 2409 902 2472 λέγει·
935 2404 978 2462 ὦ
1018 2411 1240 2472 Λυσία,·
1268 2413 1316 2463 οἱ
1371 2413 1624 2481 ὑμέτεροι
1672 2413 1784 2465 θεοὶ

206 2500 575 2562 ἀποθανόντες
607 2503 669 2553 οὐ
702 2502 870 2565 ζῶσιν
898 2518 911 2532 ·
940 2503 967 2554 6
1007 2503 1062 2554 δὲ
1092 2506 1360 2573 ἡμέτερος
1382 2505 1659 2571 Δεσπότης
1691 2504 1785 2556 καὶ

205 2594 364 2656 Θεὸς,
396 2595 422 2645 6
469 2593 535 2643 τὰ
573 2593 750 2643 πάντα
783 2595 848 2662 τῇ
888 2593 991 2662 ἰδίᾳ
1015 2593 1166 2663 δεξιᾷ
1215 2597 1589 2664 καταρτήσας,
1622 2596 1784 2664 οὐρα-

204 2681 320 2746 νὸν,
354 2681 478 2750 γῆν,
518 2681 815 2743 θάλασσαν,
862 2684 957 2732 καὶ
997 2684 1208 2744 πάντας
1247 2684 1590 2752 ἀνθρώπους,
1643 2685 1782 2755 ὑπὲρ

207 2771 371 2839 ἡμῶν
420 2772 715 2835 ἀπέθανεν,
751 2771 834 2822 ἵνα
866 2771 1014 2839 ἡμᾶς
1041 2771 1339 2840 ἀποσπάσῃ
1374 2771 1473 2838 τῆς
1499 2771 1782 2822 εἰδωλολα-

207 2863 437 2932 τρείας·
490 2864 697 2923 ἐκεῖνος
752 2862 842 2930 ζῇ,
876 2863 970 2913 καὶ
1011 2863 1157 2930 ἡμᾶς
1212 2860 1450 2923 ἐδίδαξεν
1506 2861 1782 2929 ὑπεραπο-

205 2952 462 3020 θνήσκειν
510 2951 699 3016 αὐτοῦ,
729 2953 815 3003 ἵνα
868 2953 959 3004 καὶ
1007 2955 1190 3022 ἡμεῖς,
1226 2955 1609 3018 ἀποθανόντες,
1655 2972 1781 3005 συν-

205 3043 469 3111 ζὴσωμεν
501 3041 672 3109 αὐτῷ.
706 3042 912 3103 Λυσίας
967 3040 1121 3094 εἶπεν
1146 3060 1160 3072 ·
1224 3047 1357 3112 Οὐχὶ
1397 3044 1603 3099 δώδεκά
1643 3047 1782 3098 είσιν

207 3133 327 3188 θεοὶ
361 3133 643 3203 οὺράνιοις
687 3134 839 3184 ποῖον
873 3129 966 3184 οὖν
1004 3134 1069 3186 σὺ
1111 3133 1289 3201 λέγεις
1322 3136 1508 3204 ἓτερον
1533 3137 1685 3199 Θεὸν,
1722 3138 1749 3189 ὃ

204 3231 465 3300 εποίησεν
487 3227 739 3299 οὐρανὸν,
770 3229 864 3280 καὶ
891 3227 1016 3297 γῆν,
1053 3229 1147 3279 καὶ
1175 3227 1448 3281 θάλασσαν
1478 3246 1491 3295 ;
1535 3228 1592 3282 Ὀ
1627 3229 1781 3296 ἆγιος

204 3327 462 3386 Λεόντιος
489 3324 636 3392 λέγει
664 3341 678 3354 ο
711 3323 862 3375 Ποῖοὶ
890 3324 1027 3375 εἰσιν
1088 3323 1136 3374 οί
1188 3321 1299 3374 θεοὶ
1354 3323 1542 3390 ὑμῶν;
1577 3323 1782 3386 Λυσίας

203 3416 358 3482 λέγει
388 3430 401 3443 ·
438 3416 592 3476 Ζεὺς,
629 3415 725 3465 καὶ
758 3413 1055 3476 Ἁπόλλων,
1085 3413 1179 3464 καὶ
1221 3413 1569 3484 Ἀσκληπιὸς,
1609 3418 1702 3468 καὶ
1735 3415 1782 3467 οῖ

203 3508 382 3568 ἄλλοι,
413 3504 505 3566 οὓς
547 3504 694 3555 σέϐει
742 3505 772 3571 ἡ
809 3502 1091 3572 σύμπασα.
1140 3505 1199 3555 Ὀ
1224 3503 1379 3568 ἅγιος
1412 3506 1662 3567 Λεόντιος
1699 3507 1783 3558 λέ-

201 3612 337 3664 γει’
369 3596 503 3658 Ζεὺς
553 3590 644 3647 οὖν
703 3593 822 3656 θεός
883 3594 1073 3658 ὲστιν;
1134 3593 1338 3655 Λυσίας
1386 3589 1574 3645 εἶπεν·
1622 3596 1778 3658 Οὐαὶ,

201 3689 485 3759 ὲμμάνης,
524 3686 778 3756 ἄνθρωπε
813 3684 1174 3754 βλασφημῶν·
1215 3686 1376 3747 αὑτός
1412 3686 1559 3736 ἐστιν
1592 3687 1618 3738 ὁ
1648 3703 1782 3756 κρα-

200 3781 316 3832 τῶν
349 3782 475 3839 τοὺς
515 3779 804 3847 οὐρανοὺς,
841 3777 1025 3844 πατὴρ
1057 3775 1269 3844 ἀνδρῶν
1306 3794 1363 3828 τε
1403 3779 1494 3829 καὶ
1526 3778 1681 3831 θεῶν.
1726 3779 1782 3831 Ὀ

201 3876 363 3941 ἅγιος
422 3874 674 3931 Λεόντιος
725 3871 872 3934 λέγει
903 3888 916 3901 ο
951 3870 1010 3919 Εἰ
1057 3867 1149 3922 οὖν
1195 3869 1314 3932 θεός
1374 3874 1523 3923 ἐστιν
1576 3875 1604 3924 6
1646 3873 1781 3935 Ζεὺς

202 3965 450 4027 πάντως,
487 3964 568 4015 ὃτι
602 3962 695 4012 καὶ
727 3961 944 4029 ἰσχυρός
981 3963 1146 4023 ἐστιν,
1182 3964 1273 4010 καὶ
1308 3962 1460 4027 ὑμῶν
1493 3965 1597 4012 τῶν
1637 3963 1780 4014 ἐκδί-

201 4073 319 4111 κων
353 4053 412 4107 οὑ
440 4052 635 4123 χρῄζει
662 4051 1030 4119 ἀσεϐούμενος
1055 4065 1067 4078 ⁶
1106 4049 1324 4114 πάντως
1353 4051 1408 4103 δὲ
1449 4054 1540 4104 καὶ
1573 4052 1781 4115 δίκαιός

200 4152 344 4212 ἔστι,
408 4148 501 4199 καὶ
565 4144 970 4214 μισοπόνηρος,
1025 4141 1202 4208 μισῶν
1277 4144 1544 4213 μοιχείαν,
1610 4143 1780 4212 μισῶν

202 4240 488 4309 πορνείαν,
559 4235 731 4305 μισῶν
781 4233 1192 4303 ἀρῤητοποιίαν,
1254 4234 1427 4301 μισῶν
1484 4236 1783 4302 ἀδελφογα-

203 4334 363 4402 μίαν,
394 4328 566 4399 μισῶν
599 4325 890 4395 πολέμους,
934 4324 1026 4377 καὶ
1057 4323 1230 4392 φιλῶν
1279 4326 1527 4395 εἰρήνην.
1573 4325 1630 4378 ὐ
1674 4329 1781 4396 γὰρ

201 4429 339 4484 Θεὸς
386 4421 593 4490 ὀφείλει
646 4419 849 4478 τέλειος
883 4413 1046 4480 εἶναι,
1076 4419 1170 4470 καὶ
1200 4419 1530 4488 ἀπροσδεὴς,
1566 4421 1656 4472 καὶ
1684 4421 1780 4472 ἀν-

1755 3156 1854 3239 ‘c

1892 579 2100 633 stianos
2128 596 2184 633 se
2211 580 2528 633 dictitantes
2562 580 2708 632 ultro
2729 579 2796 632 ad
2847 578 3062 648 Lysiam
3086 589 3465 634 accesserunt.

1888 670 1988 735 Qui
2019 673 2182 724 talem
2219 672 2271 723 in
2295 671 2426 724 viris
2451 672 2852 738 contemplatus
2877 671 3042 723 animi
3081 669 3463 724 celsitudinem

1887 771 2265 831 percontatus,
2290 762 2411 817 illos
2440 769 2544 822 est,
2581 761 2772 814 dicens
2799 779 2811 814 :
2834 760 3055 831 Cujates
3084 763 3239 824 estis,
3259 769 3314 814 et
3340 760 3478 829 quis.

1888 861 2081 907 auctor
2108 854 2268 907 vobis
2294 862 2396 914 est,
2432 868 2499 906 ne
2527 853 2734 906 cultum
2780 862 2874 906 aut
2927 852 3259 906 sacrificium
3297 851 3464 907 defe-

1888 941 2021 996 ratis
2056 942 2159 995 diis
2183 942 2533 997 cmlestibus?
2566 940 2667 997 Cui
2723 951 2943 996 sanctus
2971 942 3237 996 Leontius
3279 961 3293 996 :
3331 942 3466 995 Om-

1887 1045 1986 1084 nes
2018 1046 2119 1084 nos
2172 1030 2471 1086 Christiani
2526 1047 2738 1098 sumus,
2775 1043 2832 1087 et
2865 1048 2969 1086 nos
3012 1034 3234 1102 quidem
3270 1033 3464 1086 urbem

1887 1120 2028 1174 hanc
2051 1121 2364 1186 incolimus,
2387 1123 2463 1176 illi
2489 1138 2618 1176 vero
2637 1138 2666 1176 e
2698 1124 2939 1193 regione,
2966 1141 3086 1191 qua:
3107 1125 3229 1178 urbi
3251 1124 3461 1185 subest.

1887 1213 2252 1269 advenerunt.
2293 1214 2358 1267 Et
2391 1215 2564 1284 patria
2596 1214 2816 1284 quidem
2861 1219 3138 1272 terrestris
3179 1218 3342 1272 nobis
3375 1234 3464 1272 ea-

1886 1303 2008 1357 dem
2046 1312 2148 1369 est,
2184 1306 2344 1359 Pater
2388 1321 2518 1360 vero
2553 1307 2793 1361 cmlestis
2822 1306 3104 1373 Christus;
3153 1318 3317 1378 atque
3374 1310 3464 1364 hic

1885 1408 1988 1462 est,
2013 1399 2106 1467 qui
2137 1415 2236 1454 nos
2260 1399 2466 1463 docuit,
2498 1410 2554 1455 et
2582 1401 2857 1470 persuasit
2882 1404 3014 1457 deos
3040 1412 3221 1458 mutos
3267 1420 3328 1459 ac
3363 1419 3466 1458 cat--

1885 1505 1978 1544 cos
2007 1505 2116 1544 non
2150 1491 2353 1558 colere,
2382 1507 2486 1546 nec
2516 1508 2681 1563 opera
2740 1511 3000 1549 manuum
3035 1497 3322 1550 hominum
3358 1497 3462 1550 ad-

1885 1600 2061 1642 orare.

1961 1851 2221 1907 Ill.Dixit
2248 1854 2438 1925 Lysias
2476 1855 2747 1910 :Ubinam
2801 1863 2883 1908 est
2950 1855 3239 1910 Christus?
3288 1856 3463 1910 Num-

1886 1945 2017 2012 quid
2036 1949 2184 1999 cruci
2207 1946 2404 2000 affixus
2421 1956 2473 2001 ct
2491 1958 2739 2000 mortuus
2767 1947 2888 2001 est?
2911 1948 3011 2000 Cui
3035 1956 3258 2002 sanctus
3283 1949 3460 2002 Leon-

1886 2036 2033 2089 tius:
2075 2036 2192 2090 Non
2225 2038 2402 2092 solum
2433 2037 2560 2092 audi
2606 2047 2883 2091 mortuum
2911 2053 3050 2103 esse,
3114 2039 3210 2093 sed
3269 2056 3460 2094 resur-

1885 2127 2091 2181 rcxisse
2120 2129 2431 2194 considera,
2469 2139 2524 2183 et
2576 2131 2762 2184 vivere
2826 2130 2882 2182 in
2926 2131 3110 2194 cmlis;
3171 2131 3266 2183 sed
3311 2131 3458 2184 enim

1886 2231 2137 2274 mortuus
2160 2229 2243 2274 est
2278 2221 2459 2275 libens
2485 2229 2707 2289 propter
2740 2236 2859 2284 nos,
2885 2229 2939 2274 et
2987 2221 3186 2275 iterum
3216 2237 3462 2276 resurre-

1885 2311 1984 2374 xit,
2041 2322 2298 2381 tanquam
2346 2314 2614 2367 exsislens
2653 2313 2822 2366 Filius
2873 2313 2989 2367 Dei.
3037 2314 3182 2367 Dixit
3225 2315 3459 2385 Lysias:

1884 2404 2092 2472 Nempe
2120 2406 2286 2458 etiam
2321 2420 2468 2458 nunc
2498 2404 2674 2457 vivit?
2702 2405 2798 2458 Cui
2831 2413 3053 2459 sanctus
3091 2405 3353 2458 Leontius
3380 2405 3461 2460 :0

1885 2496 2066 2568 Lysia,
2095 2498 2168 2551 dii
2197 2496 2398 2558 vestri,
2427 2506 2716 2566 postquam
2769 2499 2972 2552 mortui
3011 2508 3162 2564 sunt,
3227 2515 3335 2551 non
3381 2499 3463 2552 vi-

1887 2598 2022 2641 vunt
2047 2605 2059 2652 ;
2088 2599 2141 2641 at
2169 2605 2299 2642 vero
2329 2591 2592 2642 Dominus
2623 2598 2810 2642 noster
2835 2605 2898 2642 ac
2923 2589 3089 2651 Deus,
3115 2590 3208 2658 qui
3235 2590 3461 2643 dextera

1885 2694 1981 2733 sua
2009 2681 2278 2749 gubernat
2312 2682 2519 2742 omnia,
2557 2681 2781 2746 caelum,
2815 2690 3041 2744 terrain,
3074 2697 3224 2734 mare
3253 2691 3306 2735 et
3355 2682 3461 2735 h0-

1885 2775 2062 2827 mines
2097 2789 2308 2836 omnes,
2336 2790 2434 2842 pro
2465 2774 2644 2836 nobis,
2712 2783 2963 2826 mortuus
2993 2784 3097 2836 est,
3156 2781 3210 2824 ut
3246 2789 3344 2826 nos
3393 2788 3461 2827 ex

1884 2861 2159 2915 idolorum
2190 2863 2337 2917 cultu
2371 2863 2703 2917 extraheret.
2760 2863 2904 2916 Vivit
2941 2863 3008 2926 is,
3057 2853 3320 2916 etdocuit
3361 2878 3462 2917 nos

1883 2969 1985 3024 pro
2014 2969 2072 3008 se
2104 2957 2265 3018 mori,
2295 2966 2354 3010 ut
2387 2956 2611 3018 mortui,
2660 2970 2782 3008 cum
2837 2955 2930 3007 illo
2992 2954 3256 3006 vivamus.
3317 2953 3461 3007 Dixit

1884 3043 2075 3115 Lysias
2118 3062 2132 3095 :
2177 3045 2370 3099 Nonne
2406 3045 2697 3099 duodecim
2728 3044 2803 3098 dii
2830 3046 3082 3100 caelestes
3120 3045 3281 3099 sunt?
3315 3045 3459 3111 Qua-

1886 3137 1995 3191 lem
2026 3153 2155 3207 ergo
2181 3149 2236 3190 tu
2256 3139 2424 3191 alium
2462 3138 2602 3191 dicis
2628 3137 2822 3204 Deum,
2864 3140 2954 3206 qui
2998 3137 3126 3190 fecit
3159 3138 3357 3191 malum
3407 3145 3463 3191 ct

1893 3239 2090 3282 terram
2126 3239 2182 3284 et
2213 3228 2399 3283 mare?
2436 3229 2668 3283 Sanctus
2703 3228 2967 3282 Leontius
3011 3229 3187 3282 dixit:
3226 3229 3462 3292 Quinam

1885 3321 1960 3373 dii
1995 3321 2156 3374 vestri
2183 3320 2353 3374 sunt?
2385 3320 2573 3388 Lysias
2601 3321 2770 3372 dixit:
2808 3323 3036 3388 insuper
3063 3331 3117 3374 et
3159 3321 3352 3389 Apollo
3406 3330 3464 3374 et

1882 3411 2252 3481 Esculapius,
2275 3411 2499 3480 aliique,
2519 3426 2658 3480 quos
2681 3410 2830 3464 orbis
2845 3411 2974 3464 colit
2994 3411 3304 3464 universus.
3327 3410 3463 3464 San-

1886 3515 2006 3559 ctus
2034 3506 2297 3559 Leontius
2329 3506 2467 3558 dixit
2504 3524 2515 3558 :
2545 3505 2760 3574 Jupiter
2786 3519 2918 3573 ergo
2953 3504 3098 3558 Dcus
3123 3505 3243 3557 est?
3273 3503 3462 3574 Lysias

1884 3599 2021 3650 dixit
2044 3615 2058 3651 ε
2085 3600 2226 3650 \‘ah!
2263 3599 2489 3661 insanis,
2518 3598 2682 3650 homo
2710 3598 3028 3664 blaspheme
3057 3615 3067 3649 :
3099 3599 3214 3664 ipse
3236 3607 3340 3658 est,
3367 3595 3460 3665 qui

1884 3690 2056 3745 ccelos
2083 3698 2250 3750 tenet,
2283 3689 2681 3757 hominumque
2715 3698 2867 3758 pater
2918 3698 2974 3743 et
3005 3689 3255 3743 deorum.
3322 3688 3461 3743 San-

1883 3795 2003 3837 ctus
2032 3784 2294 3838 Leontius
2314 3785 2487 3837 dixit:
2526 3783 2578 3836 Si
2604 3783 2770 3852 igitur
2794 3782 2930 3835 deus
2960 3793 3043 3836 est
3064 3781 3301 3851 Jupiter,
3332 3782 3459 3851 quia

1883 3876 2108 3928 omnino
2138 3876 2420 3943 fortis.cst,
2448 3875 2604 3928 vobis
2634 3874 3040 3935 defensoribus,
3074 3873 3293 3941 quando
3321 3874 3458 3939 inju-

1885 3969 1967 4021 ria
2001 3967 2241 4033 lzeditur,
2272 3983 2384 4021 non
2414 3969 2654 4036 indiget;
2691 3967 3113 4036 omninojustus
3138 3975 3222 4020 est
3251 3976 3306 4019 et
3332 3966 3459 4019 mali

1882 4076 2031 4125 osor,
2065 4077 2193 4115 osor
2221 4061 2621 4123 fornicationis,
2679 4076 2806 4115 osor
2853 4059 3131 4124 adulterii,
3185 4074 3315 4112 osor
3359 4060 3459 4113 obs

1884 4155 2169 4208 scenitatis
2205 4154 2475 4214 nefandae,
2531 4168 2660 4205 osor
2694 4154 2958 4214 incestus,
3000 4166 3127 4204 osor
3186 4153 3458 4205 bellorum

1882 4257 1938 4300 et
1959 4262 2150 4302 amans
2180 4247 2346 4315 pacis.
2382 4245 2597 4299 Etenim
2632 4244 2774 4298 Deus
2805 4245 3080 4312 perfectus
3113 4245 3185 4300 sit
3218 4255 3457 4313 oportet,

1882 4341 2255 4410 egestatisque
2310 4354 2374 4392 ac
2429 4338 2637 4407 peccati
2697 4353 2934 4406 expers:
3001 4353 3125 4390 nam
3166 4338 3210 4392 si
3271 4346 3458 4406 peccat

1885 4437 2020 4488 deus
2050 4442 2252 4496 vester,
2284 4441 2538 4501 peccator
2561 4440 2678 4495 est;
2704 4440 2757 4483 et
2805 4430 2915 4482 Deo
2942 4441 3064 4498 eget
3115 4431 3285 4486 altero
3335 4445 3461 4499 pce-

203 4517 548 4585 αμάρτητος.
598 4510 723 4563 Ἐὰν
774 4511 880 4578 γὰρ
927 4508 1149 4579 ἁμάρτῃ
1189 4511 1216 4560 6
1254 4510 1371 4570 θεὸς
1403 4509 1575 4577 ὑμῶν,
1625 4512 1775 4564 ὲστίν
1805 4529 1855 4586 D

1362 4527 1371 4569 ἰ
1403 4509 1575 4577 ὑμῶν,
1625 4512 1775 4564 ἐστὶν
1805 4529 1855 4586 D
1884 4541 2006 4580 care
2038 4525 2244 4587 nescio,
2285 4525 2350 4576 ad
2387 4522 2826 4577 emendationem
2856 4537 3032 4575 suam.

202 4606 552 4678 ἁμαρτωλὸς,
578 4604 668 4657 καὶ
696 4603 856 4658 ἄλλον
884 4600 1016 4654 Θεοῦ
1043 4601 1228 4670 χρείαν
1257 4601 1369 4672 ἔχει
1393 4601 1778 4671 ἀναμαρτήτου

202 4706 282 4763 εἰς
315 4699 601 4767 διόρθωσιν
632 4695 843 4748 ἑαυτοῦ.

273 4798 350 4846 Δ’.
382 4792 588 4852 Λυσίας
618 4783 770 4840 εἷπεν
793 4803 807 4816 ’
839 4787 908 4838 Σὺ
962 4781 1013 4837 εἷ
1041 4787 1067 4836 6
1099 4786 1337 4850 δικάζων
1372 4787 1441 4840 τὰ
1471 4787 1581 4841 τῶν
1617 4788 1778 4854 θεῶν,

201 4881 355 4952 κακὴ
383 4881 623 4948 κεφαλῆς
657 4878 746 4931 Mi:
781 4879 877 4945 τὴν
912 4876 1186 4946 σωτηρίαν
1217 4874 1324 4926 τῶν
1356 4875 1517 4943 θεῶν,
1558 4878 1652 4930 καὶ
1681 4879 1780 4948 τὴν

199 4976 369 5044 ἐμὴν,
396 4971 578 5032 κακῶς
611 4970 1058 5044 ἀπολέσω-ὑμᾶς.
1110 4970 1166 5021 ὐ
1215 4969 1370 5037 ἆγιος
1405 4970 1656 5033 Λεόντιος
1692 4971 1778 5022 λέ.

199 5041 329 5133 fu?
383 5064 474 5133 Μὴ
537 5041 834 5129 ἀγανάκτει
892 5063 989 5127 τὴν
1048 5060 1307 5130 ἀλήθειαν
1356 5063 1608 5115 ἀκούων·
1667 5065 1780 5126 τοῖς

199 5157 516 5225 ἀνθρώποις
543 5156 676 5208 πᾶσι
713 5154 865 5220 νόμοι
919 5155 1209 5217 τέθεινται,
1241 5156 1288 5207 οί
1325 5155 1422 5224 μὲν
1463 5154 1695 5221 λογικοὶ,
1730 5156 1779 5208 οἱ

199 5251 258 5302 δὲ
311 5250 555 5316 φυσικοὶ,
613 5249 688 5310 ὡς
738 5247 796 5299 οὐ
847 5246 951 5314 χρὴ
998 5245 1284 5316 ἄνθρωπον
1321 5247 1605 5315 ἀλλοτρίαν
1636 5246 1780 5316 ἔχειν

201 5343 462 5409 γυναῖκα,
492 5337 615 5390 οὔτε
639 5339 1056 5406 ἀδελφογαμεῖν,
1088 5338 1208 5390 οὔτε
1235 5338 1505 5407 πολέμους
1536 5341 1779 5409 ἀγαπᾷν,

202 5436 300 5488 καὶ
335 5435 610 5503 προξενεῖν
640 5432 860 5500 ὄλεθρον
894 5435 1004 5494 τοῖς
1032 5431 1366 5498 ἀνθρώποις.
1397 5433 1564 5500 Εἴπερ
1600 5433 1780 5499 σωτῆο

206 5541 309 5596 ρας
357 5526 552 5583 αὐτοὺς
595 5522 808 5581 καλεῖς,
840 5521 1070 5588 ῶφειλον
1096 5523 1296 5587 μᾶλλον
1330 5525 1392 5571 ἐκ
1422 5524 1515 5590 τῆς
1555 5524 1777 5590 εἰρήνης

203 5616 425 5677 σώζειν,
471 5617 563 5663 καὶ
596 5613 1000 5678 περιποιεῖσθαι
1031 5615 1153 5672 τοὺς
1185 5613 1528 5678 σεΰομένους.
1570 5614 1627 5661 Ei
1652 5613 1704 5662 δὲ
1750 5615 1775 5663 6

200 5708 326 5764 θεὸς
379 5704 532 5769 ὑμῶν
572 5702 794 5752 τοιαῦτα
842 5701 1252 5768 διαπράττεται,
1288 5702 1379 5749 καὶ
1405 5701 1530 5756 τοὺς
1568 5701 1775 5765 ἀνθρώ-

200 5810 336 5853 πους
369 5793 613 5846 πεισάτω
639 5791 798 5841 λῦσαι
828 5792 951 5848 τοὺς
987 5791 1181 5855 νόμους
1209 5806 1221 5818 ·
1253 5790 1283 5856 ἢ
1314 5792 1404 5839 καὶ
1444 5789 1518 5847 ὡς
1561 5787 1765 5855 ἄνθρω-

1952 4791 2038 4846 ιν.
2077 4791 2262 4862 Lysias
2289 4790 2424 4843 dixit
2459 4789 2579 4843 :Tu
2629 4804 2848 4843 causam
2899 4788 3045 4846 'dicis
3094 4805 3287 4846 eorum
3335 4808 3457 4862 quae

1883 4883 1948 4937 ad
1985 4884 2118 4938 deos
2145 4883 2399 4944 attinent,
2461 4882 2661 4934 malum
2726 4879 2933 4950 caput?
2966 4882 3066 4936 Per
3121 4883 3352 4937 deorum
3401 4897 3457 4939 et

1882 4991 2060 5029 meam
2095 4975 2350 5038 salutem,
2394 4974 2532 5026 male
2563 4988 2657 5027 vos
2693 4975 2936 5042 perdam.
2994 4973 3225 5029 Sanctus
3276 4975 3456 5031 Leon-

1884 5069 1994 5123 tius
2021 5068 2156 5124 dicit
2194 5088 2207 5124 :
2237 5071 2313 5124 Ne
2337 5069 2554 5137 indigne
2594 5068 2740 5122 feras
2781 5069 2971 5123 audire
3001 5069 3313 5126 veritatem.
3349 5072 3457 5126 lio-

1884 5159 2128 5214 minibus
2163 5161 2419 5214 omnibus
2457 5170 2562 5213 tam
2590 5160 2728 5212 ratio
2781 5175 2943 5228 quam
2977 5169 3171 5214 natura
3204 5164 3453 5228 praescri-

1883 5252 1989 5320 psit
2010 5252 2180 5321 legcs,
2212 5267 2322 5305 non
2354 5266 2475 5305 esse
2503 5267 2621 5320 par,
2673 5259 2732 5304 ut
2777 5250 2942 5305 homo
2998 5252 3229 5305 alienam
3259 5253 3456 5308 habeat

1883 5359 2135 5409 uxorem,
2169 5354 2338 5412 utque
2369 5345 2678 5398 committat
2712 5344 3007 5406 incestum,
3035 5353 3127 5398 aut
3152 5344 3290 5400 bella
3325 5347 3454 5401 dili-

1881 5442 1991 5501 gat,
2014 5441 2107 5486 aut
2132 5433 2449 5486 [nominibus
2481 5431 2778 5498 perniciem
2811 5432 3031 5486 inferat.
3078 5431 3134 5486 Si
3166 5449 3261 5487 eos
3295 5448 3456 5490 vocas

1880 5526 2260 5591 sospitatores,
2291 5524 2560 5576 deberent
2587 5525 2770 5590 potius
2794 5539 2858 5575 ex
2893 5540 3021 5591 pace
3053 5539 3270 5576 servare
3296 5535 3351 5576 et
3384 5527 3452 5578 de

1879 5615 2184 5666 cultoribus
2207 5616 2321 5666 suis
2354 5615 2490 5665 bene
2523 5613 2741 5665 mereri.
2773 5613 2826 5665 Si
2851 5615 2986 5665 deus
3013 5622 3193 5666 vester
3225 5616 3324 5665 ista
3358 5613 3447 5665 fa-

1877 5706 1971 5764 cit,
2032 5705 2262 5755 suadeat
2304 5703 2622 5753 hominibus
2670 5704 2881 5754 solvere
2939 5703 3114 5768 leges;
3159 5703 3240 5753 vel
3297 5702 3441 5754 sicut

1875 5791 2056 5852 homo,
2094 5792 2226 5841 deus
2255 5801 2432 5841 vester
2466 5799 2604 5858 agat,
2644 5800 2696 5841 et
2729 5790 2974 5842 homines
3007 5790 3269 5841 imitetur.
3299 5790 3430 5841 Nam
