4230 6436
204 427 310 487 333

1137 419 1607 480 MARTYRIUM
1650 418 1756 478 SS.
1804 419 1948 477 XLV
1987 415 2440 479 MABTYRUM.

3327 419 3427 483 334

192 552 283 594 σα.
312 535 405 587 καὶ
438 532 514 603 μὴ
544 532 741 603 ἔχουσα
770 535 966 602 ἑαυτῆς
992 533 1265 599 ἐξουσίαν,
1294 532 1467 594 οὕτως
1496 536 1561 601 τῇ
1591 531 1765 601 μεγά-
1794 538 1835 594 Α

1764 562 1765 568 ι
1794 538 1835 594 Α
1866 549 1985 602 quae
2009 549 2114 587 non
2154 534 2391 588 habebat
2421 540 2747 604 potestatem
2774 536 2856 589 sui
2893 535 3086 605 ipsius,
3110 548 3216 592 tam
3243 552 3434 609 magna

192 624 257 690 λῇ
308 624 553 691 ὑπομονῇ
618 624 919 692 κατῄσχυνε
952 622 1042 673 τὸν
1075 623 1360 691 τύραννον.
1398 622 1462 673 Τί
1506 621 1571 673 ἂν
1604 622 1768 673 εἴποι-

194 732 295 785 μεν
328 717 531 784 ὴμεῖς;
569 716 599 785 ἢ
637 717 769 769 ποία
804 713 1095 784 ὑπέρθεσις
1131 715 1283 765 ἔσται
1338 713 1433 767 τοῦ
1469 713 1544 782 μὴ
1575 714 1770 767 ἀποθα-

192 812 302 861 νεῖν
344 811 482 878 ὑπὲρ
519 809 611 862 τοῦ
647 808 851 877 Κυρίου
888 806 1045 875 ἡμῶν
1087 806 1256 877 Ἰησοῦ
1298 807 1572 877 Χριστοῦ;
1616 807 1767 859 Μετὰ

194 904 305 972 γὰρ
348 902 447 972 τὴν
488 902 773 954 τελείωσιν
816 900 970 966 ἡμῶν
1034 900 1090 952 αἱ
1134 900 1233 971 μὲν
1266 900 1434 969 ψυχαὶ
1475 901 1630 969 ἡμῶν
1670 899 1770 951 ὑπὸ

193 996 369 1062 ἁγίων
408 995 657 1061 ἀγγέλων
693 990 1145 1061 δορυφοροῦνται,
1185 992 1277 1043 καὶ
1320 994 1378 1043 ἐν
1409 994 1474 1060 τῇ
1522 991 1770 1060 βασιλείᾳ

192 1086 303 1137 τῶν
357 1085 605 1154 οὐρανῶν
661 1086 916 1150 στέφανοι
966 1085 1059 1135 καὶ
1114 1085 1271 1149 τιμαὶ
1325 1084 1570 1134 ἔσονται⁶
1608 1083 1677 1133 τὰ
1715 1082 1770 1134 δὲ

194 1178 426 1245 λείψανα
482 1176 642 1243 ἡμῶν
692 1174 832 1242 μετὰ
883 1176 1056 1243 χαρᾶς
1106 1176 1198 1227 καὶ
1222 1174 1380 1242 δόξης
1413 1174 1552 1225 κατὰ
1588 1174 1771 1225 πᾶσαν

196 1269 296 1336 τὴν
340 1268 669 1336 οἰκουμένην
728 1266 1128 1331 ἐκπέμπονται.
1192 1264 1300 1315 Καὶ
1346 1264 1523 1316 ταῦτα
1574 1262 1766 1324 είπὼν,

195 1361 411 1419 πάντας
447 1354 1041 1427 παρεθάρρυνεν,ώστε
1079 1355 1173 1406 καὶ
1206 1355 1403 1410 αὐτοὺς
1434 1355 1631 1406 είπείν.
1666 1353 1771 1406 Τοῦ

194 1452 410 1517 Κυρίου
466 1450 526 1502 τὸ
580 1450 790 1519 θέλημα
839 1448 1101 1516 γενέσθω.
1169 1448 1465 1509 Καύσωνος
1513 1446 1568 1498 δὲ
1622 1445 1773 1508 ὄντος

190 1542 685 1612 ἀφορήτου,ηνίκα
740 1540 911 1593 ταῦτα
963 1543 1082 1601 τοῖς
1131 1540 1307 1606 ἁγίοις
1338 1539 1643 1599 συνέϐαινε,
1679 1537 1775 1589 καὶ

194 1633 579 1702 ἐκκαιομένων
625 1633 803 1684 αὐτῶν
851 1634 913 1701 τῇ
958 1630 1108 1700 δίψῃ,
1136 1631 1230 1681 καὶ
1271 1628 1630 1696 κωλυομένων
1665 1627 1773 1677 τῶν

192 1725 415 1777 οίκείων
447 1722 723 1776 ἐπιδοῦναι
772 1725 953 1786 αὐτοῖς
993 1724 1177 1792 ἄρτον,
1230 1722 1262 1791 ἢ
1302 1720 1468 1789 ὕδωρ,
1512 1721 1649 1789 γυνή
1690 1735 1774 1779 τις

194 1816 462 1886 θεοσεὸὴς
500 1818 724 1885 ὀνόματι
760 1817 1027 1885 Βασιανὴ,
1055 1814 1404 1883 εὐσχημόνως
1433 1810 1771 1881 ἐνδυσαμένη

1872 625 2135 694 patientia
2172 634 2461 695 tyrannum
2495 626 2827 680 confuderit.
2860 627 2998 692 Quid
3033 644 3164 699 ergo
3194 644 3296 684 nos
3355 631 3442 685 di-

1873 719 2096 772 cemus?
2118 728 2211 771 aut
2246 718 2423 788 qualis
2448 719 2637 775 dilatio
2658 720 2764 773 erit
2788 736 2897 773 non
2922 721 3060 774 mori
3089 737 3184 791 pro
3206 722 3440 777 Domino

1875 823 2063 865 nostro
2092 812 2220 865 Jesu
2261 812 2519 867 Christo?
2551 812 2684 865 Nam
2717 822 2839 881 post
2886 822 3117 867 mortem
3171 824 3440 877 nostram,

1874 905 2071 957 animae
2106 914 2308 958 nostrae
2337 913 2650 958 sanctorum
2692 906 3009 974 angelorum
3051 906 3309 960 satellitio
3343 908 3442 961 sti-

1874 997 2185 1064 pabuntur;
2217 996 2350 1049 etin
2388 1011 2557 1065 regno
2583 996 2846 1049 cmlorum
2886 1012 3105 1051 coronae
3132 1007 3185 1051 et
3210 998 3445 1051 honores

1872 1097 2073 1141 erunt:
2108 1088 2353 1156 reliquis:
2386 1097 2567 1139 autem
2594 1098 2794 1145 nostra:
2816 1104 2938 1142 cum
2990 1089 3188 1157 gaudio
3238 1100 3296 1143 et
3344 1090 3448 1143 ho-

1874 1193 2010 1231 nore
2034 1194 2131 1246 per
2153 1180 2469 1232 universum
2496 1178 2686 1231 orbem
2716 1180 3185 1233 transmittentur.
3211 1178 3336 1235 Ηαιο
3367 1181 3447 1233 la-

1875 1276 1989 1329 tus,
2048 1268 2542 1321 omnibusanimos
2573 1268 2807 1331 addidit,
2867 1269 3004 1325 adeo
3034 1278 3091 1323 ut
3154 1271 3253 1339 ipsi
3307 1285 3449 1338 quo~

1876 1377 1983 1431 que
2024 1361 2272 1415 dicerent
2302 1378 2314 1413 :
2348 1362 2562 1415 Domini
2597 1362 2849 1416 voluntas
2899 1362 3015 1415 ﬁat.
3070 1363 3207 1417 Cum
3266 1372 3448 1418 autem

1876 1469 1987 1522 quo
2029 1463 2271 1523 tempore
2304 1454 2419 1507 haec
2451 1455 2778 1509 eveniebant
2825 1455 3048 1519 sanctis,
3100 1465 3267 1511 aestus
3306 1469 3452 1511 esset

1879 1545 2264 1609 intolerabilis,
2294 1555 2348 1598 et
2389 1562 2497 1614 prae
2532 1547 2619 1600 siti
2649 1557 3051 1611 exurerentur;
3089 1563 3323 1617 cumque
3369 1548 3453 1602 in-

1876 1652 2043 1706 super
2071 1637 2429 1691 interdictum
2454 1638 2772 1691 domesticis
2805 1648 2952 1692 esset
2979 1638 3225 1706 prabere
3250 1638 3330 1691 eis
3359 1651 3456 1706 pa-

1877 1742 2003 1781 nem
2037 1735 2133 1780 aut
2168 1742 2387 1795 aquam,
2422 1727 2617 1779 mulier
2648 1726 2894 1795 quzedarn
2929 1728 3035 1793 pia,
3080 1728 3304 1781 nomine
3350 1727 3454 1780 Ba-

1880 1821 2055 1881 siana,
2079 1819 2336 1873 muliebri
2362 1821 2563 1873 amictu
2620 1818 2821 1873 decore
2852 1819 3062 1882 induta,
3096 1819 3325 1873 maforio
3375 1820 3454 1889 t5)

195 1908 299 1979 τὴν
348 1910 663 1976 γυναικείαν
719 1909 933 1979 στολὴν,
974 1908 1069 1961 καὶ
1118 1908 1384 1976 μαφὸριον
1439 1904 1778 1973 πλατύτερον
1814 1902 1851 1963 Β

1814 1902 1851 1963 Β
1882 1916 2099 1975 latiore,
2164 1928 2327 1982 quam
2391 1912 2620 1976 solebat,
2665 1911 3025 1975 circumdata,
3063 1913 3273 1979 poculis
3302 1925 3456 1979 aqua:

199 2003 300 2069 τῆς
332 2000 619 2071 συνηθείας
647 2001 1104 2071 περιϐαλλομένη,
1143 1999 1397 2059 κώθωνας
1430 1997 1619 2059 ὓδατος
1644 1996 1778 2064 πλή-

201 2112 321 2163 ρεις
356 2094 757 2164 διαζωσαμὲνη,
814 2094 908 2147 xui.
960 2093 1034 2154 ώς
1068 2090 1407 2158 ἐπισκέψεως
1450 2089 1611 2156 χάριν
1640 2090 1773 2139 ἁνυ-

200 2190 429 2248 πόπτως
455 2188 587 2256 πρὸς
612 2187 804 2247 αὐτοὺς
829 2183 1277 2253 είσπορευομένη,
1301 2180 1547 2243 ἐπότιζεν
1576 2180 1774 2240 αὐτοὺς

200 2280 594 2341 λανθανόντως.

1883 2006 2060 2075 plenis
2086 2007 2263 2058 cincta
2297 2013 2350 2058 et
2381 2015 2635 2072 tanquam
2669 2004 2878 2058 visendi
2906 2004 3077 2073 gratia
3106 2003 3225 2057 sine
3277 2001 3458 2070 su5pi-

1884 2100 2041 2152 cione
2076 2097 2142 2150 ad
2174 2111 2268 2151 eos
2296 2096 2562 2166 profecta,
2590 2096 2727 2149 clam
2762 2095 2896 2163 ipsis
2922 2107 3109 2163 potum
3140 2094 3311 2149 dedit.

1648 2425 1875 2483 CAPUT
1917 2426 2008 2480 lll.

641 2552 827 2609 Sancti
866 2555 1067 2622 {rustra
1111 2552 1184 2604 ad
1227 2550 1428 2622 cultum
1478 2548 1695 2622 deorum
1733 2548 2063 2622 incitantur;
2196 2542 2320 2598 deos
2354 2553 2403 2597 et
2450 2553 2738 2614 tyrannum
2767 2545 3029 2596 invehitur

1140 2632 1358 2675 sanctus
1392 2619 1671 2683 Leontius;
1717 2620 1859 2672 clam
1916 2635 1948 2670 a
1990 2618 2208 2670 muliere
2248 2623 2523 2685 petantur.

282 2754 388 2811 IB'.
438 2749 1005 2820 Διανυκτερεύσαντες
1062 2749 1118 2801 δὲ
1170 2749 1226 2800 ἐν
1275 2747 1353 2816 τῷ
1410 2748 1591 2799 σκότει
1644 2739 1785 2814 ἦσαν

208 2845 635 2917 ἀγαλλιώμενοι,
669 2844 744 2906 ώς
772 2845 827 2895 ἐν
860 2843 1065 2913 ἡμέρᾳ,
1094 2842 1187 2893 καὶ
1221 2839 1448 2907 ἔψαλλον
1477 2838 1614 2907 ὁμοῦ
1648 2839 1788 2890 πάν-

210 2957 303 3003 τες
327 2940 593 3005 λέγοντες·
615 2954 633 2987 ι
662 2933 874 2999 Ἐξελοῦ
898 2951 961 3003 με
986 2936 1051 2984 ἐκ
1074 2932 1181 2983 τῶν
1200 2931 1409 3000 ἐχθρῶν
1439 2946 1562 3000 μου,
1581 2929 1609 2980 ὁ
1632 2929 1784 2991 Θεὸς,

212 3034 309 3084 καὶ
373 3033 437 3081 ἐκ
481 3031 588 3080 τῶν
620 3027 1075 3095 ἐπανισταμένων
1107 3024 1193 3076 ἐπ’
1223 3024 1323 3092 ἐμὲ
1367 3021 1638 3093 λύτρωσαί
1687 3034 1785 3090 με·

215 3122 379 3192 ῥῦσαί
412 3138 476 3185 με
514 3122 578 3171 ὲκ
608 3118 718 3169 τῶν
749 3117 1137 3187 ἐργαζομένων
1182 3117 1279 3185 τὴν
1311 3117 1566 3185 ἀνομίαν,
1599 3116 1694 3167 καὶ
1726 3114 1787 3177 ἐξ

208 3213 423 3283 ἀνδρῶν
471 3212 717 3281 αἱμάτων
754 3210 925 3262 σῶσόν
970 3226 1057 3277 με,
1088 3227 1104 3257 ι
1147 3210 1241 3259 καὶ
1297 3209 1364 3259 τὰ
1392 3208 1537 3273 ἑξῆς.
1572 3209 1635 3259 Oi
1681 3207 1788 3278 γὰρ

212 3308 463 3359 πλεῖστοι
487 3306 663 3361 αὐτῶν
693 3305 892 3375 νεαρᾶς
914 3302 1129 3375 ἡλικίας
1165 3296 1303 3374 ἦσαν
1337 3299 1788 3373 ἐκμεμαθηκότες

210 3402 342 3463 τοὺς
372 3402 642 3469 ψαλμούς.
680 3399 794 3452 Καὶ
829 3398 1150 3456 τελέσαντες
1190 3396 1290 3462 τὴν
1337 3393 1657 3461 νυκτερινὴν
1701 3392 1791 3441 εὑο

212 3498 339 3566 χὴν,
374 3493 641 3558 ἐκάθηντο
690 3492 1033 3560 ἐκδεχόμενοι
1061 3489 1156 3557 τὴν
1187 3487 1337 3557 παρὰ
1367 3485 1460 3537 τοῦ
1494 3482 1629 3537 Θεοῦ
1667 3483 1790 3553 βοή⁶

210 3590 393 3641 θειαν,
456 3584 517 3635 Ὀ
569 3584 624 3634 δὲ
679 3583 838 3643 δοῦξ,
876 3585 932 3632 ὲν
986 3581 1228 3648 φροντίδι
1286 3580 1596 3644 γενόμενος,
1661 3576 1791 3645 ποίᾳ

218 3676 463 3747 τιμωρία
518 3673 736 3727 κολάσει
781 3673 908 3734 τοὺς
957 3671 1167 3737 ἁγίους,
1202 3670 1405 3729 ἄϋπνος
1433 3670 1659 3721 διετέλει
1693 3670 1793 3737 τὴν

212 3770 415 3824 νύκτα.
469 3769 601 3836 Περὶ
646 3766 703 3818 δὲ
760 3767 851 3819 τὴν
884 3763 1079 3833 ὄρθρον
1132 3760 1559 3829 ἁφυπνώσαντος
1601 3760 1791 3825 αὐτοῦ,

216 3865 472 3933 παρέστη
517 3862 665 3927 αὐτῷ
709 3862 736 3913 ὁ
773 3861 1036 3921 Σατανᾶς,
1071 3860 1281 3924 λέγων’
1328 3857 1630 3924 Ἀνδρίζου,
1678 3856 1789 3908 Λν-

219 3958 353 4011 σία“
412 3952 523 4020 ἐγὼ
576 3954 683 4020 γάρ
738 3954 849 4021 εἰμι
907 3955 935 4003 ό
998 3952 1345 4021 Ἀσκληπιὸς,
1411 3953 1491 4013 εἰς
1546 3951 1603 4002 ὃν
1665 3949 1792 4017 χθὲς

217 4048 440 4116 ὤμνυες
465 4060 477 4073 ·
514 4045 651 4097 ἀλλὰ
698 4044 937 4107 ἀναστὰς
970 4044 1282 4113 τιμώρησον
1323 4044 1445 4105 τοὺς
1477 4042 1795 4113 ἀνθρώπους

218 4140 483 4202 τούτους·
517 4137 663 4201 ἅπαξ
729 4140 836 4207 γὰρ
895 4139 1387 4208 βλασφημήσαντες
1437 4139 1530 4189 καὶ
1577 4135 1797 4204 ἐνυϐρίο

222 4249 420 4295 σαντες
470 4229 571 4284 οῦκ
609 4232 746 4282 είσιν
774 4229 912 4293 ἄξιοι
954 4231 1051 4298 τῆς
1084 4230 1354 4297 ἡμετέρας
1390 4228 1643 4296 θεότητος
1667 4244 1682 4258 .
1712 4227 1796 4291 ξέ,

223 4345 321 4382 σον
350 4324 443 4380 οῦν
465 4324 689 4385 αὐτούς’
719 4319 835 4374 οἰδα
878 4321 987 4391 γὰρ
1026 4322 1125 4390 τὴν
1174 4321 1425 4373 ἔνστασιν
1472 4320 1674 4386 αὐτῶν,
1716 4320 1797 4372 ὅτι

218 4418 347 4470 οὔτε
381 4417 599 4469 θύουσιν
626 4417 777 4485 ἡμῖν,
811 4412 933 4466 οὕτε
979 4412 1375 4483 προσκυνοῦσιν
1400 4427 1414 4441 ο
1477 4410 1650 4463 πολλὰ
1690 4411 1798 4478 γὰρ

1955 2741 2070 2796 XII.
2100 2742 2237 2796 Dum
2273 2757 2405 2796 vero
2444 2749 2853 2812 pernoctarent,
2882 2741 2936 2795 in
2972 2743 3214 2799 tenebris
3234 2752 3343 2799 tam
3366 2761 3461 2801 ex-

1886 2837 2165 2892 sultabant
2200 2852 2364 2905 quam
2406 2836 2459 2888 in
2487 2837 2628 2899 luce,
2660 2835 3061 2904 cantabantque
3095 2853 3201 2891 una
3232 2854 3456 2893 omnes:

1894 2948 1911 2979 ι
1948 2929 2109 2996 Eripe
2144 2945 2229 2983 me
2255 2929 2321 2982 de
2350 2928 2610 2989 inimicis,
2646 2928 2788 2980 Deus
2835 2943 3010 2991 meus,
3048 2936 3102 2983 et
3154 2930 3221 2984 ab
3273 2932 3461 2986 insur-

1886 3021 2143 3091 gentibus
2173 3024 2224 3072 in
2261 3035 2345 3072 me
2376 3020 2582 3073 redime
2609 3033 2716 3072 me.
2752 3018 2947 3074 Libera
2999 3037 3083 3075 me
3115 3024 3183 3076 ab
3226 3038 3462 3093 Operan-

1895 3112 2043 3165 tibus
2062 3112 2429 3181 iniquitatem,
2463 3111 2601 3165 etde
2624 3112 2756 3165 viris
2774 3114 3099 3182 sanguinum
3115 3116 3263 3170 salva
3279 3132 3364 3173 me
3381 3118 3456 3181 ⁸,»

1894 3216 1999 3260 etc.
2025 3206 2239 3274 Quippe
2276 3206 2497 3274 plurimi
2535 3205 2752 3258 illorum
2779 3208 2847 3259 ab
2884 3208 3109 3262 ineunte
3132 3220 3290 3263 actate
3317 3212 3464 3280 psal—

1894 3312 2014 3355 mos
2072 3298 2497 3369 perdidicerant.
2544 3295 2838 3356 Nocturnis
2892 3301 3148 3373 precibus
3197 3302 3464 3361 absolutis

1895 3392 2182 3453 sedebant,
2234 3405 2616 3461 exspectantes
2666 3411 2695 3448 a
2749 3395 2857 3448 Deo
2912 3398 3199 3450 auxilium.
3240 3399 3460 3461 Atdux,

1895 3498 2024 3536 cura
2056 3482 2342 3537 confectus
2396 3499 2634 3553 quonam
2665 3482 2931 3555 supplicio
2954 3495 3173 3544 sanctos
3202 3488 3461 3550 alliceret.

1897 3585 2113 3627 noctem
2146 3575 2476 3645 transigebat
2506 3576 2791 3631 insomnis.
2817 3578 2922 3632 Sed
2955 3581 3045 3633 ubi
3079 3581 3182 3635 sub
3212 3598 3465 3636 auroram

1896 3669 2345 3731 obdormivisset,
2398 3666 2610 3723 adstitit
2674 3669 2807 3738 ipsis
2854 3671 3107 3741 Satanas,
3172 3690 3235 3729 ac
3298 3676 3463 3731 dixit:

1898 3757 2067 3811 Macte
2120 3759 2337 3820 animis,
2409 3759 2607 3828 Lysia:
2665 3776 2767 3832 ego
2824 3778 3062 3833 namque
3118 3765 3465 3838 Esculapius

1898 3865 2042 3909 sum.
2072 3865 2170 3917 per
2198 3865 2361 3919 quem
2406 3849 2663 3905 hesterno
2710 3853 2797 3906 die
2847 3856 3069 3924 jurasti,
3119 3869 3367 3913 atstrato
3414 3869 3467 3912 te

1897 3942 2141 4010 proripe,
2172 3952 2227 3995 et
2257 3943 2377 3996 illos
2402 3943 2653 3998 homines
2692 3945 2899 4013 plecte:
2958 3963 3081 4000 nam
3131 3950 3298 4003 semel
3351 3951 3469 4005 bla-

1899 4035 2168 4105 sphemiis
2196 4034 2496 4105 etinjuriis
2549 4037 2631 4088 usi
2680 4038 2967 4093 divinitate
3016 4055 3203 4094 nosua
3259 4043 3467 4113 indigni

1900 4139 2049 4184 sunt.
2077 4129 2237 4184 Proin
2267 4128 2412 4182 caede
2467 4128 2623 4190 illos;
2688 4129 2802 4183 scio
2864 4130 3063 4198 quippe
3105 4134 3469 4199 pervicaciam

1902 4222 2165 4290 ipsorum,
2200 4219 2346 4287 quod
2383 4234 2481 4272 nec
2506 4220 2666 4272 nobis
2689 4222 2800 4275 sint
2823 4220 3205 4287 sacriﬁcaturi,
3230 4239 3330 4279 nec
3354 4226 3474 4280 cul-

1902 4322 2016 4367 tum
2058 4311 2313 4374 delatori,
2339 4327 2461 4364 nam
2482 4310 2653 4363 multa
2684 4312 2970 4365 adversum
3017 4328 3102 4367 me
3133 4316 3392 4369 dixerunt
3417 4317 3471 4371 in

1903 4422 2145 4461 carcere.
2175 4405 2293 4460 Mox
2320 4420 2449 4473 ergo
2476 4406 2753 4460 enrifracta
2788 4406 3026 4475 ipsorum
3069 4422 3191 4462 ossa
3240 4408 3472 4467 ﬂammis

220 4505 413 4569 ἐλεγον
460 4502 578 4553 κατ’
611 4503 745 4569 ἐμοῦ
780 4504 835 4553 ἐν
865 4505 931 4571 τῇ
969 4503 1211 4570 φυλακῇ.
1244 4501 1417 4562 Εὐθὺς
1443 4500 1559 4564 οῦν,
1588 4500 1793 4562 κλάσας
1828 4497 1870 4550 D

1828 4497 1870 4550 D
1900 4499 2185 4559 combure.
2216 4497 2515 4551 etlluvium
2542 4496 2739 4566 Lycum
2768 4497 3005 4565 inquire,
3027 4507 3083 4553 et
3114 4499 3187 4552 ibi
3211 4500 3325 4554 haec
3356 4501 3472 4557 dis-

221 4595 407 4648 αὐτῶν
434 4596 502 4648 τὰ
540 4595 694 4661 ὀστᾶ,
731 4595 936 4647 καῦσον
973 4596 1110 4647 αὐτὰ
1145 4596 1298 4663 πυρὶ,
1333 4597 1428 4647 καὶ
1469 4595 1797 4663 ἐπιζήτησον

221 4689 319 4743 τὸν
358 4686 537 4741 Λύκον
571 4686 838 4755 ποταμὸν,
891 4686 984 4739 καὶ
1032 4687 1147 4739 ἐκεῖ
1184 4686 1325 4739 αὐτὰ
1365 4685 1665 4739 ἀπόλεσον’
1709 4700 1803 4750 φο-

221 4782 431 4851 ϐοῦμαι
458 4782 567 4850 γὰρ
597 4782 669 4850 μή
704 4798 841 4844 πως,
874 4781 968 4833 ἐὰν
996 4779 1229 4850 εὕρωσιν
1262 4781 1403 4832 αὐτὰ
1440 4779 1487 4831 οί
1533 4778 1801 4848 Χριστια-

220 4878 328 4938 νοὶ,
369 4875 829 4944 οἰκοδομήσαντες
873 4880 1055 4937 οἱκους
1111 4872 1381 4942 μεγάλους
1435 4873 1525 4923 καὶ
1563 4888 1798 4941 περιφα-

222 4968 359 5029 νεῖς,
405 4966 522 5016 ἐκεῖ
548 4965 744 5028 αὐτοὺς
778 4964 1173 5034 κατορύξωσιν,
1219 4964 1505 5023 κάκείνους
1547 4961 1798 5023 σέσοντες

224 5062 323 5114 καὶ
355 5055 643 5127 τιμῶντες,
684 5059 780 5126 ἐμὲ
813 5055 1274 5121 ἐξουθενίσουσιν’
1314 5053 1516 5124 σπουδῇ
1562 5049 1655 5107 οῦν
1699 5055 1802 5106 ἀπ-

221 5154 415 5206 όλεσον
436 5148 652 5210 αὐτούς.

298 5242 403 5297 ΙΓ’.
448 5238 712 5303 Ἀναστὰς
752 5234 846 5290 οῦν
882 5241 909 5289 ὀ
955 5237 1083 5303 δοῖδξ
1116 5238 1174 5290 τὸ
1205 5235 1349 5306 πρωϊ
1401 5236 1537 5305 μετὰ
1572 5236 1807 5305 σπουδῆς

224 5334 434 5401 πολλῆς
485 5336 579 5385 καὶ
631 5332 954 5400 φαντασίας,
1000 5332 1094 5384 καὶ
1137 5329 1378 5402 πλήθους
1429 5328 1805 5397 στρατιωτῶν,

223 5432 323 5481 καὶ
360 5426 600 5493 ἐξελθὼν
638 5425 742 5489 ἔξω
768 5426 869 5493 τῆς
902 5425 1109 5487 πόλεως
1148 5424 1225 5487 ώς
1259 5424 1367 5477 ἀπὸ
1408 5422 1671 5493 βημάτων
1707 5416 1803 5491 ρν¹,

226 5524 325 5575 καὶ
362 5520 541 5587 εὑρὼν
571 5522 735 5574 τόπον
780 5520 1134 5589 ὑψηλότερον,
1178 5517 1412 5580 καθίσας
1454 5519 1546 5570 ἐπὶ
1579 5515 1670 5567 τοῦ
1706 5515 1802 5584 βή-

269 5685 290 5717 ⁸
328 5684 472 5739 Psal.
514 5698 667 5747 um,
723 5682 866 5752 ΜΞ,
908 5682 963 5738 5.

1904 4591 2094 4659 perde.
2135 4590 2202 4644 At
2236 4589 2383 4644 enim
2412 4603 2625 4649 vereor,
2653 4604 2743 4651 ne,
2778 4587 2821 4641 si
2843 4586 3138 4645 Christiani
3170 4592 3470 4657 inveniant,

1906 4684 1999 4755 qui
2035 4683 2229 4737 domos
2254 4697 2473 4751 magnas
2506 4680 2849 4734 azdificarunt
2880 4691 2933 4734 et
2960 4683 3224 4746 illustres,
3269 4684 3474 4738 ibidem

1906 4790 2002 4829 cos
2032 4774 2337 4838 defodiam,
2372 4774 2606 4844 illosque
2660 4776 2971 4829 reverentia
2998 4785 3054 4831 et
3091 4775 3299 4831 bonore
3354 4793 3477 4847 per-

1907 4880 2203 4939 sequentes
2237 4884 2320 4922 me
2350 4868 2705 4936 pessumdent
2733 4884 2746 4919 :
2773 4867 2943 4935 perde
2976 4868 3157 4937 itaque
3183 4870 3330 4937 ipsos
3357 4872 3477 4925 sine

1912 4978 2084 5015 mora.

1978 5229 2116 5285 Xlll.
2168 5229 2285 5282 Dux
2334 5224 2515 5293 itaque
2566 5237 2688 5277 cum
2722 5237 2879 5277 mane
2924 5223 3253 5278 surrexisset
3308 5223 3478 5277 multa

1906 5339 2031 5379 cum
2103 5319 2478 5379 festinatione,
2557 5316 2789 5371 visionis
2848 5314 3084 5385 imagine
3122 5329 3187 5369 ac
3238 5314 3475 5371 militum

1910 5415 2285 5479 multitudine,
2318 5425 2483 5484 atque
2502 5426 2758 5483 egressus
2807 5415 2954 5464 esset
3007 5415 3154 5462 extra
3199 5407 3476 5460 civitatem

1910 5511 2063 5579 quasi
2092 5504 2159 5562 ad
2208 5508 2442 5577 spatium
2467 5520 2723 5576 passuum
2752 5510 2973 5557 centum
3004 5510 3059 5556 et
3088 5499 3482 5571 quinquaginta

304 5846 380 5909 (Β)
424 5844 532 5898 νοῖ
593 5843 694 5896 ista
763 5840 1033 5909 signiﬁcat
1110 5841 1514 5907 operimentum
1573 5832 1802 5903 capitis,
1846 5833 2077 5885 maxime
2106 5830 2454 5889 feminarum,
2492 5824 2558 5878 de
2593 5841 2693 5893 qua
2725 5822 2981 5890 Cangius.
