4230 6436
805 402 908 464 335

2104 402 2390 462 MENSIS
2428 404 2721 466 IULIUS.

3953 414 4052 478 336

804 522 1097 582 locumque
1132 514 1507 569 sublimiorem
1563 514 1885 579 invenisset,
1914 515 2112 569 sedens
2163 518 2216 574 in
2285 517 2383 570 tri-
2415 531 2456 582 Α

2415 531 2456 582 Α
2493 537 2680 588 ματος,
2741 521 3031 574 ἐκέλευσεν
3077 521 3308 592 ἀχθῆναι
3371 523 3496 588 τοὺς
3558 524 3789 592 ἁγίους·
3850 528 3946 578 καὶ
4011 533 4054 579 oi

801 609 1009 673 bunali,
1047 621 1266 665 sanctos
1315 611 1524 665 accersi
1579 612 1765 680 jussit.
1800 611 1910 662 Nec
1955 627 2103 663 mora
2131 630 2142 662 :
2172 612 2375 665 milites

797 705 1074 772 ejeccruut
1104 705 1267 770 ipsos,
1309 719 1371 756 ac
1432 703 1643 757 vinctos
1679 704 1960 757 stiterunt.
2019 703 2129 756 Dux
2189 714 2370 758 autem

799 797 905 846 lixo
932 796 1126 848 obtutu
1157 795 1278 847 illos
1305 810 1611 863 pererrans,
1640 795 1721 848 sic
1761 795 1909 848 fatur
1939 812 1951 845 :
1987 795 2149 847 Scitis
2175 810 2372 864 peper-

796 891 939 943 cisse
970 906 1056 943 tne
1088 890 1244 944 vobis
1277 889 1421 954 lteri,
1457 905 1526 942 ne
1568 891 1862 942 tormentis
1893 887 2373 950 eruciaremini,et

797 983 848 1034 iu
891 983 1220 1035 hodiernum
1251 996 1423 1049 usque
1454 979 1598 1034 diem
1625 979 1956 1040 connivisse,
1993 990 2051 1031 ut
2085 978 2246 1032 hodie
2264 978 2372 1032 diis

792 1073 1188 1135 sacriﬁcantes,
1233 1072 1659 1139 imperatoribus
1695 1071 1835 1125 ﬁatis
1869 1070 2052 1132 amici,
2079 1079 2134 1123 et
2187 1070 2368 1133 nobis;

791 1179 844 1222 et
876 1176 1162 1236 postquam
1199 1173 1442 1219 vestrum
1475 1163 1709 1232 quilibet
1738 1161 2133 1217 sacriﬁcaverit
2167 1161 2233 1215 ad
2265 1162 2372 1215 du-

789 1272 983 1314 centos
1017 1274 1216 1315 aureos
1237 1258 1493 1328 accipiat,
1524 1267 1816 1327 vestesque
1846 1266 1902 1311 et
1949 1256 2092 1309 dona
2126 1255 2232 1308 alia
2269 1254 2371 1307 im-

789 1353 1087 1424 peratoria.
1131 1352 1270 1406 Ecce
1297 1351 1470 1415 enim,
1495 1351 1787 1420 plerosque
1818 1357 2060 1402 vestrum
2097 1345 2370 1402 sacriﬁca-

788 1461 846 1498 re
885 1446 1021 1497 velle
1053 1442 1242 1507 video;
1278 1442 1322 1496 si
1349 1458 1477 1511 ergo
1529 1456 1737 1494 morem
1793 1440 1928 1493 mibi
1989 1438 2212 1508 geratis,
2244 1452 2370 1491 mox

787 1548 976 1591 taurus
999 1537 1104 1590 huc
1127 1534 1325 1593 adduci
1353 1533 1628 1594 mandavi,
1657 1541 1715 1585 ut
1737 1532 1844 1585 diis
1868 1531 2184 1590 immoletis,
2210 1544 2374 1598 pran-

785 1629 938 1683 dium
972 1627 1128 1681 vobis
1185 1636 1432 1696 paretur,
1491 1633 1548 1679 et
1633 1623 1778 1677 inter
1836 1621 2027 1691 epulas
2083 1619 2372 1690 splendida

784 1736 1007 1790 quoque
1039 1719 1326 1787 accipiatis
1355 1718 1515 1771 dona.
1553 1714 1648 1768 Sin
1692 1713 1920 1768 obedire
1975 1711 2264 1773 recusatis,
2301 1707 2367 1763 ad

783 1813 931 1866 aliud
962 1810 1359 1864 tormentorum
1384 1821 1578 1877 genus,
1613 1803 1910 1873 procedere
1931 1809 2169 1871 oportet.
2199 1799 2365 1854 Proin

2483 612 2819 680 στρατιῶται
2850 613 2909 665 τὸ
2938 615 3099 682 τάχος
3130 614 3450 679 ἐκϐαλόντες
3482 618 3676 678 αὐτοὺς
3707 616 4054 688 παρέστησαν

2477 703 2816 772 δεδεμένους.
2855 707 2963 759 Καὶ
3013 708 3265 770 ἀτενίσας
3298 709 3376 770 εἰς
3409 711 3604 773 αὐτοὺς
3631 712 3658 762 6
3688 710 3832 776 δοὺξ,
3861 709 4050 765 εἷπενσ

2477 795 2692 858 Οἴδατε,
2745 797 2827 849 ὄτι
2887 798 3033 868 χθὲς,
3070 801 3400 867 φεισάμενος
3447 805 3606 872 ἡμῶν
3640 801 3734 855 τοῦ
3771 805 3844 873 μὴ
3875 821 4051 872 προσ·

2481 891 2637 957 άγειν
2686 892 2815 960 ὑμῖν
2852 893 3142 962 βασάνους,
3179 898 3260 958 είς
3303 898 3402 966 τὴν
3441 901 3682 965 σήμερον
3722 898 4054 962 ὲταμιευσὰο

2486 998 2617 1050 μην,
2661 983 2746 1034 ἵνα
2782 982 2880 1054 τὴν
2915 985 3157 1056 σήμερον
3209 985 3474 1049 θύσαντες
3529 989 3642 1049 τοῖς
3687 987 3852 1050 θεοῖς,
3912 988 4053 1054 φίλοι

2479 1073 2712 1142 γένησθε
2754 1078 2863 1128 τῶν
2901 1076 3319 1148 αὐτοκρατόρων
3359 1083 3452 1134 καὶ
3502 1081 3679 1149 ἡμῶν,
3735 1081 3828 1132 καὶ
3885 1079 4052 1139 θύσας

2475 1165 2700 1227 ἕκαστος
2731 1167 2886 1236 ὑμῶν
2918 1167 3059 1238 λάϐῃ
3101 1170 3236 1238 πρὸς
3273 1168 3316 1222 σ⁹
3353 1171 3614 1240 χρυσοῦς,
3658 1173 3752 1224 καὶ
3787 1170 4048 1239 ἐσθῆτας,

2474 1257 2570 1307 καὶ
2606 1255 2769 1316 ἄλλας
2819 1258 3029 1327 δωρεὰς
3074 1259 3397 1330 βασιλικάς⁹
3447 1261 3556 1314 ίδοὺ
3600 1263 3728 1332 γὰρ,
3765 1263 3878 1332 ὀρῶ
3925 1264 4050 1325 τους

2475 1346 2763 1409 πλείστους
2795 1348 2948 1416 ὑμῶν
2979 1349 3233 1413 θέλοντας
3270 1351 3450 1404 θῦσαι.
3494 1352 3618 1404 Ἐάν
3649 1349 3742 1406 οὖν
3782 1354 4047 1423 πεισθῆτέ

2478 1453 2586 1504 μοι,
2644 1438 2898 1490 ἐντεῦθεν
2941 1441 3040 1510 ἤδη
3084 1442 3345 1496 ἐκέλευσα
3391 1442 3623 1512 ἀχθῆναι
3668 1444 3925 1513 ταύρους,
3964 1446 4049 1497 ἵνα

2475 1528 2676 1598 θύσητε
2709 1533 2820 1593 τοῖς
2843 1532 3005 1597 θεοῖς,
3039 1536 3136 1585 καὶ
3174 1536 3398 1606 γένηται
3431 1537 3559 1605 ὑμῖν
3591 1536 3834 1606 ἄριστον,
3861 1538 3958 1591 καὶ
3993 1541 4052 1590 ἐν

2473 1625 2538 1691 τῇ
2599 1623 2806 1694 εὐωχίᾳ
2860 1623 3098 1694 λήψεσθε
3164 1629 3256 1679 καὶ
3318 1628 3416 1688 τὰς
3477 1628 3691 1695 δωρεὰς
3755 1628 4037 1700 λαμπράς.

2485 1713 2611 1766 Ἐὰν
2655 1715 2712 1766 δὲ
2762 1716 2837 1785 μὴ
2887 1718 3148 1788 πεισθῆτέ
3203 1737 3316 1786 μοι,
3369 1719 3583 1788 ἀνάγκη
3619 1718 3712 1771 ἐπὶ
3756 1720 3817 1772 τὸ
3862 1722 4051 1788 ἕτερον

2473 1801 2612 1869 εἶδος
2649 1805 2755 1858 τῶν
2790 1807 3044 1877 βασάνων
3073 1809 3269 1864 ἐλθεῖν.
3314 1812 3626 1880 Παρακαλῶ
3658 1808 3750 1864 οὖν
3785 1813 3930 1880 ὑμᾶς
3970 1816 4047 1882 μὴ

783 1914 975 1960 auctor
996 1902 1151 1956 vobis
1175 1917 1294 1955 sum
1325 1915 1392 1953 ne
1413 1899 1744 1953 dulcissimae
1771 1895 1911 1949 lueis
1943 1907 2109 1947 usura
2140 1890 2364 1961 privari,
2402 1908 2441 1962 Β

2402 1908 2441 1962 Β
2474 1899 2804 1968 στερηθῆναι
2833 1900 2928 1954 τοῦ
2960 1901 3298 1968 γλυκυτάτου
3329 1905 3525 1972 φωτδς,
3546 1905 3679 1975 μηδὲ
3706 1903 4047 1974 χωρισθῆναι

783 2016 851 2053 ne
882 1999 951 2052 ab
981 1997 1244 2050 uxoribus
1273 2005 1328 2049 et
1364 1993 1554 2047 liberis
1574 2001 1630 2046 et
1655 1990 1846 2045 amicis
1865 1987 2112 2056 separari
2147 1999 2244 2038 vos
2269 1999 2359 2053 pa-

786 2092 1039 2152 tiamini;
1075 2089 1171 2145 sed
1202 2087 1532 2143 sacriﬁcium
1574 2081 1843 2146 offeratis,
1871 2086 1949 2140 et,
1993 2077 2079 2132 cui
2139 2075 2365 2134 libuerit

782 2183 908 2242 deo.
949 2184 1076 2235 thus
1103 2181 1389 2234 adoleatis.

853 2274 990 2329 XIV.
1036 2274 1189 2327 Tunc
1227 2288 1337 2326 uno
1373 2268 1526 2339 quasi
1562 2284 1626 2324 ex
1677 2283 1772 2322 ore
1813 2266 1989 2321 sancti
2049 2263 2310 2318 dixerunt
2345 2278 2360 2315 :

782 2371 1088 2423 Anathema
1129 2365 1250 2429 tibi,
1290 2375 1544 2434 tyranne,
1585 2375 1891 2429 congruum
1932 2358 2101 2410 furori
2137 2364 2236 2408 tuo
2268 2370 2361 2407 co-

782 2472 1140 2530 gnomentum
1168 2459 1396 2521 sortite;
1423 2457 1584 2525 jubes
1605 2454 1750 2507 enim
1796 2466 1897 2505 nos
1922 2467 1949 2503 a
1974 2451 2084 2504 Deo
2141 2448 2361 2501 vivente

781 2553 1038 2612 deﬁcere,
1074 2563 1127 2604 et
1153 2550 1382 2618 impuris
1406 2559 1462 2602 et
1493 2545 1877 2600 abominandis
1910 2541 2251 2597 daemonibus
2272 2555 2360 2593 sa-

782 2647 1047 2701 criﬁcare.
1073 2646 1363 2700 Enimvero
1387 2651 1439 2694 et
1468 2641 1874 2698 indumentum,
1895 2643 1947 2688 et
1972 2635 2152 2697 cibus,
2182 2642 2237 2686 et
2263 2645 2358 2700 po—

784 2751 894 2804 tus,
926 2751 984 2795 et
1014 2740 1328 2797 thesaurus,
1351 2743 1406 2786 et
1440 2741 1617 2802 pater,
1650 2740 1704 2783 et
1727 2731 1961 2792 amicus,
1983 2738 2039 2780 et
2069 2727 2237 2780 frater
2259 2740 2358 2777 no—

782 2834 866 2888 bis
896 2842 976 2886 est
1014 2832 1276 2884 Dominus
1301 2839 1485 2882 noster
1513 2825 1672 2880 Jesus
1704 2821 1978 2880 Chrisms,
2014 2819 2106 2889 qui
2135 2833 2232 2870 nos
2263 2832 2359 2868 v0-

784 2926 946 2979 cavit.
983 2924 1095 2977 [tux
1129 2921 1262 2974 dicit
1298 2938 1308 2972 :
1350 2919 1663 2972 Etiamnum
1705 2915 1861 2968 vobis
1901 2927 2066 2982 parco
2096 2909 2178 2962 vel
2211 2909 2355 2977 inju-

785 3018 864 3070 ria
908 3013 1214 3074 lacessitus,
1275 3025 1399 3063 nam
1456 3019 1509 3061 ct
1562 3008 1864 3060 amicorum
1912 3004 2053 3057 ferre
2105 3002 2357 3055 defectus

779 3115 1140 3175 :pqttnmcst;
1191 3102 1506 3168 relictisque
1560 3098 1837 3157 omnibus,
1883 3103 2072 3149 sancto
2123 3092 2356 3144 Leontio

780 3201 918 3252 dixit
943 3240 949 3248 .
977 3199 1092 3252 Prze
1121 3196 1346 3264 reliquis
1372 3193 1630 3264 mysteria
1649 3188 1936 3260 gentilium
1963 3183 2133 3255 probe
2155 3182 2353 3237 callere
2381 3222 2423 3279 Ο

782 3300 832 3342 te
867 3289 1046 3348 video,
1080 3287 1235 3355 plane
1281 3303 1306 3338 a
1351 3299 1522 3354 puero
1561 3282 1753 3336 iisdem
1823 3277 2157 3332 institutum.
2210 3273 2349 3339 Quid

779 3376 1426 3450 ergo?Qttandoquidem
1487 3372 1723 3442 Jupiter,
1750 3371 1943 3439 Apollo
1991 3378 2046 3421 et
2102 3367 2352 3420 Aiscula-

780 3475 904 3542 pius
934 3472 1006 3526 dii
1045 3470 1140 3523 tibi
1167 3485 1286 3524 esse
1323 3483 1429 3521 non
1449 3466 1727 3528 videntur;
1750 3463 2006 3531 Neptuno
2037 3471 2131 3514 aut
2166 3459 2351 3512 Diame

778 3565 1015 3617 hostiam
1073 3563 1245 3614 litate.
1306 3560 1540 3612 Sanctus
1587 3555 1854 3608 Leontius
1893 3553 2063 3606 dicit:
2115 3551 2347 3609 Erratis.

777 3660 908 3711 dum
949 3669 1042 3707 eos
1073 3653 1254 3706 dicitis
1280 3664 1400 3703 esse
1427 3646 1668 3702 deos.At
1692 3647 1834 3700 enim
1870 3641 2202 3696 immortales
2249 3639 2348 3690 lio-

781 3748 988 3800 mitium
1018 3756 1228 3797 mentes
1261 3742 1366 3792 diis
1394 3739 1716 3790 mortalibus
1742 3744 2037 3802 prmstant;
2071 3732 2275 3785 etenim
2302 3729 2346 3782 si

778 3859 808 3892 ιι
871 3839 1008 3890 emlo
1063 3845 1116 3886 et
1147 3845 1289 3887 terra
1337 3832 1566 3885 deorum
1604 3838 1916 3881 vestrorum
1955 3839 2074 3876 esse
2123 3836 2351 3891 genera-

778 3933 977 3984 tionem
1015 3929 1228 3989 dicunt,
1261 3926 1568 3994 coelumque
1623 3936 1686 3975 ac
1740 3930 1885 3974 terra
1933 3916 2168 3972 obnoxia
2219 3919 2348 3968 sunt

776 4022 1115 4087 corruptioni
1145 4019 1414 4070 elementa
1442 4034 1454 4081 ;
1493 4029 1741 4084 prorsus,
1775 4013 2033 4083 quoniam
2071 4007 2348 4080 genitores

777 4130 906 4168 suos
930 4113 1217 4165 imitantur
1248 4109 1366 4172 ﬁlii,
1397 4116 1830 4176 corrumpuntur
1863 4105 1989 4174 ipsi,
2023 4111 2082 4155 ιιι
2135 4100 2346 4171 genito-

778 4226 882 4262 rcs.
918 4208 1034 4261 Jam
1060 4221 1188 4258 vero
1213 4206 1254 4257 si
1283 4202 1625 4270 eorruptioni
1667 4198 1891 4254 obnoxii
1926 4204 2074 4262 sunt,
2116 4208 2349 4265 quomo-

775 4303 845 4354 do
870 4302 941 4353 dii
974 4297 1355 4368 appellantur?
1386 4295 1507 4350 Etsi
1528 4303 1740 4348 mentes
1768 4292 2075 4351 hominum,
2108 4286 2348 4342 vinculis

775 4392 1056 4460 corporeis
1089 4389 1298 4450 solutae,
1354 4401 1462 4439 non
1517 4387 1795 4438 sustinent
1854 4391 2344 4452 permanere,cum

776 4498 976 4552 corpus
1023 4496 1131 4534 non
1164 4480 1399 4542 exsistit,
1431 4485 1487 4532 at
1519 4477 1768 4530 divinum
1825 4474 2116 4544 quemdam
2160 4471 2341 4524 locum

2471 1994 2746 2059 γυναικῶν
2774 1997 2867 2047 καὶ
2903 1996 3152 2060 παιδίων,
3193 2000 3285 2050 καὶ
3320 2000 3508 2066 φίλων,
3546 1999 3682 2053 ἀλλὰ
3723 1999 3905 2061 θῦσαι,
3951 2000 4048 2051 καὶ

2469 2087 2737 2158 θυμιᾶσαι
2761 2088 2978 2142 λίϐανον
3004 2091 3101 2161 οἴῳ
3132 2089 3386 2160 βούλεσθε
3417 2090 3544 2161 θεῷ.

2536 2270 2633 2322 Li'.
2675 2268 2809 2321 Τότε
2864 2271 3064 2333 πάντες
3101 2271 3148 2321 ei
3199 2271 3342 2338 ἅγιοι
3392 2271 3465 2331 ὠς
3511 2271 3569 2334 ἐξ
3615 2270 3733 2333 ἑνὸς
3775 2287 4045 2340 στοματος

2465 2356 2647 2413 εἷπον·
2687 2360 2964 2430 Ἀνάθεμά
3007 2379 3107 2424 σοι,
3158 2361 3410 2430 τύραννε,
3443 2363 3540 2428 τῆς
3583 2363 3791 2423 οἰκείας
3835 2363 4047 2428 λύσσης

2465 2454 2720 2523 ἐπώνυμε
2745 2473 2757 2484 ·
2798 2455 3037 2516 κελεύεις
3078 2457 3223 2523 ἡμᾶς
3265 2456 3569 2523 ἀποστῆναι
3600 2454 3705 2505 άπὸ
3734 2448 3870 2504 Θεοῦ
3903 2454 4044 2514 ζῶν-

2460 2563 2571 2607 τος,
2602 2549 2697 2599 καὶ
2729 2545 2890 2598 θῦσαι
2922 2547 3174 2614 δαίμοσιν
3210 2546 3544 2614 ἀκαθάρτοις
3575 2547 3668 2598 καὶ
3705 2545 4043 2614 βδελυκτοίς·

2461 2640 2595 2707 ἡμῖν
2649 2641 2759 2707 γὰρ
2815 2640 2908 2692 καὶ
2952 2639 3176 2704 ἔνδυμα,
3212 2640 3307 2690 καὶ
3343 2638 3546 2707 βρῶσις
3592 2639 3687 2690 καὶ
3734 2642 3914 2701 πόσις,
3951 2638 4045 2688 καὶ

2462 2729 2757 2800 θησαυρὸς,
2815 2731 2907 2781 καὶ
2960 2731 3162 2796 πατὴρ,
3221 2731 3311 2779 καὶ
3361 2731 3531 2795 φίλος,
3586 2733 3678 2782 καὶ
3733 2731 3984 2796 ἁδελφὸς,
4018 2734 4046 2781 ὁ

2462 2825 2666 2892 Κύριος
2729 2823 2886 2892 ἡμῶν
2957 2822 3160 2893 Ἰησοῦς
3227 2822 3462 2891 Χριστός
3525 2824 3673 2874 ἐστιν
3731 2825 3759 2873 ὁ
3804 2823 4044 2882 καλέσας

2459 2919 2628 2987 ἡμᾶς.
2699 2917 2758 2968 '0
2810 2915 2938 2978 δοὺξ
2995 2916 3180 2982 λέγει’
3248 2915 3368 2966 Ἔτι
3430 2913 3582 2982 ὑμῶν
3636 2913 3887 2981 φείδομαι
3950 2916 4043 2966 καὶ

2461 3010 2854 3076 ὑϐριζόμενος·
2895 3009 3106 3060 δίκαιον
3169 3009 3276 3076 γάρ
3324 3011 3440 3060 ἐστι
3492 3010 3583 3061 καὶ
3618 3007 3684 3061 τὰ
3718 3008 3826 3061 τῶν
3871 3008 4042 3076 φίλων

2461 3101 2819 3168 ἐλαττώματα
2873 3099 3196 3169 βαστάζειν·
3259 3102 3351 3153 καὶ
3419 3100 3737 3154 καταλιπὼν
3803 3103 4039 3163 πάντας,

2461 3191 2609 3259 λέγει
2641 3193 2717 3262 τῷ
2753 3192 2893 3261 ἁγίῳ
2928 3195 3163 3261 Λεοντίῳ
3185 3212 3196 3223 ο
3241 3193 3384 3263 Ὀρῶ
3425 3211 3483 3245 σε
3519 3194 3722 3262 μᾶλλον
3769 3193 3832 3246 εὖ
3860 3194 4040 3244 εἰδότα

2461 3285 2528 3338 τά.
2565 3286 2671 3338 τῶν
2713 3285 2984 3353 Ἑλλήνων
3020 3287 3316 3354 μυστήρια,
3345 3286 3562 3345 πάντως
3611 3286 3694 3336 ὅτι
3739 3285 3804 3336 ὲκ
3849 3285 4039 3346 παιδος

2459 3376 2726 3445 ἐμυήθης.
2798 3376 2863 3426 Τί
2929 3371 3067 3436 οὗν;
3122 3374 3310 3441 ἐπειδὴ
3361 3374 3422 3426 ού
3484 3374 3702 3426 δοκοῦσί
3752 3392 3834 3427 σοι
3897 3371 4040 3428 εἶναι

2461 3466 2575 3518 θεοὶ
2610 3467 2742 3526 Ζεὺς
2775 3468 2869 3517 καὶ
2907 3465 3180 3517 Ἀπόλλων
3227 3465 3319 3517 καὶ
3359 3465 3721 3534 Ἀσκληπιὸς,
3771 3467 4035 3519 καθίσατε

2458 3557 2535 3626 τῷ
2569 3555 2878 3620 Ποσειδῶνι,
2910 3557 2943 3626 ἦ
2977 3559 3043 3627 τῇ
3085 3557 3378 3626 Ἀρτέμιδι.
3409 3556 3465 3610 Ὀ
3488 3557 3639 3623 ἅγιος
3667 3558 3922 3622 Λεόντιος
3945 3560 4034 3614 λέ-

2458 3664 2571 3716 γει·
2604 3648 2979 3717 Πεπλάνησθε,
3017 3647 3171 3710 θεοὺς
3213 3649 3436 3710 τούτους
3461 3650 3712 3716 λέγοντες
3733 3653 3936 3703 ’ὁπότε
3979 3656 4032 3704 αἱ

2455 3743 2625 3809 ψυχαὶ
2670 3742 2775 3793 τῶν
2808 3740 3109 3807 ἀνθρώπων
3141 3741 3398 3791 ἀθάνατοι
3424 3740 3601 3803 οὖσαι,
3637 3743 3924 3809 κρείττους
3958 3746 4034 3792 εἰ·

2459 3837 2510 3881 σι
2547 3831 2653 3881 τῶν
2702 3830 2840 3880 θεῶν
2872 3830 2977 3880 τῶν
3014 3829 3243 3896 θνητῶν.
3295 3830 3356 3880 Ei
3408 3829 3517 3900 γάρ
3567 3831 3623 3897 ἐξ
3666 3830 3904 3900 ούρανοῦ
3939 3833 4033 3884 καὶ

2457 3921 2560 3991 γῆς
2614 3920 2861 3988 λέγουσιν
2901 3918 3038 3973 εἶναι
3095 3923 3192 3991 τὴν
3242 3921 3493 3990 γέννησιν
3526 3922 3634 3975 τῶν
3677 3923 3816 3977 Θεῶν
3852 3925 4030 3991 ὑμῶν,

2454 4016 2682 4087 οὐρανὸς
2717 4015 2774 4067 δὲ
2823 4015 2918 4065 καὶ
2958 4016 3029 4082 γῆ
3061 4017 3273 4083 φθαρτὰ
3309 4018 3548 4084 στοιχεῖά
3585 4020 3727 4069 εἰσι·
3789 4019 4030 4081 πάντως,

2455 4107 2536 4158 ὃτι
2593 4106 2686 4156 καὶ
2729 4105 2796 4156 τὰ
2843 4105 3008 4156 τέκνα
3058 4108 3351 4174 μιμοῦνται
3401 4109 3526 4172 τοὺς
3569 4114 3884 4178 γενήτορας,
3940 4114 4032 4164 καὶ

2456 4197 2766 4267 φθείρονται
2823 4201 2912 4251 καὶ
2979 4199 3168 4264 αὐτοὶ,
3226 4199 3301 4263 ὡς
3353 4201 3403 4252 oi
3457 4205 3667 4268 γονεῖς·
3735 4203 3784 4253 εί
3827 4204 3886 4254 δέ
3926 4207 4034 4256 εἰσι

2455 4293 2702 4358 φθαρτοὶ,
2736 4291 2850 4352 πῶς
2878 4291 3232 4360 ὀνομάζονται
3265 4294 3401 4357 θεοί;
3431 4294 3535 4345 Καὶ
3565 4295 3613 4344 εί
3643 4295 3699 4345 ai
3723 4294 3897 4363 ψυχαὶ
3929 4297 4032 4347 τῶν

2453 4381 2779 4450 ἀνθρώπων,
2803 4381 3205 4448 ἀποσπώμεναι
3248 4382 3355 4434 τῶν
3405 4387 3692 4452 σωμάτων,
3727 4387 3830 4438 οὐκ
3861 4391 4036 4438 ἐπανο

2454 4475 2666 4542 έχονται
2701 4473 2772 4530 ὡς
2803 4473 2874 4542 μὴ
2906 4473 3154 4540 σώματος
3188 4475 3542 4543 παραμένειν,
3575 4476 3709 4529 ἀλλά
3737 4495 3859 4530 τινα
3892 4479 4034 4533 θεῖον

774 4584 1080 4638 occupant;
1116 4573 1264 4625 diine
1297 4581 1457 4624 erant
1485 4571 1538 4623 hi
1571 4571 1660 4639 qui
1704 4577 1952 4636 quaerunt
1990 4582 2051 4620 ea
2082 4581 2202 4633 qua:
2255 4565 2348 4615 lio-
2382 4578 2423 4635 ι)

2382 4578 2423 4635 D
2453 4567 2616 4616 τόπον
2644 4561 3178 4632 καταλαμϐάνουσιν,
3206 4567 3254 4617 εἰ
3288 4568 3398 4620 θεοὶ
3432 4565 3569 4636 ἦσαν
3600 4571 3822 4633 ἐκεῖνοι,
3856 4574 3908 4622 οἰ
3941 4576 4032 4642 ζη-

775 4667 984 4720 tninum
1015 4675 1226 4718 mentes
1252 4663 1518 4727 oderunt,
1551 4672 1605 4716 et
1639 4675 1885 4715 venerea:
1918 4658 2165 4712 libidinis
2219 4672 2348 4724 pru-

774 4760 881 4811 ritu
919 4755 1189 4825 gaudent?
1236 4755 1423 4822 Itaque
1463 4755 1506 4808 si
1562 4755 1848 4823 quisquatu
1882 4751 2080 4804 audeat
2113 4746 2297 4800 dicere
2330 4762 2342 4796 :

774 4851 920 4907 Deus
948 4865 1048 4920 ego
1088 4863 1230 4911 sum,
1266 4855 1464 4917 prazter
1499 4861 1668 4900 unum
1734 4844 2024 4898 Dominum
2095 4847 2342 4892 nostrum

771 4942 959 4998 Jesum
996 4939 1299 5004 Christum,
1345 4940 1512 4993 alium
1540 4953 1757 5007 quoque
1789 4935 2054 4989 mundum
2094 4933 2182 4985 ille
2210 4946 2343 4983 con-

772 5038 885 5098 dat,
907 5037 1160 5104 dicatque
1197 5050 1210 5087 :
1243 5035 1400 5086 Hunc
1428 5048 1528 5099 ego
1561 5030 1822 5083 mundum
1854 5028 2096 5090 condidi,
2128 5041 2191 5079 ac
2233 5034 2342 5077 tum

772 5130 992 5184 demum
1021 5130 1163 5180 Deus
1193 5136 1561 5192 nuncupatur.
1603 5125 1649 5176 is
1682 5122 1826 5175 enim
1873 5120 2089 5174 Domini
2138 5135 2201 5174 ac
2252 5134 2343 5172 re-

772 5223 853 5290 gis
882 5219 1052 5274 nostri
1077 5218 1208 5273 Jesu
1237 5216 1440 5270 Christi
1476 5230 1568 5268 ars
1598 5223 1653 5269 et
1680 5213 1960 5282 epiiieium
1988 5221 2094 5265 est.

841 5395 957 5454 XV.
998 5393 1229 5448 Sanctus
1289 5391 1551 5446 Leontius
1602 5391 1800 5443 iratum
1851 5404 1912 5440 ac
1959 5387 2340 5458 perturbatum

771 5489 1123 5556 conspicatus
1169 5484 1364 5536 ducent
1429 5486 1506 5536 sic
1561 5482 1676 5534 inﬁt
1705 5499 1716 5532 :
1748 5480 1790 5532 Ο
1836 5479 1965 5540 dux,
2013 5481 2138 5532 audi
2185 5495 2342 5550 :equo

772 5579 953 5631 animo
982 5594 992 5628 :
1019 5574 1146 5644 quia
1171 5589 1254 5626 me
1292 5573 1471 5625 dixisti
1501 5571 1666 5625 rebus
1714 5571 1998 5638 gentilium
2040 5573 2338 5635 initiatum,

769 5669 921 5725 audi.
954 5683 1072 5735 qnce
1103 5665 1278 5718 dieatn
1300 5674 1490 5718 contra
1528 5671 1651 5716 tuos
1676 5662 1828 5716 deos.
1861 5663 2339 5728 Quemadnmdunt

771 5773 825 5818 tu
865 5761 907 5813 si
969 5759 1148 5812 Caesar
1199 5757 1582 5819 nominareris,
1618 5766 1670 5810 et
1695 5757 2012 5824 imperatori
2035 5757 2195 5810 bilem
2225 5774 2340 5809 mo-

768 5871 945 5921 veres,
981 5853 1246 5922 supplicio
1279 5852 1478 5922 dignus
1502 5852 1665 5917 fores;
1689 5852 1768 5905 sic
1792 5851 1879 5905 dei
1909 5867 2129 5922 quoque
2152 5855 2334 5920 vestri,

2453 4653 2636 4705 τοῦσιν
2667 4651 2708 4706 ὃ.
2730 4656 2783 4705 αἱ
2815 4655 2985 4722 ψυχαὶ
3024 4657 3129 4706 τῶν
3188 4657 3491 4724 ἀνθρώπων
3520 4659 3761 4725 μισοῦσι,
3798 4665 3893 4710 καὶ
3922 4666 4033 4729 γαί-

2457 4763 2640 4814 ρουσιν
2703 4747 2980 4813 πορνείαις
3036 4749 3131 4798 καὶ
3184 4748 3402 4816 κνήσει;
3462 4749 3522 4800 Et
3577 4750 3670 4802 οὖν
3717 4753 3894 4820 τολμᾷ
3950 4771 4032 4814 τις

2453 4839 2626 4888 εἰπεῖν
2650 4853 2660 4865 ·
2693 4838 2813 4888 ’Ὁτι
2838 4837 2966 4898 Θεὸς
2997 4841 3133 4905 εἰμι,
3158 4841 3331 4906 παρὲξ
3364 4843 3478 4904 ἑνὸς
3509 4843 3603 4896 τοῦ
3633 4846 3838 4911 Κυρίου
3874 4847 4035 4915 ἡμῶν

2464 4929 2638 4995 Ἰησοῦ
2670 4931 2929 4999 Χριστοῦ,
2979 4937 3193 5001 ποιήσει
3249 4935 3337 4986 καὶ
3387 4934 3538 4998 οὗτος
3581 4938 3767 5005 ἕτερον
3799 4943 4028 5008 κόσμον,

2452 5021 2547 5071 καὶ
2578 5020 2710 5090 εἴπῃ
2747 5022 2828 5072 ὅτι
2862 5020 3063 5074 Τοῦτον
3108 5024 3198 5074 τον
3239 5027 3442 5094 κόσμον
3479 5025 3588 5090 ἐγὼ
3627 5029 3886 5096 ἑποίιγα,
3940 5034 4031 5082 καὶ

2449 5114 2571 5162 τότε
2629 5112 2870 5177 λεγέσθω
2923 5112 3090 5173 (νεός-
3138 5111 3293 5176 οὗτος
3350 5117 3456 5184 γὰρ
3508 5116 3601 5168 τοῦ
3668 5121 3878 5186 Κυρίου
3937 5123 4029 5173 καὶ

2453 5205 2716 5274 βασιλέως
2769 5206 2924 5272 ἡμῶν
2983 5206 3156 5276 Ἰησοῦ
3209 5208 3445 5277 Χριστοῦ
3521 5215 3636 5262 ἐστι
3701 5212 3866 5279 τέχνη
3933 5218 4027 5266 καὶ

2449 5297 2835 5367 δημιούργημα
2847 5337 2858 5350 .

2523 5388 2623 5440 lli'.
2664 5392 2768 5439 kat
2799 5387 3136 5456 θεασάμενος
3180 5391 3206 5440 ὁ
3248 5389 3399 5454 ἅγιος
3440 5391 3690 5454 Λεόντιος
3733 5397 3822 5445 τὸν
3863 5396 4027 5449 δοῦκα

2450 5483 2769 5550 θυμωθέντα
2794 5485 2888 5562 καὶ
2914 5484 3363 5551 στρεελούμενον,
3389 5485 3535 5552 λέγει
3568 5489 3714 5557 αὐτῷ
3734 5505 3746 5516 ·
3788 5485 3857 5540 '1!
3881 5492 4024 5558 ὀοὺξ,

2448 5578 2784 5641 ἀνεξικάκως
2827 5578 3092 5630 ἄκουσον
3144 5581 3325 5648 ἐπειδὴ
3366 5581 3473 5648 γὰρ
3511 5577 3661 5640 εἶπές
3710 5600 3776 5650 με
3811 5586 4026 5657 μύστην

2448 5666 2584 5720 εἶναι
2627 5671 2731 5721 τῶν
2763 5668 3106 5738 Ἑλληνικῶν
3140 5673 3501 5740 πραγμάτων,
3556 5675 3721 5726 bona
3766 5679 3831 5729 vi
3883 5682 4025 5728 κατα

2447 5764 2553 5814 τῶν
2607 5763 2744 5814 θεῶν
2805 5781 2932 5815 σου·
2990 5765 3048 5816 ὃν
3117 5769 3315 5834 τρόπον
3377 5768 3484 5835 γὰρ
3539 5768 3600 5819 σὺ
3649 5771 3744 5820 ἐὰν
3803 5767 4023 5839 Rat”?

2449 5857 2700 5925 κληθεὶς,
2741 5856 2831 5910 κάκ.
2877 5860 3218 5929 παροργίσας
3268 5861 3358 5912 τὸν
3414 5860 3664 5928 βασιλέα,
3725 5864 4022 5933 τιμωρέαις
