4230 6436
209 388 317 451 33⁸1

1141 390 1612 451 ΜᾹΗΤΥΙΠΗΜ
1657 392 1760 452 SS.
1805 394 1952 453 XLV
1997 396 2456 461 MARTYRUM.

3350 401 3454 466 338

201 505 356 566 ἄξιος
386 500 468 554 εἷ’
493 502 663 564 οὕτως
694 504 779 555 xu"
822 507 869 556 οί
901 505 1013 557 0εοῖ
1038 504 1190 572 ὑμῶν
1212 507 1256 556 οἱ
1283 505 1774 575 δαίμονες,τολμή-

1884 510 2158 570 daemones
2187 553 2201 575 ,
2231 513 2364 568 deos
2391 527 2508 570 sese
2544 527 2862 582 nuncupare
2898 511 3036 575 ausi,
3074 513 3321 568 maximae
3347 532 3456 582 pm-

205 613 404 657 σαντες
445 597 672 659 ἑαυτοὺς
707 598 863 660 Θεοὺς
900 597 1101 659 καλεῖν,
1141 597 1316 668 ἔνοχοί
1364 599 1470 650 είσι
1521 600 1781 667 μεγίστης

202 690 507 754 κολάσεως.
546 694 685 761 Ὅρα
727 691 784 745 δὲ
831 693 925 745 καὶ
959 693 1144 762 ἕτερον
1192 695 1532 764 παράδοξον·
1589 696 1676 748 διὰ
1729 695 1781 747 τί

203 782 372 849 ὑμεῖς
413 785 459 834 οί
494 783 696 837 ἔκδικοι
731 784 837 836 τῶν
875 783 1011 836 θεῶν
1048 785 1201 854 ὑμῶν
1231 787 1578 854 καθεκάστην
1621 787 1781 840 ἐλατ-

201 875 438 940 τοῦσθε;
471 877 634 945 ἡμεῖς
652 876 707 927 δὲ
736 876 784 927 οἱ
814 876 954 947 ὑπὲρ
987 876 1224 945 Χριστοῦ
1265 878 1439 930 δοῦλοι
1466 878 1782 946 διωκόμενοι

201 966 302 1016 καὶ
343 965 773 1032 ἀποθνήσκοντες
804 965 1180 1034 πλι,θύνομεν;
1219 967 1324 1019 Καὶ
1353 967 1511 1020 τοῦτο
1542 971 1783 1021 πεισάτω

201 1076 289 1124 σε,
314 1059 571 1128 τύραννε,
615 1059 696 1110 ὅτι
726 1058 902 1111 δοῦλοί
941 1063 1104 1129 ἐσμεν
1139 1061 1232 1113 τοῦ
1264 1062 1398 1114 Θεοῦ
1430 1062 1522 1113 τοῦ
1559 1064 1778 1131 ἠγαπη·

203 1154 390 1219 μένου.
454 1153 562 1203 Καὶ
620 1151 892 1218 θυμωθεὶς
949 1154 976 1203 6
1023 1153 1147 1217 6Tb:
1199 1153 1380 1220 λέγει·
1417 1154 1626 1204 Θύσατε
1671 1157 1783 1217 τοῖς

205 1243 352 1303 Θεοῖς
384 1259 395 1271 ·
432 1244 573 1303 ἐπεὶ,
615 1245 688 1311 μὰ
753 1244 843 1295 τὸν
909 1245 1236 1312 Ἀσκληπιὸν
1295 1247 1388 1297 καὶ
1431 1245 1523 1296 τὸν
1570 1246 1777 1309 ῚΙλιον,

199 1336 305 1402 οὐχ
341 1335 715 1403 ὑπερϐήσεσθε
753 1337 847 1404 τὴν
878 1335 1082 1402 αῠριον.
1123 1338 1186 1388 Οἱ
1210 1336 1264 1388 δὲ
1291 1337 1437 1403 ἆγιοι
1471 1338 1669 1399 πάντες
1705 1337 1781 1400 ὡς

201 1424 262 1485 ἐξ
317 1426 436 1487 ἑνὸς
495 1428 761 1494 στόματος
823 1424 1010 1479 εἷπον·
1086 1426 1276 1495 Ἡμεῖς
1350 1429 1540 1497 Κυρίῳ
1604 1429 1778 1497 Ἰησοῦ

200 1517 591 1586 προσςέρομεν
650 1518 874 1587 λογικὴν
947 1519 1227 1589 λατρείαν,
1269 1521 1482 1591 καρπον
1555 1522 1782 1590 χειλέων

201 1607 385 1675 ἡμῶν,
424 1613 512 1659 καὶ
554 1611 778 1672 ἑαυτοὺς
805 1611 1130 1681 ὁλοκλήρους
1171 1613 1278 1664 τῶν
1321 1615 1602 1682 ῥυομένων
1637 1615 1782 1683 ἡμᾶς

199 1700 302 1766 τῆς
363 1701 663 1768 μελλούσης
721 1703 986 1771 κρίσεως·
1041 1703 1099 1756 σὲ
1138 1704 1216 1764 δὲ,
1265 1705 1460 1766 Λυσία,
1505 1705 1622 1774 ἅμα
1675 1710 1780 1770 τοῖς

1086 1426 1276 1495 Ἡμεῖς

203 1790 349 1849 θεοῖς
381 1808 472 1841 σου
506 1795 804 1857 κολάζοντα
841 1797 897 1847 ἐν
925 1797 1116 1865 γεέννῃ
1150 1798 1318 1867 πυρὸς
1351 1797 1637 1851 ἀσϐέστου.

1885 618 1968 655 nae
2002 604 2080 656 rei
2110 613 2258 658 sunt.
2302 605 2444 670 Quin
2476 607 2583 660 imo
2615 606 2846 660 alteram
2872 620 3090 674 quoque
3127 620 3241 658 rem
3285 606 3462 659 incre-

1884 693 2109 750 dibilem
2139 697 2282 751 vide.
2310 698 2420 752 Cur
2454 715 2570 762 vos,
2598 700 2825 753 deorum
2861 707 3165 752 vestrorum
3190 699 3459 759 vindices,

1886 785 1940 838 in
1971 787 2088 842 dies
2117 789 2379 856 deﬁcitis;
2417 807 2516 846 nos
2548 800 2736 846 contra
2772 793 2915 845 servi
2948 806 3044 859 pro
3068 789 3286 844 Christo
3331 806 3460 859 per-

1885 881 2225 934 secutionem
2276 885 2569 952 patientes.
2629 894 2684 938 et
2745 886 3068 946 morientes,
3119 883 3454 937 crescimus?

1886 973 1980 1027 Vel
2013 975 2140 1028 illud
2172 976 2268 1030 tibi
2320 979 2667 1045 persuadeat,
2702 989 2953 1048 tyranne,
2991 978 3175 1031 dilecti
3212 993 3309 1029 nos
3356 977 3449 1029 Dei

1887 1081 2074 1122 servos
2100 1083 2242 1123 esse.
2271 1070 2387 1122 Dux
2411 1070 2596 1124 furore
2620 1084 2886 1125 accensus
2907 1070 3041 1122 dicit
3073 1089 3082 1122 :
3112 1070 3228 1122 Diis
3267 1069 3457 1121 immu-

1883 1158 2028 1214 Iate:
2063 1162 2188 1229 quia
2213 1179 2307 1230 per
2337 1162 2710 1230 .Esculapium
2733 1171 2787 1216 et
2817 1163 3141 1224 solem,non
3173 1162 3313 1212 ultra
3342 1175 3462 1213 cra-

1885 1254 2091 1306 stinum
2147 1255 2361 1307 vivetis.
2428 1253 2613 1306 Sancti
2666 1265 2848 1305 autem
2890 1267 2954 1303 ex
3012 1266 3120 1303 uno
3151 1251 3309 1318 quasi
3367 1265 3463 1301 ore

1885 1344 2142 1397 dixerunt
2175 1346 2320 1399 :Nos
2348 1345 2577 1398 Domino
2607 1345 2735 1399 Jesu
2791 1345 3076 1396 oﬂerimus
3137 1342 3463 1395 rationabile

1883 1436 2231 1503 obsequium,
2269 1437 2504 1488 fructum
2539 1437 2809 1489 labiorum
2844 1449 3177 1497 nostrorum,
3208 1449 3329 1502 qua:
3364 1447 3462 1486 nos

1885 1528 2032 1596 ipsos
2058 1529 2269 1596 integre
2298 1528 2610 1581 liberabunt
2642 1545 2669 1580 a
2702 1529 2886 1580 futuro
2910 1527 3157 1596 judicio;
3199 1536 3248 1578 te
3308 1541 3459 1584 vero,

1885 1620 2065 1691 Lysia,
2097 1637 2198 1673 una
2226 1637 2348 1674 cum
2373 1621 2479 1675 diis
2508 1622 2639 1684 tuis,
2671 1619 2888 1689 ignibus
2907 1619 3171 1688 gehennm
3202 1618 3457 1670 addicent

1881 1712 2444 1782 inexstinguibilibus.

281 1880 393 1947 IS".
427 1884 532 1934 Καὶ
558 1885 790 1950 χολάσας
815 1888 840 1935 6
865 1887 989 1948 δοὺξ
1018 1887 1268 1936 ἐκέλευσε
1313 1888 1521 1949 πάντας
1571 1906 1785 1958 γυμνω-

1957 1886 2091 1941 XVI.
2131 1887 2244 1940 Dux
2275 1887 2448 1940 iratus
2476 1887 2540 1940 ad
2573 1887 2715 1956 ligna
2745 1887 2979 1958 oblonga
3015 1885 3209 1938 nudari
3273 1897 3463 1938 omnes

203 1975 362 2042 θῆναι
396 1976 472 2033 είς
502 1975 636 2038 ξύλα
684 1977 891 2046 μακρὰ,
927 1977 1022 2028 καὶ
1082 1977 1302 2040 ξέεσθαι
1334 1979 1481 2042 ὄνυξι
1519 1979 1777 2050 σιδηροῖς,

203 2068 299 2118 καὶ
329 2067 617 2132 ὀστράκοις
672 2067 884 2129 ὀξέσιν·
946 2069 1038 2120 καὶ
1073 2069 1322 2121 ἐκέλευσε
1380 2070 1507 2140 βοᾷν
1561 2073 1650 2122 τὸν
1684 2073 1784 2141 κήο

209 2172 356 2220 pom
379 2172 392 2185 ·
425 2155 484 2205 Ol
527 2157 638 2216 τοῖς
675 2155 817 2218 θεοῖς
861 2158 934 2228 μὴ
976 2159 1216 2222 θύοντες,
1269 2161 1403 2212 ἀλλὰ
1438 2165 1528 2214 καὶ
1565 2164 1782 2233 ἐνυϐρίο

202 2248 412 2308 ξοντες,
445 2246 615 2299 ταῦτα
646 2251 968 2318 πάσχουσιν.
996 2255 1057 2305 υἱ
1089 2253 1144 2304 δὲ
1172 2253 1337 2321 ἅγιοι,
1369 2254 1632 2325 ξεὸμενοι,
1671 2258 1785 2311 ἐλε-

201 2353 338 2407 γον·
377 2335 446 2390 Ὦ
506 2340 760 2410 τύραννε,
816 2346 863 2395 εί
912 2345 1056 2413 ἔχεις
1100 2345 1374 2415 δεινότερα
1421 2349 1780 2421 κολαστήρια,

206 2432 530 2500 προσάγαγε
555 2449 568 2464 ·
613 2435 785 2487 ταῦτα
821 2436 926 2504 γὰρ
954 2439 1085 2505 ἡμῖν
1129 2440 1274 2490 ἐστιν
1305 2440 1781 2511 εὐκαταφρόνητα.

207 2525 322 2582 Καὶ
372 2527 470 2595 ἤδη
513 2527 659 2595 ὧρας
692 2527 857 2595 ἕκτης
894 2530 1328 2599 καταλαϐούσης,
1359 2533 1450 2583 καὶ
1492 2533 1586 2584 τοῦ
1630 2533 1781 2602 ἡλίου

208 2615 650 2682 καταφλέξαντος
679 2616 775 2685 τὴν
814 2617 918 2687 γῆν
967 2619 1171 2682 πᾶσαν,
1209 2616 1351 2692 ἦσαν
1391 2625 1439 2673 οἱ
1473 2621 1620 2690 ἅγιοι
1662 2623 1778 2688 ξεό-

207 2723 384 2774 μενοι.
429 2704 493 2758 'U
522 2706 577 2758 δὲ
609 2705 756 2772 δοὺξ,
793 2709 1073 2772 πεινάσας,
1107 2711 1394 2765 ἐκέλευσεν
1429 2713 1624 2776 αὐτοὺς
1651 2730 1783 2767 κατ-

204 2797 496 2867 ενεχθῆναι
535 2801 628 2852 καὶ
661 2801 994 2871 ἁποτεθῆναι
1021 2805 1076 2854 ὲν
1105 2807 1167 2872 τῇ
1198 2805 1433 2874 φυλακῇ,
1465 2807 1782 2875 ἐντειλάμε-

206 2910 300 2952 νος
329 2893 535 2962 μηδένα
564 2892 757 2946 θεάσαι
807 2895 1022 2958 αὐτοὺς,
1057 2895 1193 2966 μήτε
1230 2895 1374 2964 ὕδωρ
1415 2895 1596 2958 αὐτοῖς
1644 2899 1780 2949 ἀπο-

203 2987 454 3057 δοθῆναι.
492 2982 597 3037 Ἠν
631 2987 687 3040 δέ
720 3005 804 3049 τις
830 2988 1144 3058 πολιτευτὴς
1174 2989 1231 3040 ὲν
1254 2991 1316 3059 τῇ
1357 2988 1508 3042 πόλει
1543 2988 1782 3060 τοῦνομα

221 3076 472 3144 Ἡρώδης
505 3076 854 3143 Χριστιανὸς,
889 3077 1317 3147 ὑποκρινόμενος
1348 3081 1404 3131 δὲ
1450 3081 1539 3132 τὸν
1574 3081 1779 3152 ἑλληνι-

1878 1977 2044 2045 jussit
2071 1990 2124 2031 et
2151 1980 2370 2047 ungulis
2395 1978 2589 2032 ferreis
2627 1994 2688 2030 ac
2719 1978 2897 2031 acutis
2943 1978 3099 2029 testis
3136 1976 3274 2037 radi,
3321 1991 3460 2044 pra:-

1883 2082 2187 2135 conemque
2214 2072 2447 2124 clamare
2487 2089 2498 2120 :
2528 2071 2629 2135 Qui
2659 2087 2764 2122 non
2796 2069 3132 2130 sacriﬁcant,
3162 2070 3253 2122 sed
3285 2068 3464 2137 potius

1885 2157 2136 2226 injuriam
2181 2158 2443 2219 inferunt,
2498 2161 2609 2212 haec
2644 2161 2948 2227 patiuntur.
2977 2161 3110 2211 Dum
3141 2161 3315 2212 sancti
3368 2177 3466 2212 ex-

1884 2251 2358 2314 carniticarentur,
2383 2250 2679 2304 dixerunt:
2713 2250 2756 2305 Ο
2791 2261 3040 2321 tyranne,
3075 2251 3117 2303 si
3180 2251 3463 2304 acerbiora

1887 2342 1984 2395 tibi
2011 2342 2122 2396 sint
2149 2350 2442 2402 tormenta.
2473 2342 2686 2412 profer:
2715 2345 2829 2395 [nec
2858 2343 3005 2395 enim
3033 2344 3461 2396 contemnimus.

1884 2434 2019 2488 Cum
2048 2436 2158 2504 jam
2182 2445 2331 2489 esset
2361 2435 2492 2487 hora
2517 2444 2665 2489 sexta
2695 2444 2750 2488 et
2773 2436 2850 2488 sol
2883 2434 3212 2489 accenderet
3243 2450 3462 2486 omnem

1887 2535 2105 2590 terram,
2139 2528 2312 2580 sancti
2350 2527 2705 2580 radebantur.
2740 2526 2887 2581 Inter
2931 2528 3046 2581 haec
3078 2528 3212 2590 dux,
3246 2527 3465 2580 consilii

1885 2615 2251 2685 ineps,jussit
2275 2633 2371 2670 eos
2410 2618 2607 2672 abduci
2640 2628 2694 2670 et
2721 2619 2930 2670 carceri
2966 2619 3292 2685 mancipari,
3327 2635 3466 2686 pra:-

1884 2709 2098 2777 cipiens
2128 2724 2197 2763 ne
2223 2710 2350 2778 quis
2378 2724 2476 2763 eos
2502 2710 2730 2772 viseret,
2781 2725 2886 2761 neu
2925 2724 3122 2777 aquam
3168 2709 3464 2777 praeberet.

1885 2802 2016 2856 Erat
2042 2801 2266 2872 quidam
2308 2803 2623 2873 reipublicae
2671 2802 3086 2856 administrator
3125 2801 3179 2854 in
3221 2800 3465 2862 civitate.

1886 2895 2109 2947 nomine
2145 2894 2410 2957 Herodes,
2446 2896 2803 2958 christianus,
2833 2895 2927 2949 sed
2974 2895 3264 2964 gentilium
3308 2909 3466 2946 sacra

1885 2985 2208 3046 simulabat,
2239 2985 2382 3053 apud
2413 3001 2574 3053 quem
2607 2986 2717 3038 dux
2762 2986 3066 3040 habitabat.
3121 2985 3366 3041 Habebat
3423 2988 3468 3038 is

1888 3077 2187 3138 notarium,
2219 3076 2440 3130 nomine
2477 3076 2776 3140 Philinum.
2821 3078 2913 3146 qui
2949 3093 2976 3130 a
3008 3088 3200 3131 sancto
3231 3078 3466 3130 Leontio

207 3167 370 3235 σμον,
425 3162 623 3236 παρ’ᾦ
673 3166 863 3236 ἔμενεν
915 3170 940 3220 ό
986 3168 1129 3231 δούξ.
1204 3169 1371 3238 Ἔσχε
1431 3170 1488 3222 δὲ
1539 3172 1785 3240 νοτάριον

1890 3169 2238 3238 diligebatur.
2270 3170 2562 3239 Postquam
2600 3171 2753 3225 illum
2792 3172 3195 3236 accersivisset,
3241 3183 3468 3226 sanctus

202 3261 422 3317 Φίλινον
477 3261 722 3330 ὀνόματι.
766 3256 934 3323 Οὗτος
987 3257 1055 3331 ἧν
1099 3262 1465 3333 ἀγαπώμενος
1508 3263 1660 3333 παρά
1697 3264 1788 3316 τοῦ

205 3356 367 3421 ἁγῖου
401 3355 652 3406 Λεοντίου
673 3369 687 3386 ο
725 3357 816 3408 καὶ
843 3356 1337 3423 μεταστειλάμενος
1365 3357 1532 3411 αὐτὸν
1575 3359 1602 3410 ὁ
1638 3359 1790 3426 ἆγιος

211 3447 466 3507 Λεόντιος
534 3444 712 3510 λέγει’
779 3443 997 3513 Ἀδελφέ
1059 3445 1270 3509 Φίλινε,
1342 3446 1591 3498 ἀπελθὼν
1664 3449 1785 3500 εἰπὲ

219 3537 460 3606 Ἡρώδῃ,
496 3537 603 3599 ἵνα,
640 3537 686 3586 εἰ
717 3533 826 3605 ἔχει
856 3536 978 3588 τινὰ
1019 3539 1097 3599 εἰς
1130 3538 1218 3589 τὸν
1250 3537 1414 3591 δοῦκα
1455 3541 1787 3610 παρρησίαν,

213 3628 406 3695 αὔριον
438 3627 581 3696 ἡμᾶς
614 3627 906 3700 τελειώσῃ·
949 3629 1237 3697 ηὑλαϐεῖτο
1287 3629 1397 3700 γὰρ
1434 3633 1506 3700 μή
1558 3647 1640 3694 τις
1685 3631 1791 3684 τῶν

210 3724 384 3786 ἁγίων
431 3721 682 3786 δελιάσας
731 3724 1108 3793 ἀπαγορεύσῃ.
1177 3722 1236 3778 '0
1285 3724 1342 3776 δὲ
1387 3725 1640 3778 ἀπελθὼν
1673 3726 1783 3779 ὰπ-

208 3816 435 3882 ήγγειλε
484 3818 660 3868 πάντα
714 3814 792 3882 τῷ
841 3815 1265 3885 πολιτευομένῳ.
1311 3814 1370 3867 '0
1411 3815 1467 3868 δὲ
1525 3817 1649 3881 δοὺξ
1722 3813 1790 3888 ἦν

209 3910 451 3968 καλέσας
495 3906 658 3959 αὑτὸν
695 3906 779 3959 ἐπ’
809 3908 1049 3977 ἄριστον,
1085 3906 1179 3960 καὶ
1223 3908 1551 3977 περιέμενεν
1599 3909 1784 3963 αὐτόν.

225 4000 476 4066 Ἡρώδης
524 4001 579 4054 δὲ
629 4006 927 4073 παρῃτεῖτο
977 4002 1150 4068 λέγων
1178 4020 1190 4033 ·
1230 4003 1374 4067 Ὅτι,
1425 4001 1614 4073 ἐπειδὴ
1660 4002 1789 4073 χθὲς

210 4090 356 4146 εἶδον
377 4092 484 4145 τῶν
517 4077 824 4147 καταδίκων
842 4094 1063 4146 ἐκείνων
1102 4092 1200 4156 τὰς
1234 4093 1472 4165 πλευρὰς
1507 4093 1788 4163 ξεομένας,

211 4185 461 4248 σιανθεὶς
496 4185 811 4256 ἀνετράπη-θ
833 4184 926 4238 τοῦ
957 4185 1255 4255 στομάχου,
1307 4186 1403 4239 καὶ
1443 4186 1504 4236 οὐ
1550 4184 1787 4254 δύναμαι

209 4278 529 4347 ἀριστῆσαι.
579 4280 688 4330 Καὶ
728 4277 756 4327 6
805 4277 933 4341 δοὺξ
983 4277 1340 4347 ἐπηρώτησεν
1367 4273 1530 4326 αὐτὸν
1575 4273 1786 4341 λέγων’

213 4371 282 4429 Τί
332 4365 426 4423 οὖν
469 4368 649 4437 βούλει
688 4367 774 4421 ἵνα
816 4371 1066 4441 ποιήσως
1113 4368 1171 4422 Ὁ
1203 4367 1258 4422 δὲ
1295 4361 1476 4420 εἶπεν·
1531 4366 1665 4436 Οὐχὶ
1710 4366 1789 4432 ὼς

213 4460 616 4527 ἀνθεστηκότες
675 4462 788 4525 τοῖς
847 4463 958 4514 τῶν
1014 4462 1439 4531 αὐτοκρατόρων
1481 4459 1791 4530 θεσπίσμα-

215 4574 302 4609 σιν
365 4555 504 4622 ᾶξιοί
559 4559 666 4610 τίσι
731 4557 1001 4620 θανάτους
1053 4558 1118 4609 Τί
1169 4557 1262 4610 οὖν
1328 4552 1430 4609 οὖκ
1503 4556 1943 4625 ἀποθνήσκουσιν
1995 4551 2314 4622 συντόμωςς

1894 3257 2157 3312 Leontius
2185 3261 2323 3312 dixit
2355 3278 2367 3312 :
2401 3261 2640 3325 Philine,
2677 3262 2868 3325 frater,
2899 3263 3054 3326 vade,
3094 3263 3294 3317 Herodi
3355 3265 3463 3324 dic,

1896 3360 1973 3412 ut,
2010 3351 2053 3404 si
2086 3350 2218 3419 quid
2241 3350 2384 3420 apud
2411 3351 2608 3404 ducem
2632 3354 2796 3415 valet,
2823 3355 3100 3421 impetret,
3130 3363 3187 3405 ut
3220 3369 3320 3406 nos
3344 3369 3468 3407 cras

1896 3452 2068 3497 morte
2094 3443 2290 3498 alliciat
2321 3461 2333 3497 :
2369 3445 2596 3498 timebat
2635 3445 2806 3509 enim,
2838 3460 2904 3499 ne
2967 3445 3090 3513 quis
3143 3456 3461 3498 sanctorum

1895 3552 2006 3604 prze
2039 3534 2236 3589 timore
2277 3535 2558 3589 deﬁceret.
2603 3537 2696 3591 Ille
2738 3547 2922 3590 autem
2955 3535 3147 3590 abiens
3180 3535 3465 3590 renuntia-

1871 3629 1973 3681 -vit
2002 3626 2184 3682 omnia
2212 3627 2525 3696 reipublica:
2568 3627 3022 3680 administratori.
3075 3629 3189 3681 Dux
3223 3643 3351 3681 vero
3384 3627 3466 3681 in.

1894 3720 2101 3774 vitabat
2143 3720 2316 3790 ipsum
2360 3720 2426 3773 ad
2471 3720 2762 3789 prandium
2805 3730 2860 3774 et
2910 3721 3020 3790 jam
3080 3721 3458 3790 exspectabat.

1895 3813 2140 3868 Herodes
2160 3815 2452 3868 excusabat
2481 3830 2558 3878 se,
2594 3814 2782 3866 dicens
2811 3831 2821 3865 :
2855 3815 3012 3878 Quia,
3037 3824 3324 3883 postquam
3349 3814 3467 3868 heri

1895 3905 2006 3958 vidi
2029 3905 2261 3959 istorum
2296 3919 2516 3959 reorum
2549 3904 2719 3958 latera
2750 3905 2890 3970 radi,
2925 3906 3063 3959 male
3098 3907 3292 3959 allecto
3339 3914 3468 3956 sto-

1896 3999 2091 4051 macho
2115 4012 2368 4053 reversus
2397 4013 2516 4051 sum
2548 4008 2604 4050 et
2635 4014 2849 4065 nequeo
2891 3998 3179 4065 prandere.
3219 3997 3333 4050 Dux
3384 3998 3470 4050 iu-

1895 4091 2196 4157 terrogavit
2221 4105 2368 4152 eum,
2394 4089 2584 4143 dicens
2616 4107 2628 4136 ι
2663 4088 2803 4154 Quid
2836 4089 3002 4159 igitur
3035 4091 3217 4154 vis,ut
3246 4091 3468 4145 faciam?

1895 4179 1994 4234 llle
2026 4190 2209 4234 autem
2241 4179 2381 4235 dixit
2411 4197 2424 4234 :
2460 4180 2654 4236 Nonne
2683 4183 2760 4246 hi,
2808 4183 2901 4250 qui
2933 4182 3131 4237 edictis
3167 4184 3467 4254 imperato-

1896 4288 2020 4326 rum
2045 4272 2342 4335 obsistunt,
2373 4281 2551 4326 morte
2605 4272 2756 4342 digni
2806 4273 2968 4326 sunt?
3022 4273 3134 4328 Cur
3185 4289 3316 4342 ergo
3356 4290 3466 4328 non

1896 4361 2210 4416 moriuntur
2253 4361 2523 4431 propere?
2558 4359 2653 4415 Ille
2710 4372 2842 4415 vero
2890 4362 3160 4432 promisit.
3198 4378 3319 4418 cras
3371 4379 3469 4418 eos

1897 4455 2007 4528 igni
2033 4454 2379 4510 addicturum
2408 4454 2563 4524 juxta
2617 4454 2964 4523 imperatoris
2979 4455 3254 4510 mandata.

2398 4551 2459 4602 '0
2503 4551 2560 4602 δὲ
2610 4551 2880 4620 ὑπέσχετο
2948 4553 3052 4621 τὴν
3090 4555 3281 4622 αὔριον
3333 4557 3467 4624 πυρὶ

214 4651 558 4718 παραδοῦναι
612 4653 809 4716 αὐτοὺς
853 4652 994 4706 κατά
1052 4651 1118 4706 τὰ
1165 4653 1512 4723 διατάγματα
1564 4652 1656 4706 τοῦ
1694 4652 1984 4723 βασιλέως.

288 4744 388 4801 lZ'.
425 4747 532 4799 Καὶ
581 4746 609 4797 6
643 4744 874 4810 Φίλινος,
913 4745 1154 4808 ἀκούσας
1189 4745 1381 4810 ταῦτα,
1428 4745 1654 4816 δραμὼν
1686 4749 1788 4800 ἀπ-

1871 4765 1874 4787 ›
1970 4743 2133 4798 XVII.
2165 4743 2258 4798 His
2293 4740 2513 4806 auditis,
2576 4741 2821 4797 cucurrit
2859 4743 3127 4808 Philinus,
3183 4753 3238 4799 et
3261 4746 3469 4801 sanctis

215 4837 444 4907 ήιίγειλε
466 4837 578 4900 τοῖς
601 4837 780 4902 ἁγίοις
800 4853 814 4868 ο
838 4839 885 4889 cl
918 4838 996 4903 δὲ,
1024 4839 1443 4908 φαιδρυνθέντες
1473 4839 1572 4900 τὲις
1595 4838 1796 4907 ψυχὰς,

217 4929 532 4997 ἐξεδέχοντο
562 4928 622 4981 τὸ
651 4929 823 4998 πέρας
854 4929 992 4996 μετὰ
1020 4930 1190 4998 καλῆς
1219 4930 1551 5000 προθυμίας,
1586 4933 1681 4982 καὶ
1707 4932 1796 4982 εύ-

220 5020 460 5089 λόγησαν
509 5022 708 5084 πάντες
745 5021 837 5074 τὸν
866 5022 1076 5074 Φίλινον
1116 5022 1203 5074 διὰ
1246 5023 1347 5090 τὴν
1391 5023 1656 5089 ὑπακοὴν,
1701 5023 1795 5075 καὶ

234 5110 484 5180 Ἡρώδην
541 5110 630 5164 διὰ
679 5112 777 5178 τὴν
806 5113 1063 5181 σπουδήν.
1108 5113 1171 5164 Ἦ
1201 5113 1255 5164 δε
1302 5112 1543 5182 συνήθως
1584 5114 1794 5180 ἀποφέ-

219 5221 389 5271 ρουσα
418 5203 601 5263 αὺτοῖς
634 5203 695 5256 τὸ
731 5202 877 5272 ὕδωρ
928 5203 1186 5272 ἐλευθέρα
1231 5201 1343 5271 εἶχε
1399 5204 1497 5270 μὲν
1535 5205 1594 5255 τὸ
1625 5204 1788 5272 ὕδωρ,

216 5297 293 5356 ὡς
330 5298 392 5346 τὸ
420 5295 664 5363 σύνηθες,
706 5298 795 5347 ἐπὶ
826 5297 884 5348 τὸ
909 5295 1193 5364 διάζωσμα
1214 5315 1228 5328 ο
1262 5297 1566 5348 κωλυθεῖσα
1591 5297 1644 5348 δὲ
1681 5301 1791 5349 εἱσ-

217 5387 418 5450 ε).θεῖν,
457 5389 707 5454 ὴρωτᾶτο
739 5390 888 5456 παρᾶ
922 5388 1028 5441 τῶν
1054 5388 1246 5455 ἁγίων,
1289 5391 1336 5440 εἰ
1368 5390 1478 5457 ἔχει
1515 5389 1679 5458 ὕδωρ.
1728 5389 1789 5442 Ἠ

217 5479 273 5530 δὲ
309 5476 397 5526 διὰ
425 5478 548 5537 τοὺς
581 5476 939 5546 παρεστῶτας
971 5480 1274 5548 ἠρνήσατο’
1302 5482 1394 5530 καὶ
1422 5480 1571 5545 λέγει
1611 5482 1742 5533 αὐτὸ
1765 5484 1791 5534 6

217 5568 373 5630 ἂγιος
413 5566 660 5629 Λεόντιος
689 5571 753 5636 τῇ
796 5567 1066 5636 Ἀρμενίῳ
1105 5573 1254 5639 φωνῇ
1296 5567 1566 5640 Βασιανῇ·
1611 5573 1672 5623 Εἰ
1717 5573 1791 5641 μὴ

218 5664 456 5728 ἤνεγκας
479 5660 602 5729 ἄρτι
630 5661 689 5712 τὸ
712 5661 852 5732 ὕδωρ
872 5664 924 5714 ἐν
946 5662 1118 5734 ταύτῃ
1141 5669 1203 5733 τῇ
1239 5665 1474 5734 ἀνάγκῃ,
1499 5667 1581 5716 ὅτι
1621 5685 1790 5718 xam-

219 5755 536 5823 φλεγόμεθα
570 5757 661 5806 καὶ
706 5757 760 5807 αἱ
811 5757 1027 5825 καρδίαι
1075 5759 1229 5825 ἡμῶν
1260 5758 1598 5823 σϐέννυνται,
1640 5762 1731 5810 καὶ
1763 5761 1789 5811 ὃ

219 5847 480 5916 ἐποίησας
510 5848 636 5917 ἡμῖν
663 5848 844 5915 κλλδν,
866 5849 937 5914 ὡς
963 5850 1112 5904 οὐδὲν
1139 5869 1167 5904 κ
1187 5853 1434 5923 (τιφάνη,
1461 5853 1550 5906 καὶ
1573 5852 1642 5923 ὡ)
1667 5853 1786 5906 οὔκ

1893 4836 2250 4898 renuntiavit,
2282 4835 2375 4903 qui
2412 4833 2611 4887 animis
2672 4835 2874 4888 hilares
2963 4837 3356 4905 exspectabant
3408 4839 3468 4891 ii-

1894 4943 2018 4980 nem
2045 4942 2168 4980 cum
2203 4927 2419 4994 egregia
2449 4927 2756 4988 alacritate,
2786 4935 2842 4982 et
2871 4943 3063 4982 omnes
3114 4930 3252 4982 bene
3279 4946 3458 4999 preca.

1893 5018 2094 5072 bantur
2123 5018 2355 5081 Philiuo,
2387 5019 2534 5086 quod
2563 5020 2820 5089 gessisset
2849 5036 3078 5082 morem,
3123 5030 3179 5076 et
3239 5021 3465 5087 Herodi,

1892 5112 2036 5181 quod
2059 5112 2364 5166 festinaret.
2393 5115 2457 5163 Al
2483 5127 2746 5182 generosa
2765 5113 2866 5165 ista
2893 5113 3108 5173 mulier.
3131 5130 3250 5181 qua?
3268 5131 3462 5183 aquam

1891 5205 1955 5257 ad
1978 5211 2199 5257 sanctos
2235 5203 2456 5258 deferre
2517 5214 2903 5264 consueverat,
2963 5219 3158 5273 aquam
3197 5206 3267 5260 de
3313 5225 3466 5264 more

1900 5296 2002 5350 sub
2030 5297 2277 5349 cinctura
2309 5295 2583 5349 condebat
2618 5314 2630 5348 :
2664 5311 2852 5348 verum
2885 5295 3134 5366 ingressu
3166 5299 3457 5367 prohibita,

1902 5387 2340 5457 interrogabatur
2361 5402 2388 5438 a
2407 5388 2629 5449 sanctis.
2653 5403 2720 5440 an
2742 5404 2938 5457 aquam
2970 5390 3214 5446 haberet.
3239 5393 3465 5461 Negavit

1903 5483 2016 5551 ipsa
2069 5489 2293 5549 propter
2321 5488 2582 5534 astantes.
2611 5480 2846 5534 Sanctus
2883 5479 3148 5536 Leontius
3183 5483 3286 5536 hoc
3326 5486 3464 5538 dixit

1900 5589 2152 5628 sermone
2171 5574 2410 5626 Armeno
2448 5572 2687 5626 Basranre
2718 5590 2730 5625 :
2779 5573 2833 5626 Si
2869 5590 2978 5627 non
3009 5575 3239 5628 attulisti
3264 5591 3463 5646 aquam

1901 5667 1952 5719 in
1982 5667 2080 5718 hac
2106 5667 2431 5720 necessitate
2467 5665 2610 5733 (nam
2647 5668 3042 5729 comburimur,
3073 5677 3128 5722 et
3151 5669 3315 5723 corda
3367 5689 3464 5725 no.

1902 5769 2010 5810 stra
2037 5759 2483 5826 exstinguuntur)
2519 5774 2650 5812 sane
2680 5759 2825 5827 quod
2849 5761 3003 5812 nobis
3029 5759 3204 5816 fecisti
3232 5761 3459 5826 bonum.

1905 5863 2158 5923 tauquam
2191 5851 2325 5905 nihil
2375 5850 2628 5920 apparuit
2665 5860 2716 5905 ct
2769 5860 3033 5920 tanquam
3086 5865 3307 5921 prorSus
3356 5873 3461 5909 non
