4230 6436
170 386 274 449 341

1133 385 1600 446 MARTYRIUM
1643 382 1749 442 SS.
1792 382 1942 441 XLV
1980 387 2445 448 MARTYRUM.

3324 386 3430 450 382

171 503 359 566 αὐτὸν,
394 504 560 573 μηδὲν
616 504 798 556 ἄδικον
835 503 864 570 ἢ
904 503 1218 569 παράνομον
1255 498 1740 568 διαπραττόμενοι,

1852 504 1991 558 sicut
2025 515 2080 558 tu
2110 523 2221 574 prze
2255 523 2338 562 me
2368 508 2535 570 nosti,
2564 519 2698 575 quot
2726 508 2957 561 solitarii
2987 509 3039 562 in
3069 507 3300 578 Egypto
3327 509 3431 561 mi-

169 593 464 660 φιλόξενοι,
513 595 722 657 πάντας
773 593 1117 661 ἀγαπῶντες.
1171 594 1298 655 Καὶ,
1332 592 1403 653 ὡς
1453 593 1546 644 καὶ
1585 591 1746 652 αὐτὸς

169 679 319 745 οἶδας
360 685 465 753 πρὸ
501 685 659 754 ἐμοῦ,
691 687 814 747 τοὺς
856 687 914 736 έν
959 683 1218 752 Αἰγύπτῳ
1257 684 1546 753 ἐρημίτας,
1577 683 1748 734 ὁπόσα

171 776 710 845 θαυματουργοῦσιν.
747 777 812 828 Τί
857 772 950 827 οῦν
994 776 1287 843 μέλλομεν,
1317 776 1347 842 ἢ
1379 773 1746 842 βραδύνομενς

171 868 288 920 Νῦν
318 870 507 937 καιρὸς
531 869 760 937 ἀγῶνος.
804 866 954 934 Ἐμοὶ
981 867 1130 920 δοκεῖ
1160 867 1417 918 εἰσελθεῖν
1445 868 1541 918 σὺν
1569 866 1752 926 αὐτοῖς

171 959 231 1010 ὲν
262 963 328 1029 τῇ
365 960 601 1028 φυλακῇ,
637 961 732 1010 καὶ
762 959 1140 1027 παρακαλέσαι
1167 958 1364 1020 αὐτοὺς
1393 957 1649 1022 δέξασθαί
1685 973 1750 1023 με

176 1057 276 1106 σὺν
309 1056 514 1114 αὐτοῖς.
560 1052 648 1102 Σο“ι
685 1051 739 1102 δὲ
769 1053 819 1102 τί
842 1053 1008 1109 δοκεῖ,
1037 1051 1264 1118 ἁδελφέ;
1300 1052 1407 1103 Καὶ
1437 1052 1465 1102 ὁ
1499 1049 1754 1118 Βηληρά-

170 1148 273 1213 6ης
337 1147 438 1214 ἔψη
468 1161 481 1174 ⁸
536 1145 597 1196 Εἰ
632 1138 777 1196 οὗτοι
832 1145 932 1195 οὐκ
986 1145 1332 1211 ἐφοϐήθησαν
1372 1145 1461 1195 τὸν
1501 1144 1754 1205 Θάνατον,

175 1239 296 1291 ἀλλ’
327 1237 466 1306 ὑπὲρ
497 1237 590 1287 τοῦ
620 1236 757 1288 Θεοῦ
789 1236 967 1289 αὐτῶν
996 1236 1134 1303 μετὰ
1163 1238 1338 1305 χαρᾶς
1379 1235 1756 1303 ἀποθνήσκου-

176 1345 253 1388 σι,
304 1329 397 1377 καὶ
450 1327 695 1377 τοιοῦτον
745 1327 859 1393 φῶς
919 1325 1228 1393 βλέπουσιν,
1284 1321 1393 1376 οἷον
1465 1327 1559 1376 καὶ
1599 1327 1756 1393 ἡμεῖς

180 1420 310 1470 ίδεῖν
343 1417 766 1484 κατηξιώθημεν
799 1417 872 1484 τῷ
907 1418 994 1468 ἐπ’
1017 1419 1198 1478 αὐτοῖς
1233 1418 1474 1483 φανέντι,
1501 1417 1644 1469 amt
1670 1419 1762 1469 καὶ

177 1512 340 1578 ἡμεῖς
366 1510 581 1579 μέτοχοι
601 1510 696 1577 τῆς
717 1511 888 1576 χαρᾶς
913 1509 1091 1560 αὐτῶν
1118 1510 1175 1559 ού
1205 1509 1466 1576 γινόμεθα
1490 1528 1504 1570 ;
1537 1510 1763 1560 ἭΟελον

176 1601 234 1651 δὲ
277 1601 330 1651 εἴ
358 1618 438 1661 τις
467 1602 557 1652 τὸν
605 1601 794 1660 δοῦκα,
834 1600 920 1651 ἵνα
955 1601 1272 1667 ¹ὴνάγκασεν
1303 1601 1598 1652 ἀποθανεῖν
1627 1601 1764 1668 ὑπὲρ

176 1692 274 1746 τοῦ
305 1693 438 1745 Θεοῦ
471 1693 634 1745 αὐτοῦ
677 1692 1034 1759 Ἀσκληπιοῦ,
1089 1693 1120 1760 ἢ
1168 1693 1524 1755 Ἀπόλλωνος,
1571 1696 1663 1744 καὶ
1708 1693 1765 1744 ὃν

179 1785 484 1850 καθέξατο-
540 1785 655 1836 ἀλλ’
690 1786 895 1845 ἐκεῖνος
940 1785 1038 1852 μὲν
1076 1783 1352 1852 φιλοζωεῐ,
1384 1785 1541 1852 ἡμῶν
1575 1785 1630 1835 δὲ
1668 1786 1764 1838 καὶ

177 1877 280 1938 τὰς
331 1877 576 1937 ἀννῶνας
648 1876 871 1939 καὶτὰς
919 1877 1087 1939 ἄλλας
1139 1877 1457 1944 εὐεργεσίας
1495 1878 1760 1943 ὑπέτεμε,

179 1975 278 2024 καὶ
328 1974 528 2040 ἄνδρας
578 1974 824 2038 δικαίους
861 1979 1180 2029 άποκτενεί-
1217 1977 1614 2046 προσέλθωμεν
1643 1974 1759 2027 οῦν.

253 2061 338 2116 ις’.
369 2065 492 2117 .Kal
527 2066 911 2134 εἰσδραμόντες
945 2069 1287 2137 προσέπεσον
1311 2071 1422 2127 τοῖς
1451 2067 1650 2132 ἁγίοις,
1678 2066 1764 2117 λέ-

181 2173 375 2222 γοντες
399 2171 410 2182 ⁸
458 2154 652 2223 Κύριοι
689 2155 870 2222 ἡμῶν,
900 2157 992 2206 καὶ
1021 2155 1196 2206 δοῦλοι
1232 2156 1325 2206 τοῦ
1378 2153 1639 2222 Χριστοῦ,
1682 2153 1765 2205 δέ·

181 2247 349 2312 ξασθε
393 2248 488 2297 καὶ
522 2247 670 2314 ἡμᾶς
698 2247 752 2296 ὲν
784 2247 859 2315 τῷ
894 2245 1112 2316 ἀριθμῲ
1141 2246 1293 2316 ὑμῶν
1316 2263 1328 2276 ·
1361 2245 1766 2314 ἐπιστεύσαμεν

180 2342 294 2407 γάρ
339 2341 499 2407 ἡμεῖς
543 2340 622 2399 εἰς
653 2336 745 2389 τὸν
788 2337 994 2407 Κύριον
1042 2338 1198 2408 ἡμῶν
1252 2339 1462 2408 Ἰησοῦν
1507 2340 1762 2409 Χριστὸν,

183 2433 277 2482 τον
310 2433 674 2498 ἀγαπήσαντα
701 2431 867 2499 ἡμᾶς.
907 2431 1149 2494 Εύξασθε
1181 2431 1272 2483 οῦν
1307 2435 1399 2484 καὶ
1426 2432 1554 2499 περὶ
1584 2431 1764 2500 ἡμῶν,

183 2524 273 2578 Iv:
322 2527 393 2593 μὴ
422 2524 495 2585 ὡς
532 2523 894 2592 βραδύναντες
927 2522 1357 2590 έκκλεισθῶμεν.
1411 2524 1524 2576 Καὶ
1564 2526 1768 2587 πάντες

182 2617 326 2685 ὁμοῦ
385 2616 813 2686 περιπλακέντες
860 2615 1044 2677 αὐτοῖς
1094 2615 1143 2666 oi
1189 2614 1337 2680 ἆγιοι
1389 2613 1766 2683 κατεφίλησαν

187 2711 391 2768 αὐτοὺς
425 2709 561 2776 μετὰ
590 2708 784 2776 χαρᾶς,
812 2707 1062 2772 λέγοντες
1085 2724 1098 2736 ο
1137 2706 1380 2776 ’Δδελφοὶ
1415 2707 1572 2777 ἡμῶν
1606 2710 1726 2759 ἐστε
1750 2723 1765 2739 ο

185 2801 214 2850 ὀ
272 2799 380 2866 γὰρ
425 2797 628 2865 Κύριος
676 2796 834 2866 ήμῶν
871 2795 1078 2864 Ἰησοῦς
1121 2795 1356 2863 Χριστὸς
1387 2798 1480 2847 καὶ
1513 2797 1638 2858 τοὺς
1668 2795 1768 2863 τῆς

187 2892 490 2959 ἑνδεκάτης
524 2891 672 2958 ὥρας
705 2891 941 2958 ἐργάτας
974 2887 1190 2950 ἐδέξατο
1222 2890 1301 2950 είς
1329 2888 1420 2939 τὸν
1449 2888 1767 2955 ἀμπελῶναο

190 2986 270 3050 μὴ
321 2979 416 3034 οὖν
463 2983 767 3050 δειλιάσητε
794 2998 808 3011 ο
852 2975 895 3048 ᾧ
926 2987 1033 3049 γὰρ
1064 2982 1418 3034 ἐπιστεύσατε
1454 2980 1665 3050 Κυρίῳ,
1692 2980 1769 3049 τῷ

187 3075 415 3142 ὀφθέντι
453 3077 585 3143 ἡμῖν
638 3077 728 3125 καὶ
769 3074 1086 3139 λαλήσαντι,
1116 3074 1278 3136 αὐτὸς
1327 3075 1471 3143 ὑμᾶς
1516 3073 1770 3126 ἐκάλεσεν

1852 601 2035 652 racula
2071 599 2319 652 faciunt?
2350 597 2460 653 Cur
2491 615 2619 668 ergo
2651 613 2953 662 moramur,
2989 609 3082 651 aut
3119 598 3433 651 tardamus?

1852 689 2009 743 Nunc
2041 690 2364 742 certaminis
2399 701 2617 757 tempus
2684 698 2789 744 est.
2847 689 2964 744 Una
3009 704 3131 742 cum
3183 689 3316 756 ipsis
3381 691 3434 741 in

1851 782 2384 837 earceremintroire
2427 782 2558 834 milii
2598 783 2796 850 placet,
2824 783 3082 850 ipsosque
3144 781 3433 842 obtestari,

1855 885 1912 929 ut
1952 892 2034 928 me
2067 876 2120 928 in
2154 889 2315 928 suum
2343 876 2610 941 accipiant
2665 874 3029 927 consortium.
3068 874 3207 939 Quid
3252 883 3434 928 autem

1858 968 1954 1020 tibi
1984 967 2222 1031 videtur,
2255 966 2458 1020 frater?
2485 976 2539 1018 et
2569 966 2858 1019 Belerades
2889 965 3024 1017 dixit
3063 982 3074 1016 :
3104 965 3157 1018 Si
3203 974 3434 1016 mortem

1857 1059 1934 1113 illi
1963 1076 2069 1112 non
2113 1061 2324 1119 timent,
2357 1059 2448 1112 scd
2486 1068 2710 1126 propter
2754 1060 2920 1111 Deum
2970 1073 3128 1110 suum
3189 1059 3439 1109 moriun-

1861 1160 1951 1204 tur
2001 1166 2124 1203 cum
2151 1149 2370 1218 gaudio,
2398 1162 2452 1201 et
2484 1149 2587 1201 tale
2618 1149 2802 1200 lumen
2834 1148 3131 1214 aspiciunt,
3167 1146 3310 1214 quali
3340 1161 3440 1199 nos

1860 1259 2079 1312 quoque
2117 1243 2375 1311 dignatus
2408 1252 2491 1293 est
2523 1243 2634 1301 ille,
2669 1241 2759 1309 qui
2796 1240 2880 1295 bis
2903 1240 3196 1306 apparuit;
3225 1238 3356 1305 quid
3385 1238 3439 1290 nl

1862 1332 2043 1400 gaudii
2081 1331 2326 1398 ipsorum
2365 1331 2659 1398 participes
2714 1330 2905 1381 ﬁamus
2940 1329 3101 1380 etiam
3135 1328 3271 1379 nos?
3320 1327 3443 1379 Vel-

1865 1424 1992 1481 lem.
2027 1430 2086 1475 ut
2118 1423 2240 1489 quis
2272 1422 2464 1474 ducem
2498 1432 2714 1488 cogeret
2747 1423 2810 1473 ad
2839 1420 3180 1473 moriendum
3212 1435 3306 1487 pro
3336 1419 3440 1471 deo

1866 1533 1965 1571 SUO
1986 1517 2298 1582 Esculapio
2331 1525 2424 1570 aut
2458 1516 2727 1583 Apolline,
2785 1530 3023 1582 eumque
3060 1511 3440 1581 apprehende-

1869 1616 1950 1662 ret
1989 1626 2000 1661 :
2037 1608 2130 1661 sed
2172 1609 2317 1660 enim
2353 1609 2440 1661 ille
2477 1616 2621 1660 amat
2657 1607 2854 1669 vitam;
2903 1617 3117 1658 nostras
3152 1619 3284 1657 vero
3341 1619 3442 1657 an-

1869 1717 2044 1754 nonas
2071 1702 2145 1768 (4)
2175 1710 2229 1754 et
2262 1702 2364 1753 alia
2402 1700 2670 1753 beneficia
2701 1697 2956 1762 succidit,
2986 1713 3050 1751 ac
3091 1696 3240 1750 viros
3265 1696 3443 1766 justus

1870 1793 2094 1847 occidit.
2127 1795 2469 1846 Accedamus
2501 1793 2702 1860 itaque.

1944 2063 2059 2118 XX.
2096 2063 2160 2119 Et
2192 2073 2543 2117 accurrentes
2572 2059 2891 2115 acciderunt
2909 2062 3135 2120 sanctis.
3169 2059 3446 2113 dicentes:

1872 2158 2088 2211 Domini
2128 2157 2302 2214 nostri
2345 2166 2399 2209 et
2426 2156 2569 2209 servi
2606 2154 2830 2217 Christi,
2865 2168 2965 2207 nos
2996 2167 3214 2221 quoque
3248 2152 3301 2204 in
3346 2165 3450 2203 nuc

1873 2263 2084 2300 merum
2119 2258 2363 2301 vestrum
2413 2247 2684 2299 admittite
2742 2263 2753 2296 :
2786 2245 3124 2298 credidimus
3164 2246 3308 2297 enim
3350 2257 3454 2298 nos

1875 2344 1929 2396 in
1958 2341 2245 2394 Dominum
2271 2349 2516 2392 nostrum
2541 2339 2726 2393 .lesum
2754 2338 3057 2398 Christum,
3105 2337 3196 2405 qui
3257 2337 3452 2390 dilexit

1875 2450 1996 2487 nos.
2025 2433 2189 2488 Orate
2221 2434 2404 2500 itaque
2436 2447 2533 2499 pro
2572 2430 2752 2489 nobis,
2783 2446 2848 2482 ne
2892 2437 3147 2498 tanquam
3183 2429 3334 2482 tarde
3358 2442 3451 2480 ve.-

1875 2527 2091 2580 nientes
2121 2525 2498 2578 excludamur.
2556 2524 2738 2577 Sancti
2784 2539 2976 2575 omnes
3026 2523 3150 2576 illos
3190 2522 3449 2590 amplexi,

1876 2618 2124 2672 osculum
2152 2617 2440 2670 dederunt
2467 2630 2589 2669 cum
2628 2615 2833 2677 laetitia,
2886 2614 3132 2667 dicentes
3170 2633 3180 2666 :
3230 2615 3451 2668 Fratres

1877 2711 2050 2764 nostri
2102 2709 2272 2772 estis;
2306 2719 2429 2760 nam
2452 2708 2716 2760 Dominus
2759 2717 2946 2759 noster
2981 2706 3140 2760 Jesus
3197 2705 3452 2760 Christus

1876 2805 2026 2857 hora:
2062 2801 2364 2854 undecimae
2399 2800 2680 2866 operarios
2711 2799 2931 2854 admisit
2978 2800 3029 2852 in
3062 2801 3317 2852 vineam:
3354 2815 3452 2851 no-

1877 2899 1972 2952 lite
1997 2910 2126 2964 ergo
2158 2896 2350 2947 timere
2372 2911 2386 2956 ;
2412 2908 2533 2946 nam
2568 2892 2853 2954 Dominus,
2885 2892 2970 2945 eui
2998 2892 3328 2951 credidistis.
3357 2892 3451 2960 qui

1878 2986 2038 3041 nobis
2071 2988 2345 3054 apparuit,
2369 2995 2424 3038 et
2483 2983 2769 3037 nobiscum
2807 2985 3022 3037 loculus
3049 2994 3150 3043 est.
3187 2984 3302 3050 ipse
3357 2997 3464 3036 vos

1879 3079 2111 3143 vocavit,
2144 3088 2403 3157 tanquam
2435 3076 2650 3146 dignos.
2683 3076 2812 3130 Orta
2845 3089 3027 3128 autem
3053 3077 3197 3130 luce.
3228 3075 3333 3127 dux
3364 3090 3457 3128 ac-

185 3169 267 3229 ὡς
329 3165 511 3229 ἀξίους
563 3165 742 3226 ὖντας.
800 3166 1020 3232 Πρωῖας
1068 3167 1123 3217 δὲ
1159 3167 1482 3234 γενομένης,
1527 3166 1769 3234 ἠκούσθη

1881 3173 2330 3242 cepit.custodes
2361 3185 2480 3224 esse
2528 3168 2934 3238 przevaricatos,
2969 3177 3025 3220 et
3065 3183 3094 3221 a
3140 3170 3450 3220 vinctorum

186 3257 368 3310 ταῦτα
397 3257 474 3327 τῷ
502 3257 675 3320 δουκὶ,
709 3257 789 3308 ὅτι
833 3261 926 3308 καὶ
951 3259 997 3308 οἱ
1030 3257 1272 3325 φύλακες
1299 3258 1642 3326 παρέϐησαν,
1681 3261 1773 3311 καί

186 3354 300 3403 εἰσι
354 3354 451 3403 σὺν
500 3354 610 3412 τοῖς
664 3350 992 3416 δεσμώταις.
1034 3349 1094 3402 Ὀ
1128 3350 1182 3402 δὲ
1211 3349 1336 3408 δοὺξ
1371 3350 1774 3418 βλασφημήσας

187 3443 320 3504 τοὺς
358 3442 509 3502 θεοὺς
537 3441 702 3493 αὑτοῦ
742 3437 917 3504 εἶπεν,
950 3443 1032 3492 ὅτι
1079 3442 1174 3493 ἕνα
1222 3442 1341 3493 καθ’
1377 3443 1471 3493 ’ἐνα
1503 3442 1773 3507 ἀπώλεσε,

193 3536 272 3602 μὴ
297 3535 588 3600 δυνάμενοι
623 3536 834 3594 ἑαυτοῖς
875 3534 1163 3602 βοηθῆσαι,
1194 3535 1310 3586 ἀλλ’
1337 3538 1646 3602 ἐκδέχονται
1679 3540 1777 3605 τὴν

188 3625 283 3676 διὰ
316 3623 423 3673 τῶν
453 3623 752 3693 ἁνθρὺπων
783 3624 1086 3690 ἐκδίκησιν.
1126 3626 1233 3676 Καὶ
1267 3623 1499 3687 ἐξελθὼν
1529 3627 1629 3692 τῆς
1665 3630 1767 3680 πό-

195 3718 358 3778 λεως,
407 3715 658 3770 ἐκάθισεν
708 3718 764 3768 ἐν
813 3716 888 3786 τῷ
923 3719 1144 3786 συνήθει
1188 3716 1360 3785 τόπῳ,
1397 3718 1488 3769 καὶ
1532 3719 1777 3781 δεδωκὼς

199 3810 431 3873 πρόοδον
481 3813 622 3861 κατὰ
679 3811 788 3862 τῶν
842 3810 1034 3876 ἁγίων,
1080 3811 1364 3863 ἐκέλευσεν
1409 3811 1605 3873 αὐτοὺς
1646 3829 1780 3881 προ-

194 3904 434 3971 αχθῆναι
460 3919 476 3933 ο
513 3903 605 3953 καὶ
650 3902 984 3969 Θεασάμενος
1018 3903 1108 3955 τὸν
1135 3904 1378 3957 Μεναίαν
1402 3906 1495 3956 καὶ
1532 3905 1782 3976 Βηληρά·

193 3997 297 4061 δην
326 3993 555 4054 ἑαυτοὺς
586 3994 943 4054 συνδέσαντας
976 3999 1082 4056 τοῖς
1110 3998 1305 4061 ἁγίοις,
1353 3999 1649 4066 ἐμειδίασε,
1687 4000 1783 4052 καὶ

197 4087 354 4153 λέγει
400 4087 681 4157 Ἀππιανῴ
723 4087 798 4157 τῷ
835 4088 1130 4158 πρίγκιπι·
1173 4088 1430 4156 Θεωρεῖς,
1495 4091 1781 4157 ’Λππιοινὲ,

197 4181 284 4230 ὅτι
333 4179 448 4230 ἐστι
513 4196 597 4249 τις
649 4180 742 4232 καὶ
783 4183 838 4233 έν
879 4183 991 4243 τοῖς
1025 4181 1261 4250 χείροσιν
1297 4181 1457 4252 ἡδονὴ
1490 4186 1520 4252 ἡ
1556 4183 1784 4238 θάνατον

201 4273 452 4339 φέρουσα
471 4287 485 4301 ·
525 4273 631 4323 ἰδοῦ
660 4274 766 4341 γὰρ
788 4274 835 4325 oi
858 4275 1190 4343 στρατιῶται
1216 4275 1306 4326 τὸν
1331 4277 1558 4329 θάνατον
1585 4279 1784 4343 μᾶλλον

201 4364 560 4432 ἡγάπησανῆ
598 4365 695 4430 τὴν
748 4366 913 4434 ζωήν.
963 4367 1256 4428 Ἀππιανὸς
1287 4363 1440 4420 εἶπεν
1469 4383 1481 4396 ⁸
1519 4370 1782 4434 Δέσποτα,

202 4459 438 4510 κόλασον
469 4456 666 4519 αὐτοὺς
695 4456 820 4527 ξένῃ
840 4459 1102 4527 τιμωρίᾳ.
1149 4458 1206 4510 '0
1233 4459 1289 4511 δὲ
1319 4458 1444 4523 δοὺξ
1471 4460 1617 4527 λέγει
1637 4477 1652 4492 ·
1684 4462 1782 4528 Οὒ,

207 4550 289 4616 μὲι
321 4549 448 4608 τοὺς
474 4548 649 4611 θεοὺς,
674 4549 735 4601 ού
761 4548 974 4612 κολάζω
1007 4551 1222 4610 αὐτοὺς,
1255 4553 1451 4619 μήπως
1483 4554 1784 4623 κολαζόμε-

203 4657 288 4692 νοι
354 4640 449 4690 καὶ
510 4641 943 4708 ὁμολογήσαντες
984 4642 1107 4703 τοὺς
1163 4641 1318 4705 Θεοῦς
1363 4643 1640 4711 ζήσουσιν,
1674 4647 1787 4700 ἀλλ’

207 4756 296 4788 σιν
321 4750 337 4766 ⁸
369 4734 396 4788 ὃ
431 4733 804 4801 ἐπεθύμησαν,
833 4737 1094 4791 λάϐωσιν.

288 4827 417 4882 KA'.
473 4829 816 4897 Ἀπεφήνατο
863 4825 955 4882 οῦν
1001 4834 1123 4882 κατ’
1159 4833 1362 4895 αὐτῶν,
1400 4833 1574 4900 λέγων
1598 4852 1612 4866 θ
1645 4831 1789 4889 οὗτοι

205 4928 258 4973 οἱ
293 4924 524 4984 ἑστῶτες
559 4925 661 4990 πρὸ
685 4924 775 4974 τοῦ
805 4923 1045 4990 βήματος
1079 4942 1182 4991 μου
1212 4927 1259 4975 οἱ
1287 4927 1444 4977 πέντε
1473 4930 1566 4979 καὶ
1599 4946 1790 4982 τεσσα-

214 5016 459 5084 ράκοντα
497 5014 596 5080 τῆς
626 5015 734 5065 τῶν
765 5014 1106 5079 Χριστιανῶν
1132 5015 1430 5084 θρησκείας
1462 5018 1790 5086 θρησκεύον-

207 5124 306 5170 τας
344 5107 722 5172 τυγχάνοντες,
751 5106 846 5160 καὶ
884 5109 1333 5175 παρακούσαντες
1365 5109 1472 5161 τῶν
1513 5112 1786 5180 αὐτοκρα-

213 5202 392 5268 τόρων
431 5197 717 5267 βασιλέων,
754 5201 847 5252 καὶ
896 5203 969 5268 μὴ
1001 5200 1264 5263 θύσαντες
1301 5208 1412 5264 τοῖς
1451 5207 1615 5268 θεοῖς,
1657 5209 1791 5275 πρό-

211 5308 378 5358 τερον
433 5292 531 5360 μὲν
588 5291 841 5343 πελέκεσι
893 5293 1271 5360 τεμνέσθωσαν
1342 5298 1527 5363 χεῖρας
1568 5300 1658 5348 καὶ
1696 5300 1791 5349 πόσ-

215 5387 345 5446 δας.
405 5383 594 5435 ἔπειτα
650 5381 780 5449 πυρὶ
838 5383 1338 5453 παραδιθήτωσαν,
1397 5390 1488 5438 καί
1545 5389 1789 5456 ἀπωλείᾳ

217 5480 315 5530 τοῦ
379 5475 554 5527 Λύκου
610 5473 875 5543 ποταμοῦ.
922 5477 982 5526 Οί
1031 5477 1084 5528 δὲ
1134 5477 1427 5545 ὑπηρέται,
1467 5481 1788 5548 ποιήσαντες

223 5566 558 5627 καθεσθῆναι
586 5567 704 5628 τοὺς
736 5567 919 5632 ἁγίους
953 5569 1044 5618 ἐπὶ
1071 5568 1163 5620 τοῦ
1184 5569 1432 5638 ἐδάφους,
1461 5573 1648 5624 κατέτε
1662 5591 1789 5626 μνον

295 5723 376 5799 iii
424 5723 555 5776 Nota
583 5735 664 5799 cst
703 5724 914 5799 Latinis
969 5743 1067 5780 vox
1102 5745 1353 5792 annona;
1400 5729 1484 5784 hic
1519 5730 1654 5783 forte
1697 5748 1789 5783 su-

232 5796 399 5845 mitur
423 5810 518 5860 pro
553 5796 769 5847 salario.

1881 3266 2129 3334 partibus
2153 3273 2328 3328 stare;
2367 3272 2421 3317 et
2453 3262 2587 3316 deos
2619 3277 2748 3315 suos
2793 3261 3132 3315 conviciatus
3160 3261 3314 3314 dixit.
3358 3274 3458 3316 eos

1882 3373 2053 3410 unum
2085 3367 2201 3423 post
2231 3359 2461 3410 alterum
2494 3355 2745 3422 periisse,
2787 3355 2878 3420 qui
2921 3368 3030 3405 non
3096 3362 3320 3416 possent
3350 3351 3453 3405 sibi

1882 3449 2018 3517 ipsis
2057 3447 2331 3507 auxiliari,
2362 3445 2454 3499 sed
2495 3447 2559 3500 ab
2585 3444 2904 3497 hominibus
2945 3457 3134 3511 pinnas
3176 3442 3310 3510 pati.
3364 3441 3457 3495 Ci-

1880 3544 2048 3595 vitate
2079 3555 2334 3610 egressus
2362 3550 2628 3596 consueto
2653 3539 2901 3591 consedit
2931 3538 3072 3592 loco.
3111 3546 3164 3588 et
3198 3536 3364 3588 misso
3389 3535 3455 3588 ad

1883 3647 2101 3688 sanctos
2135 3635 2226 3702 qui
2253 3636 2303 3686 in
2329 3633 2413 3685 via
2455 3633 2674 3699 praeiret
2713 3632 2911 3683 adduci
2945 3632 3227 3699 eosjussit
3275 3646 3287 3681 :
3330 3629 3454 3681 exin

1882 3727 2139 3778 Menaeam
2171 3733 2224 3776 et
2260 3725 2574 3778 Beleradem
2611 3723 3037 3791 contemplatus,
3086 3737 3208 3775 eum
3251 3721 3458 3775 sanctis

1881 3818 2117 3881 vinctos,
2144 3816 2375 3882 subrisit
2405 3817 2727 3883 etAppiano
2753 3816 2984 3882 principi
3015 3815 3088 3876 (5)
3115 3815 3244 3866 dicit
3273 3831 3285 3864 :
3322 3812 3457 3866 Cer-

1885 3913 1992 3972 nis.
2013 3913 2276 3980 Appiano,
2303 3910 2446 3979 quod
2473 3909 2554 3963 vel
2590 3909 2641 3961 in
2674 3908 2949 3962 inferioris
2980 3917 3121 3960 nota:
3142 3905 3459 3958 hominibus

1885 4006 2137 4069 voluptas
2176 4003 2421 4069 quaedam
2463 4002 2534 4052 sit
2579 4001 2820 4067 perferre
2851 4008 3106 4052 mortem.
3141 3997 3280 4050 Ecce
3309 3997 3457 4049 enim

1887 4094 2091 4148 milites
2138 4101 2371 4145 mortem
2429 4091 2739 4144 dilexerunt
2796 4089 2978 4158 potius
3032 4105 3195 4156 quam
3261 4088 3453 4140 vitam.

1887 4191 2170 4255 Appianus
2219 4185 2394 4238 dixit:
2435 4183 2698 4243 Domine,
2739 4182 3001 4234 inusitato
3059 4179 3305 4233 cruciatu
3362 4191 3459 4232 eos

1887 4280 2085 4348 plecte.
2129 4278 2241 4329 Dux
2276 4289 2404 4327 vero
2438 4272 2574 4324 dixit
2602 4289 2612 4321 :
2654 4271 2794 4332 Non,
2825 4287 2922 4338 per
2945 4271 3097 4327 deos.
3134 4286 3242 4321 non
3272 4268 3459 4322 crucio

1891 4377 2061 4444 ipsos,
2113 4384 2181 4424 ne
2219 4367 2473 4425 cruciati.
2518 4373 2574 4418 et
2624 4364 2755 4417 deos
2805 4359 3040 4415 confessi
3087 4360 3305 4420 vivant;
3359 4358 3457 4411 sed

1891 4465 2189 4537 pronuntio
2221 4459 2545 4515 sententiam
2571 4464 2761 4512 contra
2793 4453 2934 4511 illus,
2969 4460 3150 4505 utuua
3183 4463 3305 4503 cum
3337 4447 3461 4502 aliis

1820 4558 1863 4608 ἰ)
1893 4559 2311 4612 comburantur,
2345 4562 2420 4607 et.
2461 4550 2605 4616 quod
2636 4555 2915 4614 optarunt,
2949 4544 3241 4610 accipiant.

1827 4649 2200 4719 ἀποφαίνομαι
2227 4644 2348 4695 κατ’
2385 4641 2563 4693 αὐτῶν
2592 4640 2737 4699 ὅπως
2807 4636 2903 4687 σὺν
2962 4638 3070 4695 τοῖς
3101 4634 3280 4694 ἄλλοις
3313 4632 3462 4684 x16)..-

1959 4835 2100 4890 ΧΧΙ.
2166 4827 2504 4886 Sententiam
2563 4827 2746 4892 itaque
2799 4823 3063 4876 adversus
3137 4837 3230 4874 eos
3301 4822 3457 4883 tulit,

1890 4929 2118 4984 dicens:
2163 4921 2249 4979 Hi,
2283 4919 2374 4985 qui
2411 4928 2536 4969 ante
2573 4915 2812 4969 tribunal
2858 4928 3039 4968 meum
3077 4920 3255 4965 astant
3293 4914 3458 4980 quin.

1888 5034 1993 5087 que
2036 5025 2090 5070 et
2134 5011 2493 5083 quadraginta
2545 5008 2857 5065 christiana:
2902 5003 3314 5072 superstitionis
3345 5004 3458 5058 cul-

1890 5117 2058 5170 tores,
2097 5102 2524 5173 imperatoribus
2563 5096 2820 5166 Augustis
2874 5095 3154 5158 reluctati,
3203 5095 3308 5148 diis
3349 5111 3458 5149 non

1898 5201 2269 5257 immolarunt,
2301 5195 2478 5263 primo
2496 5191 2714 5260 quidem
2745 5188 3078 5257 bipennibus
3102 5197 3461 5254 amputentur

1900 5308 2089 5349 manus
2113 5306 2174 5344 ac
2210 5288 2394 5357 pedes,
2431 5286 2559 5340 dein
2595 5284 2701 5352 igni
2733 5282 3043 5339 tradantur.
3070 5290 3124 5332 et
3151 5277 3277 5347 Lyci
3307 5277 3459 5332 ﬂuvii

1899 5387 2062 5442 undis
2095 5391 2341 5452 pereant.
2379 5376 2608 5432 Ministri
2650 5384 2832 5428 autem
2867 5384 3081 5427 sanctos
3113 5372 3260 5425 humi
3287 5372 3462 5425 collo-

1900 5484 2105 5537 cantes,
2145 5473 2262 5525 sine
2308 5484 2461 5523 mora
2510 5467 2770 5521 membris
2820 5475 3182 5520 truncarunt:
3224 5477 3459 5530 quorum

1901 5569 1992 5620 alii
2029 5567 2082 5619 in
2135 5577 2261 5634 pyra
2309 5561 2536 5616 ardente
2575 5557 2977 5627 sanguinolenti
3021 5556 3256 5609 animam
3295 5552 3463 5607 exha-

1900 5797 1934 5843 Γ
1978 5728 2055 5788 (5)
2097 5722 2285 5778 Latine
2322 5720 2575 5791 princeps,
2616 5721 2681 5773 de
2711 5736 2818 5788 quo
2855 5715 3092 5785 Carisius
3139 5714 3189 5766 in
3228 5721 3461 5779 utroque

1927 5796 2194 5843 .lossario.

1912 5796 2194 5851 Blossario.
