4230 6436
794 379 897 442 343

2093 383 2381 442 MENSIS
2418 385 2716 445 IULIUS.

3948 383 4051 444 344

792 496 1015 549 labant:
1050 495 1139 550 alii
1180 509 1310 551 vero
1337 496 1517 550 adhuc
1547 497 1854 566 Spirabant.
1887 498 2035 553 Inter
2066 515 2204 568 quos
2236 501 2367 557 Ani-

2476 503 2571 554 καὶ
2597 502 2844 572 ἐμέλιζον
2877 503 2931 554 ἐν
2967 504 3169 572 σπουδῇ
3194 520 3206 532 ·
3235 503 3327 554 καὶ
3346 504 3394 555 οἱ
3423 504 3517 572 μὲν
3547 504 3654 556 τῶν
3682 505 3873 570 ἁγίων,
3901 506 3956 553 ἐν
3985 506 4052 571 τῇ

790 593 968 650 cetus,
1006 590 1414 657 contemplatus
1461 588 1696 640 fractum
1733 603 1854 642 esse
1885 603 2012 642 crus
2039 605 2221 652 suum,
2260 605 2368 644 non

792 691 1021 745 prorsus
1040 677 1368 743 abscissum,
1391 678 1485 732 sed
1513 679 1838 733 deformiter
1861 689 2087 742 tortum,
2123 685 2372 750 corporis

790 771 873 822 sui
929 771 1068 824 mala
1125 771 1336 834 ridens,
1392 772 1836 838 dixitzAdeste,
1897 772 2115 836 fratres,
2187 775 2371 828 videte

789 863 985 917 falcem
1016 860 1337 933 frugiferam
1365 882 1377 916 :
1411 875 1575 934 atque
1615 865 1696 918 illi
1746 866 1910 918 simul
1937 881 2058 919 cum
2092 866 2210 934 ipso
2241 882 2372 936 gau-

788 954 1014 1009 dobant.
1069 955 1139 1008 At
1189 966 1414 1010 sanctus
1461 957 1762 1021 Sisinnius,
1810 956 2000 1010 fractis
2043 956 2264 1025 organis
2313 965 2370 1009 et

784 1069 983 1120 magno
1015 1052 1317 1122 praecordia
1367 1053 1737 1105 inﬂammatus
1779 1060 1950 1113 aestu,
2001 1065 2110 1118 pra:
2145 1050 2230 1101 isti
2259 1049 2369 1102 dis-

785 1147 1158 1208 cruciabatur,
1176 1163 1236 1201 ac
1271 1147 1545 1200 volutatus
1574 1147 1626 1199 in
1657 1147 1960 1216 subjectam
1985 1156 2193 1214 petram
2222 1143 2365 1196 haud

782 1237 977 1302 procul
1011 1237 1078 1290 ab
1110 1236 1233 1291 aliis
1270 1237 1496 1304 sanctis,
1532 1247 1724 1305 aperto
1762 1251 1881 1302 ore,
1926 1235 2217 1288 Dominum
2244 1250 2368 1288 ora-

785 1330 882 1392 vit,
919 1330 1150 1386 dicens:

2478 598 2626 666 πυρᾷ
2688 597 2783 648 τοῦ
2841 596 3119 658 καύσωνος
3192 596 3701 665 ὲξαιματωθέντες,
3761 597 4053 649 ἀπέδωκαν

2475 690 2574 751 τὰς
2604 687 2785 757 ψυχάς
2808 707 2818 717 ·
2858 691 2905 741 οἱ
2943 689 2997 741 δὲ
3038 688 3118 741 ἔτι
3149 689 3477 756 ἐμπνέοντες
3500 686 3661 757 ἦσαν,
3698 690 3753 739 ἐν
3784 684 3864 746 οἷς
3905 689 3995 739 καὶ
4028 690 4054 738 6

2475 779 2628 846 ἅγιος
2671 779 2959 849 Ἀνίκητος
3001 780 3337 847 Θεασάμενος
3379 780 3471 830 τὸν
3501 778 3675 848 μηρξιν
3717 777 3883 830 αὑτοῦ
3921 778 4054 828 κλαο

2478 867 2695 930 σθέντα,
2729 867 2789 919 οὗ
2827 867 2990 919 παντὶ
3021 868 3074 919 δὲ
3109 867 3408 936 τμηθέντα,
3456 869 3594 919 ἀλλά
3629 867 3906 936 στρεὸλῶς
3937 867 4053 918 κεί·

2477 975 2660 1028 μενον,
2714 959 3036 1025 καταγελῶν
3101 958 3196 1010 τοῦ
3262 959 3512 1027 σώματος
3572 959 3759 1021 αὑτοῦ,
3828 958 4051 1023 ἔλεγεν·

2473 1050 2658 1112 Δεῦτε,
2698 1050 2855 1112 ἴδετε,
2880 1050 3122 1116 ἀδελφοὶ,
3151 1049 3428 1116 δρεπάνην
3462 1051 3744 1118 καρπικήν
3773 1065 3788 1078 ·
3828 1051 3925 1101 καὶ
3958 1050 4054 1098 αὐ-

2470 1143 2555 1195 τοὶ
2582 1143 2636 1194 δὲ
2676 1142 2822 1212 αὐτῷ
2852 1143 3357 1213 συνεφαιδρύνοντο.
3395 1144 3452 1194 ’0
3475 1143 3528 1194 δὲ
3560 1142 3712 1209 ἅγιος
3758 1142 4052 1205 Σισίννιος,

2472 1240 2769 1304 κατεαγεὶς
2830 1239 2897 1290 τὰ
2965 1238 3168 1307 σκέλη,
3229 1239 3323 1289 καὶ
3381 1236 3588 1305 σφόδρα
3653 1233 4056 1302 καταφλεχθεις

2472 1330 2540 1380 τὰ
2602 1329 2810 1393 ἔγκατα
2865 1332 2929 1380 ἐκ
2993 1329 3091 1397 τῆς
3150 1329 3333 1398 δίψης,
3399 1327 3704 1395 κατεσύρη,
3776 1325 4055 1386 κυλισθεὶς

782 1427 862 1488 εἰς
894 1427 992 1496 τὴν
1025 1426 1399 1496 ὑποκειμένην
1428 1428 1638 1496 πέτραν
1676 1427 1736 1480 οὐ
1777 1427 1997 1499 μακράν
2035 1426 2144 1478 τῶν
2185 1424 2364 1479 ἄλλων
2405 1424 2600 1492 ἁγίων,
2665 1425 2758 1477 καὶ
2789 1424 3007 1490 ἀνοίξας
3039 1426 3099 1478 τὸ
3127 1425 3303 1495 στόμα
3335 1423 3502 1477 αὑτοῦ
3572 1423 3767 1494 ἐδεήθη
3819 1423 3916 1476 τοῦ
3951 1424 4059 1475 Κυ-

777 1524 924 1594 ρίου,
956 1524 1150 1592 λέγων·

856 1617 1020 1674 ΧΧΙΙ.
1069 1619 1319 1685 Domine,
1368 1620 1638 1676 donorum
1691 1635 2018 1691 magnorum
2061 1619 2243 1682 dator,
2276 1617 2369 1686 qui

2548 1614 2678 1667 KB'.
2709 1610 2884 1677 Κύριε
2915 1609 3282 1680 μεγαλόδωρε,
3316 1608 3345 1660 6
3389 1607 3454 1658 ὲκ
3505 1605 3711 1674 πέτρας
3743 1603 4056 1672 ἀκρνιτόμου

783 1711 1201 1767 multitudinem
1240 1714 1416 1781 plebis
1449 1731 1512 1769 ac
1541 1713 1728 1783 populi
1759 1715 2037 1767 sitientem
2091 1719 2366 1781 praerupta

783 1822 813 1857 e
842 1820 979 1872 rupe
1011 1806 1233 1873 potasti,
1258 1808 1350 1876 qui
1377 1808 1626 1862 Rubrum
1658 1823 1808 1862 mare
1828 1807 2081 1862 bifariam
2105 1804 2365 1869 secuisti,

787 1908 846 1951 ut
877 1898 1115 1966 populus
1147 1915 1176 1953 e
1199 1899 1454 1954 manibus
1492 1902 1665 1971 iniqui
1706 1901 2055 1970 eriperetur;
2095 1901 2189 1968 qui
2219 1907 2370 1952 cata-

785 1999 967 2046 ractas
1028 1993 1150 2046 oculi
1190 1995 1488 2061 aperuisti;
1523 1997 1618 2062 qui
1668 1994 1910 2048 evocasti
1969 2008 2139 2061 aquas
2175 1992 2364 2053 maris,

785 2094 838 2138 et
873 2083 1115 2140 etTudisti
1142 2086 1263 2138 illas
1291 2088 1342 2138 in
1372 2086 1567 2139 faciem
1599 2087 1871 2140 universae
1918 2093 2114 2148 terrae;
2149 2084 2241 2151 qui
2273 2083 2370 2135 be-

787 2177 1048 2230 nedixisti
1070 2194 1260 2246 aquas,
1299 2194 1422 2246 qua:
1445 2187 1572 2231 sunt
1603 2177 1658 2231 in
1695 2177 1957 2237 Jordane,
1993 2191 2091 2245 per
2113 2184 2365 2229 sanctum

786 2268 1058 2338 baptisma
1095 2279 1284 2331 tuum;
1312 2271 1406 2340 qui
1440 2270 1671 2324 dixisti:
1704 2269 1816 2340 Ego
1842 2285 1962 2323 sum
1987 2283 2128 2338 aqua
2160 2267 2280 2320 viva
2311 2268 2366 2331 7;

789 2374 1002 2430 petram
1056 2365 1198 2421 hanc
1250 2368 1441 2435 aperi,
1497 2383 1696 2437 aquam
1752 2367 2011 2428 eﬂ‘unde,
2067 2363 2369 2435 pauxillum

786 2465 952 2524 potus
1005 2457 1141 2509 mihi
1194 2458 1375 2525 praebe
1407 2475 1419 2510 :
1455 2467 1511 2511 et
1549 2473 1617 2511 ex
1668 2459 1774 2510 hoc
1824 2471 2150 2526 cognoscam
2186 2453 2229 2506 si
2271 2467 2372 2507 nos

786 2547 1004 2619 diligas,
1030 2560 1083 2604 et
1111 2551 1155 2604 si
1179 2550 1326 2621 digni
1351 2550 1541 2611 simus.
1566 2551 1816 2614 Domine,
1836 2548 1932 2619 qui
1952 2557 2003 2603 te
2027 2549 2368 2602 invocemus.

784 2641 981 2697 Cernis
1049 2643 1221 2708 enim,
1274 2659 1596 2713 compagem
1636 2644 1886 2711 corporis
1933 2641 2109 2696 nostri
2151 2655 2370 2694 omnem

787 2744 1170 2802 consumptam
1201 2743 1256 2787 et
1304 2734 1490 2788 aridos
1537 2748 1638 2789 nos
1683 2749 1805 2788 esse
1839 2744 2096 2804 tanquam
2143 2740 2368 2786 testam.

785 2827 884 2882 Illo
921 2826 1037 2880 Ιιίιξο
1063 2835 1256 2881 orante
1287 2827 1340 2880 in
1372 2837 1547 2896 petra,
1588 2828 1780 2897 ingens
1828 2843 1860 2882 e
1909 2839 2064 2897 petra
2123 2839 2375 2879 murmur

785 2919 1069 2982 insonuit,
1125 2927 1182 2972 et
1228 2919 1495 2987 strepitus
1542 2932 1851 2985 aquarum:
1894 2924 2167 2984 ruptaque
2216 2924 2370 2984 petra

2475 1709 2646 1774 δῆμον
2679 1707 2850 1777 μέγαν
2903 1707 2996 1758 καὶ
3026 1703 3152 1758 λαὸν
3182 1703 3422 1774 διψῶντα
3454 1701 3700 1762 ποτίσας,
3740 1698 3768 1748 6
3805 1696 3921 1759 θεὶς
3959 1699 4058 1762 τὴν

2489 1799 2755 1870 Ἐρυθρὰν
2784 1799 3060 1852 Θάλασσαν
3087 1797 3350 1865 τμήματα
3383 1797 3495 1858 δύο,
3519 1793 3647 1845 ἵναό
3680 1791 3767 1851 σὸς
3793 1790 3916 1852 λαδς
3951 1789 4060 1841 ἀπὺ

2476 1892 2680 1963 χειρῶν
2721 1891 2927 1957 ἀνόμου
2976 1888 3170 1959 ρυσθῇ,
3212 1890 3240 1940 6
3278 1886 3496 1948 ἀνοίξας
3529 1884 3656 1944 τοὺς
3702 1882 4058 1948 καταράκτας

2475 1986 2568 2040 τοῦ
2598 1985 2852 2055 οὐρανοῦ,
2879 1985 2906 2035 6
2944 1979 3428 2052 προσκαλούμενος
3462 1976 3522 2028 τὸ
3555 1975 3700 2044 ὕδωρ
3727 1973 3828 2040 τῆς
3856 1971 4060 2024 θαλάσ-

2479 2095 2599 2148 σης,
2635 2078 2731 2128 καὶ
2785 2075 2991 2144 ὲκχέων
3048 2072 3180 2125 αὐτὸ
3239 2072 3331 2123 ἐπὶ
3384 2069 3678 2138 πρόσωπον
3727 2067 3911 2130 πάσης
3961 2062 4059 2130 τῆς

2476 2173 2602 2241 γῆς,
2648 2174 2675 2223 6
2719 2170 3020 2236 εὐλογήσας
3054 2167 3121 2219 τά
3149 2167 3318 2219 ὕδατα
3369 2167 3426 2217 ἐν
3457 2164 3535 2228 τῷ
3575 2159 3815 2230 Ἰορδάνῃ
3846 2157 3936 2208 διὰ
3966 2153 4060 2206 τοῦ

2479 2267 2636 2334 ἁγίου
2705 2281 2798 2314 σου
2857 2261 3256 2329 βαπτίσματος,
3308 2259 3335 2308 6
3385 2254 3596 2308 είπὼν·
3654 2250 3796 2317 Ἐγώ
3829 2251 3949 2317 εἰμι
4001 2246 4063 2298 τὸ

2481 2357 2626 2424 ὕδωρ
2668 2355 2728 2407 τὸ
2772 2353 2911 2416 ζωόν
2937 2368 2949 2381 ⁸
2984 2348 3251 2414 διάνοιξον
3298 2347 3398 2417 τὴν
3441 2346 3647 2413 πέτραν
3683 2341 3915 2407 ταύτην,
3966 2338 4062 2390 καὶ

2480 2449 2669 2518 ἔκχεον
2709 2446 2872 2515 ὕδωρ,
2901 2443 2995 2496 καὶ
3033 2441 3254 2494 πότισόν
3297 2456 3364 2509 με
3402 2438 3621 2507 μικρὸν,
3651 2437 3748 2488 καὶ
3795 2435 3854 2484 ὲν
3885 2433 4064 2499 τούτῳ

2479 2541 2762 2609 γνώσομαι
2786 2541 2835 2590 εί
2866 2537 3167 2608 ἠγάπησας
3192 2534 3363 2602 ἡμᾶς,
3396 2531 3491 2584 καὶ
3515 2531 3564 2581 εί
3593 2526 3733 2591 ἀξιοί
3766 2527 3936 2594 ἐσμεν
3959 2523 4064 2590 τῆς

2480 2637 2582 2706 σῆς
2617 2633 2980 2702 ἐπικλήσεως,
3013 2629 3282 2681 Δέσποτα.
3320 2626 3483 2694 Ὁρᾷς
3515 2623 3624 2691 γὰρ
3657 2621 3742 2673 ὅτι
3772 2621 3923 2671 πᾶσα
3956 2632 4066 2682 πη-

2482 2731 2631 2798 γμάς
2687 2727 2778 2779 τοῦ
2827 2725 3082 2792 σώματος
3130 2720 3289 2788 ἡμῶν
3334 2716 3730 2785 ἐξεδαπανήθη,
3773 2717 3867 2768 καὶ
3909 2712 4067 2780 ξηροὶ

2483 2819 2790 2886 γεγόναμεν
2819 2814 2894 2876 ὡς
2939 2813 3233 2880 ὄστρακον.
3277 2807 3397 2858 Ἔτι
3443 2805 3498 2858 δὲ
3532 2804 3724 2856 τούτου
3755 2803 4064 2871 εὐχομένου

2484 2915 2542 2967 ἐν
2595 2914 2666 2981 τῇ
2714 2910 2891 2979 πέτρᾳ
2933 2907 3152 2974 ἀθροον,
3198 2899 3413 2972 ταραχή
3460 2916 3545 2961 τις
3593 2897 3818 2964 γέγονεν
3861 2896 3925 2945 ἐκ
3964 2895 4064 2960 τῆς

785 3009 989 3068 effudit
1033 2978 1232 3079 aquam
1269 2978 1554 3079 limpidam
1591 2978 1655 3064 ac
1710 2978 2122 3078 nitidam-quae
2165 2978 2232 3061 in.
2265 3008 2368 3062 bo-

2477 2978 2710 3072 πέτρας,
2756 2978 2848 3053 xui
2898 2997 3104 3067 βὸμόος
3150 2993 3341 3054 ἶἷδδοιτος
3365 3008 3376 3018 ·
3417 2991 3512 3043 καὶ
3551 2989 3783 3060 ραγείσα
3817 2987 3850 3054 ἡ
3885 2984 4063 3052 πέτρα

790 3100 1046 3157 diernum
1119 3115 1294 3170 usque
1353 3100 1497 3155 diem
1568 3108 1904 3170 spectatur:
1964 3107 2020 3153 et
2081 3107 2369 3167 postquam

789 3201 1018 3248 sanctus
1066 3191 1344 3248 Sisinnius
1379 3193 1643 3254 bibisset,
1693 3189 1982 3242 benedixit
2039 3189 2238 3248 Deum,
2289 3187 2374 3238 di-

789 3298 957 3338 cens:
998 3282 1275 3335 Benedico
1317 3290 1390 3344 te,
1419 3282 1669 3343 Domine,
1717 3280 1864 3349 quod
1897 3279 2135 3333 animam
2164 3277 2373 3333 satiasti

789 3375 1034 3429 inanem.
1070 3373 1259 3428 Laudo
1297 3383 1368 3438 te,
1406 3373 1540 3436 Rex,
1565 3383 1621 3428 et
1655 3372 1922 3442 glorifico,
1949 3373 2044 3442 qui
2101 3373 2376 3426 exsistens

791 3477 917 3524 ante
941 3469 1160 3533 saecula,
1195 3476 1357 3522 natus
1384 3482 1443 3521 es
1467 3483 1497 3520 e
1538 3467 1772 3536 Deipara
1808 3466 2005 3531 Maria,
2038 3466 2166 3535 quia
2189 3507 2202 3530 ,
2249 3473 2375 3517 tan-

793 3575 958 3630 quam
997 3573 1137 3629 puer
1191 3575 1287 3629 per
1327 3559 1413 3614 lac
1454 3558 1678 3624 matris,
1716 3573 1816 3627 per
1859 3574 1997 3628 opus
2051 3558 2198 3627 quod
2245 3571 2379 3612 con-

791 3649 984 3707 didisti
1010 3660 1292 3708 saturatus
1318 3667 1464 3706 sum.

863 3744 1057 3803 XXIII.
1100 3746 1329 3815 Largire
1359 3745 1496 3800 mihi
1522 3753 1578 3800 et
1597 3745 1805 3800 sanctis
1831 3744 2096 3800 fratribus
2120 3757 2380 3799 consum-

794 3855 948 3896 tuare
980 3853 1206 3894 cursum
1239 3837 1295 3894 in
1324 3847 1417 3894 tua
1452 3837 1628 3910 gratia
1661 3846 1720 3894 et
1748 3854 1881 3908 spe;
1937 3847 1994 3892 et
2032 3838 2199 3892 sicuti
2233 3839 2379 3890 inter

796 3947 898 3987 nos
939 3931 1081 3987 uniti
1132 3931 1335 3986 animis
1376 3930 1586 3985 fuimus
1618 3939 1960 3992 constanter,
2011 3928 2084 3981 ita
2119 3927 2378 3981 uniamur

796 4023 1038 4078 ossibus.
1079 4023 1207 4091 Opis
1241 4032 1346 4077 tua:
1376 4022 1616 4094 indiges,
1647 4032 1813 4092 teque
1847 4032 2039 4077 nostro
2061 4022 2376 4076 interventu

798 4120 1142 4183 invocantes,
1176 4117 1362 4171 statim
1403 4117 1634 4180 exaudi,
1669 4118 1921 4177 Domine,
1961 4117 2014 4169 in
2047 4130 2379 4184 quacunque

797 4209 1128 4264 necessitate
1176 4217 1232 4262 et
1278 4207 1612 4276 indigentia;
1660 4208 1914 4277 quamvis
1961 4207 2018 4260 in
2054 4215 2379 4276 paupertate

798 4303 1094 4372 quisquam
1117 4301 1365 4365 exsistat,
1387 4301 1640 4371 quamvis
1661 4301 1716 4355 in
1743 4301 2011 4356 viduitate
2039 4311 2097 4354 et‘
2118 4299 2378 4366 orbitate,

799 4397 1052 4466 quamvis
1087 4398 1139 4450 in
1172 4395 1641 4466 peregrinatione,
1674 4396 1927 4465 quamvis
1958 4396 2012 4448 in
2060 4394 2382 4448 infirmitate

800 4489 1052 4557 corporis
1082 4497 1137 4543 et
1165 4489 1384 4550 animas,
1433 4489 1684 4556 quamvis
1738 4489 1793 4542 in
1826 4503 1934 4542 aere
1980 4489 2161 4542 alieno
2186 4497 2242 4540 et
2289 4502 2384 4540 ca-

799 4581 1050 4646 lumniis,
1084 4581 1337 4650 quamvis
1368 4581 1421 4635 in
1465 4581 1662 4636 acerba
1691 4583 1981 4647 servitute,
2035 4581 2285 4651 quamvis
2328 4582 2383 4636 in

802 4676 1093 4730 hominum
1150 4683 1246 4729 aut
1290 4675 1574 4757 pecudum
1614 4677 1977 4748 contagione,
2034 4677 2286 4747 quamvis
2329 4676 2384 4728 in

803 4770 942 4823 mari
964 4771 1256 4838 quisquam
1288 4771 1360 4824 sit
1400 4769 1724 4840 naufragus,
1773 4775 2027 4840 quamvis
2063 4771 2300 4838 denique
2333 4769 2388 4822 in

802 4862 932 4918 aliis
955 4878 1143 4917 rerum
1176 4873 1487 4932 temporum
1553 4877 1619 4917 ac
1662 4863 1913 4918 locorum
1959 4861 2272 4932 adjunctis;
2331 4868 2388 4913 tu

805 4957 982 5020 illum,
1012 4957 1149 5018 Rex,
1178 4972 1280 5026 per
1305 4973 1405 5011 nos
1445 4957 1832 5028 interpellatus
1860 4958 2044 5012 statim
2074 4957 2294 5020 exaudi,
2330 4965 2389 5009 ut

804 5061 1141 5119 cognoscant
1180 5065 1373 5104 omnes
1416 5051 1608 5104 mundi
1663 5051 1829 5119 hujus
1874 5050 2101 5112 incolae,
2152 5050 2386 5102 multum

809 5158 908 5196 nos
936 5141 1090 5211 diligi
1115 5141 1215 5195 abs
1245 5149 1319 5206 te,
1354 5151 1411 5196 et
1436 5142 1712 5207 exaudiri,
1746 5159 1811 5197 ac
1855 5141 1999 5196 malo
2031 5141 2260 5196 cuilibet
2296 5142 2390 5193 fiat

806 5249 948 5301 aqua
983 5233 1099 5287 haec
1133 5232 1186 5286 in
1229 5232 1524 5294 medelam,
1571 5248 1696 5286 nam
1741 5234 1807 5286 ad
1846 5234 2254 5288 invocationem
2311 5231 2387 5284 tui

805 5326 1114 5387 ebulliit,et
1136 5328 1457 5379 innovatum
1475 5335 1731 5381 estvetus
1747 5326 2071 5380 miraculum
2092 5327 2145 5379 in
2159 5324 2386 5394 gloriam

811 5418 1020 5477 Patris,
1059 5427 1115 5470 et
1147 5417 1291 5479 Filii,
1333 5427 1388 5471 et
1440 5417 1678 5485 Spiritus
1724 5418 1923 5479 sancti,
1969 5418 2022 5469 in
2069 5415 2289 5470 laudem
2335 5425 2391 5470 et

808 5511 1133 5566 memoriam
1165 5520 1463 5580 martyrum
1497 5520 1718 5566 tuorum
1760 5512 2001 5582 quinque
2041 5519 2092 5565 et
2150 5510 2389 5580 quadra-

808 5606 977 5674 ginta.

883 5697 1074 5751 XXIV.
1120 5699 1294 5766 Atque
1335 5700 1437 5753 hoc
1481 5711 1671 5757 orante
1720 5704 1769 5757 in
1807 5713 1980 5772 petra,
2024 5703 2245 5764 milites,
2296 5701 2389 5771 qui

873 5849 889 5878 ⁷
921 5845 1077 5900 Joan.
1106 5862 1176 5910 tv,
1219 5847 1298 5901 I0.

2478 3097 2767 3160 ἐξέϐλυσεν
2790 3090 2931 3158 ὕδωρ
2957 3088 3152 3148 διειδές
3182 3103 3240 3137 τε
3272 3088 3364 3137 καὶ
3389 3083 3574 3146 καλὸν,
3600 3084 3736 3152 ὅπερ
3769 3079 4064 3149 θεωρεῖται

2483 3187 2648 3256 μέχρι
2705 3183 2803 3252 τῆς
2862 3182 3141 3249 σήμερονο
3181 3176 3278 3230 καὶ
3334 3175 3477 3229 πιὼν
3527 3176 3556 3226 6
3606 3175 3760 3240 ἅγιος
3796 3170 4066 3231 Σισίννιος

2478 3279 2752 3351 ηὐλὸγησε
2809 3277 2900 3330 τὸν
2945 3273 3080 3327 Θεὸν
3125 3273 3340 3338 λέγων·
3382 3267 3571 3336 Ὑμνῶ
3612 3283 3670 3318 σε
3695 3303 3712 3329 ,
3751 3264 3948 3332 Κύριε,
3983 3264 4066 3314 ὅτι

2481 3375 2786 3444 ἐχόρτασας
2829 3368 3009 3435 ψυχὴν
3051 3365 3240 3432 κενήν,
3282 3360 3428 3413 Αίνῶ
3467 3376 3548 3424 σε,
3582 3356 3827 3426 βασιλεῦ,
3863 3359 3957 3408 καὶ
3987 3357 4067 3407 δο-

2481 3465 2688 3532 ξολογῶ
2733 3462 2826 3514 τὸν
2876 3455 3207 3529 προαιώνιον
3249 3452 3513 3524 τεχθέντα
3558 3453 3622 3503 ὲκ
3654 3451 3752 3518 τῆς
3795 3448 4065 3503 Θεοτόκου

2482 3561 2722 3629 Μαρίας,
2746 3557 2830 3610 ὅτι
2864 3553 3168 3625 ἐκορέσθην
3203 3548 3296 3603 τοῦ
3323 3546 3417 3602 σοῦ
3449 3545 3773 3616 κτίσματος,
3809 3543 4067 3612 καθάπερ

2482 3653 2697 3710 παιδίον
2715 3651 2859 3720 γάλα
2897 3664 3005 3719 μητ
3015 3647 3126 3717 ρός.

2552 3743 2658 3799 Kl"
2718 3738 3077 3806 Καταξίωσόν
3111 3752 3176 3806 με
3209 3733 3304 3787 καὶ
3336 3731 3464 3794 τοὺς
3503 3729 3879 3800 ήγιασμένους
3911 3726 4068 3780 ἀδελ-

2483 3839 2618 3908 φούς
2655 3853 2756 3906 μου
2791 3829 3154 3898 τελειωθῆναι
3182 3828 3249 3895 τῇ
3277 3825 3342 3894 σῇ
3380 3822 3563 3893 χάριτι
3600 3821 3694 3873 καὶ
3717 3817 3932 3873 ἑλπίδι·
3972 3819 4070 3908 καὶ

2483 3907 2676 3997 ὥσπερ
2723 3925 3018 3992 ήνώθημεν
3048 3920 3169 3983 ταῖς
3212 3915 3414 3986 ψυχαῖς
3451 3913 3814 3976 ἀδιστάκτως,
3851 3907 4069 3963 mea»

2487 4043 2586 4099 μεν
2625 4024 2721 4077 καὶ
2766 4020 2880 4083 τοῖς
2925 4016 3135 4078 ὀστέοις
3157 4029 3170 4042 '
3203 4013 3299 4065 καὶ
3337 4010 3446 4064 τῶν
3477 4008 3672 4079 χρείαν
3705 4007 3942 4099 ἑχόντων
3973 4001 4072 4072 τῆς

2487 4096 2587 4190 σῆς
2621 4117 2899 4189 βοηθείας,
2938 4113 3034 4164 καὶ
3069 4106 3537 4178 παρακαλούντων
3579 4118 3636 4152 σε
3681 4101 3746 4151 δι’
3782 4096 3943 4167 ἡμῶν
3978 4114 4073 4150 τα-

2486 4217 2630 4285 χέως
2695 4213 3025 4271 ἐπάκουσον,
3082 4202 3282 4271 Κύριε,
3325 4202 3384 4250 ὲν
3437 4197 3645 4265 ἑκάστῃ
3705 4194 3923 4263 ἀνάγκη
3979 4196 4072 4246 καὶ

2415 4321 2458 4377 ι)
2489 4308 2650 4380 χρείᾳ
2726 4302 2830 4359 κᾶν
2853 4303 2910 4355 ἐν
2940 4297 3103 4368 πενίᾳ
3136 4313 3218 4358 τις
3249 4292 3494 4363 ὑπάρχῃ,
3526 4290 3629 4343 κᾶν
3673 4289 3729 4340 ὲν
3752 4287 3954 4355 χηρείᾳ
3981 4285 4073 4337 καὶ

2489 4401 2748 4473 ὀρφανίᾳ,
2780 4398 2883 4452 κάν
2911 4397 2968 4447 ὲν
2994 4390 3299 4459 ἀποδημίᾳ,
3327 4386 3429 4439 κᾶν
3453 4388 3513 4438 ὲν
3537 4384 3796 4453 ἀσθενείᾳ
3823 4380 4074 4449 σώματος

2490 4495 2588 4548 καὶ
2624 4492 2826 4561 ψυχῆς,
2859 4487 2954 4540 καὶ
2996 4486 3054 4536 ὲν
3094 4483 3306 4553 χρέεσι,
3352 4481 3448 4533 καὶ
3517 4477 3934 4544 συκοφαντίαις,
3973 4474 4075 4527 κᾶν

2491 4591 2550 4642 ἐν
2582 4585 2758 4652 πικρᾷ
2789 4578 3027 4649 δουλείᾳ,
3052 4576 3156 4630 κᾶν
3193 4577 3252 4628 ιν
3279 4573 3460 4643 φθορᾷ
3479 4569 3784 4638 ἀνθρώπων
3825 4570 3859 4637 ἢ
3899 4568 4072 4630 ζώων,

2491 4681 2596 4736 κᾶν
2645 4682 2704 4733 ὲν
2731 4675 2977 4746 θαλάσσῃ
3009 4664 3413 4740 χειμαζόμενός
3442 4679 3528 4724 τις
3563 4661 3670 4728 εἴη,
3709 4659 3816 4711 κᾶν
3855 4663 3911 4710 ὲν
3945 4659 4075 4727 ἄλλῃ

2492 4773 2815 4846 περιστάσει
2844 4763 3155 4838 προσαχθῇ,
3190 4762 3278 4823 σὺ,
3304 4755 3561 4821 Βασιλεῦ,
3594 4754 3659 4807 δι’
3693 4751 3858 4823 ἡμῶν
3895 4755 4073 4820 παρά-

2491 4869 2688 4938 κλησιν
2714 4863 2854 4932 ταχὺ
2890 4859 3219 4921 ἰπάκουσον,
3262 4855 3347 4905 ἵνα
3379 4850 3552 4919 γνῶσι
3614 4847 3818 4906 πάντες
3855 4847 3907 4897 oi
3940 4847 4075 4896 acati

2491 4963 2593 5031 τὴν
2651 4954 2999 5024 οἰκουμένην,
3048 4952 3129 5004 ὅτι
3198 4944 3336 5000 πολὺ
3391 4944 3689 5012 ὴγάπτιαας
3749 4939 3918 5031 ἡμᾶς,
3987 4941 4076 4990 καὶ

2493 5030 2712 5114 ἀκούεις
2765 5047 2962 5121 ἡμῶν·
3020 5043 3115 5096 ml.
3177 5040 3237 5091 τὸ
3290 5038 3434 5105 ὕδωρ
3479 5035 3642 5086 τοῦτο
3691 5030 3941 5098 γενέσθω
4004 5033 4077 5090 εἰς

2495 5149 2640 5199 ἴασιν
2665 5145 2722 5197 ὲν
2755 5140 2918 5193 παντὶ
2942 5135 3136 5190 πάθεν
3171 5133 3238 5200 σῇ
3272 5131 3376 5198 γὰρ
3434 5125 3724 5195 ἐπικλήσει
3760 5124 4075 5192 ἑξὸμσρισε,

2493 5242 2589 5291 καὶ
2654 5232 2886 5288 παλαιὸν
2948 5226 3134 5295 θαῦμα
3199 5222 3445 5289 ἀνεφάνη
3495 5219 3575 5279 είς
3630 5215 3789 5279 δόξαν
3843 5215 4074 5284 Πατρὶς,

2495 5334 2590 5384 καὶ
2648 5326 2803 5391 Υίοῦ,
2851 5325 2946 5377 καὶ
2990 5321 3148 5387 ἁγίου
3199 5313 3516 5382 Πνεύματος
3544 5327 3559 5341 ο
3621 5309 3848 5360 ἔπαινον
3887 5306 3946 5358 δὲ
3990 5307 4076 5357 καὶ

2501 5427 2693 5496 μνείαν
2727 5421 2838 5474 τῶν
2874 5414 3169 5488 μαρτύρων
3229 5426 3322 5462 σου
3383 5407 3492 5461 τῶν
3525 5403 3687 5456 πέντε
3738 5402 3830 5454 καὶ
3882 5415 4076 5452 uaca-

2500 5521 2760 5589 ράκοντα.

2570 5701 2692 5756 KA'.
2726 5698 2835 5752 Καὶ
2877 5695 3066 5750 τούτου
3101 5690 3397 5758 εὐχομένου
3428 5688 3483 5738 ἐν
3509 5687 3572 5756 τῇ
3613 5684 3808 5753 πέτρᾳ,
3843 5679 3886 5730 οἱ
3921 5693 4072 5748 στρα-
