4230 6436
241 407 351 469 345

1194 404 1664 468 MARTYRIUM
1701 410 1803 468 SS.
1849 410 1997 468 XLV
2040 413 2502 477 MARTYRUM.

3355 414 3468 477 346

250 523 462 587 ειῶται,
493 518 797 581 καύσαντες
818 517 1047 588 κάμινον
1080 521 1134 572 ὲν
1168 522 1230 588 τῇ
1266 519 1418 589 χώρᾳ
1453 520 1677 588 πλησίον
1707 522 1806 588 τῆς
1841 526 1879 576 Α
1913 539 1920 574 :

1841 526 1879 576 A
1913 525 2280 580 accenderant
2341 544 2529 597 pyram
2607 530 2660 583 in
2710 545 2904 599 campo
2956 545 3127 598 prope
3175 529 3480 594 civitatem,

245 614 479 674 πόλεως,
512 612 606 663 καὶ
629 613 708 673 είς
753 609 884 680 ὕψος
907 609 1203 678 θρέψαντες
1242 609 1420 671 ξύλοις
1452 612 1512 662 τὸ
1552 610 1683 678 πῦρ,
1718 610 1812 662 καὶ

245 707 570 773 ποιήσαντες
615 703 809 770 ὁμοίαν
857 705 956 770 τῆς
997 700 1367 762 Βαϐυλωνίας,
1417 695 1580 769 ἦλθον
1609 702 1812 768 ἐπᾶραι

245 797 474 858 αὐτούς*
512 796 605 847 καὶ
634 795 857 863 ζητοῦσι
891 793 980 845 τὸν
1007 793 1261 861 ἀριθμὸν,
1287 793 1378 845 καὶ
1409 796 1436 843 ὁ
1467 786 1546 855 εἷς
1580 792 1809 844 ἔλειπεν.

255 889 317 940 Ὀ
352 888 408 939 δὲ
438 888 588 954 ἅγιος
615 887 877 946 Σισίννιος
903 886 1094 954 ἐϐόησε
1140 885 1333 950 λέγων.
1366 877 1491 938 Ὧδέ
1519 886 1653 951 είμι,
1688 876 1812 936 Ὧδέ

244 987 385 1051 εἰμι.
446 984 719 1046 Ἐλθὸντες
751 984 804 1034 δὲ
832 982 925 1035 καὶ
959 982 1274 1051 ἀπάραντες
1309 982 1402 1034 καὶ
1435 981 1643 1044 τοῦτον,
1679 981 1817 1049 ἢγα-

245 1094 342 1143 γον
386 1078 476 1129 ἐπὶ
503 1077 560 1128 τὸ
593 1075 721 1145 πῦρ.
777 1076 886 1128 Καὶ
925 1075 1178 1142 λέγουσιν
1223 1077 1269 1126 oi
1309 1073 1452 1140 ἀγιοι
1483 1073 1770 1140 ὁμοψύχως
1797 1085 1810 1098 ⁸

254 1186 271 1216 ι
301 1166 397 1228 Εἰς
428 1169 612 1236 χεῖράς
649 1184 764 1231 σου,
800 1167 990 1236 Κύριε,
1018 1166 1448 1237 παραθησόμεθα
1490 1167 1585 1228 τὰς
1637 1165 1812 1233 ψυχὰς

244 1263 462 1329 ἡμῶν»
488 1264 598 1319 καὶ.
633 1283 648 1312 ι
677 1263 975 1328 Εὐλογητὸς
1007 1260 1224 1330 Κύριος,
1250 1261 1304 1322 ὃς
1322 1261 1419 1311 οὐκ
1446 1259 1642 1310 ἔδωκεν
1666 1260 1814 1325 ἡμᾶς

243 1358 323 1416 εἰς
350 1357 520 1424 θήραν
547 1359 658 1416 τοῖς
690 1356 897 1408 ὀδοῦσιν
935 1355 1135 1406 αὐτῶν·
1169 1373 1186 1402 ι
1221 1354 1313 1406 καὶ
1338 1353 1628 1422 ψάλλοντες
1655 1352 1814 1422 ἐϐλή-

240 1449 418 1516 Θησαν
442 1451 520 1510 είς
549 1449 608 1500 τὸ
636 1448 766 1517 πῦρ.
799 1449 861 1500 Οἱ
892 1448 944 1499 δὲ
968 1448 1152 1516 δήμιοι
1181 1446 1414 1514 ἑξῆπτον
1439 1445 1535 1516 τὴν
1559 1445 1811 1512 κάμινον,

240 1541 574 1609 μιμούμενοι
646 1543 772 1603 τοὺς
838 1541 1161 1601 Χαλδαίους.
1241 1541 1351 1592 Καὶ
1419 1539 1814 1592 τελειωθέντων

242 1635 427 1686 αὐτῶν
466 1637 523 1686 ὲν
558 1637 618 1701 τῇ
655 1635 839 1702 ἡμέρα
879 1634 1068 1702 ταύτῃ,
1114 1634 1234 1702 ἥτις
1275 1632 1389 1684 ἐστι
1453 1634 1547 1685 τοῦ
1591 1631 1810 1684 Ἰουλίου

239 1726 468 1794 δεκάτη,
524 1725 810 1778 ἐκέλευσεν
871 1726 898 1776 ὁ
955 1724 1078 1785 δοὺξ
1134 1723 1458 1790 συλλεγῆναι
1520 1721 1701 1773 αὐτῶν
1744 1722 1811 1772 τὰ

239 1821 395 1881 ὀστᾶ,
435 1818 528 1871 καὶ
581 1819 804 1884 ῥιφῆναι
867 1817 922 1866 ὲν
976 1813 1054 1883 τῷ
1111 1813 1361 1881 ποταμῷ,
1407 1813 1482 1881 τῷ
1530 1811 1811 1880 λεγομένῳ

239 1911 448 1978 Λύκῳ,
503 1909 581 1976 τῷ
628 1910 739 1960 ὄντι
792 1908 1105 1976 ἀποσημεῖα
1161 1904 1218 1970 ἓξ
1269 1905 1366 1971 τῆς
1419 1904 1666 1964 πόλεως’
1722 1907 1814 1955 καὶ

239 1999 571 2066 κομίσαντες
635 1997 861 2065 ἐζήτουν
921 1997 1086 2048 τόπον
1141 1996 1449 2064 ἐπιτήδειον
1511 1995 1646 2058 πρὸς
1714 1995 1818 2046 ἀπ-

239 2093 440 2144 ώλειαν
472 2091 580 2142 τῶν
616 2090 786 2157 ἁγίων
815 2088 1103 2157 λειψάνων.
1138 2087 1289 2152 Εἰλιξ
1336 2088 1389 2138 δέ
1424 2090 1539 2139 ἐστι
1580 2088 1715 2155 πρὸς
1749 2089 1813 2156 τῆ

155 2187 164 2192 ’
239 2185 463 2253 γεφύρᾳ
532 2182 721 2253 βαθὺς,
781 2183 876 2235 καὶ
933 2181 991 2232 ἑν
1051 2179 1198 2248 αὐτῷ
1253 2180 1632 2232 κατεκένωσαν
1689 2181 1817 2242 τοὺς

245 2279 621 2348 μσρσίππους.

317 2370 444 2422 KE'.
483 2369 542 2420 Ὀ
568 2369 624 2419 δὲ
657 2366 918 2436 ποταμδς,
944 2364 1197 2434 καθάπερ
1226 2365 1704 2436 παρακαταθήκην
1724 2365 1816 2416 λα-

241 2460 356 2513 ϐὼν
408 2460 514 2511 τῶν
547 2458 716 2525 ἀγίων
765 2459 832 2511 τὰ
877 2457 1126 2526 λείψανα,
1168 2457 1259 2508 καὶ
1299 2457 1372 2518 ὼς
1425 2456 1656 2522 ὀφείλων
1701 2456 1815 2508 σῶα

241 2552 336 2605 καὶ
360 2549 594 2617 ἀκέραια
618 2548 932 2612 ἀποδοῦναι,
963 2549 1100 2600 αὐτὰ
1130 2545 1450 2612 συναγαγὼν
1475 2549 1532 2599 ἐν
1559 2547 1638 2599 ἐνὶ
1662 2549 1814 2615 τόπῳ

241 2644 683 2714 παρεφύλαττεν.
754 2640 1258 2708 Ἀναχωρησάντων
1311 2639 1365 2690 δὲ
1413 2639 1521 2691 τῶν
1579 2638 1810 2708 δημίων,

241 2737 437 2802 ἄνδρες
488 2731 782 2792 θεοσεῦεῐς,
833 2729 1010 2782 δοῦλοι
1054 2729 1148 2782 τοῦ
1200 2729 1355 2792 Θεοῦ,
1393 2730 1484 2782 καὶ
1517 2729 1813 2798 ὁμότροποι

241 2826 356 2877 τῶν
391 2824 579 2888 ἁγίων,
610 2821 864 2883 λαὸόντες
895 2822 1046 2883 τινὰς
1078 2822 1377 2890 ἐμπείρους
1411 2820 1620 2881 εἰδότας
1659 2820 1818 2872 πολυ-

241 2913 631 2986 πραγμονῆσαι
681 2914 750 2965 τὰ
783 2913 924 2983 βάθη
957 2911 1053 2980 τοῦ
1099 2911 1369 2979 ποταμοῦ,
1399 2911 1672 2982 ἀνῄραντο
1718 2913 1814 2965 ὅλα

243 3009 388 3076 μετὰ
416 3007 511 3076 τῆς
546 3004 694 3076 [γῆς]
723 3008 1163 3074 συνηγιασμένης
1191 3006 1397 3070 αὐτοῖς,
1428 3005 1500 3066 ὡς
1526 3001 1817 3074 πληρωθῆ-

240 3117 333 3152 ναι
371 3097 469 3166 τὴν
502 3098 756 3166 Γραφῄν·
795 3115 813 3148 ι
848 3096 1112 3148 Φυλάσσει
1145 3096 1347 3164 Κύριος
1378 3097 1553 3149 πάντα
1586 3097 1653 3149 τὰ
1677 3097 1810 3150 ὀστᾶ

1917 617 2096 684 ignem
2153 619 2316 687 lignis
2367 621 2421 673 in
2474 622 2709 677 sublime
2755 623 3063 676 nutrientes
3115 623 3168 674 in
3221 621 3484 674 similitu-

1916 712 2101 765 dinem
2139 712 2380 769 fornacis
2431 715 2800 786 Babylonicze,
2851 723 3158 777 venerunt,
3220 724 3278 766 ut
3331 715 3484 780 ipsos

1915 808 2203 872 tollerent;
2234 825 2526 864 numerum
2551 811 2762 874 ineunt,
2797 822 2852 866 et
2877 826 3018 863 unus
3042 806 3484 863 desiderabatur.

1918 900 2150 954 Sanctus
2169 912 2350 955 autem
2371 901 2650 956 Sisinnius
2675 903 2949 957 clamavit.
2973 901 3194 954 dicens:
3227 899 3322 952 Hic
3340 914 3483 961 sum,

1917 993 2006 1046 hic
2037 1009 2179 1046 sum.
2210 994 2504 1047 Venientes
2529 1009 2659 1047 vero
2691 995 2838 1046 hunc
2869 1007 3084 1061 quoque
3113 990 3480 1050 sustulerunt,

1916 1096 1972 1141 et
2007 1087 2354 1140 adduxerunt
2388 1088 2441 1140 in
2489 1086 2687 1156 ignem.
2731 1088 2795 1139 Et
2837 1086 3027 1140 dicunt
3060 1083 3234 1136 sancti
3282 1081 3482 1135 unani-

1916 1179 2114 1232 miter:
2149 1198 2165 1229 ι
2208 1177 2264 1232 ln
2301 1195 2494 1233 manus
2529 1190 2664 1241 tuas,
2712 1180 2964 1243 Domine,
2999 1176 3483 1231 tradimusanimas

1916 1283 2133 1326 nostras
2156 1274 2195 1336 ι¹;
2241 1291 2256 1322 ι
2293 1281 2386 1326 et:
2428 1292 2445 1324 ι
2501 1274 2827 1327 Benedictus
2881 1273 3164 1331 Dominus.
3217 1269 3314 1338 qui
3374 1285 3484 1321 non

1916 1365 2067 1418 dedit
2123 1381 2221 1418 nos
2269 1366 2322 1418 in
2369 1366 2676 1432 captionem
2730 1366 2986 1420 dentibus
3030 1363 3294 1424 eorum“;
3360 1379 3377 1410 ι
3424 1372 3483 1413 et

1918 1467 2202 1512 cantantes
2267 1459 2320 1512 in
2372 1461 2549 1528 ignem
2606 1459 2792 1527 injecti
2842 1467 2990 1511 sunt.
3037 1458 3212 1510 Porro
3258 1455 3482 1507 lictores

1917 1552 2292 1605 accenderunt
2323 1567 2544 1620 pyram.
2599 1551 2876 1603 imitantes
2916 1548 3218 1602 Chaldaeos.
3279 1544 3482 1598 Eodem

1917 1661 2025 1713 quo
2051 1644 2304 1706 obierant
2334 1643 2445 1700 die.
2484 1658 2604 1711 qua:
2630 1652 2713 1696 est
2745 1641 2958 1694 decima
2994 1638 3145 1699 Julii,
3175 1636 3341 1707 jussit
3372 1635 3482 1688 dux

1916 1738 2094 1804 colligi
2126 1753 2317 1790 eorum
2352 1751 2495 1795 ossa.
2530 1750 2591 1790 ac
2641 1735 2832 1804 projici
2884 1732 2936 1785 in
2991 1732 3236 1786 (luvium.
3283 1741 3485 1795 cogno-

1919 1839 2102 1882 mento
2141 1828 2365 1898 Lycum.
2397 1827 2724 1880 milliaribus
2748 1841 2838 1878 sex
2870 1841 2896 1878 a
2926 1825 3144 1877 civitate
3164 1821 3483 1875 distantem.

1917 1921 2034 1985 Qun
2066 1920 2157 1972 ubi
2187 1920 2535 1978 detulissent.
2561 1917 2936 1987 quaesiverunt
2961 1923 3147 1982 aptum
3201 1913 3382 1965 locum
3415 1907 3483 1962 ad

1918 2011 2231 2082 perdendas
2267 2019 2485 2065 sanctas
2512 2009 2790 2075 reliquias.
2833 2006 3145 2062 Profundus
3186 2014 3271 2058 est
3297 2012 3484 2057 vortex

1917 2119 2089 2174 prope
2122 2111 2371 2172 pontem,
2398 2102 2452 2154 in
2478 2116 2588 2172 quo
2609 2108 2949 2154 evacuarunt
2975 2097 3247 2152 sacculos.

1989 2371 2155 2425 XXV.
2196 2370 2263 2424 At
2290 2367 2489 2422 fluvius
2519 2365 2757 2436 depositi
2794 2365 2968 2419 instar
2994 2370 3311 2416 sanctorum
3355 2354 3486 2412 reli-

1919 2466 2076 2534 quias
2113 2463 2346 2531 accepit.
2402 2469 2568 2530 utque
2612 2475 2715 2528 pro
2754 2473 2855 2522 eo,
2890 2472 2954 2511 ac
2997 2455 3262 2517 debebat,
3313 2452 3488 2507 salvas

1917 2570 2080 2626 atque
2139 2557 2442 2608 incolumes
2495 2552 2779 2605 redderet.
2829 2566 2923 2604 eas
2984 2562 3149 2603 unum
3202 2547 3255 2599 in
3305 2545 3487 2597 locum

1919 2650 2178 2704 collectas
2196 2646 2556 2701 conservavit.
2575 2644 2891 2698 Lictoribus
2909 2656 3036 2696 vero
3061 2637 3186 2693 inde
3207 2633 3487 2706 digressis,

1918 2744 2021 2796 viri
2069 2740 2334 2809 religione
2385 2739 2658 2804 insignes,
2705 2734 2848 2788 servi
2890 2733 3020 2794 Dei,
3063 2741 3119 2785 et
3173 2738 3486 2783 sanctorum

1920 2835 2169 2890 moribus
2213 2829 2563 2892 consimiles,
2607 2823 2904 2894 assumptis
2956 2820 3283 2892 quihusdam
3335 2813 3488 2869 ﬂuvii

1918 2925 2190 2998 profunda
2231 2925 2519 2993 explorare
2557 2919 2779 2989 peritis,
2826 2917 3066 2984 integras
3111 2911 3487 2970 sustulerunt,

1918 3035 2042 3072 cum
2082 3017 2416 3071 sanctiﬁcata
2444 3012 2578 3080 ipsis
2605 3007 2818 3080 [terra]
2847 3019 2902 3059 ut
2960 3006 3278 3074 impleretur
3342 3000 3489 3054 Scri-

1919 3120 2077 3182 ptura
2104 3127 2117 3162 :
2157 3127 2174 3158 ι
2214 3104 2466 3160 Custodit
2495 3102 2760 3156 Dominus
2784 3101 2963 3151 omnia
2992 3113 3113 3150 ossa
3142 3109 3332 3154 eorum
3358 3093 3423 3144 *°.
3465 3109 3483 3142 ι

241 3189 426 3245 αὐτῶν
447 3207 492 3239 ο»
529 3189 620 3239 καὶ
643 3188 966 3254 ἐνέγκαντες
995 3189 1053 3239 ὲν
1081 3191 1144 3258 τῇ
1175 3188 1322 3239 πόλει
1346 3189 1600 3241 ἀνέθεντο
1624 3192 1679 3239 ὲν
1702 3190 1815 3250 τοῖς
1843 3201 1886 3257 ς,

1843 3201 1886 3257 C
1919 3203 1986 3257 Et
2009 3209 2297 3270 postquam
2337 3196 2390 3249 in
2425 3194 2700 3249 civitatem
2745 3189 3099 3250 invexissent,
3135 3186 3186 3238 in
3233 3180 3491 3236 oratoriis

237 3282 556 3351 εὐκτηρίοις
586 3283 774 3345 οἷκοις,
804 3281 1028 3351 εἰρήνης
1058 3280 1116 3332 δὲ
1158 3279 1398 3347 βαθείας,
1424 3279 1523 3349 τῆς
1549 3278 1642 3331 τοῦ
1677 3281 1809 3348 Χρι-

242 3375 376 3429 στοῦ
417 3374 844 3442 φιλανθρωπίας,
877 3376 969 3425 καὶ
998 3375 1062 3440 τῇ
1097 3373 1342 3442 βασιλεία
1373 3371 1464 3424 τοῦ
1493 3370 1814 3424 εὐσεϐεστά-

237 3486 337 3521 του
402 3465 834 3528 Κωνσταντίνου,
881 3465 972 3517 καί
1017 3467 1120 3518 εἰσι
1177 3465 1372 3532 πύργοι
1426 3465 1522 3526 τῆς
1577 3466 1815 3526 πίστεως

241 3561 509 3618 ἄσειστοι,
556 3559 780 3622 ἀστέρες
836 3556 1045 3624 λογικοὶ
1090 3558 1391 3627 λάμποντες
1443 3558 1812 3625 Χριστιανοῖς,

241 3650 382 3717 ἄνθη
414 3649 520 3701 τῶν
549 3648 690 3700 κατὰ
727 3649 823 3716 τὴν
845 3650 1169 3716 οἰκουμένην
1198 3649 1524 3718 ἐκκλησιῶν,
1551 3648 1818 3715 πρεσϐευ-

240 3742 339 3798 ταὶ
369 3743 477 3797 τῶν
496 3739 858 3812 ἁμαρτωλῶν.
885 3741 1124 3809 φύλακες
1154 3741 1261 3793 τῶν
1287 3739 1549 3803 εὐσεὸὦν,
1581 3742 1819 3810 προστα-

237 3849 332 3884 ται
366 3831 465 3899 τῆς
503 3847 562 3883 τι
593 3831 726 3894 ιδίας
760 3830 965 3893 πόλεως
1017 3833 1110 3885 καὶ
1148 3831 1244 3901 τῆς
1279 3831 1623 3900 οἰκουμένης,
1659 3829 1818 3899 εὐερο

239 3922 400 3990 γέται
427 3922 534 3974 τῶν
570 3924 923 3990 κεκτημένων
952 3923 1148 3986 αὐτοὺς
1189 3925 1246 3976 ιν
1271 3924 1494 3994 Χριστῷ
1529 3921 1705 3994 Ἰησοῦ
1741 3920 1820 3992 τῷ

239 4013 438 4081 Κυρίῳ
461 4011 638 4082 ήμῶν,
670 4004 714 4078 ᾧ
743 4015 943 4080 πρέπει
971 4014 1096 4078 δόξα
1130 4016 1248 4080 ἅμα
1278 4015 1357 4080 τῷ
1399 4014 1575 4081 Πατρὶ
1621 4013 1714 4063 καὶ
1742 4012 1819 4080 τῷ

239 4102 500 4174 παναγίῳ
537 4103 813 4172 Πνεὺματι
861 4104 956 4160 νῦν
986 4104 1081 4160 καὶ
1105 4105 1213 4172 ἀεὶ,
1239 4107 1332 4159 καὶ
1352 4103 1431 4168 εἰς
1459 4102 1586 4166 τοὺς
1612 4101 1816 4165 αἰῶνας

238 4195 356 4248 τῶν
377 4198 613 4252 αἰώνων.
663 4196 834 4266 ’Δμήν

1920 3309 1985 3346 ea
2035 3296 2426 3358 reposuerunt,
2470 3300 2594 3338 cum
2639 3281 2908 3352 profunda
2951 3287 3096 3331 esset
3139 3291 3278 3345 pax,
3325 3274 3491 3325 dante

1920 3383 2015 3437 Dei
2039 3380 2400 3449 benignitate,
2431 3375 2678 3446 piissimo
2716 3371 3078 3425 Constantino
3127 3373 3406 3434 regnante,
3438 3371 3494 3415 et

1923 3472 2095 3528 turris
2146 3471 2247 3539 ipsi
2298 3475 2426 3522 sunt
2490 3464 2612 3518 ﬁdei
2659 3463 3020 3520 inconcussa,
3067 3457 3237 3510 stellae
3280 3454 3494 3508 ratione

1920 3565 2164 3636 praeditas
2191 3557 2521 3616 Christianis
2569 3557 2850 3612 lucentes.
2905 3550 3067 3603 ﬂores
3109 3545 3491 3606 ecclesiarum,

1918 3672 2038 3724 qua:
2068 3669 2164 3722 per
2191 3649 2380 3704 orbem
2413 3657 2681 3700 terrarum
2703 3649 2850 3701 sunt,
2879 3640 3274 3692 intercessores
3295 3648 3491 3704 pecca-

1917 3723 2147 3801 torum,
2190 3741 2407 3807 piorum
2463 3735 2743 3794 custodes,
2795 3730 3036 3783 civitatis
3079 3741 3190 3780 suae
3232 3729 3288 3779 et
3340 3723 3494 3776 orbis

1919 3831 2163 3888 universi
2217 3827 2515 3900 praesides,
2572 3824 2955 3878 benefaCtores
3007 3833 3234 3880 eorum,
3288 3815 3383 3883 qui
3431 3827 3491 3866 se

1918 3925 2206 3997 possident
2245 3923 2300 3976 in
2339 3920 2561 3976 Christo
2613 3916 2739 3971 Jcsu
2780 3913 3014 3968 Domino
3063 3918 3288 3969 nostro,
3325 3918 3488 3974 quem

1917 4016 2268 4085 decctgloria
2313 4011 2476 4066 simul
2520 4024 2644 4062 cum
2701 4009 2884 4071 Patre,
2927 4012 2983 4060 et
3025 4010 3217 4057 sancto
3255 3997 3488 4069 Spiritu,

1915 4120 2065 4161 nunc
2086 4113 2142 4159 et
2170 4116 2407 4172 semper,
2428 4108 2484 4153 et
2511 4097 2566 4151 in
2588 4096 2789 4151 secula
2812 4093 3163 4148 saeculorum.
3190 4091 3388 4144 Arnen.

315 4377 339 4410 ⁸
369 4377 516 4438 Psal.
543 4394 669 4450 xxx,
701 4380 752 4436 6.
795 4383 816 4414 ν
853 4380 998 4440 Psal.
1040 4398 1234 4450 cum,
1268 4380 1323 4438 6.
1356 4383 1397 4414 '°
1429 4383 1573 4439 Psal.
1605 4397 1798 4444 χχχιιι,
1827 4380 1918 4434 Et.
