4230 6436
811 363 913 428 351
2119 394 2398 454 MENSIS
2434 401 2734 465 JULIUS.

809 483 1021 538 nullum
1051 490 1286 556 amplius
1313 493 1523 550 videam
1558 509 1652 552 aut
1680 507 1998 560 conveniam
2029 515 2370 571 monachum.
2406 523 2451 580 Α
2482 521 2607 572 ἀϐοξὲ

813 574 849 592 η
922 587 930 592 η
1547 591 1550 592 ,

2482 521 2624 572 ἁϐϐᾶ
2650 524 2899 592 Μαρενου
2931 528 3026 580 σὺν
3054 545 3109 580 το

3951 418 4047 478 352

3117 532 3162 591 ἴς
3399 534 3575 600 τρισὶν
3602 534 3876 601 ἁδελφνθίς.
3904 533 4047 598 λέγει

813 574 1100 646 Postquam
1136 594 1317 638 autem
1351 603 1378 640 a
1421 591 1679 658 praefecto
1711 612 1898 652 rursus
1929 601 2031 654 fuit
2062 617 2280 674 rogatus
2305 612 2371 677 is,

803 671 896 736 qui
934 678 1487 739 prmeratdiversm'io
1513 704 1524 736 :
1553 689 1784 756 Propter
1815 710 1976 761 quam
2007 715 2226 755 causam
2258 705 2373 760 haec

804 758 976 813 dicis?
1008 771 1288 834 respondit
1320 781 1374 827 et
1405 774 1574 831 dixit:
1609 781 1796 836 Filiam
1825 758 2089 844 habebam
2129 795 2368 863 unicam,

808 852 859 903 in
895 870 1055 921 quam
1081 875 1233 928 spem
1268 880 1441 922 meam
1474 872 1831 942 collocabam,
1863 885 2006 949 quod
2027 901 2088 938 ea
2112 900 2259 943 esset
2287 908 2373 945 re-

800 946 957 1011 quies
989 964 1120 1002 mea:
1155 960 1474 1012 senectutis.
1521 965 1655 1017 Ecce
1687 983 1816 1024 vero
1854 946 1986 1040 quid
2030 976 2157 1031 fecit
2208 981 2369 1036 Mari-

798 1038 948 1088 nus?
991 1055 1109 1094 eam
1149 1059 1517 1113 prmgiiariteni
1555 1057 1814 1121 reddidit,
1851 1079 2012 1131 quem
2037 1067 2218 1124 dicitis
2249 1088 2370 1128 esse

798 1128 1169 1191 Christianum
1191 1151 1246 1193 et
1275 1144 1443 1209 pium.
1470 1149 1594 1203 "me
1618 1168 1741 1205 eum
1770 1157 2032 1211 audiisset
2057 1164 2363 1230 praefectus,

796 1227 1134 1293 stupefactus
1163 1234 1296 1291 dicit
1325 1242 1374 1293 ei
1411 1258 1422 1293 ε
1459 1243 1596 1307 Quid
1627 1264 1845 1315 possum
1884 1253 1975 1306 tibi
1998 1227 2199 1320 facere,
2238 1277 2362 1317 eum

794 1316 909 1383 ipse
942 1336 1048 1375 nou
1074 1325 1146 1378 sit
1173 1328 1299 1382 hic?
1329 1334 1434 1387 Sed
1465 1342 1683 1404 quando
1709 1346 1915 1400 venerit
1935 1362 1998 1400 ex
2031 1351 2360 1417 ministerio,

793 1413 927 1466 nihil
963 1421 1222 1475 estaliud

788 1491 1074 1567 fratribus.
1108 1521 1483 1578 accersiteum
1521 1530 1828 1596 praefectus.
1863 1546 1915 1587 ct
1940 1537 2072 1591 dicit
2097 1541 2145 1592 ei
2175 1557 2188 1595 :

788 1599 1097 1658 diversatus
1137 1607 1287 1664 fuisti
1340 1615 1393 1667 in
1429 1619 1760 1688 diversorio,
1805 1631 2038 1684 attulisti

787 1884 950 1941 homo
988 1896 1191 1948 erravi.
1231 1897 1383 1952 Tunc
1415 1904 1704 1971 praefectus
1729 1909 1778 1961 ei
1811 1911 2001 1977 iratus,

787 2104 1033 2166 nastcrii,
1071 2111 1270 2165 mansit
1299 2119 1401 2168 sub
1423 2115 1532 2177 dio.
1564 2123 1844 2180 sustinens
1871 2130 2041 2200 frigus
2072 2143 2125 2188 et
2159 2148 2350 2194 aestum

785 2208 958 2249 annos
979 2208 1108 2252 tres.
1125 2202 1368 2276 Quiergo
1387 2210 1838 2278 ingrediebantur
1857 2229 1910 2273 et
1927 2228 2355 2291 egrediebantur

783 2301 846 2339 ex
882 2297 1237 2356 monasterio.
1276 2310 1540 2370 rogabant
1567 2309 1765 2376 ipsum.
1802 2313 2049 2371 dicentes
2093 2337 2107 2375 :
2137 2320 2248 2376 Cur
2275 2324 2355 2379 sic

783 2383 961 2445 sedes,
993 2387 1154 2450 abba,
1191 2393 1425 2448 afflictus
1452 2398 1505 2450 in
1535 2405 1841 2459 vestibulo?
1867 2409 1960 2461 llle
1993 2423 2172 2467 autem
2214 2417 2354 2473 dixit

781 2475 862 2528 eis
899 2494 912 2532 :
945 2476 1212 2543 Quoniam
1270 2502 1387 2542 sum
1435 2490 1759 2556 fornicatus.
1813 2511 2104 2570 propterea
2145 2510 2353 2576 ejectus

782 2584 900 2624 sum
938 2589 1002 2627 ex
1060 2584 1413 2636 monasterio.
1456 2585 1592 2640 Cum
1644 2607 1772 2644 vero
1818 2596 2055 2650 venisset
2103 2601 2351 2666 pariendi

783 2672 1001 2728 tempus
1033 2666 1155 2722 filim
1188 2675 1429 2737 pra~feeti
1468 2678 1782 2748 diversorii,
1819 2690 2034 2754 peperit
2068 2694 2248 2760 puella
2290 2697 2354 2749 ti-

782 2755 912 2808 lium
943 2762 1270 2820 masculum.
1315 2766 1551 2826 Puerum
1581 2785 1762 2830 autem
1799 2781 1995 2839 tollens
2023 2796 2178 2853 pater
2208 2791 2349 2859 ejus,

783 2851 932 2903 venit
957 2851 1021 2904 ad
1055 2865 1448 2917 monasterium
1474 2885 1486 2929 ;
1511 2876 1564 2919 et
1594 2884 1716 2922 eum
1752 2873 2054 2930 invenisset
2080 2880 2349 2939 Marinum

779 2947 1063 2998 sedentem
1112 2961 1263 3004 extra
1301 2961 1719 3025 monasterium,
1752 2966 1982 3035 projeeit
2013 2970 2061 3023 ei
2097 2987 2347 3041 puerum,

779 3221 920 3287 ieeto
953 3241 967 3280 :
1009 3241 1110 3292 ego
1151 3240 1301 3284 certe
1350 3233 1577 3290 humilis
1617 3249 1669 3294 et
1718 3258 1977 3311 nequam,
2007 3250 2219 3320 accipio
2252 3270 2350 3320 pro

2485 617 2619 681 πρὸς
2653 616 2812 668 αὑτὸν
2836 621 2861 669 ὀ
2897 620 3200 688 ἡγούμενος
3223 640 3236 652 ·
3261 625 3409 704 Λῦξη
3447 627 3592 678 ἔστιν
3624 629 3654 696 ἡ
3681 627 3931 679 πολιτεία
3958 644 4044 678 σου

2482 708 2573 758 καὶ
2610 711 2639 776 ἡ
2684 710 2939 779 ἄσκησις,
2971 715 3050 766 ὅτι
3077 717 3482 779 καταλύσαντός
3520 737 3611 772 σου
3646 723 3701 770 ἐν
3739 720 3819 788 τῷ
3854 721 4044 772 πανδο-

2479 798 2630 866 κείῳ,
2662 801 2974 873 διέφθειρας
3007 806 3103 877 τὴν
3138 807 3412 880 θυγατέρα
3458 811 3550 864 τοῦ
3589 812 3889 881 πάνδοχος;
3955 813 4043 865 11‘-

2476 891 2646 942 ἐλθὼν
2692 895 2896 958 ἐκεῖνος
2937 892 3038 951 ὧδε
3099 900 3325 971 θέατρον
3385 906 3532 973 ἡμᾶς
3583 905 3696 966 τοῖς
3755 908 4041 971 κοςμῑκοῖς

2473 984 2763 1052 ὲποίησεν;
2815 989 2999 1042 Ταῦτα
3052 992 3109 1044 δὲ
3170 996 3413 1057 ἀκούσας
3455 997 3482 1048 6
3543 999 3784 1066 Μαρίνος
3854 999 4034 1065 ῥίπτει

2471 1076 2660 1129 ἑαυτὸν
2696 1081 2786 1132 ἐπὶ
2824 1083 3117 1150 πρόσωπον
3147 1087 3322 1153 λέγων
3345 1104 3360 1116 ·
3401 1088 3762 1158 Συγχώρησὸν
3792 1108 3904 1158 μοι,
3939 1091 4040 1142 πά-

2467 1170 2698 1229 τερ.διᾶ
2730 1173 2819 1224 τὸν
2874 1176 3099 1246 Κύριον,
3147 1179 3226 1229 ὅτι
3255 1179 3328 1240 ὡς
3379 1181 3660 1248 ἄνθρωπος
3702 1184 4036 1251 ἐπλανήθην.

2477 1261 2538 1314 '0
2560 1263 2614 1314 δὲ
2665 1266 2969 1334 ἡγούμενος
3014 1272 3291 1339 ὀργισθεὶς

2471 1362 2840 1430 μοναστηρίου
2873 1366 2928 1415 ὲν
2954 1365 3108 1432 ὀλίγα
3121 1384 3186 1428 ις.

3331 1273 3588 1339 ἐξέϐαλεν
3622 1276 3783 1327 αὐτὸν
3818 1275 3924 1341 ἔξω
3951 1274 4038 1326 τοῦ

1256 1429 1401 1494 quod
1432 1447 1608 1500 agam,
1647 1439 1749 1491 nisi
1791 1449 1849 1492 ut
1879 1445 2144 1509 expellam
2175 1464 2203 1501 e
2236 1453 2587 1510 monasterio.
2618 1455 2753 1510 Cum
2789 1469 2971 1513 autem
3005 1461 3244 1515 venisset
3301 1463 3542 1521 Marinus
3573 1481 3694 1518 cum
3718 1465 3842 1518 aliis
3864 1465 4036 1518 tribus

2221 1543 2392 1608 Abba,
2427 1547 2539 1601 inec
2577 1567 2644 1603 ne
2677 1562 2760 1604 est
2792 1559 2879 1606 tua
2913 1553 3132 1609 vivendi
3165 1556 3306 1609 ratio
3335 1565 3388 1610 et
3415 1560 3776 1611 exercitatio?
3805 1560 4030 1626 Quando

2074 1634 2262 1687 vitium
2312 1639 2432 1694 filia:
2463 1643 2708 1711 prafecti
2759 1646 3073 1701 diversorii.
3104 1649 3220 1705 lluc
3251 1664 3434 1706 autem
3466 1648 3694 1706 veniens
3733 1653 3852 1723 eius
3883 1666 4034 1722 paler

791 1702 1046 1762 tanquam
1080 1714 1179 1766 per
1223 1703 1498 1764 theatrmn
1539 1716 1778 1772 traduxit
1807 1737 1905 1775 nos
1951 1728 2268 1784 monachos.
2313 1732 2574 1798 Marinus,

787 1788 975 1846 dicens
1031 1803 1326 1862 praefecto:
1365 1804 1624 1862 Condona
1688 1814 1819 1867 mihi
1873 1817 2064 1872 humili
2107 1829 2162 1874 et
2209 1828 2481 1891 peccatori
2528 1844 2592 1897 pr

2609 1753 2740 1791 vero
2779 1739 2865 1793 his
2898 1741 3119 1806 auditis,
3153 1759 3210 1797 se
3255 1744 3408 1799 humi
3450 1749 3677 1816 projecit
3718 1749 3772 1801 in
3817 1749 4031 1811 faciem,

2596 1841 2752 1896 optcr
2797 1833 3106 1902 Dominum,
3161 1852 3192 1890 ο
3251 1848 3425 1907 pater,
3468 1842 3725 1909 quoniam
3781 1851 4032 1910 tanquam

2043 1917 2204 1984 ejecit
2228 1936 2351 1974 eum
2383 1935 2412 1974 e
2442 1928 2798 1980 monasterio.

857 2006 918 2060 V.
963 2009 1227 2079 Egressus
1260 2027 1440 2072 autem
1474 2022 1667 2081 beatus
1695 2042 1847 2085 extra
1877 2039 2208 2095 vestibulum
2240 2059 2355 2097 mo-
2385 2043 2431 2102 B
2534 2047 2570 2098 E
2593 2086 2607 2101 ο

2661 2046 2719 2099 '0
2753 2046 2809 2099 δὲ
2836 2048 3070 2113 ἐξελθὼν
3094 2051 3389 2114 ἐκαθέζετο
3410 2052 3618 2123 αἴθριος
3659 2055 3947 2123 ὑπομένων
3974 2057 4032 2108 τὸ

2455 2136 2624 2206 ψῦχος
2652 2142 2918 2204 γενναίως
2956 2142 3051 2194 καὶ
3077 2143 3166 2195 τὸν
3191 2144 3452 2198 καύσονα.
3486 2145 3549 2198 Οί
3594 2141 3688 2197 οὖν
3717 2149 4032 2217 εἰσερχόμε-

2455 2246 2536 2280 νοι
2569 2231 2664 2282 καὶ
2701 2232 3051 2301 ἐξερχόμενοι
3078 2237 3380 2304 ἐπηρώτων
3415 2239 3578 2292 αὐτὸν
3610 2240 3862 2309 λέγοντες
3889 2260 3900 2273 ·
3933 2246 4030 2298 Διά

2453 2323 2507 2374 τί
2545 2318 2647 2376 ὧδε
2680 2325 3012 2391 καθέζεσαις
3069 2329 3180 2380 Καὶ
3217 2329 3406 2397 ἔλεγεν
3436 2334 3655 2399 αὖτοῖςα
3708 2336 3833 2388 ’Ὁτι
3867 2337 4031 2406 ἐπόρ-

2455 2433 2645 2480 νευσα,
2681 2419 2774 2471 καὶ
2799 2419 2884 2474 διὰ
2913 2423 3069 2474 τοῦτο
3096 2422 3392 2493 ἐξεϐλήθην
3419 2426 3483 2478 ἐκ
3505 2426 3598 2478 τοῦ
3636 2430 4023 2500 μοναστηρέου.

2453 2505 2765 2570 Φθάσαντος
2790 2511 2845 2562 δὲ
2868 2510 2964 2564 τοῦ
2996 2515 3159 2566 τόκου
3183 2515 3284 2583 τῆς
3313 2517 3581 2586 θυγατρὸς
3610 2517 3702 2568 τοῦ
3742 2521 4041 2588 πάνδοχοςι-

2455 2601 2748 2670 ἐγέννησεν
2779 2605 2810 2674 ἡ
2848 2604 3094 2674 Θυγάτηρ
3124 2608 3289 2660 αὑτοῦ
3317 2611 3478 2663 παῖδα
3510 2611 3739 2681 ἄρρενα,
3777 2613 3872 2663 καὶ
3897 2615 4031 2665 ἐπά-

2458 2709 2556 2756 ρας
2592 2694 2723 2744 αὐτὸ
2761 2695 2788 2745 6
2825 2694 3044 2761 πάνδοξ,
3073 2697 3436 2766 παραγίνεται
3464 2702 3520 2752 ὲν
3545 2699 3622 2768 τῷ
3657 2703 4027 2772 μοναστηρίῳ.

2454 2784 2645 2853 Εὖρὼν
2679 2786 2732 2838 δὲ
2770 2785 2858 2838 τὸν
2896 2788 3140 2858 Μαρῖνον
3199 2789 3397 2852 ἔξωθεν
3461 2791 3556 2842 τοῦ
3621 2791 3866 2854 πυλῶνος
3901 2793 4031 2846 καθ-

2455 2878 2680 2946 ήμενον,
2709 2879 3020 2947 προσρίψας
3053 2880 3202 2948 αὐτῷ
3231 2882 3291 2933 τὸ
3330 2882 3544 2934 παιδίον
3572 2883 3719 2948 λέγει
3744 2899 3759 2913 ⁶
3815 2885 3943 2937 Ἰδοὺ
3971 2886 4030 2938 τὺ

2455 2969 2640 3029 κακῶς
2673 2969 2937 3037 ἔσπειρας
2965 2969 3156 3023 τέκνον
3189 2987 3306 3033 σου,
3344 2969 3475 3024 λαϐὲ
3501 2971 3654 3024 αὑτό.
3694 2971 3804 3024 Καὶ
3828 2972 4029 3035 εὐθέως

2453 3061 2827 3131 ἀνεχώρησεν.
2883 3064 3082 3117 Λαϐὼν
3143 3063 3236 3117 οὖν
3289 3065 3315 3116 6
3367 3065 3610 3134 Μαρῖνος
3672 3067 3730 3117 τὸ
3795 3067 4026 3128 παιδίον,

2454 3154 2697 3206 ὲθλίϐετο
2750 3157 2874 3224 περὶ
2908 3155 3075 3207 αὐτοῦ
3101 3156 3277 3224 λέγων
3299 3173 3313 3188 ’
3343 3157 3448 3209 Ναὶ
3481 3158 3592 3224 ἐγὼ
3624 3159 3720 3216 τὰς
3752 3161 4030 3227 ἁμαρτίας

2458 3263 2560 3316 μου
2595 3248 2975 3314 ἀπολαμϐάνω
2997 3265 3012 3280 °
3055 3250 3145 3302 διὰ
3196 3251 3250 3302 τί
3305 3250 3360 3303 δὲ
3391 3257 3485 3302 καὶ
3517 3251 3578 3303 τὸ
3609 3252 3796 3303 ἄθλιον
3827 3253 4032 3321 βρέφος

3503 3341 3627 3374 ΞνμνΑ
3657 3337 3750 3374 ’πται
3782 3345 3942 3374 υιιι.1ζξ
3957 3361 3988 3374 ιι

780 3317 993 3370 meritis
1020 3334 1268 3375 meorum
1317 3339 1690 3393 peccatorum.
1727 3336 1837 3389 Cur
1874 3349 2055 3394 autem
2092 3345 2179 3400 hic
2214 3364 2352 3417 quo-
2378 3380 2418 3438 ο
2455 3337 2607 3390 τοῦτο

780 3422 886 3438 ιιι-ιη
927 3409 1115 3438 turali-
1144 3430 1278 3438 ...--_
1302 3434 1340 3438 --Α
1363 3434 1413 3438 -_
1673 3428 1704 3438 ..
1800 3430 1820 3438 Α
1855 3430 1885 3438 -
1986 3434 1996 3438 -

2455 3337 2613 3390 τοῦτο
2665 3340 2761 3391 σὺν
2789 3341 2914 3408 ἐμοὶ
2970 3340 3342 3408 ἀποθνήσκεις
3383 3341 3627 3409 Ἤρξατο
3656 3337 3750 3393 οὗν
3782 3345 4028 3410 γυρόειν,

779 3422 886 3476 quc
927 3409 1115 3466 infelix
1142 3430 1278 3482 puer
1302 3434 1511 3474 mecum
1550 3428 1822 3483 moritur?
1847 3430 2025 3501 Coepit
2051 3452 2180 3492 vero
2203 3441 2350 3495 acci-

777 3514 908 3568 pere
942 3503 1023 3555 lac
1053 3520 1082 3558 a
1121 3509 1454 3576 pastoribus,
1486 3523 1540 3567 et
1577 3516 1656 3569 sic
1684 3520 1860 3573 alebat
1900 3540 2130 3591 puerum
2167 3539 2226 3582 ut
2255 3547 2351 3598 pa-

779 3601 884 3644 ter.
910 3593 1026 3646 Non
1064 3598 1196 3650 satis
1218 3609 1400 3654 autem
1433 3615 1550 3657 erat
1587 3607 1795 3664 Marino
1819 3613 2040 3670 afﬂictio
2065 3628 2118 3672 et
2148 3621 2346 3687 pudor,

778 3695 886 3749 quo
920 3682 1260 3744 adiciebatur
1282 3694 1567 3761 quotidie:
1601 3702 1696 3755 sed
1723 3719 1857 3771 puer
1882 3721 2101 3777 quoque
2126 3682 2263 3766 flens
2291 3682 2347 3768 et

777 3788 1105 3841 excernens,
1163 3789 1571 3845 contaminabat
1609 3802 1662 3845 et
1711 3794 2028 3851 sordidabat
2067 3803 2185 3868 ejus
2229 3821 2351 3860 ves-

779 3871 881 3918 tes.
914 3866 1042 3923 Post
1065 3873 1302 3939 spatium
1320 3887 1503 3933 autem
1527 3883 1691 3938 trium
1710 3902 2000 3957 annorum,
2020 3894 2348 3951 seditionem

777 3959 1055 4028 agitarent
1093 3980 1288 4023 omnes
1329 3971 1543 4036 fratres.
1571 3978 1819 4036 dicentes
1870 3987 2352 4053 praafectozpater

780 4055 1114 4119 venerande,
1148 4059 1350 4116 sullicit
1378 4063 1536 4121 fratri
1563 4069 1769 4126 Marino
1789 4089 1970 4144 poena,
1990 4094 2152 4149 quam
2182 4085 2350 4140 susti-

777 4143 922 4196 nuit.
979 4145 1056 4200 De
1103 4158 1304 4206 caetero
1354 4170 1631 4227 rogamus,
1665 4167 1852 4234 accipe
1887 4185 2013 4224 eum
2042 4187 2236 4229 rursus
2289 4175 2344 4232 in

779 4241 1175 4297 monasterium
1208 4263 1220 4300 :
1253 4250 1488 4306 maxime
1511 4269 1664 4318 vero.
1691 4260 1838 4329 quod
1875 4277 2058 4318 coram
2081 4268 2342 4325 omnibus

777 4331 1063 4390 confessus
1079 4348 1162 4392 est
1180 4340 1391 4410 lapsum
1411 4362 1591 4404 suum.
1618 4352 1754 4409 Cum
1783 4368 1966 4414 autem
1999 4364 2345 4420 contradice-

779 4431 866 4475 ret
901 4428 1214 4494 praefectus,
1238 4444 1294 4487 et
1327 4453 1435 4492 non
1471 4446 1901 4508 persuaderetur
1921 4466 2045 4504 eum
2071 4456 2348 4522 accipere,

777 4530 1066 4584 casperunt
1097 4525 1351 4582 monachi
1390 4531 1441 4585 ei
1484 4550 1675 4590 rursus
1704 4537 1886 4595 dicere
1918 4559 1931 4598 :
1965 4542 2078 4600 Nisi
2122 4544 2344 4601 fratrem

2457 3433 2552 3483 καὶ
2581 3429 2884 3498 λαμϐάνειν
2918 3431 3060 3496 γάλα
3087 3432 3193 3484 ἀπὸ
3219 3432 3326 3484 τῶν
3353 3431 3650 3500 ποιμένων,
3683 3433 3778 3484 καὶ
3806 3435 4031 3501 τρέφειν

2458 3523 2517 3574 τὸ
2549 3524 2758 3575 παιδίον
2789 3522 2864 3586 ὡς
2897 3527 3081 3596 πατήρ
3106 3543 3119 3556 ο
3157 3526 3258 3578 οὐκ
3311 3525 3473 3595 ἢρκει
3521 3526 3577 3579 δὲ
3629 3526 3780 3594 αὐτῷ
3817 3528 3846 3579 6
3876 3543 4033 3598 περι-

2459 3614 2708 3684 σπασμὸς
2742 3615 2801 3668 ὃν
2847 3612 3014 3687 εῖχεν,
3044 3618 3177 3671 ἀλλὰ
3227 3618 3320 3668 καὶ
3354 3616 3414 3669 τὸ
3469 3617 3682 3670 παιδίον
3716 3621 3901 3672 κλαῖον
3933 3621 4031 3673 καὶ

2456 3708 2783 3776 ὀδυρόμενον
2807 3709 3027 3776 ὴχρεὶου
3061 3709 3128 3760 τὰ
3181 3709 3368 3776 ἱμάτια
3397 3709 3584 3761 αὑτοῦ.
3615 3711 3772 3764 Μετά
3800 3713 3856 3763 δὲ
3895 3713 4028 3782 τρία

2460 3800 2554 3866 ἐτη
2585 3800 2788 3860 ἰδόντες
2840 3799 2889 3850 οι
2924 3799 3143 3867 ἀδελφοὶ
3173 3801 3269 3873 τὴν
3309 3800 3584 3872 τοσαύτην
3625 3801 3788 3856 αὑτοῦ
3849 3803 4032 3873 θλίψιν

2451 3895 2544 3950 καὶ
2575 3894 2875 3966 ὑπομονὴν,
2910 3898 3300 3967 προσελθόντες
3323 3898 3544 3975 λέγουσι
3569 3898 3647 3970 τῷ
3696 3899 3991 3970 ἡγουμένῳ
4012 3916 4027 3930 ο

2463 3989 2653 4059 Ἀρκεῖ
2690 3989 2839 4059 αὐτῷ
2870 3989 2902 4059 ἡ
2942 3990 3194 4058 ἐπιτιμία
3218 4033 3231 4055 ,
3273 3992 3354 4044 ὅτι
3393 3993 3486 4044 ἐπὶ
3519 3992 3737 4045 πάντων
3771 3992 4036 4062 ὁμολογεῖ

2453 4082 2516 4136 τὸ
2551 4081 2748 4135 ἑαυτοῦ
2782 4083 3028 4150 σφάλμα.
3079 4083 3185 4134 Τοῦ
3214 4083 3270 4135 δὶ
3313 4084 3618 4152 ἡγουμένου
3648 4084 3784 4146 ὅλως
3819 4085 3900 4153 μὴ
3931 4102 4032 4136 πυ-

2456 4174 2686 4242 θομένου
2739 4174 2997 4237 δέξασθαι
3045 4174 3233 4238 αὐτὸν.
3265 4175 3518 4243 λέγουσιν
3550 4176 3600 4230 οἱ
3647 4177 3897 4244 ἀδελφοὶ,
3921 4181 4028 4244 ὅτι,

2470 4265 2597 4322 Ἐὰν
2633 4265 2707 4336 μὴ
2761 4265 2888 4338 δέξῃ
2926 4267 3113 4332 αὐτὸν,
3156 4270 3251 4323 καὶ
3292 4270 3455 4340 ἡμεῖς
3502 4269 3907 4339 ἁναχωροῦμεν
3934 4272 4030 4324 τοῦ

2462 4359 2830 4430 μοιαστηρίου
2851 4377 2865 4391 ·
2893 4356 3003 4431 ἆρα
3035 4361 3150 4422 πῶς
3180 4361 3376 4430 ἔχομεν
3416 4364 3745 4436 αἰτήσασθαι
3777 4364 4029 4467 συγγνω-

2463 4466 2571 4518 μην
2602 4453 2730 4519 περὶ
2781 4449 2888 4502 τῶν
2935 4451 3223 4518 ἁμαρτιῶν
3271 4451 3430 4520 ἡμῶν
3487 4455 3730 4524 σήμερον
3775 4456 4031 4524 τριετοῦς

2456 4545 2652 4616 χρόνου
2684 4546 2996 4618 καθημένου
3025 4548 3192 4602 αὑτοῦ
3220 4548 3472 4617 αἱθρίου;

777 4605 1048 4664 Marinum
1090 4630 1282 4672 rursus
1305 4627 1582 4692 acceperis
1632 4628 1687 4682 in
1722 4634 2144 4700 monasterium,
2174 4653 2206 4690 ο
2246 4636 2428 4701 Pater,
2463 4651 2562 4691 nos
2592 4652 2810 4706 quoque
2853 4638 3182 4692 recedimus.
3208 4637 3495 4746 Quomodo
3528 4655 3890 4746 possumus-3
3919 4643 4030 4697 Deo

781 4713 968 4746 nat-lora
1016 4719 1071 4746 ut
1091 4714 1366 4746 nnnalnnn!
1399 4719 1556 4746 ..ΑΙ-ιζ..
1577 4733 1756 4746 ...._.__
1795 4742 1819 4746 _.
1839 4743 1852 4746 _
1876 4744 1887 4746 _
1967 4738 1980 4746 .
2207 4730 2226 4746 ρ
2295 4743 2303 4746 .
2510 4744 2517 4746 .
2619 4742 2630 4746 -

781 4713 989 4773 petere,
1016 4714 1369 4768 utcondonet
1396 4719 1558 4775 nobis
1577 4733 1762 4781 nostra
1793 4738 2036 4796 peccata,
2060 4746 2186 4785 cum
2205 4730 2374 4788 frater
2401 4744 2588 4789 noster
2619 4742 2731 4786 tres
2773 4747 2947 4785 annos
2975 4731 3076 4784 sub
3105 4732 3196 4784 dio
3228 4731 3417 4785 sedeat
3449 4734 3504 4786 iu
3538 4735 3854 4788 vestibulo?

849 4825 937 4879 Vl.
984 4826 1108 4883 Hcce
1150 4845 1274 4885 cum
1309 4836 1572 4893 audiisset
1624 4843 1915 4910 praefectus
1966 4862 1996 4899 a
2041 4850 2346 4912 monachis,
2378 4853 2431 4913 D
2529 4850 2601 4914 εἷ’

2529 4850 2619 4914 ς’.
2651 4847 2782 4900 Τότε
2811 4844 3028 4911 ἐδέξατο
3062 4845 3225 4899 αὐτὸν
3251 4847 3278 4899 6
3304 4846 3609 4917 ἡγούμενος
3638 4848 3816 4918 λέγων
3837 4867 3852 4880 ·
3896 4853 4028 4908 Ἰδιὺ

778 4917 915 4971 dicit
944 4922 1067 4976 eis:
1123 4925 1333 4981 Revera
1387 4943 1613 5001 propter
1660 4947 1965 5004 peceatum,
2003 4941 2147 5007 quod
2199 4942 2346 5006 fecit,

780 5019 990 5064 nonest
1015 5013 1212 5083 dignus
1234 5017 1340 5072 huc
1369 5019 1577 5091 ingredi
1609 5043 1622 5078 :
1651 5037 1874 5093 pr0pter
1897 5040 2134 5083 vestram
2168 5043 2348 5086 tamen

781 5101 1107 5158 charitatem
1145 5118 1198 5161 et
1246 5127 1436 5178 preces
1467 5129 1593 5167 eum
1639 5118 1873 5187 accipio,
1906 5129 1960 5173 et
2002 5136 2125 5174 cum
2165 5140 2344 5177 accer-

781 5194 966 5249 siisset
997 5197 1261 5253 Marinum
1303 5220 1487 5257 coram
1518 5211 1792 5274 omnibus,
1829 5213 1963 5266 dicit
1993 5215 2042 5268 ei
2082 5233 2093 5268 :
2131 5216 2347 5280 Frater.

783 5301 892 5337 non
941 5302 999 5338 es
1037 5289 1235 5359 dignus
1279 5303 1425 5349 stare
1469 5298 1522 5352 in
1567 5301 1742 5369 primo
1795 5313 1887 5357 tuo
1935 5307 2074 5369 loco,
2127 5318 2352 5376 propter

783 5393 1066 5444 peccatum
1099 5385 1242 5450 quod
1276 5387 1451 5443 fecisti
1483 5409 1494 5445 :
1522 5404 1745 5463 propter
1769 5395 1995 5451 fratrum
2019 5409 2199 5454 autem
2224 5404 2355 5455 cha-

784 5471 1003 5525 ritatein
1036 5487 1090 5528 et
1138 5494 1346 5545 preces,
1383 5484 1594 5549 accipio
1626 5497 1674 5539 te
1716 5494 1960 5547 omnium
2014 5503 2349 5560 postremum

784 5561 836 5611 in
892 5565 1153 5631 regulam.
1189 5568 1427 5626 Marinus
1477 5589 1604 5628 vero
1656 5581 1821 5646 coepit
1876 5581 2129 5648 prmfecto
2167 5583 2350 5639 dicere

780 5667 906 5705 cum
945 5655 1244 5727 lacrymis:
1283 5661 1394 5715 Hoc
1437 5683 1658 5735 quoque
1712 5672 1842 5723 mihi
1892 5688 2145 5743 magnum
2182 5687 2285 5733 est.
2319 5694 2351 5731 ο

783 5753 1090 5804 venerande
1124 5753 1301 5815 l'aier.
1343 5759 1484 5821 quod
1520 5776 1603 5814 me
1645 5762 1868 5831 dignum
1905 5767 2123 5833 feceris,
2148 5773 2240 5841 qui
2268 5774 2352 5826 in-

2450 4940 2536 4994 διὰ
2570 4940 2668 5011 τὴν
2696 4941 2918 5009 ἀγάπην
2967 4940 3074 4991 τῶν
3114 4938 3362 5005 ἀδελφῶν
3397 4941 3629 5009 δέχομαί
3679 4959 3759 5007 σε,
3792 4944 4029 5014 ἔσχατον

2453 5039 2634 5105 μέντοι
2671 5039 2886 5089 πάντων
2918 5034 3066 5088 ὄντα.
3111 5035 3170 5089 Ὀ
3188 5037 3243 5089 δὲ
3273 5037 3431 5088 ἔϐαλε
3492 5039 3788 5105 μετάνοιαν
3807 5042 3988 5108 λέγων
4013 5061 4024 5072 ·

2449 5128 2610 5192 Μέγα
2673 5127 2763 5194 μοί
2817 5129 2953 5189 ἐστι,
3005 5129 3200 5196 πάτερ,
3236 5130 3324 5182 ἵνα
3365 5130 3500 5191 ὅλως
3535 5130 3639 5182 ὑπό
3688 5133 3788 5200 τὴν
3822 5134 4027 5201 στέγην

2451 5218 2606 5286 ὑμῶν
2631 5218 2876 5274 εἰσέλθω.
2917 5220 3116 5271 ’Ἐϐαλε
3163 5219 3220 5273 δὲ
3264 5221 3429 5274 αὑτὸν
3453 5225 3480 5274 6
3507 5224 3811 5292 ἡγούμενος
3851 5229 3932 5287 εἰς
3962 5228 4029 5279 τὰ

2450 5311 2748 5380 ἀτιμότερα
2797 5313 2932 5381 ἔργα
2966 5313 3056 5364 τοῦ
3083 5317 3462 5385 τιοναστηρίου
3489 5331 3502 5343 ·
3539 5317 3632 5367 καὶ
3663 5316 3842 5368 ἐποίει
3887 5321 4028 5371 αὐτά

2455 5405 2593 5472 μετὰ
2625 5406 2861 5474 σπουδῆς
2890 5406 2946 5456 ἐν
2976 5405 3154 5476 πολλῷ
3192 5408 3337 5476 πόνῳ
3374 5409 3578 5474 διάγων
3603 5425 3615 5438 ·
3657 5405 3769 5477 εἶχε
3825 5410 3883 5462 δὲ
3939 5412 4029 5462 καὶ

2451 5497 2510 5548 τὸ
2540 5497 2750 5550 παιδίον
2781 5497 3003 5550 ὄπισθεν
3030 5499 3194 5552 αὐτοῦ
3234 5499 3502 5569 κράζοντα
3535 5503 3630 5553 καὶ
3663 5501 3938 5570 ζητοῦντα
3965 5502 4032 5554 τὰ

2453 5591 2589 5650 πρὸς
2619 5589 2715 5657 τὴν
2747 5588 2950 5658 βρῶσιν
2992 5592 3082 5641 καὶ
3110 5591 3211 5641 ὅσα
3266 5590 3382 5641 ἐστὶ
3407 5593 3518 5652 τοῖς
3545 5592 3762 5659 νηπίοις
3798 5595 4026 5645 σιτίσια.

2450 5681 2697 5748 Αὐξηθὲν
2728 5681 2818 5733 οὖν
2847 5682 2937 5733 καὶ
2977 5681 3290 5750 ἀνατραξρὲν
3324 5683 3382 5735 ἐν
3415 5682 3583 5752 πολλῇ
3616 5685 3784 5754 ἀρετῇ
3817 5682 4027 5752 ἠξιώθη

2447 5774 2541 5826 τοῦ
2578 5792 2707 5842 μονα
2719 5775 2871 5843 χικοῦ
2897 5776 3196 5842 σχήματος.

779 5848 1039 5907 tll'edcrer
1072 5852 1211 5909 intra
1259 5859 1604 5929 vestibuliuu,
1641 5871 1695 5916 ut
1744 5863 1820 5917 sic
1862 5880 2078 5935 quitque
2147 5868 2344 5939 dignus
2389 5869 2610 5939 habear,
2655 5874 2744 5940 qui
2784 5872 3015 5926 serviam
3061 5874 3262 5929 sanctis
3309 5875 3441 5931 meis
3485 5874 3757 5930 l'atribus.
3802 5875 3869 5928 lat
3904 5888 4026 5928 cum
