4230 6436
197 414 310 477 353
1289 411 1460 471 VITA
1508 411 1565 468 S.
1600 409 1926 473 EUGENH
1960 409 2052 468 ΕΤ
2084 407 2374 470 MARLE.
3333 403 3436 466 354

192 546 325 583 eum
367 529 667 596 accepisset
698 528 1009 599 praefectus,
1057 528 1280 582 immisit
1319 527 1385 580 ad
1426 527 1619 580 viliora
1663 537 1718 580 et
1752 527 2048 597 abjectiora
2099 540 2267 594 opera
2301 522 2644 576 monasterii.
2695 521 2746 575 ls
2791 537 2921 576 vero
2959 537 3019 575 ea
3051 521 3282 578 faciebat
3317 540 3443 578 eum

193 626 386 678 studio
427 635 478 678 et
520 640 714 692 magno
747 635 892 678 metu
930 635 984 682 et
1016 626 1462 692 eompunctione.
1500 622 1748 676 llabebat
1775 631 1957 676 autem
2001 635 2232 690 puerum
2275 633 2497 688 quoque
2558 617 2819 676 Marinus.
2857 633 2984 672 eum
3019 630 3167 673 retro
3208 634 3446 688 sequen-

193 727 309 772 tem
335 728 389 772 et
422 719 751 773 clamantem
790 736 804 774 :
845 719 920 772 Ta
961 727 1010 772 ta
1044 727 1117 777 ta.
1149 726 1205 770 et
1235 717 1608 786 requirentem
1639 733 1701 770 ea
1739 733 1860 785 quas
1895 726 2022 770 sunt
2057 716 2245 785 pueris
2273 714 2584 768 necessaria
2619 713 2684 766 ad
2727 714 3074 767 alimentum.
3118 715 3235 768 Non
3267 717 3443 769 solum

191 811 344 862 enim
373 810 456 863 his
479 812 742 864 aerumnis
771 822 824 865 et
845 810 1234 865 afﬂictionibus
1286 810 1642 878 premebatur
1672 807 1933 870 Marinus,
1961 810 2054 863 sed
2084 810 2248 863 etiam
2291 809 2356 862 de
2398 809 2593 862 alendo
2625 808 2730 862 hoc
2756 823 2925 876 puero
2963 819 3081 863 erat
3110 810 3266 863 valde
3291 811 3444 863 solli-

191 903 360 956 citus.
402 902 538 958 Cum
574 906 837 957 crevisset
879 912 1063 956 autem
1093 918 1250 971 puer,
1282 902 1512 970 degebat
1557 903 1612 955 in
1645 903 2002 965 monasterio,
2032 901 2300 957 educatus
2332 904 2384 955 in
2437 903 2637 952 virtute
2670 912 2724 954 et
2765 902 2818 952 in
2854 903 3239 967 temperantia.
3276 901 3447 956 Porro

193 1008 328 1045 vero
367 1005 556 1047 sancto
594 1010 812 1062 quoque
840 1003 894 1049 et
939 995 1242 1047 monastieo
1278 993 1469 1046 habitu
1511 1002 1596 1047 est
1637 994 1914 1063 dignatus.
1940 994 2162 1062 ~Sicque
2198 993 2520 1064 proﬁciebat
2559 992 2612 1045 in
2659 993 2969 1046 humilitate
3028 1001 3082 1046 et
3113 995 3281 1047 multa
3313 994 3448 1048 obe-

191 1083 424 1144 dientia,
464 1093 824 1136 utamaretur
857 1081 926 1135 ab
949 1083 1230 1136 omnibus.

264 1195 338 1248 Z'.
373 1194 462 1246 Ἐν
493 1194 590 1263 μιᾷ
612 1189 705 1245 οὖν
726 1194 833 1245 τῶν
857 1194 1080 1264 ἡμερῶν
1101 1193 1388 1264 ἠρώτησεν
1417 1194 1444 1247 ὁ
1472 1193 1775 1266 ἡγούμενος

1810 1199 1850 1256 Α
1949 1193 2061 1248 VII.
2107 1193 2234 1249 Post
2262 1195 2376 1248 hare
2411 1202 2592 1248 autem
2625 1209 2748 1248 cum
2782 1195 3009 1249 vidisset
3039 1196 3302 1251 Dominus
3325 1212 3447 1266 per-

185 1287 319 1344 τοίις
346 1287 606 1351 ἀδελφοὺς
638 1286 810 1352 λέγων
835 1303 848 1317 ·
884 1287 992 1339 Ποῦ
1018 1288 1164 1338 ἐστιν
1189 1289 1218 1338 ὁ
1249 1288 1479 1354 ἀδελφὸς
1506 1290 1768 1357 Μοιρϊνοςς

189 1379 276 1431 ὅτι
313 1377 421 1446 ἔχω
461 1379 705 1449 σήμερον
733 1379 926 1450 τρίτην
957 1380 1174 1452 ἡμέραν
1201 1381 1302 1432 οὐκ
1345 1376 1462 1433 οῖδα
1496 1381 1660 1434 αὑτὸν
1695 1382 1774 1443 εἰς

190 1470 517 1541 ψαλμψδίαν
542 1487 556 1501 ⁸
589 1472 676 1524 ἀεὶ
700 1474 809 1541 γὰρ
840 1471 947 1539 πρὸ
981 1473 1199 1526 πάντων
1221 1473 1509 1542 εὑρίσκετο
1528 1489 1543 1504 ο
1597 1473 1773 1526 εἰσέλ-

192 1563 329 1617 θάτε
363 1565 442 1626 εις
488 1564 550 1616 τὸ
585 1564 796 1616 κέλλιον
828 1564 994 1616 αὑτοῦ
1038 1565 1113 1636 μὴ
1163 1566 1448 1637 ἀρρωστίᾳ
1472 1581 1588 1617 τινε
1619 1566 1773 1618 κατι·

192 1669 398 1707 κειται.
472 1653 826 1716 Ἀπελθόντες
859 1654 954 1707 οὖν
992 1649 1151 1725 εὗρον
1207 1656 1370 1708 αὐτὸν
1391 1654 1770 1720 τελειωθέντα,

192 1745 294 1795 καὶ
317 1744 664 1812 ἀπήγγειλαν
689 1745 766 1809 τῷ
810 1746 1119 1814 ἡγουμένῳ,
1151 1745 1232 1797 δτι
1255 1748 1283 1797 ὁ
1317 1745 1490 1808 ἅσόᾶς
1529 1748 1772 1815 Μαρῐνος

191 1833 508 1901 ἐτελειώθη,
544 1833 637 1884 καὶ
692 1829 880 1886 εἶπεν·
916 1829 1063 1902 Ἀρι
1091 1834 1208 1896 πῶς
1258 1835 1499 1903 ἀπῆλθεν
1538 1837 1570 1906 ἠ
1603 1835 1765 1888 ἀθλία

194 1920 365 1973 αὑτοῦ
396 1923 577 1991 ψυχης
619 1922 778 1975 ποίαν
839 1923 1139 1990 ἀπολογίαν
1190 1922 1491 1994 βουλομένη
1550 1924 1769 1989 δοῦναι;

197 2013 309 2064 Καὶ
363 2013 664 2082 προσέταξε
722 2015 1050 2085 κηδευθῆναι
1104 2016 1288 2068 αὐτόν.
1340 2017 1448 2067 Καὶ
1497 2016 1572 2078 ὡς
1610 2012 1773 2085 ἦλθον

190 2106 504 2158 ἀποπλύνιι
546 2109 729 2170 αὑτὸν,
788 2103 947 2174 εὗρον
977 2110 1057 2160 ὅτι
1109 2108 1248 2177 γυνὴ
1308 2103 1397 2176 ἦν,
1446 2110 1537 2158 καὶ
1569 2111 1772 2168 πάντες

190 2195 507 2263 ἀνέκραξαν
553 2198 649 2249 τοο
713 2198 906 2265 Κύριε,
966 2197 1213 2264 ὲλέητον.
1262 2197 1318 2247 '0
1356 2197 1411 2248 δὲ
1465 2197 1770 2267 ἡγούμενος

190 2289 561 2340 ἐπυνθάνετο·
615 2289 679 2340 Τί
716 2291 884 2347 ἐστιν,
935 2289 962 2340 ὃ
1000 2289 1188 2359 ﬁxere;
1229 2292 1291 2342 υἱ
1322 2289 1377 2341 δὲ
1408 2285 1561 2342 εἷπον
1591 2293 1672 2343 ὃτι
1707 2291 1772 2342 '0

191 2379 425 2445 ἁδελφὸς
456 2380 694 2448 Μειρίνος
729 2381 866 2450 γυνή
898 2379 1066 2431 ἐστιν.
1096 2381 1231 2430 Τότε
1280 2380 1541 2431 εἰσελθὼν
1595 2381 1772 2448 ῥίπτει

191 2470 392 2520 ἑαυτὸν
416 2470 494 2529 εἰς
531 2453 823 2537 πρᾏσωπον
855 2469 1058 2521 κλαίων
1084 2467 1176 2519 xtl
1213 2467 1390 2533 λέγων
1415 2485 1429 2496 ·
1477 2460 1602 2519 Ὧδε
1639 2471 1774 2520 duo-

191 2562 418 2631 θνῄσκω
444 2565 522 2624 εις
551 2565 674 2624 τοὺς
700 2564 886 2629 ἁγίους
921 2563 1086 2616 αὑτοῦ
1119 2545 1305 2624 πόδαςξ
1331 2561 1435 2624 ἕως
1460 2557 1520 2613 οὗ
1551 2564 1770 2615 ἀκούσω

191 2655 574 2723 συγχώρησιν.
611 2652 782 2706 τ11).οε
821 2656 875 2704 δὲ
923 2653 1075 2722 αὑτῴ
1117 2654 1269 2722 φωνὴ
1301 2653 1534 2721 λέγουσα
1572 2655 1674 2713 ὅτι.
1712 2655 1772 2707 El

1878 1287 2074 1344 fectain
2107 1303 2228 1342 esse
2269 1289 2388 1357 ejus
2443 1287 2602 1341 fidem
2643 1301 2696 1340 et
2727 1288 3093 1353 tolerantiam,
3123 1300 3177 1342 et
3216 1305 3336 1344 esse
3365 1291 3451 1343 di-

1877 1396 2036 1450 gnam
2073 1394 2240 1448 regno
2280 1380 2572 1443 caelorum,
2606 1377 2820 1447 accepit
2858 1394 2977 1432 eam
3025 1379 3079 1432 in
3109 1388 3312 1433 aeterna
3348 1397 3449 1449 pa-

1878 1471 2044 1526 radisi
2099 1471 2472 1533 tabernacula,
2533 1473 2751 1523 nemine
2794 1471 3023 1524 sciente.
3065 1471 3198 1526 Nam
3239 1486 3363 1525 cum
3403 1473 3448 1526 is

1877 1562 2128 1625 obiisset,
2170 1569 2362 1615 etnec
2417 1560 2778 1630 egrederetur
2822 1561 2889 1614 ad
2924 1562 3212 1615 servitium
3256 1577 3448 1615 mona-

1877 1654 2052 1714 sterii,
2095 1663 2274 1708 etnec
2310 1652 2374 1707 ad
2417 1653 2776 1721 psalmodiam
2810 1654 3038 1722 regulae,
3070 1655 3280 1721 rogavit
3312 1670 3450 1722 pra:-

1875 1743 2054 1798 fectus
2101 1745 2320 1808 fratres,
2376 1745 2613 1799 dicens:
2662 1745 2765 1800 Ubi
2815 1755 2902 1799 est
2957 1745 3125 1799 abbas
3175 1746 3452 1799 Marinus?

1876 1833 2016 1888 Ecce
2050 1836 2195 1888 enim
2223 1835 2331 1904 jam
2364 1835 2751 1904 prwterierunt
2784 1845 2892 1889 tres
2921 1837 3060 1899 dies,
3092 1851 3155 1890 ex
3184 1853 3292 1905 quo
3318 1852 3445 1890 eum

1877 1941 1985 1979 non
2034 1925 2143 1979 vidi
2185 1927 2239 1980 in
2276 1926 2603 1996 psalmodia,
2657 1941 2833 1995 neque
2879 1926 2934 1980 in
2973 1943 3073 1982 suo
3117 1929 3450 1982 ministerio.

1877 2016 2093 2072 Primus
2137 2028 2343 2082 autem,
2377 2020 2624 2071 omnium
2678 2019 3060 2072 inveniebatur
3114 2021 3166 2072 in
3219 2021 3448 2090 Regula.

1876 2109 2231 2178 Ingredimini
2279 2126 2409 2179 ergo
2458 2113 2576 2180 ejus
2629 2112 2844 2174 cellam,
2880 2122 2932 2164 et
2980 2111 3182 2173 videte,
3226 2127 3356 2164 num
3397 2116 3448 2164 in

1875 2200 2113 2268 aliquam
2155 2203 2418 2254 ceciderit
2449 2203 2849 2270 :egritudinem.
2885 2200 3021 2254 Cum
3054 2211 3234 2255 autem
3269 2204 3450 2254 venis-

1877 2302 2000 2346 sent
2028 2293 2226 2346 fratres
2256 2297 2308 2347 in
2353 2294 2545 2346 cellam
2601 2295 2794 2359 beatae,
2829 2293 3058 2363 ingressi
3113 2295 3450 2349 invenerunt

1876 2399 1996 2438 eam
2033 2393 2466 2438 consummatam
2493 2383 2548 2437 in
2583 2383 2837 2448 Domino,
2870 2395 2923 2438 et
2950 2401 3178 2454 puerum
3220 2387 3269 2438 ei
3309 2387 3451 2440 assi-

1878 2475 2097 2529 dentem
2130 2483 2182 2528 et
2218 2476 2458 2528 flentem.
2496 2476 2651 2528 Tunc
2705 2491 2938 2545 propere
2986 2478 3189 2543 egressi
3228 2477 3450 2539 fratres,

1875 2569 2133 2639 prafecto
2180 2569 2590 2626 renuntiarunt.
2635 2569 2882 2624 dicentes
2914 2587 2928 2626 :
2963 2570 3151 2624 Frater
3211 2571 3451 2624 Marinus

1873 2660 2119 2713 dormiit.
2170 2661 2262 2713 Ille
2313 2677 2443 2713 vero
2494 2677 2619 2713 cum
2663 2663 2949 2720 audiissct.
3004 2665 3234 2717 miratus
3269 2675 3352 2719 est
3396 2676 3453 2719 et

195 2747 299 2814 μὲν
332 2747 487 2808 εἰδὼς
516 2747 669 2798 τοῦτο
696 2748 962 2814 ἔπραξας,
991 2749 1090 2800 οὐκ
1124 2748 1190 2800 ἄν
1223 2764 1317 2798 σου
1340 2748 1698 2817 συνεχωρήθη
1740 2749 1770 2817 ἡ

1872 2751 2057 2805 dixit:
2095 2752 2383 2817 Quomodo
2435 2755 2670 2808 excessit
2716 2755 2833 2823 ejus
2882 2756 3084 2818 anima,
3143 2767 3236 2811 aut
3284 2774 3449 2826 quam

193 2841 478 2909 ἁμαρτία·
512 2840 776 2910 ἐπειδὴδὲ
812 2843 869 2891 ἐν
899 2842 1092 2912 ἀγνοίᾳ
1115 2840 1399 2908 ἐποίησας,
1432 2839 1773 2907 ἀφεθήσεταί

1876 2847 1987 2898 Deo
2022 2846 2290 2899 allaturos
2319 2857 2404 2900 est
2457 2848 2867 2900 excuSationeni
2904 2851 2970 2903 de
3001 2851 3068 2903 iis
3101 2868 3221 2919 qua:
3255 2869 3451 2921 pecca-

198 2949 309 2984 σοι.
1873 2935 1988 2987 vit?
2025 2935 2180 2988 Tunc
2225 2935 2293 2988 de
2337 2945 2538 2990 caetero
2577 2936 2761 3005 jussit.
2813 2951 2872 2990 ut
2901 2937 2950 2990 ei
2998 2939 3144 3007 justa
3183 2939 3446 2993 facerent.

192 3026 331 3081 Cum
362 3035 542 3078 autem
577 3027 856 3079 venissent
880 3023 1099 3087 fratres,
1145 3033 1204 3078 ut
1231 3040 1356 3079 eum
1386 3033 1783 3093 componerent
1814 3024 1879 3077 ad
1925 3025 2327 3093 sepeliendum,
2360 3024 2691 3078 invenerunt
2718 3041 2843 3078 eum
2881 3040 3000 3079 esse
3034 3028 3316 3082 mulierem
3347 3047 3358 3080 :
3393 3039 3450 3082 et

192 3119 509 3188 stupefacti,
548 3128 836 3187 creperunt
867 3133 1060 3172 omnes
1099 3135 1203 3171 una
1251 3135 1383 3172 voce
1413 3121 1653 3173 clamare
1687 3137 1700 3173 ε
1738 3120 1986 3183 Domine,
2025 3119 2308 3173 miserere.
2343 3119 2642 3172 Praifeetus
2683 3135 2810 3172 vero
2853 3136 2977 3173 cum
3009 3123 3300 3176 tumultum
3349 3139 3452 3175 au-

191 3218 389 3270 diisset
417 3225 472 3269 et
501 3216 1010 3276 conturbationem,
1069 3215 1301 3283 rogavit,
1359 3215 1551 3267 dicens
1585 3232 1599 3268 :
1639 3215 1914 3279 Quidnam
1953 3217 2058 3270 hoc
2083 3215 2188 3269 sibi
2238 3215 2393 3268 vult?
2437 3215 2516 3268 llli
2548 3228 2730 3269 autem
2766 3216 2952 3273 dicunt
2984 3218 3032 3270 ei
3065 3233 3188 3270 cum
3216 3219 3454 3273 adrnira-

195 3313 344 3365 tione
378 3328 392 3364 ι
429 3311 618 3364 Frater
648 3322 830 3364 noSter
863 3307 1103 3362 Marinus
1131 3318 1216 3362 est
1241 3323 1372 3362 sexu
1419 3309 1638 3360 mulier.
1679 3307 1815 3360 Cum
1856 3308 2097 3360 venisset
2137 3322 2269 3375 ergo
2299 3306 2614 3372 praefectus,
2649 3315 2704 3359 et
2735 3309 2962 3362 vidisset
2997 3325 3111 3362 rem
3149 3313 3452 3368 admirabi-

191 3409 299 3463 lem
343 3419 400 3462 et
440 3419 635 3477 praeter
666 3407 1007 3476 opinionem,
1038 3421 1096 3459 se
1144 3406 1294 3458 humi
1330 3406 1585 3475 proiecit,
1618 3413 1672 3459 et
1701 3417 1894 3457 tenens
1936 3404 2104 3473 pedes
2137 3403 2330 3466 beataz,
2368 3417 2492 3456 cum
2543 3403 2729 3455 multis
2760 3403 3014 3473 lacrymis
3046 3403 3336 3470 clamabat,
3363 3407 3451 3458 di-

192 3519 326 3557 cens
363 3520 377 3555 :
416 3503 642 3571 Ignosce
675 3502 831 3561 mihi.
867 3501 1096 3555 Domine
1135 3502 1262 3556 Jesu
1304 3500 1546 3564 Christe,
1578 3499 1724 3568 quod
1781 3515 1876 3568 per
1923 3501 2288 3569 ignorantiam
2335 3501 2554 3568 peccavi
2591 3501 2643 3552 in
2681 3508 2924 3552 sanctam
2956 3508 3012 3552 et
3056 3515 3261 3553 casram
3301 3509 3448 3555 tuam

191 3611 472 3663 sponsam.
511 3595 578 3646 Et
606 3609 800 3646 rursus
823 3596 1119 3662 procidens
1149 3593 1215 3646 ad
1245 3594 1588 3647 venerandas
1621 3605 1674 3648 ct
1700 3602 1924 3647 sanctas
1951 3595 2070 3663 ejus
2114 3593 2399 3662 reliquias,
2439 3593 2734 3654 clamabat,
2764 3594 2984 3649 dicens:
3020 3593 3119 3648 Hic
3150 3597 3351 3648 moriar
3381 3597 3447 3649 ad

190 3698 414 3744 sanctos
437 3697 493 3741 et
523 3687 868 3740 venerandos
909 3689 1034 3740 tuos
1079 3685 1264 3754 pedes,
1303 3689 1476 3737 donec
1508 3687 1736 3737 audiero
1770 3687 1902 3738 mihi
1928 3702 2048 3739 esse
2091 3687 2397 3740 condonala
2427 3703 2634 3756 eaquae
2669 3687 2724 3741 in
2758 3696 2807 3740 te
2845 3689 3081 3756 peccavi.
3118 3689 3254 3742 Cum
3292 3691 3334 3742 is
3357 3706 3446 3742 au-

193 3795 301 3838 tem
335 3783 429 3835 diu
464 3782 692 3837 defieret
725 3792 782 3837 et
822 3782 1126 3853 plangeret,
1165 3779 1314 3834 venit
1349 3780 1414 3832 ad
1455 3793 1583 3831 eum
1624 3795 1725 3831 vox
1774 3780 1840 3832 de
1888 3779 2049 3841 coelo,
2085 3779 2279 3832 dicens
2313 3795 2326 3832 ε
2361 3779 2415 3832 Si
2449 3781 2553 3832 hoc
2595 3782 2816 3847 quidem
2851 3783 3031 3836 sciens
3065 3784 3304 3845 fecisses,
3342 3800 3448 3839 non

190 3875 292 3930 tibi
319 3873 756 3938 condonassem;
791 3876 918 3944 quia
949 3885 1131 3927 autem
1163 3872 1418 3926 nesciens
1451 3871 1554 3925 hoc
1588 3871 1792 3936 fecisti,
1828 3881 2115 3942 peccatum
2153 3873 2257 3925 fuit
2296 3872 2391 3925 tibi
2425 3873 2815 3928 condonatum.

266 3988 351 4042 H'.
387 3990 494 4040 Καὶ
542 3987 792 4058 ἐγερθεὶς
826 3987 978 4054 δηλοῖ
1011 3988 1088 4056 τῷ
1137 3988 1426 4056 πανδοχεῖ·
1477 3990 1568 4039 καὶ
1600 3989 1775 4038 εἰσελ-
1803 3996 1846 4052 C

189 4080 384 4140 Οὸντος
435 4078 598 4130 αὑτοῦ
640 4077 822 4144 λέγει·
869 4078 1002 4131 Ἰδοὺ
1031 4078 1058 4130 ὁ
1097 4078 1342 4147 Μαρῐνος
1374 4077 1669 4148 ἐκοιμήθη.
1712 4077 1772 4129 '0

187 4175 248 4225 δὲ
281 4173 466 4238 λέγει’
507 4172 562 4224 ⁸0
593 4172 720 4232 Θεὸς
757 4174 1107 4240 συγχωρήσει
1142 4171 1306 4240 αὐτῷ,
1334 4173 1416 4224 ὅτι
1449 4170 1657 4240 ἔρημον
1685 4171 1776 4222 τὸν

187 4261 344 4318 οἶκόν
373 4282 474 4334 μου
495 4265 771 4334 ἐποίησεν.
799 4265 961 4330 Λέγει
982 4263 1131 4332 αὑτῴ
1161 4263 1189 4313 ὁ
1221 4263 1525 4330 ἡγούμενος
1546 4276 1558 4289 ’
1588 4263 1774 4312 Μετα-

189 4359 411 4428 νὸησον.
485 4357 700 4424 ἁδελφὲ,
762 4359 842 4410 ὅτι
896 4358 1146 4427 1ἥμαρτες
1200 4354 1431 4408 ἐνώπιον
1491 4353 1587 4405 τοῦ
1637 4351 1772 4406 Θεοῦ

191 4451 344 4518 κάμὲ
376 4452 441 4502 σὺ
488 4449 691 4516 ἐπῆρες
741 4451 855 4508 τοῖς
914 4450 1093 4513 λόγοις
1146 4463 1274 4498 σου*
1318 4449 1344 4500 ὁ
1397 4446 1506 4517 γὰρ
1536 4448 1776 4516 Μαρῖνος

191 4545 336 4609 γυνή
373 4543 542 4594 ἐστιν.
576 4541 685 4593 Καὶ
707 4540 964 4608 ἐπιγνοὺς
991 4541 1150 4592 τοῦτο
1178 4543 1204 4592 ὁ
1241 4542 1440 4603 «aveat;
1469 4540 1659 4607 ἐξέστη
1684 4541 1776 4590 καὶ

192 4636 420 4700 ἑδόξισε
455 4636 546 4687 τὸν
581 4634 746 4688 Θεόν.-
768 4637 876 4688 Καὶ
936 4635 1066 4698 ἰδοὺ,
1107 4637 1163 4687 ἐν
1187 4634 1345 4703 ὀλίγῃ
1375 4634 1494 4700 ὥρα.
1541 4631 1776 4701 παραγί-

191 4746 350 4780 νεται
387 4730 418 4792 ἡ
453 4729 700 4800 θυγάτηρ
730 4729 894 4778 αὐτοῦ
927 4728 1262 4796 ἐλεγχομένη
1292 4729 1385 4778 καὶ
1410 4727 1645 4794 λέγουσα
1677 4726 1775 4796 τὴν

192 4821 480 4890 ἀλήθειαν,
515 4823 597 4872 ὃτι
633 4821 691 4872 ’0
725 4818 1062 4888 στρατιώτης
1088 4821 1326 4886 ἐπάτησὲ
1382 4837 1469 4887 με,
1499 4823 1591 4870 καὶ
1621 4820 1778 4887 ἐμία-

192 4929 278 4975 νε,
317 4913 414 4962 καὶ
477 4914 817 4980 παραχρῆμα.
861 4913 1005 4980 ἰάθη.
1045 4911 1151 4963 Καὶ
1196 4905 1447 4970 λαϐόντες
1476 4912 1522 4960 οἱ
1555 4913 1775 4977 ἁδελᾳοὶ

192 5009 255 5060 τὸ
275 5007 527 5074 λείψανον
546 5004 642 5072 τῆς
673 5006 821 5067 ὁσίοις
850 5008 1087 5070 Μοιρέας,
1119 5005 1448 5074 ρυρίςαντες
1483 5003 1775 5055 κατέθεντο

193 5103 253 5151 ἐν
290 5100 444 5168 τόπῳ
471 5099 654 5166 σεμνῷ
690 5098 826 5165 μετὰ
881 5099 1062 5164 πάσης
1116 5099 1455 5166 δωροφορῖας
1479 5137 1492 5161 ,
1541 5095 1776 5165 Χριστὸν

191 5193 569 5260 ἀνυμνοῦντες
596 5194 683 5244 τὸν
717 5193 945 5260 Σωτῆρα
978 5193 1085 5245 τῶν
1120 5193 1396 5255 ἁπάντων,
1428 5193 1516 5244 τὸν
1561 5192 1648 5243 ἀεὶ
1687 5191 1775 5242 δο-

193 5283 604 5348 ξᾶζοντα”τοϋς
663 5286 986 5350 δοξάζοντας
1036 5287 1217 5337 αὑτὸν.
1257 5285 1412 5353 Αὐτῷ
1465 5289 1495 5352 ἡ
1543 5287 1774 5348 δάξαείς

191 5381 323 5438 τοὺς
351 5380 553 5438 αέὡνις
590 5379 698 5428 τῶν
735 5379 965 5430 αἰώνων,
1000 5379 1198 5446 Ἀμήν.

1956 3990 2095 4043 VIII.
2142 3992 2295 4045 Tunc
2326 4006 2558 4061 surgens
2594 3991 2885 4060 praefectus
2912 4005 2939 4042 a
2971 3990 3298 4045 venerandis
3332 3993 3452 4062 ejus

1882 4085 2148 4155 reliquiis,
2175 4088 2357 4139 statim
2388 4089 2536 4140 misit
2563 4088 2629 4140 ad
2655 4088 2971 4156 praafcctum
3006 4089 3316 4152 diversorii,
3364 4091 3449 4142 di-

1876 4193 2007 4232 cens
2041 4195 2054 4230 :
2090 4177 2225 4232 Veni
2257 4179 2368 4232 cito
2410 4178 2475 4230 ad
2527 4195 2647 4242 nos,
2692 4195 2815 4232 nam
2867 4189 2917 4231 te
2967 4181 3092 4232 volo
3133 4181 3448 4235 convenire.

1875 4271 2010 4325 Cum
2045 4281 2229 4323 autem
2275 4272 2519 4323 venisset
2549 4272 2840 4338 praefectus
2871 4270 3185 4333 diversorii,
3222 4271 3358 4328 dicit
3398 4274 3448 4327 ci

1878 4364 2169 4434 praefectus
2222 4365 2537 4419 monasterii
2588 4380 2602 4419 :
2668 4366 2808 4420 Ecce
2855 4365 3025 4420 frater
3076 4366 3316 4420 Marinus
3369 4376 3452 4420 est

1878 4469 2150 4512 mortuus.
2183 4456 2230 4511 Is
2265 4474 2395 4512 vero
2428 4458 2569 4512 dicit
2598 4457 2859 4527 praefecto
2893 4460 3209 4512 monasterii
3251 4474 3264 4511 :
3309 4461 3453 4514 Deus

1875 4552 1923 4603 ei
1973 4550 2247 4601 condonet
2281 4549 2336 4600 id
2368 4548 2514 4617 quod
2568 4548 2698 4600 fecit
2745 4551 2796 4600 in
2842 4549 3108 4616 abjectam
3161 4565 3338 4602 meam
3392 4553 3452 4603 fi-

1879 4639 2026 4692 liam.
2063 4639 2205 4692 Dicit
2237 4639 2284 4690 ei
2321 4638 2616 4706 pnefectus
2649 4639 2967 4692 monasterii
3017 4654 3030 4690 :
3066 4640 3448 4696 Ptenitentiam

1876 4749 1994 4803 age,
2037 4749 2070 4788 ο
2121 4733 2308 4786 frater.
2369 4732 2504 4785 Nam
2533 4735 2767 4801 peccasti
2804 4749 2988 4786 coram
3040 4733 3172 4788 Deo.
3211 4735 3314 4788 Sed
3367 4753 3453 4792 me

1875 4836 2096 4890 quoque
2126 4823 2233 4874 tuis
2258 4821 2439 4874 verbis
2464 4821 2754 4888 decepisti,
2778 4831 2831 4872 et
2858 4825 3076 4889 peccavi
3105 4840 3204 4889 ego
3231 4841 3450 4893 quoque

1878 4923 2100 4983 propter
2142 4923 2213 4966 te.
2251 4913 2389 4966 Ecce
2421 4914 2566 4964 enim
2601 4913 2842 4966 Marinus
2887 4930 3078 4968 revera
3115 4928 3198 4970 est
3231 4919 3447 4971 mulier.

1876 5006 2010 5059 Cum
2036 5005 2151 5058 haec
2184 5014 2365 5058 autem
2399 5007 2698 5059 audivisset
2729 5009 3018 5075 praefectus
3056 5009 3366 5072 diversorii,
3396 5007 3451 5064 et

1879 5097 2122 5168 pratfecti
2144 5097 2330 5150 verbis
2363 5098 2554 5151 fuisset
2577 5097 3014 5164 obstupefactus,
3041 5102 3240 5152 mansit
3263 5113 3449 5154 mutus

1878 5202 1932 5246 et
1981 5190 2270 5245 attonitus.
2310 5191 2446 5243 Eum
2496 5204 2626 5242 vero
2661 5205 2824 5244 manu
2857 5193 3272 5260 apprehendens
3307 5211 3448 5264 prze-

1879 5285 2055 5338 fectus
2084 5285 2423 5345 inonasmrii,
2461 5283 2618 5336 duxit
2649 5299 2778 5337 eum
2809 5288 2860 5336 in
2892 5286 3095 5350 locum,
3131 5286 3183 5340 in
3217 5304 3325 5356 quo
3369 5290 3450 5356 ja-

1810 5360 1852 5412 ί)
1885 5378 2042 5430 cebat
2076 5377 2232 5429 beata
2259 5377 2424 5429 Maria
2465 5393 2478 5429 :
2513 5386 2566 5428 et
2606 5391 2728 5429 cum
2763 5392 2880 5429 eam
2911 5378 3139 5431 honeste
3168 5388 3222 5431 et
3251 5379 3450 5433 decore

191 5472 432 5524 locasset
460 5487 523 5524 ac
556 5473 981 5538 composuisset.
1013 5471 1059 5523 ci
1109 5469 1349 5524 ostendit
1386 5472 1555 5539 ipsum
1601 5486 1721 5523 esse
1763 5486 1895 5524 sexu
1932 5472 2214 5531 feminam,
2256 5480 2309 5523 et
2341 5485 2460 5523 eam
2506 5469 2674 5522 fuisse
2708 5477 2910 5523 temere
2948 5471 3252 5526 maledictis
3285 5487 3450 5539 appe-

193 5569 375 5622 titam.
413 5564 568 5619 Tunc
606 5568 774 5633 coepit
812 5567 1102 5621 diversorii
1150 5584 1369 5636 quoque.
1423 5569 1713 5636 praefectus
1764 5568 1968 5620 deﬂere
2010 5575 2238 5635 propter
2283 5567 2626 5634 inopinatum
2670 5567 2737 5619 ab
2782 5583 2846 5618 eo
2886 5567 3060 5618 visum
3095 5567 3445 5624 miraculum,

195 5665 327 5717 l’ost
357 5662 472 5714 haec
496 5671 676 5713 autem
704 5663 848 5731 justa
883 5662 1132 5717 fecerunt
1184 5666 1390 5717 sanctis
1421 5673 1475 5717 et
1507 5663 1835 5716 venerandis
1873 5663 1992 5731 ejus
2030 5662 2298 5728 reliquiis,
2332 5670 2386 5714 et
2433 5661 2805 5748 depostierunt
2841 5662 2889 5711 in
2932 5661 3124 5728 insigni
3161 5660 3281 5713 loco
3328 5676 3448 5711 nio-

195 5759 445 5821 naSterii,
479 5773 603 5810 cum
640 5760 864 5826 psalmis
896 5770 950 5812 et
989 5759 1205 5828 hymnis
1239 5768 1292 5813 et
1331 5761 1516 5813 multis
1568 5760 1890 5820 luminibus,
1924 5770 2119 5811 octavo
2150 5757 2353 5810 mensis
2401 5756 2703 5815 Februarii.
2739 5755 2931 5808 Statim
2965 5771 3091 5808 vero
3135 5757 3284 5809 venit
3336 5756 3446 5810 filia

194 5857 442 5926 praefecti
488 5856 779 5910 diversorii
815 5873 843 5911 a
889 5857 1136 5913 dannonc
1176 5867 1449 5928 correpta,
1485 5868 1540 5912 et
1591 5859 1861 5912 confitens
1902 5870 2117 5911 omnem
2164 5855 2469 5920 veritatem,
2512 5862 2565 5908 et
2604 5853 2792 5906 dicens
2825 5868 2838 5904 :
2879 5851 3022 5904 ’l'alis
3057 5852 3211 5904 miles
3247 5867 3329 5904 me
3366 5852 3449 5904 fe-
