4230 6436
228 400 333 462 351

1214 392 1385 451 VlTA
1431 392 1534 452 SS.
1581 390 1949 453 MAURICII
1983 391 2077 451 ET
2117 389 2532 451 SOCIORI’M.

3368 397 3473 460 358

225 511 546 582 λολατρείας
578 511 887 579 φροντίζειν
924 523 933 535 ·
963 508 1096 563 ἀλλὰ
1126 508 1334 569 ἀόκνως
1394 508 1557 569 αὐτὸς
1592 507 1690 578 τὴν
1721 508 1802 560 οί-
1832 524 1877 577 Α

1800 524 1877 577 ιΑ
1908 507 2148 561 scribere
2172 506 2238 560 ad
2265 508 2511 561 locorum
2550 506 2833 575 praesides,
2878 516 2936 561 ut
2975 507 3336 577 imperatores
3377 513 3470 577 qui

224 608 503 676 κουμένην
538 604 877 673 περιήρχετο
912 601 1191 671 ὑπηρέτης
1250 599 1377 665 ὀξυς
1422 600 1532 652 τῶν
1599 599 1799 669 βωμῶν

224 700 339 751 τῶν
365 698 634 766 δαιμόνων
665 698 968 765 γινόμενος,
989 693 1223 756 ἐλπίζων
1246 693 1331 745 διὰ
1362 693 1458 761 τῆς
1498 694 1799 763 παρουσίας

222 791 395 844 αὑτοῦ
415 790 657 850 καὶτοὺς
683 789 1023 848 ἀποστάντας
1049 786 1145 854 τῆς
1170 785 1600 852 δεισιδαιμονίας
1632 784 1796 837 αὑτοῦ

223 886 320 936 καὶ
382 885 515 954 πρὸς
567 882 666 951 τὴν
723 882 925 948 γνῶσιν
982 879 1083 947 τῆς
1136 879 1397 946 ἀληθείας
1428 877 1523 928 τοῦ
1555 876 1796 945 Χριστοῦ

224 978 738 1045 προσφοιτήσαντας
768 972 1146 1039 αὐτομολῆσαι
1179 972 1626 1039 παρασκευάζειν
1661 970 1796 1039 πρὸς

220 1071 323 1135 τὴν
370 1066 579 1135 πλάνην
637 1066 743 1118 τῶν
773 1065 1102 1135 ἀκαθάρτων
1150 1063 1313 1117 αὐτοῦ
1352 1065 1444 1114 καί
1488 1062 1795 1129 βδελυκτῶν

221 1155 383 1211 θεῶν.
412 1158 563 1210 Μετὰ
594 1159 849 1225 τοιαύτης
870 1152 962 1209 οὖν
986 1157 1210 1226 γνώμης
1240 1156 1335 1225 τὴν
1375 1154 1594 1225 Ῥώμην
1626 1171 1795 1207 κατα-

218 1248 396 1303 λιπὼν
428 1250 769 1320 Μαξιμιανὸς
792 1253 819 1302 δ
848 1252 1275 1310 δυσσεϐέστατος
1301 1247 1563 1318 τύραννος
1588 1248 1681 1299 καὶ
1707 1246 1796 1298 διὰ

219 1342 333 1395 τῶν
369 1345 701 1396 ἀνατολικῶν
738 1344 924 1413 μερῶν
972 1345 1070 1412 τὴν
1100 1342 1391 1411 ὁδοπορίαν
1447 1342 1791 1407 ποιούμενος,

220 1437 565 1506 κατήντησεν
593 1438 670 1496 είς
708 1436 1017 1502 Ἀπάμειαν
1048 1433 1145 1504 τὴν
1188 1434 1523 1503 μητρόπολιν
1547 1433 1646 1501 τῆς
1674 1434 1795 1485 δευ-

219 1530 386 1594 τέρας
436 1529 541 1579 τῶν
583 1527 772 1596 Σύρων
822 1526 1109 1595 ἐπαρχίας,
1170 1525 1300 1578 ἔνθα
1342 1526 1453 1578 τῶν
1484 1527 1715 1578 εἰδώλων
1748 1532 1795 1579 οἱ

220 1623 390 1689 ἱερεῖς
422 1620 812 1683 προσελθόντες
843 1620 992 1688 αὐτῷ
1022 1622 1367 1689 κατηγόρουν
1395 1620 1504 1670 τῶν
1536 1620 1794 1687 Χριστια-

220 1716 331 1764 νῶν
354 1715 600 1781 λέγοντες
626 1730 640 1743 ’
680 1712 749 1765 Ὦ
774 1715 1016 1766 θειότατε
1043 1711 1285 1781 βασιλεῦ,
1319 1712 1635 1780 παρρησίαν
1663 1711 1794 1779 ἡμῖν

222 1808 364 1875 πρὸς
392 1808 491 1875 τὴν
517 1808 801 1858 εὐσέϐειαν
836 1806 944 1856 τῶν
978 1805 1117 1857 θεῶν
1149 1806 1555 1875 δωρησαμένων
1594 1803 1794 1871 ἀναφέ-

1907 614 2029 652 ειιηι
2058 608 2472 667 praecesserant,
2536 610 2596 652 ut
2628 600 2895 653 idolorum
2946 601 3129 654 cultus
3163 618 3349 655 curam
3378 618 3488 672 ge--

1908 702 2130 757 rerent;
2163 695 2256 743 sed
2286 696 2395 760 ipse
2427 694 2653 761 impigre
2677 704 2732 746 et
2756 693 3044 761 diligenter
3066 694 3253 747 obibat
3277 697 3469 752 orbem

1908 794 2085 847 terrae,
2114 784 2342 837 effectus
2378 783 2531 835 velox
2564 784 2813 837 minister
2852 785 3103 837 altarium
3136 787 3469 851 daemonum,

1905 893 2130 945 sperans
2165 877 2347 929 infelix
2391 893 2485 945 per
2516 894 2673 930 suum
2708 880 2999 931 adventum
3037 896 3093 933 se
3124 881 3469 946 effecturum,

1906 978 1963 1021 ut
1996 970 2087 1035 qui
2125 969 2437 1021 defecerant
2472 970 2539 1021 ah
2602 972 2720 1038 ejus
2760 973 3171 1038 superstitione,
3202 982 3257 1026 et
3287 990 3474 1027 acces-

1903 1071 2089 1113 serant
2123 1060 2187 1111 ad
2228 1060 2699 1125 veritatisﬁhristi
2735 1064 3124 1129 Cognitionem,
3166 1068 3473 1135 transfuge-

1904 1162 2027 1205 rent
2048 1153 2114 1205 ad
2146 1168 2387 1205 errorem
2417 1169 2637 1206 SliOl'lllll
2665 1156 3068 1207 ilmDUlldOI‘lllll
3098 1166 3152 1209 Cl
3182 1160 3479 1211 eXSecrah—

1902 1237 2095 1291 dorum
2120 1241 2368 1292 deorum.
2395 1241 2509 1293 Tali
2538 1258 2668 1311 ergo
2691 1244 2872 1295 animo
2906 1244 3131 1297 Romam
3161 1248 3475 1315 relinquens

1902 1328 2261 1384 Maximianus
2299 1332 2501 1400 impius
2532 1343 2813 1403 tyrannus,
2853 1346 2906 1389 et
2939 1353 3035 1405 per
3067 1337 3312 1391 Orientis
3344 1354 3469 1406 par-

1905 1432 1982 1475 tes
2014 1425 2116 1475 iter
2149 1424 2372 1485 faciens,
2405 1429 2655 1492 pervenit
2677 1430 2990 1495 Apameam,
3016 1446 3137 1498 qua:
3160 1444 3241 1483 est
3270 1441 3475 1487 metro-

1902 1515 2042 1584 polis
2081 1516 2333 1570 secundee
2396 1519 2689 1585 provincia:
2746 1522 3029 1590 Syrorum.
3091 1524 3210 1587 Quo
3266 1524 3319 1577 in
3357 1526 3476 1579 loco

1903 1607 2174 1661 idolorum
2238 1612 2553 1663 sacerdotes
2584 1612 2648 1665 ad
2680 1628 2804 1665 eum
2838 1613 3182 1677 accedentes,
3247 1631 3474 1669 accusa-

1906 1696 2041 1750 bant
2097 1699 2461 1761 Cliristianos,
2503 1702 2751 1756 dicentes
2783 1709 2832 1758 ei
2876 1723 2889 1759 :
2925 1705 2968 1760 0
2996 1706 3337 1761 divinissime
3370 1708 3476 1761 im—

1904 1799 2143 1857 perator,
2164 1806 2288 1843 cum
2307 1791 2381 1844 dii
2416 1793 2577 1847 nobis
2599 1795 2851 1850 dederint
2875 1798 3132 1866 loquendi
3161 1799 3473 1851 libertatem

222 1912 393 1965 ρομεν
431 1899 523 1947 ὲπί
576 1897 635 1947 τὸ
680 1898 951 1964 ἀήττητόν
1014 1912 1109 1948 σου
1146 1900 1372 1968 κράτος,
1409 1898 1493 1954 ὅτι
1526 1896 1635 1948 τῶν
1668 1898 1795 1965 παρ’
1826 1881 1873 1940 Β

1826 1881 1873 1940 Β
1904 1880 2045 1947 apud
2076 1889 2221 1933 tuam
2277 1882 2556 1949 pietatem,
2596 1885 2897 1939 deferimus
2931 1890 2998 1941 ad
3032 1899 3177 1941 tuam
3212 1890 3470 1943 invictam

219 1989 353 2057 ἡμῖν
380 1989 608 2047 ἕκαστος
642 1989 779 2057 μετά
809 1987 975 2056 φόϐου
1008 1990 1101 2039 καὶ
1133 1986 1297 2040 πόθου
1333 1988 1459 2048 τοὺς
1505 1988 1795 2056 πατρῴους

222 2097 320 2133 σου
353 2082 487 2149 τιμᾷ
510 2080 688 2142 θεοὺς,
719 2081 957 2149 μάλιστα
990 2080 1045 2131 δὲ
1072 2080 1163 2131 τὸν
1191 2082 1290 2131 Δία
1316 2082 1407 2130 τὸν
1435 2079 1646 2149 πατέρα
1686 2077 1794 2129 τῶν

218 2171 363 2224 θεῶν
396 2175 491 2224 καὶ
534 2176 627 2224 τὸν
670 2172 985 2223 Ἀπόλλωνα
1016 2172 1105 2223 τὸν
1144 2170 1451 2239 Θαυμάσιον
1495 2173 1620 2231 τοὺς
1654 2170 1795 2239 ὑπὲρ

216 2264 349 2325 τοὺς
389 2263 580 2324 ἀλλους
607 2262 763 2323 θεοὺς
794 2263 1032 2323 συνετῶς
1072 2263 1443 2331 φυλάττοντας
1488 2279 1547 2314 τε
1580 2261 1673 2314 καὶ
1701 2278 1797 2312 πε-

220 2356 646 2423 ριποιουμένους
703 2354 803 2425 τὴν
867 2354 1145 2424 βασιλείαν
1210 2354 1309 2422 τῆς
1375 2353 1625 2418 ἐξουσίας
1676 2370 1792 2408 σου.

219 2446 534 2516 Μαυρίκιος
567 2446 623 2498 δὲ
661 2450 757 2500 καὶ
796 2447 846 2498 οί
905 2448 1003 2499 σὺν
1034 2446 1183 2514 αὑτῷ
1216 2448 1589 2514 ἐϐδομήκοντα
1625 2462 1786 2513 στραο

215 2537 413 2589 τιῶται
446 2536 539 2589 τοῦ
600 2539 837 2606 κράτους
890 2553 1005 2601 σου,
1056 2539 1117 2586 ἐκ
1182 2536 1287 2586 τῶν
1351 2536 1457 2587 σῶν
1486 2534 1792 2597 ὑεῷωθέντες

216 2626 437 2695 δωρεῶν
474 2629 566 2679 καὶ
592 2634 688 2687 τάς
732 2628 1052 2695 φιλοτίμους
1082 2643 1197 2690 σου,
1232 2628 1661 2696 καρπωσάμενοι
1690 2626 1792 2696 χά-

221 2735 404 2789 ριτας.
431 2716 763 2786 ἀτιμάζουσι
801 2735 925 2781 τους
959 2720 1114 2781 θεοὺς
1145 2719 1240 2773 καὶ
1279 2721 1421 2772 κατὰ
1466 2720 1563 2788 τῆς
1588 2722 1791 2791 ἀηττή-

216 2825 315 2861 του
368 2826 462 2861 σου
522 2813 956 2879 τετυραννήκασι
1012 2813 1312 2879 βασιλείας,
1361 2816 1426 2881 τῇ
1465 2813 1641 2885 πλάνῃ
1670 2831 1793 2866 συν-

218 2904 563 2971 απαγόμενοι
587 2904 695 2955 τῶν
725 2903 1034 2971 λεγομένων
1069 2905 1438 2972 Χριστιανῶν.

294 3080 368 3133 l".
406 3080 593 3132 Ταῦτα
631 3080 869 3143 ἀκούσας
916 3080 944 3131 δ
974 3080 1235 3149 τύραννος
1286 3079 1633 3148 Μαξιμιανδς
1674 3079 1794 3132 ἐθυ-

220 3174 380 3243 μώθη
412 3176 477 3242 τῇ
500 3172 667 3240 ψυχῇ,
686 3176 777 3223 κα)⁸
800 3176 891 3233 τὰς
922 3176 1120 3240 φρένας
1146 3172 1437 3240 ἠλλοιώθη,
1462 3174 1549 3222 καὶ
1569 3172 1795 3239 τὴνδιά-

217 3283 372 3317 νοιαν
408 3266 547 3333 ὑπὲρ
596 3266 826 3334 κάμινον
861 3263 1154 3333 ἑξεκαυθη,
1194 3262 1485 3332 ἐξαιρέτως
1519 3261 1791 3329 διδαχθείς

216 3360 304 3411 ὅτι
340 3362 395 3409 ἐν
433 3360 554 3421 ταῖς
580 3357 743 3409 αὐτοῦ
791 3360 1105 3425 στρατείαις
1145 3355 1419 3417 τοιούτους
1456 3355 1795 3425 στρατιώτας

218 3454 514 3519 ὑπάρχειν.
555 3453 665 3502 Καὶ
687 3450 750 3517 δὴ
791 3452 1005 3517 ἡμέραν
1030 3450 1371 3515 ἐπιτηρησας
1399 3450 1672 3515 ἐπίσημον
1702 3447 1797 3498 καὶ

214 3546 385 3598 τόπον
427 3544 733 3610 ἐπιτήδειον
763 3541 1016 3609 εὑρηκὼς
1048 3540 1180 3611 πρὸς
1213 3541 1445 3607 θεωρίαν
1470 3541 1563 3591 τοῦ
1594 3541 1792 3607 δήμου,

222 3636 395 3707 μέσον
445 3634 553 3684 τῶν
601 3630 867 3701 ἀρκτῴων
910 3631 1095 3683 πυλῶν
1132 3631 1229 3701 τῆς
1267 3630 1557 3698 Ἀπαμέων
1596 3644 1799 3697 μητρο-

216 3729 429 3790 πόλεως
456 3726 703 3788 Γιτνείας
762 3724 1065 3794 ’Λμαξικῆς
1109 3724 1432 3793 λεγομένης,
1476 3724 1697 3774 κάκεῖσε
1740 3721 1797 3773 τὸ

212 3822 573 3890 δικαστήριον
617 3818 1046 3888 εὐτρεπισθῆναι
1088 3816 1374 3879 κελεύσας,
1406 3815 1635 3884 ἀχθῆναι
1670 3816 1797 3876 τοὺς

212 3916 500 3981 ἀοιδίμους
536 3910 837 3981 προσέταξε
875 3916 1185 3980 μάρτυρας.
1226 3906 1346 3977 Ἐφ’
1382 3907 1588 3989 ὑψηλοῦ
1620 3924 1797 3961 τοινυν

218 4007 467 4077 βήματος
500 4006 595 4059 τοῦ
623 4007 1062 4059 δυσσεϐεστατου
1096 4006 1365 4075 τυράννου
1412 4004 1795 4068 καθεσθέντος,

214 4103 404 4171 πάσης
433 4101 532 4169 τῆς
564 4100 772 4162 πόλεως
809 4108 905 4152 και
944 4100 1121 4167 πάσης
1165 4099 1383 4169 ἡλικίας
1424 4099 1502 4160 είς
1538 4100 1637 4163 τὴν
1675 4098 1799 4148 τού-

220 4212 336 4247 των
365 4196 601 4265 Θεωρίαν
638 4193 1074 4265 συνδραμούσης,
1104 4192 1174 4251 ὠς
1205 4191 1339 4258 μηδὲ
1365 4190 1471 4241 τῶν
1498 4190 1803 4256 θαλαμευο-

218 4288 403 4357 μένων
456 4286 743 4355 παρθένων
792 4281 1265 4349 καταλειφθεισῶν
1311 4282 1369 4333 ἐν
1415 4284 1527 4341 τοῖς
1570 4281 1796 4340 οἰκείοις

212 4381 612 4447 καταγωγίοις,
648 4373 783 4445 ἦγον
822 4378 872 4428 οί
919 4374 1211 4445 δορυφόροι
1255 4376 1379 4434 τοὺς
1420 4373 1796 4441 ἐϐδομήκοντα

213 4474 560 4544 στρατιώτας
592 4470 685 4521 τοῦ
712 4468 973 4537 Χριστοῦ,
1004 4466 1093 4528 οὓς
1121 4467 1457 4534 θεασάμενος
1482 4467 1509 4516 δ
1539 4464 1797 4533 βασιλεὺς

1898 1970 2222 2036 potentiam,
2248 1974 2392 2039 quod
2435 1978 2811 2045 unusquisque
2835 1993 3025 2031 eorum
3048 1981 3141 2048 qui
3174 1989 3301 2032 sunt
3329 1981 3471 2048 apud

1898 2075 2023 2124 nos,
2056 2078 2179 2115 cum
2216 2065 2414 2120 timore
2448 2082 2503 2121 et
2536 2070 2812 2124 desiderio
2843 2072 3072 2125 honorat
3105 2076 3372 2126 maximos
3422 2086 3475 2127 et

1896 2153 2101 2220 patrios
2131 2154 2301 2209 deos:
2337 2160 2570 2212 maxime
2605 2170 2785 2214 autem
2819 2163 3008 2216 Jovem
3076 2174 3287 2231 patrem
3335 2166 3468 2218 deo-

1898 2259 2042 2305 rum.
2075 2256 2129 2299 et
2155 2246 2464 2316 Apollinem
2504 2251 2907 2317 admirabilem,
2932 2254 3026 2321 qui
3052 2265 3182 2307 sunt
3215 2258 3335 2311 aliis
3364 2257 3470 2312 diis

1896 2340 2235 2407 superiores,
2274 2352 2329 2395 ct
2362 2342 2651 2413 imperium
2690 2355 2793 2399 tuae
2828 2352 3110 2413 potestatis
3150 2350 3306 2402 valde
3332 2365 3470 2403 con-

1898 2442 2121 2486 servant
2154 2444 2209 2488 et
2254 2444 2498 2489 tuentur.
2539 2438 2834 2492 Mauricius
2888 2449 3071 2493 autem
3106 2449 3162 2493 et
3216 2443 3309 2511 qui
3344 2452 3474 2498 sunt

1896 2538 2020 2577 cum
2059 2540 2125 2577 eo
2156 2529 2501 2595 septuaginta
2544 2524 2746 2584 milites
2784 2540 2889 2585 tua:
2914 2536 3198 2600 potenti-.e,
3227 2537 3280 2588 in
3300 2536 3471 2589 altum

1894 2617 2022 2669 elati
2062 2617 2365 2671 honoribus
2398 2621 2506 2673 tuis
2536 2632 2591 2675 ct
2634 2624 2977 2688 muneribus,
3014 2636 3068 2678 et
3097 2627 3189 2693 qui
3245 2628 3378 2679 ditia
3419 2636 3475 2681 et

1896 2709 2184 2779 magniﬁca
2226 2710 2367 2765 dona
2418 2727 2485 2765 ex
2518 2722 2569 2769 te
2637 2728 3019 2784 perceperunt,
3058 2717 3192 2771 deos
3264 2719 3475 2772 habent

1895 2806 2262 2874 contemptui,
2319 2816 2375 2860 et
2435 2808 2699 2861 adversus
2742 2824 2996 2878 magnum
3059 2819 3210 2863 tuum
3255 2820 3311 2863 et
3342 2811 3481 2864 invi-

1896 2906 2043 2949 ctum
2097 2900 2387 2966 imperium
2434 2910 2693 2953 exercent
2722 2902 3091 2970 tyrannidem,
3128 2903 3351 2958 abducti
3406 2903 3477 2957 ab

1895 3001 2084 3039 errore
2110 2989 2573 3044 Christianorum.

1969 3082 2055 3137 Ill.
2082 3083 2205 3137 Haec
2234 3099 2367 3155 ergo
2395 3100 2519 3137 cum
2555 3085 2793 3140 audisset
2822 3086 3142 3157 tyrannicus
3169 3087 3473 3155 imperator

1902 3176 2279 3241 Maximianus,
2309 3178 2494 3231 animo
2521 3180 2675 3232 valde
2700 3180 2807 3232 l'uit
2845 3182 3041 3242 iratus,
3068 3190 3121 3233 el
3156 3183 3477 3249 pra-cordiis

1900 3268 2181 3331 incensus,
2214 3280 2268 3322 et
2300 3274 2480 3323 mente
2518 3274 2690 3339 magis
2712 3273 2847 3323 arsit
2892 3289 3053 3340 quam
3083 3274 3273 3327 fornax
3302 3296 3309 3325 :
3344 3292 3479 3344 pra:-

1896 3358 2054 3429 cipue
2086 3375 2209 3413 cum
2266 3362 2590 3430 accepisset,
2622 3363 2765 3432 quod
2826 3365 2877 3417 in
2910 3380 3011 3417 suo
3041 3367 3283 3419 exercitu
3334 3369 3473 3422 tales

1897 3461 2079 3507 essent
2104 3454 2329 3509 milites.
2365 3456 2425 3509 Et
2453 3472 2575 3510 cum
2609 3457 2752 3511 diem
2801 3457 3149 3512 observassct
3175 3459 3470 3528 insignem,

1897 3555 1955 3599 et
1979 3547 2157 3603 locum
2194 3549 2702 3617 invenissetaptum
2744 3551 2808 3603 ad
2852 3553 3036 3619 populi
3074 3555 3474 3621 spectaculum,

1900 3636 1953 3688 in
2012 3638 2191 3690 medio
2227 3650 2505 3706 portarqu
2574 3644 3087 3710 septentrionalium
3156 3646 3479 3715 metropolis

1899 3732 2347 3803 Apemeensium,
2383 3751 2504 3805 quae
2553 3736 2756 3789 dicitur
2807 3739 3017 3792 Vicinia
3076 3741 3355 3803 Amaxica,
3422 3752 3478 3794 et

1895 3829 2151 3899 jussisset
2189 3829 2299 3883 illic
2326 3830 2503 3897 parari
2562 3830 2852 3899 judicium,
2875 3832 3037 3898 jussit
3066 3832 3188 3884 duci
3242 3831 3477 3901 iuclytos

1900 3932 2191 3989 martyres.
2232 3920 2366 3975 Cum
2394 3922 2444 3973 iu
2481 3921 2590 3975 alto
2638 3930 2821 3974 autem
2864 3922 3122 3975 tribunali
3158 3923 3357 3989 impius
3390 3934 3471 3978 5e-

1899 4013 2070 4065 dissct
2134 4022 2395 4080 tyrannus
2477 4012 2855 4074 Maximianus,
2916 4016 3286 4067 concurrisset
3344 4032 3477 4069 vero

1900 4104 2159 4157 universa
2196 4103 2391 4156 civitas
2421 4112 2475 4156 et
2506 4103 2686 4157 omnis
2723 4114 2854 4158 mtas
2884 4104 2951 4157 ad
2996 4120 3092 4159 eos
3124 4110 3474 4174 spectandos,

1900 4198 2035 4249 adeo
2075 4205 2134 4248 ut
2170 4211 2272 4249 nec
2299 4197 2545 4265 virgines
2571 4197 2815 4265 quidem,
2849 4213 2971 4266 qum
3012 4198 3219 4267 degunt
3261 4201 3313 4251 in
3348 4201 3470 4253 tha-

1899 4288 2079 4346 lamis,
2135 4289 2503 4341 remanserint
2540 4290 2592 4341 in
2635 4291 2751 4341 suis
2789 4290 3138 4351 habitaculis,
3192 4291 3475 4346 duxerunt

1899 4381 2167 4435 satellites
2216 4380 2559 4449 septuaginta
2619 4378 2825 4435 Christi
2886 4380 3116 4435 milites.
3171 4382 3321 4448 Quos
3352 4399 3477 4439 cum

1901 4472 2203 4539 aspexisset
2254 4473 2572 4538 imperator,
2615 4472 2753 4523 dixit
2785 4486 2977 4524 eorum
3020 4472 3147 4525 duci
3178 4492 3189 4524 :
3224 4474 3333 4528 Nos
3356 4490 3477 4543 spe-

213 4566 358 4635 πρὸς
388 4564 480 4616 τὸν
506 4561 714 4616 τούτων
745 4559 971 4630 ἔξαρχον
1002 4555 1154 4611 εἶπεν
1175 4574 1188 4588 ·
1238 4555 1428 4626 Ἡμεῖς
1472 4557 1790 4625 ἐλπίζομεν,
1823 4566 1867 4621 υ

1823 4566 1867 4621 D
1897 4563 2175 4625 rabauius,
2205 4576 2237 4614 ο
2265 4561 2513 4624 Maurici,
2569 4563 2714 4630 quod
2751 4562 2952 4615 nostris
3008 4562 3253 4617 fruentes
3287 4566 3471 4629 donis,

212 4653 259 4711 ὦ
290 4655 591 4725 Μαυρίκιε,
618 4653 693 4715 ὡς
716 4655 824 4705 τῶν
856 4652 1139 4722 ἡμετέρων
1164 4648 1528 4709 ἀπολαύοντες
1548 4648 1789 4717 δωρεῶν,

212 4752 313 4803 καὶ
349 4749 602 4817 βασιλικῇ
626 4748 800 4815 τροφῇ
829 4744 1267 4813 ἐναϐρυνόμενοι,
1291 4744 1385 4793 καὶ
1416 4740 1523 4791 τῶν
1552 4756 1791 4809 κοσμου-

214 4838 401 4909 μένων
435 4837 493 4886 ὲν
515 4835 786 4901 ἀξιώμασι
816 4831 885 4883 τὰ
919 4836 1163 4900 πρωτεῖα
1197 4829 1327 4899 παρ’
1356 4828 1513 4899 ἡμῶν
1554 4831 1788 4898 εὐτυχή-

212 4945 411 4991 σαντες
436 4930 706 4997 κατίχνως
740 4926 833 4994 τῆς
860 4924 1132 4993 ἡμετέρας
1168 4922 1447 4975 ἰθύνεσθαι
1480 4923 1788 4992 γαληνότη-

206 5040 325 5086 τος,
352 5024 447 5074 καὶ
470 5023 591 5082 τοὺς
623 5019 1031 5087 ἐπιχειροῦντας
1052 5020 1147 5085 τῆς
1169 5018 1440 5088 ἡμετέρας
1465 5016 1787 5085 θεοφευλοῦς

209 5114 517 5185 θρησκείας
558 5110 871 5179 ἀ....πηδᾷν
906 5108 1168 5178 πράξεσιν
1201 5108 1475 5176 ἀνδρείαις
1514 5114 1608 5161 καὶ
1637 5109 1781 5161 διδα-

208 5190 871 5265 σκαλίαιίπαντοδαπαίς
908 5202 985 5262 εἰς
1035 5201 1094 5251 τὸ
1121 5200 1271 5267 ὑγιὲς
1302 5201 1687 5269 ἐπιστρέφεται
1726 5200 1787 5252 τὸ

204 5316 313 5370 οσρ
347 5297 766 5369 θεραπεύοντες,
802 5296 895 5345 καὶ
926 5293 985 5345 τὸ
1015 5292 1223 5362 χωλοῦν
1259 5291 1658 5361 διορθούμενοι,
1692 5292 1786 5343 καὶ

204 5395 269 5447 τὸ
327 5388 599 5458 πολεμοῦν
645 5385 1044 5456 εἰρηνεύοντες,
1110 5386 1202 5437 καὶ
1248 5387 1529 5454 συντόμως
1583 5384 1781 5450 είπεῖν,

206 5488 365 5542 ἅπαν
396 5483 455 5536 τὸ
495 5483 569 5550 μὴ
612 5486 754 5532 κατά
785 5480 874 5532 τὸν
907 5480 1177 5546 ἡμέτερον
1203 5480 1403 5529 σκοπὸν
1429 5478 1783 5546 πολιτευόμε-

206 5597 302 5634 νον
326 5578 400 5640 ὼς
423 5576 684 5643 πολέμιον
720 5573 1134 5632 ὑποτάττοντες.
1163 5570 1549 5638 Ἐδιδάχθημεν
1588 5569 1642 5623 δε
1675 5570 1783 5620 πᾶν

203 5676 270 5729 τὸ
323 5671 592 5733 ἐναντίον,
636 5668 710 5730 ὼς
766 5666 935 5728 ἔοικε,
986 5667 1115 5734 περὶ
1147 5665 1338 5733 ὑμῶν·
1383 5662 1519 5732 πρὸς
1554 5658 1632 5724 οἷς
1673 5662 1783 5729 γάρ

206 5768 432 5833 ἑτέρους
461 5764 521 5815 ἐκ
548 5764 647 5832 τῆς
678 5759 952 5831 ἡμετέρας
982 5756 1409 5825 δεισιδαιμονίας
1441 5756 1780 5825 ἀφηνιάσαν-

203 5877 307 5919 τας
344 5860 442 5910 οὐκ
488 5856 844 5928 ἰπετρέψατε,
886 5852 1021 5906 ἀλλά
1073 5853 1167 5904 καὶ
1199 5852 1349 5904 αὐτοὶ
1404 5852 1451 5900 οἱ
1496 5850 1635 5902 κατὰ
1667 5847 1773 5900 τῶν

1900 4663 1955 4707 et
1984 4654 2246 4707 alimento
2272 4652 2456 4706 educti
2487 4653 2862 4723 imperatorio,
2893 4654 3210 4723 primosque
3233 4655 3475 4713 honores

1898 4754 1955 4799 et
1994 4745 2298 4813 dignitates
2326 4760 2355 4797 a
2393 4745 2555 4797 nobis
2585 4747 2889 4810 consecuti,
2925 4748 3252 4801 insisteretis
3303 4753 3473 4803 vesti-

1898 4837 2002 4905 giis
2040 4845 2237 4888 nostra:
2292 4835 2727 4903 tranquillitatis,
2768 4845 2823 4889 et
2855 4850 2952 4890 eos
2983 4836 3073 4904 qui
3130 4848 3475 4891 conarentur

1897 4930 2109 4982 resilire
2159 4944 2187 4981 a
2227 4938 2411 4982 nostra
2448 4932 2546 4982 deo
2576 4938 2726 4997 grata
2760 4930 2992 4998 legione,
3029 4929 3268 4985 fortibus
3312 4930 3474 4986 factis

1896 5034 1950 5077 et
1973 5039 2133 5076 omne
2153 5038 2323 5091 genus
2345 5023 2615 5077 doctrinis
2637 5023 3029 5077 converteretis
3054 5025 3118 5074 ad
3150 5024 3470 5087 sanitatem,

1897 5116 2042 5185 quod
2070 5126 2360 5186 :egmtaret
2386 5126 2663 5180 curantes,
2692 5126 2747 5169 et
2768 5114 2913 5184 quod
2944 5116 3472 5169 elaudicaretcorri-

1895 5220 2105 5279 gentes,
2166 5219 2220 5263 et
2253 5207 2396 5278 quod
2430 5209 2628 5263 bellum
2655 5217 2870 5277 gereret
2915 5206 3265 5276 pacificantes
3290 5224 3302 5258 ;
3329 5218 3383 5259 et
3414 5216 3468 5258 ut

1896 5300 2065 5355 semel
2120 5301 2319 5363 dicam,
2370 5301 2597 5369 quiquid
2650 5318 2704 5353 se
2740 5315 2846 5352 non
2901 5314 2967 5351 ex
3012 5308 3197 5351 nostro
3245 5297 3467 5352 haberet

1897 5395 2170 5455 instituto,
2215 5397 2474 5461 tanquam
2509 5394 2791 5445 inimicum
2844 5401 2898 5445 et
2928 5391 3128 5444 hostile
3166 5390 3468 5457 subjicien-

1896 5495 1995 5538 tes.
2034 5486 2138 5538 Sed
2196 5486 2262 5538 de
2291 5484 2465 5547 vobis,
2502 5494 2559 5537 ut
2605 5484 2845 5544 videtur,
2878 5480 3218 5535 contrarium
3253 5479 3470 5548 accepi-

1892 5590 2034 5628 mus.
2092 5574 2209 5628 Non
2262 5574 2437 5627 solum
2480 5574 2627 5627 enim
2670 5590 2774 5627 non
2831 5572 3181 5627 convertistis
3237 5584 3332 5623 eos
3372 5568 3467 5637 qui

1892 5667 2152 5720 adversus
2175 5674 2415 5719 nostram
2447 5666 2784 5718 rebellarunt
2811 5663 3150 5731 religionem.
3180 5662 3274 5714 sed
3299 5661 3465 5713 etiam

1894 5758 1990 5827 ipsi
2024 5758 2285 5812 adversus
2324 5757 2456 5811 deos
2511 5768 2730 5811 nostros
2777 5757 3180 5825 omnipotentes
3218 5753 3465 5822 tyranni-

1890 5852 2012 5905 dem
2056 5860 2398 5918 exercentes,
2431 5861 2484 5904 et
2511 5852 2602 5917 qui
2633 5853 2713 5903 eis
2754 5858 2881 5902 sunt
2912 5847 3195 5902 constituti
3227 5849 3465 5897 honores
