4230 6436
765 364 877 428 359

2081 360 2366 421 MENSIS
2409 363 2714 423 IULIUS.

3919 358 4019 418 360

761 489 819 533 et
837 477 1105 533 sacriﬁcia
1131 477 1465 532 aclibamina
1486 475 1795 535 abolentes.
1818 473 1941 529 aliis
1959 474 2145 532 fuistis
2169 477 2340 531 duces

2444 481 2730 548 ἡμετέρων
2777 477 3242 547 παντοκρατόρων
3273 475 3412 529 θεῶν
3452 475 3896 546 τνραννήσαντες
3930 477 4023 528 καὶ

763 570 830 625 ad
859 570 1154 625 barathum
1205 570 1486 634 interitus,
1520 569 1566 622 si
1617 582 1742 621 vera
1776 575 1906 620 sunt
1941 582 2062 635 quae
2084 567 2152 623 de
2186 568 2344 622 vobis

763 662 830 716 ad
864 670 1082 716 nostras
1105 676 1267 714 aures
1301 666 1695 729 pervenerunt.

840 932 928 986 IV.
965 931 1108 985 Dixit
1139 939 1362 986 sanctus
1386 931 1684 987 Mauricius
1731 949 1745 986 ι
1789 933 2112 1000 Imperator,
2160 944 2281 998 quae
2315 944 2346 982 a

768 1024 929 1079 nobis
955 1034 1247 1078 exercetur
1296 1025 1540 1096 tyrannis
1600 1025 1866 1079 adversus
1895 1024 2052 1084 deos,
2083 1023 2178 1092 qui
2220 1031 2349 1075 sunt

771 1115 920 1169 nullo
949 1131 1114 1169 sensu
1144 1116 1380 1184 praediti,
1411 1117 1572 1170 nobis
1625 1118 1860 1169 validam
1893 1115 2130 1185 acquirit
2176 1123 2346 1168 νιοιο-

767 1207 903 1260 riam
945 1222 975 1260 a
1024 1224 1153 1263 vero
1203 1211 1333 1271 Deo,
1380 1218 1435 1263 et
1471 1225 1735 1263 coronam
1795 1210 1998 1278 gloriae.
2035 1207 2153 1261 Non
2197 1210 2345 1262 enim

766 1315 1130 1369 aspernamur
1148 1312 1203 1355 et
1233 1302 1389 1354 nihili
1426 1301 1654 1355 facimus
1702 1301 1890 1364 Deum,
1921 1303 2016 1372 qui
2046 1317 2144 1355 nos
2168 1301 2346 1365 finxit,

771 1402 831 1444 ut
863 1395 1030 1447 stulta
1089 1405 1173 1447 est
1206 1404 1296 1446 tua
1333 1394 1596 1447 traditio:
1637 1396 1731 1448 sed
1783 1394 2154 1464 gloriﬁcamus
2193 1409 2344 1458 enm,

768 1485 864 1556 qui
897 1495 982 1541 est
1012 1488 1160 1542 solus
1190 1503 1355 1542 verus
1381 1489 1541 1550 Deus,
1561 1490 1654 1558 qui
1683 1489 1811 1543 fecit
1831 1490 2032 1542 coelum
2065 1498 2120 1541 et
2145 1499 2347 1541 terram

766 1587 827 1633 et
851 1594 1023 1642 mare,
1057 1589 1113 1634 et
1142 1581 1326 1633 omnia
1366 1581 1539 1650 quiin
1569 1583 1652 1636 eis
1669 1592 1819 1635 sunt.
1847 1581 2132 1650 improbos
2162 1590 2348 1633 autem

767 1680 826 1725 et
857 1672 1175 1726 immundos
1216 1673 1494 1728 daemones
1544 1683 1598 1726 et
1627 1674 1720 1743 qui
1780 1674 2079 1728 homnibus
2110 1673 2350 1728 afferunt

769 1762 1023 1826 exitium,
1051 1778 1172 1830 quae
1193 1774 1322 1816 sunt
1345 1764 1508 1817 surda
1535 1774 1590 1818 et
1610 1779 1751 1819 caeca
1782 1765 2100 1829 simulacra,
2122 1773 2178 1818 et
2196 1765 2346 1817 nullo

2448 575 2546 636 τὰς
2598 572 2999 643 νενομισμένας
3048 573 3233 634 αὐτοῖς
3267 569 3433 639 τιμάς
3473 586 3533 622 τε
3574 570 3670 623 καὶ
3699 569 3893 630 θυσίας
3930 572 4022 620 καὶ

2451 666 2686 728 σπονδὰς
2746 665 3132 733 ἀθετήσαντες,
3187 663 3373 733 ὁδηγοὶ
3426 662 3563 728 πρὸς
3583 651 3873 732 ’βάραθρον
3919 663 4022 713 ἀπ-

2448 761 2644 822 ωλείας
2669 759 2881 829 ἑτέροις
2911 758 3172 826 γεγόνατε
3195 772 3207 785 ⁸
3237 758 3384 826 ἥπερ
3408 755 3640 825 ἀληθείᾳ
3664 753 3930 824 κυροῦται
3961 753 4024 804 τὰ.

2450 853 2529 914 είς
2559 851 2837 922 ἡμετέρας
2863 850 3032 909 ἀκοὰς
3069 848 3191 902 καθ’
3218 850 3371 917 ὑμῶν
3401 851 3730 916 ἀφικόμενα.

2525 948 2596 996 Δ⁹.
2634 942 2945 1012 Μαυρίκιος
2993 937 3185 992 εἶπεν·
3244 941 3307 992 Ἦ
3361 939 3492 1009 παρ’
3542 939 3702 1007 ἡμῶν
3763 934 4027 1004 τυραννία

2450 1037 2592 1090 κατὰ
2629 1037 2738 1089 τῶν
2794 1035 3140 1103 ἀναισθήτων
3191 1050 3285 1088 σου
3343 1031 3505 1095 θεῶν,
3571 1029 3818 1100 βασιλεῦ,
3869 1027 4026 1096 νίκην

2448 1132 2583 1201 ἡμῖν
2619 1129 2850 1197 ἰσχυρὰν
2899 1128 3051 1196 παρὰ
3093 1127 3188 1179 τοῦ
3229 1124 3487 1193 ἀληθινοῦ
3523 1125 3660 1176 Θεοῦ
3701 1126 3796 1175 καὶ
3829 1123 4028 1188 στέφα-

2450 1241 2540 1278 νον
2574 1223 2732 1293 δόξης
2763 1219 3114 1290 περιτίθησιν
3136 1236 3149 1250 ο
3186 1220 3247 1272 οὐ
3285 1223 3392 1287 γὰρ
3424 1215 3726 1283 ἀθετοῦμεν
3763 1215 3859 1267 τὸν
3893 1213 4028 1264 πλά-

2453 1356 2469 1372 .
2547 1351 2562 1367 .
2647 1350 2661 1366 .
2744 1352 2756 1367 .
2840 1350 2857 1367 .
2936 1350 2952 1366 .
3031 1350 3046 1365 .
3123 1327 3192 1364 τα
3239 1312 3386 1379 ἡμᾶς
3417 1309 3550 1360 Θεὸν
3581 1308 3722 1361 κατὰ
3761 1305 3863 1374 τὴν
3903 1306 4025 1356 ἀνο-

2453 1453 2467 1468 .
2544 1449 2566 1470 .
2642 1453 2655 1465 .
2736 1448 2751 1463 .
2831 1449 2845 1464 .
2923 1404 3446 1478 παράδωσινοὰλλὰ
3493 1404 3552 1456 δο
3626 1441 3640 1455 .
3720 1441 3735 1455 .
3818 1438 3834 1455 .
3915 1437 3932 1453 .
4010 1437 4022 1453 .

2453 1505 2738 1573 (ξὶάζομεν
2764 1501 2858 1554 τὸν
2887 1501 3047 1570 μόνον
3075 1499 3329 1568 ἀληθινὸν
3361 1496 3494 1547 Θεὸν
3537 1534 3552 1549 .
3631 1535 3646 1550 .
3725 1534 3740 1548 .
3821 1531 3837 1545 .
3917 1533 3933 1547 .
4011 1529 4024 1543 .

2453 1599 2588 1668 (τὸν)
2620 1595 2928 1667 ποιήσαντα
2959 1591 3052 1644 τὸν
3083 1588 3315 1662 οὐρανὸν
3336 1592 3430 1642 καὶ
3455 1587 3554 1657 τὴν
3631 1625 3645 1640 .
3725 1624 3740 1638 .
3821 1622 3837 1637 .
3917 1619 3932 1634 .
4008 1616 4027 1634 .

2453 1689 2600 1761 (γῆν)
2643 1691 2737 1741 καὶ
2769 1687 2867 1758 τὴν
2896 1685 3201 1749 θάλασσαν,
3237 1682 3336 1735 καὶ
3377 1683 3559 1735 πάντα
3607 1678 3676 1732 τὰ
3715 1680 3772 1730 ἐν
3820 1677 4026 1734 αὐτοῖς.

2452 1781 2591 1842 Τοὺς
2620 1779 2679 1832 δὲ
2709 1779 2974 1846 δαίμονας
3018 1776 3144 1838 τοὺς
3184 1774 3294 1827 τῶν
3326 1771 3636 1842 ἀνθρώπων
3665 1765 4030 1837 φθοροποιοὺς

771 1869 934 1911 sensu
967 1857 1215 1925 praedita,
1237 1873 1346 1910 non
1385 1861 1644 1912 convenit
1661 1858 1795 1911 deos
1819 1873 2035 1920 vocare,
2054 1871 2086 1910 o
2111 1856 2348 1925 impera-

2454 1873 2514 1923 οὔ
2547 1840 2746 1940 πρέπει
2782 1840 2863 1921 σοι
2895 1870 3080 1920 καλεῖν
3111 1866 3288 1929 θεοὺς,
3317 1859 3362 1918 ὦ
3394 1840 3634 1933 βασιλεῦ.
3687 1853 4028 1926 Μαξιμιανδς

775 1956 882 2002 tor.
911 1949 1056 2002 Dixit
1089 1950 1388 2018 imperator
1412 1949 1779 2003 Maximianus
1803 1968 1818 2004 :
1846 1949 1983 2002 Cum
2018 1948 2284 2002 honorem
2321 1962 2350 2000 a

772 2042 882 2095 diis
911 2044 986 2096 sis
1019 2055 1372 2107 consecutus,
1399 2053 1454 2096 et
1491 2045 1701 2096 militiae
1745 2045 1978 2111 primum
2019 2042 2200 2094 locum
2229 2057 2350 2095 sor-

777 2138 930 2199 titus,
956 2151 990 2189 o
1018 2135 1264 2194 Maurici,
1299 2137 1380 2189 eis
1407 2137 1690 2205 pulchram
1721 2135 1890 2189 refers
1915 2137 2167 2206 gratiam.
2207 2137 2354 2190 Dixit

773 2238 1000 2282 sanctus
1049 2229 1351 2284 Mauricius
1415 2247 1428 2284 :
1464 2230 1755 2298 Nunquam
1806 2230 2073 2283 honorem
2111 2230 2293 2296 accepi
2322 2244 2352 2280 a

773 2323 879 2376 diis
907 2323 1127 2385 vestris,
1176 2338 1358 2391 neque
1391 2324 1518 2376 volo
1573 2337 1669 2375 eos
1704 2323 2002 2376 honorare.
2045 2321 2179 2385 Quis
2205 2321 2354 2373 enim

774 2431 1017 2484 unquam
1046 2431 1112 2471 ex
1146 2415 1487 2481 hominibus,
1512 2415 1605 2484 qui
1638 2415 1733 2469 Dei
1768 2413 1935 2470 habet
1961 2413 2352 2483 eOgnitionem,

774 2509 1102 2563 sustinuerit
1142 2508 1415 2562 honorare
1448 2508 1709 2563 materias
1768 2508 1921 2562 nullo
1954 2523 2116 2563 sensu
2155 2508 2353 2578 praedi-

777 2603 897 2657 tas?
936 2601 1043 2656 Sed
1077 2602 1280 2670 quibus
1325 2616 1434 2654 non
1466 2610 1548 2655 est
1603 2617 1776 2667 mens,
1806 2617 1928 2671 qua
1957 2601 2123 2655 rectis
2153 2601 2356 2671 guber-

776 2706 939 2750 natur
995 2695 1326 2757 rationibus,
1379 2704 1668 2765 propterea
1707 2697 1851 2765 quod
1883 2697 2152 2767 jumentis
2198 2709 2353 2749 eom-

775 2790 951 2859 parati
976 2791 1085 2843 sint
1123 2789 1532 2857 insipientibus,
1572 2797 1626 2841 et
1670 2790 1880 2842 similes
1911 2791 2039 2842 facti
2071 2790 2182 2843 sint
2207 2789 2287 2842 eis
2315 2790 2353 2851 ¹,

778 2885 814 2936 ii
842 2882 1054 2950 lapides
1077 2890 1133 2934 et
1163 2882 1305 2950 ligna
1335 2883 1388 2932 in
1415 2880 1549 2934 deos
1599 2879 1870 2944 referunt,
1902 2890 2256 2950 mentemque
2275 2881 2356 2936 eis

780 2974 1053 3034 tribuunt,
1098 2983 1153 3027 et
1186 2975 1457 3026 honorant
1494 2983 1753 3044 tanquam
1810 2974 1963 3030 deos.
2001 2975 2147 3028 Dixit
2184 2975 2355 3042 impe-

777 3076 929 3124 rator
968 3066 1330 3122 Maximianus
1366 3082 1379 3120 :
1411 3065 1683 3130 Quoniam
1739 3067 1944 3135 primas
1980 3076 2164 3136 partes
2209 3066 2357 3119 obti-

775 3162 945 3214 nuisti
1011 3161 1065 3213 in
1133 3158 1423 3214 ordinibus
1497 3167 1698 3212 nostrae
1750 3158 2272 3221 administrationis,
2323 3171 2357 3212 ο

777 3253 1024 3314 Maurici,
1061 3253 1112 3306 id
1158 3252 1256 3306 tibi
1301 3265 1554 3323 magnam
1601 3251 1837 3320 praebuit
1880 3251 2267 3306 confidentiam
2301 3261 2356 3306 et

776 3345 962 3400 effecit
981 3348 1329 3400 audaciorem
1352 3363 1367 3400 :
1389 3345 1530 3398 adeo
1553 3353 1612 3396 ut
1639 3343 1924 3410 splendide
1948 3352 2003 3397 et
2031 3343 2165 3398 citra
2188 3346 2354 3398 ullam

778 3440 1258 3496 conturbationem
1284 3437 1618 3508 respondeas
1638 3448 1838 3492 nostra:
1856 3439 2158 3491 serenitati.
2175 3438 2358 3490 lubet-

777 3550 906 3605 quo,
932 3549 996 3588 eo
1027 3544 1296 3603 separato,
1335 3532 1946 3600 reliquosinterrogari,
1980 3543 2035 3583 et
2061 3530 2253 3584 blande
2276 3529 2358 3586 eis

777 3627 916 3680 dicit
960 3627 1261 3693 imperator
1294 3644 1306 3676 :
1342 3625 1475 3689 Quis
1506 3621 1663 3675 vobis
1695 3631 1898 3675 tantam
1925 3622 2053 3676 fecit
2082 3622 2360 3692 injuriam,

778 3733 812 3772 o
843 3721 1058 3781 fratres,
1097 3727 1158 3770 ut
1186 3715 1495 3770 deficeretis
1525 3731 1552 3769 a
1583 3715 1691 3769 diis
1725 3715 2103 3767 servatoribus
2151 3731 2164 3766 :
2209 3729 2366 3766 acce-

777 3811 984 3866 deretis
1004 3823 1185 3865 autem
1207 3811 1381 3865 errori
1406 3810 1693 3886 hominum
1713 3807 1805 3878 qui
1831 3809 2063 3863 adorant
2084 3807 2362 3862 hominem

779 3907 1100 3961 crucifixum
1139 3917 1396 3974 tanquam
1420 3919 1587 3957 unum
1628 3902 2001 3956 homicidam?
2046 3901 2163 3952 Non
2205 3902 2353 3954 enim

777 4005 860 4061 sic
890 4018 985 4056 vos
1013 4000 1337 4062 crudiimus,
1368 4012 1546 4066 neque
1573 3998 1626 4050 in
1657 3995 1748 4050 tali
1770 3995 2017 4048 doctrina
2041 3995 2352 4050 eduximus.

848 4098 912 4150 ν.
946 4096 1102 4148 Tunc
1132 4107 1259 4146 vere
1291 4092 1434 4144 beati
1468 4090 1795 4144 Theodorus
1821 4099 1874 4141 et
1903 4090 2207 4160 Philippus,
2237 4099 2359 4144 tan-

778 4204 942 4260 quam
994 4203 1056 4241 ex
1089 4201 1187 4238 ore
1247 4192 1565 4236 sanctorum
1621 4181 1969 4251 septuaginta
2031 4193 2355 4252 martyrum,

780 4284 1038 4336 dixerunt
1094 4277 1455 4348 imperatori:
1514 4277 1645 4342 Nos,
1703 4293 1734 4329 ο
1770 4287 2000 4346 tyranne
2059 4275 2361 4344 imperator

780 4372 1133 4432 Maximiane,
1165 4379 1375 4422 tantum
1409 4367 1673 4420 absumus
1706 4367 1774 4419 ab
1803 4382 2016 4430 errore,
2052 4375 2112 4419 ut
2146 4376 2196 4420 te
2219 4380 2360 4436 quo-

780 4483 886 4537 que
916 4476 1169 4536 optemus
1197 4463 1421 4516 liberari
1451 4463 1518 4515 ab
1566 4477 1778 4526 errore,
1809 4478 1838 4513 a
1870 4475 1977 4529 quo
2009 4475 2108 4512 nos
2142 4475 2361 4527 quoque

779 4561 986 4614 fuimus
1032 4558 1271 4621 liberati,
1309 4572 1478 4609 unum
1513 4565 1568 4610 et
1592 4557 1770 4609 solttm
1818 4553 2113 4607 adorantes
2169 4568 2361 4606 verum

783 4655 978 4717 Deum,
1015 4654 1226 4704 Patrem
1287 4649 1743 4716 omnipotentem,
1774 4659 1828 4702 et
1860 4648 2203 4718 unigenitum
2244 4648 2363 4718 cjus

784 4748 979 4800 Filium
1038 4745 1223 4799 Jesum
1286 4742 1565 4797 Christum
1623 4742 1916 4794 Dominum
1959 4751 2231 4802 nostrum,
2266 4742 2360 4811 qni

781 4849 867 4894 est
896 4839 987 4892 Dei
1032 4839 1208 4892 virtus
1242 4847 1294 4891 et
1347 4834 1440 4888 Dei
1469 4833 1739 4903 sapientia
1766 4836 1785 4864 ²
1815 4853 1825 4886 :
1867 4847 1921 4888 et
1952 4834 2359 4887 sanctissimum

783 4932 903 5000 ejus
942 4930 1230 4998 Spiritum,
1255 4929 1347 4998 qui
1385 4929 1542 4982 nobis
1585 4927 1874 4996 inspiravit
1901 4929 2270 4995 cognitionem
2305 4937 2360 4982 et

785 5024 1226 5092 intelligentiam,
1282 5032 1339 5075 ut
1381 5023 1698 5074 confitearis
1730 5021 1950 5089 quidem
2014 5021 2360 5087 Trinitatem,

787 5131 908 5185 qua:
944 5125 1023 5167 est
1052 5115 1301 5186 ejusdem
1335 5114 1588 5167 essentia:
1618 5128 1632 5167 :
1666 5112 2006 5166 abomineris
2043 5122 2224 5165 autem
2258 5112 2362 5164 im-

788 5209 1046 5260 mundam
1072 5217 1218 5258 tuam
1239 5207 1555 5276 religionem
1589 5227 1601 5260 :
1635 5207 1849 5260 ethanc
1883 5205 2362 5275 quidemabjicias,

789 5316 910 5369 qua!
966 5310 1047 5352 est
1108 5298 1173 5351 ad
1213 5307 1447 5365 tempus.
1489 5299 1780 5351 militiam:
1819 5300 1930 5352 Deo
1960 5315 2088 5352 vero
2140 5300 2364 5364 milites,

789 5391 879 5462 qui
913 5401 998 5444 est
1058 5390 1171 5442 Rex
1204 5392 1564 5445 exercituum.
1605 5390 1748 5444 Dixit
1796 5391 2157 5443 Maximianus
2191 5392 2362 5459 impe-

793 5496 939 5535 rator
973 5501 984 5535 :
1023 5481 1216 5544 Video,
1245 5497 1277 5533 o
1331 5481 1604 5549 Philippe,
1662 5489 1713 5533 te
1745 5490 2081 5533 senectutem
2135 5479 2359 5547 quidem

792 5574 997 5630 habere
1055 5572 1410 5627 reverendam
1444 5591 1457 5632 ;
1491 5573 1854 5642 intelligentia
1907 5582 2086 5624 autem
2115 5572 2358 5623 multum

793 5666 1322 5735 ccderejuvenibus.
1359 5663 1602 5734 Confuge
1629 5681 1756 5737 ergo
1791 5663 1854 5718 ad
1893 5663 2044 5731 deos,
2079 5672 2139 5718 et
2169 5664 2241 5717 sis
2265 5663 2358 5717 bo-

872 5833 884 5858 '
925 5827 1069 5884 Psal.
1106 5844 1298 5881 vatn.
1380 5827 1398 5857 ’
1439 5826 1454 5877 ι
1487 5829 1612 5880 Cor.
1649 5842 1684 5879 t.

2457 1961 2646 2017 εἶπεν·
2693 1960 2937 2030 Ἐπειδὴ,
2980 1963 3081 2027 τῆς
3138 1958 3246 2010 τῶν
3293 1957 3430 2008 θεῶν
3475 1953 3794 2013 ἀπολαύσας
3843 1948 4028 2016 τιμῆς,

2454 2056 2562 2111 τῶν
2612 2055 2900 2127 πρωτείων
2943 2054 3044 2122 τῆς
3089 2049 3378 2120 στρατείας
3428 2043 3690 2114 ἠξιώθης,
3733 2041 4027 2110 Μαυρίκιε,

2455 2146 2628 2216 καλὴν
2693 2147 2880 2206 αὐτοῖς
2930 2141 3200 2203 ἀποδίδως
3255 2141 3354 2207 τὴν
3411 2132 3670 2206 ἀμοιϐήν.
3724 2135 4033 2199 Μαυρικιος

2458 2235 2612 2290 εἷπεν
2638 2253 2652 2266 ·
2700 2237 2835 2287 Οὐδὲ
2886 2234 3052 2304 τιμὴν
3099 2232 3368 2301 ἐδεξάμην
3410 2230 3560 2298 παρὰ
3599 2226 3709 2279 τῶν
3747 2223 4032 2293 ὑμετέρων

2459 2330 2620 2390 θεῶν,
2675 2329 2795 2382 οὐδὲ
2850 2328 3015 2395 τιμᾷν
3063 2325 3259 2385 αὐτοὺς
3305 2323 3602 2390 βούλομαι·
3644 2317 3727 2378 τίς
3779 2315 3888 2382 γὰρ
3945 2315 4034 2364 ἀν-

2458 2425 2693 2496 θρώπων
2751 2421 2881 2476 ποτὲ
2919 2420 3120 2488 γνῶσιν
3167 2417 3306 2487 ἔχων
3353 2413 3488 2466 Θεοῦ
3531 2413 3629 2472 τὰς
3672 2408 4036 2475 ἀναισθήτους

2457 2520 2626 2589 τιμᾷν
2658 2514 2943 2578 ἀνέξοιτος
2985 2511 3100 2564 ἀλλ’
3130 2506 3212 2572 οἷς
3256 2509 3355 2577 οὐχ
3389 2505 3625 2574 ὑπάρχει
3681 2499 3826 2563 νοῦς,
3892 2499 4051 2589 loft-

2467 2588 2625 2679 σμοῖς
2656 2608 2840 2679 ὀρθοῖς
2872 2603 3291 2674 κυϐερνώμενος
3331 2601 3420 2653 διὰ
3460 2599 3520 2652 τὸ
3565 2588 4038 2665 παρασυμόληθῆ·

2460 2721 2550 2757 ναι
2579 2704 2693 2762 τοῖς
2739 2701 2963 2768 κτήνεσι
3003 2699 3116 2758 τοῖς
3158 2697 3405 2761 ἀνοήτοις
3442 2693 3534 2743 καὶ
3567 2687 3905 2756 ὁμοιωθῆναι
3947 2684 4036 2736 afa-

2461 2799 2570 2858 τοῖς
2597 2812 2609 2824 ·
2641 2788 2787 2847 οῦτοι
2831 2789 3174 2845 θεοποιοῦσιν
3213 2788 3326 2848 τοῖς
3358 2784 3529 2846 λίθοις
3578 2781 3675 2834 καὶ
3706 2783 3820 2842 τοῖς
3860 2777 4038 2841 ξύλοις

2459 2889 2794 2957 ἀπονέμουσι
2839 2884 3067 2954 γνώμην
3119 2881 3212 2934 καὶ
3256 2877 3488 2950 τιμῶσιν
3531 2875 3606 2938 ὼς
3659 2871 3836 2934 θεούς.
3873 2870 4040 2934 M15:-

2465 2982 2653 3051 μιανὸς
2713 2983 2740 3032 ὁ
2798 2977 3053 3047 βασιλεὺς
3103 2970 3290 3025 εἶπεν·
3347 2973 3413 3023 'H
3451 2969 3558 3023 τῶν
3600 2968 3893 3039 πρωτείων
3941 2962 4037 3014 τοῦ

2463 3072 2730 3141 ὑμετέρου
2759 3070 3038 3137 τάγματος
3079 3067 3367 3134 διοίκησις,
3396 3061 3690 3133 Μαυρίκιε,
3726 3058 3931 3126 πολλήν
3957 3073 4040 3107 σοι

2464 3163 2781 3235 παρρησίαν
2824 3163 3098 3231 παρέσχε,
3146 3161 3238 3213 καὶ
3283 3157 3616 3228 θρασύτερον
3657 3153 4042 3221 ἀπειργάσατο

2464 3262 2541 3320 si;
2575 3258 2635 3308 τὸ
2663 3256 2930 3324 λαμπρῶς
2959 3256 3053 3304 καὶ
3084 3251 3527 3318 ἀκαταπλήκτως
3554 3246 3694 3316 πρὸς
3722 3245 3822 3310 τὴν
3844 3243 4042 3312 ἡμετέ-

2467 3366 2570 3418 ραν
2611 3343 3007 3414 ἀποκρίνεσθαι
3051 3341 3419 3412 γαληνότητα,
3456 3340 3547 3392 καὶ
3597 3337 3830 3398 κελεύει,
3873 3353 4040 3405 χωρι-

2467 3441 2687 3502 σθέντος
2730 3437 2921 3498 αὑτοῦ,
2962 3439 3086 3496 τοὺς
3133 3436 3351 3496 λοιποὺς
3397 3430 3724 3502 ἐρωτᾶσθαι.
3767 3428 3876 3481 Καί
3910 3445 4041 3494 ens:

2465 3536 2602 3606 πρὸς
2635 3533 2835 3595 αὐτοὺς
2865 3534 2892 3584 ὁ
2925 3529 3178 3601 βασιλεύς
3206 3546 3217 3558 ·
3255 3529 3354 3589 Τίς
3382 3524 3640 3578 τοσοῦτον
3677 3524 3818 3590 ὑμᾶς
3850 3521 4041 3588 ἠδίκη-

2464 3645 2576 3691 σεν,
2613 3626 2851 3693 ἀδελφοὶ,
2886 3625 2960 3685 ὡς
2998 3625 3060 3674 ὲκ
3099 3621 3208 3672 τῶν
3237 3619 3503 3687 σωτήρων
3551 3615 3856 3682 ἀποστῆναι
3881 3611 4038 3671 θεῶν,

2464 3716 2836 3786 προστεθῆναι
2867 3715 2923 3765 δὲ
2961 3711 3389 3783 παρασκευάσας
3423 3711 3488 3777 τῇ
3523 3707 3703 3776 πλάνῃ
3734 3704 3842 3755 τῶν
3876 3718 4044 3770 προσ-

2463 3808 2774 3861 κυνούντων
2815 3806 3104 3877 ἄνθρωπον
3139 3801 3522 3873 σταυρωθέντα
3553 3799 3627 3861 ὼς
3666 3798 3764 3850 ’ἐνα
3804 3796 3912 3847 τῶν
3949 3812 4044 3861 φο·

2462 3903 2633 3968 νέων,
2660 3902 2732 3953 Οὐ
2761 3903 2869 3969 γὰρ
2906 3898 3078 3961 οὕτως
3107 3899 3253 3967 ὑμᾶς
3282 3893 3686 3962 ὲπαιδεύσαμεν
3724 3890 3846 3943 οὐδὲ
3868 3887 4044 3941 τοιαύ·

2463 4012 2584 4055 ταις
2619 3994 2992 4054 διδασκαλίαις
3024 3991 3362 4060 ἐθρέψαμεν.

2535 4090 2613 4142 E'.
2646 4088 2781 4139 Τότε
2823 4084 3101 4153 Θεόδωρος
3131 4083 3223 4135 καὶ
3249 4081 3520 4141 Φίλιππος
3568 4077 3642 4138 ὡς
3680 4078 3742 4129 ἐκ
3779 4075 4045 4144 στόματος

2461 4184 2568 4236 τῶν
2601 4183 2776 4250 ἁγίων
2821 4179 3198 4248 ὲῦδομήκοντα
3254 4175 3550 4244 μαρτύρων
3588 4167 3776 4223 εἷπον·
3831 4170 4043 4236 Ἡμεῖς,

2463 4271 2507 4324 ὧ
2551 4275 2782 4341 τύραννε
2827 4269 3164 4337 Μαξιμιανὲ,
3191 4266 3450 4317 τοσοῦτον
3487 4263 3693 4330 πλάνης
3739 4263 4042 4327 ἀπέχομεν,

2464 4367 2538 4430 ὡς
2578 4367 2673 4419 καὶ
2709 4367 2766 4418 σὲ
2794 4366 2886 4433 τῆς
2915 4362 3135 4430 ἀπάτης
3158 4361 3526 4428 οἰκτείρομεν,
3567 4351 3633 4426 ἦς
3663 4353 4048 4425 ἠλευθερώθη-

2471 4479 2572 4529 μεν
2628 4458 2719 4512 τδν
2775 4458 2870 4509 ἕνα
2926 4457 3019 4508 καὶ
3082 4455 3244 4524 μόνον
3292 4452 3550 4521 ἀληθινὸν
3612 4447 4047 4519 προσκυνοῦντες

2395 4541 2436 4590 D
2468 4556 2622 4618 Θεὸν,
2655 4552 2874 4622 Πατέρα
2903 4547 3348 4616 παντοκράτορα,
3377 4547 3471 4596 καὶ
3513 4544 3604 4595 τον
3642 4541 3911 4612 μονογενῆ
3950 4540 4045 4590 αὖ·

2467 4646 2562 4697 τοῦ
2606 4645 2730 4695 Υίὺν
2775 4642 2982 4710 Ἰησοῦν
3027 4638 3264 4709 Χριστὸν
3304 4639 3393 4692 τὸν
3432 4636 3635 4703 Κύριον
3671 4634 3851 4702 ἡμῶν,
3891 4633 4044 4691 Θεῆν,

2466 4739 2699 4806 δύναμιν
2727 4737 2820 4789 καὶ
2844 4734 2978 4788 Θεοῦ
3015 4734 3208 4803 σοφίαν
3237 4732 3578 4800 ὑπάρχοντα,
3612 4727 3790 4779 καὶτὸ
3824 4727 4046 4795 Πνεῦμα

2471 4827 2635 4881 αὑτοῦ
2665 4827 2725 4880 τὸ
2756 4829 3025 4894 πανὰγιον
3077 4824 3134 4877 τὸ
3180 4821 3497 4891 ἐμπνεῦσαν
3533 4820 3667 4887 ἡμῖν
3699 4817 3905 4885 γνῶσιν
3955 4820 4048 4870 καὶ

2473 4921 2691 4973 σύνεσιν
2716 4935 2730 4948 ⁸
2757 4917 3040 4987 ὁμολογεῖν
3070 4916 3170 4991 μὲν
3203 4912 3407 4981 Τριάδα
3431 4910 3739 4979 ὁμοούσιον,
3772 4908 4050 4976 βδελύττει

2469 5016 2593 5069 σθαι
2617 5014 2671 5065 δὲ
2697 5013 2796 5080 τὴν
2831 5008 3142 5076 ἁκὰθαρτόν
3190 5023 3280 5056 σου
3311 5005 3610 5074 θρησκείαν
3643 5018 3653 5030 ’
3682 5001 3774 5052 καὶ
3822 4999 3920 5069 τὴν
3956 5000 4050 5068 μὲν

2468 5108 2808 5176 πρόσκαιρον
2843 5101 3047 5168 ταύτην
3103 5096 3509 5151 ἀποϐάλλεσθαι
3539 5093 3865 5164 θρησκείαν,
3891 5109 4051 5159 στρα-

2467 5198 2722 5251 τεύεσθαι
2773 5195 2829 5250 δὲ
2887 5193 2964 5262 τῷ
3014 5192 3134 5261 Θεῷ
3187 5192 3265 5260 τῷ
3325 5189 3541 5258 βασιλεῖ
3587 5186 3695 5238 τῶν
3740 5186 4049 5253 δυνάμεων.

2467 5292 2810 5360 Μαξιμιανὸς
2858 5290 2884 5340 ὁ
2923 5287 3178 5358 βασιλεὺς
3227 5280 3416 5336 εἶπεν
3458 5280 3650 5332 Βλέπω
3678 5294 3759 5342 σε,
3788 5278 4050 5337 Φίλιππε,

2474 5388 2652 5453 γῆρας
2692 5381 2791 5450 μὲν
2833 5380 3114 5447 αἰδέσιμον
3150 5376 3362 5446 ἔχοντα,
3410 5374 3626 5424 σύνεσιν
3669 5370 3725 5424 δὲ
3772 5371 3909 5422 πολὺ
3949 5369 4052 5420 τῶν

2475 5478 2611 5528 νέων
2642 5473 2966 5540 λειπόμενον
2987 5487 2999 5500 ο
3028 5465 3400 5538 αῦτομόλησον
3443 5462 3537 5518 οὖν
3587 5465 3724 5533 πρὸς
3752 5463 3875 5524 τοὺς
3900 5463 4053 5520 θεοὺς

2477 5569 2571 5621 καὶ
2599 5567 2760 5634 γενοῦ
2797 5564 3102 5634 σύμϐουλος
3132 5563 3334 5629 ἀγαθὸς
3375 5561 3487 5622 τοῖς
3514 5559 3722 5617 λοιποῖς
3759 5572 3852 5608 σου
3888 5569 4054 5621 στρα-

2475 5664 2696 5725 τιώταις
2729 5661 2824 5732 τῆς
2861 5662 2938 5722 εἰς
2965 5659 3090 5719 τοὺς
3125 5657 3278 5720 θεοὺς
3316 5655 3762 5725 προσκυνήσεως,
3797 5650 3950 5709 ὅπως
3994 5647 4056 5700 ἂν
