4230 6436
232 422 339 485 361

1194 408 1373 470 VITA
1420 406 1523 465 SS.
1568 393 1940 463 MAURITII
1981 393 2075 453 ET
2118 387 2533 451 SOCIORUM.

3375 386 3478 447 362

235 536 420 608 τιμῶν
454 531 718 603 μειζόνων
767 525 1005 594 ἁξιωθῇς
1060 523 1190 594 παρ’
1218 519 1404 591 ἡμῶν.
1453 517 1511 570 '0
1553 516 1609 568 δὲ
1659 514 1814 608 ἆγιος

1857 518 1886 571 Α
1918 519 2023 559 nus
2054 502 2405 559 consiliarius
2436 502 2661 571 reliquis
2687 499 2794 556 tuis
2821 498 3085 555 militibus
3118 500 3185 554 de
3209 500 3316 553 diis
3352 503 3493 554 adn-

233 607 508 688 Φίλιππος
540 620 693 677 εἶπεν
714 637 731 652 ’
781 617 926 686 Ἐγὼ
953 614 1257 687 σύμϐουλος
1298 609 1536 682 πονηρὸς
1567 608 1628 660 οὐ
1652 607 1812 674 γενή-

236 738 411 791 σομαι
446 720 562 779 τοῖς
617 710 1094 781 αὐτοπροαιρέτως
1122 704 1469 775 όδηγηθεῖσιν
1502 703 1583 764 είς
1608 700 1700 752 τὸν
1723 699 1819 791 φό-

236 790 335 865 ϐον
375 808 469 862 τοῦ
495 806 752 878 ἀληθινοῦ
789 802 947 862 Θεοῦ.
981 799 1172 867 ἐπειδὴ
1200 798 1515 869 γέγραπται
1536 809 1552 825 ·
1595 812 1613 844 ι
1654 790 1816 854 Οὐαὶ,

236 906 307 958 δι’
339 899 398 960 οὗ
424 904 483 957 τὸ
514 902 685 954 κακὸν
745 895 1000 966 ἔρχεταιί
1046 912 1065 945 ι
1097 889 1437 961 Μαξιμιανδς
1498 881 1651 939 εἷπεν
1676 899 1691 916 ο
1748 882 1821 933 Τὸ

242 996 596 1065 μακρόθυμον
617 992 714 1060 τῆς
730 988 1011 1059 ἡμετέρας
1044 984 1392 1048 ἀνεξικακίας
1420 976 1823 1047 τολμηρότερόν

241 1106 300 1141 σε
339 1086 659 1153 πεποίηκεν,
726 1080 987 1133 Φίλιππε.
1038 1076 1129 1145 Μὴ
1177 1070 1271 1128 οὖν
1334 1070 1655 1139 ὲπιμείνητε
1705 1068 1823 1125 τοῖς

244 1180 454 1239 αὐτοῖς,
505 1178 592 1226 ἶνα
656 1172 732 1242 μὴ
775 1171 1000 1233 δικαίως
1030 1167 1126 1239 τὴν
1158 1166 1313 1235 δίκην
1343 1162 1464 1218 καθ’
1498 1160 1654 1231 ὑμῶν
1686 1175 1827 1229 παρ-

238 1272 525 1340 ωτρύνητε
558 1266 651 1320 καὶ
681 1265 911 1334 γένησθε
943 1264 1143 1331 δεῖγμα
1182 1260 1279 1329 τῆς
1310 1256 1586 1327 ἡμετέρας
1621 1256 1828 1322 ἀγανα-

240 1364 511 1433 κτήσεως,
527 1351 1235 1430 τολμῶντεςιόνομάζειντὺν
1252 1349 1379 1419 παρ’
1394 1348 1543 1417 ὑμῶν
1561 1342 1831 1399 θεοποιού-

242 1471 407 1523 μενον
454 1452 760 1521 ἄνθρωπον.
793 1445 1214 1517 Ἀποκριθεντες
1246 1444 1303 1496 δὲ
1358 1442 1408 1494 ot
1436 1442 1578 1507 ἅγιοι
1604 1438 1835 1508 ἑϐδομή·-

238 1563 406 1597 κοντα
461 1540 613 1597 εἶπον
662 1540 741 1610 τῷ
800 1538 1087 1609 τυράννῳ·
1155 1534 1217 1587 Ἥ
1288 1531 1567 1596 κενόδοξος
1631 1528 1831 1598 ἀπειλὴ

238 1639 340 1706 τῆς
425 1636 545 1700 σῆς,
620 1631 865 1704 βασιλεῦ,
928 1628 1211 1699 βδελυρίας
1266 1627 1497 1693 δύναμιν
1555 1620 1617 1685 ἑξ
1667 1621 1833 1689 ὕψους

240 1730 375 1797 ἡμῖν
428 1727 742 1797 χαρίζεταυ
795 1725 858 1776 οὐ
924 1721 1034 1792 γὰρ
1081 1720 1281 1771 ἐνοικεῖ
1346 1716 1510 1786 φόὸος
1557 1714 1834 1784 βασάνων,

238 1820 324 1881 είς
365 1819 604 1871 διάνοιαν
653 1814 891 1886 βεϐαίων
934 1813 1044 1867 τῶν
1082 1808 1426 1881 ἀγαπώντων
1456 1806 1546 1861 τὸν
1576 1805 1805 1877 Κύριον.

322 2090 416 2154 (ζ’.
490 2087 621 2140 Τότε
671 2088 701 2141 ό
782 2084 1036 2156 βασιλεὺς
1122 2079 1461 2151 Μαξιμιανδς
1553 2078 1835 2131 ἐκέλευσεν

247 2179 623 2249 ἀφαιρεθῆναι
694 2178 805 2231 τῶν
866 2176 1038 2244 ἁγίων
1113 2173 1487 2241 ἑῦδομήκοντα
1534 2169 1594 2223 τὸ
1650 2169 1838 2239 σχῆμα

247 2271 350 2338 τῆς
395 2268 683 2339 στρατείας
777 2269 874 2318 καὶ
929 2264 1168 2334 κοπῆναι
1225 2261 1407 2315 αὐτῶν
1483 2259 1582 2321 τὰς
1659 2257 1839 2321 ζώνας

255 2362 356 2414 καὶ
434 2357 787 2435 παραστῆναι
834 2355 987 2426 αὐτῷ
1029 2355 1168 2426 μετά
1197 2353 1398 2419 πολλῆς
1439 2351 1687 2422 ἀτιμίας.
1731 2350 1841 2402 Ka‘t

254 2453 433 2505 ταῦτα
481 2451 587 2504 τῶν
640 2448 1002 2504 ὑπασπιστῶν
1062 2446 1202 2516 μετά
1257 2444 1456 2498 πολλοῦ
1497 2442 1594 2497 τοῦ
1641 2442 1840 2513 τάχους

255 2541 743 2611 διαπραξαμένων,
771 2539 875 2609 εφη
917 2538 1054 2608 πρὸς
1084 2516 1285 2597 αὐτοὺς
1323 2535 1351 2586 ὁ
1375 2534 1638 2603 τύραννος
1662 2574 1679 2597 ,
1712 2532 1840 2596 Ἴδε,

256 2636 377 2699 οἵας
406 2636 632 2703 ἀτιμίας
662 2631 885 2701 ἐτύχετε
910 2630 1000 2683 διὰ
1023 2628 1126 2702 τὴν
1160 2626 1445 2681 ἀπείθειαν
1476 2625 1653 2692 ὑμῶν.
1690 2623 1752 2677 Ol
1783 2622 1840 2676 δὲ

257 2724 408 2792 ἅγιοι
432 2720 587 2777 εἷπον
620 2723 755 2793 πρὸς
782 2721 874 2773 τὸν
906 2719 1173 2791 τύραννον
1196 2735 1211 2749 ο
1248 2719 1310 2770 Et
1340 2716 1437 2769 καὶ
1460 2716 1548 2781 σὺ,
1576 2715 1652 2779 ὡς
1684 2714 1840 2783 νομί-

261 2821 400 2885 Cm.
429 2819 685 2885 ἐξέδυσας
716 2818 887 2890 ἡμᾶς,
922 2816 1052 2870 ἀλλ’
1074 2815 1222 2868 εστιν
1249 2815 1278 2867 ό
1309 2812 1441 2876 Θεὸς
1475 2810 1634 2880 ἡμῶν
1662 2812 1721 2863 ἐν
1755 2810 1845 2863 οὐ-

264 2915 473 2983 ρανοῖς,
539 2906 583 2980 ᾧ
632 2910 997 2981 λατρεύομεν,
1058 2908 1257 2961 ὲνδύων
1300 2905 1448 2975 ἡμᾶς
1501 2902 1696 2971 στολὴν
1744 2902 1844 2970 τῆς

264 3006 485 3057 αἰωνίου
532 3003 713 3072 δόξης,
751 3005 817 3074 ἡν
863 3002 1025 3065 αὐτὸς
1069 3001 1191 3053 οὐδὲ
1230 2996 1450 3052 ἀκούειν
1496 2995 1844 3063 καθέστηκας

264 3096 415 3162 ἄξιος
448 3096 537 3148 διὰ
568 3096 659 3147 τὸν
690 3096 932 3147 Σατανᾶν
952 3096 1044 3145 τὸν
1074 3091 1288 3161 πατέρα
1324 3107 1441 3154 σου,
1465 3090 1556 3141 τὸν
1581 3086 1846 3142 λαλοῦντα

266 3190 325 3240 ὲν
353 3188 459 3242 σοί.
492 3188 623 3240 Τότε
650 3186 923 3257 θυμωθεὶς
959 3187 987 3238 ό
1021 3183 1283 3255 τύραννος
1315 3178 1504 3236 εἴπενο
1531 3178 1601 3235 '0
1635 3181 1847 3251 μιαρώ-

1921 594 2133 658 randis,
2165 603 2226 647 ut
2252 594 2456 665 majora
2476 593 2619 647 dona
2652 602 2709 649 et
2743 593 2981 647 honores
3012 607 3041 645 a
3070 593 3231 649 nobis
3291 609 3497 648 conse-

1920 689 2129 758 quaris.
2164 688 2313 741 Dixit
2344 696 2565 741 sanctus
2595 687 2883 756 Philippus
2908 703 2922 740 :
2950 685 3149 740 Notum
3183 685 3284 739 tibi
3331 687 3426 745 sit.
3457 702 3490 738 ο

1924 781 2243 850 imperator,
2275 795 2361 834 me
2395 794 2504 833 non
2569 778 2817 832 futurum
2874 778 3076 832 malum
3116 778 3490 832 consiliarium

1926 874 1994 926 iis
2020 872 2114 940 qui
2145 886 2243 925 sua
2272 878 2467 939 sponte
2523 870 2744 924 deducti
2779 880 2906 923 sunt
2960 871 3027 923 ad
3065 870 3317 924 timorem
3376 870 3492 923 veri

1929 951 2047 1019 Dei.
2082 962 2357 1032 Scriptum
2375 972 2461 1017 est
2485 963 2632 1017 enim
2654 964 2674 993 ⁸
2698 962 2846 1016 :tVa:
2873 963 2943 1021 ei.
2976 978 3075 1031 per
3106 978 3266 1031 quem
3292 962 3495 1016 malum

1928 1058 2095 1111 venit.
2131 1074 2152 1108 ι
2196 1055 2655 1123 Dixitimperator
2681 1054 3035 1109 Maximianus
3068 1071 3083 1112 :
3122 1054 3340 1111 Lenitas
3397 1071 3498 1109 no-

1929 1160 2055 1206 atra:
2084 1148 2359 1219 patientiae
2394 1157 2445 1202 te
2476 1147 2819 1202 audaciorem
2856 1148 3057 1211 eil'ecit,
3118 1164 3151 1203 ο
3226 1148 3496 1221 Philippe.

1931 1239 2109 1294 Nolite
2144 1254 2276 1309 ergo
2312 1238 2366 1292 in
2392 1239 2479 1293 his
2498 1240 2768 1303 insistere,
2794 1255 2862 1295 ne
2904 1240 3080 1309 justas
3106 1258 3294 1311 poenas
3320 1245 3373 1297 in
3402 1260 3499 1299 vos

1933 1330 2163 1386 irritetis
2194 1339 2250 1385 et
2280 1330 2525 1385 evadatis
2541 1331 2850 1399 exemplum
2872 1342 3073 1386 nostrae
3092 1335 3497 1404 indignationis.

1936 1424 2201 1478 audentes
2231 1422 2516 1477 nominare
2552 1424 2855 1485 hominem,
2893 1426 3040 1493 quia
3092 1428 3246 1481 vobis
3284 1438 3366 1481 est
3415 1445 3503 1483 re-

1937 1518 2078 1571 latus
2107 1516 2160 1570 in
2183 1515 2336 1570 deos.
2375 1515 2790 1585 Responden‘tes
2812 1530 2941 1570 vero
2968 1518 3140 1576 sancti
3164 1520 3501 1589 septuaginta

1939 1620 2226 1678 martyres,
2259 1608 2516 1661 dixerunt
2570 1616 2801 1678 tyranno
2844 1609 3197 1677 imperatori:
3250 1613 3414 1667 Vanae
3450 1624 3506 1667 et

1939 1704 2129 1759 inanes
2212 1705 2456 1766 minuam
2508 1702 2827 1773 imperator,
2898 1713 3003 1760 tuae
3062 1706 3504 1773 abominationis,

1941 1797 2198 1851 virtutem
2251 1796 2409 1851 nobis
2474 1810 2540 1850 ex
2570 1796 2681 1851 alto
2711 1797 3039 1866 largiuntur.
3074 1800 3191 1853 Non
3241 1802 3385 1854 enim
3420 1803 3507 1855 in-

1857 1892 1895 1945 Β
1926 1889 2174 1961 greditur
2195 1896 2291 1942 aut
2330 1887 2604 1943 inhabitat
2636 1897 2814 1943 metus
2848 1895 3245 1945 tormentorum
3278 1892 3331 1945 in
3368 1894 3508 1947 bona

1940 1989 2119 2036 mente
2152 1986 2207 2034 et
2240 1979 2421 2034 stabili
2459 1993 2650 2034 eorum
2683 1980 2775 2048 qui
2808 1980 3045 2050 diligunt
3089 1982 3401 2036 Dominum.

2018 2073 2105 2129 Vl.
2152 2071 2308 2126 Tunc
2340 2072 2705 2127 Maximianus
2764 2072 3064 2142 imperator
3117 2075 3275 2129 valde
3315 2076 3509 2143 iratus,

1934 2168 2099 2237 jussit
2125 2168 2329 2223 auferri
2379 2185 2407 2223 a
2439 2169 2647 2223 sanctis
2682 2169 3029 2239 septuaginta
3060 2166 3327 2225 militibus
3358 2171 3514 2227 habi-

1943 2266 2055 2312 tum
2102 2250 2332 2323 militiae,
2376 2271 2433 2313 et
2478 2261 2559 2313 eis
2590 2260 2837 2313 abscindi
2883 2276 3068 2324 zonas,
3102 2270 3159 2314 et
3186 2262 3387 2317 deinde
3430 2264 3511 2317 sic

1942 2367 2038 2406 eos
2061 2352 2127 2405 ad
2153 2352 2327 2423 ipsum
2380 2351 2580 2406 adduci
2621 2367 2745 2405 cum
2777 2367 2970 2422 magna
2994 2352 3312 2423 ignominia.
3346 2354 3513 2409 Cum-

1945 2459 2053 2513 que
2106 2444 2223 2498 haec
2280 2459 2473 2516 magna
2527 2444 2807 2499 celeritate
2852 2444 3167 2500 ell‘ecissent
3229 2448 3512 2512 satellites,

1943 2536 2079 2591 dixit
2103 2538 2183 2591 eis
2208 2546 2469 2607 tyrannus
2505 2555 2519 2595 :
2547 2537 2756 2601 Videte,
2781 2552 2811 2591 a
2843 2538 2991 2606 quali
3024 2538 3194 2608 gloria
3227 2550 3281 2595 et
3302 2540 3512 2595 honore

1943 2626 2245 2688 excidistis,
2297 2634 2355 2680 et
2416 2628 2576 2695 quale
2647 2626 2805 2681 vobis
2858 2627 3120 2698 obtigerit
3178 2629 3420 2686 dedecus
3457 2644 3514 2688 et

1944 2718 2283 2789 contemptio
2318 2729 2542 2789 propter
2576 2727 2812 2774 vestram
2846 2718 3295 2777 inobedientiam.
3325 2723 3511 2780 Sancti

1946 2812 2206 2867 dixerunt
2258 2821 2489 2883 tyranno
2523 2830 2537 2866 :
2573 2812 2796 2867 Etiamsi
2832 2821 2910 2877 tu,
2949 2821 3006 2866 ut
3062 2814 3364 2881 existimas,
3412 2833 3514 2873 nos

1946 2902 2146 2957 exuisti
2175 2902 2364 2957 habitu
2419 2903 2649 2968 militiae,
2684 2912 2742 2956 et
2772 2903 3052 2959 abscidisti
3087 2921 3252 2961 zonas
3277 2917 3513 2970 nostras.

1946 3000 2029 3045 est
2058 2992 2203 3048 Deus
2259 3002 2447 3048 noster
2488 2994 2543 3046 in
2586 2994 2757 3055 etelis,
2782 3010 2943 3063 quem
2980 2996 3231 3062 colimus,
3267 2999 3362 3067 qui
3415 3016 3518 3055 nos

1950 3085 2132 3140 induit
2153 3086 2403 3142 vestibus
2445 3095 2500 3141 et
2526 3087 2685 3141 zonis
2717 3086 3052 3156 incorruptae
3080 3096 3135 3142 et
3158 3099 3378 3147 aeterna:
3398 3092 3519 3163 ejus

1948 3176 2156 3247 gloriae,
2191 3194 2353 3247 quam
2387 3178 2504 3247 ipse
2529 3193 2641 3232 non
2677 3194 2735 3233 es
2760 3180 2955 3249 dignus
2986 3182 3173 3237 videre
3196 3191 3291 3237 aut
3327 3184 3518 3241 audire

266 3298 422 3335 τατοι
476 3281 569 3334 καὶ
613 3281 713 3350 τῆς
760 3279 872 3333 τῶν
909 3278 1048 3332 θεῶν
1095 3275 1383 3345 εὐμενείας
1413 3272 1644 3338 ἀνάξιοι,
1683 3272 1835 3342 ὑμεῖς

1867 3259 1912 3319 C
1947 3276 2174 3333 propter
2209 3267 2464 3319 Satanam
2496 3275 2709 3337 patrem
2763 3276 2937 3333 tuum,
2973 3271 3064 3339 qui
3093 3271 3145 3323 in
3179 3281 3230 3325 te
3272 3272 3520 3344 loquitur

269 3373 535 3441 γεγόνατε
574 3374 679 3440 τῆς
706 3372 916 3427 ἑαυτῶν
962 3370 1190 3441 ἀτιμίας
1234 3370 1505 3440 πρόφασις
1531 3383 1544 3398 ·
1584 3365 1643 3430 ἐξ
1690 3364 1846 3433 ἡμῶν

268 3468 379 3536 γὰρ
412 3466 756 3536 τιμηθέντες,
790 3467 883 3516 καὶ
909 3464 1034 3524 τοὺς
1065 3463 1219 3523 θεοὺς
1251 3459 1594 3530 ενυόρίσατε,
1628 3456 1721 3510 καὶ
1748 3455 1849 3523 τῆς

272 3559 551 3627 ἡμετέρας
588 3557 770 3625 φιλίας
805 3555 1278 3623 κατεφρονήσατε.
1338 3551 1754 3619 Ἀποκριθέντες
1798 3548 1850 3599 ot

270 3652 417 3719 ἅγιοι
452 3645 603 3703 εἷπον
626 3647 702 3717 τῷ
727 3647 978 3718 τυράννῳ
999 3664 1013 3677 ·
1057 3646 1125 3700 Ἦ
1152 3642 1412 3716 στρατεία
1434 3658 1550 3707 σου,
1571 3641 1648 3703 ὼς
1684 3638 1849 3709 μηδὲν

270 3745 494 3814 ἔχουσα,
534 3743 895 3813 παρέρχεται,
933 3739 1029 3794 καὶ
1084 3739 1118 3810 ἡ
1177 3735 1431 3809 παροῦσα
1476 3732 1610 3803 τιμὴ
1656 3728 1851 3800 ἀτιμία

274 3837 361 3889 σοι
410 3839 580 3901 ἐστιν,
624 3834 816 3904 ἐπειδὴ
866 3833 960 3888 τοῦ
1005 3832 1300 3893 δεδωκότος
1348 3846 1429 3881 σοι
1465 3827 1565 3899 τὴν
1601 3824 1853 3889 ἕξουσίαν

274 3927 543 3979 knhmon
600 3926 760 3989 Θεοῦ,
796 3926 865 3977 τὰ
918 3926 976 3977 δὲ
1026 3924 1212 3993 ἀψυχα
1249 3920 1465 3984 εἴδωλα,
1493 3919 1562 3973 τὰ
1602 3918 1677 3987 μὴ
1710 3916 1855 3983 ώφε-

270 4016 471 4071 λοῦντα
533 4016 621 4068 διὰ
684 4015 743 4067 τὸ
806 4015 881 4084 μὴ
963 4015 1253 4081 γινώσκειν
1303 4014 1397 4065 τὸν
1419 4009 1664 4078 τιμῶντα
1714 4007 1855 4060 αὐτὰ

273 4110 370 4164 καὶ
409 4107 726 4181 ὑϐρίζοντα,
751 4106 995 4177 ἀνοήτως
1016 4105 1301 4168 θεοποιεῖς.
1322 4103 1380 4157 '0
1394 4101 1658 4173 τύραννος
1676 4092 1854 4151 εἶπεν·

272 4205 375 4259 Διά
435 4203 535 4273 τὴν
596 4200 1007 4270 φιλανθρωπίαν
1066 4200 1166 4270 τῆς
1224 4196 1498 4269 ἡμετέρας
1578 4190 1856 4263 βασιλείας

274 4299 596 4369 φειδόμενος
649 4296 803 4365 ὑμῶν
857 4296 956 4348 καὶ
1005 4294 1329 4363 βουλόμενος
1397 4284 1858 4359 περιποιήσασθαι

274 4393 377 4460 τὴν
442 4390 587 4461 ζωὴν
617 4390 794 4459 ὑμῶν,
842 4388 922 4441 ἔτι
954 4388 1218 4457 ἀνέχομαι
1250 4383 1431 4455 ὑμῶνε
1467 4380 1575 4434 Καὶ
1606 4376 1859 4431 ἐκέλευσε

276 4484 426 4553 τρεῖς
458 4483 670 4551 ἡμέρας
705 4479 1034 4551 ἀποτεθῆναι
1070 4478 1264 4531 αὐτοὺς
1307 4479 1364 4529 ιν
1392 4476 1459 4545 τῇ
1500 4472 1735 4543 φρουρᾷ,
1771 4469 1857 4521 ἵνα

274 4579 341 4631 τὺ
372 4575 655 4644 συμφέρον
706 4573 1130 4642 βουλεύσωνται.

1948 3364 2003 3411 et
2043 3366 2325 3426 operatur.
2387 3357 2541 3411 Tune
2598 3360 2752 3413 valde
2801 3359 2975 3414 iratus
3040 3370 3325 3432 tyrannus,
3379 3364 3521 3420 dixit

1951 3448 2154 3505 sanctis
2183 3446 2271 3505 :0
2318 3449 2641 3504 exsecrandi
2672 3458 2727 3504 et
2754 3450 2963 3521 indigni
3005 3453 3232 3508 deorum
3288 3456 3525 3512 benevo-

1953 3540 2143 3605 lentia,
2175 3556 2273 3595 vos
2300 3550 2536 3595 vestram
2572 3541 2925 3610 ignominiam
2975 3546 3132 3600 vobis
3164 3547 3521 3606 conciliastis.

1951 3632 1995 3685 Α
2034 3632 2193 3685 nobis
2222 3633 2370 3686 enim
2419 3633 2628 3687 honore
2657 3633 2859 3700 allecti,
2911 3638 3176 3691 maximos
3220 3639 3355 3694 deos
3388 3641 3523 3696 affe-

1955 3721 2110 3776 cistis
2139 3724 2497 3786 contumelia,
2526 3733 2581 3776 et
2614 3734 2858 3780 nostram
2890 3728 3305 3798 contempsistis
3329 3732 3526 3788 amici-

1958 3816 2116 3872 tiam.
2175 3816 2252 3871 De
2300 3824 2502 3871 cetero
2566 3815 2800 3885 accipite
2854 3821 3248 3875 convenienter
3326 3826 3529 3880 vestris

1957 3908 2133 3964 iactis.
2150 3908 2566 3979 Respondentes
2581 3917 2760 3963 autem
2775 3908 2970 3974 sancti,
2985 3909 3245 3966 dixerunt
3264 3921 3525 3984 tyranno:

1959 4000 2280 4069 Imperator,
2357 3999 2473 4053 ὴιρο
2527 3998 2723 4053 militia
2773 4009 2886 4065 tua,
2943 4007 3003 4055 ut
3057 4016 3177 4071 quas
3246 4006 3386 4059 nihil
3432 4008 3525 4071 sit,

1959 4092 2226 4163 praeterit,
2275 4100 2331 4145 et
2362 4091 2456 4160 qui
2509 4091 2665 4145 adest
2716 4091 2913 4156 honor,
2949 4104 3034 4147 est
3087 4095 3186 4149 tibi
3236 4096 3527 4154 dedecus:

1959 4183 2219 4254 quoniam
2250 4182 2456 4237 oblitus
2493 4197 2554 4237 es
2580 4182 2696 4247 Dei,
2728 4182 2821 4252 qui
2860 4183 3001 4239 hanc
3040 4186 3140 4247 tibi
3167 4188 3322 4243 dedit
3372 4202 3530 4261 pote-

1961 4283 2180 4330 statem.
2205 4274 2354 4329 Vana
2411 4269 2541 4328 vero
2579 4281 2635 4327 et
2665 4273 2905 4329 inanima
2969 4275 3284 4345 simulacra,
3328 4296 3448 4350 quae
3480 4292 3532 4337 te

1963 4367 2100 4424 nihil
2121 4369 2337 4439 juvant,
2372 4366 2517 4436 quod
2546 4382 2611 4421 ea
2639 4382 2747 4421 non
2774 4378 3108 4438 cognoscant
3138 4386 3264 4426 eum
3296 4374 3387 4443 qui
3411 4373 3526 4443 ipsa

1964 4461 2172 4514 honore
2228 4458 2393 4512 allicit
2424 4467 2519 4511 aut
2555 4459 2905 4524 contumelia,
2954 4460 3010 4513 in
3043 4462 3176 4517 deos
3219 4464 3436 4530 stolide,
3474 4475 3535 4519 ut

1962 4553 2056 4623 qui
2109 4552 2269 4620 plane
2298 4564 2457 4603 sensu
2513 4563 2721 4604 careas.
2774 4551 2967 4603 refers.
3022 4552 3167 4605 Dixit
3220 4563 3530 4623 tyrannus:

278 4640 517 4744 PrOpter
548 4640 720 4725 nostri
765 4666 981 4735 imperii
1016 4660 1363 4720 clementiam
1416 4658 1573 4714 vobis
1600 4668 1851 4727 parcens,
1890 4646 2152 4704 etvolens
2201 4642 2367 4695 vitam
2414 4640 2571 4744 vobis
2586 4654 2707 4694 esse
2753 4640 2982 4744 salvam,
3012 4640 3190 4697 adhuc
3216 4660 3309 4700 vos
3327 4647 3530 4717 patior,

274 4732 677 4847 jussitqueeos
728 4732 990 4816 tres-dies
1010 4756 1216 4811 includi
1255 4755 1309 4809 in
1335 4766 1576 4814 carcere,
1609 4758 1668 4804 ut
1691 4750 1950 4813 caperent
1980 4736 2269 4847 eo‘ns'iliu‘r‘n
2298 4732 2442 4802 quod
2470 4733 2552 4787 eis
2602 4732 2907 4847 expediret.

354 4864 428 4916 Z'.
463 4825 586 4914 :l‘dw
617 4859 674 4912 δι
712 4852 1071 4911 ὑπασπιστῶν
1122 4850 1533 4918 πληρωσάντων
1564 4844 1659 4898 τοῦ
1705 4842 1835 4912 βασι

1857 4852 1936 4903 ιι)
2034 4830 2148 4884 Vll.
2205 4828 2341 4881 Cum
2398 4836 2580 4879 autem
2639 4825 2903 4880 satellites
2960 4827 3277 4897 implessent
3314 4835 3529 4900 jussum

280 4959 422 5018 λέως
464 4954 525 5005 τὸ
558 4951 889 5021 πρόσταγμα
930 4947 1027 5000 καὶ
1068 4944 1147 5009 είς
1190 4940 1438 5011 φυλακὴν
1478 4938 1676 4999 αὐτοὺς
1723 4934 1863 5005 μετά

282 5046 484 5104 κλοιῶν
510 5042 941 5111 καθειρξάντων,
967 5035 1119 5090 εἶπον
1148 5039 1286 5107 πρὸς
1315 5033 1576 5103 ἀλλήλους
1612 5029 1662 5082 οί
1694 5028 1861 5094 διγιοιο

297 5136 715 5208 Ἐτοιμάσωμεν
768 5132 1039 5193 ἅπαντες,
1099 5128 1341 5195 ἀδελφοὶ,
1373 5122 1716 5194 ὁμοθυμαδὸν
1766 5120 1865 5180 τὰς

284 5232 471 5303 ψυχὰς
502 5225 660 5299 ἡμῶν
681 5225 761 5288 είς
790 5221 1126 5294 προσευχὴν,
1168 5220 1263 5273 καὶ
1290 5218 1576 5288 δεηθῶμεν
1602 5213 1697 5267 τοῦ
1726 5211 1865 5303 Θεοῦ

288 5322 452 5395 ήμῶν
485 5318 719 5380 ικτενῶς
750 5312 935 5368 δοῦναι
962 5314 1094 5383 ἡμῖν
1124 5310 1316 5380 σοφίαν
1345 5325 1403 5361 τε
1429 5310 1526 5361 καὶ
1556 5306 1755 5375 γνῶσιν
1778 5303 1805 5355 δ
1834 5302 1867 5355 ἀ

287 5415 388 5470 τοῦ
438 5411 593 5480 ἀγίου
651 5406 817 5462 αὑτοῦ
866 5396 1202 5475 Πνεύματοςζ
1234 5403 1329 5456 καὶ
1378 5400 1637 5470 εμόαλεῖν
1678 5399 1758 5459 είς
1804 5396 1865 5447 τὸ

296 5507 473 5576 στόμα
502 5498 657 5572 ἡμῶν
684 5497 735 5548 τί
762 5494 1231 5566 ἀπολογήσασθαι,
1258 5495 1405 5556 ὅπως
1432 5489 1690 5560 θαυμάσῃ
1717 5490 1743 5539 ό
1774 5486 1864 5538 τύ·

295 5612 488 5669 ραννος
521 5588 920 5663 τὴν-ἀλήθειαν
948 5588 1051 5657 τῆς
1095 5583 1328 5649 πίστεως
1363 5583 1544 5654 ἡμῶν.
1580 5583 1690 5634 Καὶ
1735 5584 1866 5631 στα-

289 5692 481 5751 θέντες
526 5689 605 5749 είς
656 5685 969 5753 προσευχὴν
1005 5683 1055 5734 οί
1087 5682 1233 5748 ἀγιοι
1282 5678 1650 5747 ἑϐδομήκοντα
1687 5672 1761 5735 ὡς
1804 5672 1868 5723 ὲκ

300 5784 427 5857 μιᾶς
481 5779 662 5849 ψυχῆς
708 5771 888 5832 εἷπονο
924 5774 985 5825 '0
1024 5774 1156 5836 Θεὸς
1201 5775 1228 5825 ό
1278 5769 1699 5839 παντοκράτωρ,
1732 5757 1793 5817 οὗ
1834 5764 1866 5833 ἠ

370 5884 389 5913 ³
423 5878 613 5933 Matth.
658 5890 811 5928 xvm.

700 5969 950 6026 Parnm.
1023 5961 1141 6018 Οιι.
1189 5959 1288 6019 CX
1306 5956 1370 6023 γ,

1964 4918 2337 4991 imperatoris,
2372 4928 2428 4974 et
2460 4933 2556 4973 eos
2614 4918 2668 4971 in
2704 4919 2951 4972 custodia
3000 4918 3358 4978 inclusissent
3404 4941 3530 4979 cum

1961 5017 2277 5080 collaribus,
2332 5014 2505 5068 sancti
2541 5014 2799 5066 dixerunt
2830 5013 2974 5067 inter
3007 5029 3064 5069 se
3096 5035 3108 5068 :
3151 5014 3368 5073 Fratres
3397 5020 3531 5074 cha-

1962 5110 2183 5174 rissimi,
2218 5116 2475 5178 paremus
2521 5120 2712 5160 omnes
2748 5116 2961 5160 nostras
2987 5107 3196 5160 animas
3223 5107 3289 5160 ad
3324 5112 3530 5163 oratio-

1965 5219 2110 5267 nem,
2140 5213 2195 5257 et
2244 5203 2456 5255 intense
2515 5214 2738 5254 oremus
2781 5199 3074 5268 benignqu
3110 5208 3165 5255 et
3204 5199 3533 5257 clementem

1965 5295 2135 5349 Deum
2164 5301 2438 5355 nostrum,
2474 5300 2534 5343 ut
2582 5290 2676 5343 det
2706 5291 2866 5343 nobis
2894 5289 3215 5359 sapientiam
3249 5301 3308 5345 et
3341 5294 3532 5364 cogni-

1968 5388 2173 5441 tionem
2202 5399 2301 5455 per
2326 5392 2574 5437 sanctum
2604 5380 2890 5452 Spiritum,
2915 5393 2971 5437 et
3003 5382 3204 5450 injiciat
3236 5381 3292 5439 in
3345 5399 3407 5439 os
3433 5400 3535 5440 no-

1967 5491 2165 5540 strum,
2197 5476 2325 5546 quid
2356 5476 2785 5543 respondeamus
2826 5474 3143 5543 imperatori
3170 5492 3183 5528 :
3210 5485 3269 5529 ιιι
3301 5475 3540 5532 admire-

1972 5584 2061 5629 tur
2088 5573 2202 5641 ipse
2238 5583 2461 5639 quoque
2504 5577 2764 5638 tyrannus
2796 5566 3081 5621 veritatem
3139 5576 3339 5623 nostra:
3382 5568 3536 5624 ﬁdei.

1974 5667 2040 5720 Et
2070 5680 2128 5720 se
2162 5661 2229 5718 ad
2284 5660 2618 5731 precandum
2675 5658 3024 5715 conferentes
3077 5660 3253 5715 sancti
3315 5670 3536 5728 septua-

1974 5760 2120 5829 ginta
2156 5756 2358 5813 Christi
2396 5765 2663 5824 martyres
2710 5752 2970 5808 dixerunt
3036 5762 3290 5819 tanquam
3323 5767 3390 5807 ex
3431 5770 3543 5809 uno

3150 5936 3227 6000 12
