  <div class='ocr_page' id='page_1' title='image "/cluster/home/n/w/nwhite01/storage/ocr_20150623/115/nnc1.0046980261/189.png"; bbox 0 0 4230 6436; ppageno 0'>
   <div class='ocr_carea' id='block_1_1' title="bbox 752 376 860 438">
    <p class='ocr_par' dir='ltr' id='par_1_1' title="bbox 752 376 860 438">
     <span class='ocr_line' id='line_1_1' title="bbox 752 376 860 438; baseline 0 -1"><span class='ocrx_word' id='word_1_1' title='bbox 752 376 860 438; x_wconf 82' lang='grc'><strong>363</strong></span> 
     </span>
    </p>
   </div>
   <div class='ocr_carea' id='block_1_2' title="bbox 2047 383 2673 451">
    <p class='ocr_par' dir='ltr' id='par_1_2' title="bbox 2047 383 2673 451">
     <span class='ocr_line' id='line_1_2' title="bbox 2047 383 2673 451; baseline 0.018 -10"><span class='ocrx_word' id='word_1_2' title='bbox 2047 383 2329 443; x_wconf 79' lang='lat' dir='ltr'><strong>MENSIS</strong></span> <span class='ocrx_word' id='word_1_3' title='bbox 2372 384 2673 451; x_wconf 75' lang='lat' dir='ltr'><strong>IULIUS.</strong></span> 
     </span>
    </p>
   </div>
   <div class='ocr_carea' id='block_1_3' title="bbox 3900 405 4003 473">
    <p class='ocr_par' dir='ltr' id='par_1_3' title="bbox 3900 405 4003 473">
     <span class='ocr_line' id='line_1_3' title="bbox 3900 405 4003 473; baseline -0.058 0"><span class='ocrx_word' id='word_1_4' title='bbox 3900 405 4003 473; x_wconf 67' lang='lat'><strong>364</strong></span> 
     </span>
    </p>
   </div>
   <div class='ocr_carea' id='block_1_4' title="bbox 750 488 2340 585">
    <p class='ocr_par' dir='ltr' id='par_1_4' title="bbox 750 488 2325 551">
     <span class='ocr_line' id='line_1_4' title="bbox 750 488 2325 551; baseline 0 -6"><span class='ocrx_word' id='word_1_5' title='bbox 750 506 851 545; x_wconf 90' lang='lat' dir='ltr'><strong>ore</strong></span> <span class='ocrx_word' id='word_1_6' title='bbox 876 499 931 545; x_wconf 87' lang='lat' dir='ltr'><strong>et</strong></span> <span class='ocrx_word' id='word_1_7' title='bbox 956 505 1059 545; x_wconf 85' lang='lat' dir='ltr'><strong>una</strong></span> <span class='ocrx_word' id='word_1_8' title='bbox 1096 490 1276 545; x_wconf 86' lang='lat' dir='ltr'><strong>anima</strong></span> <span class='ocrx_word' id='word_1_9' title='bbox 1310 506 1321 543; x_wconf 89' lang='lat'><strong>:</strong></span> <span class='ocrx_word' id='word_1_10' title='bbox 1353 488 1580 543; x_wconf 85' lang='lat' dir='ltr'><strong>Domine</strong></span> <span class='ocrx_word' id='word_1_11' title='bbox 1616 489 1744 544; x_wconf 83' lang='lat' dir='ltr'><strong>Jesu</strong></span> <span class='ocrx_word' id='word_1_12' title='bbox 1772 488 2012 551; x_wconf 85' lang='lat' dir='ltr'><strong>Christe,</strong></span> <span class='ocrx_word' id='word_1_13' title='bbox 2046 492 2192 546; x_wconf 90' lang='lat' dir='ltr'><strong>Deus</strong></span> <span class='ocrx_word' id='word_1_14' title='bbox 2214 508 2325 546; x_wconf 82' lang='lat' dir='ltr'><strong>om-</strong></span> 
     </span>
    </p>
   </div>
   <div class='ocr_carea' id='block_1_5' title="bbox 2374 488 3996 585">
    <p class='ocr_par' dir='ltr' id='par_1_5' title="bbox 2374 496 3996 585">
     <span class='ocr_line' id='line_1_5' title="bbox 2374 496 3996 585; baseline 0.014 -38"><span class='ocrx_word' id='word_1_15' title='bbox 2374 501 2397 555; x_wconf 62' lang='lat' dir='ltr'><strong>l</strong></span> <span class='ocrx_word' id='word_1_16' title='bbox 2432 496 2655 561; x_wconf 78' lang='grc' dir='ltr'><strong>ἐξουσία</strong></span> <span class='ocrx_word' id='word_1_17' title='bbox 2711 500 2932 565; x_wconf 76' lang='grc' dir='ltr'>αἰώνιος</span> <span class='ocrx_word' id='word_1_18' title='bbox 2966 505 3061 558; x_wconf 78' lang='grc' dir='ltr'><strong>καὶ</strong></span> <span class='ocrx_word' id='word_1_19' title='bbox 3096 506 3126 576; x_wconf 83' lang='grc' dir='ltr'><strong>ἠ</strong></span> <span class='ocrx_word' id='word_1_20' title='bbox 3166 507 3411 576; x_wconf 78' lang='grc' dir='ltr'>βασιλεία</span> <span class='ocrx_word' id='word_1_21' title='bbox 3446 512 3507 564; x_wconf 89' lang='grc' dir='ltr'><strong>οὑ</strong></span> <span class='ocrx_word' id='word_1_22' title='bbox 3547 513 3996 585; x_wconf 71' lang='grc' dir='ltr'><strong>διαφθαρήσεται,</strong></span> 
     </span>
    </p>
   </div>
   <div class='ocr_carea' id='block_1_6' title="bbox 750 580 2316 651">
    <p class='ocr_par' dir='ltr' id='par_1_6' title="bbox 750 580 2316 651">
     <span class='ocr_line' id='line_1_6' title="bbox 750 580 2316 651; baseline 0.001 -16"><span class='ocrx_word' id='word_1_23' title='bbox 750 580 1028 650; x_wconf 87' lang='lat' dir='ltr'><strong>nipotens,</strong></span> <span class='ocrx_word' id='word_1_24' title='bbox 1090 581 1247 651; x_wconf 88' lang='lat' dir='ltr'><strong>cujus</strong></span> <span class='ocrx_word' id='word_1_25' title='bbox 1274 587 1519 649; x_wconf 90' lang='lat' dir='ltr'><strong>potestas</strong></span> <span class='ocrx_word' id='word_1_26' title='bbox 1575 586 1797 641; x_wconf 67' lang='lat' dir='ltr'><strong>aeterna,</strong></span> <span class='ocrx_word' id='word_1_27' title='bbox 1849 588 1903 633; x_wconf 90' lang='lat' dir='ltr'><strong>et</strong></span> <span class='ocrx_word' id='word_1_28' title='bbox 1946 596 2173 651; x_wconf 87' lang='lat' dir='ltr'><strong>regnum</strong></span> <span class='ocrx_word' id='word_1_29' title='bbox 2205 599 2316 636; x_wconf 89' lang='lat' dir='ltr'><strong>non</strong></span> 
     </span>
    </p>
   </div>
   <div class='ocr_carea' id='block_1_7' title="bbox 747 668 2319 739">
    <p class='ocr_par' dir='ltr' id='par_1_7' title="bbox 747 668 2319 739">
     <span class='ocr_line' id='line_1_7' title="bbox 747 668 2319 739; baseline -0.001 -13"><span class='ocrx_word' id='word_1_30' title='bbox 747 671 1019 733; x_wconf 72' lang='lat' dir='ltr'><strong>interibit,</strong></span> <span class='ocrx_word' id='word_1_31' title='bbox 1049 669 1202 723; x_wconf 87' lang='lat' dir='ltr'><strong>mitte</strong></span> <span class='ocrx_word' id='word_1_32' title='bbox 1235 669 1303 722; x_wconf 84' lang='lat' dir='ltr'><strong>ad</strong></span> <span class='ocrx_word' id='word_1_33' title='bbox 1329 683 1432 722; x_wconf 88' lang='lat' dir='ltr'><strong>nos</strong></span> <span class='ocrx_word' id='word_1_34' title='bbox 1486 668 1889 721; x_wconf 85' lang='lat' dir='ltr'><strong>sanctissimum</strong></span> <span class='ocrx_word' id='word_1_35' title='bbox 1931 678 2085 722; x_wconf 90' lang='lat' dir='ltr'><strong>tuum</strong></span> <span class='ocrx_word' id='word_1_36' title='bbox 2146 669 2319 739; x_wconf 85' lang='lat' dir='ltr'><strong>Spiri-</strong></span> 
     </span>
    </p>
   </div>
   <div class='ocr_carea' id='block_1_8' title="bbox 747 759 2317 831">
    <p class='ocr_par' dir='ltr' id='par_1_8' title="bbox 747 759 2317 831">
     <span class='ocr_line' id='line_1_8' title="bbox 747 759 2317 831; baseline -0.002 -13"><span class='ocrx_word' id='word_1_37' title='bbox 747 774 888 826; x_wconf 89' lang='lat' dir='ltr'><strong>tum,</strong></span> <span class='ocrx_word' id='word_1_38' title='bbox 924 772 981 818; x_wconf 92' lang='lat' dir='ltr'><strong>et</strong></span> <span class='ocrx_word' id='word_1_39' title='bbox 1011 777 1111 817; x_wconf 83' lang='lat' dir='ltr'><strong>nos</strong></span> <span class='ocrx_word' id='word_1_40' title='bbox 1140 776 1238 831; x_wconf 88' lang='lat' dir='ltr'><strong>per</strong></span> <span class='ocrx_word' id='word_1_41' title='bbox 1269 776 1395 814; x_wconf 89' lang='lat' dir='ltr'><strong>eum</strong></span> <span class='ocrx_word' id='word_1_42' title='bbox 1433 759 1613 823; x_wconf 87' lang='lat' dir='ltr'><strong>erudi,</strong></span> <span class='ocrx_word' id='word_1_43' title='bbox 1670 768 1728 813; x_wconf 91' lang='lat' dir='ltr'><strong>ut</strong></span> <span class='ocrx_word' id='word_1_44' title='bbox 1750 760 1804 813; x_wconf 92' lang='lat' dir='ltr'><strong>in</strong></span> <span class='ocrx_word' id='word_1_45' title='bbox 1834 760 1952 828; x_wconf 88' lang='lat' dir='ltr'><strong>ipso</strong></span> <span class='ocrx_word' id='word_1_46' title='bbox 1979 761 2317 817; x_wconf 83' lang='lat' dir='ltr'><strong>exsultemus</strong></span> 
     </span>
    </p>
   </div>
   <div class='ocr_carea' id='block_1_9' title="bbox 743 852 2320 922">
    <p class='ocr_par' dir='ltr' id='par_1_9' title="bbox 743 852 2320 922">
     <span class='ocr_line' id='line_1_9' title="bbox 743 852 2320 922; baseline -0.004 -9"><span class='ocrx_word' id='word_1_47' title='bbox 743 869 802 913; x_wconf 89' lang='lat' dir='ltr'><strong>et</strong></span> <span class='ocrx_word' id='word_1_48' title='bbox 845 859 1093 911; x_wconf 78' lang='lat' dir='ltr'><strong>laetemur</strong></span> <span class='ocrx_word' id='word_1_49' title='bbox 1141 895 1157 920; x_wconf 95' lang='lat'><strong>,</strong></span> <span class='ocrx_word' id='word_1_50' title='bbox 1221 862 1278 908; x_wconf 93' lang='lat' dir='ltr'><strong>et</strong></span> <span class='ocrx_word' id='word_1_51' title='bbox 1311 854 1594 907; x_wconf 77' lang='lat' dir='ltr'><strong>vincamus</strong></span> <span class='ocrx_word' id='word_1_52' title='bbox 1650 852 1857 907; x_wconf 91' lang='lat' dir='ltr'><strong>erroris</strong></span> <span class='ocrx_word' id='word_1_53' title='bbox 1911 854 2207 922; x_wconf 85' lang='lat' dir='ltr'><strong>nequitias,</strong></span> <span class='ocrx_word' id='word_1_54' title='bbox 2262 862 2320 909; x_wconf 92' lang='lat' dir='ltr'><strong>et</strong></span> 
     </span>
    </p>
   </div>
   <div class='ocr_carea' id='block_1_10' title="bbox 742 943 2314 1014">
    <p class='ocr_par' dir='ltr' id='par_1_10' title="bbox 742 943 2314 1014">
     <span class='ocr_line' id='line_1_10' title="bbox 742 943 2314 1014; baseline -0.003 -11"><span class='ocrx_word' id='word_1_55' title='bbox 742 949 1074 1004; x_wconf 79' lang='lat' dir='ltr'><strong>extollamur</strong></span> <span class='ocrx_word' id='word_1_56' title='bbox 1102 946 1158 1000; x_wconf 93' lang='lat' dir='ltr'><strong>in</strong></span> <span class='ocrx_word' id='word_1_57' title='bbox 1181 960 1307 999; x_wconf 87' lang='lat' dir='ltr'><strong>vera</strong></span> <span class='ocrx_word' id='word_1_58' title='bbox 1338 955 1428 999; x_wconf 88' lang='lat' dir='ltr'><strong>tua</strong></span> <span class='ocrx_word' id='word_1_59' title='bbox 1460 943 1564 998; x_wconf 82' lang='lat' dir='ltr'><strong>ﬁde</strong></span> <span class='ocrx_word' id='word_1_60' title='bbox 1596 959 1695 1013; x_wconf 89' lang='lat' dir='ltr'><strong>per</strong></span> <span class='ocrx_word' id='word_1_61' title='bbox 1736 954 1988 998; x_wconf 88' lang='lat' dir='ltr'><strong>sanctum</strong></span> <span class='ocrx_word' id='word_1_62' title='bbox 2025 945 2314 1014; x_wconf 89' lang='lat' dir='ltr'><strong>Spiritum,</strong></span> 
     </span>
    </p>
   </div>
   <div class='ocr_carea' id='block_1_11' title="bbox 743 1035 2315 1111">
    <p class='ocr_par' dir='ltr' id='par_1_11' title="bbox 743 1035 2315 1111">
     <span class='ocr_line' id='line_1_11' title="bbox 743 1035 2315 1111; baseline -0.001 -17"><span class='ocrx_word' id='word_1_63' title='bbox 743 1040 838 1111; x_wconf 87' lang='lat' dir='ltr'><strong>qui</strong></span> <span class='ocrx_word' id='word_1_64' title='bbox 865 1038 1112 1109; x_wconf 85' lang='lat' dir='ltr'><strong>loquitur</strong></span> <span class='ocrx_word' id='word_1_65' title='bbox 1142 1037 1197 1091; x_wconf 90' lang='lat' dir='ltr'><strong>in</strong></span> <span class='ocrx_word' id='word_1_66' title='bbox 1248 1038 1427 1097; x_wconf 88' lang='lat' dir='ltr'><strong>nobis,</strong></span> <span class='ocrx_word' id='word_1_67' title='bbox 1462 1035 1856 1091; x_wconf 78' lang='lat' dir='ltr'><strong>convenienter</strong></span> <span class='ocrx_word' id='word_1_68' title='bbox 1889 1046 1995 1092; x_wconf 75' lang='lat' dir='ltr'><strong>tuae</strong></span> <span class='ocrx_word' id='word_1_69' title='bbox 2027 1052 2171 1092; x_wconf 63' lang='lat' dir='ltr'><strong>vera:</strong></span> <span class='ocrx_word' id='word_1_70' title='bbox 2197 1046 2252 1092; x_wconf 92' lang='lat' dir='ltr'><strong>et</strong></span> <span class='ocrx_word' id='word_1_71' title='bbox 2284 1054 2315 1092; x_wconf 85' lang='lat' dir='ltr'><strong>a</strong></span> 
     </span>
    </p>
   </div>
   <div class='ocr_carea' id='block_1_12' title="bbox 743 1128 2315 1200">
    <p class='ocr_par' dir='ltr' id='par_1_12' title="bbox 743 1128 2315 1200">
     <span class='ocr_line' id='line_1_12' title="bbox 743 1128 2315 1200; baseline -0.001 -13"><span class='ocrx_word' id='word_1_72' title='bbox 743 1132 1029 1187; x_wconf 88' lang='lat' dir='ltr'><strong>mendacio</strong></span> <span class='ocrx_word' id='word_1_73' title='bbox 1055 1131 1245 1185; x_wconf 74' lang='lat' dir='ltr'><strong>alienae</strong></span> <span class='ocrx_word' id='word_1_74' title='bbox 1280 1128 1654 1200; x_wconf 87' lang='lat' dir='ltr'><strong>promissioni,</strong></span> <span class='ocrx_word' id='word_1_75' title='bbox 1672 1138 1728 1182; x_wconf 88' lang='lat' dir='ltr'><strong>et</strong></span> <span class='ocrx_word' id='word_1_76' title='bbox 1758 1142 1858 1197; x_wconf 90' lang='lat' dir='ltr'><strong>pro</strong></span> <span class='ocrx_word' id='word_1_77' title='bbox 1879 1143 1910 1183; x_wconf 85' lang='lat' dir='ltr'><strong>a</strong></span> <span class='ocrx_word' id='word_1_78' title='bbox 1949 1128 2111 1184; x_wconf 88' lang='lat' dir='ltr'><strong>nobis</strong></span> <span class='ocrx_word' id='word_1_79' title='bbox 2133 1129 2315 1185; x_wconf 84' lang='lat' dir='ltr'><strong>ablata</strong></span> 
     </span>
    </p>
   </div>
   <div class='ocr_carea' id='block_1_13' title="bbox 741 1220 2312 1294">
    <p class='ocr_par' dir='ltr' id='par_1_13' title="bbox 741 1220 2312 1294">
     <span class='ocr_line' id='line_1_13' title="bbox 741 1220 2312 1294; baseline -0.002 -15"><span class='ocrx_word' id='word_1_80' title='bbox 741 1225 1018 1279; x_wconf 87' lang='lat' dir='ltr'><strong>mundana</strong></span> <span class='ocrx_word' id='word_1_81' title='bbox 1045 1223 1333 1294; x_wconf 74' lang='lat' dir='ltr'><strong>dignitate,</strong></span> <span class='ocrx_word' id='word_1_82' title='bbox 1354 1220 1658 1276; x_wconf 78' lang='lat' dir='ltr'><strong>eﬂiciamur</strong></span> <span class='ocrx_word' id='word_1_83' title='bbox 1701 1220 1907 1275; x_wconf 88' lang='lat' dir='ltr'><strong>milites</strong></span> <span class='ocrx_word' id='word_1_84' title='bbox 1933 1221 1986 1274; x_wconf 93' lang='lat' dir='ltr'><strong>in</strong></span> <span class='ocrx_word' id='word_1_85' title='bbox 2009 1231 2197 1277; x_wconf 77' lang='lat' dir='ltr'><strong>sancta</strong></span> <span class='ocrx_word' id='word_1_86' title='bbox 2221 1232 2312 1277; x_wconf 83' lang='lat' dir='ltr'><strong>tua</strong></span> 
     </span>
    </p>
   </div>
   <div class='ocr_carea' id='block_1_14' title="bbox 740 1313 2310 1379">
    <p class='ocr_par' dir='ltr' id='par_1_14' title="bbox 740 1313 2310 1379">
     <span class='ocr_line' id='line_1_14' title="bbox 740 1313 2310 1379; baseline -0.001 -8"><span class='ocrx_word' id='word_1_87' title='bbox 740 1317 981 1379; x_wconf 79' lang='lat' dir='ltr'><strong>civitate,</strong></span> <span class='ocrx_word' id='word_1_88' title='bbox 1026 1314 1441 1369; x_wconf 89' lang='lat' dir='ltr'><strong>etascribamur</strong></span> <span class='ocrx_word' id='word_1_89' title='bbox 1494 1313 1548 1366; x_wconf 91' lang='lat' dir='ltr'><strong>in</strong></span> <span class='ocrx_word' id='word_1_90' title='bbox 1579 1328 1870 1367; x_wconf 90' lang='lat' dir='ltr'><strong>numerum</strong></span> <span class='ocrx_word' id='word_1_91' title='bbox 1922 1314 2126 1368; x_wconf 90' lang='lat' dir='ltr'><strong>civium</strong></span> <span class='ocrx_word' id='word_1_92' title='bbox 2183 1330 2310 1369; x_wconf 92' lang='lat' dir='ltr'><strong>cum</strong></span> 
     </span>
    </p>
   </div>
   <div class='ocr_carea' id='block_1_15' title="bbox 741 1402 2311 1472">
    <p class='ocr_par' dir='ltr' id='par_1_15' title="bbox 741 1402 2311 1472">
     <span class='ocr_line' id='line_1_15' title="bbox 741 1402 2311 1472; baseline 0.001 -12"><span class='ocrx_word' id='word_1_93' title='bbox 741 1407 1001 1460; x_wconf 80' lang='lat' dir='ltr'><strong>omnibus</strong></span> <span class='ocrx_word' id='word_1_94' title='bbox 1050 1404 1162 1458; x_wconf 89' lang='lat' dir='ltr'><strong>tuis</strong></span> <span class='ocrx_word' id='word_1_95' title='bbox 1214 1402 1441 1467; x_wconf 83' lang='lat' dir='ltr'><strong>sanctis,</strong></span> <span class='ocrx_word' id='word_1_96' title='bbox 1494 1403 1588 1472; x_wconf 92' lang='lat' dir='ltr'><strong>qui</strong></span> <span class='ocrx_word' id='word_1_97' title='bbox 1617 1403 1715 1459; x_wconf 89' lang='lat' dir='ltr'><strong>tibi</strong></span> <span class='ocrx_word' id='word_1_98' title='bbox 1748 1420 1777 1458; x_wconf 90' lang='lat' dir='ltr'><strong>a</strong></span> <span class='ocrx_word' id='word_1_99' title='bbox 1811 1406 2014 1460; x_wconf 60' lang='lat' dir='ltr'><strong>saeculo</strong></span> <span class='ocrx_word' id='word_1_100' title='bbox 2065 1414 2216 1461; x_wconf 90' lang='lat' dir='ltr'><strong>recte</strong></span> <span class='ocrx_word' id='word_1_101' title='bbox 2254 1408 2311 1461; x_wconf 90' lang='lat' dir='ltr'><strong>in</strong></span> 
     </span>
    </p>
   </div>
   <div class='ocr_carea' id='block_1_16' title="bbox 740 1490 2310 1561">
    <p class='ocr_par' dir='ltr' id='par_1_16' title="bbox 740 1490 2310 1561">
     <span class='ocr_line' id='line_1_16' title="bbox 740 1490 2310 1561; baseline 0.003 -15"><span class='ocrx_word' id='word_1_102' title='bbox 740 1492 848 1548; x_wconf 81' lang='lat' dir='ltr'><strong>ﬁde</strong></span> <span class='ocrx_word' id='word_1_103' title='bbox 893 1493 1240 1561; x_wconf 78' lang='lat' dir='ltr'><strong>placuerunt.</strong></span> <span class='ocrx_word' id='word_1_104' title='bbox 1277 1490 1547 1556; x_wconf 88' lang='lat' dir='ltr'><strong>Quoniam</strong></span> <span class='ocrx_word' id='word_1_105' title='bbox 1586 1502 1643 1546; x_wconf 92' lang='lat' dir='ltr'><strong>tu</strong></span> <span class='ocrx_word' id='word_1_106' title='bbox 1704 1508 1764 1546; x_wconf 89' lang='lat' dir='ltr'><strong>es</strong></span> <span class='ocrx_word' id='word_1_107' title='bbox 1795 1494 1947 1547; x_wconf 91' lang='lat' dir='ltr'><strong>solus</strong></span> <span class='ocrx_word' id='word_1_108' title='bbox 1974 1494 2139 1554; x_wconf 87' lang='lat' dir='ltr'><strong>Deus.</strong></span> <span class='ocrx_word' id='word_1_109' title='bbox 2168 1506 2223 1550; x_wconf 91' lang='lat' dir='ltr'><strong>et</strong></span> <span class='ocrx_word' id='word_1_110' title='bbox 2257 1505 2310 1552; x_wconf 84' lang='lat' dir='ltr'><strong>te</strong></span> 
     </span>
    </p>
   </div>
   <div class='ocr_carea' id='block_1_17' title="bbox 739 1583 1998 1653">
    <p class='ocr_par' dir='ltr' id='par_1_17' title="bbox 739 1583 1998 1653">
     <span class='ocr_line' id='line_1_17' title="bbox 739 1583 1998 1653; baseline -0.002 -14"><span class='ocrx_word' id='word_1_111' title='bbox 739 1584 895 1639; x_wconf 89' lang='lat' dir='ltr'><strong>decet</strong></span> <span class='ocrx_word' id='word_1_112' title='bbox 920 1583 1094 1653; x_wconf 86' lang='lat' dir='ltr'><strong>gloria</strong></span> <span class='ocrx_word' id='word_1_113' title='bbox 1117 1592 1172 1638; x_wconf 92' lang='lat' dir='ltr'><strong>et</strong></span> <span class='ocrx_word' id='word_1_114' title='bbox 1206 1583 1449 1651; x_wconf 90' lang='lat' dir='ltr'><strong>potentia</strong></span> <span class='ocrx_word' id='word_1_115' title='bbox 1474 1583 1528 1636; x_wconf 91' lang='lat' dir='ltr'><strong>in</strong></span> <span class='ocrx_word' id='word_1_116' title='bbox 1555 1583 1771 1636; x_wconf 74' lang='lat' dir='ltr'><strong>saecula.</strong></span> <span class='ocrx_word' id='word_1_117' title='bbox 1804 1583 1998 1638; x_wconf 80' lang='lat' dir='ltr'><strong>Amen.</strong></span> 
     </span>
    </p>
   </div>
   <div class='ocr_carea' id='block_1_18' title="bbox 806 1675 2310 1747">
    <p class='ocr_par' dir='ltr' id='par_1_18' title="bbox 806 1675 2310 1747">
     <span class='ocr_line' id='line_1_18' title="bbox 806 1675 2310 1747; baseline 0.003 -16"><span class='ocrx_word' id='word_1_118' title='bbox 806 1676 944 1731; x_wconf 81' lang='lat' dir='ltr'><strong>VIII.</strong></span> <span class='ocrx_word' id='word_1_119' title='bbox 987 1675 1293 1743; x_wconf 86' lang='lat' dir='ltr'><strong>Completis</strong></span> <span class='ocrx_word' id='word_1_120' title='bbox 1317 1684 1501 1729; x_wconf 88' lang='lat' dir='ltr'><strong>autem</strong></span> <span class='ocrx_word' id='word_1_121' title='bbox 1537 1676 1713 1731; x_wconf 89' lang='lat' dir='ltr'><strong>tribus</strong></span> <span class='ocrx_word' id='word_1_122' title='bbox 1744 1676 1962 1744; x_wconf 90' lang='lat' dir='ltr'><strong>diebus,</strong></span> <span class='ocrx_word' id='word_1_123' title='bbox 2007 1678 2310 1747; x_wconf 85' lang='lat' dir='ltr'><strong>praesidens</strong></span> 
     </span>
    </p>
   </div>
   <div class='ocr_carea' id='block_1_19' title="bbox 738 1766 2309 1838">
    <p class='ocr_par' dir='ltr' id='par_1_19' title="bbox 738 1766 2309 1838">
     <span class='ocr_line' id='line_1_19' title="bbox 738 1766 2309 1838; baseline 0.001 -15"><span class='ocrx_word' id='word_1_124' title='bbox 738 1783 932 1823; x_wconf 90' lang='lat' dir='ltr'><strong>rursus</strong></span> <span class='ocrx_word' id='word_1_125' title='bbox 960 1767 1341 1830; x_wconf 81' lang='lat' dir='ltr'><strong>Maximianus,</strong></span> <span class='ocrx_word' id='word_1_126' title='bbox 1361 1766 1416 1820; x_wconf 92' lang='lat' dir='ltr'><strong>in</strong></span> <span class='ocrx_word' id='word_1_127' title='bbox 1446 1767 1701 1822; x_wconf 89' lang='lat' dir='ltr'><strong>eumdem</strong></span> <span class='ocrx_word' id='word_1_128' title='bbox 1733 1768 1913 1822; x_wconf 90' lang='lat' dir='ltr'><strong>locum</strong></span> <span class='ocrx_word' id='word_1_129' title='bbox 1952 1780 2125 1838; x_wconf 72' lang='lat' dir='ltr'><strong>porta:</strong></span> <span class='ocrx_word' id='word_1_130' title='bbox 2149 1771 2309 1825; x_wconf 84' lang='lat' dir='ltr'><strong>Ama-</strong></span> 
     </span>
    </p>
   </div>
   <div class='ocr_carea' id='block_1_20' title="bbox 737 1837 2384 1923">
    <p class='ocr_par' dir='ltr' id='par_1_20' title="bbox 737 1837 2384 1923">
     <span class='ocr_line' id='line_1_20' title="bbox 737 1837 2384 1923; baseline -0.001 -9"><span class='ocrx_word' id='word_1_131' title='bbox 737 1862 867 1915; x_wconf 76' lang='lat' dir='ltr'><strong>xiza:</strong></span> <span class='ocrx_word' id='word_1_132' title='bbox 901 1874 1096 1913; x_wconf 87' lang='lat' dir='ltr'><strong>rursus</strong></span> <span class='ocrx_word' id='word_1_133' title='bbox 1126 1866 1492 1912; x_wconf 87' lang='lat' dir='ltr'><strong>concurrente</strong></span> <span class='ocrx_word' id='word_1_134' title='bbox 1548 1858 1807 1912; x_wconf 90' lang='lat' dir='ltr'><strong>universa</strong></span> <span class='ocrx_word' id='word_1_135' title='bbox 1843 1859 2085 1923; x_wconf 73' lang='lat' dir='ltr'><strong>civitate,</strong></span> <span class='ocrx_word' id='word_1_136' title='bbox 2119 1874 2310 1913; x_wconf 90' lang='lat' dir='ltr'><strong>accer-</strong></span> <span class='ocrx_word' id='word_1_137' title='bbox 2342 1837 2384 1892; x_wconf 75' lang='grc' dir='ltr'><strong>Β</strong></span> 
     </span>
    </p>
   </div>
   <div class='ocr_carea' id='block_1_21' title="bbox 736 1949 2313 2019">
    <p class='ocr_par' dir='ltr' id='par_1_21' title="bbox 736 1949 2313 2019">
     <span class='ocr_line' id='line_1_21' title="bbox 736 1949 2313 2019; baseline 0 -11"><span class='ocrx_word' id='word_1_138' title='bbox 736 1954 830 2008; x_wconf 87' lang='lat' dir='ltr'><strong>siit</strong></span> <span class='ocrx_word' id='word_1_139' title='bbox 884 1959 1127 2007; x_wconf 83' lang='lat' dir='ltr'><strong>sanctos.</strong></span> <span class='ocrx_word' id='word_1_140' title='bbox 1186 1949 1373 2003; x_wconf 85' lang='lat' dir='ltr'><strong>Sancti</strong></span> <span class='ocrx_word' id='word_1_141' title='bbox 1429 1962 1561 2002; x_wconf 85' lang='lat' dir='ltr'><strong>vero</strong></span> <span class='ocrx_word' id='word_1_142' title='bbox 1620 1958 1893 2019; x_wconf 88' lang='lat' dir='ltr'><strong>martyres</strong></span> <span class='ocrx_word' id='word_1_143' title='bbox 1953 1962 2313 2009; x_wconf 85' lang='lat' dir='ltr'><strong>accesserunt</strong></span> 
     </span>
    </p>
   </div>
   <div class='ocr_carea' id='block_1_22' title="bbox 736 2041 2309 2113">
    <p class='ocr_par' dir='ltr' id='par_1_22' title="bbox 736 2041 2309 2113">
     <span class='ocr_line' id='line_1_22' title="bbox 736 2041 2309 2113; baseline -0.001 -14"><span class='ocrx_word' id='word_1_144' title='bbox 736 2045 897 2100; x_wconf 90' lang='lat' dir='ltr'><strong>tracti</strong></span> <span class='ocrx_word' id='word_1_145' title='bbox 922 2060 953 2097; x_wconf 88' lang='lat' dir='ltr'><strong>a</strong></span> <span class='ocrx_word' id='word_1_146' title='bbox 977 2042 1263 2106; x_wconf 88' lang='lat' dir='ltr'><strong>ministris,</strong></span> <span class='ocrx_word' id='word_1_147' title='bbox 1288 2049 1344 2094; x_wconf 92' lang='lat' dir='ltr'><strong>et</strong></span> <span class='ocrx_word' id='word_1_148' title='bbox 1364 2048 1638 2095; x_wconf 84' lang='lat' dir='ltr'><strong>steterunt</strong></span> <span class='ocrx_word' id='word_1_149' title='bbox 1656 2051 1780 2095; x_wconf 87' lang='lat' dir='ltr'><strong>ante</strong></span> <span class='ocrx_word' id='word_1_150' title='bbox 1798 2041 2052 2111; x_wconf 91' lang='lat' dir='ltr'><strong>impium.</strong></span> <span class='ocrx_word' id='word_1_151' title='bbox 2080 2042 2309 2113; x_wconf 85' lang='lat' dir='ltr'><strong>Iniquus</strong></span> 
     </span>
    </p>
   </div>
   <div class='ocr_carea' id='block_1_23' title="bbox 733 2127 2308 2204">
    <p class='ocr_par' dir='ltr' id='par_1_23' title="bbox 733 2127 2308 2204">
     <span class='ocr_line' id='line_1_23' title="bbox 733 2127 2308 2204; baseline -0.001 -13"><span class='ocrx_word' id='word_1_152' title='bbox 733 2147 917 2191; x_wconf 81' lang='lat' dir='ltr'><strong>autem</strong></span> <span class='ocrx_word' id='word_1_153' title='bbox 949 2136 1243 2204; x_wconf 78' lang='lat' dir='ltr'><strong>imperator</strong></span> <span class='ocrx_word' id='word_1_154' title='bbox 1272 2127 1446 2187; x_wconf 86' lang='lat' dir='ltr'><strong>minas</strong></span> <span class='ocrx_word' id='word_1_155' title='bbox 1473 2142 1788 2201; x_wconf 86' lang='lat' dir='ltr'><strong>temperans</strong></span> <span class='ocrx_word' id='word_1_156' title='bbox 1823 2134 2137 2201; x_wconf 91' lang='lat' dir='ltr'><strong>clementia,</strong></span> <span class='ocrx_word' id='word_1_157' title='bbox 2166 2136 2308 2191; x_wconf 74' lang='lat' dir='ltr'><strong>dixit</strong></span> 
     </span>
    </p>
   </div>
   <div class='ocr_carea' id='block_1_24' title="bbox 732 2224 2306 2295">
    <p class='ocr_par' dir='ltr' id='par_1_24' title="bbox 732 2224 2306 2295">
     <span class='ocr_line' id='line_1_24' title="bbox 732 2224 2306 2295; baseline 0 -13"><span class='ocrx_word' id='word_1_158' title='bbox 732 2228 815 2283; x_wconf 88' lang='lat' dir='ltr'><strong>eis</strong></span> <span class='ocrx_word' id='word_1_159' title='bbox 847 2245 861 2280; x_wconf 87' lang='lat'><strong>:</strong></span> <span class='ocrx_word' id='word_1_160' title='bbox 895 2228 939 2282; x_wconf 87' lang='grc'>0</span> <span class='ocrx_word' id='word_1_161' title='bbox 968 2226 1095 2290; x_wconf 86' lang='lat' dir='ltr'><strong>viri,</strong></span> <span class='ocrx_word' id='word_1_162' title='bbox 1126 2224 1323 2279; x_wconf 88' lang='lat' dir='ltr'><strong>discite</strong></span> <span class='ocrx_word' id='word_1_163' title='bbox 1374 2225 1591 2279; x_wconf 87' lang='lat' dir='ltr'><strong>tandem</strong></span> <span class='ocrx_word' id='word_1_164' title='bbox 1642 2224 1775 2294; x_wconf 91' lang='lat' dir='ltr'><strong>quid</strong></span> <span class='ocrx_word' id='word_1_165' title='bbox 1802 2224 1961 2279; x_wconf 83' lang='lat' dir='ltr'><strong>vobis</strong></span> <span class='ocrx_word' id='word_1_166' title='bbox 2006 2227 2306 2295; x_wconf 79' lang='lat' dir='ltr'><strong>expediat:</strong></span> 
     </span>
    </p>
   </div>
   <div class='ocr_carea' id='block_1_25' title="bbox 731 2314 2306 2382">
    <p class='ocr_par' dir='ltr' id='par_1_25' title="bbox 731 2314 2306 2382">
     <span class='ocr_line' id='line_1_25' title="bbox 731 2314 2306 2382; baseline -0.005 -7"><span class='ocrx_word' id='word_1_167' title='bbox 731 2330 787 2375; x_wconf 89' lang='lat' dir='ltr'><strong>et</strong></span> <span class='ocrx_word' id='word_1_168' title='bbox 820 2318 1165 2381; x_wconf 85' lang='lat' dir='ltr'><strong>accedentes,</strong></span> <span class='ocrx_word' id='word_1_169' title='bbox 1198 2315 1304 2369; x_wconf 87' lang='lat' dir='ltr'><strong>diis</strong></span> <span class='ocrx_word' id='word_1_170' title='bbox 1340 2314 1667 2378; x_wconf 82' lang='lat' dir='ltr'><strong>sacriﬁcate,</strong></span> <span class='ocrx_word' id='word_1_171' title='bbox 1694 2322 1749 2370; x_wconf 91' lang='lat' dir='ltr'><strong>et</strong></span> <span class='ocrx_word' id='word_1_172' title='bbox 1770 2314 1936 2367; x_wconf 87' lang='lat' dir='ltr'><strong>vitam</strong></span> <span class='ocrx_word' id='word_1_173' title='bbox 1971 2314 2225 2382; x_wconf 87' lang='lat' dir='ltr'><strong>accipite,</strong></span> <span class='ocrx_word' id='word_1_174' title='bbox 2249 2322 2306 2369; x_wconf 89' lang='lat' dir='ltr'><strong>et</strong></span> 
     </span>
    </p>
   </div>
   <div class='ocr_carea' id='block_1_26' title="bbox 732 2406 2301 2477">
    <p class='ocr_par' dir='ltr' id='par_1_26' title="bbox 732 2406 2301 2477">
     <span class='ocr_line' id='line_1_26' title="bbox 732 2406 2301 2477; baseline -0.004 -9"><span class='ocrx_word' id='word_1_175' title='bbox 732 2428 845 2469; x_wconf 88' lang='lat' dir='ltr'><strong>non</strong></span> <span class='ocrx_word' id='word_1_176' title='bbox 882 2419 1113 2465; x_wconf 89' lang='lat' dir='ltr'><strong>mortem</strong></span> <span class='ocrx_word' id='word_1_177' title='bbox 1146 2407 1425 2462; x_wconf 88' lang='lat' dir='ltr'><strong>acerbam.</strong></span> <span class='ocrx_word' id='word_1_178' title='bbox 1460 2406 1729 2460; x_wconf 80' lang='lat' dir='ltr'><strong>Dixerunt</strong></span> <span class='ocrx_word' id='word_1_179' title='bbox 1782 2406 1957 2460; x_wconf 90' lang='lat' dir='ltr'><strong>sancti</strong></span> <span class='ocrx_word' id='word_1_180' title='bbox 1989 2416 2259 2477; x_wconf 86' lang='lat' dir='ltr'><strong>martyres</strong></span> <span class='ocrx_word' id='word_1_181' title='bbox 2288 2425 2301 2462; x_wconf 89' lang='lat'><strong>:</strong></span> 
     </span>
    </p>
   </div>
   <div class='ocr_carea' id='block_1_27' title="bbox 733 2499 2300 2571">
    <p class='ocr_par' dir='ltr' id='par_1_27' title="bbox 733 2499 2300 2571">
     <span class='ocr_line' id='line_1_27' title="bbox 733 2499 2300 2571; baseline -0.002 -13"><span class='ocrx_word' id='word_1_182' title='bbox 733 2506 809 2562; x_wconf 90' lang='lat' dir='ltr'><strong>De</strong></span> <span class='ocrx_word' id='word_1_183' title='bbox 872 2506 975 2559; x_wconf 86' lang='lat' dir='ltr'><strong>hoc</strong></span> <span class='ocrx_word' id='word_1_184' title='bbox 1024 2502 1229 2556; x_wconf 91' lang='lat' dir='ltr'><strong>bonum</strong></span> <span class='ocrx_word' id='word_1_185' title='bbox 1263 2499 1556 2555; x_wconf 86' lang='lat' dir='ltr'><strong>consilium</strong></span> <span class='ocrx_word' id='word_1_186' title='bbox 1618 2499 1885 2569; x_wconf 88' lang='lat' dir='ltr'><strong>cepimus,</strong></span> <span class='ocrx_word' id='word_1_187' title='bbox 1919 2515 1951 2555; x_wconf 93' lang='grc' dir='ltr'><strong>ο</strong></span> <span class='ocrx_word' id='word_1_188' title='bbox 1982 2500 2300 2571; x_wconf 81' lang='lat' dir='ltr'><strong>imperator.</strong></span> 
     </span>
    </p>
   </div>
   <div class='ocr_carea' id='block_1_28' title="bbox 728 2593 2299 2664">
    <p class='ocr_par' dir='ltr' id='par_1_28' title="bbox 728 2593 2299 2664">
     <span class='ocr_line' id='line_1_28' title="bbox 728 2593 2299 2664; baseline -0.003 -12"><span class='ocrx_word' id='word_1_189' title='bbox 728 2598 871 2652; x_wconf 81' lang='lat' dir='ltr'><strong>Audi</strong></span> <span class='ocrx_word' id='word_1_190' title='bbox 933 2605 1160 2657; x_wconf 88' lang='lat' dir='ltr'><strong>attente,</strong></span> <span class='ocrx_word' id='word_1_191' title='bbox 1208 2604 1355 2647; x_wconf 92' lang='lat' dir='ltr'><strong>etne</strong></span> <span class='ocrx_word' id='word_1_192' title='bbox 1388 2608 1488 2646; x_wconf 91' lang='lat' dir='ltr'><strong>nos</strong></span> <span class='ocrx_word' id='word_1_193' title='bbox 1542 2593 1780 2660; x_wconf 90' lang='lat' dir='ltr'><strong>amplius</strong></span> <span class='ocrx_word' id='word_1_194' title='bbox 1830 2608 2015 2664; x_wconf 90' lang='lat' dir='ltr'><strong>cogas,</strong></span> <span class='ocrx_word' id='word_1_195' title='bbox 2047 2602 2142 2647; x_wconf 90' lang='lat' dir='ltr'><strong>aut</strong></span> <span class='ocrx_word' id='word_1_196' title='bbox 2190 2594 2299 2648; x_wconf 89' lang='lat' dir='ltr'><strong>vim</strong></span> 
     </span>
    </p>
   </div>
   <div class='ocr_carea' id='block_1_29' title="bbox 729 2674 2301 2744">
    <p class='ocr_par' dir='ltr' id='par_1_29' title="bbox 729 2674 2301 2744">
     <span class='ocr_line' id='line_1_29' title="bbox 729 2674 2301 2744; baseline -0.003 0"><span class='ocrx_word' id='word_1_197' title='bbox 729 2690 891 2744; x_wconf 88' lang='lat' dir='ltr'><strong>nobis</strong></span> <span class='ocrx_word' id='word_1_198' title='bbox 924 2689 1087 2741; x_wconf 89' lang='lat' dir='ltr'><strong>ullam</strong></span> <span class='ocrx_word' id='word_1_199' title='bbox 1122 2674 1320 2740; x_wconf 63' lang='lat' dir='ltr'><strong>aﬂ‘eras</strong></span> <span class='ocrx_word' id='word_1_200' title='bbox 1350 2704 1361 2738; x_wconf 86' lang='lat'><strong>:</strong></span> <span class='ocrx_word' id='word_1_201' title='bbox 1393 2683 1696 2738; x_wconf 87' lang='lat' dir='ltr'><strong>Statuimus</strong></span> <span class='ocrx_word' id='word_1_202' title='bbox 1722 2684 1870 2737; x_wconf 91' lang='lat' dir='ltr'><strong>enim</strong></span> <span class='ocrx_word' id='word_1_203' title='bbox 1919 2685 2049 2739; x_wconf 89' lang='lat' dir='ltr'><strong>odio</strong></span> <span class='ocrx_word' id='word_1_204' title='bbox 2095 2685 2301 2739; x_wconf 87' lang='lat' dir='ltr'><strong>habere</strong></span> 
     </span>
    </p>
   </div>
   <div class='ocr_carea' id='block_1_30' title="bbox 729 2775 2300 2847">
    <p class='ocr_par' dir='ltr' id='par_1_30' title="bbox 729 2775 2300 2847">
     <span class='ocr_line' id='line_1_30' title="bbox 729 2775 2300 2847; baseline -0.003 -11"><span class='ocrx_word' id='word_1_205' title='bbox 729 2784 871 2836; x_wconf 85' lang='lat' dir='ltr'><strong>hanc</strong></span> <span class='ocrx_word' id='word_1_206' title='bbox 916 2782 1104 2845; x_wconf 85' lang='lat' dir='ltr'><strong>vitam,</strong></span> <span class='ocrx_word' id='word_1_207' title='bbox 1166 2794 1287 2847; x_wconf 78' lang='lat' dir='ltr'><strong>qua:</strong></span> <span class='ocrx_word' id='word_1_208' title='bbox 1316 2786 1400 2831; x_wconf 87' lang='lat' dir='ltr'><strong>est</strong></span> <span class='ocrx_word' id='word_1_209' title='bbox 1448 2776 1515 2830; x_wconf 90' lang='lat' dir='ltr'><strong>ad</strong></span> <span class='ocrx_word' id='word_1_210' title='bbox 1570 2785 1808 2842; x_wconf 88' lang='lat' dir='ltr'><strong>tempus,</strong></span> <span class='ocrx_word' id='word_1_211' title='bbox 1877 2775 2109 2845; x_wconf 80' lang='lat' dir='ltr'><strong>diligere</strong></span> <span class='ocrx_word' id='word_1_212' title='bbox 2166 2792 2300 2831; x_wconf 89' lang='lat' dir='ltr'><strong>vero</strong></span> 
     </span>
    </p>
   </div>
   <div class='ocr_carea' id='block_1_31' title="bbox 731 2864 2295 2938">
    <p class='ocr_par' dir='ltr' id='par_1_31' title="bbox 731 2864 2295 2938">
     <span class='ocr_line' id='line_1_31' title="bbox 731 2864 2295 2938; baseline -0.003 -12"><span class='ocrx_word' id='word_1_213' title='bbox 731 2880 962 2926; x_wconf 88' lang='lat' dir='ltr'><strong>mortem</strong></span> <span class='ocrx_word' id='word_1_214' title='bbox 1028 2868 1367 2938; x_wconf 85' lang='lat' dir='ltr'><strong>propositam</strong></span> <span class='ocrx_word' id='word_1_215' title='bbox 1426 2874 1650 2934; x_wconf 92' lang='lat' dir='ltr'><strong>propter</strong></span> <span class='ocrx_word' id='word_1_216' title='bbox 1680 2864 1885 2920; x_wconf 84' lang='lat' dir='ltr'><strong>Christi</strong></span> <span class='ocrx_word' id='word_1_217' title='bbox 1937 2866 2295 2922; x_wconf 88' lang='lat' dir='ltr'><strong>desiderium.</strong></span> 
     </span>
    </p>
   </div>
   <div class='ocr_carea' id='block_1_32' title="bbox 726 2956 2300 3031">
    <p class='ocr_par' dir='ltr' id='par_1_32' title="bbox 726 2956 2300 3031">
     <span class='ocr_line' id='line_1_32' title="bbox 726 2956 2300 3031; baseline -0.003 -14"><span class='ocrx_word' id='word_1_218' title='bbox 726 2964 830 3017; x_wconf 87' lang='lat' dir='ltr'><strong>Per</strong></span> <span class='ocrx_word' id='word_1_219' title='bbox 857 2962 1032 3031; x_wconf 86' lang='lat' dir='ltr'><strong>ipsum</strong></span> <span class='ocrx_word' id='word_1_220' title='bbox 1067 2958 1213 3013; x_wconf 86' lang='lat' dir='ltr'><strong>enim</strong></span> <span class='ocrx_word' id='word_1_221' title='bbox 1254 2956 1421 3009; x_wconf 90' lang='lat' dir='ltr'><strong>vitam</strong></span> <span class='ocrx_word' id='word_1_222' title='bbox 1451 2965 1709 3010; x_wconf 85' lang='lat' dir='ltr'><strong>aeternam</strong></span> <span class='ocrx_word' id='word_1_223' title='bbox 1753 2972 2039 3027; x_wconf 88' lang='lat' dir='ltr'><strong>speramus</strong></span> <span class='ocrx_word' id='word_1_224' title='bbox 2074 2958 2300 3013; x_wconf 84' lang='lat' dir='ltr'><strong>lucrifa-</strong></span> 
     </span>
    </p>
   </div>
   <div class='ocr_carea' id='block_1_33' title="bbox 727 3048 2292 3119">
    <p class='ocr_par' dir='ltr' id='par_1_33' title="bbox 727 3048 2292 3119">
     <span class='ocr_line' id='line_1_33' title="bbox 727 3048 2292 3119; baseline -0.004 -12"><span class='ocrx_word' id='word_1_225' title='bbox 727 3067 875 3107; x_wconf 86' lang='lat' dir='ltr'><strong>cerc.</strong></span> <span class='ocrx_word' id='word_1_226' title='bbox 910 3054 983 3106; x_wconf 88' lang='lat' dir='ltr'><strong>De</strong></span> <span class='ocrx_word' id='word_1_227' title='bbox 1010 3060 1209 3105; x_wconf 68' lang='lat' dir='ltr'><strong>caetero</strong></span> <span class='ocrx_word' id='word_1_228' title='bbox 1232 3063 1365 3119; x_wconf 89' lang='lat' dir='ltr'><strong>ergo</strong></span> <span class='ocrx_word' id='word_1_229' title='bbox 1406 3048 1489 3102; x_wconf 82' lang='lat' dir='ltr'><strong>fac</strong></span> <span class='ocrx_word' id='word_1_230' title='bbox 1522 3049 1763 3102; x_wconf 88' lang='lat' dir='ltr'><strong>breviter</strong></span> <span class='ocrx_word' id='word_1_231' title='bbox 1796 3049 1850 3102; x_wconf 89' lang='lat' dir='ltr'><strong>in</strong></span> <span class='ocrx_word' id='word_1_232' title='bbox 1884 3064 1986 3104; x_wconf 91' lang='lat' dir='ltr'><strong>nos</strong></span> <span class='ocrx_word' id='word_1_233' title='bbox 2008 3050 2157 3118; x_wconf 93' lang='lat' dir='ltr'><strong>quod</strong></span> <span class='ocrx_word' id='word_1_234' title='bbox 2189 3051 2292 3104; x_wconf 83' lang='lat' dir='ltr'><strong>vis.</strong></span> 
     </span>
    </p>
   </div>
   <div class='ocr_carea' id='block_1_34' title="bbox 2425 586 4002 673">
    <p class='ocr_par' dir='ltr' id='par_1_34' title="bbox 2425 586 4002 673">
     <span class='ocr_line' id='line_1_34' title="bbox 2425 586 4002 673; baseline 0.013 -34"><span class='ocrx_word' id='word_1_235' title='bbox 2425 586 2812 651; x_wconf 78' lang='grc' dir='ltr'>ἐξαπόστειλον</span> <span class='ocrx_word' id='word_1_236' title='bbox 2842 594 2974 663; x_wconf 76' lang='grc' dir='ltr'>ἡμῖν</span> <span class='ocrx_word' id='word_1_237' title='bbox 3002 595 3063 648; x_wconf 83' lang='grc' dir='ltr'>τὸ</span> <span class='ocrx_word' id='word_1_238' title='bbox 3095 597 3321 669; x_wconf 87' lang='grc' dir='ltr'>Πνεῦμὰ</span> <span class='ocrx_word' id='word_1_239' title='bbox 3360 618 3453 653; x_wconf 93' lang='grc' dir='ltr'><strong>σου</strong></span> <span class='ocrx_word' id='word_1_240' title='bbox 3492 603 3551 655; x_wconf 81' lang='grc' dir='ltr'>τὸ</span> <span class='ocrx_word' id='word_1_241' title='bbox 3582 606 3872 673; x_wconf 81' lang='grc' dir='ltr'>πανάγιον,</span> <span class='ocrx_word' id='word_1_242' title='bbox 3920 609 4002 661; x_wconf 77' lang='grc' dir='ltr'>ἵνα</span> 
     </span>
    </p>
   </div>
   <div class='ocr_carea' id='block_1_35' title="bbox 2423 682 4001 771">
    <p class='ocr_par' dir='ltr' id='par_1_35' title="bbox 2423 682 4001 771">
     <span class='ocr_line' id='line_1_35' title="bbox 2423 682 4001 771; baseline 0.013 -38"><span class='ocrx_word' id='word_1_243' title='bbox 2423 683 2481 733; x_wconf 72' lang='grc' dir='ltr'><strong>ἀν</strong></span> <span class='ocrx_word' id='word_1_244' title='bbox 2513 682 2661 753; x_wconf 85' lang='grc' dir='ltr'><strong>αὑτῷ</strong></span> <span class='ocrx_word' id='word_1_245' title='bbox 2690 686 3152 759; x_wconf 76' lang='grc' dir='ltr'>ἀγαλλιασῶμεθα</span> <span class='ocrx_word' id='word_1_246' title='bbox 3182 694 3276 744; x_wconf 79' lang='grc' dir='ltr'>καὶ</span> <span class='ocrx_word' id='word_1_247' title='bbox 3303 696 3724 766; x_wconf 85' lang='grc' dir='ltr'>εὐφρανθῶμεν,</span> <span class='ocrx_word' id='word_1_248' title='bbox 3741 702 3836 753; x_wconf 80' lang='grc' dir='ltr'>καὶ</span> <span class='ocrx_word' id='word_1_249' title='bbox 3857 702 4001 771; x_wconf 81' lang='grc' dir='ltr'>νική·</span> 
     </span>
    </p>
   </div>
   <div class='ocr_carea' id='block_1_36' title="bbox 2429 776 4001 861">
    <p class='ocr_par' dir='ltr' id='par_1_36' title="bbox 2429 776 4001 861">
     <span class='ocr_line' id='line_1_36' title="bbox 2429 776 4001 861; baseline 0.013 -35"><span class='ocrx_word' id='word_1_250' title='bbox 2429 791 2613 845; x_wconf 88' lang='grc' dir='ltr'>σωμεν</span> <span class='ocrx_word' id='word_1_251' title='bbox 2664 776 2763 839; x_wconf 89' lang='grc' dir='ltr'><strong>τάς</strong></span> <span class='ocrx_word' id='word_1_252' title='bbox 2797 783 3060 852; x_wconf 78' lang='grc' dir='ltr'><strong>πονηρίας</strong></span> <span class='ocrx_word' id='word_1_253' title='bbox 3098 789 3197 854; x_wconf 79' lang='grc' dir='ltr'>τῆς</span> <span class='ocrx_word' id='word_1_254' title='bbox 3232 787 3463 857; x_wconf 82' lang='grc' dir='ltr'><strong>πλάνης,</strong></span> <span class='ocrx_word' id='word_1_255' title='bbox 3493 792 3587 842; x_wconf 79' lang='grc' dir='ltr'>καὶ</span> <span class='ocrx_word' id='word_1_256' title='bbox 3611 791 3917 861; x_wconf 67' lang='grc' dir='ltr'>ὑψωθῶμεν</span> <span class='ocrx_word' id='word_1_257' title='bbox 3947 798 4001 847; x_wconf 74' lang='grc' dir='ltr'><strong>εν</strong></span> 
     </span>
    </p>
   </div>
   <div class='ocr_carea' id='block_1_37' title="bbox 2421 868 3999 951">
    <p class='ocr_par' dir='ltr' id='par_1_37' title="bbox 2421 868 3999 951">
     <span class='ocr_line' id='line_1_37' title="bbox 2421 868 3999 951; baseline 0.012 -32"><span class='ocrx_word' id='word_1_258' title='bbox 2421 870 2488 936; x_wconf 77' lang='grc' dir='ltr'>τῇ</span> <span class='ocrx_word' id='word_1_259' title='bbox 2515 868 2743 940; x_wconf 80' lang='grc' dir='ltr'><strong>ἀληθινῇ</strong></span> <span class='ocrx_word' id='word_1_260' title='bbox 2780 887 2875 925; x_wconf 86' lang='grc' dir='ltr'><strong>σου</strong></span> <span class='ocrx_word' id='word_1_261' title='bbox 2910 873 3088 927; x_wconf 79' lang='grc' dir='ltr'><strong>πίστει</strong></span> <span class='ocrx_word' id='word_1_262' title='bbox 3128 877 3218 929; x_wconf 87' lang='grc' dir='ltr'><strong>διά</strong></span> <span class='ocrx_word' id='word_1_263' title='bbox 3248 877 3343 931; x_wconf 89' lang='grc' dir='ltr'><strong>τοῦ</strong></span> <span class='ocrx_word' id='word_1_264' title='bbox 3376 881 3533 947; x_wconf 77' lang='grc' dir='ltr'>ἁγίου</span> <span class='ocrx_word' id='word_1_265' title='bbox 3562 882 3882 951; x_wconf 85' lang='grc' dir='ltr'>Πνεύματος</span> <span class='ocrx_word' id='word_1_266' title='bbox 3910 884 3999 938; x_wconf 88' lang='grc' dir='ltr'><strong>τοῦ</strong></span> 
     </span>
    </p>
   </div>
   <div class='ocr_carea' id='block_1_38' title="bbox 2423 959 3997 1046">
    <p class='ocr_par' dir='ltr' id='par_1_38' title="bbox 2423 959 3997 1046">
     <span class='ocr_line' id='line_1_38' title="bbox 2423 959 3997 1046; baseline 0.011 -35"><span class='ocrx_word' id='word_1_267' title='bbox 2423 959 2722 1026; x_wconf 83' lang='grc' dir='ltr'>λαλοῦντος</span> <span class='ocrx_word' id='word_1_268' title='bbox 2752 965 2812 1016; x_wconf 73' lang='grc' dir='ltr'>ὲν</span> <span class='ocrx_word' id='word_1_269' title='bbox 2842 962 3003 1035; x_wconf 71' lang='grc' dir='ltr'>ἡμῖν,</span> <span class='ocrx_word' id='word_1_270' title='bbox 3027 970 3172 1022; x_wconf 85' lang='grc' dir='ltr'><strong>κατὰ</strong></span> <span class='ocrx_word' id='word_1_271' title='bbox 3209 970 3307 1042; x_wconf 74' lang='grc' dir='ltr'><strong>τὴν</strong></span> <span class='ocrx_word' id='word_1_272' title='bbox 3335 974 3600 1046; x_wconf 81' lang='grc' dir='ltr'>ἀληθινήν</span> <span class='ocrx_word' id='word_1_273' title='bbox 3630 993 3723 1028; x_wconf 90' lang='grc' dir='ltr'><strong>σου</strong></span> <span class='ocrx_word' id='word_1_274' title='bbox 3763 980 3997 1044; x_wconf 75' lang='grc' dir='ltr'>ἐπαγγε-</span> 
     </span>
    </p>
   </div>
   <div class='ocr_carea' id='block_1_39' title="bbox 2421 1053 4000 1140">
    <p class='ocr_par' dir='ltr' id='par_1_39' title="bbox 2421 1053 4000 1140">
     <span class='ocr_line' id='line_1_39' title="bbox 2421 1053 4000 1140; baseline 0.01 -33"><span class='ocrx_word' id='word_1_275' title='bbox 2421 1053 2563 1118; x_wconf 85' lang='grc' dir='ltr'>λίαν,</span> <span class='ocrx_word' id='word_1_276' title='bbox 2584 1057 2679 1109; x_wconf 78' lang='grc' dir='ltr'>καὶ</span> <span class='ocrx_word' id='word_1_277' title='bbox 2707 1058 2829 1112; x_wconf 81' lang='grc' dir='ltr'>ἀντὶ</span> <span class='ocrx_word' id='word_1_278' title='bbox 2853 1060 2953 1131; x_wconf 82' lang='grc' dir='ltr'>τῆς</span> <span class='ocrx_word' id='word_1_279' title='bbox 2986 1060 3371 1132; x_wconf 76' lang='grc' dir='ltr'><strong>ἀναιρεθείσης</strong></span> <span class='ocrx_word' id='word_1_280' title='bbox 3395 1068 3665 1136; x_wconf 81' lang='grc' dir='ltr'><strong>κοσμικῆς</strong></span> <span class='ocrx_word' id='word_1_281' title='bbox 3687 1068 3851 1135; x_wconf 77' lang='grc' dir='ltr'>ἀξίας</span> <span class='ocrx_word' id='word_1_282' title='bbox 3873 1070 4000 1140; x_wconf 78' lang='grc' dir='ltr'>παρ’</span> 
     </span>
    </p>
   </div>
   <div class='ocr_carea' id='block_1_40' title="bbox 2419 1146 3998 1231">
    <p class='ocr_par' dir='ltr' id='par_1_40' title="bbox 2419 1146 3998 1231">
     <span class='ocr_line' id='line_1_40' title="bbox 2419 1146 3998 1231; baseline 0.011 -33"><span class='ocrx_word' id='word_1_283' title='bbox 2419 1146 2580 1217; x_wconf 77' lang='grc' dir='ltr'>ήμῶν</span> <span class='ocrx_word' id='word_1_284' title='bbox 2618 1146 2906 1220; x_wconf 88' lang='grc' dir='ltr'>γενώμεθα</span> <span class='ocrx_word' id='word_1_285' title='bbox 2952 1154 3289 1222; x_wconf 86' lang='grc' dir='ltr'>στρατιῶται</span> <span class='ocrx_word' id='word_1_286' title='bbox 3323 1158 3383 1209; x_wconf 69' lang='grc' dir='ltr'>ἐν</span> <span class='ocrx_word' id='word_1_287' title='bbox 3415 1157 3568 1231; x_wconf 80' lang='grc' dir='ltr'>πόλει</span> <span class='ocrx_word' id='word_1_288' title='bbox 3606 1161 3739 1231; x_wconf 82' lang='grc' dir='ltr'>ἁγίᾳ</span> <span class='ocrx_word' id='word_1_289' title='bbox 3774 1179 3895 1226; x_wconf 90' lang='grc' dir='ltr'>σου,</span> <span class='ocrx_word' id='word_1_290' title='bbox 3942 1164 3998 1215; x_wconf 72' lang='grc' dir='ltr'>ιν</span> 
     </span>
    </p>
   </div>
   <div class='ocr_carea' id='block_1_41' title="bbox 2418 1233 3998 1324">
    <p class='ocr_par' dir='ltr' id='par_1_41' title="bbox 2418 1233 3998 1324">
     <span class='ocr_line' id='line_1_41' title="bbox 2418 1233 3998 1324; baseline 0.011 -34"><span class='ocrx_word' id='word_1_291' title='bbox 2418 1233 2453 1312; x_wconf 75' lang='grc' dir='ltr'><strong>ᾖ</strong></span> <span class='ocrx_word' id='word_1_292' title='bbox 2482 1240 2896 1297; x_wconf 86' lang='grc' dir='ltr'>συνελεύσονταί</span> <span class='ocrx_word' id='word_1_293' title='bbox 2920 1261 3002 1298; x_wconf 92' lang='grc' dir='ltr'><strong>σοι</strong></span> <span class='ocrx_word' id='word_1_294' title='bbox 3026 1248 3228 1310; x_wconf 81' lang='grc' dir='ltr'>πάντες</span> <span class='ocrx_word' id='word_1_295' title='bbox 3249 1249 3299 1301; x_wconf 71' lang='lat' dir='ltr'><strong>oi</strong></span> <span class='ocrx_word' id='word_1_296' title='bbox 3334 1252 3694 1321; x_wconf 88' lang='grc' dir='ltr'>συναγόμενοι</span> <span class='ocrx_word' id='word_1_297' title='bbox 3719 1258 3786 1324; x_wconf 75' lang='grc' dir='ltr'>τῇ</span> <span class='ocrx_word' id='word_1_298' title='bbox 3817 1255 3998 1308; x_wconf 86' lang='grc' dir='ltr'>πίστει</span> 
     </span>
    </p>
   </div>
   <div class='ocr_carea' id='block_1_42' title="bbox 2417 1331 3997 1422">
    <p class='ocr_par' dir='ltr' id='par_1_42' title="bbox 2417 1331 3997 1422">
     <span class='ocr_line' id='line_1_42' title="bbox 2417 1331 3997 1422; baseline 0.013 -40"><span class='ocrx_word' id='word_1_299' title='bbox 2417 1331 2510 1384; x_wconf 86' lang='grc' dir='ltr'><strong>τοῦ</strong></span> <span class='ocrx_word' id='word_1_300' title='bbox 2550 1333 2791 1401; x_wconf 81' lang='grc' dir='ltr'>Χριστοῦ</span> <span class='ocrx_word' id='word_1_301' title='bbox 2836 1354 2954 1403; x_wconf 89' lang='grc' dir='ltr'>σου,</span> <span class='ocrx_word' id='word_1_302' title='bbox 2991 1340 3110 1409; x_wconf 90' lang='grc' dir='ltr'>μεθ’</span> <span class='ocrx_word' id='word_1_303' title='bbox 3148 1336 3211 1396; x_wconf 78' lang='grc' dir='ltr'><strong>οὗ</strong></span> <span class='ocrx_word' id='word_1_304' title='bbox 3242 1360 3325 1396; x_wconf 83' lang='grc' dir='ltr'><strong>σοι</strong></span> <span class='ocrx_word' id='word_1_305' title='bbox 3361 1345 3441 1415; x_wconf 86' lang='grc' dir='ltr'>τῷ</span> <span class='ocrx_word' id='word_1_306' title='bbox 3473 1347 3672 1414; x_wconf 80' lang='grc' dir='ltr'>Πατέρι</span> <span class='ocrx_word' id='word_1_307' title='bbox 3720 1351 3928 1418; x_wconf 81' lang='grc' dir='ltr'><strong>πρέπει</strong></span> <span class='ocrx_word' id='word_1_308' title='bbox 3966 1353 3997 1422; x_wconf 72' lang='grc' dir='ltr'>ἡ</span> 
     </span>
    </p>
   </div>
   <div class='ocr_carea' id='block_1_43' title="bbox 2414 1420 4000 1511">
    <p class='ocr_par' dir='ltr' id='par_1_43' title="bbox 2414 1420 4000 1511">
     <span class='ocr_line' id='line_1_43' title="bbox 2414 1420 4000 1511; baseline 0.013 -36"><span class='ocrx_word' id='word_1_309' title='bbox 2414 1420 2541 1490; x_wconf 77' lang='grc' dir='ltr'>δόξα</span> <span class='ocrx_word' id='word_1_310' title='bbox 2570 1427 2664 1478; x_wconf 84' lang='grc' dir='ltr'>καὶ</span> <span class='ocrx_word' id='word_1_311' title='bbox 2690 1428 2750 1478; x_wconf 77' lang='grc' dir='ltr'>τὸ</span> <span class='ocrx_word' id='word_1_312' title='bbox 2779 1427 2981 1499; x_wconf 85' lang='grc' dir='ltr'>κράτος</span> <span class='ocrx_word' id='word_1_313' title='bbox 3018 1433 3116 1484; x_wconf 79' lang='grc' dir='ltr'>σὺν</span> <span class='ocrx_word' id='word_1_314' title='bbox 3144 1432 3220 1502; x_wconf 85' lang='grc' dir='ltr'>τῷ</span> <span class='ocrx_word' id='word_1_315' title='bbox 3251 1435 3393 1506; x_wconf 84' lang='grc' dir='ltr'>ἁγίῳ</span> <span class='ocrx_word' id='word_1_316' title='bbox 3419 1438 3512 1491; x_wconf 73' lang='grc' dir='ltr'>καὶ</span> <span class='ocrx_word' id='word_1_317' title='bbox 3544 1438 3798 1511; x_wconf 79' lang='grc' dir='ltr'>ζωοποιῷ</span> <span class='ocrx_word' id='word_1_318' title='bbox 3828 1420 4000 1495; x_wconf 46' lang='grc' dir='ltr'><strong>Πνεύὲ</strong></span> 
     </span>
    </p>
   </div>
   <div class='ocr_carea' id='block_1_44' title="bbox 2420 1518 3310 1596">
    <p class='ocr_par' dir='ltr' id='par_1_44' title="bbox 2420 1518 3310 1596">
     <span class='ocr_line' id='line_1_44' title="bbox 2420 1518 3310 1596; baseline 0.016 -31"><span class='ocrx_word' id='word_1_319' title='bbox 2420 1531 2551 1582; x_wconf 91' lang='grc' dir='ltr'>ματι</span> <span class='ocrx_word' id='word_1_320' title='bbox 2584 1518 2667 1580; x_wconf 86' lang='grc' dir='ltr'><strong>είς</strong></span> <span class='ocrx_word' id='word_1_321' title='bbox 2696 1520 2823 1580; x_wconf 79' lang='grc' dir='ltr'>τοὺς</span> <span class='ocrx_word' id='word_1_322' title='bbox 2848 1520 3071 1583; x_wconf 76' lang='grc' dir='ltr'>αἰῶνας.</span> <span class='ocrx_word' id='word_1_323' title='bbox 3116 1525 3310 1596; x_wconf 80' lang='grc' dir='ltr'>Ἀμήν.</span> 
     </span>
    </p>
   </div>
   <div class='ocr_carea' id='block_1_45' title="bbox 2483 1693 3996 1785">
    <p class='ocr_par' dir='ltr' id='par_1_45' title="bbox 2483 1693 3996 1785">
     <span class='ocr_line' id='line_1_45' title="bbox 2483 1693 3996 1785; baseline 0.014 -38"><span class='ocrx_word' id='word_1_324' title='bbox 2483 1693 2565 1748; x_wconf 82' lang='lat' dir='ltr'><strong>H&#39;.</strong></span> <span class='ocrx_word' id='word_1_325' title='bbox 2598 1696 2706 1749; x_wconf 75' lang='grc' dir='ltr'>Καὶ</span> <span class='ocrx_word' id='word_1_326' title='bbox 2731 1699 2870 1764; x_wconf 87' lang='grc' dir='ltr'><strong>μετά</strong></span> <span class='ocrx_word' id='word_1_327' title='bbox 2914 1701 3012 1771; x_wconf 83' lang='grc' dir='ltr'>τὴν</span> <span class='ocrx_word' id='word_1_328' title='bbox 3058 1706 3452 1777; x_wconf 79' lang='grc' dir='ltr'>συμπλήρωσιν</span> <span class='ocrx_word' id='word_1_329' title='bbox 3485 1709 3596 1764; x_wconf 90' lang='grc' dir='ltr'><strong>τῶν</strong></span> <span class='ocrx_word' id='word_1_330' title='bbox 3639 1713 3809 1781; x_wconf 86' lang='grc' dir='ltr'>τριῶν</span> <span class='ocrx_word' id='word_1_331' title='bbox 3861 1716 3996 1785; x_wconf 74' lang='grc' dir='ltr'>ἡμε-</span> 
     </span>
    </p>
   </div>
   <div class='ocr_carea' id='block_1_46' title="bbox 2417 1782 3995 1864">
    <p class='ocr_par' dir='ltr' id='par_1_46' title="bbox 2417 1782 3995 1864">
     <span class='ocr_line' id='line_1_46' title="bbox 2417 1782 3995 1864; baseline 0.015 -29"><span class='ocrx_word' id='word_1_332' title='bbox 2417 1782 2527 1852; x_wconf 85' lang='grc' dir='ltr'><strong>ρῶν</strong></span> <span class='ocrx_word' id='word_1_333' title='bbox 2550 1787 2891 1855; x_wconf 81' lang='grc' dir='ltr'>προκαθίσας</span> <span class='ocrx_word' id='word_1_334' title='bbox 2922 1790 3086 1844; x_wconf 85' lang='grc' dir='ltr'>πὰλιν</span> <span class='ocrx_word' id='word_1_335' title='bbox 3112 1795 3143 1845; x_wconf 77' lang='grc' dir='ltr'>ὁ</span> <span class='ocrx_word' id='word_1_336' title='bbox 3171 1795 3516 1864; x_wconf 81' lang='grc' dir='ltr'>Μαξιμιανὸς</span> <span class='ocrx_word' id='word_1_337' title='bbox 3553 1802 3696 1855; x_wconf 82' lang='grc' dir='ltr'>κατὰ</span> <span class='ocrx_word' id='word_1_338' title='bbox 3718 1804 3808 1855; x_wconf 75' lang='grc' dir='ltr'><strong>τὸν</strong></span> <span class='ocrx_word' id='word_1_339' title='bbox 3832 1782 3995 1858; x_wconf 67' lang='grc' dir='ltr'>αὑτὸν</span> 
     </span>
    </p>
   </div>
   <div class='ocr_carea' id='block_1_47' title="bbox 2412 1877 3993 1967">
    <p class='ocr_par' dir='ltr' id='par_1_47' title="bbox 2412 1877 3993 1967">
     <span class='ocr_line' id='line_1_47' title="bbox 2412 1877 3993 1967; baseline 0.017 -42"><span class='ocrx_word' id='word_1_340' title='bbox 2412 1877 2575 1928; x_wconf 85' lang='grc' dir='ltr'>τόπον</span> <span class='ocrx_word' id='word_1_341' title='bbox 2603 1878 2703 1946; x_wconf 84' lang='grc' dir='ltr'>τῆς</span> <span class='ocrx_word' id='word_1_342' title='bbox 2716 1878 3017 1951; x_wconf 79' lang='grc' dir='ltr'>Ἀμαξικῆς</span> <span class='ocrx_word' id='word_1_343' title='bbox 3043 1885 3236 1956; x_wconf 84' lang='grc' dir='ltr'><strong>πύλης,</strong></span> <span class='ocrx_word' id='word_1_344' title='bbox 3258 1890 3674 1963; x_wconf 84' lang='grc' dir='ltr'>συνδραμούσης</span> <span class='ocrx_word' id='word_1_345' title='bbox 3698 1896 3793 1947; x_wconf 84' lang='grc' dir='ltr'>καὶ</span> <span class='ocrx_word' id='word_1_346' title='bbox 3814 1897 3993 1967; x_wconf 77' lang='grc' dir='ltr'>πάσης</span> 
     </span>
    </p>
   </div>
   <div class='ocr_carea' id='block_1_48' title="bbox 2411 1965 3994 2057">
    <p class='ocr_par' dir='ltr' id='par_1_48' title="bbox 2411 1965 3994 2057">
     <span class='ocr_line' id='line_1_48' title="bbox 2411 1965 3994 2057; baseline 0.015 -40"><span class='ocrx_word' id='word_1_347' title='bbox 2411 1965 2514 2035; x_wconf 85' lang='grc' dir='ltr'>τῆς</span> <span class='ocrx_word' id='word_1_348' title='bbox 2552 1968 2786 2035; x_wconf 85' lang='grc' dir='ltr'>πόλεως,</span> <span class='ocrx_word' id='word_1_349' title='bbox 2838 1972 3228 2043; x_wconf 75' lang='grc' dir='ltr'>μετεπέμψατο</span> <span class='ocrx_word' id='word_1_350' title='bbox 3262 1980 3391 2041; x_wconf 81' lang='grc' dir='ltr'>τοὺς</span> <span class='ocrx_word' id='word_1_351' title='bbox 3421 1982 3628 2047; x_wconf 83' lang='grc' dir='ltr'>ἁγίους.</span> <span class='ocrx_word' id='word_1_352' title='bbox 3668 1986 3729 2037; x_wconf 86' lang='grc' dir='ltr'><strong>Οί</strong></span> <span class='ocrx_word' id='word_1_353' title='bbox 3765 1985 3821 2037; x_wconf 64' lang='grc' dir='ltr'>δὲ</span> <span class='ocrx_word' id='word_1_354' title='bbox 3852 1965 3994 2057; x_wconf 82' lang='grc' dir='ltr'>παρ-</span> 
     </span>
    </p>
   </div>
   <div class='ocr_carea' id='block_1_49' title="bbox 2409 2058 3993 2148">
    <p class='ocr_par' dir='ltr' id='par_1_49' title="bbox 2409 2058 3993 2148">
     <span class='ocr_line' id='line_1_49' title="bbox 2409 2058 3993 2148; baseline 0.013 -37"><span class='ocrx_word' id='word_1_355' title='bbox 2409 2058 2678 2126; x_wconf 80' lang='grc' dir='ltr'>εγὲνοντο,</span> <span class='ocrx_word' id='word_1_356' title='bbox 2702 2062 3121 2131; x_wconf 44' lang='grc' dir='ltr'>ὲλκόμενοινὺπδ</span> <span class='ocrx_word' id='word_1_357' title='bbox 3149 2067 3259 2122; x_wconf 89' lang='grc' dir='ltr'><strong>τῶν</strong></span> <span class='ocrx_word' id='word_1_358' title='bbox 3277 2070 3597 2141; x_wconf 87' lang='grc' dir='ltr'>ὑπηρετῶν,</span> <span class='ocrx_word' id='word_1_359' title='bbox 3630 2078 3721 2127; x_wconf 77' lang='grc' dir='ltr'><strong>καὶ</strong></span> <span class='ocrx_word' id='word_1_360' title='bbox 3753 2078 3993 2148; x_wconf 81' lang='grc' dir='ltr'>ἔστησαν</span> 
     </span>
    </p>
   </div>
   <div class='ocr_carea' id='block_1_50' title="bbox 2410 2149 3993 2240">
    <p class='ocr_par' dir='ltr' id='par_1_50' title="bbox 2410 2149 3993 2240">
     <span class='ocr_line' id='line_1_50' title="bbox 2410 2149 3993 2240; baseline 0.014 -39"><span class='ocrx_word' id='word_1_361' title='bbox 2410 2149 2727 2219; x_wconf 79' lang='grc' dir='ltr'>ἔμπροσθεν</span> <span class='ocrx_word' id='word_1_362' title='bbox 2768 2152 2866 2207; x_wconf 86' lang='grc' dir='ltr'><strong>τοῦ</strong></span> <span class='ocrx_word' id='word_1_363' title='bbox 2914 2154 3236 2221; x_wconf 76' lang='grc' dir='ltr'>δυσσεϐοῦς.</span> <span class='ocrx_word' id='word_1_364' title='bbox 3280 2160 3338 2215; x_wconf 85' lang='lat'><strong>&#39;0</strong></span> <span class='ocrx_word' id='word_1_365' title='bbox 3376 2161 3434 2215; x_wconf 79' lang='grc' dir='ltr'>δὲ</span> <span class='ocrx_word' id='word_1_366' title='bbox 3474 2164 3862 2240; x_wconf 80' lang='grc' dir='ltr'>φιλανθρωπίᾳ</span> <span class='ocrx_word' id='word_1_367' title='bbox 3896 2170 3993 2239; x_wconf 75' lang='grc' dir='ltr'>τὴν</span> 
     </span>
    </p>
   </div>
   <div class='ocr_carea' id='block_1_51' title="bbox 2408 2242 3991 2330">
    <p class='ocr_par' dir='ltr' id='par_1_51' title="bbox 2408 2242 3991 2330">
     <span class='ocr_line' id='line_1_51' title="bbox 2408 2242 3991 2330; baseline 0.013 -34"><span class='ocrx_word' id='word_1_368' title='bbox 2408 2242 2639 2313; x_wconf 80' lang='grc' dir='ltr'>ἀπειλὴν</span> <span class='ocrx_word' id='word_1_369' title='bbox 2674 2246 2937 2315; x_wconf 85' lang='grc' dir='ltr'>κεράσας,</span> <span class='ocrx_word' id='word_1_370' title='bbox 2969 2249 3071 2320; x_wconf 76' lang='grc' dir='ltr'><strong>εφη</strong></span> <span class='ocrx_word' id='word_1_371' title='bbox 3119 2252 3257 2323; x_wconf 78' lang='grc' dir='ltr'>πρὸς</span> <span class='ocrx_word' id='word_1_372' title='bbox 3288 2256 3520 2321; x_wconf 82' lang='grc' dir='ltr'>αὐτούς·</span> <span class='ocrx_word' id='word_1_373' title='bbox 3560 2258 3682 2312; x_wconf 78' lang='grc' dir='ltr'><strong>Κάν</strong></span> <span class='ocrx_word' id='word_1_374' title='bbox 3726 2260 3825 2330; x_wconf 76' lang='grc' dir='ltr'><strong>ὀψε</strong></span> <span class='ocrx_word' id='word_1_375' title='bbox 3861 2279 3991 2316; x_wconf 81' lang='grc' dir='ltr'>ποτε</span> 
     </span>
    </p>
   </div>
   <div class='ocr_carea' id='block_1_52' title="bbox 2408 2333 3993 2422">
    <p class='ocr_par' dir='ltr' id='par_1_52' title="bbox 2408 2333 3993 2422">
     <span class='ocr_line' id='line_1_52' title="bbox 2408 2333 3993 2422; baseline 0.014 -36"><span class='ocrx_word' id='word_1_376' title='bbox 2408 2333 2469 2386; x_wconf 84' lang='grc' dir='ltr'>τὸ</span> <span class='ocrx_word' id='word_1_377' title='bbox 2505 2336 2784 2407; x_wconf 81' lang='grc' dir='ltr'>συμφέρον</span> <span class='ocrx_word' id='word_1_378' title='bbox 2808 2338 2942 2407; x_wconf 87' lang='grc' dir='ltr'>ὑμῖν</span> <span class='ocrx_word' id='word_1_379' title='bbox 2975 2342 3197 2409; x_wconf 85' lang='grc' dir='ltr'>μάθετε,</span> <span class='ocrx_word' id='word_1_380' title='bbox 3228 2340 3272 2398; x_wconf 79' lang='grc' dir='ltr'><strong>ὦ</strong></span> <span class='ocrx_word' id='word_1_381' title='bbox 3296 2348 3508 2418; x_wconf 85' lang='grc' dir='ltr'>ἀνδρες,</span> <span class='ocrx_word' id='word_1_382' title='bbox 3545 2352 3641 2404; x_wconf 79' lang='grc' dir='ltr'>καὶ</span> <span class='ocrx_word' id='word_1_383' title='bbox 3667 2354 3993 2422; x_wconf 86' lang='grc' dir='ltr'>προσελθόν-</span> 
     </span>
    </p>
   </div>
   <div class='ocr_carea' id='block_1_53' title="bbox 2407 2427 3991 2515">
    <p class='ocr_par' dir='ltr' id='par_1_53' title="bbox 2407 2427 3991 2515">
     <span class='ocr_line' id='line_1_53' title="bbox 2407 2427 3991 2515; baseline 0.016 -38"><span class='ocrx_word' id='word_1_384' title='bbox 2407 2443 2495 2489; x_wconf 85' lang='grc' dir='ltr'><strong>τες</strong></span> <span class='ocrx_word' id='word_1_385' title='bbox 2526 2427 2725 2482; x_wconf 83' lang='grc' dir='ltr'>θύσατε</span> <span class='ocrx_word' id='word_1_386' title='bbox 2769 2435 2881 2493; x_wconf 78' lang='grc' dir='ltr'>τοῖς</span> <span class='ocrx_word' id='word_1_387' title='bbox 2919 2433 3082 2500; x_wconf 81' lang='grc' dir='ltr'>θεοῖς,</span> <span class='ocrx_word' id='word_1_388' title='bbox 3116 2438 3210 2490; x_wconf 72' lang='grc' dir='ltr'>καὶ</span> <span class='ocrx_word' id='word_1_389' title='bbox 3247 2440 3551 2510; x_wconf 77' lang='grc' dir='ltr'>κομίσασθε</span> <span class='ocrx_word' id='word_1_390' title='bbox 3583 2446 3683 2515; x_wconf 70' lang='grc' dir='ltr'>τὴν</span> <span class='ocrx_word' id='word_1_391' title='bbox 3715 2446 3864 2515; x_wconf 71' lang='grc' dir='ltr'>ζωὴν</span> <span class='ocrx_word' id='word_1_392' title='bbox 3895 2450 3991 2501; x_wconf 75' lang='grc' dir='ltr'>καὶ</span> 
     </span>
    </p>
   </div>
   <div class='ocr_carea' id='block_1_54' title="bbox 2410 2516 3989 2601">
    <p class='ocr_par' dir='ltr' id='par_1_54' title="bbox 2410 2516 3989 2601">
     <span class='ocr_line' id='line_1_54' title="bbox 2410 2516 3989 2601; baseline 0.015 -32"><span class='ocrx_word' id='word_1_393' title='bbox 2410 2516 2484 2589; x_wconf 78' lang='grc' dir='ltr'>μὴ</span> <span class='ocrx_word' id='word_1_394' title='bbox 2515 2520 2606 2573; x_wconf 87' lang='grc' dir='ltr'>τὸν</span> <span class='ocrx_word' id='word_1_395' title='bbox 2642 2524 2843 2591; x_wconf 85' lang='grc' dir='ltr'>πικρὸν</span> <span class='ocrx_word' id='word_1_396' title='bbox 2876 2525 3127 2585; x_wconf 84' lang='grc' dir='ltr'>θάνατον.</span> <span class='ocrx_word' id='word_1_397' title='bbox 3165 2532 3225 2585; x_wconf 77' lang='lat' dir='ltr'><strong>Oi</strong></span> <span class='ocrx_word' id='word_1_398' title='bbox 3262 2532 3407 2600; x_wconf 82' lang='grc' dir='ltr'>ἁγιοι</span> <span class='ocrx_word' id='word_1_399' title='bbox 3452 2530 3640 2589; x_wconf 75' lang='grc' dir='ltr'><strong>εῐπον⁸</strong></span> <span class='ocrx_word' id='word_1_400' title='bbox 3681 2537 3854 2591; x_wconf 87' lang='grc' dir='ltr'>Τοῦτο</span> <span class='ocrx_word' id='word_1_401' title='bbox 3894 2558 3989 2601; x_wconf 82' lang='grc' dir='ltr'>κατ</span> 
     </span>
    </p>
   </div>
   <div class='ocr_carea' id='block_1_55' title="bbox 2404 2608 3987 2697">
    <p class='ocr_par' dir='ltr' id='par_1_55' title="bbox 2404 2608 3987 2697">
     <span class='ocr_line' id='line_1_55' title="bbox 2404 2608 3987 2697; baseline 0.014 -39"><span class='ocrx_word' id='word_1_402' title='bbox 2404 2608 2513 2671; x_wconf 87' lang='grc' dir='ltr'><strong>λῶς</strong></span> <span class='ocrx_word' id='word_1_403' title='bbox 2539 2610 3007 2682; x_wconf 72' lang='grc' dir='ltr'>ἐϐουλευσάμεθα,</span> <span class='ocrx_word' id='word_1_404' title='bbox 3034 2616 3273 2686; x_wconf 82' lang='grc' dir='ltr'>βασιλεῦ,</span> <span class='ocrx_word' id='word_1_405' title='bbox 3298 2622 3398 2690; x_wconf 85' lang='grc' dir='ltr'>τὴν</span> <span class='ocrx_word' id='word_1_406' title='bbox 3422 2625 3753 2695; x_wconf 81' lang='grc' dir='ltr'>πρόσκαιρον</span> <span class='ocrx_word' id='word_1_407' title='bbox 3781 2626 3987 2697; x_wconf 85' lang='grc' dir='ltr'>ταύτην</span> 
     </span>
    </p>
   </div>
   <div class='ocr_carea' id='block_1_56' title="bbox 2406 2696 3988 2784">
    <p class='ocr_par' dir='ltr' id='par_1_56' title="bbox 2406 2696 3988 2784">
     <span class='ocr_line' id='line_1_56' title="bbox 2406 2696 3988 2784; baseline 0.015 -35"><span class='ocrx_word' id='word_1_408' title='bbox 2406 2696 2551 2769; x_wconf 82' lang='grc' dir='ltr'>ζωὴν</span> <span class='ocrx_word' id='word_1_409' title='bbox 2575 2702 2823 2771; x_wconf 80' lang='grc' dir='ltr'>μισῆσαι,</span> <span class='ocrx_word' id='word_1_410' title='bbox 2849 2707 3133 2774; x_wconf 78' lang='grc' dir='ltr'>ἀγαπῆσαι</span> <span class='ocrx_word' id='word_1_411' title='bbox 3162 2710 3217 2763; x_wconf 83' lang='grc' dir='ltr'>δὲ</span> <span class='ocrx_word' id='word_1_412' title='bbox 3248 2712 3339 2764; x_wconf 82' lang='grc' dir='ltr'>τὸν</span> <span class='ocrx_word' id='word_1_413' title='bbox 3369 2717 3732 2784; x_wconf 87' lang='grc' dir='ltr'>προκείμενον</span> <span class='ocrx_word' id='word_1_414' title='bbox 3755 2696 3988 2772; x_wconf 81' lang='grc' dir='ltr'>θάνατον</span> 
     </span>
    </p>
   </div>
   <div class='ocr_carea' id='block_1_57' title="bbox 2403 2789 3985 2877">
    <p class='ocr_par' dir='ltr' id='par_1_57' title="bbox 2403 2789 3985 2877">
     <span class='ocr_line' id='line_1_57' title="bbox 2403 2789 3985 2877; baseline 0.015 -36"><span class='ocrx_word' id='word_1_415' title='bbox 2403 2789 2490 2842; x_wconf 81' lang='grc' dir='ltr'>διὰ</span> <span class='ocrx_word' id='word_1_416' title='bbox 2521 2793 2614 2843; x_wconf 81' lang='grc' dir='ltr'><strong>τὸν</strong></span> <span class='ocrx_word' id='word_1_417' title='bbox 2635 2794 2714 2857; x_wconf 85' lang='grc' dir='ltr'><strong>είς</strong></span> <span class='ocrx_word' id='word_1_418' title='bbox 2738 2796 2972 2866; x_wconf 82' lang='grc' dir='ltr'>Χριστὸν</span> <span class='ocrx_word' id='word_1_419' title='bbox 3001 2800 3163 2854; x_wconf 89' lang='grc' dir='ltr'>πόθον</span> <span class='ocrx_word' id='word_1_420' title='bbox 3182 2815 3196 2830; x_wconf 77' lang='grc'><strong><em>⁸</em></strong></span> <span class='ocrx_word' id='word_1_421' title='bbox 3222 2802 3514 2875; x_wconf 75' lang='grc' dir='ltr'>ἐλπίζομεν</span> <span class='ocrx_word' id='word_1_422' title='bbox 3564 2810 3672 2877; x_wconf 80' lang='grc' dir='ltr'>γὰρ</span> <span class='ocrx_word' id='word_1_423' title='bbox 3720 2810 3789 2861; x_wconf 84' lang='grc' dir='ltr'>δι’</span> <span class='ocrx_word' id='word_1_424' title='bbox 3819 2812 3985 2865; x_wconf 82' lang='grc' dir='ltr'>αὑτοῦ</span> 
     </span>
    </p>
   </div>
   <div class='ocr_carea' id='block_1_58' title="bbox 2403 2882 3985 2962">
    <p class='ocr_par' dir='ltr' id='par_1_58' title="bbox 2403 2882 3985 2962">
     <span class='ocr_line' id='line_1_58' title="bbox 2403 2882 3985 2962; baseline 0.015 -29"><span class='ocrx_word' id='word_1_425' title='bbox 2403 2882 2662 2952; x_wconf 72' lang='grc' dir='ltr'>κερδᾶναι</span> <span class='ocrx_word' id='word_1_426' title='bbox 2713 2886 2814 2958; x_wconf 87' lang='grc' dir='ltr'>τὴν</span> <span class='ocrx_word' id='word_1_427' title='bbox 2862 2887 3011 2961; x_wconf 75' lang='grc' dir='ltr'>ζωὴν</span> <span class='ocrx_word' id='word_1_428' title='bbox 3060 2894 3158 2962; x_wconf 83' lang='grc' dir='ltr'>τὴν</span> <span class='ocrx_word' id='word_1_429' title='bbox 3197 2894 3436 2950; x_wconf 74' lang='grc' dir='ltr'>αἰώνιον.</span> <span class='ocrx_word' id='word_1_430' title='bbox 3477 2899 3683 2953; x_wconf 74' lang='grc' dir='ltr'>Λοιπὸν</span> <span class='ocrx_word' id='word_1_431' title='bbox 3711 2900 3808 2954; x_wconf 81' lang='grc' dir='ltr'>οὖν</span> <span class='ocrx_word' id='word_1_432' title='bbox 3841 2904 3985 2956; x_wconf 80' lang='grc' dir='ltr'>ποίει</span> 
     </span>
    </p>
   </div>
   <div class='ocr_carea' id='block_1_59' title="bbox 2402 2976 3985 3063">
    <p class='ocr_par' dir='ltr' id='par_1_59' title="bbox 2402 2976 3985 3063">
     <span class='ocr_line' id='line_1_59' title="bbox 2402 2976 3985 3063; baseline 0.015 -38"><span class='ocrx_word' id='word_1_433' title='bbox 2402 2976 2685 3045; x_wconf 87' lang='grc' dir='ltr'>συντόμως</span> <span class='ocrx_word' id='word_1_434' title='bbox 2719 2981 2747 3033; x_wconf 82' lang='grc' dir='ltr'><strong>ὃ</strong></span> <span class='ocrx_word' id='word_1_435' title='bbox 2778 2981 2994 3049; x_wconf 79' lang='grc' dir='ltr'>βούλειο</span> <span class='ocrx_word' id='word_1_436' title='bbox 3030 2986 3188 3053; x_wconf 77' lang='grc' dir='ltr'>ἡμεῖς</span> <span class='ocrx_word' id='word_1_437' title='bbox 3232 2989 3340 3059; x_wconf 86' lang='grc' dir='ltr'><strong>γὰρ</strong></span> <span class='ocrx_word' id='word_1_438' title='bbox 3386 2991 3487 3045; x_wconf 86' lang='grc' dir='ltr'>οὐκ</span> <span class='ocrx_word' id='word_1_439' title='bbox 3528 2992 3842 3063; x_wconf 80' lang='grc' dir='ltr'>ἀρνούμεθα</span> <span class='ocrx_word' id='word_1_440' title='bbox 3891 2997 3985 3048; x_wconf 81' lang='grc' dir='ltr'>τὸν</span> 
     </span>
    </p>
   </div>
   <div class='ocr_carea' id='block_1_60' title="bbox 2401 3065 3980 3157">
    <p class='ocr_par' dir='ltr' id='par_1_60' title="bbox 2401 3065 3980 3157">
     <span class='ocr_line' id='line_1_60' title="bbox 2401 3065 3980 3157; baseline 0.013 -38"><span class='ocrx_word' id='word_1_441' title='bbox 2401 3065 2533 3119; x_wconf 85' lang='grc' dir='ltr'>Θεὸν</span> <span class='ocrx_word' id='word_1_442' title='bbox 2564 3070 2744 3137; x_wconf 76' lang='grc' dir='ltr'>ἡμῶν,</span> <span class='ocrx_word' id='word_1_443' title='bbox 2794 3073 2916 3126; x_wconf 81' lang='grc' dir='ltr'>οὐδὲ</span> <span class='ocrx_word' id='word_1_444' title='bbox 2953 3074 3076 3138; x_wconf 85' lang='grc' dir='ltr'>τοὺς</span> <span class='ocrx_word' id='word_1_445' title='bbox 3102 3077 3363 3146; x_wconf 84' lang='grc' dir='ltr'>δαίμονάς</span> <span class='ocrx_word' id='word_1_446' title='bbox 3401 3097 3496 3135; x_wconf 86' lang='grc' dir='ltr'><strong>σου</strong></span> <span class='ocrx_word' id='word_1_447' title='bbox 3529 3087 3943 3157; x_wconf 75' lang='grc' dir='ltr'>προσκυνοῦμεν</span> <span class='ocrx_word' id='word_1_448' title='bbox 3963 3104 3980 3119; x_wconf 91' lang='grc'><strong>·</strong></span> 
     </span>
    </p>
   </div>
   <div class='ocr_carea' id='block_1_61' title="bbox 710 3138 2340 3243">
    <p class='ocr_par' dir='ltr' id='par_1_61' title="bbox 710 3138 2340 3232">
     <span class='ocr_line' id='line_1_61' title="bbox 710 3138 2340 3232; baseline -0.001 -34"><span class='ocrx_word' id='word_1_449' title='bbox 710 3138 834 3198; x_wconf 62' lang='grc' dir='ltr'><strong>¹Νοες</strong></span> <span class='ocrx_word' id='word_1_450' title='bbox 897 3144 1043 3196; x_wconf 89' lang='lat' dir='ltr'><strong>enim</strong></span> <span class='ocrx_word' id='word_1_451' title='bbox 1100 3157 1209 3194; x_wconf 88' lang='lat' dir='ltr'><strong>non</strong></span> <span class='ocrx_word' id='word_1_452' title='bbox 1266 3154 1531 3209; x_wconf 85' lang='lat' dir='ltr'><strong>negamus</strong></span> <span class='ocrx_word' id='word_1_453' title='bbox 1587 3140 1758 3193; x_wconf 90' lang='lat' dir='ltr'><strong>Deum</strong></span> <span class='ocrx_word' id='word_1_454' title='bbox 1804 3150 2076 3205; x_wconf 89' lang='lat' dir='ltr'><strong>nostrum,</strong></span> <span class='ocrx_word' id='word_1_455' title='bbox 2111 3156 2340 3232; x_wconf 55' lang='lat' dir='ltr'><strong>ncque‘</strong></span> 
     </span>
    </p>
   </div>
   <div class='ocr_carea' id='block_1_62' title="bbox 2374 3138 3981 3243">
    <p class='ocr_par' dir='ltr' id='par_1_62' title="bbox 2399 3138 3981 3243">
     <span class='ocr_line' id='line_1_62' title="bbox 2399 3138 3981 3243; baseline 0.016 -34"><span class='ocrx_word' id='word_1_456' title='bbox 2399 3157 2458 3210; x_wconf 81' lang='grc' dir='ltr'>ὲν</span> <span class='ocrx_word' id='word_1_457' title='bbox 2483 3159 2592 3230; x_wconf 75' lang='grc' dir='ltr'><strong>γὰρ</strong></span> <span class='ocrx_word' id='word_1_458' title='bbox 2620 3164 2685 3233; x_wconf 80' lang='grc' dir='ltr'>τῇ</span> <span class='ocrx_word' id='word_1_459' title='bbox 2719 3167 3045 3235; x_wconf 79' lang='grc' dir='ltr'>κατακρίσει</span> <span class='ocrx_word' id='word_1_460' title='bbox 3083 3168 3175 3222; x_wconf 89' lang='grc' dir='ltr'><strong>τοῦ</strong></span> <span class='ocrx_word' id='word_1_461' title='bbox 3194 3138 3544 3243; x_wconf 42' lang='grc' dir='ltr'>’προσκαίρου</span> <span class='ocrx_word' id='word_1_462' title='bbox 3574 3138 3775 3231; x_wconf 49' lang='grc' dir='ltr'>’τούτου</span> <span class='ocrx_word' id='word_1_463' title='bbox 3814 3138 3981 3233; x_wconf 42' lang='lat' dir='ltr'><strong>sata-</strong></span> 
     </span>
    </p>
   </div>
   <div class='ocr_carea' id='block_1_63' title="bbox 724 3228 2293 3300">
    <p class='ocr_par' dir='ltr' id='par_1_63' title="bbox 724 3228 2293 3300">
     <span class='ocr_line' id='line_1_63' title="bbox 724 3228 2293 3300; baseline -0.001 -12"><span class='ocrx_word' id='word_1_464' title='bbox 724 3234 999 3289; x_wconf 78' lang='lat' dir='ltr'><strong>dat-mones</strong></span> <span class='ocrx_word' id='word_1_465' title='bbox 1030 3242 1153 3287; x_wconf 89' lang='lat' dir='ltr'><strong>tuos</strong></span> <span class='ocrx_word' id='word_1_466' title='bbox 1212 3246 1453 3300; x_wconf 80' lang='lat' dir='ltr'><strong>unquam</strong></span> <span class='ocrx_word' id='word_1_467' title='bbox 1495 3228 1869 3285; x_wconf 92' lang='lat' dir='ltr'><strong>adorabimus.</strong></span> <span class='ocrx_word' id='word_1_468' title='bbox 1897 3230 2033 3286; x_wconf 87' lang='lat' dir='ltr'><strong>Nam</strong></span> <span class='ocrx_word' id='word_1_469' title='bbox 2070 3232 2125 3286; x_wconf 89' lang='lat' dir='ltr'><strong>in</strong></span> <span class='ocrx_word' id='word_1_470' title='bbox 2159 3249 2293 3287; x_wconf 83' lang='lat' dir='ltr'><strong>con-</strong></span> 
     </span>
    </p>
   </div>
   <div class='ocr_carea' id='block_1_64' title="bbox 699 3321 2296 3395">
    <p class='ocr_par' dir='ltr' id='par_1_64' title="bbox 699 3321 2296 3395">
     <span class='ocr_line' id='line_1_64' title="bbox 699 3321 2296 3395; baseline -0.001 -14"><span class='ocrx_word' id='word_1_471' title='bbox 699 3328 1069 3381; x_wconf 74' lang='lat' dir='ltr'><strong>&#39;dcmnatione</strong></span> <span class='ocrx_word' id='word_1_472' title='bbox 1097 3324 1261 3394; x_wconf 82' lang='lat' dir='ltr'><strong>hujus</strong></span> <span class='ocrx_word' id='word_1_473' title='bbox 1293 3321 1507 3384; x_wconf 89' lang='lat' dir='ltr'><strong>mortis,</strong></span> <span class='ocrx_word' id='word_1_474' title='bbox 1526 3337 1647 3391; x_wconf 65' lang='lat' dir='ltr'><strong>quae</strong></span> <span class='ocrx_word' id='word_1_475' title='bbox 1676 3332 1760 3377; x_wconf 90' lang='lat' dir='ltr'><strong>est</strong></span> <span class='ocrx_word' id='word_1_476' title='bbox 1790 3324 1855 3378; x_wconf 88' lang='lat' dir='ltr'><strong>ad</strong></span> <span class='ocrx_word' id='word_1_477' title='bbox 1889 3334 2128 3395; x_wconf 88' lang='lat' dir='ltr'><strong>tempus,</strong></span> <span class='ocrx_word' id='word_1_478' title='bbox 2156 3326 2296 3381; x_wconf 84' lang='lat' dir='ltr'><strong>libe-</strong></span> 
     </span>
    </p>
   </div>
   <div class='ocr_carea' id='block_1_65' title="bbox 721 3410 2293 3470">
    <p class='ocr_par' dir='ltr' id='par_1_65' title="bbox 721 3410 2293 3470">
     <span class='ocr_line' id='line_1_65' title="bbox 721 3410 2293 3470; baseline 0 -2"><span class='ocrx_word' id='word_1_479' title='bbox 721 3428 907 3468; x_wconf 89' lang='lat' dir='ltr'><strong>ramur</strong></span> <span class='ocrx_word' id='word_1_480' title='bbox 931 3412 999 3466; x_wconf 88' lang='lat' dir='ltr'><strong>ab</strong></span> <span class='ocrx_word' id='word_1_481' title='bbox 1033 3420 1236 3465; x_wconf 62' lang='lat' dir='ltr'><strong>aeterna</strong></span> <span class='ocrx_word' id='word_1_482' title='bbox 1289 3410 1767 3467; x_wconf 87' lang='lat' dir='ltr'><strong>condemnatione.</strong></span> <span class='ocrx_word' id='word_1_483' title='bbox 1798 3412 1924 3467; x_wconf 73' lang='lat' dir='ltr'><strong>Haec</strong></span> <span class='ocrx_word' id='word_1_484' title='bbox 1955 3430 2080 3469; x_wconf 91' lang='lat' dir='ltr'><strong>cum</strong></span> <span class='ocrx_word' id='word_1_485' title='bbox 2124 3416 2293 3470; x_wconf 59' lang='lat' dir='ltr'><strong>dixis.</strong></span> 
     </span>
    </p>
   </div>
   <div class='ocr_carea' id='block_1_66' title="bbox 716 3502 2291 3573">
    <p class='ocr_par' dir='ltr' id='par_1_66' title="bbox 716 3502 2291 3573">
     <span class='ocr_line' id='line_1_66' title="bbox 716 3502 2291 3573; baseline 0.001 -13"><span class='ocrx_word' id='word_1_486' title='bbox 716 3515 838 3565; x_wconf 79' lang='lat' dir='ltr'><strong>sent</strong></span> <span class='ocrx_word' id='word_1_487' title='bbox 892 3504 1065 3560; x_wconf 86' lang='lat' dir='ltr'><strong>sancti</strong></span> <span class='ocrx_word' id='word_1_488' title='bbox 1122 3514 1409 3572; x_wconf 85' lang='lat' dir='ltr'><strong>martyres,</strong></span> <span class='ocrx_word' id='word_1_489' title='bbox 1446 3502 1639 3555; x_wconf 88' lang='lat' dir='ltr'><strong>videns</strong></span> <span class='ocrx_word' id='word_1_490' title='bbox 1668 3512 1930 3573; x_wconf 87' lang='lat' dir='ltr'><strong>tyrannus</strong></span> <span class='ocrx_word' id='word_1_491' title='bbox 1989 3505 2042 3558; x_wconf 92' lang='lat' dir='ltr'><strong>in</strong></span> <span class='ocrx_word' id='word_1_492' title='bbox 2110 3507 2291 3561; x_wconf 77' lang='lat' dir='ltr'><strong>medio</strong></span> 
     </span>
    </p>
   </div>
   <div class='ocr_carea' id='block_1_67' title="bbox 718 3593 2287 3669">
    <p class='ocr_par' dir='ltr' id='par_1_67' title="bbox 718 3593 2287 3669">
     <span class='ocr_line' id='line_1_67' title="bbox 718 3593 2287 3669; baseline 0 -14"><span class='ocrx_word' id='word_1_493' title='bbox 718 3612 907 3656; x_wconf 87' lang='lat' dir='ltr'><strong>eorum</strong></span> <span class='ocrx_word' id='word_1_494' title='bbox 931 3596 1334 3650; x_wconf 89' lang='lat' dir='ltr'><strong>adolescentem</strong></span> <span class='ocrx_word' id='word_1_495' title='bbox 1362 3593 1498 3648; x_wconf 81' lang='lat' dir='ltr'><strong>dixit</strong></span> <span class='ocrx_word' id='word_1_496' title='bbox 1524 3595 1572 3648; x_wconf 88' lang='lat' dir='ltr'><strong>ei</strong></span> <span class='ocrx_word' id='word_1_497' title='bbox 1604 3612 1616 3649; x_wconf 91' lang='lat'><strong>:</strong></span> <span class='ocrx_word' id='word_1_498' title='bbox 1646 3596 1761 3659; x_wconf 90' lang='lat' dir='ltr'><strong>Dic,</strong></span> <span class='ocrx_word' id='word_1_499' title='bbox 1785 3595 2287 3669; x_wconf 88' lang='lat' dir='ltr'><strong>adolescens,quod</strong></span> 
     </span>
    </p>
   </div>
   <div class='ocr_carea' id='block_1_68' title="bbox 714 3689 2287 3757">
    <p class='ocr_par' dir='ltr' id='par_1_68' title="bbox 714 3689 2287 3757">
     <span class='ocr_line' id='line_1_68' title="bbox 714 3689 2287 3757; baseline 0.001 -11"><span class='ocrx_word' id='word_1_500' title='bbox 714 3701 799 3746; x_wconf 86' lang='lat' dir='ltr'><strong>est</strong></span> <span class='ocrx_word' id='word_1_501' title='bbox 842 3691 938 3743; x_wconf 89' lang='lat' dir='ltr'><strong>tibi</strong></span> <span class='ocrx_word' id='word_1_502' title='bbox 990 3704 1212 3751; x_wconf 82' lang='lat' dir='ltr'><strong>nomen,</strong></span> <span class='ocrx_word' id='word_1_503' title='bbox 1248 3699 1303 3742; x_wconf 92' lang='lat' dir='ltr'><strong>ct</strong></span> <span class='ocrx_word' id='word_1_504' title='bbox 1363 3689 1517 3756; x_wconf 87' lang='lat' dir='ltr'><strong>cujas</strong></span> <span class='ocrx_word' id='word_1_505' title='bbox 1549 3702 1609 3741; x_wconf 92' lang='lat' dir='ltr'><strong>es</strong></span> <span class='ocrx_word' id='word_1_506' title='bbox 1637 3689 1877 3757; x_wconf 82' lang='lat' dir='ltr'><strong>genere?</strong></span> <span class='ocrx_word' id='word_1_507' title='bbox 1906 3690 2051 3744; x_wconf 83' lang='lat' dir='ltr'><strong>Dixit</strong></span> <span class='ocrx_word' id='word_1_508' title='bbox 2103 3694 2287 3747; x_wconf 90' lang='lat' dir='ltr'><strong>adole-</strong></span> 
     </span>
    </p>
   </div>
   <div class='ocr_carea' id='block_1_69' title="bbox 712 3779 2285 3849">
    <p class='ocr_par' dir='ltr' id='par_1_69' title="bbox 712 3779 2285 3849">
     <span class='ocr_line' id='line_1_69' title="bbox 712 3779 2285 3849; baseline 0 -10"><span class='ocrx_word' id='word_1_509' title='bbox 712 3799 874 3839; x_wconf 80' lang='lat' dir='ltr'><strong>scens</strong></span> <span class='ocrx_word' id='word_1_510' title='bbox 904 3801 917 3837; x_wconf 90' lang='lat'><strong>:</strong></span> <span class='ocrx_word' id='word_1_511' title='bbox 948 3781 1214 3837; x_wconf 88' lang='lat' dir='ltr'><strong>Nominor</strong></span> <span class='ocrx_word' id='word_1_512' title='bbox 1244 3780 1465 3849; x_wconf 86' lang='lat' dir='ltr'><strong>quidem</strong></span> <span class='ocrx_word' id='word_1_513' title='bbox 1506 3779 1797 3846; x_wconf 89' lang='lat' dir='ltr'><strong>Photinus,</strong></span> <span class='ocrx_word' id='word_1_514' title='bbox 1824 3796 1854 3836; x_wconf 91' lang='lat' dir='ltr'><strong>a</strong></span> <span class='ocrx_word' id='word_1_515' title='bbox 1883 3797 2011 3834; x_wconf 89' lang='lat' dir='ltr'><strong>vera</strong></span> <span class='ocrx_word' id='word_1_516' title='bbox 2042 3782 2164 3838; x_wconf 88' lang='lat' dir='ltr'><strong>luce</strong></span> <span class='ocrx_word' id='word_1_517' title='bbox 2194 3798 2285 3838; x_wconf 86' lang='lat' dir='ltr'><strong>ac-</strong></span> 
     </span>
    </p>
   </div>
   <div class='ocr_carea' id='block_1_70' title="bbox 711 3867 2284 3947">
    <p class='ocr_par' dir='ltr' id='par_1_70' title="bbox 711 3867 2284 3947">
     <span class='ocr_line' id='line_1_70' title="bbox 711 3867 2284 3947; baseline -0.009 -15"><span class='ocrx_word' id='word_1_518' title='bbox 711 3888 871 3947; x_wconf 87' lang='lat' dir='ltr'><strong>cepto</strong></span> <span class='ocrx_word' id='word_1_519' title='bbox 920 3876 1163 3931; x_wconf 88' lang='lat' dir='ltr'><strong>nomine.</strong></span> <span class='ocrx_word' id='word_1_520' title='bbox 1197 3875 1327 3927; x_wconf 87' lang='lat' dir='ltr'><strong>Sum</strong></span> <span class='ocrx_word' id='word_1_521' title='bbox 1359 3882 1542 3926; x_wconf 89' lang='lat' dir='ltr'><strong>autem</strong></span> <span class='ocrx_word' id='word_1_522' title='bbox 1603 3872 1761 3925; x_wconf 87' lang='lat' dir='ltr'><strong>miles</strong></span> <span class='ocrx_word' id='word_1_523' title='bbox 1787 3871 2014 3939; x_wconf 87' lang='lat' dir='ltr'><strong>Christi,</strong></span> <span class='ocrx_word' id='word_1_524' title='bbox 2048 3879 2142 3944; x_wconf 89' lang='lat' dir='ltr'><strong>qui</strong></span> <span class='ocrx_word' id='word_1_525' title='bbox 2180 3867 2284 3947; x_wconf 69' lang='lat' dir='ltr'><strong>ph-</strong></span> 
     </span>
    </p>
   </div>
   <div class='ocr_carea' id='block_1_71' title="bbox 710 3964 2295 4039">
    <p class='ocr_par' dir='ltr' id='par_1_71' title="bbox 710 3964 2295 4039">
     <span class='ocr_line' id='line_1_71' title="bbox 710 3964 2295 4039; baseline 0.002 -18"><span class='ocrx_word' id='word_1_526' title='bbox 710 3966 844 4021; x_wconf 86' lang='lat' dir='ltr'><strong>dore</strong></span> <span class='ocrx_word' id='word_1_527' title='bbox 878 3966 1059 4020; x_wconf 72' lang='lat' dir='ltr'><strong>affecit</strong></span> <span class='ocrx_word' id='word_1_528' title='bbox 1088 3974 1295 4034; x_wconf 87' lang='lat' dir='ltr'><strong>patrem</strong></span> <span class='ocrx_word' id='word_1_529' title='bbox 1335 3976 1485 4018; x_wconf 92' lang='lat' dir='ltr'><strong>tuum</strong></span> <span class='ocrx_word' id='word_1_530' title='bbox 1525 3964 1802 4020; x_wconf 90' lang='lat' dir='ltr'><strong>Satanam.</strong></span> <span class='ocrx_word' id='word_1_531' title='bbox 1840 3966 1907 4019; x_wconf 90' lang='lat' dir='ltr'><strong>Et</strong></span> <span class='ocrx_word' id='word_1_532' title='bbox 1936 3982 2055 4021; x_wconf 93' lang='lat' dir='ltr'><strong>sum</strong></span> <span class='ocrx_word' id='word_1_533' title='bbox 2080 3985 2295 4039; x_wconf 87' lang='lat' dir='ltr'><strong>genere</strong></span> 
     </span>
    </p>
   </div>
   <div class='ocr_carea' id='block_1_72' title="bbox 708 4058 2279 4133">
    <p class='ocr_par' dir='ltr' id='par_1_72' title="bbox 708 4058 2279 4133">
     <span class='ocr_line' id='line_1_72' title="bbox 708 4058 2279 4133; baseline 0.003 -21"><span class='ocrx_word' id='word_1_534' title='bbox 708 4062 929 4133; x_wconf 82' lang='lat' dir='ltr'><strong>quidem</strong></span> <span class='ocrx_word' id='word_1_535' title='bbox 961 4059 1241 4113; x_wconf 83' lang='lat' dir='ltr'><strong>Romanus</strong></span> <span class='ocrx_word' id='word_1_536' title='bbox 1275 4074 1288 4110; x_wconf 90' lang='lat'>:</span> <span class='ocrx_word' id='word_1_537' title='bbox 1324 4058 1470 4112; x_wconf 79' lang='lat' dir='ltr'><strong>illius</strong></span> <span class='ocrx_word' id='word_1_538' title='bbox 1501 4073 1631 4112; x_wconf 90' lang='lat' dir='ltr'><strong>vero</strong></span> <span class='ocrx_word' id='word_1_539' title='bbox 1663 4068 1720 4114; x_wconf 90' lang='lat' dir='ltr'><strong>et</strong></span> <span class='ocrx_word' id='word_1_540' title='bbox 1753 4061 1993 4115; x_wconf 85' lang='lat' dir='ltr'><strong>carnalis</strong></span> <span class='ocrx_word' id='word_1_541' title='bbox 2033 4072 2086 4116; x_wconf 91' lang='lat' dir='ltr'><strong>et</strong></span> <span class='ocrx_word' id='word_1_542' title='bbox 2109 4062 2279 4133; x_wconf 87' lang='lat' dir='ltr'><strong>spiri-</strong></span> 
     </span>
    </p>
   </div>
   <div class='ocr_carea' id='block_1_73' title="bbox 707 4149 2277 4218">
    <p class='ocr_par' dir='ltr' id='par_1_73' title="bbox 707 4149 2277 4218">
     <span class='ocr_line' id='line_1_73' title="bbox 707 4149 2277 4218; baseline 0.002 -10"><span class='ocrx_word' id='word_1_543' title='bbox 707 4153 829 4209; x_wconf 86' lang='lat' dir='ltr'><strong>talis</strong></span> <span class='ocrx_word' id='word_1_544' title='bbox 857 4152 1103 4205; x_wconf 79' lang='lat' dir='ltr'><strong>Mauricii</strong></span> <span class='ocrx_word' id='word_1_545' title='bbox 1150 4150 1462 4203; x_wconf 86' lang='lat' dir='ltr'><strong>clarissimi.</strong></span> <span class='ocrx_word' id='word_1_546' title='bbox 1497 4149 1576 4201; x_wconf 82' lang='lat' dir='ltr'><strong>Ex</strong></span> <span class='ocrx_word' id='word_1_547' title='bbox 1622 4164 1689 4203; x_wconf 89' lang='lat' dir='ltr'><strong>eo</strong></span> <span class='ocrx_word' id='word_1_548' title='bbox 1719 4150 1866 4205; x_wconf 90' lang='lat' dir='ltr'><strong>enim</strong></span> <span class='ocrx_word' id='word_1_549' title='bbox 1916 4163 2093 4218; x_wconf 91' lang='lat' dir='ltr'><strong>ortus,</strong></span> <span class='ocrx_word' id='word_1_550' title='bbox 2123 4165 2177 4211; x_wconf 90' lang='lat' dir='ltr'><strong>et</strong></span> <span class='ocrx_word' id='word_1_551' title='bbox 2208 4159 2277 4211; x_wconf 92' lang='lat' dir='ltr'><strong>ab</strong></span> 
     </span>
    </p>
   </div>
   <div class='ocr_carea' id='block_1_74' title="bbox 702 4240 2274 4313">
    <p class='ocr_par' dir='ltr' id='par_1_74' title="bbox 702 4240 2274 4313">
     <span class='ocr_line' id='line_1_74' title="bbox 702 4240 2274 4313; baseline 0.003 -15"><span class='ocrx_word' id='word_1_552' title='bbox 702 4259 771 4298; x_wconf 90' lang='lat' dir='ltr'><strong>eo</strong></span> <span class='ocrx_word' id='word_1_553' title='bbox 819 4253 1041 4313; x_wconf 85' lang='lat' dir='ltr'><strong>accepta</strong></span> <span class='ocrx_word' id='word_1_554' title='bbox 1098 4240 1189 4297; x_wconf 90' lang='lat' dir='ltr'><strong>Dei</strong></span> <span class='ocrx_word' id='word_1_555' title='bbox 1224 4240 1558 4311; x_wconf 84' lang='lat' dir='ltr'><strong>cognitione,</strong></span> <span class='ocrx_word' id='word_1_556' title='bbox 1608 4243 1663 4295; x_wconf 91' lang='lat' dir='ltr'><strong>in</strong></span> <span class='ocrx_word' id='word_1_557' title='bbox 1720 4241 1927 4298; x_wconf 85' lang='lat' dir='ltr'><strong>Christi</strong></span> <span class='ocrx_word' id='word_1_558' title='bbox 1994 4245 2100 4302; x_wconf 84' lang='lat' dir='ltr'><strong>ﬁde</strong></span> <span class='ocrx_word' id='word_1_559' title='bbox 2152 4264 2274 4304; x_wconf 87' lang='lat' dir='ltr'><strong>sum</strong></span> 
     </span>
    </p>
   </div>
   <div class='ocr_carea' id='block_1_75' title="bbox 704 4336 2276 4411">
    <p class='ocr_par' dir='ltr' id='par_1_75' title="bbox 704 4336 2276 4411">
     <span class='ocr_line' id='line_1_75' title="bbox 704 4336 2276 4411; baseline 0.001 -19"><span class='ocrx_word' id='word_1_560' title='bbox 704 4337 994 4393; x_wconf 87' lang='lat' dir='ltr'><strong>educatus.</strong></span> <span class='ocrx_word' id='word_1_561' title='bbox 1059 4342 1221 4403; x_wconf 69' lang='lat' dir='ltr'><strong>q‘tIem</strong></span> <span class='ocrx_word' id='word_1_562' title='bbox 1264 4344 1318 4387; x_wconf 91' lang='lat' dir='ltr'><strong>tu</strong></span> <span class='ocrx_word' id='word_1_563' title='bbox 1355 4348 1579 4404; x_wconf 86' lang='lat' dir='ltr'><strong>negans,</strong></span> <span class='ocrx_word' id='word_1_564' title='bbox 1610 4350 1643 4387; x_wconf 94' lang='lat' dir='ltr'><strong>o</strong></span> <span class='ocrx_word' id='word_1_565' title='bbox 1699 4336 2020 4405; x_wconf 86' lang='lat' dir='ltr'><strong>imperator,</strong></span> <span class='ocrx_word' id='word_1_566' title='bbox 2055 4355 2276 4411; x_wconf 85' lang='lat' dir='ltr'><strong>compa-</strong></span> 
     </span>
    </p>
   </div>
   <div class='ocr_carea' id='block_1_76' title="bbox 702 4425 2274 4498">
    <p class='ocr_par' dir='ltr' id='par_1_76' title="bbox 702 4425 2274 4498">
     <span class='ocr_line' id='line_1_76' title="bbox 702 4425 2274 4498; baseline 0.003 -13"><span class='ocrx_word' id='word_1_567' title='bbox 702 4440 857 4485; x_wconf 82' lang='lat' dir='ltr'><strong>ratus</strong></span> <span class='ocrx_word' id='word_1_568' title='bbox 887 4444 947 4482; x_wconf 91' lang='lat' dir='ltr'><strong>es</strong></span> <span class='ocrx_word' id='word_1_569' title='bbox 975 4427 1241 4498; x_wconf 86' lang='lat' dir='ltr'><strong>jumentis</strong></span> <span class='ocrx_word' id='word_1_570' title='bbox 1294 4425 1705 4494; x_wconf 88' lang='lat' dir='ltr'><strong>insipientibus,</strong></span> <span class='ocrx_word' id='word_1_571' title='bbox 1749 4436 1803 4481; x_wconf 88' lang='lat' dir='ltr'><strong>et</strong></span> <span class='ocrx_word' id='word_1_572' title='bbox 1866 4430 2063 4485; x_wconf 89' lang='lat' dir='ltr'><strong>similis</strong></span> <span class='ocrx_word' id='word_1_573' title='bbox 2098 4433 2274 4489; x_wconf 83' lang='lat' dir='ltr'><strong>factus</strong></span> 
     </span>
    </p>
   </div>
   <div class='ocr_carea' id='block_1_77' title="bbox 705 4521 920 4575">
    <p class='ocr_par' dir='ltr' id='par_1_77' title="bbox 705 4521 920 4575">
     <span class='ocr_line' id='line_1_77' title="bbox 705 4521 920 4575; baseline -0.005 0"><span class='ocrx_word' id='word_1_574' title='bbox 705 4537 761 4575; x_wconf 85' lang='lat' dir='ltr'><strong>es</strong></span> <span class='ocrx_word' id='word_1_575' title='bbox 795 4521 920 4575; x_wconf 85' lang='lat' dir='ltr'><strong>illis.</strong></span> 
     </span>
    </p>
   </div>
   <div class='ocr_carea' id='block_1_78' title="bbox 772 4608 2270 4684">
    <p class='ocr_par' dir='ltr' id='par_1_78' title="bbox 772 4608 2270 4684">
     <span class='ocr_line' id='line_1_78' title="bbox 772 4608 2270 4684; baseline 0.004 -16"><span class='ocrx_word' id='word_1_576' title='bbox 772 4608 865 4668; x_wconf 77' lang='lat' dir='ltr'><strong>IX.</strong></span> <span class='ocrx_word' id='word_1_577' title='bbox 909 4613 1054 4667; x_wconf 77' lang='lat' dir='ltr'><strong>Dixit</strong></span> <span class='ocrx_word' id='word_1_578' title='bbox 1112 4624 1377 4684; x_wconf 81' lang='lat' dir='ltr'><strong>tyrannus</strong></span> <span class='ocrx_word' id='word_1_579' title='bbox 1413 4631 1426 4666; x_wconf 75' lang='grc' dir='ltr'><strong>ε</strong></span> <span class='ocrx_word' id='word_1_580' title='bbox 1479 4612 1691 4669; x_wconf 90' lang='lat' dir='ltr'><strong>Stultus</strong></span> <span class='ocrx_word' id='word_1_581' title='bbox 1725 4631 1783 4669; x_wconf 89' lang='lat' dir='ltr'><strong>es</strong></span> <span class='ocrx_word' id='word_1_582' title='bbox 1842 4617 2181 4683; x_wconf 86' lang='lat' dir='ltr'><strong>adolescens,</strong></span> <span class='ocrx_word' id='word_1_583' title='bbox 2215 4631 2270 4675; x_wconf 83' lang='lat' dir='ltr'><strong>et</strong></span> 
     </span>
    </p>
   </div>
   <div class='ocr_carea' id='block_1_79' title="bbox 697 4704 2266 4777">
    <p class='ocr_par' dir='ltr' id='par_1_79' title="bbox 697 4704 2266 4777">
     <span class='ocr_line' id='line_1_79' title="bbox 697 4704 2266 4777; baseline 0.006 -20"><span class='ocrx_word' id='word_1_584' title='bbox 697 4715 827 4758; x_wconf 91' lang='lat' dir='ltr'><strong>sunt</strong></span> <span class='ocrx_word' id='word_1_585' title='bbox 852 4714 942 4757; x_wconf 85' lang='lat' dir='ltr'><strong>tua</strong></span> <span class='ocrx_word' id='word_1_586' title='bbox 976 4704 1139 4755; x_wconf 84' lang='lat' dir='ltr'><strong>verba</strong></span> <span class='ocrx_word' id='word_1_587' title='bbox 1165 4711 1324 4755; x_wconf 72' lang='lat' dir='ltr'><strong>aetate</strong></span> <span class='ocrx_word' id='word_1_588' title='bbox 1353 4704 1538 4773; x_wconf 88' lang='lat' dir='ltr'><strong>digna.</strong></span> <span class='ocrx_word' id='word_1_589' title='bbox 1568 4706 1763 4776; x_wconf 81' lang='lat' dir='ltr'><strong>Atjam</strong></span> <span class='ocrx_word' id='word_1_590' title='bbox 1798 4706 1973 4770; x_wconf 89' lang='lat' dir='ltr'><strong>disce,</strong></span> <span class='ocrx_word' id='word_1_591' title='bbox 2006 4710 2155 4777; x_wconf 92' lang='lat' dir='ltr'><strong>quod</strong></span> <span class='ocrx_word' id='word_1_592' title='bbox 2182 4722 2266 4766; x_wconf 88' lang='lat' dir='ltr'><strong>est</strong></span> 
     </span>
    </p>
   </div>
   <div class='ocr_carea' id='block_1_80' title="bbox 698 4795 2267 4862">
    <p class='ocr_par' dir='ltr' id='par_1_80' title="bbox 698 4795 2267 4862">
     <span class='ocr_line' id='line_1_80' title="bbox 698 4795 2267 4862; baseline 0.006 -12"><span class='ocrx_word' id='word_1_593' title='bbox 698 4796 799 4850; x_wconf 86' lang='lat' dir='ltr'><strong>tibi</strong></span> <span class='ocrx_word' id='word_1_594' title='bbox 847 4795 1318 4851; x_wconf 87' lang='lat' dir='ltr'><strong>conducibile:et</strong></span> <span class='ocrx_word' id='word_1_595' title='bbox 1364 4796 1653 4862; x_wconf 84' lang='lat' dir='ltr'><strong>accedens,</strong></span> <span class='ocrx_word' id='word_1_596' title='bbox 1711 4800 1956 4855; x_wconf 78' lang='lat' dir='ltr'><strong>sacrifica</strong></span> <span class='ocrx_word' id='word_1_597' title='bbox 2031 4804 2267 4860; x_wconf 85' lang='lat' dir='ltr'><strong>maximo</strong></span> 
     </span>
    </p>
   </div>
   <div class='ocr_carea' id='block_1_81' title="bbox 692 4887 2263 4965">
    <p class='ocr_par' dir='ltr' id='par_1_81' title="bbox 692 4887 2263 4965">
     <span class='ocr_line' id='line_1_81' title="bbox 692 4887 2263 4965; baseline 0.007 -22"><span class='ocrx_word' id='word_1_598' title='bbox 692 4887 836 4949; x_wconf 80' lang='lat' dir='ltr'><strong>Jovi,</strong></span> <span class='ocrx_word' id='word_1_599' title='bbox 889 4898 944 4941; x_wconf 89' lang='lat' dir='ltr'><strong>et</strong></span> <span class='ocrx_word' id='word_1_600' title='bbox 995 4904 1157 4957; x_wconf 84' lang='lat' dir='ltr'><strong>parce</strong></span> <span class='ocrx_word' id='word_1_601' title='bbox 1202 4899 1306 4941; x_wconf 70' lang='lat' dir='ltr'><strong>tua:</strong></span> <span class='ocrx_word' id='word_1_602' title='bbox 1356 4889 1653 4957; x_wconf 69' lang='lat' dir='ltr'><strong>iuventuti.</strong></span> <span class='ocrx_word' id='word_1_603' title='bbox 1708 4889 1852 4945; x_wconf 81' lang='lat' dir='ltr'><strong>Dixit</strong></span> <span class='ocrx_word' id='word_1_604' title='bbox 1896 4894 2263 4965; x_wconf 80' lang='lat' dir='ltr'><strong>adolescens:</strong></span> 
     </span>
    </p>
   </div>
   <div class='ocr_carea' id='block_1_82' title="bbox 694 4976 2265 5054">
    <p class='ocr_par' dir='ltr' id='par_1_82' title="bbox 694 4976 2265 5054">
     <span class='ocr_line' id='line_1_82' title="bbox 694 4976 2265 5054; baseline 0.006 -21"><span class='ocrx_word' id='word_1_605' title='bbox 694 4978 991 5047; x_wconf 90' lang='lat' dir='ltr'><strong>Propterea</strong></span> <span class='ocrx_word' id='word_1_606' title='bbox 1022 4976 1169 5047; x_wconf 88' lang='lat' dir='ltr'><strong>quod</strong></span> <span class='ocrx_word' id='word_1_607' title='bbox 1208 4993 1316 5031; x_wconf 89' lang='lat' dir='ltr'><strong>non</strong></span> <span class='ocrx_word' id='word_1_608' title='bbox 1350 4977 1511 5043; x_wconf 76' lang='lat' dir='ltr'><strong>facio,</strong></span> <span class='ocrx_word' id='word_1_609' title='bbox 1557 4980 1704 5050; x_wconf 87' lang='lat' dir='ltr'><strong>quod</strong></span> <span class='ocrx_word' id='word_1_610' title='bbox 1738 4982 1840 5048; x_wconf 87' lang='lat' dir='ltr'><strong>vis,</strong></span> <span class='ocrx_word' id='word_1_611' title='bbox 1886 4998 2067 5054; x_wconf 88' lang='lat' dir='ltr'><strong>neque</strong></span> <span class='ocrx_word' id='word_1_612' title='bbox 2091 4990 2265 5042; x_wconf 89' lang='lat' dir='ltr'><strong>sacri-</strong></span> 
     </span>
    </p>
   </div>
   <div class='ocr_carea' id='block_1_83' title="bbox 694 5068 2263 5151">
    <p class='ocr_par' dir='ltr' id='par_1_83' title="bbox 694 5068 2263 5151">
     <span class='ocr_line' id='line_1_83' title="bbox 694 5068 2263 5151; baseline 0.008 -27"><span class='ocrx_word' id='word_1_613' title='bbox 694 5070 795 5124; x_wconf 82' lang='lat' dir='ltr'><strong>ﬁco</strong></span> <span class='ocrx_word' id='word_1_614' title='bbox 826 5070 1155 5137; x_wconf 84' lang='lat' dir='ltr'><strong>simulacris,</strong></span> <span class='ocrx_word' id='word_1_615' title='bbox 1188 5068 1330 5124; x_wconf 87' lang='lat' dir='ltr'><strong>dicis</strong></span> <span class='ocrx_word' id='word_1_616' title='bbox 1358 5086 1444 5125; x_wconf 88' lang='lat' dir='ltr'><strong>me</strong></span> <span class='ocrx_word' id='word_1_617' title='bbox 1496 5075 1723 5128; x_wconf 86' lang='lat' dir='ltr'><strong>stultum</strong></span> <span class='ocrx_word' id='word_1_618' title='bbox 1754 5090 1896 5132; x_wconf 81' lang='lat' dir='ltr'><strong>esse.</strong></span> <span class='ocrx_word' id='word_1_619' title='bbox 1933 5077 2067 5132; x_wconf 85' lang='lat' dir='ltr'><strong>Nam</strong></span> <span class='ocrx_word' id='word_1_620' title='bbox 2115 5082 2263 5151; x_wconf 90' lang='lat' dir='ltr'><strong>quod</strong></span> 
     </span>
    </p>
   </div>
   <div class='ocr_carea' id='block_1_84' title="bbox 691 5160 2260 5241">
    <p class='ocr_par' dir='ltr' id='par_1_84' title="bbox 691 5160 2260 5241">
     <span class='ocr_line' id='line_1_84' title="bbox 691 5160 2260 5241; baseline 0.008 -24"><span class='ocrx_word' id='word_1_621' title='bbox 691 5162 886 5217; x_wconf 89' lang='lat' dir='ltr'><strong>attinet</strong></span> <span class='ocrx_word' id='word_1_622' title='bbox 914 5161 1132 5231; x_wconf 85' lang='lat' dir='ltr'><strong>quidem</strong></span> <span class='ocrx_word' id='word_1_623' title='bbox 1170 5160 1236 5217; x_wconf 86' lang='lat' dir='ltr'><strong>ad</strong></span> <span class='ocrx_word' id='word_1_624' title='bbox 1269 5162 1429 5218; x_wconf 77' lang='lat' dir='ltr'><strong>ﬁdem</strong></span> <span class='ocrx_word' id='word_1_625' title='bbox 1466 5164 1682 5219; x_wconf 86' lang='lat' dir='ltr'><strong>Domini</strong></span> <span class='ocrx_word' id='word_1_626' title='bbox 1730 5169 1832 5223; x_wconf 84' lang='lat' dir='ltr'><strong>mei</strong></span> <span class='ocrx_word' id='word_1_627' title='bbox 1872 5167 1999 5224; x_wconf 81' lang='lat' dir='ltr'><strong>Jesu</strong></span> <span class='ocrx_word' id='word_1_628' title='bbox 2033 5170 2260 5241; x_wconf 83' lang='lat' dir='ltr'><strong>Christi,</strong></span> 
     </span>
    </p>
   </div>
   <div class='ocr_carea' id='block_1_85' title="bbox 689 5252 2252 5330">
    <p class='ocr_par' dir='ltr' id='par_1_85' title="bbox 689 5252 2252 5330">
     <span class='ocr_line' id='line_1_85' title="bbox 689 5252 2252 5330; baseline 0.012 -23"><span class='ocrx_word' id='word_1_629' title='bbox 689 5254 846 5310; x_wconf 89' lang='lat' dir='ltr'><strong>valde</strong></span> <span class='ocrx_word' id='word_1_630' title='bbox 887 5254 1062 5325; x_wconf 88' lang='lat' dir='ltr'><strong>sapio.</strong></span> <span class='ocrx_word' id='word_1_631' title='bbox 1100 5252 1254 5310; x_wconf 86' lang='lat' dir='ltr'><strong>Tunc</strong></span> <span class='ocrx_word' id='word_1_632' title='bbox 1282 5255 1421 5315; x_wconf 77' lang='lat' dir='ltr'><strong>dixit</strong></span> <span class='ocrx_word' id='word_1_633' title='bbox 1467 5265 1728 5330; x_wconf 80' lang='lat' dir='ltr'><strong>tyrannus</strong></span> <span class='ocrx_word' id='word_1_634' title='bbox 1774 5276 1962 5317; x_wconf 87' lang='lat' dir='ltr'><strong>rursus</strong></span> <span class='ocrx_word' id='word_1_635' title='bbox 2009 5267 2252 5324; x_wconf 84' lang='lat' dir='ltr'><strong>sanctis:</strong></span> 
     </span>
    </p>
   </div>
   <div class='ocr_carea' id='block_1_86' title="bbox 687 5334 2253 5426">
    <p class='ocr_par' dir='ltr' id='par_1_86' title="bbox 687 5334 2253 5426">
     <span class='ocr_line' id='line_1_86' title="bbox 687 5334 2253 5426; baseline 0.013 -31"><span class='ocrx_word' id='word_1_636' title='bbox 687 5334 986 5413; x_wconf 77' lang='lat' dir='ltr'><strong>Quousque</strong></span> <span class='ocrx_word' id='word_1_637' title='bbox 1023 5345 1498 5416; x_wconf 84' lang='lat' dir='ltr'><strong>importunitatem</strong></span> <span class='ocrx_word' id='word_1_638' title='bbox 1549 5360 1783 5408; x_wconf 87' lang='lat' dir='ltr'><strong>vestram</strong></span> <span class='ocrx_word' id='word_1_639' title='bbox 1831 5356 2187 5426; x_wconf 83' lang='lat' dir='ltr'><strong>sustinemus,</strong></span> <span class='ocrx_word' id='word_1_640' title='bbox 2220 5377 2253 5415; x_wconf 91' lang='grc' dir='ltr'><strong>ο</strong></span> 
     </span>
    </p>
   </div>
   <div class='ocr_carea' id='block_1_87' title="bbox 686 5437 2253 5519">
    <p class='ocr_par' dir='ltr' id='par_1_87' title="bbox 686 5437 2253 5519">
     <span class='ocr_line' id='line_1_87' title="bbox 686 5437 2253 5519; baseline 0.01 -27"><span class='ocrx_word' id='word_1_641' title='bbox 686 5437 895 5499; x_wconf 78' lang='lat' dir='ltr'><strong>miseri,</strong></span> <span class='ocrx_word' id='word_1_642' title='bbox 943 5444 999 5491; x_wconf 88' lang='lat' dir='ltr'><strong>et</strong></span> <span class='ocrx_word' id='word_1_643' title='bbox 1040 5445 1311 5493; x_wconf 83' lang='lat' dir='ltr'><strong>tormenta</strong></span> <span class='ocrx_word' id='word_1_644' title='bbox 1341 5439 1647 5496; x_wconf 78' lang='lat' dir='ltr'><strong>diﬁ‘erimus</strong></span> <span class='ocrx_word' id='word_1_645' title='bbox 1686 5459 1751 5499; x_wconf 84' lang='lat' dir='ltr'><strong>ex</strong></span> <span class='ocrx_word' id='word_1_646' title='bbox 1792 5446 2131 5519; x_wconf 87' lang='lat' dir='ltr'><strong>benignitate</strong></span> <span class='ocrx_word' id='word_1_647' title='bbox 2168 5453 2253 5507; x_wconf 82' lang='lat' dir='ltr'><strong>in—</strong></span> 
     </span>
    </p>
   </div>
   <div class='ocr_carea' id='block_1_88' title="bbox 684 5527 2253 5606">
    <p class='ocr_par' dir='ltr' id='par_1_88' title="bbox 684 5527 2253 5606">
     <span class='ocr_line' id='line_1_88' title="bbox 684 5527 2253 5606; baseline 0.017 -31"><span class='ocrx_word' id='word_1_648' title='bbox 684 5527 1082 5597; x_wconf 83' lang='lat' dir='ltr'><strong>comparabili?</strong></span> <span class='ocrx_word' id='word_1_649' title='bbox 1132 5529 1445 5590; x_wconf 75' lang='lat' dir='ltr'><strong>Sacriﬁcate</strong></span> <span class='ocrx_word' id='word_1_650' title='bbox 1492 5550 1620 5606; x_wconf 88' lang='lat' dir='ltr'><strong>ergo</strong></span> <span class='ocrx_word' id='word_1_651' title='bbox 1660 5535 1788 5601; x_wconf 90' lang='lat' dir='ltr'><strong>diis,</strong></span> <span class='ocrx_word' id='word_1_652' title='bbox 1820 5552 1886 5593; x_wconf 87' lang='lat' dir='ltr'><strong>ue</strong></span> <span class='ocrx_word' id='word_1_653' title='bbox 1943 5543 1999 5596; x_wconf 87' lang='lat' dir='ltr'><strong>in</strong></span> <span class='ocrx_word' id='word_1_654' title='bbox 2038 5558 2133 5599; x_wconf 86' lang='lat' dir='ltr'><strong>vos</strong></span> <span class='ocrx_word' id='word_1_655' title='bbox 2166 5561 2253 5600; x_wconf 85' lang='lat' dir='ltr'><strong>ar-</strong></span> 
     </span>
    </p>
   </div>
   <div class='ocr_carea' id='block_1_89' title="bbox 687 5618 2247 5706">
    <p class='ocr_par' dir='ltr' id='par_1_89' title="bbox 687 5618 2247 5706">
     <span class='ocr_line' id='line_1_89' title="bbox 687 5618 2247 5706; baseline 0.015 -36"><span class='ocrx_word' id='word_1_656' title='bbox 687 5618 1160 5689; x_wconf 82' lang='lat' dir='ltr'><strong>metisjustitiam.</strong></span> <span class='ocrx_word' id='word_1_657' title='bbox 1186 5620 1451 5682; x_wconf 85' lang='lat' dir='ltr'><strong>Dixerunt</strong></span> <span class='ocrx_word' id='word_1_658' title='bbox 1473 5629 1648 5683; x_wconf 86' lang='lat' dir='ltr'><strong>sancti</strong></span> <span class='ocrx_word' id='word_1_659' title='bbox 1673 5641 1939 5701; x_wconf 89' lang='lat' dir='ltr'><strong>martyres</strong></span> <span class='ocrx_word' id='word_1_660' title='bbox 1969 5644 2199 5706; x_wconf 77' lang='lat' dir='ltr'><strong>tyranno</strong></span> <span class='ocrx_word' id='word_1_661' title='bbox 2232 5659 2247 5694; x_wconf 85' lang='lat'><strong><em>:</em></strong></span> 
     </span>
    </p>
   </div>
   <div class='ocr_carea' id='block_1_90' title="bbox 751 5796 1073 5856">
    <p class='ocr_par' dir='ltr' id='par_1_90' title="bbox 751 5796 1073 5856">
     <span class='ocr_line' id='line_1_90' title="bbox 751 5796 1073 5856; baseline 0.022 -7"><span class='ocrx_word' id='word_1_662' title='bbox 751 5798 772 5827; x_wconf 81' lang='grc'><strong>⁸</strong></span> <span class='ocrx_word' id='word_1_663' title='bbox 800 5796 989 5854; x_wconf 80' lang='lat' dir='ltr'><strong>Matth.</strong></span> <span class='ocrx_word' id='word_1_664' title='bbox 1023 5818 1073 5856; x_wconf 76' lang='grc' dir='ltr'><strong>χ.</strong></span> 
     </span>
    </p>
   </div>
   <div class='ocr_carea' id='block_1_91' title="bbox 2396 3252 3982 3335">
    <p class='ocr_par' dir='ltr' id='par_1_91' title="bbox 2396 3252 3982 3335">
     <span class='ocr_line' id='line_1_91' title="bbox 2396 3252 3982 3335; baseline 0.014 -35"><span class='ocrx_word' id='word_1_665' title='bbox 2396 3263 2513 3314; x_wconf 85' lang='grc' dir='ltr'>του,</span> <span class='ocrx_word' id='word_1_666' title='bbox 2545 3252 2644 3321; x_wconf 81' lang='grc' dir='ltr'>τῆς</span> <span class='ocrx_word' id='word_1_667' title='bbox 2666 3255 2888 3308; x_wconf 74' lang='grc' dir='ltr'>αἰωνίου</span> <span class='ocrx_word' id='word_1_668' title='bbox 2920 3260 3303 3329; x_wconf 85' lang='grc' dir='ltr'>κατακρίσεως</span> <span class='ocrx_word' id='word_1_669' title='bbox 3333 3264 3789 3335; x_wconf 78' lang='grc' dir='ltr'>ἐλευθεροῦμεθα.</span> <span class='ocrx_word' id='word_1_670' title='bbox 3837 3270 3982 3322; x_wconf 83' lang='grc' dir='ltr'>Ταῦ-</span> 
     </span>
    </p>
   </div>
   <div class='ocr_carea' id='block_1_92' title="bbox 2396 3343 3979 3426">
    <p class='ocr_par' dir='ltr' id='par_1_92' title="bbox 2396 3343 3979 3426">
     <span class='ocr_line' id='line_1_92' title="bbox 2396 3343 3979 3426; baseline 0.016 -36"><span class='ocrx_word' id='word_1_671' title='bbox 2396 3356 2464 3391; x_wconf 93' lang='grc' dir='ltr'><strong>τα</strong></span> <span class='ocrx_word' id='word_1_672' title='bbox 2498 3343 2764 3395; x_wconf 83' lang='grc' dir='ltr'>είπόντων</span> <span class='ocrx_word' id='word_1_673' title='bbox 2801 3346 2912 3399; x_wconf 88' lang='grc' dir='ltr'><strong>τῶν</strong></span> <span class='ocrx_word' id='word_1_674' title='bbox 2975 3348 3171 3416; x_wconf 80' lang='grc' dir='ltr'>ἁγίων,</span> <span class='ocrx_word' id='word_1_675' title='bbox 3219 3351 3503 3423; x_wconf 77' lang='grc' dir='ltr'>θεωρήσας</span> <span class='ocrx_word' id='word_1_676' title='bbox 3539 3358 3567 3408; x_wconf 85' lang='grc' dir='ltr'><strong>ό</strong></span> <span class='ocrx_word' id='word_1_677' title='bbox 3612 3358 3881 3426; x_wconf 84' lang='grc' dir='ltr'>τύραννος</span> <span class='ocrx_word' id='word_1_678' title='bbox 3918 3366 3979 3415; x_wconf 73' lang='grc' dir='ltr'>ἐν</span> 
     </span>
    </p>
   </div>
   <div class='ocr_carea' id='block_1_93' title="bbox 2397 3432 3975 3525">
    <p class='ocr_par' dir='ltr' id='par_1_93' title="bbox 2397 3432 3975 3525">
     <span class='ocr_line' id='line_1_93' title="bbox 2397 3432 3975 3525; baseline 0.017 -43"><span class='ocrx_word' id='word_1_679' title='bbox 2397 3432 2551 3502; x_wconf 80' lang='grc' dir='ltr'>μέσῳ</span> <span class='ocrx_word' id='word_1_680' title='bbox 2573 3434 2752 3490; x_wconf 85' lang='grc' dir='ltr'>αὐτῶν</span> <span class='ocrx_word' id='word_1_681' title='bbox 2774 3442 3014 3507; x_wconf 87' lang='grc' dir='ltr'>νεανίαν,</span> <span class='ocrx_word' id='word_1_682' title='bbox 3050 3443 3153 3513; x_wconf 80' lang='grc' dir='ltr'>ἔφη</span> <span class='ocrx_word' id='word_1_683' title='bbox 3180 3445 3318 3515; x_wconf 79' lang='grc' dir='ltr'>πρὸς</span> <span class='ocrx_word' id='word_1_684' title='bbox 3342 3448 3533 3501; x_wconf 84' lang='grc' dir='ltr'>αὐτόν·</span> <span class='ocrx_word' id='word_1_685' title='bbox 3568 3450 3634 3503; x_wconf 90' lang='grc' dir='ltr'>Τί</span> <span class='ocrx_word' id='word_1_686' title='bbox 3659 3466 3753 3504; x_wconf 85' lang='grc' dir='ltr'><strong>σου</strong></span> <span class='ocrx_word' id='word_1_687' title='bbox 3777 3457 3975 3525; x_wconf 82' lang='grc' dir='ltr'>τυγχὰ-</span> 
     </span>
    </p>
   </div>
   <div class='ocr_carea' id='block_1_94' title="bbox 2395 3529 3977 3617">
    <p class='ocr_par' dir='ltr' id='par_1_94' title="bbox 2395 3529 3977 3617">
     <span class='ocr_line' id='line_1_94' title="bbox 2395 3529 3977 3617; baseline 0.015 -39"><span class='ocrx_word' id='word_1_688' title='bbox 2395 3544 2473 3581; x_wconf 88' lang='grc' dir='ltr'><strong>νει</strong></span> <span class='ocrx_word' id='word_1_689' title='bbox 2506 3529 2567 3581; x_wconf 85' lang='grc' dir='ltr'>τὸ</span> <span class='ocrx_word' id='word_1_690' title='bbox 2593 3530 2785 3601; x_wconf 77' lang='grc' dir='ltr'>ὄνομα,</span> <span class='ocrx_word' id='word_1_691' title='bbox 2813 3534 2909 3589; x_wconf 79' lang='grc' dir='ltr'>καὶ</span> <span class='ocrx_word' id='word_1_692' title='bbox 2935 3538 3101 3591; x_wconf 81' lang='grc' dir='ltr'>πόθεν</span> <span class='ocrx_word' id='word_1_693' title='bbox 3129 3538 3397 3611; x_wconf 78' lang='grc' dir='ltr'>ὑπάρχεις</span> <span class='ocrx_word' id='word_1_694' title='bbox 3426 3543 3506 3614; x_wconf 84' lang='grc' dir='ltr'><strong>τῷ</strong></span> <span class='ocrx_word' id='word_1_695' title='bbox 3538 3545 3685 3614; x_wconf 83' lang='grc' dir='ltr'>γένει</span> <span class='ocrx_word' id='word_1_696' title='bbox 3710 3565 3724 3613; x_wconf 85' lang='grc'>;</span> <span class='ocrx_word' id='word_1_697' title='bbox 3754 3549 3827 3600; x_wconf 83' lang='grc' dir='ltr'><strong>Τὸ</strong></span> <span class='ocrx_word' id='word_1_698' title='bbox 3858 3566 3977 3617; x_wconf 69' lang='lat' dir='ltr'><strong>pst-</strong></span> 
     </span>
    </p>
   </div>
   <div class='ocr_carea' id='block_1_95' title="bbox 2395 3621 3972 3711">
    <p class='ocr_par' dir='ltr' id='par_1_95' title="bbox 2395 3621 3972 3711">
     <span class='ocr_line' id='line_1_95' title="bbox 2395 3621 3972 3711; baseline 0.015 -40"><span class='ocrx_word' id='word_1_699' title='bbox 2395 3621 2585 3690; x_wconf 79' lang='grc' dir='ltr'>ράκιον</span> <span class='ocrx_word' id='word_1_700' title='bbox 2633 3623 2737 3695; x_wconf 74' lang='grc' dir='ltr'>ἔφη</span> <span class='ocrx_word' id='word_1_701' title='bbox 2759 3642 2773 3656; x_wconf 79' lang='grc'><em>’</em></span> <span class='ocrx_word' id='word_1_702' title='bbox 2802 3627 3066 3692; x_wconf 80' lang='grc' dir='ltr'>Φωτεινὸς</span> <span class='ocrx_word' id='word_1_703' title='bbox 3096 3631 3436 3702; x_wconf 77' lang='grc' dir='ltr'>ὀνομάζομαι</span> <span class='ocrx_word' id='word_1_704' title='bbox 3468 3638 3621 3706; x_wconf 83' lang='grc' dir='ltr'>παρὰ</span> <span class='ocrx_word' id='word_1_705' title='bbox 3658 3638 3752 3693; x_wconf 87' lang='grc' dir='ltr'><strong>τοῦ</strong></span> <span class='ocrx_word' id='word_1_706' title='bbox 3780 3641 3972 3711; x_wconf 80' lang='grc' dir='ltr'>ἀληθιο</span> 
     </span>
    </p>
   </div>
   <div class='ocr_carea' id='block_1_96' title="bbox 2391 3710 3974 3801">
    <p class='ocr_par' dir='ltr' id='par_1_96' title="bbox 2391 3710 3974 3801">
     <span class='ocr_line' id='line_1_96' title="bbox 2391 3710 3974 3801; baseline 0.015 -40"><span class='ocrx_word' id='word_1_707' title='bbox 2391 3710 2483 3762; x_wconf 90' lang='grc' dir='ltr'><strong>νοῦ</strong></span> <span class='ocrx_word' id='word_1_708' title='bbox 2526 3714 2705 3778; x_wconf 72' lang='grc' dir='ltr'>φωτὸς</span> <span class='ocrx_word' id='word_1_709' title='bbox 2760 3716 2860 3784; x_wconf 82' lang='grc' dir='ltr'>τὴν</span> <span class='ocrx_word' id='word_1_710' title='bbox 2906 3717 3099 3787; x_wconf 80' lang='grc' dir='ltr'>κλῆσιν</span> <span class='ocrx_word' id='word_1_711' title='bbox 3148 3720 3463 3792; x_wconf 80' lang='grc' dir='ltr'>δεξάμενος,</span> <span class='ocrx_word' id='word_1_712' title='bbox 3499 3728 3592 3780; x_wconf 70' lang='grc' dir='ltr'>καὶ</span> <span class='ocrx_word' id='word_1_713' title='bbox 3628 3732 3974 3801; x_wconf 80' lang='grc' dir='ltr'>στρατιώτης</span> 
     </span>
    </p>
   </div>
   <div class='ocr_carea' id='block_1_97' title="bbox 2387 3802 3973 3887">
    <p class='ocr_par' dir='ltr' id='par_1_97' title="bbox 2387 3802 3973 3887">
     <span class='ocr_line' id='line_1_97' title="bbox 2387 3802 3973 3887; baseline 0.016 -34"><span class='ocrx_word' id='word_1_714' title='bbox 2387 3802 2505 3870; x_wconf 79' lang='grc' dir='ltr'>εἰμὶ</span> <span class='ocrx_word' id='word_1_715' title='bbox 2534 3802 2797 3873; x_wconf 84' lang='grc' dir='ltr'>Χριστοῦ,</span> <span class='ocrx_word' id='word_1_716' title='bbox 2828 3806 2923 3861; x_wconf 90' lang='grc' dir='ltr'><strong>τοῦ</strong></span> <span class='ocrx_word' id='word_1_717' title='bbox 2964 3814 3427 3885; x_wconf 75' lang='grc' dir='ltr'>καταισχύναντας</span> <span class='ocrx_word' id='word_1_718' title='bbox 3452 3818 3545 3873; x_wconf 81' lang='grc' dir='ltr'>τὸν</span> <span class='ocrx_word' id='word_1_719' title='bbox 3578 3821 3843 3887; x_wconf 80' lang='grc' dir='ltr'>Σατανᾶν,</span> <span class='ocrx_word' id='word_1_720' title='bbox 3876 3826 3973 3878; x_wconf 85' lang='grc' dir='ltr'>τὸν</span> 
     </span>
    </p>
   </div>
   <div class='ocr_carea' id='block_1_98' title="bbox 2388 3892 3973 3987">
    <p class='ocr_par' dir='ltr' id='par_1_98' title="bbox 2388 3892 3973 3987">
     <span class='ocr_line' id='line_1_98' title="bbox 2388 3892 3973 3987; baseline 0.017 -43"><span class='ocrx_word' id='word_1_721' title='bbox 2388 3892 2599 3964; x_wconf 85' lang='grc' dir='ltr'>πατέρα</span> <span class='ocrx_word' id='word_1_722' title='bbox 2629 3911 2722 3949; x_wconf 89' lang='grc' dir='ltr'><strong>σου</strong></span> <span class='ocrx_word' id='word_1_723' title='bbox 2749 3913 2763 3927; x_wconf 85' lang='lat'><strong>&#39;</strong></span> <span class='ocrx_word' id='word_1_724' title='bbox 2807 3899 3080 3971; x_wconf 84' lang='grc' dir='ltr'>Ῥωμαίος</span> <span class='ocrx_word' id='word_1_725' title='bbox 3115 3905 3172 3958; x_wconf 82' lang='grc' dir='ltr'>δὲ</span> <span class='ocrx_word' id='word_1_726' title='bbox 3199 3908 3433 3978; x_wconf 77' lang='grc' dir='ltr'>ὑπάρχω</span> <span class='ocrx_word' id='word_1_727' title='bbox 3459 3912 3517 3964; x_wconf 82' lang='grc' dir='ltr'>τὸ</span> <span class='ocrx_word' id='word_1_728' title='bbox 3547 3914 3727 3981; x_wconf 77' lang='grc' dir='ltr'>γένος,</span> <span class='ocrx_word' id='word_1_729' title='bbox 3756 3916 3973 3987; x_wconf 82' lang='grc' dir='ltr'>Μαυρι-</span> 
     </span>
    </p>
   </div>
   <div class='ocr_carea' id='block_1_99' title="bbox 2385 3987 3971 4073">
    <p class='ocr_par' dir='ltr' id='par_1_99' title="bbox 2385 3987 3971 4073">
     <span class='ocr_line' id='line_1_99' title="bbox 2385 3987 3971 4073; baseline 0.015 -34"><span class='ocrx_word' id='word_1_730' title='bbox 2385 3987 2508 4039; x_wconf 86' lang='grc' dir='ltr'>κίου</span> <span class='ocrx_word' id='word_1_731' title='bbox 2557 3990 2653 4043; x_wconf 86' lang='grc' dir='ltr'><strong>τοῦ</strong></span> <span class='ocrx_word' id='word_1_732' title='bbox 2710 3991 3058 4058; x_wconf 70' lang='grc' dir='ltr'>ἐνδοξότατον</span> <span class='ocrx_word' id='word_1_733' title='bbox 3113 4002 3397 4069; x_wconf 74' lang='grc' dir='ltr'>τυγχάνων</span> <span class='ocrx_word' id='word_1_734' title='bbox 3436 4003 3551 4062; x_wconf 81' lang='grc' dir='ltr'>υίὸς</span> <span class='ocrx_word' id='word_1_735' title='bbox 3594 4010 3860 4073; x_wconf 85' lang='grc' dir='ltr'>σαρκικός</span> <span class='ocrx_word' id='word_1_736' title='bbox 3908 4028 3971 4063; x_wconf 83' lang='grc' dir='ltr'><strong>τε</strong></span> 
     </span>
    </p>
   </div>
   <div class='ocr_carea' id='block_1_100' title="bbox 2382 4082 3970 4173">
    <p class='ocr_par' dir='ltr' id='par_1_100' title="bbox 2382 4082 3970 4173">
     <span class='ocr_line' id='line_1_100' title="bbox 2382 4082 3970 4173; baseline 0.014 -39"><span class='ocrx_word' id='word_1_737' title='bbox 2382 4082 2477 4135; x_wconf 81' lang='grc' dir='ltr'>καὶ</span> <span class='ocrx_word' id='word_1_738' title='bbox 2516 4088 2921 4155; x_wconf 76' lang='grc' dir='ltr'>πνευματικόςο</span> <span class='ocrx_word' id='word_1_739' title='bbox 2962 4089 3021 4153; x_wconf 74' lang='grc' dir='ltr'><strong>ἐξ</strong></span> <span class='ocrx_word' id='word_1_740' title='bbox 3052 4091 3217 4144; x_wconf 78' lang='grc' dir='ltr'>αὑτοῦ</span> <span class='ocrx_word' id='word_1_741' title='bbox 3261 4095 3369 4164; x_wconf 83' lang='grc' dir='ltr'>γὰρ</span> <span class='ocrx_word' id='word_1_742' title='bbox 3418 4097 3699 4166; x_wconf 86' lang='grc' dir='ltr'>προελθὼν</span> <span class='ocrx_word' id='word_1_743' title='bbox 3739 4104 3832 4155; x_wconf 77' lang='grc' dir='ltr'>καὶ</span> <span class='ocrx_word' id='word_1_744' title='bbox 3864 4103 3970 4173; x_wconf 77' lang='grc' dir='ltr'>τὴν</span> 
     </span>
    </p>
   </div>
   <div class='ocr_carea' id='block_1_101' title="bbox 2380 4175 3971 4262">
    <p class='ocr_par' dir='ltr' id='par_1_101' title="bbox 2380 4175 3971 4262">
     <span class='ocr_line' id='line_1_101' title="bbox 2380 4175 3971 4262; baseline 0.014 -35"><span class='ocrx_word' id='word_1_745' title='bbox 2380 4175 2583 4242; x_wconf 89' lang='grc' dir='ltr'>γνῶσιν</span> <span class='ocrx_word' id='word_1_746' title='bbox 2610 4178 2743 4249; x_wconf 82' lang='grc' dir='ltr'>παρ’</span> <span class='ocrx_word' id='word_1_747' title='bbox 2764 4180 2931 4235; x_wconf 86' lang='grc' dir='ltr'>αὑτοῦ</span> <span class='ocrx_word' id='word_1_748' title='bbox 2960 4183 3201 4255; x_wconf 85' lang='grc' dir='ltr'>είληφὼς</span> <span class='ocrx_word' id='word_1_749' title='bbox 3234 4187 3326 4241; x_wconf 87' lang='grc' dir='ltr'><strong>τοῦ</strong></span> <span class='ocrx_word' id='word_1_750' title='bbox 3354 4190 3513 4256; x_wconf 87' lang='grc' dir='ltr'>Θεοῦ,</span> <span class='ocrx_word' id='word_1_751' title='bbox 3542 4195 3622 4257; x_wconf 83' lang='grc' dir='ltr'><strong>είς</strong></span> <span class='ocrx_word' id='word_1_752' title='bbox 3647 4196 3747 4262; x_wconf 81' lang='grc' dir='ltr'>τὴν</span> <span class='ocrx_word' id='word_1_753' title='bbox 3776 4198 3971 4251; x_wconf 86' lang='grc' dir='ltr'>πίστιν</span> 
     </span>
    </p>
   </div>
   <div class='ocr_carea' id='block_1_102' title="bbox 2379 4268 3967 4356">
    <p class='ocr_par' dir='ltr' id='par_1_102' title="bbox 2379 4268 3967 4356">
     <span class='ocr_line' id='line_1_102' title="bbox 2379 4268 3967 4356; baseline 0.014 -38"><span class='ocrx_word' id='word_1_754' title='bbox 2379 4268 2696 4340; x_wconf 84' lang='grc' dir='ltr'>ἁνετράφην</span> <span class='ocrx_word' id='word_1_755' title='bbox 2736 4274 2830 4327; x_wconf 85' lang='grc' dir='ltr'><strong>τοῦ</strong></span> <span class='ocrx_word' id='word_1_756' title='bbox 2866 4276 3130 4345; x_wconf 84' lang='grc' dir='ltr'>Χριστοῦ,</span> <span class='ocrx_word' id='word_1_757' title='bbox 3156 4278 3217 4331; x_wconf 83' lang='grc' dir='ltr'>ὃν</span> <span class='ocrx_word' id='word_1_758' title='bbox 3246 4281 3310 4335; x_wconf 86' lang='grc' dir='ltr'>σὺ</span> <span class='ocrx_word' id='word_1_759' title='bbox 3343 4283 3773 4354; x_wconf 83' lang='grc' dir='ltr'>ἁπαρνούμενος.</span> <span class='ocrx_word' id='word_1_760' title='bbox 3798 4286 3967 4356; x_wconf 80' lang='grc' dir='ltr'>βασι-</span> 
     </span>
    </p>
   </div>
   <div class='ocr_carea' id='block_1_103' title="bbox 2376 4358 3965 4449">
    <p class='ocr_par' dir='ltr' id='par_1_103' title="bbox 2376 4358 3965 4449">
     <span class='ocr_line' id='line_1_103' title="bbox 2376 4358 3965 4449; baseline 0.016 -40"><span class='ocrx_word' id='word_1_761' title='bbox 2376 4358 2491 4424; x_wconf 85' lang='grc' dir='ltr'>λεῦ,</span> <span class='ocrx_word' id='word_1_762' title='bbox 2548 4364 3038 4435; x_wconf 79' lang='grc' dir='ltr'>παρασυνεδλήθης</span> <span class='ocrx_word' id='word_1_763' title='bbox 3092 4370 3203 4431; x_wconf 88' lang='grc' dir='ltr'>τοῖς</span> <span class='ocrx_word' id='word_1_764' title='bbox 3262 4374 3484 4443; x_wconf 83' lang='grc' dir='ltr'>κτήνεσι</span> <span class='ocrx_word' id='word_1_765' title='bbox 3529 4378 3640 4439; x_wconf 77' lang='grc' dir='ltr'>τοῖς</span> <span class='ocrx_word' id='word_1_766' title='bbox 3686 4380 3965 4449; x_wconf 78' lang='grc' dir='ltr'>ἀνοήτοις,</span> 
     </span>
    </p>
   </div>
   <div class='ocr_carea' id='block_1_104' title="bbox 2378 4451 3029 4525">
    <p class='ocr_par' dir='ltr' id='par_1_104' title="bbox 2378 4451 3029 4525">
     <span class='ocr_line' id='line_1_104' title="bbox 2378 4451 3029 4525; baseline 0.017 -22"><span class='ocrx_word' id='word_1_767' title='bbox 2378 4451 2475 4503; x_wconf 79' lang='grc' dir='ltr'>καὶ</span> <span class='ocrx_word' id='word_1_768' title='bbox 2501 4451 2790 4525; x_wconf 84' lang='grc' dir='ltr'>ὡμοιώθης</span> <span class='ocrx_word' id='word_1_769' title='bbox 2821 4456 3029 4523; x_wconf 76' lang='grc' dir='ltr'>αὐτοῖς.</span> 
     </span>
    </p>
   </div>
   <div class='ocr_carea' id='block_1_105' title="bbox 2447 4631 3967 4721">
    <p class='ocr_par' dir='ltr' id='par_1_105' title="bbox 2447 4631 3967 4721">
     <span class='ocr_line' id='line_1_105' title="bbox 2447 4631 3967 4721; baseline 0.015 -35"><span class='ocrx_word' id='word_1_770' title='bbox 2447 4631 2526 4687; x_wconf 87' lang='grc' dir='ltr'><strong>Ο’.</strong></span> <span class='ocrx_word' id='word_1_771' title='bbox 2560 4633 2621 4689; x_wconf 83' lang='lat'><strong>&#39;0</strong></span> <span class='ocrx_word' id='word_1_772' title='bbox 2639 4635 2899 4706; x_wconf 87' lang='grc' dir='ltr'>τύραννος</span> <span class='ocrx_word' id='word_1_773' title='bbox 2922 4637 3103 4695; x_wconf 77' lang='grc' dir='ltr'><strong>εἶπεν⁹</strong></span> <span class='ocrx_word' id='word_1_774' title='bbox 3148 4644 3506 4716; x_wconf 81' lang='grc' dir='ltr'>Ἀνοητεύεις,</span> <span class='ocrx_word' id='word_1_775' title='bbox 3532 4651 3839 4721; x_wconf 78' lang='grc' dir='ltr'>μειράκιον,</span> <span class='ocrx_word' id='word_1_776' title='bbox 3863 4657 3967 4709; x_wconf 76' lang='grc' dir='ltr'>καὶ</span> 
     </span>
    </p>
   </div>
   <div class='ocr_carea' id='block_1_106' title="bbox 2375 4726 3966 4815">
    <p class='ocr_par' dir='ltr' id='par_1_106' title="bbox 2375 4726 3966 4815">
     <span class='ocr_line' id='line_1_106' title="bbox 2375 4726 3966 4815; baseline 0.013 -36"><span class='ocrx_word' id='word_1_777' title='bbox 2375 4726 2474 4794; x_wconf 81' lang='grc' dir='ltr'>τῆς</span> <span class='ocrx_word' id='word_1_778' title='bbox 2508 4727 2725 4795; x_wconf 81' lang='grc' dir='ltr'>ἡλικίας</span> <span class='ocrx_word' id='word_1_779' title='bbox 2746 4729 2870 4796; x_wconf 78' lang='grc' dir='ltr'>ἀξια</span> <span class='ocrx_word' id='word_1_780' title='bbox 2896 4736 3152 4805; x_wconf 82' lang='grc' dir='ltr'>τυγχάνει</span> <span class='ocrx_word' id='word_1_781' title='bbox 3176 4740 3242 4791; x_wconf 91' lang='grc' dir='ltr'><strong>τά</strong></span> <span class='ocrx_word' id='word_1_782' title='bbox 3268 4742 3492 4810; x_wconf 70' lang='grc' dir='ltr'>ῥήματά</span> <span class='ocrx_word' id='word_1_783' title='bbox 3521 4758 3633 4795; x_wconf 89' lang='grc' dir='ltr'>σου.</span> <span class='ocrx_word' id='word_1_784' title='bbox 3663 4743 3966 4815; x_wconf 77' lang='grc' dir='ltr'>Διδάχθητε</span> 
     </span>
    </p>
   </div>
   <div class='ocr_carea' id='block_1_107' title="bbox 2375 4814 3967 4913">
    <p class='ocr_par' dir='ltr' id='par_1_107' title="bbox 2375 4814 3967 4913">
     <span class='ocr_line' id='line_1_107' title="bbox 2375 4814 3967 4913; baseline 0.016 -45"><span class='ocrx_word' id='word_1_785' title='bbox 2375 4814 2469 4868; x_wconf 82' lang='grc' dir='ltr'>οὖν</span> <span class='ocrx_word' id='word_1_786' title='bbox 2500 4817 2558 4868; x_wconf 80' lang='grc' dir='ltr'>τὸ</span> <span class='ocrx_word' id='word_1_787' title='bbox 2584 4821 2887 4892; x_wconf 82' lang='grc' dir='ltr'>συμφέρον,</span> <span class='ocrx_word' id='word_1_788' title='bbox 2924 4828 3014 4878; x_wconf 75' lang='grc' dir='ltr'>καὶ</span> <span class='ocrx_word' id='word_1_789' title='bbox 3051 4828 3375 4894; x_wconf 85' lang='grc' dir='ltr'>προσελθὼν</span> <span class='ocrx_word' id='word_1_790' title='bbox 3402 4831 3564 4888; x_wconf 90' lang='grc' dir='ltr'>θῦσον</span> <span class='ocrx_word' id='word_1_791' title='bbox 3601 4835 3678 4906; x_wconf 82' lang='grc' dir='ltr'>τῷ</span> <span class='ocrx_word' id='word_1_792' title='bbox 3704 4840 3967 4913; x_wconf 79' lang='grc' dir='ltr'>μεγίστῳ</span> 
     </span>
    </p>
   </div>
   <div class='ocr_carea' id='block_1_108' title="bbox 2366 4905 3965 5000">
    <p class='ocr_par' dir='ltr' id='par_1_108' title="bbox 2366 4905 3965 5000">
     <span class='ocr_line' id='line_1_108' title="bbox 2366 4905 3965 5000; baseline 0.019 -43"><span class='ocrx_word' id='word_1_793' title='bbox 2366 4905 2476 4979; x_wconf 83' lang='grc' dir='ltr'>θεῷ</span> <span class='ocrx_word' id='word_1_794' title='bbox 2505 4910 2611 4977; x_wconf 82' lang='grc' dir='ltr'>Διῒ,</span> <span class='ocrx_word' id='word_1_795' title='bbox 2642 4916 2735 4967; x_wconf 67' lang='grc' dir='ltr'><strong>κα)⁵</strong></span> <span class='ocrx_word' id='word_1_796' title='bbox 2783 4917 2967 4983; x_wconf 76' lang='grc' dir='ltr'>φεῖσαί</span> <span class='ocrx_word' id='word_1_797' title='bbox 3001 4934 3093 4971; x_wconf 90' lang='grc' dir='ltr'><strong>σου</strong></span> <span class='ocrx_word' id='word_1_798' title='bbox 3128 4921 3227 4991; x_wconf 85' lang='grc' dir='ltr'>τῆς</span> <span class='ocrx_word' id='word_1_799' title='bbox 3254 4925 3526 4995; x_wconf 84' lang='grc' dir='ltr'>νεότητος.</span> <span class='ocrx_word' id='word_1_800' title='bbox 3556 4927 3629 4981; x_wconf 84' lang='grc' dir='ltr'>Τὸ</span> <span class='ocrx_word' id='word_1_801' title='bbox 3661 4905 3965 5000; x_wconf 46' lang='grc' dir='ltr'>μειράκιον</span> 
     </span>
    </p>
   </div>
   <div class='ocr_carea' id='block_1_109' title="bbox 2362 4997 3965 5096">
    <p class='ocr_par' dir='ltr' id='par_1_109' title="bbox 2362 4997 3965 5096">
     <span class='ocr_line' id='line_1_109' title="bbox 2362 4997 3965 5096; baseline 0.016 -45"><span class='ocrx_word' id='word_1_802' title='bbox 2362 4997 2468 5070; x_wconf 68' lang='grc' dir='ltr'>ἔφη</span> <span class='ocrx_word' id='word_1_803' title='bbox 2489 5015 2505 5032; x_wconf 81' lang='grc'><em>’</em></span> <span class='ocrx_word' id='word_1_804' title='bbox 2543 5002 2631 5057; x_wconf 87' lang='grc' dir='ltr'>Ἐν</span> <span class='ocrx_word' id='word_1_805' title='bbox 2648 5004 2726 5075; x_wconf 83' lang='grc' dir='ltr'>τῷ</span> <span class='ocrx_word' id='word_1_806' title='bbox 2745 5005 2822 5077; x_wconf 75' lang='grc' dir='ltr'>μὴ</span> <span class='ocrx_word' id='word_1_807' title='bbox 2854 5011 3029 5065; x_wconf 84' lang='grc' dir='ltr'>ποιεῖν</span> <span class='ocrx_word' id='word_1_808' title='bbox 3052 5012 3112 5066; x_wconf 77' lang='grc' dir='ltr'>τὸ</span> <span class='ocrx_word' id='word_1_809' title='bbox 3131 5013 3343 5085; x_wconf 75' lang='grc' dir='ltr'>θέλημά</span> <span class='ocrx_word' id='word_1_810' title='bbox 3360 5033 3456 5071; x_wconf 91' lang='grc' dir='ltr'><strong>σου</strong></span> <span class='ocrx_word' id='word_1_811' title='bbox 3473 5016 3652 5086; x_wconf 76' lang='grc' dir='ltr'>λέγεις</span> <span class='ocrx_word' id='word_1_812' title='bbox 3664 4997 3764 5094; x_wconf 77' lang='grc' dir='ltr'><strong>μοι</strong></span> <span class='ocrx_word' id='word_1_813' title='bbox 3783 5024 3965 5096; x_wconf 68' lang='grc' dir='ltr'>ἀνοηο</span> 
     </span>
    </p>
   </div>
   <div class='ocr_carea' id='block_1_110' title="bbox 2362 5091 3962 5185">
    <p class='ocr_par' dir='ltr' id='par_1_110' title="bbox 2362 5091 3962 5185">
     <span class='ocr_line' id='line_1_110' title="bbox 2362 5091 3962 5185; baseline 0.018 -41"><span class='ocrx_word' id='word_1_814' title='bbox 2362 5091 2588 5161; x_wconf 85' lang='grc' dir='ltr'>ταίνειν,</span> <span class='ocrx_word' id='word_1_815' title='bbox 2624 5096 2747 5149; x_wconf 72' lang='grc' dir='ltr'>ἐπεὶ</span> <span class='ocrx_word' id='word_1_816' title='bbox 2788 5098 2881 5152; x_wconf 80' lang='grc' dir='ltr'>καὶ</span> <span class='ocrx_word' id='word_1_817' title='bbox 2927 5104 3067 5158; x_wconf 86' lang='grc' dir='ltr'><strong>πὰνυ</strong></span> <span class='ocrx_word' id='word_1_818' title='bbox 3101 5108 3287 5176; x_wconf 82' lang='grc' dir='ltr'>φρονῶ</span> <span class='ocrx_word' id='word_1_819' title='bbox 3325 5111 3456 5181; x_wconf 84' lang='grc' dir='ltr'>περὶ</span> <span class='ocrx_word' id='word_1_820' title='bbox 3482 5110 3580 5185; x_wconf 81' lang='grc' dir='ltr'><strong>τὴν</strong></span> <span class='ocrx_word' id='word_1_821' title='bbox 3625 5091 3805 5175; x_wconf 69' lang='grc' dir='ltr'>πίστιν</span> <span class='ocrx_word' id='word_1_822' title='bbox 3849 5091 3962 5173; x_wconf 56' lang='grc' dir='ltr'><strong>τοῦ</strong></span> 
     </span>
    </p>
   </div>
   <div class='ocr_carea' id='block_1_111' title="bbox 2363 5185 3963 5277">
    <p class='ocr_par' dir='ltr' id='par_1_111' title="bbox 2363 5185 3963 5277">
     <span class='ocr_line' id='line_1_111' title="bbox 2363 5185 3963 5277; baseline 0.018 -41"><span class='ocrx_word' id='word_1_823' title='bbox 2363 5185 2570 5257; x_wconf 78' lang='grc' dir='ltr'>Κυρίου</span> <span class='ocrx_word' id='word_1_824' title='bbox 2614 5204 2716 5257; x_wconf 85' lang='grc' dir='ltr'><strong>μου</strong></span> <span class='ocrx_word' id='word_1_825' title='bbox 2750 5191 2925 5262; x_wconf 85' lang='grc' dir='ltr'>Ἰησοῦ</span> <span class='ocrx_word' id='word_1_826' title='bbox 2967 5197 3227 5268; x_wconf 85' lang='grc' dir='ltr'>Χριστοῦ.</span> <span class='ocrx_word' id='word_1_827' title='bbox 3256 5202 3391 5259; x_wconf 88' lang='grc' dir='ltr'>Τότε</span> <span class='ocrx_word' id='word_1_828' title='bbox 3420 5201 3574 5260; x_wconf 76' lang='grc' dir='ltr'>εἷπεν</span> <span class='ocrx_word' id='word_1_829' title='bbox 3612 5208 3641 5261; x_wconf 76' lang='grc' dir='ltr'><strong><em>ὁ</em></strong></span> <span class='ocrx_word' id='word_1_830' title='bbox 3684 5207 3963 5277; x_wconf 78' lang='grc' dir='ltr'>τύραννος</span> 
     </span>
    </p>
   </div>
   <div class='ocr_carea' id='block_1_112' title="bbox 2367 5277 3962 5372">
    <p class='ocr_par' dir='ltr' id='par_1_112' title="bbox 2367 5277 3962 5372">
     <span class='ocr_line' id='line_1_112' title="bbox 2367 5277 3962 5372; baseline 0.019 -46"><span class='ocrx_word' id='word_1_831' title='bbox 2367 5277 2502 5347; x_wconf 78' lang='grc' dir='ltr'>πρὸς</span> <span class='ocrx_word' id='word_1_832' title='bbox 2542 5280 2668 5341; x_wconf 85' lang='grc' dir='ltr'>τοὺς</span> <span class='ocrx_word' id='word_1_833' title='bbox 2714 5281 2905 5351; x_wconf 81' lang='grc' dir='ltr'>ἁγίους</span> <span class='ocrx_word' id='word_1_834' title='bbox 2946 5288 3141 5343; x_wconf 58' lang='grc' dir='ltr'>πάλιν</span> <span class='ocrx_word' id='word_1_835' title='bbox 3169 5292 3317 5359; x_wconf 82' lang='grc' dir='ltr'>Ἕως</span> <span class='ocrx_word' id='word_1_836' title='bbox 3362 5295 3493 5349; x_wconf 85' lang='grc' dir='ltr'>πότε</span> <span class='ocrx_word' id='word_1_837' title='bbox 3534 5298 3631 5368; x_wconf 83' lang='grc' dir='ltr'>τῆς</span> <span class='ocrx_word' id='word_1_838' title='bbox 3668 5299 3962 5372; x_wconf 73' lang='grc' dir='ltr'>ὑμετέρας</span> 
     </span>
    </p>
   </div>
   <div class='ocr_carea' id='block_1_113' title="bbox 2365 5372 3964 5465">
    <p class='ocr_par' dir='ltr' id='par_1_113' title="bbox 2365 5372 3964 5465">
     <span class='ocr_line' id='line_1_113' title="bbox 2365 5372 3964 5465; baseline 0.019 -46"><span class='ocrx_word' id='word_1_839' title='bbox 2365 5372 2690 5442; x_wconf 88' lang='grc' dir='ltr'>σκαιότητος</span> <span class='ocrx_word' id='word_1_840' title='bbox 2725 5376 3030 5448; x_wconf 76' lang='grc' dir='ltr'>ἀνεχόμεθα</span> <span class='ocrx_word' id='word_1_841' title='bbox 3076 5385 3169 5437; x_wconf 76' lang='grc' dir='ltr'>καὶ</span> <span class='ocrx_word' id='word_1_842' title='bbox 3210 5391 3329 5451; x_wconf 77' lang='grc' dir='ltr'>ταῖς</span> <span class='ocrx_word' id='word_1_843' title='bbox 3358 5387 3611 5457; x_wconf 78' lang='grc' dir='ltr'>βασάνοις</span> <span class='ocrx_word' id='word_1_844' title='bbox 3651 5392 3854 5465; x_wconf 76' lang='grc' dir='ltr'>ἀνοχὴν</span> <span class='ocrx_word' id='word_1_845' title='bbox 3886 5399 3964 5464; x_wconf 73' lang='grc' dir='ltr'>εξ</span> 
     </span>
    </p>
   </div>
   <div class='ocr_carea' id='block_1_114' title="bbox 2365 5461 3960 5553">
    <p class='ocr_par' dir='ltr' id='par_1_114' title="bbox 2365 5461 3960 5553">
     <span class='ocr_line' id='line_1_114' title="bbox 2365 5461 3960 5553; baseline 0.02 -40"><span class='ocrx_word' id='word_1_846' title='bbox 2365 5461 2698 5535; x_wconf 85' lang='grc' dir='ltr'>ἀσυγκρίτου</span> <span class='ocrx_word' id='word_1_847' title='bbox 2746 5470 3158 5544; x_wconf 81' lang='grc' dir='ltr'>φιλανθρωπίας</span> <span class='ocrx_word' id='word_1_848' title='bbox 3205 5480 3559 5553; x_wconf 81' lang='grc' dir='ltr'>παρέχομεν;</span> <span class='ocrx_word' id='word_1_849' title='bbox 3613 5461 3817 5542; x_wconf 61' lang='grc' dir='ltr'>θύσατε</span> <span class='ocrx_word' id='word_1_850' title='bbox 3848 5461 3960 5545; x_wconf 72' lang='grc' dir='ltr'>οὖν</span> 
     </span>
    </p>
   </div>
   <div class='ocr_carea' id='block_1_115' title="bbox 2362 5554 3957 5653">
    <p class='ocr_par' dir='ltr' id='par_1_115' title="bbox 2362 5554 3957 5653">
     <span class='ocr_line' id='line_1_115' title="bbox 2362 5554 3957 5653; baseline 0.022 -48"><span class='ocrx_word' id='word_1_851' title='bbox 2362 5554 2473 5617; x_wconf 77' lang='grc' dir='ltr'>τοῖς</span> <span class='ocrx_word' id='word_1_852' title='bbox 2502 5555 2666 5623; x_wconf 83' lang='grc' dir='ltr'>θεοῖς,</span> <span class='ocrx_word' id='word_1_853' title='bbox 2707 5561 2792 5616; x_wconf 82' lang='grc' dir='ltr'><strong>ἴνα</strong></span> <span class='ocrx_word' id='word_1_854' title='bbox 2816 5562 2893 5635; x_wconf 81' lang='grc' dir='ltr'>μὴ</span> <span class='ocrx_word' id='word_1_855' title='bbox 2925 5567 3023 5635; x_wconf 80' lang='grc' dir='ltr'>τὴν</span> <span class='ocrx_word' id='word_1_856' title='bbox 3050 5566 3208 5641; x_wconf 81' lang='grc' dir='ltr'>δίκην</span> <span class='ocrx_word' id='word_1_857' title='bbox 3238 5570 3360 5625; x_wconf 89' lang='grc' dir='ltr'>καθ’</span> <span class='ocrx_word' id='word_1_858' title='bbox 3392 5575 3545 5646; x_wconf 85' lang='grc' dir='ltr'>ὑμῶν</span> <span class='ocrx_word' id='word_1_859' title='bbox 3575 5578 3957 5653; x_wconf 77' lang='grc' dir='ltr'>ὲξωπλίσητι.</span> 
     </span>
    </p>
   </div>
   <div class='ocr_carea' id='block_1_116' title="bbox 2363 5645 3957 5741">
    <p class='ocr_par' dir='ltr' id='par_1_116' title="bbox 2363 5645 3957 5741">
     <span class='ocr_line' id='line_1_116' title="bbox 2363 5645 3957 5741; baseline 0.021 -44"><span class='ocrx_word' id='word_1_860' title='bbox 2363 5648 2423 5698; x_wconf 78' lang='lat' dir='ltr'><strong>Oi</strong></span> <span class='ocrx_word' id='word_1_861' title='bbox 2457 5645 2601 5717; x_wconf 79' lang='grc' dir='ltr'>ἀγιοι</span> <span class='ocrx_word' id='word_1_862' title='bbox 2635 5648 2790 5710; x_wconf 76' lang='grc' dir='ltr'>εἷπον</span> <span class='ocrx_word' id='word_1_863' title='bbox 2821 5656 2897 5729; x_wconf 81' lang='grc' dir='ltr'><strong>τῷ</strong></span> <span class='ocrx_word' id='word_1_864' title='bbox 2931 5660 3179 5734; x_wconf 77' lang='grc' dir='ltr'>τυράννῳ</span> <span class='ocrx_word' id='word_1_865' title='bbox 3204 5679 3218 5695; x_wconf 74' lang='grc' dir='ltr'><strong>ο</strong></span> <span class='ocrx_word' id='word_1_866' title='bbox 3267 5664 3394 5721; x_wconf 79' lang='grc' dir='ltr'>Ἐὰν</span> <span class='ocrx_word' id='word_1_867' title='bbox 3423 5668 3554 5741; x_wconf 68' lang='grc' dir='ltr'><strong>ἔχῃς</strong></span> <span class='ocrx_word' id='word_1_868' title='bbox 3582 5671 3809 5741; x_wconf 85' lang='grc' dir='ltr'>γνῶσιν,</span> <span class='ocrx_word' id='word_1_869' title='bbox 3837 5645 3957 5729; x_wconf 73' lang='grc' dir='ltr'><strong>ὑπο</strong></span> 
     </span>
    </p>
   </div>
  </div>
