4230 6436
245 389 354 451 365

1227 385 1404 445 VITA
1448 382 1551 442 SS.
1589 374 1953 439 MAURlTlI
1988 370 2085 432 ΕΤ
2122 372 2530 433 SOCIORUM.

3387 364 3490 426 366

243 501 414 570 ουργέ
461 498 568 551 τῶν
615 498 944 567 ἀκαθάρτων
974 496 1261 565 δαιμόνων,
1294 493 1624 563 μεμάθηκας
1673 489 1867 560 παράλ

1864 497 1896 553 Α
1927 485 2168 540 Sceleste
2194 494 2249 540 et
2282 480 2607 539 administer
2640 480 3046 535 immundorum
3073 478 3406 539 daemonum,
3448 479 3492 531 si

245 594 519 648 Φωτεινοῦ
567 595 665 662 τὴν
693 592 968 662 ἡμετέραν
999 590 1178 659 ἰσχύν·
1217 588 1264 641 εί
1312 588 1420 657 γὰρ
1456 588 1658 648 ἐκεῖνος
1704 583 1820 645 νέος

249 691 516 758 ὑπάργων
547 688 645 758 τὴν
670 687 887 756 ἡλικίαν
917 681 1251 752 κατῄσχυνεν
1281 697 1371 732 σου
1405 680 1504 749 τὴν
1534 678 1703 745 ἀσεϐῑι
1729 674 1822 727 καὶ

248 755 578 850 ἀναίσθητον
603 755 846 848 γνώμην
893 774 980 827 διὰ
1028 774 1126 843 τῆς
1165 769 1495 841 εἰλικρινοῦς
1527 767 1691 822 αὐτοῦ
1738 755 1824 817 πί-

253 890 429 935 στεως
478 873 571 925 καὶ
607 872 703 941 τῆς
734 871 813 930 είς
842 868 1080 937 Χριστὸν
1119 864 1396 932 γνώσεως,
1427 863 1578 931 πόσῳ
1627 859 1824 930 μᾶλλον

249 968 414 1036 ἡμεῖς
445 960 786 1033 αἱρησόμεθα
817 959 995 1020 πάσας
1025 958 1292 1028 βασάνους
1332 956 1652 1023 ὑποστῆναι,
1679 952 1827 1012 ὅπως

250 1055 708 1123 καταισχύνωμεν
734 1052 824 1104 τὸν
876 1051 1089 1119 πατέρα
1136 1065 1249 1111 σου,
1287 1048 1377 1100 τὸν
1413 1043 1687 1109 διάϐολον,
1735 1042 1828 1095 καὶ

253 1150 719 1219 εὐαρεστήσωμεν
762 1142 842 1213 τῷ
884 1144 1147 1213 Χριοτ‹ῖ›;
1179 1141 1311 1196 Τότε
1353 1135 1628 1206 θυμωθείς
1661 1137 1689 1188 δ
1735 1134 1829 1187 τύ-

253 1261 448 1314 ραννος
481 1241 769 1294 ἐκέλευσεν
793 1238 1098 1291 τύπτεσθαι
1134 1235 1258 1298 τοὺς
1296 1233 1482 1301 ἁγίους
1515 1229 1829 1301 βουνεύροις

252 1335 426 1404 ὠμοῖς
456 1349 468 1360 ·
506 1333 598 1384 καὶ
630 1331 863 1400 ἧρξαντο
909 1331 954 1382 of
1008 1328 1276 1398 ὑπηρέται
1329 1325 1557 1378 τύπτειν
1608 1321 1828 1384 αὐτοὺς,

252 1426 361 1485 ἕως
388 1415 448 1474 οὗ
478 1421 773 1492 διέρῤαξαν
815 1420 914 1481 τὰς
952 1419 1160 1487 σάρκας
1191 1415 1392 1481 αὐτῶν,
1422 1411 1632 1466 καὶτοῦ
1665 1412 1831 1482 αἵμα-

251 1533 346 1577 τος
373 1514 556 1567 αὐτῶν
592 1512 842 1581 σφοδρῶς
875 1511 1202 1578 φερομένου,
1231 1507 1281 1559 oi
1317 1506 1462 1572 ἆγιοι
1500 1506 1580 1566 εἰς
1615 1503 1707 1557 τὸν
1735 1503 1828 1555 οὐ·

256 1610 422 1680 ρανὸν
471 1606 876 1674 ἀναϐλέψαντες
936 1604 1105 1654 ἐϐόων
1150 1599 1385 1672 Χριστὸν
1415 1599 1508 1651 τὸν
1549 1597 1680 1651 Θεὸν
1724 1599 1834 1649 ἱκε-

253 1702 502 1763 τεύοντες
537 1698 817 1766 ἐνισχῦσαι
850 1695 1046 1756 αὐτοὺς
1075 1693 1170 1745 καὶ
1202 1693 1312 1744 τῶν
1347 1693 1524 1743 πόνων
1546 1687 1832 1755 ἐπικουφί-

257 1809 387 1846 σαι·
429 1791 487 1854 ὃς
517 1788 831 1850 ἐπακούσας
859 1788 958 1854 τῆς
984 1785 1165 1839 αὐτῶν
1198 1782 1449 1844 ἐκτενοῦς
1497 1778 1831 1849 προσευχῆς,

255 1884 464 1954 ἐπέστη
506 1883 690 1942 αὐτοῖς
733 1878 809 1946 τῷ
853 1878 1069 1945 ἀοράτῳ
1116 1873 1280 1926 αὐτοῦ
1329 1871 1557 1941 δυνάμει
1604 1866 1833 1921 καὶτῶν

256 1980 439 2033 πόνων
493 1975 597 2026 τῶν
649 1972 899 2041 βασάνων
942 1967 1138 2028 αὐτοὺς
1184 1963 1549 2032 ἐπεκούφισεν
1601 1960 1694 2014 καὶ
1736 1957 1834 2020 τὰς

259 2065 491 2135 καρδίας
553 2061 734 2116 αὐτῶν
803 2061 862 2111 ἐν
923 2060 990 2125 τῇ
1059 2055 1195 2123 πρὸς
1251 2054 1414 2106 αὑτὸν
1474 2050 1835 2122 ἐπεστήριξεν

256 2159 472 2228 ἀγάπῃ.

333 2251 390 2305 l'.
439 2249 848 2318 ’Ᾱτονησάντων
889 2247 944 2300 δέ
979 2242 1340 2318 βασανιστῶν,
1379 2235 1535 2294 εἴπεν
1569 2240 1598 2293 ὁ
1640 2237 1840 2308 τύραν·

255 2363 348 2408 νος
382 2348 490 2407 τοῖς
524 2345 731 2412 ἁγίοις·
768 2342 1010 2408 Ἔγνωτε
1042 2339 1154 2403 οὖν,
1182 2333 1225 2392 ὦ
1257 2335 1543 2403 τολμηταὶ,
1608 2333 1682 2394 ὡς
1747 2331 1841 2402 ρᾁ

256 2442 371 2495 διόν
401 2456 490 2508 μοι
511 2438 821 2501 καθέστηκε
843 2436 940 2502 τὴν
966 2434 1112 2501 ζωὴν
1139 2430 1292 2498 ὑμῶν
1316 2426 1612 2480 ἀπολέσαι·
1640 2423 1841 2474 θύσατε

260 2533 356 2586 οῦν
388 2533 499 2591 τοῖς
531 2529 693 2589 θεοῖς,
728 2527 814 2578 ἵνα
845 2523 918 2594 μὴ
951 2522 1292 2592 πικροτέρων
1331 2518 1636 2587 πειρωθῆτε
1672 2514 1840 2584 βασά-

262 2641 394 2676 νων.
435 2617 849 2687 Ἀποκριθέντες
896 2615 952 2668 δὲ
993 2615 1044 2666 οἱ
1084 2614 1227 2681 amt
1260 2612 1337 2682 τῷ
1368 2610 1612 2681 τυράννῳ
1657 2602 1838 2659 εἷπον·

265 2715 438 2766 Τοῦτο
468 2710 727 2780 γίνωσκε,
762 2710 1098 2762 ἀσεϐέστατε
1131 2710 1224 2759 καὶ
1249 2705 1497 2771 ἀλλότριε
1531 2700 1625 2755 τοῦ
1652 2697 1843 2768 ἀληθι-

265 2805 362 2858 νοῦ
387 2804 543 2876 ἡμῶν
573 2803 730 2868 Θεοῦ,
755 2804 861 2866 ὅτι.
887 2802 1075 2870 ὥσπερ
1104 2800 1167 2851 σὺ
1199 2798 1298 2851 οὐκ
1329 2795 1559 2863 “beabit
1588 2793 1682 2860 τῆς
1710 2792 1846 2858 ἀΥά⁹

267 2921 379 2975 πης
409 2901 501 2956 τοῦ
536 2898 774 2972 Χριστοῦ
827 2899 918 2950 καὶ
961 2897 1056 2966 τῆς
1112 2893 1495 2963 λαμπρότητος
1529 2887 1716 2952 αὐτοῦ,
1756 2885 1846 2938 διά

265 2996 361 3049 τὸν
393 2990 862 3061 περικαλύπτοντα
896 2988 993 3055 τὴν
1022 2985 1259 3037 διάνοιάν
1287 3001 1378 3035 σου
1411 2984 1473 3035 ἐκ
1510 2983 1607 3050 τῆς
1640 2978 1846 3046 πλάνης

267 3086 378 3141 τῶν
408 3082 674 3150 δαιμόνων
708 3079 920 3140 σκότον,
947 3077 1116 3138 οὕτως
1141 3074 1260 3126 οὑδέ
1290 3075 1447 3144 ἡμεῖς
1468 3071 1572 3123 τῶν
1598 3069 1848 3138 βασάνων

1925 578 2055 649 quid
2085 579 2288 647 ingenii
2330 578 2534 631 habeas
2578 583 2673 628 aut
2717 574 2981 636 scientiae,
3019 571 3256 626 didicisti
3289 587 3317 625 a
3349 572 3496 626 Ριιοο

1927 675 2041 726 tino
2067 679 2309 724 nostram
2343 669 2504 724 ﬁdem
2548 678 2602 724 et
2623 668 2771 722 vires
2822 675 3060 720 nostras.
3108 665 3164 719 Si
3203 665 3350 719 enim
3383 665 3493 724 ille,

1926 779 2048 817 cum
2074 762 2146 817 sit
2174 772 2335 817 aetate
2363 761 2604 832 juvenis,
2635 760 2848 830 pudore
2885 758 3070 813 affecit
3100 756 3317 826 impiam
3346 764 3495 808 tuam

1929 864 2166 910 mentem
2213 863 2268 908 et
2302 856 2454 908 nullo
2500 870 2661 908 sensu
2718 852 3026 922 praeditam,
3077 866 3176 920 per
3224 850 3495 903 sinceram

1930 960 2083 1001 suam
2126 945 2282 998 fidem
2327 952 2383 998 et
2428 943 2634 998 Christi
2666 941 3057 1011 cognitionem,
3087 947 3294 1008 quanto
3325 938 3499 1007 magis

1930 1053 2034 1092 nos
2085 1036 2484 1092 contendemus
2539 1042 2813 1089 tormenta
2863 1032 3043 1086 omnia
3093 1032 3389 1094 sustinere,
3441 1038 3501 1082 ut

1931 1129 2141 1200 pudore
2198 1128 2496 1182 afﬁciamus
2523 1137 2735 1196 patrem
2762 1134 2917 1180 tuum
2953 1123 3252 1187 diabolum,
3283 1131 3340 1177 et
3381 1121 3498 1189 pla-

1931 1236 2155 1276 ceamus
2169 1219 2388 1275 Christo
2413 1225 2601 1276 nostro
2615 1228 2670 1273 et
2696 1219 2842 1273 Deo?
2864 1217 3017 1272 Tunc
3041 1216 3211 1270 iratus
3233 1224 3501 1285 tyrannus

1927 1313 2093 1383 jussit
2138 1322 2360 1367 sanctos
2401 1311 2678 1366 verberari
2728 1311 2918 1364 crudis
2962 1308 3127 1362 boum
3185 1309 3406 1362 nervis:
3444 1312 3501 1360 et

1931 1414 2219 1474 cmperunt
2238 1405 2475 1458 ministri
2497 1418 2592 1458 eos
2639 1402 2871 1465 caedere,
2899 1403 3074 1458 donec
3096 1417 3289 1458 carnes
3312 1414 3504 1454 eorum

1933 1497 2393 1564 discerpserunt:
2465 1503 2675 1549 etcum
2738 1493 2897 1548 valde
2953 1500 3237 1548 emanaret
3313 1504 3505 1544 eorum

1935 1587 2178 1657 sanguis,
2219 1589 2394 1641 sancti
2427 1603 2650 1641 sursum
2690 1587 3021 1656 aspicientes
3057 1587 3109 1639 in
3144 1584 3366 1646 ccelum,
3391 1582 3507 1634 cla-

1939 1677 2162 1730 mabant
2190 1675 2409 1730 Christo
2459 1676 2858 1744 supplicantes,
2896 1677 3055 1730 uteis
3082 1675 3230 1729 vires
3281 1673 3510 1726 adderet

1940 1770 2228 1822 etlevaret
2265 1781 2457 1821 eorum
2514 1766 2752 1820 labores.
2808 1767 2912 1831 Qui
2947 1781 3071 1819 cum
3118 1765 3387 1819 audiisset
3421 1765 3510 1817 in-

1864 1832 1908 1890 Β
1940 1869 2151 1911 tensam
2197 1874 2389 1914 eorum
2428 1858 2823 1928 precationem,
2856 1857 2920 1911 ad
2977 1872 3070 1911 eos
3121 1857 3354 1910 accessit
3413 1870 3512 1923 po-

1939 1958 2136 2003 testate
2161 1965 2284 2018 quae
2323 1967 2430 2004 non
2478 1951 2632 2006 cadit
2663 1950 2766 2005 sub
2809 1959 3116 2018 aspectum,
3152 1957 3209 2003 et
3253 1947 3513 2002 allevari:

1938 2040 2157 2094 labores
2192 2048 2618 2104 tormentorum,
2651 2050 2707 2096 et
2756 2043 3101 2095 confirmavit
3127 2041 3293 2094 corda
3319 2055 3513 2095 eorum

1941 2132 1994 2185 in
2023 2133 2291 2188 cbaritate
2317 2132 2369 2186 in
2407 2132 2609 2200 ipsum.

2012 2224 2080 2278 Χ.
2112 2225 2249 2280 Cum
2306 2223 2508 2282 defessi
2547 2231 2732 2277 autem
2757 2229 2942 2277 essent
2967 2229 3224 2285 tortores,
3249 2230 3514 2293 tyrannus

1943 2314 2080 2369 dixit
2129 2315 2334 2369 sanctis
2368 2332 2381 2368 :
2423 2313 2790 2383 Cognovistis,
2816 2328 2849 2366 ο
2884 2312 3120 2367 audaces
3170 2314 3419 2366 homines
3461 2318 3518 2365 et

1945 2409 2244 2470 temerarii,
2270 2424 2433 2478 quam
2460 2408 2530 2461 sit
2554 2407 2686 2460 mihi
2712 2407 2872 2462 facile
2893 2407 3061 2460 vitam
3107 2415 3347 2460 vestram
3393 2422 3519 2476 per-

1945 2501 2112 2555 dere?
2141 2503 2213 2553 De
2245 2511 2442 2553 caetero
2472 2517 2602 2568 ergo
2637 2500 2746 2554 diis
2771 2501 3096 2559 sacrificate,
3129 2515 3197 2552 ne
3233 2500 3518 2553 acerbiora

1945 2604 2218 2647 tormenta
2287 2593 2560 2648 sentiatis.
2625 2593 2812 2646 Sancti
2889 2607 3020 2646 vero
3098 2592 3515 2662 respondentes.

1945 2687 2201 2742 dixerunt
2221 2696 2451 2757 tyranno
2472 2685 2791 2755 imperatori
2817 2703 2830 2738 :
2858 2684 2969 2739 Hoc
2989 2700 3277 2754 cognosce,
3298 2701 3329 2739 ο
3353 2685 3519 2754 impie

1947 2791 2002 2837 et
2030 2783 2209 2837 aliene
2249 2796 2278 2834 a
2320 2795 2450 2834 vero
2493 2779 2603 2833 Deo
2660 2789 2870 2841 nostro,
2913 2779 3060 2847 quod
3116 2777 3392 2847 quomodo
3458 2785 3516 2831 tu

1946 2868 2149 2929 Christi
2181 2875 2508 2927 eharitatem
2541 2888 2649 2926 non
2686 2874 2859 2926 sentis
2885 2883 2940 2926 et
2983 2872 3101 2940 ejus
3147 2871 3519 2940 Splendorem.

1947 2974 2176 3035 propter
2209 2964 2468 3016 tenebras
2498 2978 2620 3030 quae
2667 2972 2904 3014 mentem
2941 2971 3091 3014 tuam
3137 2963 3397 3030 aperiunt
3453 2976 3522 3015 ex

1951 3075 2137 3114 errore
2159 3057 2494 3120 damonum,
2526 3056 2599 3109 ita
2627 3070 2805 3123 neque
2830 3069 2932 3108 nos
2965 3061 3239 3109 tormenta
3275 3061 3367 3108 tua
3393 3069 3521 3110 δεη-

269 3196 366 3233 σου
403 3143 796 3245 αἰσθανόμεθα,
828 3170 917 3225 διὰ
945 3170 1004 3222 τὸ
1035 3165 1372 3241 πειρωτίσθαι
1415 3162 1572 3233 ἡμῶν
1604 3159 1702 3227 τὴν
1732 3159 1844 3210 διά-

1879 3168 1920 3228 c
1956 3146 2144 3209 timus,
2182 3154 2469 3215 propterea
2501 3143 2646 3214 quod
2686 3159 2841 3198 mens
2877 3153 3064 3198 nostra
3102 3145 3175 3199 sit
3214 3144 3523 3198 illuminata

268 3269 421 3324 νοιαν
456 3271 518 3322 ἐκ
549 3267 647 3334 τῆς
685 3266 921 3325 πίστεως
956 3263 1049 3314 καὶ
1076 3261 1295 3328 ἀγάπης
1322 3254 1557 3328 Χριστοῦ
1583 3251 1678 3308 τοῦ
1710 3250 1845 3307 Θεοῦ

270 3363 453 3435 ἡμῶν.
486 3359 725 3414 ’Ὲπινόει
773 3355 952 3406 τοίνυν
992 3353 1184 3420 ἐτέρας
1223 3349 1467 3418 μηχανάς
1517 3347 1847 3417 βασανιστη-

274 3455 409 3528 ρίων
466 3450 853 3516 καινοπρεπεῖς
906 3445 1027 3498 καθ’
1056 3441 1248 3513 ἡμῶν’
1301 3441 1429 3510 διψᾷ
1462 3440 1568 3510 γάρ
1615 3438 1770 3508 ἡμῶν
1817 3437 1849 3507 ἡ

271 3550 481 3601 διάνοια
503 3543 593 3596 καὶ
616 3541 927 3610 ἐπιθυμεῖή
955 3539 1093 3590 κατὰ
1115 3536 1349 3606 Χριστὸν
1371 3533 1526 3604 ἡμῶν
1554 3531 1740 3602 ἀγάπη
1763 3531 1850 3583 διὰ

271 3638 374 3705 τῆς
402 3636 501 3702 σῆς
530 3633 651 3687 καθ’
677 3632 834 3702 ἡμῶν
856 3628 1204 3696 ἀποφάσεως,
1239 3622 1516 3691 θεωρῆσαι
1545 3620 1639 3670 τὸν
1672 3619 1849 3680 ζῶντα

273 3731 408 3783 Θεὸν
434 3731 528 3781 καὶ
559 3723 915 3795 βασιλεύοντα
950 3720 1026 3777 είς
1058 3717 1182 3777 τοὺς
1215 3713 1439 3773 αἰῶνας.
1470 3710 1658 3766 Ταῦτα
1689 3707 1851 3762 ἀκού-

277 3841 378 3888 σας
420 3824 448 3874 ὁ
476 3821 735 3888 τύραννος
767 3813 859 3867 καὶ
893 3811 1186 3882 θυμωθεὶς,
1229 3807 1438 3862 κελεύει
1483 3806 1660 3875 πυράν
1700 3821 1850 3872 παμ-

279 3916 484 3989 μεγέθη
522 3909 776 3980 γενέσθαι
811 3909 903 3962 καὶ
931 3908 987 3960 ἐν
1013 3905 1147 3973 αὐτῇ
1174 3903 1365 3972 στῆναι
1384 3902 1508 3962 τοὺς
1538 3899 1818 3967 μάρτυρας
1837 3913 1849 3926 ·

276 3987 387 4060 τῶν
450 4003 510 4054 δέ
561 4001 877 4071 δορυφόρων
941 3994 1347 4065 πληρωσάντων
1392 3988 1556 4043 αὐτοῦ
1596 3987 1695 4058 τὴν
1742 3988 1852 4040 ἀπ-

276 4097 565 4168 άνθρωπον
596 4094 866 4157 κέλευσιν,
892 4088 1154 4149 ἑκουσίως
1194 4089 1242 4141 oi
1274 4087 1418 4154 ἀγιοι
1457 4083 1760 4153 ἐπήρχοντο
1788 4082 1854 4147 τῇ

277 4191 546 4262 πυρκαῖᾷ,
580 4187 652 4250 ὼς
709 4185 862 4238 ὕδατι
903 4181 978 4250 τῷ
1021 4182 1154 4248 πυρὶ
1204 4177 1554 4246 προσομιλεῖν
1603 4171 1854 4240 ἀλλήλοις

278 4282 825 4356 παρακελευόμενοι·
866 4276 958 4328 καὶ
987 4273 1146 4342 λόγον
1190 4271 1378 4324 οὐδένα
1422 4269 1517 4338 τῆς
1563 4264 1713 4335 παρά
1746 4263 1856 4317 τῶν

278 4378 574 4447 ἀνθράκων
607 4371 918 4439 ποιούμενοι
947 4365 1214 4426 καύσεως.
1255 4361 1589 4433 μεγαλοφυεῖ
1619 4358 1694 4427 τῷ
1729 4373 1858 4426 φρο-

283 4473 492 4540 νήματι
522 4465 657 4536 πρδς
691 4462 780 4516 τὸν
815 4461 1075 4531 τύραννον
1113 4457 1383 4522 ἔφασκον·
1435 4453 1645 4519 Ἡμεῖς,
1681 4448 1856 4512 Μαξί-

1957 3255 1983 3291 a
2010 3237 2114 3292 fide
2139 3239 2478 3291 etcharitate
2501 3237 2705 3290 Christi
2738 3237 2828 3290 Dei
2854 3237 3045 3290 nostri.
3072 3238 3331 3304 Excogita
3372 3252 3525 3306 ergo,

1956 3339 2240 3402 otyranne
2280 3339 2335 3385 et
2372 3329 2558 3384 insane
2579 3328 2754 3391 canis,
2787 3329 2922 3383 alias
2964 3327 3018 3383 in
3048 3343 3149 3383 nos
3195 3343 3367 3382 novas
3409 3343 3526 3382 ma-

1958 3425 2150 3479 chinas
2182 3431 2600 3477 tormentorum.
2634 3422 2763 3476 Sitit
2811 3421 2958 3476 enim
3007 3437 3161 3476 mens
3217 3431 3427 3484 nostra,
3473 3430 3530 3475 et

1959 3517 2254 3580 desiderat,
2319 3533 2438 3584 quae
2463 3525 2631 3568 estex
2666 3515 2908 3577 Christo,
2951 3513 3212 3578 Charitas,
3249 3529 3345 3581 per
3378 3522 3526 3567 luant

1958 3610 2011 3663 in
2063 3625 2161 3662 nos
2197 3609 2550 3669 sententiam,
2593 3607 2953 3676 contemplari
3010 3608 3180 3662 Deum
3233 3607 3420 3660 vivum
3476 3619 3532 3661 et

1961 3710 2278 3772 regnantem
2309 3700 2362 3754 in
2396 3700 2611 3754 saecula.
2647 3700 2768 3753 Haec
2814 3716 2936 3753 cum
2970 3699 3235 3752 audiisset
3268 3707 3532 3769 tyrannus

1961 3805 2016 3848 et
2052 3795 2205 3850 valde
2234 3794 2427 3846 fuisset
2474 3793 2665 3854 iratus,
2691 3791 2844 3861 jubet
2870 3789 3092 3844 accendi
3131 3805 3321 3859 rogum
3357 3790 3533 3842 maxi-

1963 3903 2110 3940 mum
2142 3897 2196 3940 et
2229 3886 2281 3939 in
2327 3901 2450 3938 eum
2473 3884 2578 3954 jaci
2634 3894 2855 3937 sanctos
2909 3893 3194 3953 martyres.
3235 3881 3373 3936 Cum
3426 3883 3532 3934 im-

1963 3980 2208 4048 plessent
2262 3991 2392 4030 vero
2428 3975 2691 4030 satellites
2748 3975 3006 4028 acerbum
3061 3983 3118 4027 et
3172 3974 3532 4027 inhumanum

1963 4076 2082 4143 ejus
2134 4075 2368 4143 jussum,
2414 4071 2588 4125 sancti
2642 4085 2739 4123 sua
2805 4079 2999 4136 sponte
3057 4075 3412 4121 accesserunt
3464 4069 3533 4119 ad

1967 4181 2176 4234 rogum,
2209 4180 2264 4217 se
2309 4164 2540 4216 invicem
2587 4162 2968 4221 adhortantes,
3001 4159 3147 4212 utad
3190 4159 3366 4227 ignem
3419 4165 3536 4210 tan-

1965 4272 2127 4326 quam
2152 4256 2216 4310 ad
2253 4270 2448 4324 aquam
2477 4252 2803 4308 accederent
2833 4268 2846 4304 :
2870 4263 3049 4319 neque
3076 4250 3241 4304 ullam
3269 4249 3534 4304 ducentes

1968 4348 2237 4402 rationem
2305 4347 2608 4400 carbonum
2666 4343 2998 4407 exustionis,
3035 4356 3234 4412 magno
3294 4349 3352 4396 et
3404 4357 3538 4396 con-

1966 4439 2128 4493 stanti
2167 4438 2364 4506 Spiritu
2398 4437 2656 4489 dixcrunt
2697 4445 2926 4504 tyranno
2962 4451 2974 4484 :
3007 4434 3134 4496 Nos,
3160 4449 3192 4485 ο
3218 4434 3536 4500 imperator,

290 4527 476 4636 μίανέ,
504 4527 604 4631 τὴν
636 4527 907 4626 τύφλωσιν
936 4553 1032 4622 τῆς
1065 4550 1162 4619 σῆς
1185 4542 1557 4636 ἀναισθησίας
1576 4539 1862 4608 λογιζόμε-

1890 4527 1938 4586 D
1965 4531 2374 4585 considerantes
2415 4528 2711 4582 caecitatem
2747 4537 2890 4579 tuam
2915 4533 2968 4577 et
2990 4539 3185 4577 sensus
3210 4531 3532 4594 egestatem,

1969 4625 1979 4636 ι
2061 4624 2071 4632 -
2098 4624 2110 4636 1
2154 4624 2164 4634 ι
2204 4631 2213 4636 -
2265 4623 2274 4633 ο
2430 4620 2464 4636 1·
2587 4621 2596 4631 ο
2646 4635 2676 4636 ,,
2792 4634 2853 4636 ,κη
2912 4616 3050 4636 Α---]
3081 4616 3251 4636 l,_-_!_
3284 4615 3532 4636 ..-ἔ-2-.-.-

284 4632 390 4719 νοι,
424 4650 763 4719 οίκτείρομέν
805 4663 863 4698 σε
897 4645 996 4713 τῆς
1025 4642 1235 4711 λιθίνης
1278 4637 1507 4707 καρδίας
1538 4635 1744 4695 ἕνεκεν,
1779 4632 1859 4684 ὅτι

285 4747 570 4816 ὑπηρέτης
625 4742 856 4811 γέγονας
911 4737 1012 4805 τῆς
1067 4735 1174 4786 τῶν
1222 4732 1547 4800 ἀκαθάρτων
1597 4725 1863 4794 δαιμό-,ων

288 4841 522 4906 πλάνης,
554 4837 628 4907 μὴ
656 4834 952 4904 δυνάμενος
983 4828 1254 4896 ἀνανῆψαι
1293 4824 1425 4895 μηδὲ
1464 4819 1757 4888 ἐπιγνῶναι
1790 4816 1864 4878 ὡς

289 4933 475 4984 πᾶσαν
500 4929 846 4999 ἀνθρωπίνην
882 4920 1260 4993 ὑπερϐέϐηκεν
1294 4916 1540 4989 ἀνδρείαν
1568 4916 1598 4982 ἡ
1629 4910 1864 4978 τοσαύτη

287 5027 390 5095 τῆς
421 5020 715 5093 καρτερίας
741 5017 1004 5088 ὑπομονὴ.
1034 5016 1128 5076 Τίς
1152 5013 1259 5081 γὰρ
1291 5009 1458 5080 χωρὶς
1486 5007 1634 5067 Θείας
1662 5003 1867 5070 ἀναψύ-

292 5117 429 5179 ξεως
456 5111 708 5166 τοσοῦτον
754 5110 895 5161 κατὰ
931 5105 1230 5176 παμφάγου
1265 5100 1458 5170 φλογὸς
1503 5095 1866 5164 ἀγωνίσοιτος

295 5209 358 5256 Oi
393 5206 448 5258 δδ
466 5204 545 5274 τῷ
574 5200 844 5270 πνεύματι
875 5199 1082 5262 ζέοντες
1116 5195 1205 5247 καὶ
1240 5194 1330 5244 τὸν
1362 5193 1491 5243 θεὸν
1519 5187 1869 5255 ἐνδυσάμενοι

297 5297 413 5367 πῦρ
471 5294 865 5348 καταναλίσκον
911 5292 1035 5351 τοὺς
1087 5287 1226 5341 κατὰ
1277 5285 1336 5336 σέ
1385 5280 1658 5340 δυσσεϐεῖς
1689 5278 1868 5338 ὄντας,

294 5389 547 5458 οὐδαμῶς
588 5386 786 5454 βλάψαι
812 5385 936 5444 τοὺς
966 5380 1211 5441 εὐσεϐεῖς
1239 5378 1525 5445 δυνήσεται
1555 5387 1568 5402 ·
1604 5369 1735 5440 φλὸξ
1763 5370 1871 5437 γὰρ

296 5483 405 5535 ὑπὸ
453 5478 650 5547 φλογὸς
687 5476 1027 5547 προσκαίρου
1078 5489 1136 5523 τε
1195 5472 1289 5522 καὶ
1338 5467 1584 5537 φθαρτῆς
1629 5464 1729 5515 οὐκ
1761 5462 1872 5529 ἔχει

299 5575 466 5642 φύσιν
505 5568 1019 5625 καταναλίσκεσθαι.
1049 5565 1243 5632 Μάτην
1277 5558 1367 5612 οὖν
1401 5558 1640 5628 μοχθεῖς,
1679 5555 1872 5622 ἀνόητε

297 5665 552 5736 τύραννε,
611 5665 735 5724 τοὺς
781 5658 1209 5728 πεπυρωμένους
1265 5653 1414 5723 ἡμᾶς
1447 5654 1510 5721 τῇ
1554 5649 1742 5718 ἀγάπῃ
1781 5645 1893 5701 τοῦ.

299 5755 541 5829 Χριστοῦ
590 5757 722 5824 πυρὶ
771 5749 1117 5820 δαπανῆσθαι
1172 5743 1492 5817 φιλονεικῶν
1521 5759 1532 5771 ’
1595 5741 1875 5808 ἐπύρωσεν

298 5851 412 5920 γὰρ
448 5849 614 5920 ἡμᾶς,
640 5847 714 5910 ὡς
743 5843 1011 5915 πυροῦται
1039 5842 1099 5893 τὸ
1129 5839 1412 5909 ἀργύριον.

1968 4624 2166 4692 Iapidei
2202 4623 2277 4675 tui
2315 4620 2499 4675 cordis
2528 4621 2874 4682 miseremur,
2907 4616 3050 4685 quod
3081 4616 3252 4669 fueris
3284 4615 3535 4669 minister

1964 4715 2167 4769 erroris
2217 4713 2590 4781 improborum
2626 4720 2681 4764 et
2733 4710 3138 4761 immundorum
3199 4709 3532 4768 daatnonum,

1968 4824 2075 4862 non
2105 4808 2290 4859 valens
2324 4805 2668 4873 resipiscere,
2704 4812 2798 4855 aut
2836 4815 3168 4869 cognoscere
3204 4797 3372 4852 Deum
3409 4798 3535 4852 εαξιί

1967 4912 2023 4955 et
2050 4909 2227 4963 terrae,
2265 4899 2356 4967 qui
2396 4905 2600 4950 tantum
2662 4895 2820 4949 nobis
2852 4893 3236 4948 fortitudinem
3296 4891 3449 4944 dedit
3482 4900 3538 4942 et

1971 4991 2343 5045 tolerantiam.
2379 4989 2511 5053 Quis
2565 4987 2709 5040 enim
2769 4986 2972 5053 absque
3006 4983 3189 5038 divina
3244 4980 3541 5050 refrigera-

1973 5085 2141 5146 tione,
2169 5081 2432 5134 adversus
2466 5080 2647 5132 omnia
2680 5077 3004 5131 exedentem
3051 5074 3322 5127 flammam
3349 5072 3540 5126 decer-

1974 5173 2220 5229 taverit?
2269 5172 2370 5237 Qui
2417 5182 2599 5225 autem
2633 5169 2828 5238 spiritu
2881 5168 3094 5222 fervent
3158 5174 3212 5218 et
3253 5165 3423 5218 Deum
3460 5164 3544 5216 in-

1972 5265 2236 5327 duerunt,
2277 5261 2416 5329 ignis
2464 5274 2796 5314 consumens
2829 5257 2975 5319 illos,
3017 5256 3110 5325 qui
3136 5255 3281 5308 sicut
3325 5264 3382 5306 tu
3415 5263 3542 5308 sunt

1975 5355 2128 5426 impii
2183 5368 2527 5423 nequaquam
2579 5351 2700 5421 pios
2755 5349 2955 5403 laedere
3001 5347 3221 5417 poterit.
3287 5345 3541 5399 Flamma:

1974 5451 2118 5505 enim
2148 5463 2253 5502 non
2287 5456 2370 5498 est
2396 5463 2424 5499 ιι
2452 5456 2644 5499 natura
2672 5445 3074 5512 ingeneratum,
3101 5450 3161 5494 ut
3185 5447 3542 5492 consumatur

1976 5559 2004 5596 a
2041 5541 2277 5602 flamma,
2316 5554 2437 5608 qua:
2476 5546 2560 5591 est
2590 5536 2657 5590 ad
2693 5545 2928 5604 tempus,
2965 5543 3019 5586 et
3051 5533 3104 5586 in
3171 5535 3335 5601 quam
3396 5529 3546 5584 cadit

1978 5636 2254 5690 interitus.
2291 5631 2660 5697 Quamobrem
2711 5628 2911 5682 frustra
2983 5627 3222 5690 laboras,
3257 5640 3289 5678 ο
3346 5621 3544 5678 stolide

1979 5739 2224 5798 tyranne,
2262 5726 2352 5795 qui
2414 5738 2535 5782 nos.
2573 5721 2664 5790 qui
2709 5719 2910 5774 Christi
2962 5719 3362 5788 cunflagramus
3416 5714 3545 5767 cha-

1983 5825 2164 5878 ritute.
2200 5822 2322 5890 igne
2354 5815 2641 5871 contendis
2697 5829 3044 5872 consumere.
3083 5811 3187 5865 Nos
3215 5811 3362 5864 enim
3404 5804 3545 5877 ignis

1987 5913 2309 5978 candefecit,
2342 5911 2485 5965 sicut
2509 5908 2742 5963 candefit
2778 5913 3084 5974 argentum.
