4230 6436
763 365 870 428 367

766 579 935 634 verba
974 578 1407 645 admirarentur,
1440 589 1725 650 tyrannus.
1759 576 1854 646 qui
1911 575 1981 629 ab
2035 576 2194 629 initio
2220 583 2344 630 erat

766 690 862 728 vas
896 674 1175 736 interitus,
1222 671 1594 741 perseveravit
1626 671 1766 725 velle
1815 676 2037 723 sanctos
2088 668 2340 739 perdere,

742 776 821 821 -et
851 782 1031 835 neque
1084 780 1377 835 persuasus
1406 764 1511 820 fuit
1553 764 1737 817 verbis
1782 762 2147 833 gloriosorum
2189 777 2339 815 mar-

768 874 968 932 tyrum,
996 876 1171 928 neque
1194 859 1361 913 rebus
1404 859 1538 928 ipsis
1559 857 1663 911 fuit
1683 849 2117 925 obstupefactus.
2142 856 2343 920 Quam-

764 958 955 1009 obrem
977 953 1134 1024 jubet
1150 954 1233 1006 eis
1253 966 1442 1005 rursus
1465 951 1602 1020 palis
1626 948 1821 1012 affixis,
1844 948 2041 1003 ferreis
2065 947 2344 1019 unguibus

766 1047 942 1101 latera
974 1046 1192 1099 fortiter
1237 1043 1393 1098 caedi.
1434 1042 1571 1097 Cum
1606 1057 1737 1113 ergo
1768 1040 1945 1095 Sancti
1978 1051 2034 1096 et
2085 1040 2339 1114 generosi

766 1149 1035 1208 martyres
1069 1136 1175 1190 hoc
1208 1149 1428 1205 quoque
1482 1141 1764 1188 certamen
1803 1142 2028 1187 strenue
2089 1131 2340 1187 decerta-

765 1238 909 1294 rent,
943 1238 999 1284 et
1020 1243 1211 1283 omnes
1240 1227 1647 1281 admirarentur
1674 1224 2023 1294 imperatoris
2044 1222 2338 1277 amentiam

764 1328 821 1376 ct
884 1320 1148 1381 furorem,
1203 1318 1499 1388 praeclarus
1561 1326 1769 1385 martyr
1839 1314 2133 1368 Mauricius
2202 1313 2342 1369 dixit

765 1423 1004 1484 tyranno
1035 1429 1050 1467 :
1090 1411 1209 1464 Non
1267 1409 1445 1466 sentis
1478 1418 1625 1462 tuam
1663 1407 2097 1464 imbecillitatem
2134 1416 2190 1461 et
2237 1407 2341 1460 mi-

761 1506 987 1567 seriam,
1019 1519 1051 1557 o
1082 1502 1365 1555 immunda
1401 1510 1458 1555 et
1483 1500 1709 1570 profane
1744 1510 1995 1570 tyranne,
2025 1498 2173 1567 quod
2199 1497 2342 1550 Pho-

765 1600 916 1653 tinus
960 1612 1165 1667 parvus
1222 1595 1311 1648 hic
1350 1593 1675 1649 adolescens
1726 1592 1802 1644 tui
1856 1590 2070 1659 imperii
2112 1588 2341 1658 fregerit

761 1689 1089 1745 audaciam?
1119 1688 1271 1742 Talia
1307 1686 1455 1739 enim
1486 1694 1543 1738 et
1574 1692 1684 1737 tam
1720 1682 1893 1736 multa
1942 1682 2176 1737 subiisse
2227 1690 2338 1734 tor-

763 1789 971 1845 menta,
1021 1786 1105 1832 est
1171 1778 1250 1831 tui
1308 1772 1675 1829 crudelissimi
1744 1771 1961 1839 imperii
2012 1769 2333 1825 confractio.

762 1870 1050 1939 Quomodo
1096 1884 1231 1940 ergo
1316 1869 1634 1922 universam
1706 1876 1955 1920 nostram
2007 1865 2335 1934 phalangem

762 1966 1011 2035 frangere
1044 1963 1275 2033 poteris,
1307 1959 1401 2030 qui
1437 1974 1466 2013 a
1504 1958 1719 2013 tantillo
1783 1957 2134 2014 adolescente
2166 1954 2339 2010 fueris

765 2056 1096 2126 superatus?
1142 2055 1376 2122 Propter
1399 2051 1517 2104 haec
1561 2049 1727 2103 verba
1753 2048 1832 2101 ira
1880 2047 2127 2119 percitus
2168 2046 2340 2101 scele-

762 2156 916 2203 ratus
952 2145 1338 2210 Maximianus,
1364 2153 1421 2199 et
1451 2142 1775 2197 ardentibus
1805 2155 1933 2195 eum
1966 2140 2185 2194 intuens
2205 2154 2339 2194 ocu-

758 2240 849 2304 lis,
884 2249 941 2295 et
973 2238 1214 2294 stridens
1246 2238 1300 2291 in
1327 2251 1455 2290 eum
1480 2233 1766 2298 dentibus,
1785 2241 1841 2288 et
1864 2232 2058 2287 volens
2081 2239 2335 2286 sanctum

760 2340 817 2384 et
841 2330 1061 2383 beatum
1107 2328 1313 2382 Christi
1339 2336 1635 2395 martyrem
1666 2324 1989 2377 Mauricium
2031 2322 2228 2376 acerbe
2254 2320 2337 2374 ul-

762 2422 915 2485 cisci,
946 2422 1107 2492 jubet
1129 2416 1472 2491 spiculatori,
1502 2425 1561 2472 ut
1589 2424 1716 2471 ante
1747 2414 1939 2470 oculos
1960 2413 2134 2484 patris
2159 2413 2334 2467 filium

761 2510 1017 2566 conﬁciat
1040 2521 1103 2566 .et
1129 2510 1366 2565 occidat.
1399 2509 1479 2563 Eo
1516 2508 1701 2577 itaque
1750 2513 2042 2575 praesente,
2066 2513 2121 2559 et
2164 2504 2332 2559 filium

762 2600 1083 2672 aspiciente,
1108 2600 1229 2671 ejus
1261 2607 1427 2669 caput
1457 2597 1695 2653 abscidit
1730 2596 2049 2667 spiculator.

830 2777 949 2831 Ill.
977 2776 1112 2832 Cum
1140 2790 1271 2846 ergo
1288 2775 1394 2829 hoc
1418 2773 1581 2843 modo
1601 2771 1909 2828 beatissimi
1931 2770 2152 2825 Photini
2172 2782 2337 2840 caput

760 2867 1138 2923 venerandum
1175 2868 1371 2920 fuisset
1398 2873 1765 2934 amputatum,
1793 2864 1951 2932 isque
2003 2862 2236 2934 pulchre
2277 2871 2335 2918 et

760 2960 995 3032 gloriose
1040 2959 1329 3028 migrasset
1379 2957 1447 3011 ad
1507 2956 1822 3021 Dominum,
1860 2954 1998 3010 dixit
2035 2957 2334 3026 praclarus

759 3053 1093 3108 Mauricius:
1124 3050 1378 3105 Nostrum
1434 3050 1772 3104 desiderium
1815 3047 2136 3116 implevisti,
2178 3062 2212 3101 ο
2252 3057 2333 3117 ty-

2083 369 2372 433 MENSIS
2411 374 2710 439 IULIUS.

836 484 931 543 X1.
956 487 1093 543 Cum
1117 501 1312 549 omnes
1333 496 1516 544 autem
1540 484 1636 559 qui
1661 484 1967 541 audiebant
1984 494 2207 555 pr0pter
2231 484 2347 538 haec
2378 493 2419 549 Α

3923 381 4036 447 368

2524 488 2625 544 IA'.
2661 489 2887 544 Πάντων
2927 483 3020 545 οὖν
3069 489 3164 547 ἐπὶ
3192 490 3306 556 τοῖς
3338 492 3603 555 τοιούτοις
3638 492 4037 565 θαυμαζόντων

2449 581 2709 649 ῥήμασιν,
2741 581 2934 645 σκεῦος
2961 582 3224 653 ὑπάρχων
3255 586 3357 652 τῆς
3392 584 3669 648 ἀπωλείας
3703 588 3733 639 ό
3764 585 4035 657 τύραννος

2445 670 2714 739 διέμεινεν
2738 675 3097 744 ἐνιστάμενος
3126 675 3221 727 τοῦ
3251 676 3519 730 ἀπολέσαι
3559 678 3685 740 τοὺς
3706 680 3919 746 ἀγίους,
3942 683 4033 735 καὶ

2444 759 2569 813 οὔτε
2598 764 2711 823 τοῖς
2750 763 2929 830 λόγοις
2976 765 3229 818 ἐπείθετο
3256 764 3369 816 τῶν
3410 765 3675 834 ἀοιδίμων
3702 768 4030 839 μαρτύρων,

2444 854 2570 908 οὕτε
2595 859 2710 919 τοῖς
2734 857 3056 927 πράγμασιν
3082 857 3445 927 ἐξεπλήττετο
3472 874 3485 887 ’
3516 860 3612 911 καὶ
3657 860 3871 913 κελεύει
3894 864 4028 915 ἀνα-

2446 946 2925 1010 σκολωπισθέντας
2983 948 3113 1011 τοὺς
3154 948 3363 1016 ἀγίους
3422 949 3668 1019 σιδηροῖς
3710 949 3894 1016 ὖνυξιν
3933 952 4033 1015 τὰς

2443 1039 2685 1107 πλευρὰς
2740 1040 2921 1091 αὐτῶν
2982 1039 3215 1102 εὐτόνως
3280 1040 3533 1105 ξέεσθαι.
3578 1041 3703 1094 Τῶν
3735 1038 3831 1095 οὖν
3857 1044 4032 1111 ἀγίων

2446 1131 2742 1201 μαρτύρων
2787 1133 2881 1183 καὶ
2941 1131 3148 1185 τούτων
3211 1131 3448 1201 Ξσχυρῶς
3512 1132 3882 1186 διαϐλούντων
3937 1136 4030 1188 τὸν

2443 1223 2651 1288 ἀγῶνα,
2681 1224 2777 1277 καὶ
2816 1223 3037 1277 πάντων
3073 1222 3472 1291 θαυμαζόντων
3500 1224 3600 1292 τὴν
3634 1223 3729 1277 τοῦ
3758 1223 4030 1292 βασιλέως

2444 1315 2650 1379 ἄνοιαν,
2678 1316 3006 1384 Μαυρίκιος,
3038 1316 3065 1367 ό
3092 1314 3337 1382 ἀοίδιμος
3379 1316 3614 1385 μάρτυς,
3654 1316 3790 1385 πρὸς
3820 1314 3914 1369 τὸν
3936 1316 4033 1369 τύ·

2447 1424 2636 1478 ραννον
2665 1407 2767 1477 ἔφη
2790 1424 2804 1439 ο
2836 1407 2950 1459 Οὐκ
2977 1407 3213 1480 αἰσθάνῃ
3240 1407 3339 1477 τῆς
3375 1407 3473 1476 σῆς
3499 1406 3807 1474 ἀσθενείας,
3837 1402 3883 1464 ὦ
3908 1409 4030 1478 βδε-

2442 1499 2723 1571 λυρώτατε
2785 1499 3061 1571 τύραννε,
3091 1502 3174 1554 ὅτι
3227 1502 3521 1566 Φωτεινὸς,
3570 1501 3629 1552 τὸ
3665 1501 3842 1572 βραχὺ
3868 1504 4030 1556 τοῦτο

2447 1595 2759 1663 μειράκιον,
2795 1593 3097 1646 κατέλυσεν
3119 1592 3219 1662 τὴν
3253 1593 3569 1663 βασιλείαν;
3603 1594 3663 1647 τὸ
3693 1595 3801 1665 γὰρ
3832 1597 4029 1650 τοσαύ-

2444 1701 2543 1745 τας
2579 1683 2673 1736 καὶ
2706 1683 3042 1752 τηλικαύτας
3063 1685 3367 1755 ὑποστῆναι
3400 1685 3689 1754 βασάνους,
3727 1688 4028 1752 κατάλυσις

2441 1777 2541 1845 τῆς
2567 1775 2665 1845 σῆς
2696 1775 2990 1845 ὠμότατης
3022 1774 3300 1845 βασιλείας
3332 1776 3480 1829 ἐστίν
3506 1795 3520 1808 ’
3548 1781 3665 1843 πῶς
3697 1781 3883 1833 τοίνυν
3918 1781 4031 1834 πᾶ-

2443 1882 2543 1918 σαν
2571 1866 2730 1936 ἡμῶν
2763 1866 3077 1939 διαρῤήξεις
3116 1867 3214 1938 τὴν
3248 1867 3529 1936 φάλαγγα,
3559 1871 3891 1934 τοσαυτάκις
3923 1873 4026 1925 ὑπὸ

2444 1958 2834 2028 μειρακυλλίου
2869 1958 3190 2028 τηλικούτου
3216 1961 3549 2013 καταπεσών
3573 1978 3587 2025 ;
3616 1962 3908 2031 Θυμωθεὶς
3934 1961 4026 2018 οὑν

2439 2047 2532 2100 ἐπὶ
2563 2049 2673 2111 τοῖς
2716 2047 2985 2111 τοιούτοις
3029 2047 3379 2119 Μαξιμιανδς
3414 2051 3443 2102 ὀ
3481 2052 3809 2123 παμμιαρδς
3846 2055 4029 2125 ῥήμαο

2441 2156 2546 2203 σιν,
2579 2138 2674 2191 καλ.
2710 2139 2955 2207 πυρίνοις
2990 2138 3153 2190 αὑτὸν
3180 2139 3661 2209 περιϐλεψάμενος
3692 2142 4020 2213 ὀφθαλμοῖς,

2439 2227 2640 2295 τρίζων
2671 2227 2790 2278 κατ’
2821 2227 2989 2279 αὑτοῦ
3013 2228 3143 2289 τοὺς
3173 2228 3397 2291 ὀδόντας
3446 2233 3539 2282 καὶ
3574 2231 4025 2304 βουλόμενος-δῆ-

2442 2312 2533 2366 θεν
2556 2314 2647 2367 τὸν
2704 2316 3107 2386 τρισμακάριον
3142 2317 3459 2387 Μαυρίκιον
3513 2320 4025 2391 πικρῶςάνταμεί-

2439 2404 2668 2475 ψασθαι,
2704 2406 2920 2460 κελεύει
2971 2407 3049 2477 τῷ
3084 2409 3499 2481 σπεκουλάτωρι
3535 2411 3655 2463 κατ’
3710 2412 4023 2483 ὀφθαλμοὺς

2436 2497 2531 2552 τοῦ
2558 2502 2765 2570 πατρὸς
2796 2501 3240 2571 διαχειρίσασθαι
3266 2503 3357 2557 τὸν
3384 2504 3588 2567 παῖδα,
3623 2506 3719 2558 καὶ
3754 2506 4022 2577 παρόντος

2437 2590 2603 2644 αὑτοῦ
2662 2591 2759 2643 καὶ
2783 2589 3061 2661 θεωμένου
3110 2594 3201 2647 τὸν
3259 2596 3375 2648 υἱὸν
3408 2596 3507 2666 τὴν
3536 2596 3730 2651 τούτου
3764 2598 4012 2669 κεφαλὴν

2438 2680 2473 2735 ά
2484 2699 2604 2734 ποτε
2615 2684 2757 2751 μεῖν.

2510 2772 2610 2825 IB'.
2661 2770 2847 2841 Τούτῳ
2884 2772 3065 2827 τοίνυν
3113 2774 3200 2859 τῷ.
3221 2774 3409 2847 τρόπῳ
3436 2776 3706 2831 Φωτεινοῦ
3738 2780 3835 2831 τοῦ
3866 2798 4017 2851 τρισ-

2439 2863 2714 2936 μακαρίου
2756 2864 2854 2935 τὴν
2891 2867 3139 2936 κεφαλὴν
3170 2868 3585 2938 ἀποτμηθέντος
3608 2871 3701 2922 καὶ
3724 2870 3821 2942 τὴν
3849 2873 4020 2943 καλὴν

2436 2957 2704 3027 ἐκδημίαν
2739 2958 2875 3027 πρὸς
2937 2959 3070 3011 Θεὸν
3128 2960 3565 3032 ἐκδημήσαντος,
3624 2965 3955 3034 Μαυρίκιος,
3989 2972 4019 3017 6

2435 3048 2701 3117 ἀοίδιμος,
2756 3048 2897 3120 ἔφη·
2965 3050 3323 3122 Ἐπλήρωσας
3360 3055 3520 3124 ὴμῶν
3566 3058 3664 3126 τὴν
3692 3056 4014 3128 ἐπιθυμίαν,

761 3159 953 3205 ranne,
977 3152 1034 3196 et
1078 3142 1146 3194 de
1196 3150 1394 3193 caetero
1430 3139 1647 3191 ﬁrmum
1678 3146 1733 3193 et
1780 3138 2035 3191 stabilem
2068 3138 2335 3194 habemus

2442 3139 2687 3212 τύραννε,
2723 3143 2814 3195 καλ⁵
2842 3142 3028 3196 λοιπὸν
3069 3143 3290 3214 βέϐαιον
3318 3148 3675 3218 ἐκτησάμεθα
3724 3151 3816 3202 τὸν
3848 3154 4015 3223 οὐρά-

758 3251 982 3291 cursunt
1014 3234 1315 3289 cmlestem.
1340 3232 1475 3299 Quis
1495 3232 1641 3287 enim
1670 3247 1737 3287 ex
1764 3238 1953 3288 nostra
1977 3230 2331 3289 multitudine

758 3332 1054 3389 sustinebit
1104 3330 1353 3400 superari
1391 3344 1420 3383 a
1470 3329 1707 3385 Photino
1742 3328 1948 3384 Christi
1985 3330 2181 3394 milite,
2235 3331 2331 3399 qui

757 3426 1012 3494 migravit
1044 3425 1095 3476 in
1116 3424 1339 3486 caelum,
1373 3430 1429 3475 et
1455 3420 1663 3489 pudore
1686 3420 1874 3476 affecit
1928 3431 2140 3491 patrem
2173 3431 2330 3475 tuum

758 3511 1083 3569 diabolum?
1130 3511 1210 3565 Ad
1254 3510 1371 3566 hac
1420 3509 1616 3580 majori
1656 3508 1845 3564 studio
1889 3518 1945 3564 et
1972 3511 2333 3566 contentione

760 3616 1159 3663 tormentorum
1192 3605 1248 3657 in
1280 3619 1381 3658 nos
1434 3604 1687 3674 excogita
1717 3602 2016 3667 cruciatus,
2045 3612 2099 3658 et
2128 3603 2264 3658 nihil
2298 3619 2328 3659 a

759 3708 810 3753 te
840 3698 1294 3768 pratermittatur
1329 3709 1523 3749 eorum
1576 3710 1697 3765 quae
1729 3695 1967 3766 probant
1994 3712 2063 3750 an
2114 3697 2329 3751 firmam

754 3800 810 3844 et
866 3790 1200 3844 immobilem
1254 3787 1415 3842 ﬁdem
1480 3786 1702 3841 Christo
1747 3801 2052 3840 servemus.
2102 3786 2332 3851 Quando

734 3873 938 3936 'autem
980 3881 1118 3934 vidit
1172 3879 1537 3933 Maximianus
1574 3889 1792 3933 sanctos
1821 3877 2029 3934 Christi
2062 3888 2331 3949 martyres

756 3984 1012 4045 prompto
1042 3980 1097 4026 et
1141 3971 1307 4025 alacri
1344 3970 1529 4025 animo
1588 3972 1982 4041 perpetientes,
2019 3980 2075 4024 et
2122 3981 2327 4025 rectam

753 4081 906 4119 suam
938 4064 1097 4117 [idem
1115 4078 1223 4115 non
1249 4062 1592 4123 deserentes.
1611 4070 1915 4114 convocato
1941 4077 2040 4116 suo
2083 4062 2327 4116 belluino

752 4165 809 4209 et
838 4155 1136 4207 inhumano
1169 4159 1384 4215 senatu,
1412 4166 1535 4207 cum
1596 4151 1676 4207 eis
1726 4152 2097 4216 consultabat,
2131 4168 2326 4222 quem-

752 4245 1045 4301 admodum
1106 4252 1327 4299 sanctos
1380 4253 1651 4314 martyres
1686 4254 1862 4299 morte
1903 4243 2328 4300 aiiiceretacero

752 4338 997 4398 bissima,
1026 4351 1121 4404 per
1146 4350 1285 4405 quos
1309 4344 1577 4388 terrorem
1610 4333 1835 4388 afferret
1861 4334 2213 4400 Christianis,
2232 4337 2325 4405 qui

750 4437 908 4483 crant
940 4426 994 4480 iu
1031 4433 1145 4480 toto
1175 4424 1308 4479 orbe
1343 4433 1635 4487 terrarum,
1669 4433 1724 4478 et
1772 4424 2037 4489 ediceret,
2090 4436 2151 4479 ut
2193 4425 2324 4479 defi—

2434 3250 2545 3286 νιον
2574 3233 2773 3304 δρόμον
2794 3251 2807 3265 ·
2843 3235 2924 3297 τίς
2948 3236 3058 3304 γὰρ
3086 3236 3151 3287 ἐκ
3174 3236 3273 3305 τῆς
3298 3238 3573 3308 ἡμετέρας
3597 3240 3847 3306 ἀνέξεται
3880 3244 4017 3313 πλη-

2434 3324 2558 3386 θύος
2582 3322 2743 3395 ἦττον
2769 3326 3007 3394 φανῆναι
3042 3326 3136 3378 τοῦ
3177 3328 3415 3396 Χριστοῦ
3442 3331 3778 3401 στρατιώτου
3812 3335 4006 3386 ⁴Ιδωτει-

2432 3415 2548 3479 νοῦ,
2606 3415 2700 3468 τού
2736 3416 2873 3486 πρὸς
2921 3418 3155 3487 οὐρανὸν
3196 3418 3608 3488 ἐκδημήσαντος
3670 3431 3764 3478 καὶ
3798 3426 3891 3478 τὸν
3923 3427 4013 3481 σὺν

2434 3507 2648 3577 πατέρα
2680 3509 3148 3578 καταισχύναντος
3181 3509 3464 3577 διά6ο>.ον;
3492 3514 3633 3583 Πρὸς
3656 3516 3830 3569 ταῦτα
3860 3520 4013 3586 φιλοο

2430 3601 2625 3671 τίμους
2682 3601 2792 3655 τῶν
2851 3600 3296 3673 βασανιστηρίων
3336 3604 3545 3656 ἐπινόει
3579 3604 3701 3658 καθ’
3726 3607 3884 3675 ἡμῶν
3919 3610 4014 3671 τὰς

2432 3694 2684 3758 κολάσεις
2714 3696 2811 3749 καὶ
2850 3696 3020 3767 μηδέν
3056 3714 3142 3751 σοι
3179 3698 3606 3769 παραλελείφθω
3643 3698 3753 3751 τῶν
3780 3701 4012 3770 δοκιμα-

2434 3783 2636 3847 ζόντων
2670 3788 2815 3854 ἡμᾶς
2842 3790 2891 3839 εἰ
2920 3787 3150 3855 βεσαίαν
3176 3791 3253 3860 τῷ
3296 3793 3524 3861 Χριστῷ
3575 3794 3668 3846 καὶ
3712 3793 4011 3847 ἀσάλευτον

2432 3877 2533 3944 τὴν
2565 3876 2748 3930 πίστιν
2778 3879 3300 3949 παραφυλάττομεν.
3338 3884 3464 3935 Ὅτε
3488 3881 3581 3938 οὖν
3603 3882 3743 3937 είδεν
3774 3887 3802 3937 ό
3835 3885 4012 3951 Magi-

2435 3969 2628 4038 μιανός
2681 3970 2807 4033 τοὺς
2863 3970 3054 4038 ἁγίους
3084 3970 3179 4022 τοὺ
3211 3970 3453 4040 Χριστοῦ
3493 3975 3782 4045 μάρτυρας
3835 3979 3893 4028 ἐν
3921 3977 4009 4046 βι-

2432 4061 2571 4130 σαίῳ
2598 4063 3003 4133 καρτεροῦντας
3025 4065 3120 4116 καὶ
3150 4065 3248 4131 τῆς
3270 4064 3451 4117 αὐτῶν
3476 4064 3643 4135 ὀρθῆς
3666 4068 3724 4118 οὑ
3755 4070 4011 4136 μεθιστα-

2434 4153 2630 4222 μένους
2668 4153 2926 4218 πίστεως,
2984 4158 3469 4228 συγκαλεσάμενος
3501 4157 3669 4211 αὑτοῦ
3706 4158 3805 4228 τὴν
3840 4162 4010 4213 ἀπάν-

2430 4250 2648 4318 θρωπον
2676 4250 3001 4321 σύγκλητον,
3029 4253 3347 4306 ἐϐουλεύετο
3372 4255 3491 4323 μετ’
3518 4254 3717 4317 αὑτῶν,
3748 4255 3865 4318 πῶς
3885 4259 4008 4319 τοὺς

2434 4343 2631 4410 ἁγίους
2662 4343 2882 4412 θανάτῳ
2915 4345 3233 4415 πικροτάτῳ
3259 4346 3515 4410 διάθοιτο,
3536 4349 3606 4402 δι’
3626 4343 3701 4403 ῶν
3738 4351 3866 4412 τοὺς
3906 4349 4008 4402 ἀνά

2433 4439 2613 4490 πᾶσαν
2649 4438 2747 4505 τὴν
2771 4439 3104 4511 οίκουμένην
3126 4440 3492 4511 Χριστιανοὺς
3523 4443 3883 4514 ἐκφοϐήσειεν
3915 4448 4008 4499 καὶ

750 4527 936 4576 cercnt
962 4534 989 4571 a
1025 4526 1213 4571 sancta
1258 4527 1315 4571 et
1344 4516 1477 4569 nulli
1512 4514 1657 4569 afﬁni
1716 4516 2135 4583 reprehensioni
2192 4518 2321 4571 reli-

2442 4533 2526 4597 ιῆς
2544 4502 2845 4601 ἀμωμήτου
2864 4502 3162 4603 θρησκείας
3179 4502 3489 4603 ἀποστῆσαι
3509 4502 4007 4601 παρασκευάσειεν.

749 4613 908 4682 gione
935 4608 1398 4663 Christianorum.
1428 4607 1584 4661 Tunc
1618 4622 1741 4660 cum
1773 4607 1876 4677 ipsi
1897 4607 2065 4660 multa
2095 4608 2317 4661 consul-

751 4709 977 4762 tassent,
1007 4708 1061 4752 et
1109 4698 1250 4751 alius
1280 4698 1383 4749 alia
1430 4698 1696 4752 dixissent
1730 4717 1743 4753 :
1776 4698 1998 4768 quidam
2025 4712 2092 4752 ex
2121 4699 2189 4752 iis
2222 4700 2317 4768 qui

749 4796 803 4849 in
827 4801 1490 4853 senatuinconvenerant,
1524 4790 1614 4859 qui
1649 4802 1769 4847 erat
1797 4793 1950 4848 radix
1972 4794 2308 4854 acerbitatis,

746 4894 802 4937 et
835 4884 1047 4937 fructus
1082 4882 1364 4951 nequitia,
1398 4892 1451 4935 et
1480 4884 1725 4951 cujusvis
1756 4884 1986 4940 alterius
2015 4886 2237 4940 malitia:
2261 4896 2317 4942 et

746 4972 1028 5044 injustitize
1086 4972 1253 5024 arbor
1302 4970 1661 5031 feracissima,
1718 4974 2003 5027 consuluit
2060 4982 2313 5045 tyranno,

746 5068 937 5120 dicens
968 5084 980 5118 :
1014 5064 1337 5132 imperator,
1373 5064 1462 5117 hic
1498 5065 1699 5117 mensis
1729 5073 1812 5118 est
1848 5076 2062 5135 tempus
2090 5069 2312 5123 maximi

745 5170 912 5213 aestus
940 5159 1080 5227 (erat
1108 5157 1254 5211 enim
1286 5164 1416 5209 tunc
1445 5155 1648 5209 mensis
1672 5156 1896 5227 Julius),
1922 5159 2060 5214 situs
2082 5170 2164 5215 est
2184 5176 2314 5216 vero

744 5264 895 5307 cura
927 5250 1203 5306 civitatem
1238 5264 1429 5303 versus
1459 5248 1804 5303 occidentem
1836 5250 1979 5305 inter
2024 5252 2183 5315 duos.
2218 5254 2312 5323 qui

744 5349 970 5411 propter
1018 5355 1138 5393 eam
1170 5340 1260 5393 siti
1282 5348 1430 5403 sunt,
1464 5340 1659 5395 ﬂuvios
1686 5350 1740 5395 et
1783 5342 1984 5403 lacum,
2014 5345 2167 5398 locus
2211 5362 2311 5414 po—

742 5434 914 5488 situra
944 5430 1167 5502 quidem
1188 5432 1407 5500 planus,
1439 5431 1563 5485 fcno
1592 5442 1771 5486 autem
1792 5433 1988 5501 plenus
2018 5444 2073 5488 et
2100 5435 2311 5493 infinita

742 5524 846 5579 alia
878 5524 1103 5578 materia
1131 5543 1147 5575 -.
1171 5538 1357 5592 quem,
1379 5525 1473 5593 qtti
1505 5525 1558 5578 in
1583 5537 1648 5579 eo
1669 5523 1791 5578 loco
1817 5526 2085 5591 habitant,
2115 5539 2311 5583 vocant

741 5617 971 5686 Rogam,
994 5625 1284 5685 propterea
1314 5617 1457 5685 quod
1486 5616 1556 5670 sit
1582 5632 1867 5687 vesparum
1887 5632 1949 5671 ac
1975 5619 2308 5678 crabronum

742 5709 999 5765 acerbum
1028 5708 1422 5770 habitaculum.
1461 5722 1600 5778 quos
1635 5709 1865 5764 meridie
1898 5726 1965 5765 ne
1990 5711 2148 5767 facile
2177 5716 2303 5784 qui-

747 5802 868 5857 dem
894 5804 1073 5873 potest
1093 5802 1289 5873 aliquis
1314 5801 1546 5858 transire
1570 5801 1690 5857 sine
1711 5802 1980 5871 periculo.
2013 5804 2148 5862 lube
2181 5823 2310 5877 ergo

2429 4616 2523 4684 Εἷς
2553 4622 2645 4676 οὖν
2679 4624 2789 4676 τῶν
2825 4625 3190 4706 συνελθόντων
3220 4630 3278 4682 ἐν
3303 4632 3367 4700 τῇ
3410 4631 3724 4702 συγκλήτῳ,
3761 4633 3889 4703 ῥίζα
3924 4650 4009 4684 πι-

2432 4714 2593 4781 κρίας
2644 4713 2908 4781 ὑπάρχων
2960 4716 3055 4769 καὶ
3109 4719 3377 4789 πονηρίας
3430 4722 3663 4790 καρπὸς,
3698 4723 3793 4774 καὶ
3826 4720 4006 4790 πάσης

2429 4804 2644 4866 ἀδικίας
2672 4804 3122 4877 πολυφορώτατον
3152 4809 3393 4879 δένδρον,
3423 4812 3776 4866 συνεϐούλευε
3804 4812 3885 4882 τῷ
3909 4829 4001 4864 τυ-

2431 4895 2609 4967 ράννῳ
2636 4896 2844 4964 λέγων·
2897 4899 2954 4952 ’0
2988 4901 3098 4969 μὴν
3122 4894 3282 4963 οὗτος
3310 4902 3593 4967 καύσωνός
3630 4906 3747 4957 ἐστι
3778 4905 4002 4975 καιρός⁶

2432 4988 2677 5056 πάνεμος
2710 4990 2819 5059 γὰρ
2849 4990 2956 5060 μὴν
2987 4992 3291 5061 τηνικαῦτα
3330 4992 3701 5062 καθέστηκεν’
3736 4997 4004 5063 παράκει-

2427 5093 2518 5130 ται
2563 5077 2619 5130 δέ
2680 5078 2784 5143 ἔξω
2818 5083 2916 5150 τῆς
2956 5082 3168 5142 πόλεως
3224 5085 3366 5140 κατά
3421 5087 3483 5138 τὸ
3516 5086 3738 5138 δυτικὸν
3789 5085 3998 5156 κλῆμα,

2433 5168 2635 5237 μεταξὺ
2676 5170 2782 5223 τῶν
2817 5173 3239 5243 προσκειμένων
3267 5176 3471 5247 ταύτην
3493 5176 3587 5232 δύο
3610 5178 3875 5248 ποταμῶν
3908 5182 4001 5234 καὶ

2428 5260 2529 5328 τῆς
2567 5261 2781 5330 λίμνης,
2845 5263 3009 5325 τόπος
3042 5265 3243 5335 ὅμαλος
3281 5268 3380 5338 μέν
3405 5272 3471 5339 τῇ
3509 5270 3682 5333 θέσει,
3716 5270 3914 5340 χόρτου
3945 5271 3999 5324 δὲ

2429 5351 2525 5404 καὶ
2568 5351 2731 5421 λυτῆς
2768 5352 2898 5423 ὕλης
2955 5356 3185 5426 ἀπείρου
3222 5359 3437 5428 μεστὸς,
3468 5360 3526 5413 δν
3556 5362 3602 5413 oi
3634 5362 3877 5415 ἐντόπιοι
3908 5362 4001 5432 (.6-

2432 5460 2537 5512 γαν
2568 5446 3001 5515 ἐπονομάζουσιν
3033 5450 3120 5504 διὰ
3146 5452 3207 5504 τὸ
3236 5454 3465 5523 σφηκῶν
3514 5454 3606 5507 καὶ
3649 5457 3999 5525 χαλκομυῖῶν

2426 5537 2621 5606 πικρὸν
2651 5537 2993 5607 καταγώγιον
3025 5543 3309 5613 ὑπάρχων,
3338 5545 3615 5599 κωνώπων
3646 5564 3704 5601 τε
3734 5548 3829 5601 καὶ
3852 5566 4001 5603 σκνι-

2424 5626 2542 5680 πῶν
2598 5629 3031 5701 πεπληρωμένον
3089 5635 3314 5705 χωρίον,
3360 5636 3453 5700 οὓς
3518 5638 3637 5691 ούδέ
3701 5643 3999 5713 παρελθεῖν

2420 5738 2542 5774 τινα
2592 5724 2892 5788 ἀκινδύνως
2941 5728 2998 5778 ἐν
3042 5729 3362 5802 μεσημδρίςμ⁸
3403 5732 3744 5804 καθέστηκεν
3775 5734 3993 5804 ῥᾴδιον·

2418 5814 2675 5879 κέλευσον
2706 5815 2795 5869 οὖν
2821 5817 3111 5888 χρισθῆναι
3153 5821 3276 5890 μέλι
3328 5823 3395 5876 τὰ
3422 5823 3650 5895 σώματα
3684 5826 3869 5880 αὐτῶν
3897 5836 3995 5891 καὶ
