4230 6436
246 455 358 522 369

1213 442 1386 502 VlTA
1426 442 1529 502 SS.
1578 436 1950 499 MAURITII
1988 435 2084 497 ET
2118 438 2531 500 S‘OClOllUM.

3386 439 3494 501 370

238 572 298 623 ὲν
329 568 477 638 αὐτῷ
506 561 872 636 δεσμευθῆναι
919 561 1201 629 ζωῦφίοις,
1239 561 1332 613 καὶ
1357 561 1413 610 ἐν
1453 557 1625 627 ταύτῃ
1653 572 1820 609 καταο
1848 556 1897 614 Δ

1848 556 1897 614 Δ
1924 567 2114 608 eorum
2151 570 2381 624 corpora
2441 553 2566 623 ungi
2600 551 2778 616 melle,
2811 561 2865 604 et
2921 552 2973 604 in
3024 565 3091 604 eo
3125 551 3497 622 alligabuntur

235 662 499 730 λήψονται
520 659 736 711 πάντων
758 654 865 708 τῶν
885 651 1266 723 προλαϐουσῶν
1293 649 1544 721 βασάνων
1573 647 1814 716 ἀλγεινό-

237 770 397 824 τερον
427 751 674 819 ὅλεθρον,
723 749 816 802 καὶ
849 745 1150 813 γνώσονται
1190 744 1266 812 μὴ
1316 741 1656 812 βλασφημεῖν
1690 740 1816 801 τοὺς

237 847 493 908 αἰωνίους
523 845 682 914 ήμῶν
725 841 906 903 θεοὺς,
951 839 1044 892 καὶ
1085 837 1136 890 τί
1165 837 1226 889 τὸ
1271 834 1506 905 βαδίζειν
1535 833 1630 902 τὴν
1663 835 1816 885 ἐναν-

233 938 362 992 τίαν
391 942 504 999 τοῖς
532 933 840 1006 βασιλεῦσιν
864 931 978 982 ὁδὸν
1009 929 1136 991 τοὺς
1167 927 1544 996 τολμήσαντας
1575 923 1812 991 ὤνησαν.

310 1026 412 1083 ῙΓ.
447 1029 555 1080 Καὶ
609 1025 805 1094 ἤρεσεν
856 1021 915 1073 τὸ
945 1019 1098 1089 ῥῆμα
1140 1018 1234 1069 καὶ
1264 1019 1297 1086 ἡ
1351 1014 1516 1085 βουλὴ
1572 1013 1708 1081 αὓτη
1738 1010 1815 1081 τῷ

239 1119 452 1189 βασιλεῖ
478 1117 572 1169 καὶ
603 1114 752 1182 πάσῃ
775 1114 840 1181 τῇ
876 1109 1165 1179 συγκλήτῳ
1185 1123 1198 1136 ·
1245 1105 1340 1158 καὶ
1367 1105 1576 1158 κελεύει
1606 1105 1632 1156 6
1659 1103 1815 1172 βασι-

235 1211 365 1271 λεὺς
393 1206 566 1275 ταύτῃ
591 1206 658 1274 τῇ
691 1203 933 1273 τιμωρίᾳ.
960 1200 1159 1262 αὐτοὺς
1199 1196 1602 1266 παραδοθῆναι.
1649 1195 1714 1247 Oi
1756 1193 1812 1246 δὲ

234 1301 335 1369 τῆς
361 1299 572 1361 ἀδικίας
605 1296 880 1366 ὑπηρέται
905 1293 1004 1362 τὴν
1029 1288 1383 1362 μεσημϐρίαν
1423 1288 1815 1355 σκοπήσαντες,

234 1395 334 1446 καὶ
363 1391 551 1462 καιρὸν
575 1389 811 1459 ἠρεμίας
845 1384 1294 1454 ἐπιτηρήσαντες,
1327 1382 1385 1432 ὲν
1414 1373 1456 1447 ᾧ
1485 1379 1651 1446 πνοῆς
1683 1377 1812 1430 ἀνέ-

239 1504 359 1557 μων
384 1481 717 1554 ἀμοιροῦντα
741 1479 848 1532 τῶν
880 1477 1138 1545 ζωῦφίων
1167 1474 1233 1525 τὰ
1266 1471 1442 1541 πλήθη
1488 1470 1814 1538 τυγχάνουσι

234 1579 354 1640 τοῖς
382 1574 830 1646 παρεμπίπτουσι
869 1570 1084 1638 σώμασι
1122 1566 1340 1636 βαθεῖαν
1374 1563 1472 1634 τὴν
1505 1562 1696 1634 τρῆσιν
1720 1561 1815 1613 καὶ

233 1669 516 1722 ἐπώδυνον
589 1664 1024 1734 ἀπεργάζονται·
1082 1659 1348 1728 δήσαντες
1404 1654 1626 1708 ἁλύσεσι
1691 1657 1816 1717 τοὺς

233 1759 429 1826 ἁγίους
460 1757 773 1827 κατήγαγον
803 1756 882 1816 είς
903 1752 993 1803 τὸν
1023 1750 1188 1802 τόπον
1225 1749 1316 1799 καὶ
1351 1746 1568 1814 δίυγρον
1597 1743 1818 1809 ὲκλεΞάο

237 1869 393 1919 μενοι
425 1851 607 1913 τῧπον,
665 1846 877 1913 ἀεννάῳ
930 1845 1083 1911 πηγῇ
1144 1839 1576 1907 παρακείμενον,
1641 1836 1700 1900 ἐξ
1751 1832 1818 1907 ἦς

1927 647 2278 710 animalcula,
2314 657 2372 700 ut
2404 645 2457 698 in
2512 645 2616 700 hoc
2646 644 2894 699 cruciatu
2931 643 3172 697 sentiant
3209 644 3497 698 interitum

1927 738 2232 808 graviorem
2259 737 2551 792 tormentis
2592 735 2872 798 omnibus,
2901 750 3021 804 quae
3069 746 3493 803 prmcesserunt,

1927 839 1983 883 et
2034 839 2387 899 cognoscant,
2437 845 2547 882 non
2593 843 2713 882 esse
2772 827 3084 881 maledictis
3147 826 3504 884 incessendos

1928 922 2164 976 invictos
2204 931 2425 976 nostros
2443 929 2498 974 et
2523 930 2760 975 aeternos
2785 920 2940 975 deos.

2000 1014 2138 1068 Xlll.
2173 1012 2297 1068 Haec
2325 1029 2458 1083 ergo
2491 1028 2614 1067 cum
2670 1013 2898 1066 dixisset
2926 1013 3200 1080 pessimus
3245 1021 3301 1065 et
3327 1013 3495 1068 scele-

1928 1107 2238 1162 ratissimus
2269 1106 2357 1160 ille
2391 1114 2637 1172 senator,
2671 1107 2790 1176 ejus
2833 1105 3121 1160 consilium
3153 1106 3359 1175 placuit
3395 1105 3501 1158 im-

1927 1199 2163 1270 peratori
2185 1209 2239 1252 et
2270 1199 2530 1254 universo
2559 1199 2793 1260 senatui,
2816 1209 2872 1254 et
2893 1198 3052 1268 jubet
3083 1199 3382 1267 imperator
3403 1213 3496 1253 eos

1925 1293 2062 1347 tradi
2096 1293 2225 1347 huic
2245 1291 2532 1360 supplicio.
2565 1291 2701 1344 Cum
2732 1291 2917 1361 itaque
2960 1291 3247 1344 meridiem
3301 1291 3502 1344 obser-

1925 1395 2149 1439 vassent
2194 1384 2428 1438 ministri
2461 1382 2792 1452 iniquitatis.
2816 1393 2873 1436 et
2918 1393 3132 1452 tempus
3158 1381 3496 1451 quietum,in

1928 1491 2061 1545 quo,
2092 1476 2223 1530 flatu
2247 1483 2536 1529 ventorum
2568 1473 2810 1526 carentia
2836 1474 3116 1539 animalia,
3146 1473 3504 1542 corporibus,

1928 1581 2050 1636 quae
2108 1567 2382 1630 incidunt,
2415 1579 2633 1636 gravem
2660 1575 2714 1620 et
2756 1565 3040 1620 molestam
3081 1565 3323 1619 cilicium
3375 1581 3500 1635 pcr-

1927 1658 2279 1722 forationem,
2306 1657 2520 1712 catenis
2542 1659 2762 1712 vinctos
2814 1657 3164 1711 deduxerunt
3195 1667 3413 1710 sanctos
3445 1655 3501 1709 in

1928 1750 2082 1820 prius
2102 1749 2311 1803 dictum
2334 1749 2516 1803 locum
2549 1768 2561 1803 :
2603 1759 2655 1804 et
2679 1764 2804 1804 cum
2837 1749 3103 1803 obiissent
3129 1757 3183 1802 et
3206 1748 3502 1817 elegissent

1929 1844 2110 1897 locum
2153 1841 2461 1903 humidum,
2494 1841 2660 1894 situm
2686 1856 2858 1910 prope
2885 1841 3088 1894 fontem
3119 1855 3418 1909 perennem
3444 1849 3502 1893 et

236 1942 435 2012 ἰλυώδη
477 1939 722 2008 τέλματα
754 1936 965 2002 πέφυκε
1001 1930 1268 2000 γίνεσθαι,
1303 1922 1363 1981 οῦ
1399 1929 1494 1980 καὶ
1520 1930 1820 1998 ἐπιχωριά-
1857 1899 1896 1954 Β

1857 1899 1896 1954 Β
1928 1935 2206 1998 limosum,
2240 1949 2306 1989 ex
2344 1948 2452 2001 quo
2490 1933 2674 2010 enasci
2708 1934 2891 1988 solent
2946 1933 3156 1986 limosae
3185 1932 3396 1985 lacuna:
3446 1942 3514 1986 et

234 2035 354 2097 ζειν
397 2030 540 2099 φιλεῖ
575 2030 608 2098 ή
661 2025 772 2078 τῶν
828 2020 1255 2093 προρρηθέντων
1296 2017 1550 2087 ζωῡφίων
1583 2017 1814 2085 πληθὺς,

234 2127 454 2196 χρίουσι
488 2124 584 2189 μὲν
613 2122 724 2173 τῶν
773 2118 946 2182 άγίων
985 2116 1108 2186 μέλι
1139 2112 1208 2168 τὰ
1255 2117 1415 2183 τίμια
1445 2112 1695 2182 σώματα,
1731 2111 1816 2164 δε-

236 2218 438 2287 σμοῦσι
461 2215 513 2266 δὲ
553 2211 742 2283 βιαίως
777 2209 954 2277 ξύλοις
1001 2207 1144 2262 κατὰ
1166 2208 1254 2261 τὸν
1307 2207 1469 2260 αὐτὸν
1515 2209 1694 2270 τόπον,
1730 2205 1815 2275 ῥί-

231 2309 438 2376 ψαντες
464 2305 557 2355 καὶ
592 2301 653 2354 τδ
695 2300 877 2371 τίμιον
920 2297 1078 2368 σῶμα
1112 2296 1406 2358 Φωτεινοῦ,
1433 2297 1526 2350 τοῦ
1563 2297 1812 2367 ἀοιδίμου

237 2400 538 2469 μάρτυρος,
566 2394 672 2466 πρὸ
705 2393 1001 2465 προσώπου
1028 2391 1122 2444 τοῦ
1151 2389 1318 2444 αὐτοῦ
1351 2391 1557 2461 πατρὸς
1599 2391 1816 2460 Μαυρι-

235 2489 360 2540 κίου
397 2486 490 2540 τοῦ
518 2484 902 2553 πανευφήμου,
937 2480 1163 2550 μείζονα
1210 2479 1484 2548 τιμωρίαν
1531 2481 1595 2532 ὲκ
1626 2480 1814 2533 τούτου

237 2578 540 2648 προσάγειν
572 2573 722 2644 αὐτῷ
770 2569 1131 2638 λογιζόμενοι.
1181 2568 1355 2620 Τοῦτο
1387 2567 1690 2637 πράξαντες
1719 2571 1817 2640 τὴν

235 2671 501 2738 ταχίστην
533 2663 907 2734 ἀνεχώρησαν,
930 2661 1007 2731 μὴ
1050 2662 1310 2732 φέροντες
1332 2660 1430 2731 τὴν
1456 2660 1562 2713 τῶν
1594 2661 1816 2715 ἰοϐόλων

239 2760 498 2828 ζωῦφίων
536 2754 868 2828 προσϐολήν.
899 2754 1441 2825 Διακαρτερήσαντες
1468 2750 1560 2808 οὖν
1589 2755 1638 2807 οι
1673 2754 1819 2823 ἆγιοι

239 2853 454 2920 ἡμέρας
493 2866 550 2901 τε
600 2848 690 2901 καὶ
738 2847 942 2909 νύκτας
988 2846 1141 2908 δέκα,
1173 2847 1240 2913 τῇ
1292 2847 1466 2913 πικρᾷ
1508 2845 1684 2916 ταύτῃ
1724 2847 1820 2898 καὶ

237 2941 553 3009 ἀνυποίστῳ
583 2939 821 3008 βασάνῳ,
856 2935 1238 2997 ἀνατείναντες
1281 2933 1342 2987 ’τὸ
1380 2933 1535 3003 ὄμμα
1566 2936 1702 3005 πρὸς
1727 2938 1818 2987 τὸν

237 3034 396 3097 Θεὸν,
438 3031 670 3102 ηὔξαντο
718 3031 1005 3097 λέγοντεςο
1064 3027 1239 3097 Κύριε
1268 3065 1282 3090 ,
1335 3027 1363 3079 6
1398 3026 1531 3089 Θεὸς
1584 3027 1762 3097 ἡμῶν,
1792 3029 1819 3079 6

241 3127 440 3188 κτίσας
464 3127 610 3195 ἡμᾶς
644 3121 764 3174 κατ’
795 3121 979 3174 εἰκόνα
1021 3119 1121 3189 σὴν
1151 3121 1246 3171 καὶ
1281 3117 1565 3188 ὁμοίωσιν,
1597 3122 1691 3171 καὶ
1729 3119 1814 3171 ὁδ-

1926 2025 2238 2094 voragines,
2276 2025 2370 2079 ubi
2400 2025 2566 2079 etiam
2595 2025 2736 2080 solet
2785 2025 2987 2097 degere
3026 2023 3320 2079 multitudo
3349 2025 3501 2094 ejus-

1925 2112 2073 2164 modi
2106 2113 2588 2174 animalculorum,
2623 2115 2783 2168 melle
2817 2115 3040 2184 quidem
3110 2122 3323 2184 ungunt
3374 2127 3506 2168 san-

1925 2217 2136 2260 ctorutn
2165 2203 2476 2258 veneranda
2504 2220 2737 2274 corpora
2764 2223 2775 2258 :
2815 2206 2980 2272 lignis
3005 2216 3188 2260 autem
3215 2220 3312 2259 eos
3336 2209 3503 2259 velte-

1926 2307 2140 2353 menter
2197 2296 2424 2367 alligant
2453 2295 2506 2349 in
2547 2311 2614 2350 eo
2640 2296 3076 2366 loco,jacientes
3114 2297 3280 2350 etiam
3329 2311 3502 2349 vene-

1929 2391 2158 2445 randum
2181 2405 2383 2459 corpus
2415 2387 2604 2460 inclyti
2633 2387 2890 2459 martyris
2915 2387 3134 2443 Pltotini
3154 2397 3280 2442 ante
3305 2387 3497 2442 faciem

1928 2483 2098 2554 patris
2130 2482 2214 2537 sui
2271 2481 2549 2536 benedicti
2583 2480 2846 2544 Mauritii,
2883 2489 3201 2550 reputantes
3256 2495 3314 2534 se
3344 2494 3409 2534 ex
3435 2495 3501 2535 eo

1925 2577 1976 2629 ei
2016 2577 2189 2644 majus
2231 2575 2495 2627 allaturos
2549 2573 2903 2642 supplicium.
2957 2573 3082 2627 Haec
3111 2587 3240 2643 ergo
3264 2587 3388 2627 cum
3425 2572 3504 2626 fe-

1926 2667 2149 2729 cissent,
2181 2681 2342 2734 quam
2380 2665 2616 2733 primum
2652 2672 3020 2728 recesserunt,
3051 2674 3109 2717 ut
3148 2665 3240 2733 qui
3269 2678 3502 2717 venena-

1925 2770 2107 2813 torum
2148 2757 2608 2812 anitnalculorum
2667 2755 2895 2810 minime
2953 2759 3161 2809 ferrent
3211 2755 3498 2824 impetum.

1924 2849 2060 2904 Cum
2095 2850 2276 2917 itaque
2344 2847 2516 2901 sancti
2554 2847 2743 2902 decem
2778 2846 2896 2901 dies
2935 2855 2989 2901 et
3029 2855 3218 2901 noctes
3261 2846 3366 2900 hoc
3413 2845 3501 2899 in-

1930 2940 2215 2993 tolerabile
2283 2950 2339 2994 et
2388 2938 2649 2993 acerbum
2715 2939 3076 3008 pertulissent
3145 2939 3501 3008 supplicium,

1929 3031 2160 3086 sublatis
2196 3032 2260 3083 ad
2309 3031 2481 3084 Deum
2534 3031 2732 3093 oculis,
2759 3032 3050 3085 Dominum
3097 3031 3302 3100 precati
3351 3041 3502 3094 sunt,

1929 3122 2175 3177 dicentes
2207 3141 2217 3175 :
2249 3121 2476 3176 Domine
2521 3122 2667 3176 Deus
2695 3128 2902 3185 noster,
2922 3121 3016 3191 qui
3066 3136 3164 3186 nos
3206 3121 3402 3173 creasti
3434 3121 3503 3174 ad

239 3221 454 3288 ηγήσας
486 3217 631 3285 ἡμᾶς
689 3214 825 3283 πρὸς
849 3214 945 3281 τὴν
973 3212 1267 3279 ἐπίγνωσιν
1293 3211 1392 3278 τῆς
1432 3210 1531 3278 σῆς
1567 3210 1820 3280 ἀληθείας
1851 3251 1896 3310 C

1851 3251 1896 3310 Ο
1929 3214 2224 3284 imaginem
2247 3223 2303 3269 et
2346 3215 2769 3270 similitudinem
2805 3225 2978 3276 tuam,
3002 3222 3060 3268 et
3089 3212 3368 3268 deduxisti
3402 3225 3502 3266 nos

238 3312 338 3362 καὶ
363 3309 639 3377 θεότητος,
661 3307 754 3359 καὶ
792 3305 886 3358 τοῦ
920 3303 1243 3374 μονογενοῦς
1292 3320 1384 3355 σου
1423 3303 1579 3368 Υίοῦ,
1603 3303 1697 3356 καὶ
1728 3305 1822 3356 τοῦ

240 3400 510 3468 παναγίου
531 3399 866 3468 Πνεύματος,
889 3399 970 3452 σοὶ
996 3395 1556 3466 παρακατατιθέμεθα
1580 3396 1675 3460 τὰς
1691 3399 1825 3467 ήμε-

242 3492 414 3562 τέρας
465 3491 644 3562 ψυχὰς
683 3491 777 3544 καὶ
831 3488 1262 3559 παρακαλοῦμεν
1319 3487 1622 3552 κατατάξαι
1656 3489 1825 3551 αὐτάς

245 3585 389 3652 μετά
427 3586 643 3636 πάντων
689 3581 797 3633 τῶν
846 3579 942 3632 ἀπ’
974 3579 1173 3641 αίῶνος
1222 3579 1706 3649 εὐαρεστησάντων
1743 3597 1823 3632 σοι

240 3676 436 3741 άγίων.
481 3673 592 3726 Καὶ
616 3671 1047 3742 προσευξάμενοι
1071 3671 1398 3742 παρέδωκαν
1428 3672 1486 3723 ὲν
1513 3672 1706 3742 είρήνῃ
1727 3673 1826 3735 τὰς

240 3765 419 3834 ψυχὰς
446 3763 627 3818 αὐτῶν
659 3764 736 3834 τῷ
763 3763 903 3833 Θεῷ,
935 3763 1158 3816 καὶτῶν
1200 3763 1481 3831 στεφάνων
1515 3761 1826 3832 ἠξιώθησαν

242 3859 341 3924 τῆς
372 3859 675 3928 ἀθλήσεως.

1926 3306 1994 3359 ad
2018 3307 2354 3374 agnitionem
2398 3317 2504 3358 tuae
2529 3306 2776 3362 veritatis
2799 3316 2854 3361 et
2875 3306 3203 3370 divinitatis,
3222 3313 3278 3358 et
3303 3304 3503 3374 unige-

1927 3398 2024 3453 niti
2057 3397 2134 3452 tui
2163 3398 2306 3463 Filii,
2333 3407 2387 3452 ct
2407 3395 2738 3452 sanctissimi
2766 3407 2820 3452 et
2844 3399 3046 3453 vivifici
3074 3398 3334 3467 Spiritus,
3360 3395 3503 3466 apud

1928 3504 1979 3548 te
2029 3502 2244 3547 nostras
2294 3491 2504 3546 animas
2553 3490 2901 3560 deponimus,
2935 3499 2990 3545 et
3021 3504 3277 3558 rogamus
3327 3498 3385 3541 ut
3411 3502 3504 3541 eas

1924 3585 2161 3640 colloces
2187 3600 2310 3639 cum
2339 3583 2596 3638 omnibus
2617 3583 2840 3649 sanctis,
2871 3584 2967 3652 qui
2996 3581 3094 3637 tibi
3119 3582 3450 3651 placuerunt
3473 3595 3504 3633 ι

1929 3679 2146 3733 saeculo.
2183 3677 2450 3742 Quoniam
2482 3685 2534 3729 te
2552 3675 2866 3736 dileximus,
2889 3683 2945 3727 et
2976 3685 3024 3728 te
3057 3673 3507 3730 desideravimus

1931 3763 1999 3822 ex
2027 3776 2143 3822 toto
2171 3768 2357 3820 animo
2383 3777 2593 3827 nostro,
2613 3775 2669 3820 et
2693 3781 2792 3835 pro
2825 3773 2875 3819 te
2901 3766 3150 3834 nosipsos
3172 3765 3236 3818 ad
3273 3774 3504 3818 mortem

1934 3860 2283 3915 tradidimus.
2317 3860 2398 3914 Tu
2417 3875 2476 3915 es
2506 3859 2653 3913 enim
2682 3859 2824 3913 Deus
2857 3860 3006 3912 solus
3032 3859 3303 3928 benignus
3324 3859 3506 3912 etcle-

241 3969 420 4017 mens,
443 3961 562 4004 ette
583 3950 740 4005 decet
774 3949 946 4020 gloria
968 3949 1021 4002 in
1045 3947 1266 4002 saecula.
1320 3949 1516 4002 Amen.
1581 3947 1708 4002 Haec
1761 3965 1887 4006 cum
1927 3951 2217 4018 dixissent,
2263 3949 2375 4002 Deo
2420 3948 2769 4003 tradiderunt
2808 3947 2995 4002 beatas
3024 3957 3079 4001 et
3125 3947 3340 4004 divinas
3387 3950 3504 4005 ani-

243 4062 382 4110 mas,
415 4053 470 4099 et
499 4044 579 4099 sic
606 4043 811 4112 dignati
852 4042 1075 4096 fuerunt
1127 4044 1348 4094 coronls
1388 4039 1804 4096 decertationis.

317 4142 415 4195 ΙΔ’.
459 4141 520 4192 Ὀ
555 4139 611 4192 δὲ
654 4136 977 4208 παμμιαρδς
1033 4134 1288 4204 βασιλεὺς
1343 4134 1690 4203 Μαξιμιανὸς
1734 4137 1830 4189 καὶ

247 4234 386 4303 μετὰ
405 4233 637 4286 θάνατον
666 4232 774 4291 τοῖς
797 4229 881 4280 ἀεὶ
898 4226 1033 4290 ζῶσι
1058 4226 1403 4296 θυμούμενος
1436 4228 1672 4298 μάρτυσι
1689 4228 1830 4299 (Θεῷ

241 4327 354 4396 γὰρ
407 4324 574 4388 ζῶσιν
606 4323 653 4374 oi
692 4320 831 4372 κατά
867 4320 999 4372 Θεδν
1035 4317 1449 4386 ὲκδημήσαντες
1484 4319 1588 4370 κᾶν
1619 4319 1828 4372 ὲνθένδε

244 4413 696 4483 ἀπαλλαγῶσιν),
747 4411 988 4472 ἀκούσας
1030 4411 1111 4463 ὅτι
1142 4407 1472 4478 παρέδωκαν
1497 4408 1595 4472 τὰς
1627 4409 1824 4481 ψυχὰς,

244 4509 463 4563 κελεύει
493 4509 604 4570 τοῖς
661 4505 978 4575 δορυφόροις
1007 4501 1105 4563 τὰς
1147 4501 1345 4570 τιμίων
1373 4501 1552 4556 αὐτῶν
1585 4504 1828 4572 κεφαλάς

1999 4135 2138 4191 XIV.
2187 4135 2499 4190 Sceleratus
2529 4140 2709 4186 autem
2744 4141 2798 4184 et
2847 4129 3164 4201 tyrannicus
3209 4127 3503 4198 imperator

1928 4227 2306 4290 Maximianus,
2345 4227 2511 4278 etiam
2562 4233 2684 4291 post
2727 4232 2957 4276 mortem
2993 4221 3236 4274 irascens
3283 4234 3503 4287 semper

1927 4313 2246 4372 viventibus
2301 4315 2632 4386 martyribus
2701 4313 2835 4383 (Deo
2861 4313 3010 4366 enim
3060 4310 3270 4375 vivunt,
3315 4310 3409 4379 qui
3438 4324 3500 4362 ex

1935 4409 2048 4463 Deo
2085 4408 2448 4478 emigrarunt,
2508 4404 2722 4460 etiamsi
2764 4404 2892 4458 hinc
2941 4402 3322 4474 excesserint),
3377 4417 3505 4456 cunt

1934 4499 2235 4554 audivisset
2274 4515 2369 4554 eos
2403 4499 2654 4554 emisisse
2689 4499 2920 4562 animas,
2950 4496 3110 4567 jubet
3141 4495 3386 4549 abscindi
3414 4511 3507 4548 ve-

245 4603 505 4668 ὲκτεμεϊν
534 4600 626 4652 καὶ
661 4599 814 4668 ῥίψαι
841 4597 981 4648 κατά
1010 4595 1100 4648 τὸν
1131 4596 1292 4649 αὑτὸν
1317 4596 1503 4649 τόπον.
1523 4597 1586 4648 Ol
1614 4597 1671 4649 δὲ
1696 4614 1824 4650 κατ-
1868 4583 1904 4633 ο

1868 4583 1904 4633 ο
1934 4589 2177 4644 neranda
2197 4599 2253 4642 et
2277 4598 2464 4643 sancta
2502 4601 2692 4641 eorum
2728 4586 2933 4654 capita,
2957 4593 3012 4636 et
3035 4582 3143 4652 jaci
3174 4581 3227 4634 in
3247 4581 3505 4636 eumdem

245 4693 551 4760 αγαγόντες
593 4690 702 4743 ἀπὸ
740 4688 848 4742 τῶν
875 4686 1048 4752 ξύλων
1071 4689 1138 4741 τά
1165 4687 1350 4754 ἔνδοξα
1379 4687 1558 4743 αὐτῶν
1577 4690 1827 4759 λείψανα,

245 4787 350 4837 οὐκ
405 4783 712 4852 ἑνάρκησαν
764 4780 864 4843 τὰς
903 4777 1230 4848 σεϐασμίους
1287 4777 1470 4831 αὐτῶν
1529 4780 1827 4847 ἀποτεμεῖν

247 4875 519 4946 κεφαλὰς,
561 4872 948 4933 ἀλλὰσταύτας
989 4870 1346 4938 ἐκκόψαντες,
1395 4869 1649 4939 πανταχῆ
1686 4870 1828 4922 κατὰ

245 4971 351 5039 τὴν
401 4967 531 5036 ῦλην
595 4963 811 5035 δκείνην
853 4960 1263 5031 διεσκόρπισαν.
1328 4960 1482 5023 Τινὲς
1539 4959 1596 5012 δὲ
1645 4961 1829 5012 πιστοὶ

247 5062 493 5130 ἀδελφοὶ,
525 5059 717 5121 νυκτὸς
748 5057 884 5127 μετὰ
919 5053 1119 5108 πολλοῦ
1165 5052 1330 5122 φόϐου
1364 5051 1825 5123 παραγενόμενοι,

252 5152 663 5219 συνέλεξανθτάς
685 5150 871 5220 τιμίας
902 5147 1081 5202 αὐτῶν
1110 5146 1350 5214 κεφαλάς
1373 5145 1468 5198 καὶ
1495 5144 1564 5196 τὰ
1587 5143 1829 5212 πανάγια

248 5245 435 5300 αὐτῶν
465 5243 713 5313 σώματα,
749 5240 843 5292 καὶ
877 5238 1016 5308 μετά
1047 5238 1215 5306 τιμῆς
1244 5238 1336 5288 καὶ
1369 5233 1598 5296 εὐωδίας
1630 5233 1829 5302 πολλῆς

250 5339 348 5390 καὶ
380 5334 699 5405 ψαλμῳδίας
723 5331 904 5384 ὲνθέου
943 5330 1037 5382 καὶ
1059 5329 1221 5397 εὐχῆς
1253 5325 1505 5387 ἑκτενοῦς
1530 5324 1828 5394 ὀρύξαντες

249 5433 317 5499 τῇ
352 5431 422 5496 γῇ
452 5427 624 5479 ταῦτα
653 5424 943 5478 κατέθεντο
981 5426 1037 5474 ὲν
1075 5421 1226 5490 αὐτῷ
1255 5419 1334 5487 τῷ
1376 5418 1527 5488 τόπῳ
1576 5416 1704 5470 ἔνθα
1731 5419 1826 5470 καὶ

252 5523 593 5596 ῂγωνίσαντο
617 5519 666 5570 oi.
699 5519 938 5586 γενναῖοι
973 5512 1064 5566 τοῦ
1105 5511 1343 5578 Χριστοῦ
1376 5510 1730 5578 στρατιῶται,
1771 5510 1828 5562 ἐν

251 5608 298 5682 ᾧ
327 5614 421 5665 καὶ
447 5610 820 5678 ἐπιφαίνονται
847 5609 921 5669 ὼς
955 5604 1240 5674 φωστῆρες
1263 5605 1320 5653 ἐν
1344 5603 1553 5671 κόσμῳ.
1579 5603 1822 5672 Εὐφραί-

254 5722 345 5757 νου
389 5704 586 5763 τοίνυν,
615 5699 911 5767 Ἀπάμεια,
951 5698 1216 5763 στέφανον
1242 5692 1636 5761 ἀναδησαμένη
1661 5709 1825 5744 πνευ-

260 5793 513 5867 ματικὸν,
544 5794 604 5843 ἐκ
623 5789 894 5860 διαφόρων
918 5786 1080 5838 λίθων
1103 5783 1412 5850 πολυτίμων
1445 5783 1825 5849 συγκείμενον,

254 5887 356 5943 καὶ
383 5884 508 5955 μίαν
557 5881 822 5952 ἁρμονίαν
869 5880 1062 5946 θεοπρε
1079 5874 1173 5928 ποῦ
1235 5873 1555 5941 ἐλλάμψεως
1581 5873 1825 5941 άπερ-δια.

1931 4682 2132 4737 locum.
2167 4681 2394 4736 Pessimi
2423 4693 2554 4733 vero
2583 4673 2824 4732 ministri
2845 4674 3100 4731 scelerati
3127 4671 3503 4743 imperatoris,

1931 4787 2054 4826 cum
2085 4786 2115 4825 e
2146 4772 2296 4842 ligno
2326 4768 2711 4840 deposuissent
2764 4767 3108 4823 venerandas
3130 4774 3186 4820 et
3239 4765 3507 4835 gloriosas

1927 4876 2118 4915 eorum
2139 4861 2421 4928 reliquias,
2468 4874 2579 4913 nou
2606 4858 2768 4912 veriti
2794 4868 2922 4912 sunt
2963 4866 3251 4926 amputare
3271 4854 3504 4910 colenda

1929 4969 2119 5008 eorum
2142 4953 2344 5021 capita.
2375 4950 2511 5005 Cum
2538 4965 2600 5004 ea
2635 4959 2818 5004 autem
2852 4938 3244 5011 abscidissent,
3299 4947 3504 5012 ultique

1932 5061 2028 5113 per
2053 5045 2202 5098 illam
2238 5043 2431 5098 silvam
2474 5043 2829 5112 projecerunt
2867 5055 2933 5096 ac
2968 5039 3329 5108 dissiparunt.
3365 5038 3504 5104 Qui-

1931 5135 2056 5189 dam
2094 5148 2226 5188 vero
2259 5133 2460 5186 fratres
2491 5131 2701 5194 fideles,
2723 5140 2889 5184 noctu
2923 5145 3051 5184 cum
3080 5143 3275 5196 magno
3305 5128 3504 5182 timore

1930 5225 2281 5290 accedentes,
2329 5225 2676 5294 collegerunt
2709 5221 3020 5276 veneranda
3075 5235 3268 5274 eorum
3323 5220 3506 5288 capita

1929 5328 1984 5373 et
2012 5317 2356 5388 sanctissima
2397 5324 2452 5370 et
2523 5314 2846 5368 honoranda
2904 5327 3098 5367 eorum
3153 5326 3408 5380 corpora,
3448 5322 3506 5364 et

1931 5426 2054 5464 cum
2084 5425 2170 5472 eo,
2199 5424 2308 5477 quo
2342 5423 2439 5476 par
2491 5415 2594 5470 est,
2654 5406 2884 5469 honore,
2933 5413 2991 5457 et
3038 5403 3210 5456 multo
3233 5418 3296 5456 ac
3349 5403 3503 5454 suavi

1930 5503 2121 5566 odore,
2155 5502 2450 5569 divinaque
2488 5497 2809 5566 psalmodia,
2865 5506 2919 5550 et
2955 5494 3185 5548 intonsis
3225 5494 3502 5562 precibus,

1931 5597 1987 5650 in
2017 5606 2160 5650 terra
2197 5593 2494 5656 fodientes,
2515 5592 2891 5661 deposuerunt
2915 5590 3032 5658 ipsa
3060 5588 3112 5639 in
3135 5602 3200 5640 eo
3237 5588 3381 5649 loco,
3406 5587 3500 5638 ubi

1931 5687 2356 5742 decertavcrunt
2395 5682 2640 5753 prxclari
2675 5693 2731 5735 et
2785 5681 2958 5733 fortes
3009 5677 3213 5732 Christi
3275 5676 3500 5732 milites.

1932 5781 1990 5834 In
2012 5795 2120 5848 quo
2135 5781 2299 5832 etiam
2321 5785 2587 5845 apparent
2607 5785 2862 5843 tanquam
2885 5771 3176 5824 luminaria
3201 5769 3252 5822 in
3271 5770 3499 5823 mundo.

1938 5872 2180 5937 Quorum
2205 5885 2302 5924 nos
2343 5883 2562 5938 quoque
2593 5881 2782 5920 omnes
2805 5864 3095 5934 dignemur
3124 5878 3244 5917 esse
3267 5859 3502 5916 celebris
