4230 6436
281 387 392 450 373

1328 388 1494 448 VlTA
1540 391 1600 447 S.
1648 386 2070 446 ΡΗΡΟΗΕΤᾹΞ
2109 389 2494 454 DANIELIS.

3432 396 3536 458 3H

280 507 410 567 σάκ,
446 503 542 560 καὶ
590 501 900 571 Ἀϐδεναγὼ
934 503 1026 554 τὸν
1061 502 1280 572 Μισαὴλ
1314 499 1605 569 ὀνομάζειο
1637 498 1728 562 οὒς
1764 500 1852 569 δή·
1895 505 1936 558 Α

1895 505 1936 558 Α
1971 501 2217 556 nominat
2266 503 2586 572 Abdenago.
2609 506 2755 572 Quos
2774 511 2995 579 quidem
3021 522 3076 566 et
3105 527 3195 566 rex
3223 511 3461 574 amabat,
3486 522 3541 566 et

281 613 386 647 που
415 597 510 647 καὶ
539 594 715 662 ἐφίλει
768 597 794 648 6
838 595 1096 664 βασιλεὺς
1147 595 1239 647 καὶ
1282 593 1402 646 λίαν
1442 592 1671 664 εὐμενὲς
1724 593 1862 663 πρὸς

281 686 483 749 αὐτοὺς
505 685 723 750 ἐϐλεπε,
758 688 857 756 τῆς
895 687 1177 756 ἀγχινοίας
1209 687 1628 756 ἀποδεχόμενος,
1657 687 1750 739 καὶ
1770 687 1862 758 γὸτι

286 779 362 847 μὴ
414 779 576 847 μόνον
628 779 845 847 εὐφυῶς
890 779 1154 832 διέκειντο
1220 782 1349 850 περὶ
1407 783 1479 832 τὰ
1536 779 1858 849 μαθήματα,

282 870 419 923 ἁλλά
447 873 542 923 καὶ
573 870 743 937 πολλή
774 888 859 934 τις
885 873 1198 940 ἐπέπρεπεν
1221 872 1403 934 αὐτοῖς
1436 872 1652 934 σύνεσές
1684 888 1740 922 τε
1769 873 1863 924 καὶ

281 964 607 1031 κοσμιότης.
638 961 782 1014 Ἀλλ’
811 961 982 1025 οὕτως
1006 964 1106 1032 μὲν
1145 964 1284 1033 πρὸς
1315 964 1442 1027 τοὺς
1477 965 1673 1027 παῖδας
1702 965 1728 1016 6
1762 963 1860 1023 Ba-

283 1056 522 1117 σιλεύς..

359 1146 432 1202 Β’.
462 1148 660 1217 Δανιὴλ
695 1148 750 1200 δὲ
791 1149 819 1199 6
856 1146 1161 1217 Θαυμάσιος
1207 1148 1306 1199 ούκ
1347 1147 1642 1214 ἐπαινέτης
1699 1148 1860 1217 μόνον

277 1240 381 1308 τῆς
414 1240 614 1308 αρετῆς
643 1236 730 1310 ἧν,
756 1240 894 1293 ἀλλά
941 1243 1034 1292 καὶ
1075 1241 1266 1309 μετῄει
1305 1239 1510 1308 ταύτην
1546 1241 1855 1310 ἐπιμελῶς·

280 1337 375 1384 καὶ
407 1333 496 1385 διὰ
529 1331 685 1384 τοῦτο
733 1331 1184 1400 σκληραγωγίαις
1222 1348 1281 1382 τε
1314 1330 1550 1396 ἐξεδίδου
1579 1332 1638 1384 τὸ
1673 1332 1854 1402 σῶμα,

281 1427 378 1477 καὶ
409 1424 515 1475 ἀπὸ
543 1423 642 1491 τῆς
676 1423 966 1492 βασιλικῆς
997 1423 1278 1492 τραπέζης
1318 1425 1634 1493 ἐδεσμάτων
1664 1425 1725 1478 οὐ
1759 1426 1858 1495 p.6-

279 1533 372 1567 νον
406 1513 570 1577 αὐτὸς
607 1517 906 1585 παρῃτεῖτο
947 1513 1412 1584 μεταλαμϐάνειν,
1441 1515 1578 1568 ἀλλὰ
1620 1519 1716 1570 καὶ
1749 1520 1861 1580 τοῖς

279 1609 492 1678 ἑτέροις
539 1608 632 1660 καὶ
670 1607 984 1674 συγγενέσι,
1023 1610 1137 1670 τοῖς
1172 1608 1319 1676 τρισὶ
1350 1607 1494 1674 λέγω
1532 1609 1739 1674 παισὶν,
1768 1609 1860 1661 οὗ·

277 1721 357 1757 τω
389 1707 563 1756 ποιεῖν
607 1703 931 1774 παρηγγύα.
979 1704 1149 1768 Δόξαν
1189 1702 1288 1755 οὖν
1326 1702 1682 1773 ἀμφοτέροις,
1723 1705 1859 1758 καθ·

277 1795 403 1846 όλου
436 1796 654 1848 πάντων
683 1794 792 1847 τῶν
824 1792 1087 1861 ἐμψύχων
1117 1793 1417 1861 ἀπέχεσθαι
1451 1797 1546 1847 καὶ
1579 1796 1858 1866 σπέρμασι

279 1888 464 1958 μόνοις
498 1889 593 1938 καὶ
625 1886 880 1954 λαχάνοις
916 1885 1201 1950 σιτεῖσθαι,
1230 1887 1620 1955 προσελθόντες
1661 1890 1859 1960 Ἀσχά-

279 1998 344 2048 νῃ
382 1980 458 2048 τῲ
492 1981 591 2048 τὴν
615 1978 939 2046 ἐπιμέλειαν
981 1979 1166 2032 αὐτῶν
1197 1982 1662 2055 ἐπιτετραμμένῳ
1692 1987 1853 2055 ἀρχι-

277 2075 539 2138 ευνούχῳ,
572 2070 641 2121 τὰ
689 2070 790 2139 μὲν
820 2071 970 2142 παρά
991 2071 1084 2124 τοῦ
1118 2072 1385 2141 βασιλέως
1416 2076 1598 2138 αὐτοῖς
1631 2079 1856 2145 κομιζό-

279 2181 414 2233 μενα
439 2162 624 2232 ἠξίουν
655 2163 816 2215 αὑτὸν
843 2162 1191 2232 λαμϐάνοντα
1217 2165 1556 2230 ἀναλίσκειν,
1591 2170 1854 2238 παρέχειν

275 2259 332 2310 δέ
364 2257 478 2311 ἀντ’
511 2257 691 2310 αὐτῶν
712 2257 915 2326 ὄσπριά
938 2274 996 2310 τε
1021 2257 1115 2310 καὶ
1149 2259 1396 2328 φοίνικας
1423 2263 1502 2321 είς
1535 2261 1853 2330 διατροφὴν,

278 2353 372 2404 καὶ
395 2353 448 2404 εἴ
468 2369 518 2403 τι
547 2353 656 2404 τῶν
698 2351 926 2422 ἀψύχων
957 2351 1145 2422 ἕτερον
1180 2353 1337 2406 αὐτοὶ
1369 2353 1644 2422 βούλοιντο
1668 2369 1680 2382 '
1717 2355 1853 2423 πρὸς

278 2445 385 2513 γὰρ
413 2443 510 2512 τὴν
548 2443 808 2512 τοιαύτην
847 2444 1081 2509 δίαιταν,
1116 2445 1324 2510 ἔλεγον,
1358 2446 1415 2510 ἐξ
1439 2449 1614 2516 ἀρχῆς
1642 2449 1855 2500 κεκονί-

279 2537 422 2597 σθαι,
455 2538 554 2605 τῆς
579 2536 632 2589 δὲ
658 2537 850 2604 ἐτέρας
882 2535 1268 2606 ὀλιγιυρεῖν.⁹0
1302 2537 1358 2589 δὲ
1401 2533 1542 2589 εἶναι
1583 2539 1683 2607 μὲν
1717 2541 1855 2592 ἕτοι-

280 2647 378 2698 μος
407 2630 610 2694 ἔλεγεν,
643 2628 938 2697 ὑπηρετεῖν
969 2628 1150 2682 αὐτῶν
1177 2632 1238 2700 τῇ
1272 2629 1510 2699 θελήσει,
1547 2633 1852 2703 ὑφορᾶσθαι

275 2723 328 2774 δὲ
374 2723 448 2792 μὴ
491 2722 780 2792 κατάδηλοι
821 2723 899 2794 τῷ
940 2723 1153 2793 βασιλεῖ
1195 2725 1520 2794 γενηθέντες
1554 2726 1615 2779 ἐκ
1645 2745 1702 2779 τε
1754 2728 1854 2794 τῆς

277 2817 386 2869 τῶν
423 2817 690 2886 σωμάτων
731 2817 1042 2886 ἰσχνότητος
1101 2819 1194 2869 καὶ
1248 2817 1347 2885 τῆς
1391 2818 1699 2887 ὠχρότητος
1743 2821 1854 2874 τῶν

279 2911 623 2979 προσώπωνυ
669 2910 1143 2979 συμμεταϐάλλειν
1175 2910 1283 2980 γὰρ
1317 2911 1501 2972 αὐτοῖς
1532 2911 1746 2981 ἀνάγκη
1785 2913 1852 2964 τε

280 3002 511 3070 σώματα
544 3004 637 3054 καὶ
667 3004 766 3064 τας
797 3003 964 3071 χρόας
999 3002 1116 3071 ἅμα
1145 3006 1210 3072 τῇ
1246 3001 1446 3072 διαίτῃ,
1479 3002 1572 3055 καὶ
1616 3004 1852 3074 μάλιστα

277 3095 387 3145 τῶν
449 3093 625 3146 ἄλλων
679 3093 884 3144 παίδων
939 3093 1343 3155 εὐπαθούντων,
1387 3097 1549 3148 αἴτιοι
1603 3097 1852 3151 κινδύνου

1967 595 2201 666 benigne
2226 598 2522 654 admodum
2559 619 2653 658 eos
2709 604 3034 674 aspiciebat,
3069 621 3260 662 eorum
3309 604 3543 659 laudans

1969 687 2208 742 indolem
2239 709 2250 744 :
2289 702 2345 746 et
2376 694 2521 761 quod
2560 711 2670 750 non
2729 696 2904 750 solum
2941 697 3188 751 valebant
3225 696 3443 770 ingenio
3475 698 3542 755 ad

1965 779 2303 850 disciplinas,
2340 784 2434 838 sed
2471 786 2552 840 eis
2582 803 2803 858 quoque
2865 805 3120 858 magnum
3154 788 3425 842 atl’erehat
3449 804 3543 840 or-

1967 884 2284 928 namentum
2349 871 2570 936 solertia
2602 888 2658 934 et
2689 881 2976 935 modestia.
3033 881 3137 934 Sed
3172 880 3250 934 sic
3315 879 3541 950 quidem

1965 978 2085 1020 erat
2111 983 2202 1020 rex
2232 969 2461 1028 allectus
2492 971 2543 1024 in
2575 988 2794 1042 pueros.

2035 1147 2100 1200 ll.
2137 1147 2366 1202 Diviuus
2401 1159 2582 1202 autem
2635 1151 2821 1204 Daniel
2863 1168 2970 1204 non
3032 1153 3206 1205 solum
3253 1163 3373 1206 erat
3422 1153 3540 1207 lau—

1964 1239 2122 1291 dator
2152 1242 2385 1301 virtutis,
2417 1242 2510 1296 sed
2548 1258 2667 1296 eam
2693 1244 2858 1298 etiam
2887 1246 3178 1313 diligenter
3225 1248 3539 1300 exercebat.

1964 1331 2028 1382 Et
2063 1331 2185 1384 ideo
2208 1333 2501 1401 aSperitate
2524 1333 2645 1386 vita:
2675 1350 2873 1402 corpus
2893 1336 3185 1403 atlligehat,
3210 1346 3262 1390 et
3287 1336 3538 1392 ciborum

1963 1436 2164 1476 mensae
2192 1424 2352 1492 regiae
2389 1439 2494 1477 non
2526 1426 2700 1477 solum
2740 1427 3029 1480 recusabat
3079 1444 3200 1482 esse
3241 1429 3537 1499 particeps,

1963 1515 2058 1568 sed
2116 1516 2237 1568 aliis
2287 1518 2452 1570 etiam
2514 1520 2780 1587 cognatis,
2821 1521 3016 1583 tribus,
3057 1520 3304 1589 inquam,
3352 1525 3539 1591 pueris

1964 1607 2045 1662 sic
2077 1607 2248 1662 suasit
2282 1617 2342 1660 ut
2390 1609 2656 1663 facerent.
2710 1610 2846 1664 Cum
2885 1614 3132 1680 utrisque
3168 1627 3297 1680 ergo
3362 1613 3540 1666 visum

1962 1709 2126 1761 esset,
2153 1699 2219 1753 ab
2238 1700 2495 1754 omnibus
2513 1701 2790 1755 abstinere
2816 1703 3096 1765 animatis,
3119 1715 3170 1757 et
3195 1705 3337 1758 vesci
3365 1705 3540 1759 solum

1963 1791 2270 1845 seminibus
2296 1803 2349 1846 et
2378 1793 2645 1857 oleribus,
2682 1795 3009 1850 accedentes
3063 1795 3130 1850 ad
3172 1796 3542 1851 Aschanetem

1968 1886 2463 1948 archieunuchum,
2499 1889 2585 1940 eui
2617 1897 2734 1941 erat
2770 1889 3062 1942 commissa
3098 1904 3289 1943 eorum
3347 1905 3477 1943 cura
3511 1906 3542 1944 a

1971 1993 2118 2046 rege,
2153 1994 2276 2031 eum
2315 1990 2597 2048 rogarunt.
2639 1989 2695 2032 ut
2726 1995 2847 2048 qum
2898 1981 2966 2033 ab
3003 1981 3120 2050 ipso
3153 1996 3280 2050 rege
3339 1981 3405 2039 ad
3448 1998 3544 2036 eos

1970 2070 2317 2134 aﬂerrentur,
2364 2072 2478 2140 ipse
2534 2072 2808 2140 accipiens
2853 2083 3246 2126 consumeret:
3311 2089 3410 2143 pro
3463 2075 3546 2127 eis

1963 2172 2145 2215 autent
2173 2165 2436 2229 pra-heret
2461 2164 2733 2228 legumina
2770 2175 2824 2218 et
2847 2162 3090 2233 dactylos
3111 2165 3177 2218 ad
3230 2165 3542 2217 nutrimen-

1968 2263 2105 2314 tum,
2140 2266 2192 2308 et
2223 2255 2263 2308 si
2316 2255 2448 2324 quid
2481 2255 2629 2309 aliud
2664 2257 2827 2311 vellet
2885 2273 2950 2311 ex
3007 2257 3281 2310 inanimis.
3327 2258 3382 2310 ln
3438 2258 3540 2311 hac

1965 2347 2112 2400 enim
2168 2347 2292 2401 vitae
2333 2349 2543 2403 ratione
2601 2350 2855 2406 dicebant
2893 2365 2951 2402 se
3010 2365 3131 2403 esse
3178 2350 3441 2403 educatos
3470 2349 3542 2403 ab

1966 2439 2146 2504 initio,
2202 2441 2362 2493 aliam
2399 2457 2526 2494 vero
2565 2443 2866 2511 despicere.
2903 2443 2995 2495 llle
3022 2453 3204 2496 autem
3232 2442 3454 2496 dicebat
3483 2457 3542 2496 se

1960 2549 2082 2588 esse
2121 2535 2345 2603 quidem
2379 2544 2626 2604 paratum
2663 2535 2930 2590 inservire
2967 2551 3159 2590 eorum
3222 2538 3490 2590 voluntati
3522 2553 3537 2592 :

1967 2626 2062 2678 sed
2093 2627 2306 2690 timere,
2328 2643 2397 2680 ne
2435 2628 2486 2680 id
2519 2643 2611 2681 rex
2645 2629 2967 2682 rescisceret
3009 2645 3071 2685 ex
3107 2643 3542 2697 eorporumgra-

1968 2717 2176 2771 cilitate
2241 2727 2296 2772 et
2361 2719 2545 2772 vultus
2593 2721 2818 2788 pallore.
2851 2720 3085 2781 Necesse
3118 2720 3264 2772 enim
3307 2734 3448 2781 esse,
3480 2729 3541 2773 ut

1967 2811 2048 2864 eis
2079 2811 2241 2866 simul
2274 2820 2554 2865 mutentur
2589 2827 2818 2881 corpora
2855 2822 2909 2866 et
2936 2811 3149 2865 colores
3183 2827 3304 2864 cum
3329 2812 3542 2866 ratione

1968 2905 2183 2957 vietus:
2214 2914 2268 2958 et
2322 2905 2574 2966 maxime,
2620 2921 2687 2959 ne
2726 2920 2848 2958 eum
2882 2906 2972 2959 alii
3025 2905 3179 2974 pueri
3240 2905 3350 2959 sint
3383 2904 3540 2958 bonae

1969 2993 2331 3059 habitudinis,
2380 2996 2483 3064 ipsi
2518 2996 2879 3050 sinteicansa
2916 2997 3141 3064 periculi
3176 3006 3230 3050 et
3255 2997 3537 3065 supplicii.

1965 3085 2101 3142 Cum
2141 3087 2322 3156 itaque
2360 3088 2614 3141 cautione
2653 3086 2755 3141 hac
2788 3086 2838 3140 in
2875 3103 2930 3140 re
2964 3096 3212 3142 uteretur
3237 3089 3538 3153 Asehanes,

278 3181 376 3231 καὶ
410 3181 680 3248 τιμωρίας
710 3178 857 3250 αὐτῷ
899 3180 1265 3240 καταστῶσιν.
1296 3183 1530 3252 Ἔχοντα
1577 3181 1670 3235 οὖν
1721 3187 1859 3255 πρὸς
1885 3211 1928 3264 c

1885 3211 1928 3264 ο
1963 3180 2013 3233 ei
2047 3180 2379 3248 persuadent
2413 3180 2564 3248 pueri
2596 3181 2670 3232 illi
2711 3181 2937 3249 egregii,
2971 3189 3027 3233 ut
3067 3181 3255 3234 decem
3287 3181 3401 3235 dies
3428 3183 3542 3237 hac

277 3269 437 3322 τοῦτο
471 3269 713 3334 εὐλαϐῶς
745 3271 834 3322 τὸν
881 3270 1170 3342 Ἀσχάνην,
1212 3269 1495 3328 πείθουσιν
1537 3276 1585 3328 οἱ
1619 3281 1858 3344 γενναῖοι

278 3365 372 3416 ἐπὶ
421 3363 552 3415 δέκα
589 3364 804 3432 ἡμέρας
850 3363 1023 3418 ταῦτα
1072 3369 1375 3436 παρασχεῖν
1427 3369 1610 3433 αὑτοῖς
1661 3370 1860 3441 πείρας

279 3459 467 3518 ἕνεκα,
520 3458 614 3508 καὶ
667 3455 740 3522 μὴ
788 3457 1208 3527 μεταϐαλούσης
1256 3461 1354 3528 μὲν
1396 3462 1580 3523 αὐτοῖς
1623 3463 1721 3530 τῆς
1751 3463 1861 3516 τῶν

282 3549 556 3617 σωμάτων
587 3547 775 3610 ἕξεως,
813 3548 908 3600 ἐὰν
938 3554 1053 3612 τοῖς
1083 3553 1270 3615 αὐτοῖς
1294 3553 1576 3623 ἐπιμένειν
1602 3553 1676 3616 ὡς
1706 3553 1861 3608 οὐδὲν

280 3643 359 3692 ἔτι
395 3639 833 3707 βλαϐησομένους
860 3658 871 3670 ·
923 3642 973 3692 εἰ
1014 3643 1070 3694 δὲ
1109 3645 1447 3712 μειωθέντας
1497 3647 1594 3699 ῖδοι
1626 3648 1722 3700 καὶ
1753 3649 1862 3702 τῶν

281 3732 462 3784 ἄλλων
499 3734 843 3803 ἁειδέστερον
885 3733 1128 3803 ἔχοντας,
1167 3735 1261 3788 ἐπὶ
1304 3735 1404 3806 τὴν
1451 3737 1726 3807 προτέραν
1764 3741 1862 3792 αύ-

278 3829 408 3888 τοίις
438 3826 592 3894 ἄγειν
622 3827 834 3880 δίαιταν
863 3829 957 3880 καὶ
995 3827 1138 3880 κατά
1166 3829 1234 3882 τὰ
1267 3829 1612 3900 κελευσμένα
1661 3835 1854 3884 ποιεῖν.

292 3920 383 3981 Ὠς
413 3919 467 3972 δὲ
505 3920 565 3971 οὗ
615 3921 776 3988 μόνον
830 3920 983 3972 οὐδὲν
1026 3921 1225 3984 αὐτοὺς
1269 3920 1462 3974 ἐλύπει
1516 3923 1614 3993 τὴν
1655 3925 1860 3994 τροφὴν

286 4013 508 4080 εκείνην
539 4012 1016 4080 προσφερομένης,
1041 4013 1176 4063 ἀλλά
1200 4013 1293 4066 καὶ
1324 4014 1435 4065 τῶν
1461 4015 1635 4066 ἄλλων
1667 4017 1861 4084 εὐτρα-

283 4099 537 4166 φέστεροι
570 4097 637 4150 τὰ
680 4099 910 4166 σώματα
955 4100 1051 4152 καὶ
1090 4100 1247 4154 καλοὶ
1292 4102 1391 4172 τὴν
1428 4101 1552 4172 ὄψιν
1597 4105 1859 4172 ἐγίνοντο,

289 4189 380 4254 Ὠς
407 4192 530 4254 τοὺς
559 4192 797 4261 ὁρῶντας
821 4191 947 4254 τοὺς
984 4192 1083 4263 μὲν
1114 4194 1242 4264 περὶ
1262 4194 1352 4247 τὸν
1378 4197 1576 4266 Δανιὴλ
1609 4199 1782 4251 δοκεῖν
1808 4201 1865 4253 ἐν

287 4283 522 4354 ἀφθονία
553 4286 647 4336 καὶ
682 4288 863 4355 τρυφῇ
894 4288 956 4356 τῇ
987 4286 1136 4356 πάσῃ
1176 4286 1346 4354 βιοῦν,
1374 4287 1504 4349 τοὺς
1546 4290 1767 4357 ἐτέρους
1804 4291 1862 4344 δὲ

290 4375 396 4427 τῶν
417 4374 622 4427 παίδων
647 4375 986 4444 ἐνδεέστερον
1010 4375 1278 4429 σιτεῖσθαι
1307 4377 1402 4429 καὶ
1421 4375 1494 4446 μὴ
1513 4378 1649 4430 κατὰ
1673 4379 1862 4448 χρείαν

287 4466 585 4530 ἀπολαύειν
615 4466 728 4520 τῶν
759 4466 1078 4536 διδομένων.

359 4559 434 4612 Γ¹.
474 4560 562 4642 Ἐξ
605 4561 816 4616 ἐκείνου
858 4561 996 4630 μετά
1035 4560 1219 4625 ἀδείας
1260 4563 1287 4615 6
1325 4564 1595 4634 Ἀσχάνης
1627 4565 1727 4617 ὅσα
1765 4567 1863 4632 μὲν
1896 4563 1939 4618 D

288 4652 401 4705 ἀπὸ
437 4653 534 4705 τοῦ
560 4653 778 4718 δείπνου
802 4653 925 4706 καθ’
955 4655 1167 4723 ἡμέραν
1199 4655 1445 4723 συνήθως
1489 4656 1705 4723 ἔπεμπε
1735 4656 1862 4708 τοὺ-

283 4759 402 4805 τοις
446 4744 474 4794 6
506 4741 970 4810 βασιλεὺς.αύτὺς
1009 4741 1336 4810 ἐλάμϐανεν,
1373 4743 1633 4812 ἐχορήγει
1677 4742 1732 4795 δὲ
1769 4744 1865 4796 αὖ·

286 4839 401 4898 τοῖς
428 4835 495 4887 τά
519 4835 896 4908 προειρημένα
915 4851 927 4864 °
963 4836 1010 4886 οἱ
1032 4836 1087 4887 δὲ
1115 4835 1189 4898 ὡς
1220 4836 1312 4888 καὶ
1338 4836 1446 4888 τῶν
1471 4835 1658 4906 ψυχῶν
1684 4837 1866 4898 αὐτοῖς

285 4929 379 4986 διὰ
411 4928 568 4979 τοῦτο
617 4925 876 4996 καθαρῶν
916 4927 1012 4979 καὶ
1050 4928 1186 4996 πρὸς
1235 4929 1334 4995 τὴν
1379 4929 1485 4980 τῶν
1522 4929 1866 4998 μαθημάτων

289 5016 559 5086 ἀνάληψιν
585 5017 903 5086 ἐπιτηδείων
933 5019 996 5069 ἐκ
1022 5017 1213 5070 τούτου
1245 5021 1648 5088 γεγενημένων,
1683 5022 1865 5072 πᾶσαν

288 5111 526 5180 ἑτοίμως
561 5108 829 5180 ἐξέμαθον
871 5113 970 5179 τὴν
1013 5093 1285 5174 παιδείαν,
1323 5111 1444 5180 ἥτις
1497 5107 1563 5181 ἦν
1610 5112 1761 5180 παρά
1805 5128 1863 5164 τε

283 5198 404 5265 τοῖς
447 5203 718 5272 Ἑϐραίοις
761 5203 856 5254 καὶ
894 5203 1005 5265 τοῖς
1045 5203 1356 5267 Χαλδαίοις,
1398 5204 1632 5272 μάλιστα
1665 5203 1718 5256 δὲ
1759 5206 1863 5255 Δα-

291 5291 435 5360 νιὴλ,
467 5291 524 5349 ὃς
561 5292 744 5353 ἱκανὸς
766 5291 867 5361 ἠδη
907 5289 1037 5358 περὶ
1061 5291 1157 5360 τὴν
1194 5290 1474 5355 παίδευσιν
1509 5289 1745 5358 γεγονὼς
1776 5292 1866 5341 καὶ

292 5388 424 5460 περὶ
444 5385 674 5456 κρίσεως
700 5385 924 5454 ὀνείρων
955 5384 1302 5448 ἐσπουδάκει,
1324 5384 1418 5436 καὶ
1443 5384 1502 5436 τὸ
1534 5384 1686 5436 Θεῖον
1718 5383 1865 5452 αὐτῷ

295 5477 533 5553 φανερὸν
563 5478 769 5543 ἐγίνετο
789 5493 803 5508 ·
828 5479 917 5530 ὑπ’
950 5475 1116 5529 αὑτοῦ
1149 5495 1210 5529 τε
1239 5477 1577 5546 τυπούμενος
1619 5478 1715 5544 τὴν
1746 5477 1866 5528 διας

293 5585 465 5628 νοιαν.
499 5567 668 5621 πολλά
702 5569 810 5622 τῶν
845 5569 1146 5639 μελλόντων
1190 5569 1436 5638 ἐναργῶς
1473 5571 1860 5638 προηγόρευεν.

294 5663 559 5734 Δεύτερον
590 5665 867 5732 παρῆλθεν
906 5665 1023 5727 ἔτος
1046 5665 1142 5733 τῆς
1173 5665 1280 5716 τῶν
1313 5663 1702 5736 Ἱεροσολύμων
1731 5665 1865 5720 ila-

297 5772 458 5817 aun;,
492 5756 584 5808 καὶ
617 5759 645 5812 ὁ
674 5756 924 5823 βασιλεὺς
955 5756 1428 5828 Ναϐουχοδονόσορ
1456 5756 1705 5827 ὄναρὸρᾷ
1739 5759 1867 5808 θαυ-

298 5845 524 5914 μαστὸν,
551 5844 610 5904 οὗ
643 5850 740 5914 τὴν
767 5850 989 5902 ἔκϐασιν
1025 5868 1089 5902 κα
1108 5854 1161 5900 ιὰ
1198 5850 1318 5912 τοὺς
1351 5848 1550 5912 ὓπνους
1580 5851 1735 5910 αὐτὸς
1766 5848 1866 5901 αὑ-

1965 3272 2074 3323 illis
2097 3271 2701 3339 prmberetexperiendi
2726 3288 2888 3325 causa
2923 3273 3070 3326 :etsi
3096 3287 3204 3325 non
3237 3284 3542 3326 mutaretur

1966 3364 2186 3434 quidem
2219 3363 2300 3417 eis
2339 3378 2632 3433 corporum
2679 3365 2914 3426 habitus.
2951 3367 3154 3420 sineret
3191 3367 3244 3419 in
3280 3367 3360 3420 eis
3412 3383 3538 3434 per-

1966 3473 2239 3514 severare.
2273 3457 2365 3511 Sin
2419 3467 2601 3511 autent
2633 3457 2832 3511 viderit
2864 3457 3190 3522 diminutos,
3244 3470 3300 3512 et
3328 3459 3449 3514 aliis
3482 3475 3541 3512 se

1967 3552 2234 3607 habentes
2262 3552 2526 3614 deterius,
2565 3566 2658 3606 eos
2695 3550 2760 3604 ad
2800 3551 3038 3620 priorem
3079 3551 3257 3605 victus
3311 3550 3540 3604 reducat

1967 3643 2256 3705 rationem,
2283 3654 2337 3696 et
2370 3645 2532 3697 faciat
2561 3653 2618 3695 ut
2641 3642 2744 3694 fuit
2775 3643 2825 3695 ei
2862 3643 3206 3709 imperatum.
3233 3642 3368 3695 Cum
3411 3657 3543 3696 vero

1964 3749 2030 3789 eo
2075 3732 2338 3785 alimento
2390 3740 2608 3787 utentes
2675 3731 2810 3786 nihil
2875 3731 3310 3796 oll‘endercntur,
3351 3731 3444 3785 sed
3486 3742 3543 3786 et

1965 3841 2196 3893 corpora
2240 3842 2428 3881 eorum
2464 3825 2710 3878 melioris
2751 3834 2936 3878 essent
2971 3824 3332 3883 habitudinis,
3375 3839 3539 3892 quant

1965 3919 2219 3982 aliorum,
2267 3929 2321 3971 et
2376 3930 2598 3986 aspectu
2639 3918 2978 3986 pulchriora,
3018 3917 3156 3971 adeo
3206 3926 3265 3971 ut
3322 3919 3414 3987 qui
3448 3935 3544 3973 cos

1967 4013 2245 4074 videbant,
2289 4020 2545 4081 putarent
2581 4009 2860 4066 Danielem
2901 4011 3125 4080 quidem
3158 4022 3212 4065 et
3242 4022 3355 4065 tres
3404 4011 3543 4065 alios

1966 4108 2150 4161 vivere
2183 4108 2236 4160 in
2264 4106 2521 4160 omnibus
2550 4106 2784 4160 lautitiis
2817 4116 2874 4160 et
2902 4105 3117 4159 deliciis
3146 4123 3159 4158 :
3193 4104 3329 4158 alios
3353 4114 3538 4157 autem

1967 4213 2168 4267 pueros
2219 4200 2362 4250 vesci
2398 4201 2638 4265 parcius,
2674 4213 2773 4250 nec
2828 4198 2908 4251 eis
2939 4205 3234 4265 suppetere
3287 4213 3370 4260 ea,
3420 4212 3544 4266 qua

1965 4297 2094 4342 sunt
2127 4287 2194 4341 ad
2227 4302 2385 4341 usum
2412 4287 2741 4341 necessaria.

2040 4562 2129 4616 Ill.
2183 4561 2256 4614 Ex
2297 4561 2386 4612 illo
2433 4567 2700 4628 tempore,
2728 4575 2852 4614 cum
2901 4559 3232 4616 reverentia.
3265 4559 3545 4614 Aschanes

1965 4668 2305 4723 qua-cunque
2340 4653 2562 4722 quidem
2587 4668 2617 4706 e
2651 4669 2746 4707 sua
2780 4669 2956 4716 coma,
2989 4663 3045 4705 ut
3075 4652 3303 4713 solebat,
3329 4652 3395 4704 ad
3415 4668 3541 4705 eum

1965 4745 2216 4801 mittebat
2237 4764 2329 4801 rex
2349 4747 2461 4817 ipse
2480 4746 2782 4816 accipiebat
2802 4764 2814 4800 :
2832 4762 2952 4812 qua:
2972 4746 3224 4816 praedicta
3240 4755 3367 4798 sunt
3386 4761 3538 4808 vero.

1965 4838 2046 4894 eis
2068 4839 2478 4909 suppeditabat.
2505 4839 2581 4891 Illi
2605 4849 2808 4900 autem,
2853 4848 3041 4907 utpote
3063 4839 3208 4908 quod
3233 4839 3313 4891 eis
3345 4839 3542 4890 animae

1967 4943 2255 5001 propterea
2279 4940 2570 4986 evaserant
2591 4931 2809 4985 munda:
2833 4943 2889 4984 et
2916 4931 3134 5000 aptxad
3160 4929 3542 4999 suscipiendas

1969 5024 2309 5092 disciplinas,
2340 5040 2558 5077 omnem
2609 5024 2720 5078 cito
2771 5023 3015 5076 didicere
3071 5021 3400 5086 doctrinam,
3431 5031 3539 5073 tam

1970 5133 2090 5186 quae
2151 5127 2269 5169 erat
2315 5116 2458 5184 apud
2512 5115 2790 5177 Hebraeos,
2847 5129 3008 5184 quam
3051 5130 3170 5183 quae
3205 5114 3347 5182 apud
3381 5113 3542 5167 Chal-

1968 5209 2112 5261 daeos
2151 5223 2164 5258 :
2210 5207 2441 5260 maxime
2482 5222 2612 5260 vero
2654 5205 2866 5266 Daniel,
2922 5205 3012 5272 qui
3063 5219 3185 5256 cum
3221 5205 3334 5272 jam
3394 5211 3542 5255 esset

1969 5303 2102 5352 satis
2153 5297 2404 5352 doctrina
2447 5307 2758 5367 provectus,
2790 5295 3029 5350 studium
3082 5310 3301 5362 quoque
3335 5310 3540 5363 posue-

1972 5402 2053 5444 rat
2103 5391 2155 5444 in
2207 5389 2418 5461 judicio
2453 5389 2792 5444 somniorum
2824 5406 2836 5441 :
2864 5389 3026 5455 eique
3065 5385 3208 5440 Deus
3247 5387 3538 5440 manifeste

1969 5483 2304 5552 apparebat:
2341 5497 2370 5534 a
2405 5496 2513 5549 quo
2538 5496 2660 5533 eum
2697 5481 2815 5550 ejus
2845 5494 3000 5532 mens
3037 5477 3446 5541 informaretur,
3471 5493 3541 5531 ex

1970 5575 2169 5628 futuris
2197 5575 2365 5627 titulta
2405 5573 2690 5626 evidenter
2731 5570 3003 5638 pra-dixit.
3041 5568 3326 5626 Secundus
3362 5583 3542 5622 annus

1972 5669 2329 5736 praeterierat,
2367 5681 2432 5718 ex
2477 5680 2584 5732 quo
2640 5673 2795 5730 (apta
2861 5663 3078 5716 fuerant
3137 5661 3537 5730 Hierosolyma,

1971 5768 2022 5810 et
2053 5775 2140 5810 rex
2179 5755 2685 5809 Nabuchodonosor
2707 5765 2978 5805 somnium
3013 5754 3156 5804 videt
3195 5747 3535 5803 admirabile.

1972 5849 2128 5917 cujus
2161 5857 2415 5903 eventum
2445 5847 2497 5899 in
2518 5842 2725 5898 somnis
2769 5842 2882 5912 ipse
2917 5841 3060 5897 Deus
3101 5843 3149 5896 ci
3181 5840 3539 5910 signiﬁcavit,
