4230 6436
678 309 785 371 3⁷25

1982 305 2267 364 MENSlS
2308 302 2609 368 IULIUS.

3826 290 3943 355 376

681 421 776 475 Ille
803 430 982 471 autem
1006 432 1126 470 cum
1149 418 1477 471 surrexisset
1502 434 1531 472 e
1553 418 1747 481 cubili,
1773 430 1828 472 et
1854 418 2027 487 ipsius
2052 417 2248 470 somnii
2278 430 2299 482 λ

2356 414 2433 483 τῷ
2471 414 2741 483 ἐδήλωσεν
2774 416 2800 466 6
2833 414 2961 475 Θεός
2985 426 3001 443 ⁶
3040 415 3067 464 6
3121 413 3177 465 δὲ
3228 412 3325 478 τῆς
3380 410 3565 477 κοίτης
3610 407 3939 462 διαναστὰς.

684 519 768 565 est
803 512 1025 574 oblitus,
1051 521 1106 564 et
1143 510 1308 574 illius,
1342 527 1502 579 quam
1540 526 1570 563 a
1626 513 1734 565 Deo
1792 510 2007 575 habuit,
2056 510 2246 578 conje-

686 614 874 659 cturaz.
910 602 1180 657 Chaldaeis
1213 619 1345 672 ergo
1380 604 1631 669 protinus
1672 604 1974 666 accersitis,
2015 613 2120 657 tam
2154 603 2248 671 qui

682 703 841 747 erant
880 695 1023 746 inter
1061 707 1248 761 magos
1280 695 1487 757 eximii,
1523 709 1687 761 quam
1717 693 1811 760 qui
1848 693 2008 760 periti
2032 692 2251 745 divina-

684 783 872 846 tionis,
903 782 1044 834 dixit
1079 783 1160 835 eis
1188 797 1246 835 se
1278 782 1477 835 vidisse
1499 784 1800 843 somnium,
1828 791 1884 836 et
1917 782 2047 851 quid
2079 782 2253 852 signi-

686 874 935 925 ficaverit
964 890 975 924 :
1000 887 1165 938 porro
1191 872 1484 937 accidisse,
1512 880 1570 925 ut
1591 887 1780 926 eorum
1805 874 2249 936 oblivisceretur,

684 976 805 1029 quae
844 962 1056 1017 viderat
1089 982 1101 1017 :
1136 964 1438 1031 etjubebat
1460 980 1554 1019 eos
1584 966 1766 1019 dicere
1791 967 2066 1035 quodnam
2110 975 2255 1019 esset

686 1054 982 1115 somnium,
1019 1065 1074 1107 et
1134 1071 1381 1124 quietiam
1414 1067 1560 1111 esset
1596 1058 1940 1125 signiﬁcatio.
1990 1058 2101 1111 Illis
2127 1072 2256 1111 vero

686 1136 998 1195 dicentibus
1033 1143 1148 1197 ﬁeri
1200 1161 1309 1197 non
1348 1162 1507 1214 posse
1554 1146 1622 1200 ab
1672 1148 2010 1211 hominibus,
2042 1159 2100 1200 ut
2150 1149 2254 1201 nisi

686 1233 802 1302 ipse
856 1238 1201 1304 exposuisset
1272 1238 1564 1301 visionem,
1597 1242 1970 1308 conjecturam
2003 1244 2257 1294 enuntia-

688 1336 858 1380 rent:
893 1330 1011 1397 ipse
1054 1341 1290 1384 mortem
1336 1333 1577 1385 minatus
1630 1341 1712 1387 est
1754 1334 2117 1403 sapientibus,
2151 1334 2263 1388 nisi

686 1417 737 1469 ei
766 1427 821 1471 et
857 1420 1122 1474 visionem
1162 1432 1480 1477 revocarent
1515 1423 1567 1477 in
1609 1425 1950 1490 memoriam,
1990 1436 2045 1480 et
2072 1428 2260 1496 conje-

689 1520 900 1563 cturam
956 1512 1117 1566 simul
1166 1516 1537 1570 enuntiarent.
1596 1517 1663 1570 Et
1712 1520 1896 1571 statim
1947 1520 2112 1588 jussit
2165 1534 2261 1573 eos

689 1616 880 1655 omnes
911 1604 1179 1671 interimi,
1207 1623 1329 1660 cum
1395 1610 1848 1677 pronuntiassent
1883 1626 1939 1666 se
1974 1627 2080 1667 non
2101 1628 2259 1682 posse

690 1692 868 1748 facere
894 1696 971 1757 id,
1000 1699 1146 1767 quod
1177 1700 1311 1769 jussi
1340 1702 1574 1755 fuerant.

2353 504 2519 557 αὑτοῦ
2558 522 2614 557 τε
2643 504 2737 557 τοῦ
2766 506 3045 571 ὀνείρατος
3075 503 3244 574 λήθην
3280 502 3404 571 ἔσχε
3430 504 3523 553 καὶ
3558 496 3623 570 ἧς
3652 500 3812 565 ἔτυχε
3838 494 3942 559 δὴ·

2354 613 2457 647 που
2480 596 2631 667 παρὰ
2659 595 2794 648 Θεοῦ
2826 599 2920 665 τῆς
2952 596 3264 665 συγκρίσεω
3301 633 3314 648 .
3340 593 3477 653 Τοὺς
3505 589 3597 643 οὖν
3628 586 3943 645 Χαλδαίους

2354 690 2554 745 αὐτίκα
2581 686 3105 758 μεταμεμψάμενος,
3139 686 3252 738 ὅσοι
3276 700 3333 735 τε
3360 682 3469 736 τῶν
3500 682 3691 750 μάγων
3721 676 3942 744 ἐξαίρε-

2355 800 2435 835 τοι
2483 781 2575 834 καὶ
2604 781 2719 834 ὅσοι
2747 778 2845 849 τὴν
2881 780 3148 847 μαντικὴν
3179 776 3454 845 ἔμπειροι,
3486 773 3562 831 ὡς
3592 772 3676 840 εῖη
3710 785 3770 821 τε
3797 769 3940 833 ὄναρ

2358 873 2621 944 ἑωρακὼς
2653 874 2836 934 αὐτοῖς
2868 871 3051 937 ἔλεγεν
3078 871 3172 922 καὶ
3201 870 3261 922 16
3289 865 3634 937 συμϐεϐηκὸς
3669 861 3800 929 ιτερῖ¹
3833 862 3939 926 τὴν

2356 967 2529 1037 λήθην
2559 964 2633 1026 ὡς
2665 960 2805 1016 εἶδεν
2837 960 3211 1030 ἀπήγγελλεν·
3259 956 3474 1010 ικὲλευὲ
3519 972 3576 1007 τε
3616 953 3795 1020 λέγειν
3842 949 3943 1001 αύ-

2358 1064 2503 1125 τοὺς,
2543 1062 2570 1114 ὃ
2591 1078 2643 1115 τι
2676 1080 2733 1115 τε
2763 1057 2831 1133 ἦν
2862 1063 2922 1113 τδ
2950 1061 3083 1128 ὄναρ
3111 1058 3206 1111 καὶ
3228 1057 3310 1119 τίς
3347 1057 3380 1125 ὴ
3427 1054 3655 1124 δήλωσις
3680 1065 3695 1081 ·
3729 1048 3839 1101 τῶν
3881 1047 3941 1099 δὲ

2359 1156 2620 1209 ἀδύνατον
2663 1152 2805 1209 εῖναι
2856 1155 3124 1221 λεγόντων
3155 1148 3485 1220 ἀνθρώποις,
3529 1147 3576 1198 εῖ
3624 1144 3698 1214 μὴ
3729 1144 3799 1196 τά
3835 1142 3941 1209 τῆς

2358 1251 2604 1319 ὁράσεως
2627 1250 2811 1310 αὐτοῖς
2824 1247 3057 1309 ἔκθοιτο,
3086 1245 3185 1315 τὴν
3216 1243 3507 1310 σύγκρισιν
3535 1236 3904 1304 ἀπαγγέλλειν
3923 1250 3938 1261 ·

2362 1340 2523 1401 αὐτὸς
2552 1339 2779 1393 θάνατον
2805 1337 3021 1407 ⁴ὴαιτείλει
3044 1338 3156 1399 τοῖς
3186 1334 3313 1402 περὶ
3339 1332 3512 1385 ταῦτα
3542 1331 3744 1395 σοφοῖς,
3782 1328 3831 1379 εἰ
3867 1328 3942 1395 μὴ

2365 1433 2460 1484 καὶ
2484 1431 2579 1499 τὴν
2602 1428 2910 1498 ἀνάμνησιν
2944 1426 3092 1496 αὐτῷ
3121 1425 3213 1477 τοῦ
3236 1426 3516 1493 ὁράματος
3547 1420 3645 1473 καὶ
3676 1420 3775 1488 τὴν
3808 1418 3940 1484 σύγ-

2364 1539 2543 1593 κρισιν
2559 1520 2694 1590 ὁμοῦ
2718 1519 3091 1588 διαγγείλωσι,
3129 1518 3225 1569 καὶ
3250 1516 3412 1577 εὐθὺς
3442 1513 3779 1583 προσέταττε
3804 1512 3943 1564 πάν-

2364 1630 2463 1675 τας
2486 1612 2685 1674 αὐτοὺς
2706 1610 3060 1681 ἀναιρεθῆναι
3087 1606 3224 1678 πρὸς
3256 1607 3316 1659 16
3342 1605 3631 1657 κελευσθὲν
3662 1603 3942 1664 ἀδυνάτως

2366 1705 2514 1775 ἔχειν
2545 1703 3061 1774 άπαγορεύσαντας.

761 1786 848 1838 IV.
881 1786 1017 1842 Cum
1054 1791 1157 1845 hoc
1190 1793 1548 1849 intellexisset
1583 1796 1790 1859 Daniel,
1819 1797 2048 1865 jussisse
2076 1812 2255 1867 regem
2288 1772 2299 1830 Ῐ

2397 1771 2510 1853 ⁷“Δ’.
2546 1771 2930 1867 Τοῦτονμαθὼν
2953 1794 3177 1863 Δανιὴλ,
3208 1792 3291 1845 ὅτι
3321 1787 3645 1860 προστάξειε
3678 1787 3887 1846 πάντας
3911 1785 3941 1835 6

691 1893 885 1932 omnes
917 1882 1095 1936 occidi
1120 1886 1421 1953 sapientes,
1448 1888 1590 1941 inter
1624 1888 1723 1941 hos
1751 1901 1930 1943 autem
1960 1905 2017 1943 se
2041 1905 2259 1959 quoque

692 1985 816 2022 cum
837 1975 1083 2041 cognatis
1108 1976 1363 2029 venirein
1385 1979 1710 2045 periculum,
1737 1982 1949 2034 accedit
1970 1982 2035 2034 ad
2064 1983 2259 2035 Ariocb

698 2077 867 2115 unum
896 2079 962 2117 ex
1018 2066 1161 2135 regis
1194 2068 1543 2133 satellitibus,
1596 2081 1652 2124 et
1705 2080 1876 2140 rogat,
1926 2075 2061 2125 utei
2117 2072 2264 2127 dicat

696 2168 938 2219 causam,
967 2166 1193 2225 propter
1222 2176 1385 2227 quam
1419 2177 1512 2215 rex
1566 2172 1671 2216 tam
1708 2163 1955 2231 improbe
2006 2165 2264 2234 jussisset

695 2244 872 2298 occidi
909 2262 1101 2302 omnes
1155 2252 1431 2317 sapientes
1479 2253 1762 2308 Chaldaeos
1794 2266 1847 2308 et
1886 2269 2092 2323 magos.
2126 2257 2262 2309 Cum

696 2349 827 2389 vero
863 2337 930 2389 de
965 2341 1177 2394 somnio
1214 2356 1277 2394 ex
1310 2356 1375 2395 co
1416 2343 1801 2409 intellexisset,
1829 2355 1884 2399 et
1925 2347 2071 2414 quod
2126 2347 2264 2415 jussi

695 2442 724 2479 a
758 2443 885 2497 rege
910 2430 1012 2483 hoc
1034 2432 1083 2485 ei
1116 2432 1416 2500 declarare,
1439 2438 1529 2505 qui
1557 2438 1734 2492 fuerat
1760 2438 1988 2507 oblitus,
2010 2440 2267 2495 dixerunt
2290 2468 2299 2478 -

697 2533 756 2572 se
809 2537 919 2575 non
953 2538 1113 2592 posse
1149 2542 1162 2577 :
1196 2536 1250 2580 et
1294 2537 1583 2596 propterea
1634 2546 1726 2583 rex
1786 2531 1864 2584 ira
1923 2542 2139 2597 motus,
2168 2547 2266 2585 eos

699 2616 874 2661 morte
907 2609 1232 2665 damnavit:
1296 2615 1506 2681 rogavit
1544 2616 1761 2681 Ariocb,
1800 2628 1859 2671 ut
1910 2618 2141 2671 intraret
2197 2617 2264 2670 ad

698 2713 905 2768 regem,
939 2710 994 2754 et
1047 2712 1260 2770 peteret
1293 2706 1465 2775 magis
1522 2724 1682 2761 unam
1721 2720 1955 2773 noctem,
1987 2719 2043 2764 et
2096 2710 2149 2762 in
2203 2723 2267 2762 ea

699 2789 841 2844 hanc
893 2790 1144 2847 differret
1178 2795 1677 2865 interemptionem.
1747 2800 1975 2852 Dicebat
2025 2802 2171 2853 enim
2209 2816 2269 2855 se

698 2894 921 2949 sperare
969 2886 1087 2937 fore
1117 2896 1175 2939 ut
1204 2902 1327 2939 cum
1356 2889 1409 2940 in
1434 2905 1496 2942 ea
1525 2892 1693 2944 Deum
1728 2902 1959 2955 orasset,
1989 2894 2266 2948 somnium

698 2984 1077 3039 cognosceret.
1103 2975 1170 3029 Et
1205 2977 1293 3031 ille
1315 2979 1535 3047 quidem
1570 2982 1683 3037 haec
1708 2986 1819 3053 regi
1842 3002 2002 3055 quam
2030 2988 2266 3056 primum

703 3065 1062 3121 renuntiavit.
1119 3068 1213 3122 Ille
1259 3080 1441 3125 autem
1497 3074 1726 3142 cupiens
1789 3079 1954 3142 scire,
2012 3095 2263 3147 quamam

696 3163 845 3208 esset
875 3157 1033 3221 visio,
1066 3170 1121 3213 et
1145 3177 1393 3229 quaenam
1429 3177 1574 3220 esset
1601 3168 1719 3236 ejus
1742 3166 2089 3238 signiﬁcatio,
2112 3171 2271 3241 jubet

699 3246 960 3301 sustineri
1002 3264 1286 3318 magorum
1313 3254 1811 3328 interemptionem,
1855 3262 2030 3319 donec
2079 3267 2270 3330 sciret,

702 3338 966 3406 quidnam
995 3342 1242 3399 dicturus
1290 3360 1433 3403 esset
1488 3352 1697 3418 Daniel,
1738 3365 1793 3408 et
1825 3373 2071 3424 quaenam
2125 3367 2273 3411 esset

700 3432 821 3501 ejus
873 3433 1068 3489 virtus.
1107 3435 1205 3491 Hic
1245 3453 1375 3509 ergo
1406 3441 1599 3497 beatus
1634 3460 1755 3500 cum
1793 3456 1903 3500 tota
1954 3457 2113 3502 nocte
2146 3464 2270 3502 cum

702 3526 949 3593 cognatis
971 3527 1037 3582 ad
1077 3545 1134 3584 se
1166 3534 1506 3601 secessisset,
1542 3545 1652 3592 tota
1708 3550 1868 3595 nocte
1903 3539 2015 3596 Deo
2066 3544 2274 3613 suppli-

702 3618 869 3682 cavit,
904 3629 963 3673 ut
986 3637 1169 3710 magos
1197 3638 1442 3681 servaret
1465 3638 1519 3681 et
1571 3631 1875 3698 Clialdmos,
1906 3651 2030 3690 cum
2071 3639 2274 3707 quibus

706 3708 822 3777 ipse
851 3725 1069 3781 quoque
1109 3708 1270 3770 simul
1302 3728 1419 3772 erat
1454 3721 1754 3789 periturus,
1805 3734 1860 3777 et
1904 3726 2167 3779 liberaret
2206 3728 2274 3781 ab

704 3800 783 3853 ira
851 3806 1014 3873 regis,
1073 3810 1369 3876 aperiendo
1393 3812 1442 3865 ei
1496 3813 1787 3878 visionem,
1821 3816 1976 3886 cujus
2022 3834 2112 3873 rex
2157 3830 2275 3873 erat

704 3895 931 3949 oblitus.
969 3897 1111 3951 Deus
1150 3911 1332 3953 autem
1359 3904 1520 3956 simul
1564 3918 1614 3960 et
1649 3909 1909 3963 misertus
1933 3926 2124 3963 eorum
2178 3914 2269 3979 qui

704 3997 863 4041 erant
894 3988 948 4041 in
984 3990 1247 4056 periculo,
1278 4003 1332 4047 et
1365 3996 1555 4050 volens
1594 4013 1752 4051 suum
1783 4000 2108 4068 prophetam
2152 4002 2276 4053 red-

707 4077 838 4133 dere
874 4078 1197 4148 gloriosum,
1234 4085 1282 4137 ei
1336 4087 1608 4157 signiﬁcat
1658 4092 1955 4155 somnium,
1998 4101 2053 4147 et
2099 4094 2276 4163 aperit

705 4170 1078 4239 conjecturam
1115 4192 1127 4227 2
1169 4186 1224 4229 et
1255 4192 1375 4229 cum
1410 4181 1662 4246 protinus
1702 4182 1889 4236 Daniel
1926 4182 2040 4237 haec
2068 4184 2275 4239 Azaria:

707 4268 761 4311 et
785 4261 1000 4315 caeteris
1045 4265 1371 4331 aperuisset,
1400 4283 1514 4333 eos,
1546 4272 1639 4338 qui
1670 4274 1795 4323 vitae
1844 4288 1995 4340 spem
2052 4266 2273 4344 abjéceo

708 4362 852 4417 rant,
876 4362 932 4407 et
963 4354 1017 4409 in
1056 4360 1289 4412 mortem
1324 4374 1475 4414 suam
1531 4362 1834 4418 deﬁxerant
1866 4366 2273 4433 cogitationem,

708 4445 965 4504 immutat
1009 4458 1063 4504 et
1105 4450 1282 4504 reddit
1342 4452 1577 4508 lit-tiores
1607 4464 1660 4508 et
1721 4456 1907 4512 animo
1948 4449 2273 4515 alacriores.

780 4719 843 4773 ν.
872 4717 1010 4772 Cum
1036 4717 1147 4771 Deo
1183 4728 1365 4773 autem
1409 4738 1533 4775 cum
1568 4724 1649 4775 eis
1684 4723 1885 4793 egisset
1933 4724 2155 4794 gratias,
2186 4727 2280 4794 qui

709 4813 970 4865 misertus
1000 4810 1181 4865 fuerat
1210 4827 1399 4867 eorum
1432 4815 1630 4877 aetatis,
1656 4827 1712 4870 et
1741 4826 1886 4870 esset
1908 4818 2045 4879 dies.
2070 4818 2282 4873 accedit

709 4906 778 4960 ad
804 4906 1034 4971 Arioch,
1058 4916 1112 4961 et
1138 4918 1308 4976 rogat,
1347 4918 1404 4961 ut
1432 4925 1557 4962 eum
1593 4910 1756 4965 ducat
1786 4911 1851 4965 ad
1890 4926 2093 4979 regem.
2137 4912 2283 4966 Dixit

710 4999 879 5064 enim,
908 5014 965 5053 se
991 4999 1040 5054 ei
1070 5001 1207 5053 velle
1238 5002 1514 5054 somnium
1546 5002 1875 5072 signiﬁcare,
1910 5004 2055 5073 quod
2093 5004 2143 5059 ei
2193 5020 2283 5058 ac-

711 5094 929 5148 eidit'ut
978 5104 1140 5150 nocte
1189 5093 1397 5149 videret
1446 5097 1741 5163 prieterita.
1802 5098 2084 5167 Ingressus
2129 5116 2279 5163 vero,

714 5190 949 5257 primum
988 5203 1046 5243 se
1080 5194 1381 5253 excusavit,
1418 5189 1611 5242 nolens
1642 5192 1763 5244 aliis
1795 5191 2071 5249 Chaldecis
2109 5196 2281 5249 videri

712 5282 1018 5349 sapientior
1049 5298 1061 5335 :
1097 5291 1152 5334 et
1194 5281 1339 5350 quod
1375 5296 1498 5335 cum
1533 5282 1717 5335 nullus
1768 5284 1982 5338 illorum
2017 5286 2282 5353 potuisset

713 5374 963 5427 invenire
988 5375 1284 5436 somnium,
1307 5374 1421 5442 ipse
1448 5374 1499 5425 id
1530 5383 1675 5427 esset
1704 5358 1967 5428 dicturus.
1994 5377 2110 5430 Non
2136 5377 2281 5430 enim

714 5481 812 5537 per
839 5466 1257 5534 experientiam,
1284 5481 1455 5534 neque
1488 5466 1632 5535 quod
1668 5468 1737 5520 sit
1767 5468 2073 5522 subtilioris
2117 5480 2170 5523 et
2197 5486 2279 5525 so-

714 5558 956 5612 lertioris
1014 5557 1238 5625 ingenii,
1280 5557 1383 5610 hoc
1428 5558 1671 5612 accidit:
1706 5561 1795 5611 sed
1855 5560 2048 5622 nostri,
2085 5562 2280 5629 inquit,

714 5648 972 5732 misertus
996 5650 1158 5713 Deus,
1184 5654 1275 5722 qui
1303 5667 1628 5705 veneramus
1656 5654 1707 5705 in
1739 5654 1931 5707 mortis
1956 5655 2280 5721 periculum,

716 5747 849 5803 mihi
890 5761 987 5818 pro
1029 5761 1149 5803 mea
1200 5746 1380 5805 anima
1411 5756 1464 5803 et
1497 5762 1708 5814 eorum,
1744 5750 1836 5817 qui
1865 5758 1987 5805 sunt
2035 5749 2280 5821 ejusdem

2369 1889 2621 1959 βασιλεὺς
2654 1887 2948 1941 ἀποθανεῖν
2987 1887 3113 1949 τοὺς
3153 1883 3371 1953 σοφοὺς,
3413 1884 3469 1934 ὲν
3496 1880 3707 1940 τούτοις
3746 1878 3802 1930 δὲ
3849 1877 3942 1929 καὶ

2366 1982 2527 2034 αὑτὸν
2569 1980 2709 2050 μετὰ
2760 1979 2868 2032 τῶν
2929 1977 3207 2045 συγγενῶν
3264 1973 3620 2035 κινδυνεύειν,
3657 1970 3943 2038 πρόσεισιν

2379 2073 2577 2144 Ἀριὼχ
2607 2072 2686 2141 τῷ
2721 2072 2817 2125 τοῦ
2854 2051 3122 2141 βασιλέως
3166 2065 3596 2137 σωματοφύλακι
3635 2062 3729 2114 καὶ
3774 2061 3942 2112 δεῖται

2367 2167 2496 2236 παρ’
2525 2164 2689 2217 αὑτοῦ
2722 2163 2821 2233 τὴν
2856 2161 3038 2216 αἰτίαν
3077 2160 3289 2229 μαθεῖν,
3327 2156 3393 2209 δι’
3420 2158 3487 2224 ἥν
3523 2154 3666 2207 οὕτω
3701 2152 3887 2213 κακῶς
3915 2156 3943 2205 6

2371 2255 2625 2325 βασιλεὺς
2655 2256 2865 2313 πάντας
2891 2253 2977 2320 εῖη
3042 2248 3307 2310 κελεύσας
3328 2247 3680 2318 ἀναιρεθῆναι
3707 2244 3830 2304 τοὺς
3858 2260 3943 2295 σο-

2370 2344 2504 2414 φούς
2536 2361 2595 2397 τε
2632 2345 2727 2398 καὶ
2755 2340 3057 2401 Χαλδαίους
3094 2341 3189 2391 καὶ
3222 2338 3432 2406 μάγους
3456 2353 3471 2366 ⁸
3507 2338 3600 2389 καὶ
3647 2333 3835 2405 μαθὼν
3875 2334 3943 2384 τά

2370 2438 2501 2507 περὶ
2541 2436 2633 2489 τοῦ
2669 2435 2921 2489 ἐνυπνίου
2978 2432 3072 2486 καὶ
3121 2433 3201 2485 ὅτι
3264 2429 3651 2490 κελευσθέντες
3698 2426 3804 2479 ὑπὸ
3849 2423 3944 2475 τοῦ

2371 2530 2632 2599 βασιλέως
2665 2526 2808 2580 τοῦτ’
2833 2525 2981 2594 αὑτῷ
3006 2523 3199 2594 δηλοῦν
3228 2521 3657 2591 ἐπιλελησμένον
3683 2518 3761 2586 μὴ
3784 2516 3942 2568 δύνα-

2372 2622 2498 2674 σθαι
2524 2616 2709 2672 εἷπον·
2741 2618 2836 2668 καὶ
2863 2617 2949 2667 διὰ
2972 2614 3147 2665 ταῦτα
3181 2616 3314 2681 πρὸς
3349 2613 3520 2681 ὀργὴν
3554 2610 3816 2677 κινηθεὶς,
3847 2605 3944 2657 06.-

2371 2730 2530 2766 νατον
2563 2710 2740 2763 αύτῶν
2773 2708 3116 2778 κατακρίνοι,
3139 2707 3293 2773 ἠξίου
3320 2705 3411 2756 τὸν
3450 2702 3652 2771 Ἀριὼχ
3679 2698 3946 2752 εἰσελθόν-

2370 2823 2439 2860 τα
2468 2804 2605 2873 πρὸς
2633 2802 2724 2855 τὸν
2755 2801 2981 2870 βασιλέα
3010 2798 3137 2868 μίαν
3155 2795 3481 2866 αἰτήσασθαι
3502 2795 3673 2847 νύκτα
3693 2795 3803 2855 τοῖς
3839 2792 3946 2860 μά-

2371 2916 2490 2968 γοις
2522 2896 2805 2965 καὶταύτῃ
2828 2892 2926 2963 τὴν
2951 2893 3230 2962 ἀναίρεσιν
3256 2891 3528 2959 ἐπισχεῖν·
3560 2887 3803 2947 ἐλπίζειν
3836 2888 3944 2955 γάρ

2369 2992 2459 3045 διὰ
2485 2990 2712 3057 ταύτην,
2741 2987 2967 3054 ἔφασκε,
3001 2983 3210 3054 δεηθεὶς
3244 2981 3337 3036 τοῦ
3360 2979 3516 3043 θεοῦ,
3549 2980 3853 3047 γνώσεσθαι
3886 2982 3946 3029 16

2375 3081 2656 3134 ἐνύπνιον·
2685 3079 2776 3131 καὶ
2810 3078 2838 3129 6
2880 3076 2978 3146 μὲν
3024 3075 3164 3127 κατὰ
3205 3075 3367 3143 τάχος
3412 3070 3725 3141 ἀπήγγελλε
3775 3070 3946 3122 ταῦτα

2376 3173 2454 3243 τῷ
2483 3170 2727 3241 βασιλεῖ·
2758 3173 2783 3222 6
2820 3170 2876 3222 δὲ
2910 3168 3102 3237 μαθεῖν
3135 3168 3240 3237 ἄρα
3266 3166 3608 3234 γλιχόμενος,
3644 3162 3726 3223 τίς
3768 3165 3799 3230 ἡ
3828 3162 3949 3227 δᾴις

2376 3268 2471 3321 καὶ
2498 3266 2579 3328 τίς
2610 3263 2814 3332 ταύτης
2856 3266 2890 3331 ἡ
2929 3260 3239 3327 σύγκρισις,
3283 3258 3493 3310 κελεύει
3541 3259 3641 3325 τὴν
3672 3254 3950 3326 ἀναίρεσιν

2375 3357 2485 3410 τῶν
2546 3356 2736 3425 μάγων
2788 3350 3168 3420 ἐπισχεθῆναι,
3202 3350 3304 3412 ἕως
3342 3349 3474 3417 γνῷ,
3517 3348 3659 3408 τίνες
3709 3347 3758 3398 οἱ
3802 3346 3948 3411 λόγοι

2377 3448 2470 3501 τοῦ
2496 3446 2714 3515 Δανιὴλ,
2741 3445 2831 3497 καὶ
2862 3444 2945 3506 τίς
2975 3444 3039 3497 ἂν
3074 3444 3105 3514 ἡ
3140 3444 3270 3511 παρ’
3304 3442 3485 3503 αὐτοῖς
3512 3442 3595 3511 εἴη
3612 3439 3862 3508 δύναμις.
3891 3438 3952 3492 ’0

2380 3540 2648 3610 μακάριος
2686 3532 2836 3599 οὗτος
2876 3538 3055 3589 τοίνυν
3093 3536 3229 3599 μετὰ
3266 3534 3371 3587 τῶν
3412 3533 3688 3601 συγγενῶν
3733 3534 3947 3601 ὑποχω-

2378 3636 2549 3704 ρήσας
2585 3631 2722 3701 πρὸς
2750 3631 2963 3693 ἑαυτὸν,
2998 3630 3065 3681 δι’
3096 3628 3224 3695 ὅλης
3261 3628 3470 3679 ἱκὲτευε
3510 3628 3606 3692 τῆς
3636 3625 3829 3685 νυκτὸς
3859 3625 3950 3674 τὸν

2377 3724 2534 3785 Θεὸν,
2572 3721 2741 3771 σῶσαι
2770 3720 2866 3770 καὶ
2903 3718 3030 3777 τοὺς
3074 3716 3282 3783 μάγους
3328 3713 3422 3763 καὶ
3470 3712 3594 3771 τοὺς
3628 3710 3947 3769 Χαλδαίους,

2378 3808 2459 3877 οἷς
2496 3813 2561 3883 δὴ
2593 3813 2685 3864 καὶ
2715 3809 2877 3872 αὐτὸς
2910 3807 3092 3878 μέλλει
3120 3804 3535 3867 συναπολέσθαι,
3558 3802 3650 3854 καὶ
3684 3798 3949 3869 ῥύσασθαι

2377 3909 2474 3975 τῆς
2509 3902 2603 3958 τοῦ
2628 3901 2893 3975 βασιλέως
2916 3900 3085 3971 ὀργῆς
3112 3896 3490 3968 ἐμφανίσαντα
3524 3893 3621 3963 τὴν
3651 3891 3772 3961 δψιν
3804 3887 3951 3959 αύτῷ

2379 3998 2474 4050 καὶ
2505 4001 2806 4066 ποιήσαντα
2833 3994 3018 4062 δήλην,
3054 3989 3121 4063 ἧς
3164 3991 3192 4042 6
3235 3989 3487 4057 βασιλεὺς
3538 3985 3888 4053 ἐπιλέληστο·
3923 3985 3953 4034 6

2380 4091 2435 4143 δὲ
2471 4087 2601 4149 Θεὸς
2640 4086 2758 4154 ἅμα
2790 4085 2917 4147 τούς
2949 4100 3007 4135 τε
3041 4080 3451 4139 κινδυνεύοντας
3480 4078 3705 4145 ἐλεήσας
3740 4078 3834 4127 καὶ
3863 4076 3951 4128 τὸν

2381 4181 2546 4235 αὑτοῦ
2579 4179 2867 4251 προφήτην
2902 4174 3122 4240 δοξάσαι
3155 4172 3498 4244 βουλόμενος,
3521 4168 3584 4221 τό
3607 4184 3664 4220 τε
3686 4168 3820 4235 δναρ
3850 4168 3949 4218 αὺ-

2382 4274 2456 4343 τῷ
2478 4273 2735 4341 γνωρίζει
2760 4272 2852 4323 καὶ
2881 4269 2949 4322 τά
2975 4268 3074 4337 τῆς
3111 4266 3452 4335 συγκρίσεως
3477 4261 3609 4332 δῆλα
3633 4260 3948 4330 παρίστησι·

2382 4368 2475 4417 καὶ
2498 4364 2693 4432 Δανιὴλ
2722 4361 2883 4423 εὐθὺς
2922 4359 3094 4411 ταῦτα
3122 4361 3233 4419 τοῖς
3267 4357 3394 4424 περὶ
3438 4354 3694 4423 Ἀζαρίαν
3725 4350 3955 4404 ἐκκαλύ-

2316 4463 2354 4515 D
2385 4457 2515 4526 ψας,
2547 4454 2673 4516 τοὺς
2708 4452 2808 4523 μὲν
2836 4448 3225 4516 ἀπεγνωκότας
3267 4446 3367 4516 ήδη
3412 4444 3505 4496 τοῦ
3548 4445 3647 4512 ζῇν
3690 4444 3784 4494 καὶ
3819 4442 3953 4509 πρὸς

2388 4549 2449 4601 16
2478 4546 2733 4601 τεθνάναι
2766 4544 2864 4614 τὴν
2896 4541 3135 4595 διάνοιαν
3178 4538 3411 4608 ἔχοντες,
3447 4537 3527 4598 είς
3561 4533 3622 4588 16
3657 4531 3953 4603 εὐθυμότε-

2392 4658 2483 4711 ρον
2516 4638 2865 4707 μεταϐάλλει.

2458 4732 2533 4787 ιε’.
2575 4731 2989 4800 Εὑχαριοτήσας
3038 4726 3096 4777 δὲ
3146 4725 3224 4794 τῷ
3267 4721 3384 4791 Θεῷ
3438 4717 3762 4790 μετάὖτῶν
3810 4717 3957 4768 ἔλεον

2386 4824 2602 4877 λαϐόντι
2622 4822 2718 4889 τῆς
2743 4820 2957 4890 ἡλικίας
2988 4816 3189 4879 αὐτῶν,
3213 4813 3507 4883 γενομένης
3528 4809 3741 4881 ἡμέρας
3774 4826 3847 4861 πα
3859 4826 3954 4875 ρα-

2387 4918 2598 4985 γίνεται
2656 4915 2791 4982 πρὸς
2838 4914 2927 4965 τὸν
2969 4908 3172 4980 Ἀριὼχ
3229 4910 3323 4960 xui.
3382 4907 3533 4972 ἄγειν
3588 4902 3748 4956 αὑτὸν
3804 4901 3958 4969 ᾒξίου

2392 5011 2523 5081 πρὸς
2564 5006 2786 5080 βασιλέα
2808 5023 2820 5035 ·
2854 5003 3091 5073 δηλῶσαι
3126 5001 3232 5069 γάρ
3268 4998 3415 5066 αὐτῷ
3460 4995 3746 5063 βούλεσθαι
3779 4995 3841 5047 16
3874 4997 3957 5044 ἐν-

2392 5102 2577 5153 ύπνιον
2627 5099 2753 5165 ἔφη,
2799 5096 2936 5166 ὅπερ
2992 5093 3119 5146 ἰδεῖν
3175 5090 3275 5157 τῆς
3327 5086 3704 5160 παρελθούσης
3764 5084 3957 5147 νυκτὸς

2389 5194 2560 5262 τούτῳ
2593 5188 2960 5259 συμὸἐδηκεν.
2985 5181 3257 5238 Εἰσελθὼν
3284 5181 3337 5234 δὲ
3376 5169 3673 5251 παρῃτεῖτο
3705 5175 3775 5227 τὰ
3801 5172 3954 5243 πρῶ-

2389 5304 2474 5349 τα,
2514 5284 2587 5352 μὴ
2622 5281 2927 5350 σοφώτερον
2958 5277 3123 5331 αὑτὸν
3155 5275 3301 5339 δόξαι
3333 5274 3441 5324 τῶν
3474 5271 3649 5324 ἄλλων
3671 5268 3955 5321 Χαλδαίων

2393 5380 2735 5447 βουλόμενος,
2771 5374 2864 5439 καὶ
2894 5374 2976 5425 ὅτι
3011 5369 3235 5439 μηδενὸς
3267 5367 3489 5419 ἐκείνων
3514 5363 3573 5416 τὸ
3602 5364 3735 5430 ὄναρ
3774 5362 3955 5429 εὑρεῖν

2390 5472 2725 5538 δυνηθέντος,
2759 5466 2918 5527 αὐτὸς
2948 5463 3077 5517 αὐτὸ
3111 5462 3293 5530 μέλλοι
3333 5459 3509 5523 λέγειν
3531 5474 3545 5487 ο
3583 5458 3641 5507 οὐ
3674 5456 3780 5522 γάρ
3832 5451 3953 5504 κατ’

2392 5564 2705 5633 ἐμπειρίαν,
2742 5558 2847 5610 οὐδ’
2878 5558 2957 5609 ὅτι
2988 5556 3086 5625 τὴν
3123 5555 3361 5605 διάνοιαν
3408 5552 3585 5603 αὐτῶν
3632 5546 3833 5615 μᾶλλον
3863 5546 3953 5596 ἐκ·

2394 5656 2716 5723 πεπόνηται,
2776 5648 2933 5702 τοῦτο
2987 5649 3215 5715 γίνεται,
3266 5644 3379 5697 ἀλλ’
3415 5645 3659 5711 ἐλεήσας,
3718 5638 3871 5706 φησὶ,
3931 5641 3974 5688 6'

2394 5745 2523 5807 Θεὸς
2559 5740 2963 5803 κινδυνεύοντας
2992 5738 3309 5797 ἀποθανιίν,
3346 5734 3585 5803 δεηθέντι
3612 5730 3737 5801 περί
3768 5746 3821 5783 τε
3859 5748 3953 5798 της
