4230 6436
193 407 302 473 377

1217 418 1396 479 νιΤΑ
1440 419 1500 478 S.
1545 415 1969 477 ΡΒΟΡΗΕΤΕ
2012 417 2402 480 DANIELIS.

3355 419 3464 481 378

197 525 341 593 ἐμῆς
379 523 559 592 ψυχῆς
611 523 706 578 καὶ
757 525 867 578 τῶν
921 525 1213 596 ὁμοεθνῶν,
1260 529 1355 580 καὶ
1399 527 1462 580 τὸ
1504 528 1638 598 ὄναρ
1689 529 1782 580 καὶ
1808 529 1860 588 Α

1808 529 1860 588 Α
1885 528 2084 598 gentis,
2118 528 2387 598 precanti,
2425 535 2482 583 et
2506 527 2781 583 somnium
2811 527 3028 597 aperuit
3058 537 3115 584 et
3144 530 3265 599 ejus
3292 546 3465 599 expo-

194 617 298 686 τὴν
352 616 636 686 σύγκρισιν
700 617 865 670 αύτοῦ
952 622 1192 688 φανερὴν
1274 621 1564 688 ἐποίησενο
1683 621 1779 688 οὐχ

197 704 361 776 ἦττον
391 710 496 776 γὰρ
526 710 621 776 τῆς
651 709 737 778 ἐφ’
769 712 901 778 ἡμῖν
933 711 1109 780 λύπης
1141 712 1172 781 ἢ
1209 709 1338 780 περὶ
1369 711 1467 779 τῆς
1502 712 1598 780 σῆς
1624 711 1782 780 δόξης

202 802 538 870 ἰφρόντιζον,
572 797 617 855 ὦ
652 801 892 871 βασιλεῦ,
926 803 1128 864 ἀδίκως
1160 803 1331 866 οὕτως
1356 803 1558 872 ἄνδρας
1582 803 1781 866 καλούς

203 908 264 943 τε
299 894 392 943 καὶ
427 893 666 958 ἀγαθοὺς
699 893 992 946 ἀποθανεῖν
1033 895 1446 962 ἐπιτρέψαντος,
1489 895 1548 958 ἐξ
1582 888 1656 947 ὧν
1687 897 1781 948 οὑ-

204 986 296 1038 δέν
342 988 441 1055 μὲν
481 989 827 1055 ἀνθρωπίνης
865 991 1056 1058 σοφίας
1097 991 1354 1059 ἐχόμενον
1387 991 1614 1061 ᾔτησας,
1663 991 1690 1045 ὃ
1724 991 1782 1045 δὲ

203 1074 270 1147 ἦν
309 1079 471 1148 ἔργον
499 1081 662 1148 μόνου
697 1079 831 1131 Θεοῦ
867 1080 1174 1148 ἐπεζήτεις.
1211 1083 1297 1134 Σοὶ
1323 1084 1524 1143 τοίνυν,
1555 1076 1600 1135 ὦ
1632 1085 1782 1153 sm.

201 1171 322 1234 λεῦ,
365 1174 706 1240 φροντίζοντι
767 1173 896 1243 περὶ
948 1173 1042 1226 τοῦ
1091 1175 1175 1236 τίς
1225 1174 1378 1241 ἄρξει
1429 1174 1523 1226 τοῦ
1573 1177 1778 1243 κόσμον

204 1263 408 1325 παντὸς
461 1264 596 1330 μετά
641 1262 733 1325 σὲ,
782 1262 1107 1332 βουλόμενος
1156 1264 1394 1332 δηλῶσαι
1442 1265 1592 1329 Θεὸς,
1649 1268 1780 1338 ὄναρ

205 1355 548 1408 ύποδεικνύει
580 1356 823 1408 τοιοῦτον
843 1373 854 1386 ·
881 1357 1104 1421 Ἐδοξας
1137 1357 1269 1428 ὀρᾷν
1289 1358 1580 1427 ἀνδριάντα
1615 1360 1782 1428 μέγαν

207 1445 443 1508 ἑστῶτα,
477 1439 537 1498 οὗ
564 1445 662 1512 τὴν
703 1447 798 1514 μὲν
830 1448 1075 1522 κεφαλὴν
1121 1447 1433 1500 συνέϐαινεν
1476 1445 1616 1502 εἶναι
1650 1467 1782 1519 χρυ-

205 1538 330 1606 σῆν,
368 1539 494 1600 τοὺς
534 1537 588 1590 δὲ
624 1537 810 1606 ὤμους
849 1540 940 1591 καὶ
981 1539 1105 1601 τοὺς
1155 1539 1447 1610 βραχίονας
1487 1541 1780 1610 ἀργυροῦς,

203 1628 314 1681 ἀπὸ
346 1629 544 1697 χαλκοῦ
573 1629 628 1682 δέ
654 1632 752 1698 τὴν
777 1631 1017 1699 γαστέρα
1041 1632 1135 1683 καὶ
1159 1631 1283 1694 τοὺς
1303 1634 1534 1702 μηροὺς,
1569 1634 1780 1703 κνήμας

205 1723 300 1774 καὶ
348 1723 510 1782 πόδας
561 1723 850 1791 σιδηροῦς’
893 1722 1084 1775 ἔπειτα
1131 1723 1280 1775 λίθον
1338 1721 1476 1786 εἶδες
1517 1726 1573 1790 ἐξ
1625 1725 1782 1794 ὄρους

203 1815 596 1884 ἀπορραγέντα
629 1816 892 1880 ἐμπεσεῖν
928 1831 986 1865 τε
1039 1814 1118 1883 τῷ
1150 1814 1427 1883 ἀνδριάντι
1473 1819 1564 1868 καὶ
1593 1817 1783 1868 τοῦτον

206 1902 582 1954 καταϐαλόντα
614 1903 902 1972 συντρῖψαι
942 1904 1034 1957 καὶ
1070 1904 1235 1974 μηδὲν
1268 1906 1430 1958 αὑτοῦ
1466 1907 1629 1974 μέρος
1664 1907 1784 1958 ὁλό-

204 1993 410 2059 κληρον
438 1991 678 2058 ἀφεῖναι,
710 1993 800 2044 τὸν
844 1993 896 2044 δέ
938 1996 1139 2064 χρυσὸν
1167 1997 1260 2046 καὶ
1290 1996 1379 2048 τὸν
1403 1997 1644 2065 ἄργυρον
1688 1997 1783 2050 καὶ

201 2085 298 2136 τὶν
328 2084 528 2152 χαλκὸν
565 2087 658 2136 καὶ
694 2086 782 2137 τὸν
811 2085 1030 2154 σίδηρον
1060 2087 1386 2158 λεπτότερον
1413 2090 1664 2155 γενέσθαι
1696 2091 1788 2142 καὶ

208 2178 412 2238 κόνεως
437 2192 448 2203 ·
484 2177 576 2229 καὶ
609 2177 699 2230 τὸν
744 2178 842 2246 μὲν
888 2180 1093 2246 ἀνέμου
1150 2179 1485 2242 πνεύσαντος
1523 2184 1600 2242 είς
1649 2183 1787 2250 ἀέρα

202 2266 596 2335 διασπαρῆναι,
625 2269 719 2319 τὸν
743 2268 799 2320 δὲ
822 2269 966 2320 λίθον
997 2269 1231 2336 αὐξῆσαι
1265 2270 1517 2322 τοσοῦτον
1546 2271 1621 2332 ὠς
1649 2273 1786 2324 ἀπα-

207 2373 310 2407 σαν
341 2358 519 2408 δοκεῖν
545 2359 642 2427 τήν
669 2357 770 2426 γῆν
811 2359 900 2410 ὑπ’
927 2359 1092 2412 αὑτοῦ
1127 2361 1543 2431 πεπληρῶσθαι.
1578 2363 1650 2414 Τὸ
1689 2364 1789 2432 μὲν

205 2449 364 2518 ὄναρ,
399 2450 536 2517 ὅπερ
562 2450 722 2512 αὐτὸς
758 2445 917 2514 εἶδες,
951 2451 1150 2504 τοιόνδε
1174 2469 1186 2480 ·
1220 2455 1250 2522 ή
1283 2455 1570 2523 σύγκρισις
1606 2454 1661 2506 δὲ
1694 2457 1790 2508 ab-

208 2539 304 2592 τοῦ
333 2541 522 2593 τοῦτον
552 2544 664 2610 ἔχει
696 2543 786 2595 τὸν
818 2543 1014 2614 τρόπον
1035 2560 1050 2575 ο
1079 2547 1111 2614 ή
1145 2545 1242 2613 μὲν
1270 2547 1449 2615 χρυσῆ
1485 2547 1696 2617 κεφαλὴ
1731 2547 1790 2600 σέ

205 2650 268 2685 τι
305 2634 492 2703 ἐδήλου
528 2637 620 2686 καὶ
653 2637 780 2697 τοὺς
821 2636 927 2705 πρὸ
956 2637 1048 2689 σοῦ
1101 2637 1357 2706 βασιλέας
1419 2640 1790 2704 Βαὸυλωνὶους

208 2728 266 2776 ai
300 2726 394 2777 δύο
423 2727 479 2777 δὲ
507 2729 688 2796 χεῖρες
720 2728 811 2779 καὶ
831 2731 879 2781 οἰ
903 2723 1040 2798 ὦμοι
1066 2730 1169 2782 ὑπὸ
1199 2730 1292 2783 δύο
1319 2732 1790 2802 καταλυθήσεσθαι

209 2818 482 2886 βασιλέων
533 2820 630 2890 τὴν
678 2821 980 2892 ἡγεμονίαν
1027 2823 1205 2893 ὑμῶν,
1253 2825 1470 2893 Πέρσας
1517 2822 1656 2880 εἶναι
1697 2827 1792 2879 καὶ

211 2912 430 2978 Μήδους
463 2912 685 2974 τούτους
742 2915 914 2984 φημί·
963 2914 1064 2984 τὴν
1123 2914 1180 2966 δέ
1225 2915 1451 2968 ἐκείνων
1483 2917 1667 2985 ἕτερός
1710 2935 1792 2980 τις

208 3003 320 3052 ἀπὸ
371 3003 469 3068 τῆς
513 3003 720 3066 δύσεως
785 3005 1107 3075 καθαιρήσει
1137 3007 1338 3076 χαλκὸν
1386 3009 1788 3078 ἠμφιεσμένος.

222 3093 574 3163 Ἀλέξανδρος
626 3092 780 3159 οὗτος
824 3100 852 3150 ό
904 3099 1209 3154 Μακεδών·
1260 3099 1354 3153 καὶ
1402 3099 1606 3168 ταύτην
1655 3099 1788 3173 ἄλλη

1887 620 2164 674 sitionem.
2204 621 2324 674 Non
2373 619 2640 673 minorem
2668 618 2815 673 enim
2837 620 3010 675 nostri
3042 620 3271 685 doloris,
3297 636 3466 691 quam

1889 723 1994 768 tute
2018 712 2204 781 gloria:
2249 728 2438 768 curam
2481 712 2761 782 gerebam,
2795 728 2828 766 ο
2853 728 2968 776 rex,
2998 713 3092 780 qui
3143 713 3288 766 viros
3349 723 3459 765 tam

1888 805 2066 858 honos
2096 815 2152 859 et
2184 815 2292 858 tam
2334 807 2613 869 honestos,
2650 805 2835 873 inique
2869 806 3005 858 mori
3036 807 3298 874 jusseras,
3334 821 3464 860 cum

1888 898 2022 950 nihil
2058 896 2334 966 petiisses,
2365 897 2514 965 quod
2554 907 2702 952 esset
2733 897 2985 951 humana:
3015 899 3336 963 sapientiae:
3371 898 3468 951 sed

1889 992 1992 1045 hoc
2040 990 2108 1044 ab
2139 990 2223 1044 eis
2260 989 2558 1060 exegisses.
2589 988 2738 1058 quod
2779 999 2899 1042 erat
2941 989 3110 1042 solius
3171 988 3263 1042 Dei
3301 1004 3464 1055 opus.

1887 1082 2224 1152 Tibiergo,o
2252 1097 2366 1146 rex,
2393 1081 2674 1149 cogitanti.
2708 1083 2830 1148 quis
2862 1090 2984 1149 post
3013 1090 3064 1135 te
3096 1089 3241 1134 esset
3263 1079 3468 1133 mundo

1887 1176 2282 1243 imperaturus,
2319 1174 2506 1226 volens
2537 1172 2678 1225 Deus
2715 1170 3042 1240 significare.
3084 1171 3190 1223 tale
3227 1170 3470 1223 ostendit

1886 1267 2182 1322 somnium.
2218 1265 2382 1318 Visus
2426 1279 2489 1320 es
2531 1263 2630 1316 tibi
2691 1261 2878 1315 videre
2928 1276 3178 1330 magnam
3227 1269 3464 1312 statuam

1886 1368 2150 1420 stantem,
2175 1357 2332 1425 cujus
2358 1364 2525 1422 caput
2551 1353 2776 1422 quidem
2797 1353 3026 1420 contigit
3051 1358 3171 1405 es‘se
3197 1365 3464 1403 aureum:

1889 1451 2150 1508 humeros
2177 1458 2358 1502 autem
2389 1457 2442 1500 et
2471 1447 2719 1507 brachia,
2749 1455 3008 1514 argentea
3042 1461 3053 1498 :
3091 1459 3154 1497 ex
3181 1459 3286 1496 tere
3309 1459 3464 1504 vero,

1888 1551 2134 1594 ventrem
2163 1549 2216 1593 et
2248 1537 2478 1602 femora,
2499 1537 2658 1590 tibias
2681 1547 2737 1590 et
2774 1538 2939 1601 pedes
2998 1535 3227 1589 ferreos.
3261 1533 3468 1587 Deinde

1888 1634 2123 1703 lapidem
2153 1632 2334 1685 vidisti
2363 1632 2658 1699 abruptum
2694 1646 2721 1683 a
2750 1639 2956 1694 monte,
2999 1629 3243 1682 incidere
3275 1627 3325 1678 in
3352 1636 3468 1679 sta-

1892 1735 2038 1780 tuam
2080 1745 2092 1780 :
2134 1733 2190 1778 et
2238 1739 2359 1778 eam
2407 1722 2878 1791 comprehendere
2938 1736 3000 1774 ac
3063 1729 3370 1782 conterere,
3413 1727 3469 1772 et

1893 1817 2096 1872 nullam
2129 1817 2248 1884 ejus
2295 1824 2507 1883 partem
2554 1817 2864 1882 relinquere
2917 1813 3230 1880 integram:
3267 1825 3464 1862 aurum

1891 1919 2073 1962 autem
2133 1917 2187 1961 et
2244 1916 2529 1976 argentum
2562 1915 2616 1959 et
2654 1919 2727 1957 aes
2773 1915 2829 1957 et
2871 1903 3078 1956 ferrum
3125 1901 3208 1953 vel
3239 1901 3467 1967 pultere

1894 2000 2011 2052 fieri
2042 1999 2301 2052 subtilius
2345 2017 2358 2051 :
2395 2007 2452 2051 et
2489 2007 2723 2052 statuam
2773 1995 2996 2065 quidem
3030 2003 3197 2047 vento
3227 1993 3470 2060 spirante

1893 2093 2199 2161 dispersam
2253 2091 2423 2144 fuisse
2478 2090 2533 2143 in
2576 2104 2801 2144 aerem:
2860 2088 3095 2156 lapidem
3147 2101 3278 2139 vero
3330 2085 3470 2138 adeo

1893 2185 2153 2248 crevisse,
2183 2193 2241 2235 ut
2274 2183 2555 2238 videretur
2587 2181 2842 2233 universa
2875 2189 3018 2231 terra
3077 2177 3145 2230 ab
3183 2191 3250 2230 eo
3299 2176 3470 2229 fuisse

1895 2280 2121 2347 repleta.
2149 2277 2326 2344 Atque
2352 2290 2628 2328 somnium
2659 2273 2903 2341 quidem,
2935 2271 3079 2340 quod
3115 2272 3228 2338 ipse
3256 2269 3468 2332 vidisti,

1893 2369 1996 2423 fuit
2023 2370 2148 2422 tale.
2169 2369 2301 2438 Ejus
2319 2377 2502 2421 autem
2525 2368 2840 2436 conjectura
2863 2366 2966 2418 hoc
2992 2364 3151 2416 modo
3184 2377 3240 2417 se
3265 2361 3429 2414 habet
3453 2378 3466 2414 :

1894 2464 2138 2514 Aureum
2180 2460 2401 2529 quidem
2443 2467 2629 2528 caput,
2662 2468 2713 2511 te
2745 2456 3106 2526 significabat,
3136 2464 3190 2507 et
3215 2455 3305 2522 qui
3345 2461 3472 2505 ante

1897 2562 1946 2605 te
1981 2550 2226 2611 fuerunt,
2258 2565 2416 2617 reges
2467 2549 2815 2618 Babylonios.
2845 2549 2972 2599 Duae
3024 2561 3156 2599 vero
3191 2558 3385 2597 manus
3415 2552 3471 2596 et

1895 2643 2132 2706 hnincri,
2153 2659 2180 2696 a
2198 2641 2412 2695 duobus
2430 2641 2651 2709 regibus
2666 2637 3073 2693 dissolvendum
3089 2651 3209 2692 esse
3227 2645 3472 2689 vestrum

1895 2736 2283 2804 principatum,
2318 2748 2347 2784 a
2391 2733 2592 2796 Persis,
2633 2732 2876 2799 inquam,
2907 2739 2962 2784 et
2993 2729 3183 2782 Medis.
3239 2728 3470 2780 Illorum

1895 2836 2075 2880 autem
2111 2825 2483 2893 principatum
2511 2823 2760 2877 destruet
2800 2822 3022 2889 quidam
3057 2821 3197 2872 alius
3227 2835 3293 2872 ex
3321 2817 3472 2871 occi-

1894 2918 2080 2981 dente,
2102 2931 2208 2970 asre
2237 2916 2482 2969 indutus.
2513 2914 2562 2968 ls
2583 2924 2667 2969 est
2689 2912 2997 2967 Alexander
3016 2911 3239 2965 Macedo
3263 2920 3320 2962 et
3343 2925 3472 2962 eum

1894 3009 2055 3062 faciet
2087 3008 2225 3060 alius
2252 3021 2490 3070 cessare,
2517 3007 2730 3061 viribus
2755 3007 2903 3060 ferro
2929 3006 3145 3059 similis.
3177 2995 3476 3071 Superabit

1896 3113 2079 3158 autem
2113 3102 2338 3155 omnino
2370 3112 2595 3170 propter
2628 3100 2758 3153 ferri
2790 3107 3043 3151 naturam
3075 3116 3088 3162 ;
3126 3107 3208 3150 est
3240 3097 3388 3148 enim
3429 3095 3475 3148 is

213 3187 439 3248 παύσει.
473 3189 573 3258 τὴν
615 3188 769 3255 ἰσχὺν
797 3191 958 3259 ὁμοία
1004 3191 1081 3260 τῷ
1113 3192 1322 3262 σιδήρῳ
1344 3210 1356 3223 ·
1401 3194 1495 3246 καὶ
1533 3196 1797 3266 κρατήσει
1826 3199 1868 3256 C

1826 3199 1868 3256 C
1902 3195 2097 3249 fortior
2130 3209 2285 3259 auro,
2319 3201 2546 3263 argento
2577 3201 2632 3246 et
2661 3207 2767 3246 aare
2800 3209 2813 3244 :
2843 3181 3087 3244 est-vero
3121 3187 3174 3241 id
3211 3187 3473 3256 potentis-

213 3282 314 3350 μὲν
349 3283 428 3343 είς
466 3281 610 3334 ἅπαν
647 3281 732 3335 διὰ
759 3282 855 3352 τὴν
883 3281 978 3335 τοῦ
1017 3282 1238 3353 σιδήρου
1272 3282 1435 3351 φύσιν
1457 3298 1470 3312 °
1504 3280 1643 3336 εἶναι
1675 3286 1786 3355 γὰρ

213 3371 385 3442 αὐτὴν
410 3372 774 3444 στερροτέραν
806 3373 905 3443 τῆς
940 3371 1034 3426 τοῦ
1072 3373 1275 3444 χρυσοῦ
1303 3374 1393 3427 καὶ
1423 3371 1519 3425 τοῦ
1546 3372 1791 3443 ἀργύρου

211 3466 310 3516 καὶ
339 3465 431 3516 τοῦ
456 3465 693 3533 χαλκοῦ’
717 3469 747 3531 ή
778 3465 887 3517 τῶν
928 3465 1214 3535 Ῥωμαίων
1249 3465 1388 3536 αὕτη
1424 3463 1792 3534 μεγαλοδύνα-

213 3574 315 3626 μος
353 3556 620 3624 βασιλεία.
659 3557 926 3628 Ἐδήλωσε
955 3559 1014 3611 δέ
1047 3558 1196 3629 αὐτῷ
1223 3560 1318 3612 καὶ
1348 3561 1477 3628 περὶ
1511 3559 1606 3612 τοῦ
1643 3558 1789 3612 λίθου

212 3648 268 3698 λέ
284 3663 390 3712 των
413 3665 424 3676 ·
455 3649 536 3697 ὅτι
573 3649 631 3700 '0
667 3647 810 3709 λίθος
853 3648 881 3698 ό
909 3648 1142 3714 τμηθεὶς
1172 3647 1301 3700 ἄνευ
1336 3649 1560 3718 χειρῶν,
1593 3651 1620 3699 ό
1650 3651 1788 3717 Χρι-

1895 3287 2096 3339 simum
2141 3285 2511 3337 Romanorum
2568 3283 2881 3351 imperium.
2913 3280 3251 3351 Significavit
3288 3288 3473 3332 autem

1899 3379 1950 3431 ei
1975 3381 2142 3432 etiam
2179 3377 2247 3430 de
2294 3375 2497 3446 lapide,
2530 3373 2759 3428 dicens:
2786 3375 2951 3442 Lapis
3000 3374 3092 3440 qui
3123 3373 3226 3424 fuit
3269 3372 3476 3424 scissus

1899 3470 2018 3524 sine
2071 3469 2342 3532 manibus,
2372 3479 2456 3524 est
2492 3467 2767 3522 Christus.
2807 3466 2946 3521 Illud
2977 3480 3131 3521 vero.
3192 3463 3322 3515 Sine
3357 3477 3477 3513 ma-

1901 3563 2087 3624 nibus,
2112 3561 2363 3632 praedixit
2391 3574 2518 3614 eum
2547 3561 2666 3614 sine
2706 3559 2855 3613 coitu
2896 3572 3016 3611 esse
3047 3555 3386 3608 nasciturum
3409 3565 3477 3604 ex

1901 3664 2060 3706 utero
2085 3669 2113 3705 a
2142 3654 2265 3705 labe
2295 3653 2496 3706 alieno.

214 3742 340 3803 στός
373 3743 524 3795 ἐστι’
592 3741 651 3794 τὸ
725 3741 784 3795 δέ
827 3741 1027 3813 χειρῶν
1065 3741 1195 3796 ἀνευ
1244 3743 1306 3795 τὸ
1352 3741 1523 3814 χωρὶς
1577 3743 1864 3808 συνουσίας
1907 3748 1970 3799 ἐκ
2019 3749 2119 3816 τῆς
2162 3745 2396 3816 ἀμώμου
2441 3745 2703 3816 τεχθῆναι
2748 3743 2986 3810 γαστρὸς
3030 3737 3191 3791 αὑτὸν
3230 3735 3474 3807 προεφήο

210 3852 429 3890 τευσεν.

287 3930 380 3995 εἷ’.
426 3929 483 3979 ὐ
510 3928 565 3979 δέ
591 3927 844 3996 βασιλεὺς
861 3928 1334 4000 Ναόουχοδονόσορ
1353 3931 1605 4002 ἀκηκοὼς
1624 3933 1798 3984 ταῦτα

213 4021 311 4072 καὶ.
342 4018 487 4070 τοῦτ’
510 4019 644 4070 αὐτὸ
673 4014 813 4068 εἶναι
844 4020 905 4069 τὸ
933 4020 1097 4085 φανὲν
1125 4019 1258 4086 ὄναρ
1288 4023 1490 4081 συνεὶς,
1518 4021 1792 4088 ἐξεπλάγη

215 4113 308 4164 τὸν
331 4109 532 4180 Δανιὴλ
554 4108 647 4162 τοῦ
679 4109 968 4178 μεγαλείου
996 4109 1098 4178 τῆς
1125 4111 1362 4179 φύσεως,
1391 4114 1485 4164 καὶ
1514 4114 1800 4183 παραχρῇ-

218 4221 299 4273 μα
335 4204 511 4273 μικρά
534 4203 714 4256 πάντα
743 4205 836 4255 καὶ
872 4201 1152 4272 βασιλείαν
1179 4204 1352 4272 αὐτὴν
1383 4206 1475 4258 καὶ
1507 4205 1670 4272 ὄγκον
1698 4207 1796 4274 τῆς

214 4297 390 4366 ἀρχῆς
417 4295 664 4363 θέμενος,
691 4294 1003 4363 τοῦγθρόνου
1037 4310 1096 4346 τε
1139 4293 1488 4357 ἐξανίσταται
1539 4296 1632 4346 καὶ
1681 4298 1793 4346 ίσοο

215 4388 364 4447 θέσις
397 4389 604 4438 ἐκεῖνον
635 4386 799 4452 ἐτίμα
822 4388 1041 4453 τιμαῖς’
1071 4385 1152 4437 ἔτι
1181 4384 1238 4437 δὲ
1273 4384 1366 4437 καὶ
1398 4383 1496 4453 τὴν
1522 4399 1799 4453 προσηγοο

219 4483 342 4550 ρίαν
369 4476 538 4532 αὐτοῦ
590 4475 685 4528 τοῦ
721 4476 850 4528 ἰδίου
893 4476 1032 4529 Θεοῦ
1077 4477 1323 4547 θέμενος,
1371 4477 1589 4545 ἀπάσης
1633 4477 1795 4529 αὑτὸν

1972 3930 2055 3983 νι.
2087 3927 2601 3982 Nabuchodonosor
2632 3937 2817 3979 autem
2846 3939 2969 3976 cum
2998 3923 3113 3973 haec
3153 3919 3477 3982 audivisset,

1898 4032 1951 4077 ct
1975 4023 2079 4078 hoc
2108 4039 2228 4078 esse
2255 4021 2401 4093 quod
2422 4022 2473 4076 ei
2500 4028 2851 4090 apparuerat,
2874 4004 3149 4071 somnium
3176 4010 3478 4066 intellexis-

1898 4126 2001 4180 set,
2053 4118 2262 4184 stupuit
2318 4115 2559 4170 Danielis
2618 4113 2822 4183 ingenii
2891 4107 3368 4179 magnitudinem:
3421 4112 3478 4157 et

1895 4207 2149 4279 protinus
2179 4219 2343 4272 parva
2367 4205 2576 4266 omnia,
2600 4212 2655 4253 et
2697 4203 2874 4269 ipsum
2905 4211 3149 4266 regnum,
3179 4204 3236 4247 et
3262 4192 3477 4261 imperii

1901 4298 2334 4369 magnitudinem
2357 4311 2479 4350 esse
2511 4295 2743 4357 ducens,
2775 4291 3005 4361 surgite
3035 4289 3256 4350 throno,
3291 4296 3346 4338 et
3367 4285 3478 4338 Deo

1905 4393 2130 4464 paribus
2167 4391 2318 4444 illum
2355 4389 2521 4442 allicit
2555 4385 2884 4440 honoribus.
2949 4383 3224 4436 Praeterea
3264 4395 3396 4431 vero
3424 4377 3476 4431 ei

1903 4482 2250 4551 quoque,sui
2281 4480 2368 4532 dei
2413 4479 2666 4546 imposita
2695 4474 3084 4544 appellatione,
3121 4485 3247 4523 eum
3307 4469 3478 4522 totius

215 4574 516 4639 ἐπίτροπον
539 4567 637 4638 τῆς
671 4565 953 4638 βασιλείας
985 4568 1241 4635 ἐποίησεν
1262 4583 1276 4597 ο
1309 4569 1369 4619 ού
1406 4570 1514 4634 μὴν
1544 4569 1678 4620 ἀλλά
1702 4569 1796 4621 καὶ
1830 4585 1873 4642 D

1830 4585 1873 4642 D
1904 4577 2056 4647 regni
2073 4591 2194 4630 esse
2219 4573 2404 4627 effecit
2430 4580 2764 4625 curatorem.
2784 4567 2926 4633 Quin
2954 4566 3122 4621 etiam
3145 4566 3477 4634 ejuscogna-

214 4668 342 4728 τοὺς
379 4663 666 4732 συγγενεῖς
704 4660 854 4731 αὑτῷ
899 4663 994 4714 καὶ
1046 4661 1149 4730 τὴν
1192 4661 1394 4730 ἀρετήν
1432 4662 1795 4728 ὁμοτρόπους,

221 4760 342 4819 τοὺς
400 4759 530 4827 περί
587 4757 847 4826 ’Δζαρίαν
896 4756 1060 4827 φημὶ,
1116 4755 1382 4824 ἄρχοντας
1444 4753 1797 4825 ἀναδείκνυσι

221 4825 566 4915 Βαὸυλῶνος,
591 4847 686 4910 οὓς
723 4825 839 4918 μετ’
871 4825 1058 4913 ὀλίγον
1085 4848 1191 4900 ὑπὸ
1229 4847 1425 4914 φθόνου
1471 4847 1563 4899 καὶ
1591 4846 1798 4916 βασκα-

218 4943 338 4998 νίας
373 4943 455 5000 είς
491 4940 733 4991 κίνδυνον
760 4939 1024 5005 ἐμπεσεῖν
1055 4935 1358 5007 συνέϐη,τῷ
1389 4934 1599 5005 βασιλεῖ
1631 4951 1799 5003 προσ-

220 5029 564 5101 κρούσαντας
603 5026 660 5095 ἐξ
695 5029 875 5091 αἰτίας
908 5027 1167 5095 τοιαύτης
1197 5045 1210 5057 ·
1250 5032 1278 5080 ό
1308 5024 1649 5087 Βασυλώνιος
1701 5026 1796 5093 βας

221 5126 408 5189 σιλεὺς
437 5126 644 5187 ἐκεῖνος
672 5127 794 5187 ταῖς
822 5126 962 5178 κατά
983 5126 1075 5177 τὸν
1102 5123 1217 5193 βίον
1246 5125 1529 5192 εὐθηνίαις
1552 5125 1631 5184 είς
1661 5122 1797 5173 ἀπό-

218 5237 373 5273 νοιαν
404 5217 687 5288 ἐπαρθεὶς,
712 5215 792 5268 ῑτι
828 5217 885 5268 δέ
920 5217 1118 5286 καὶτῷ
1143 5203 1410 5286 ἀμυθήτῳ
1450 5216 1662 5281 πλούτῳ
1703 5215 1798 5274 καὶ

219 5311 298 5382 τῷ
321 5309 518 5380 πλήθει
543 5311 652 5363 τῶν
689 5310 1074 5376 ὑποταγέντων
1107 5309 1276 5361 ἐθνῶν
1311 5310 1402 5359 ἐπὶ
1435 5309 1576 5375 μέγα
1609 5324 1666 5358 τε
1696 5324 1796 5374 φυ-

218 5401 413 5472 σηθεὶς
466 5400 559 5453 καί
612 5397 812 5468 μικροῦ
858 5400 950 5451 καὶ
993 5398 1124 5462 Θεὸς
1176 5394 1316 5452 εῐναι
1364 5399 1449 5450 διὰ
1485 5399 1796 5468 κουφότητα

219 5492 577 5562 φαντασθεὶς,
613 5497 897 5564 μονονουχὶ
928 5493 1022 5545 καὶ
1052 5493 1206 5554 θεοὺς
1240 5493 1499 5545 πλάττειν
1547 5492 1795 5560 αύθήμεο

220 5601 316 5654 ρον
371 5583 508 5653 ᾤετο
546 5583 641 5636 καὶ
691 5583 760 5635 τὰ
809 5586 989 5637 οἰκεῖα
1040 5584 1152 5637 τῶν
1198 5584 1362 5637 αὑτοῦ
1415 5584 1620 5656 χειρῶν
1658 5584 1794 5653 ιργα

219 5676 378 5738 θεοὺς
408 5673 685 5741 ἀποδεῖξαι
708 5675 816 5728 δεῖν
841 5674 1098 5728 ἔσπευδεν
1121 5693 1132 5705 ·
1159 5676 1409 5728 ἐντεῦθεν
1437 5680 1528 5729 καὶ
1560 5677 1794 5745 χρυσοῦν

223 5769 519 5836 ἀνδριάντα
557 5768 998 5830 κατασκευάσας,
1035 5769 1225 5839 πηχῶν
1262 5769 1322 5822 τὸ
1370 5769 1471 5838 μὲν
1507 5769 1635 5836 ὕψος
1674 5769 1793 5837 agr"-

221 5872 411 5924 κοντα,
445 5857 500 5908 τδ
543 5856 742 5922 πλάτος
779 5859 832 5911 δὲ
863 5856 939 5924 ἓξ,
983 5859 1173 5930 ἔστησε
1211 5859 1395 5915 τοῦτον
1428 5862 1484 5912 ἐν
1517 5861 1666 5930 μέσῳ
1697 5860 1790 5913 τοῦ

1907 4675 2010 4724 tos.
2029 4668 2119 4733 qui
2147 4673 2303 4716 erant
2337 4663 2387 4715 ei
2420 4665 2621 4716 virtute
2644 4675 2825 4729 pares,
2851 4658 3124 4714 Azariam,
3146 4657 3392 4722 inquam,
3417 4663 3474 4706 et

1901 4767 2152 4819 caeteros,
2195 4764 2346 4808 creat
2393 4753 2672 4822 principes
2730 4749 3067 4821 Babylonis:
3115 4761 3256 4816 quos
3306 4746 3470 4814 paulo

1901 4860 2026 4921 post
2047 4850 2274 4918 contigit
2295 4859 2516 4917 propter
2535 4846 2790 4900 invidiam
2811 4845 3054 4898 incidere
3073 4846 3125 4896 in
3145 4840 3473 4912 periculum,

1902 4957 2026 4994 cum
2061 4957 2239 5006 regem
2269 4939 2627 4990 offendissent
2660 4937 2761 4986 hac
2791 4935 2858 4987 de
2883 4949 3045 4988 causa
3081 4950 3090 4984 :
3127 4948 3220 4984 rex
3253 4931 3340 4983 ille
3373 4930 3474 4981 Ba-

1903 5031 2137 5102 bylonis,
2169 5029 2313 5083 felici
2351 5043 2529 5080 rerum
2570 5041 2852 5088 successu,
2877 5036 2931 5077 et
2965 5023 3194 5076 infinitis
3242 5020 3471 5085 divitiis,

1902 5131 1955 5175 et
1989 5119 2338 5174 multitudine
2373 5135 2559 5174 earum
2606 5132 2740 5186 quas
2808 5115 3167 5184 subjunxerat
3204 5113 3472 5182 gentium,

1904 5215 1956 5266 in
1982 5213 2294 5280 superbiam
2327 5213 2504 5265 elatus
2535 5218 2590 5262 et
2615 5208 2772 5261 valde
2829 5207 3068 5264 inflatus.
3099 5219 3153 5258 et
3183 5217 3472 5272 propemo-

1900 5305 2029 5358 dum
2063 5313 2284 5372 propter
2307 5302 2584 5355 levitatem
2609 5317 2666 5354 se
2693 5300 2856 5353 deum
2882 5312 3002 5350 esse
3032 5297 3242 5349 visione
3270 5309 3474 5362 appre-

1900 5394 2580 5465 hendens,propemodum
2611 5409 2666 5447 se
2694 5393 2776 5445 vel
2798 5392 2931 5446 deos
2960 5407 3027 5443 eo
3054 5390 3172 5458 ipso
3198 5390 3284 5442 die
3316 5397 3470 5457 puta-

1900 5491 1989 5545 bat
2014 5503 2171 5557 posse
2208 5487 2433 5556 Iingere,
2463 5496 2518 5540 et
2565 5501 2785 5539 suarum
2829 5497 3090 5536 manuum
3125 5495 3288 5550 opera
3335 5479 3472 5533 deos

1898 5581 2266 5636 contendebat
2298 5580 2533 5634 eﬂieere.
2576 5578 2716 5632 llinc
2749 5578 2948 5631 factum
2981 5587 3083 5637 e5t,
3119 5588 3176 5630 ut
3204 5589 3326 5626 cum
3367 5589 3467 5627 au-

1899 5688 2046 5727 ream
2114 5673 2510 5726 construxisset
2585 5679 2841 5732 statuam,
2901 5667 3182 5738 sexaginta
3241 5665 3467 5733 quidem

1899 5766 2211 5820 cubitorum
2270 5764 2580 5828 altitudinc,
2618 5777 2711 5817 sex
2770 5774 2951 5816 autem
2989 5761 3296 5823 latitudine,
3347 5773 3468 5814 eam

1897 5859 2148 5915 statuerit
2181 5859 2238 5914 in
2268 5857 2449 5913 medio
2494 5873 2686 5928 campo
2743 5855 3054 5925 Babylonis,
3110 5854 3203 5922 qui
3239 5861 3466 5907 vocatur
