4226 6436
746 372 852 432 379

2052 366 2338 430 MENSIS
2379 368 2672 429 JULlUS.

3889 371 3998 432 380

749 483 940 536 Deera.
974 479 1036 533 Et
1063 495 1185 533 cum
1239 492 1382 534 esset
1413 497 1534 535 eam
1590 492 2032 542 consecraturus,
2078 497 2144 534 ex
2202 489 2313 533 tota
2348 482 2385 537 Α

2348 482 2385 537 Α
2423 478 2606 531 πεδίου
2652 478 2968 542 Βαϐυλῶνος
3021 479 3204 550 Δεηρά
3259 479 3591 550 καλουμένου
3645 483 3736 536 καὶ
3785 483 3997 550 μέλλων

751 581 916 636 terra,
948 571 1030 624 cni
1060 569 1383 639 imperabat,
1418 572 1743 625 convocavit
1783 571 1990 640 primos
2047 580 2317 639 satrapas.

750 663 981 717 Dederat
1015 677 1149 715 vero
1200 664 1280 715 eis
1328 679 1546 732 quoque
1574 663 1812 732 signum,
1846 673 1904 716 ut
1939 678 2045 714 non
2101 673 2205 714 tam
2239 671 2319 714 te-

750 771 924 814 mere,
957 769 1055 808 nec
1099 754 1304 822 absque
1350 754 1526 823 aliqua
1570 756 1780 808 ratione
1818 757 1866 807 ei
1908 754 2172 807 honorem
2218 754 2318 806 tri-

749 846 1031 899 buerent:
1077 845 1171 898 sed
1238 856 1498 914 tanquam
1562 845 1717 915 signo
1787 845 1919 898 dato
1975 844 2318 904 accedentes,

749 952 872 991 cum
915 952 1110 1004 magno
1144 945 1289 987 metu
1324 935 1638 988 adorarent.
1677 934 1799 988 Fuit
1841 943 2023 988 autem
2081 933 2183 984 tale
2236 934 2314 984 si-

748 1045 911 1098 gnum
949 1048 960 1078 ;
997 1027 1243 1092 Quando,
1281 1026 1477 1094 inquit,
1513 1028 1786 1080 audierint
1815 1027 2023 1088 tubam,
2060 1024 2162 1078 hoc
2210 1040 2323 1078 ma-

749 1139 852 1194 gna
892 1137 1020 1174 voce
1049 1121 1463 1189 significantem,
1495 1128 1622 1173 tunc
1654 1129 1890 1188 oportet,
1938 1118 2138 1186 inquit,
2197 1131 2322 1185 pro—

751 1213 992 1265 cidentes
1026 1212 1253 1264 adorare
1290 1222 1522 1264 statuam
1560 1230 1572 1262 :
1608 1228 1702 1265 eos
1727 1227 1879 1272 vero,
1923 1213 2014 1279 qui
2069 1210 2171 1265 hoc
2213 1225 2319 1261 non

751 1305 997 1368 feet-rint,
1026 1306 1287 1356 continuo
1327 1304 1474 1372 injici
1504 1305 1556 1355 in
1582 1304 1858 1357 fornacem
1888 1303 2025 1372 ignis
2053 1301 2318 1354 ardentis.

752 1394 820 1449 Ut
855 1395 1000 1446 enim
1036 1403 1181 1446 esset
1215 1396 1264 1446 ei
1323 1395 1498 1463 majus
1534 1404 1588 1446 et
1640 1393 1842 1446 clarius
1893 1400 2168 1444 certamen
2223 1406 2323 1459 pro

749 1486 1132 1553 statua,jubet
1195 1484 1474 1538 fornacem
1538 1503 1604 1539 ex
1663 1484 1934 1537 diametro
2007 1483 2320 1547 distantem,

750 1580 889 1646 pice,
915 1578 1227 1634 sarmentis.
1249 1579 1485 1646 naphtha
1513 1587 1567 1630 et
1588 1588 1780 1646 stuppa
1804 1577 2026 1630 accendi
2052 1592 2078 1627 e
2102 1577 2322 1644 regione

751 1679 941 1721 statua:
973 1686 984 1722 :
1015 1681 1074 1722 ut
1105 1671 1146 1723 si
1185 1671 1308 1737 quis
1347 1671 1770 1722 convinceretur
1823 1667 1998 1734 jussui
2038 1667 2179 1736 regis
2215 1683 2321 1720 non

751 1761 1072 1824 assentiens,
1100 1761 1152 1814 in
1185 1760 1462 1815 fornacem
1506 1761 1686 1814 statim
1719 1760 2109 1829 conjicerctur.

825 2036 936 2092 ΥΠ.
963 2038 1097 2092 Cum
1135 2053 1326 2092 omnes
1355 2053 1506 2105 ergo,
1537 2047 1589 2089 ut
1615 2035 1749 2105 jussi
1785 2034 2019 2094 fuerant,
2044 2030 2155 2100 jam
2183 2045 2328 2084 reso-

755 2139 919 2182 nante
951 2132 1102 2190 tuba,
1142 2130 1436 2183 adorarent
1464 2138 1719 2184 statuam,
1753 2125 1803 2177 hi
1827 2134 1936 2178 tres
1966 2124 2064 2178 soli
2107 2138 2327 2176 recusa—

758 2230 886 2272 runt
914 2221 1014 2273 hoc
1044 2220 1245 2282 facere,
1284 2228 1340 2271 ut
1397 2234 1547 2272 sacra
1584 2217 1782 2270 docent
1823 2214 2050 2284 Eloquia
2085 2230 2098 2264 :
2138 2223 2196 2265 ut
2233 2212 2326 2280 qui

757 2313 962 2382 patrias
1018 2311 1159 2382 leges
1220 2311 1523 2380 transgredi
1590 2310 1814 2362 minime
1873 2307 2238 2366 sustinerent,
2268 2309 2326 2354 et

757 2403 927 2457 Deum
953 2401 1221 2453 dedecore
1249 2401 1485 2460 afficere,
1511 2409 1564 2451 et
1595 2397 1889 2450 simulacro
1929 2393 2128 2446 offerre
2189 2391 2327 2444 ado-

759 2491 1046 2543 rationem.
1079 2489 1214 2542 llinc
1248 2488 1446 2541 factum
1472 2496 1555 2541 est
1612 2496 1668 2539 ut
1693 2485 1836 2555 apud
1873 2484 2120 2552 iniquum
2147 2496 2328 2550 regem

757 2590 1166 2638 accusarentur.
1200 2581 1539 2634 Accedentes
1565 2589 1768 2639 autem,
1825 2580 1918 2649 qui
1966 2593 2062 2632 eos
2098 2592 2327 2631 accusa-

757 2675 890 2728 bant
928 2693 940 2726 :
976 2677 1110 2736 hex,
1152 2674 1430 2736 dixerunt,
1464 2672 1520 2730 ii.
1575 2672 1780 2741 quibus
1815 2688 1844 2723 a
1879 2681 1930 2724 te
1985 2671 2172 2724 datum
2244 2679 2330 2725 est

760 2766 1052 2835 imperium
1097 2765 1358 2835 regionis,
1403 2765 1655 2829 Sidrach,
1710 2765 1954 2832 inquam,
1991 2763 2102 2822 hic,
2144 2763 2329 2823 Misac.

758 2870 812 2913 et
843 2859 1156 2929 Abdenago,
1187 2875 1364 2929 neque
1389 2859 1614 2911 omnino
1639 2857 1916 2910 sustinent
1941 2854 2169 2909 adorare
2195 2856 2331 2908 ima-

760 2951 962 3018 ginem,
997 2966 1173 3017 neque
1225 2951 1332 3003 tuis
1362 2947 1528 3018 jussis
1561 2948 1849 3002 obediunt.‘
1902 2947 2024 3000 Hzec
2080 2963 2202 3000 cum
2254 2948 2329 3002 illi

761 3035 1048 3104 dixissent,
1080 3042 1114 3095 ii
1143 3042 1325 3095 statim
1357 3042 1608 3110 producti
1644 3050 1770 3094 sunt
1799 3051 1924 3093 ante
1959 3039 2194 3092 tribunal
2245 3053 2330 3091 re-

2425 569 2714 639 καθιεροῦν
2766 571 2960 636 αύτὸν,
2991 573 3350 623 συνεκάλεσεν
3396 573 3452 638 ἐξ
3489 573 3706 640 ἀπάσης
3749 569 3818 642 ἧς
3853 569 3994 642 ἦρχε

2425 663 2527 731 γῆς
2571 663 2698 724 τοὺς
2740 663 2992 730 πρώτους
3028 665 3136 717 τῶν
3177 665 3497 732 σατραπῶν,
3528 665 3748 716 δεδώκει
3790 665 3845 717 δὲ
3898 667 3996 716 καὶ

2428 755 2654 821 σημεῖον
2686 755 2890 817 αὐτοῖς,
2918 755 3002 807 ἵνα
3033 756 3106 824 μὴ
3137 755 3322 817 ἁπλῶς
3357 754 3500 807 οὕτω
3526 754 3648 821 μηδ’
3677 756 3805 807 ἄνευ
3833 755 3994 822 λόγου

2422 851 2567 907 τινος
2603 846 2663 898 τὸ
2696 847 2858 909 σέϐας
2908 850 3055 919 αύτῷ
3091 850 3325 917 νέμοιεν,
3373 848 3485 900 ἀλλ’
3524 847 3710 914 ὥσπερ
3762 851 3825 899 ὲκ
3879 865 3998 899 συν-

2426 936 2668 1004 Θήματος
2719 939 3040 1006 προσιόντας
3093 941 3188 992 σὺν
3232 941 3381 1008 φόϐῳ
3428 938 3605 1008 πολλῴ
3645 943 3996 1006 προσκυνεῖν.

2425 1030 2532 1081 Καὶ
2553 1029 2608 1080 τὸ
2628 1033 2850 1096 σημεῖον
2875 1031 3096 1094 τοιόνδε,
3145 1032 3359 1094 Ἡνίκα,
3403 1036 3590 1099 φησιν,
3619 1031 3995 1098 σημαινούσης

2425 1119 2722 1171 ἀκούσουσι
2765 1119 2907 1188 μέγα
2939 1121 3035 1188 τῆς
3072 1121 3392 1186 σάλπιγγος,
3425 1122 3568 1182 τότε,
3611 1123 3764 1188 φησι,
3809 1121 3998 1170 πεσόν-

2425 1226 2524 1270 τας
2556 1216 2887 1278 προσκυνεῖν
2925 1211 3014 1262 τὸν
3044 1209 3368 1278 ἀνδριάντα·
3421 1212 3546 1273 τοὺς
3589 1211 3646 1262 δὲ
3708 1210 3782 1279 μὴ
3840 1210 3999 1261 τοῦτο

2427 1297 2712 1361 ποιοῦντας
2741 1300 2940 1361 εὐθέως
2970 1303 3035 1368 τῇ
3059 1300 3150 1352 τοῦ
3185 1301 3353 1371 πλρὸς
3384 1300 3722 1370 ἐμϐληθῆναι
3755 1302 3999 1367 καμίνῳ.

2429 1390 2547 1442 Ἵνα
2580 1391 2687 1458 γὰρ
2734 1389 2936 1458 μείζων
2985 1392 3132 1459 αύτῴ
3171 1395 3262 1444 καὶ
3284 1397 3746 1462 περιφανέστερος
3792 1395 3819 1443 ό
3861 1395 4001 1461 ὑπὲρ

2426 1482 2520 1534 τοῦ
2557 1482 2872 1550 ἀνδριάντος
2905 1482 3055 1547 ἁγὼν
3085 1487 3350 1552 καταστῇ,
3385 1487 3476 1536 καὶ
3509 1487 3737 1554 κάμινον
3788 1487 3850 1535 ἐκ
3881 1485 3999 1534 δια-

2432 1576 2631 1645 μέτρου
2666 1576 2947 1626 κατέναντι
2985 1577 3080 1643 τῆς
3118 1575 3326 1636 εἰκόνος
3369 1577 3632 1644 ἐκκαῆναι
3672 1577 4001 1645 προστάττει

2427 1671 2597 1739 πίσσῃ
2642 1671 2734 1722 καὶ
2772 1668 3081 1737 κληματίδι,
3117 1669 3250 1735 πρὸς
3286 1667 3341 1718 δὲ
3386 1666 3481 1718 καὶ
3525 1669 3702 1737 νάφθῃ
3747 1669 3842 1720 καὶ
3876 1685 4002 1719 στυ-

2429 1765 2566 1832 πείῳ
2622 1764 2858 1831 ἰσχυρῶς
2897 1764 3260 1831 τρεφομένην,
3297 1764 3361 1813 ἵν’
3408 1763 3555 1823 ὅστις
3610 1762 3886 1831 ἐλέγχοιτο
3925 1762 4003 1830 τῷ

2357 1830 2397 1884 Β
2434 1855 2697 1924 βασιλικῷ
2721 1855 2952 1923 δόγματι
2987 1856 3060 1923 μὴ
3097 1855 3546 1924 κατατιθέμενος,
3589 1855 3784 1907 αὐτίκα
3822 1872 4003 1923 παρα·

2431 1946 2652 1999 διδῶται
2675 1949 2738 2016 τῇ
2773 1949 3009 2016 καμίνῳ.

2501 2039 2573 2092 Ζ’.
2609 2039 2832 2090 Πάντων
2873 2035 2969 2091 οῦν
3005 2037 3145 2090 κατά
3170 2038 3229 2089 τὸ
3256 2037 3547 2090 κελευσθὲν
3571 2038 3633 2090 ἐκ
3662 2037 4005 2106 συνθήματος

2429 2130 2669 2198 ἡκούσης
2710 2129 2808 2198 ἤδη
2838 2131 2935 2197 τῆς
2970 2128 3265 2193 σάλπιγγος
3303 2127 3750 2196 πῳσκυνούντων
3794 2129 3885 2178 τὸν
3912 2128 4008 2176 ἀν-

2431 2221 2676 2290 δριάντα,
2710 2222 2757 2270 οἱ
2787 2222 2934 2287 τρεῖς
2972 2214 3116 2270 οὗτοι
3152 2218 3302 2285 μόνοι
3345 2219 3500 2270 τοῦτο
3531 2220 3734 2287 πρᾶξαι
3769 2219 4005 2286 ἠπείθη-

2435 2329 2555 2374 σαν,
2602 2311 2676 2372 ὼς
2722 2310 2816 2361 καὶ
2860 2312 2926 2360 τά
2972 2307 3090 2376 ἱερὰ
3139 2308 3451 2359 διδάσκοντι
3501 2310 3692 2375 Δόγια,
3732 2310 3825 2360 an
3880 2311 4006 2368 τοῦς

2434 2401 2717 2472 πατρῴους
2767 2399 2964 2468 νόμους
3011 2397 3328 2465 παραϐῆναι
3374 2397 3447 2465 μὴ
3499 2399 3862 2464 ἀνασχόμενοι
3907 2396 4010 2448 καί¹

2431 2493 2523 2546 τὸν
2579 2492 2800 2561 ὕψιστον
2848 2491 2980 2543 Θεὸν
3021 2490 3291 2560 ἀτιμάσαι
3327 2489 3420 2540 καὶ
3458 2486 3661 2556 εἰδώλῳ
3707 2503 4011 2554 προσενεγ-

2433 2590 2550 2647 κεῖν
2585 2586 2683 2655 τὴν
2713 2583 3086 2654 προσκύνησιν
3112 2599 3128 2613 ο
3175 2581 3350 2653 ταύτῃ
3390 2599 3468 2634 τοι
3516 2581 3608 2633 καὶ
3663 2581 3740 2651 τῷ
3784 2580 4010 2648 πονηρῷ

2434 2677 2812 2732 διαϐάλλονται
2849 2675 3094 2743 βασιλεῖ·
3135 2676 3229 2727 καὶ
3271 2676 3660 2744 προσελθόντες
3699 2676 3747 2726 οί
3784 2673 4013 2727 διαϐάλ-

2436 2771 2620 2832 λοντες
2663 2766 2893 2829 αὐτούς·
2929 2764 3183 2828 Βασιλεῦ,
3233 2764 3462 2834 ἔφησαν,
3509 2767 3558 2817 οι
3593 2767 3742 2835 παρὰ
3783 2765 3878 2817 σοῦ
3909 2765 4008 2832 τῆς

2435 2862 2618 2934 χώρας
2645 2862 2834 2932 ἄρχειν
2859 2860 3136 2928 λαχόντες,
3169 2857 3376 2924 Σεδράκ
3398 2852 3550 2917 οὗτος
3581 2857 3673 2908 καὶ
3698 2858 3882 2909 Μισὰκ
3914 2859 4011 2911 καὶ

2449 2953 2778 3020 Ἀϐδεναγὼ,
2802 2951 2922 3004 οὗτε
2956 2955 3022 3021 τῇ
3059 2952 3227 3002 εἰκόνι
3261 2952 3590 3020 προσκυνεῖν
3616 2949 3752 3011 ὅλως
3785 2952 4013 3018 ἀνέχον.

2437 3062 2548 3109 ται,
2591 3043 2713 3095 οὗτε
2765 3045 2871 3112 μὴν
2914 3046 3026 3105 τοῖς
3075 3045 3187 3104 σοῖς
3239 3043 3573 3112 διατάγμασι
3630 3042 4008 3112 πειθαρχοῦσι.

760 3133 928 3203 gium.
989 3132 1128 3198 Quid
1172 3149 1302 3201 ergo
1355 3133 1614 3199 deinceps
1653 3141 1736 3184 est
1790 3130 2192 3182 consecutum?
2238 3129 2331 3182 Ille
2360 3163 2402 3221 Ο

2360 3163 2402 3221 C
2439 3138 2625 3193 Ταῦτα
2655 3133 2808 3190 εἷπον
2840 3139 3061 3201 ἐκεῖνοι,
3099 3137 3190 3189 καὶ
3222 3137 3591 3206 ταχὺτούτους
3617 3138 3694 3198 εἰς
3731 3136 4017 3202 παράστα-

762 3226 986 3294 quidem
1023 3225 1252 3292 rogavit,
1301 3239 1368 3275 an
1401 3237 1527 3274 vera
1555 3227 1765 3284 essent,
1791 3230 1846 3274 et
1879 3220 2084 3274 nollent
2107 3236 2327 3275 auream

763 3325 1000 3369 statuam
1039 3313 1270 3368 adorare
1316 3329 1438 3366 cum
1479 3312 1619 3366 aliis.
1671 3312 1898 3366 Dicebat
1927 3313 2072 3366 enim
2103 3328 2160 3367 se
2225 3329 2333 3366 non

763 3408 989 3462 credere
1022 3407 1136 3461 haec
1157 3423 1275 3460 esse
1319 3424 1464 3461 vera.
1494 3407 1574 3460 llli
1621 3422 1748 3460 vero
1784 3421 1979 3474 magno
2011 3415 2067 3458 et
2112 3406 2334 3459 excelso

765 3501 950 3554 animo
983 3499 1240 3551 dixerunt
1263 3514 1320 3550 se
1350 3501 1556 3550 nullum
1593 3499 1759 3549 alium
1809 3497 2038 3556 habere.
2095 3498 2197 3549 nisi
2251 3513 2341 3550 so.

765 3592 878 3645 lum
908 3591 1076 3644 Deum
1112 3590 1165 3642 in
1198 3589 1349 3643 caelis
1387 3606 1400 3642 :
1433 3590 1524 3657 qui
1565 3603 1664 3641 nos
1686 3597 1890 3656 potest,
1925 3603 1956 3640 ο
1985 3604 2096 3652 rex,
2119 3587 2336 3657 eripere

765 3701 828 3738 ex
869 3684 970 3736 hac
997 3682 1218 3736 fornace
1254 3681 1501 3742 ardente,
1538 3691 1593 3733 et
1622 3697 1686 3733 ex
1710 3682 1816 3733 tuis
1840 3681 2114 3733 manibus.
2170 3678 2337 3733 Certo

766 3777 910 3829 enim
965 3777 1128 3835 scias,
1185 3773 1330 3840 quod
1365 3789 1462 3825 nos
1507 3774 1639 3824 deos
1677 3781 1797 3824 tuos
1845 3788 1951 3823 non
1998 3775 2259 3833 colemus,
2287 3780 2339 3822 et

769 3881 1012 3924 auream,
1048 3879 1209 3931 quam
1241 3863 1491 3930 posuisti,
1537 3873 1767 3920 statuam
1811 3878 1918 3915 non
1960 3861 2338 3915 adorabimus.

771 3961 1149 4028 Histyrannus
1184 3972 1291 4011 non
1322 3961 1502 4008 minus
1535 3958 1612 4009 ira
1642 3970 1928 4014 accensus.
1956 3971 2119 4024 quam
2145 3955 2333 4008 fornax

769 4054 1161 4122 ardens,jnbet
1197 4054 1367 4104 iratus
1403 4053 1552 4104 viros
1599 4052 1877 4114 robustos,
1923 4050 2171 4101 Azariam
2217 4063 2342 4101 cum

768 4150 1001 4208 caeteris,
1035 4149 1245 4200 vinctos
1268 4160 1391 4198 cum
1444 4146 1688 4197 vestibus
1741 4154 1796 4195 et
1833 4143 2132 4208 tibialibus,
2181 4141 2254 4194 ita
2285 4149 2345 4193 ut

769 4251 945 4303 erant,
985 4239 1039 4292 in
1071 4238 1348 4291 fornacem
1388 4235 1634 4304 injicere.
1664 4235 1730 4289 Et
1768 4233 1843 4287 illi
1887 4233 2106 4304 quidem
2156 4233 2342 4286 statim

771 4337 825 4389 in
861 4335 1039 4403 ignem
1075 4331 1282 4399 injecti,
1312 4329 1496 4382 divina
1553 4327 1898 4397 providentia
1945 4333 2344 4379 conservantur

772 4426 948 4486 illwsi,
984 4433 1037 4476 et
1061 4421 1456 4474 admirabiliter
1485 4437 1548 4473 ac
1571 4430 1760 4473 contra
1798 4418 2113 4488 Opinionem
2167 4417 2343 4469 mani-

2441 3251 2525 3286 σιν
2558 3232 2616 3284 τὸ
2649 3231 2929 3297 βασιλικὸν
2956 3231 3168 3300 ἐδέχετο
3203 3231 3382 3300 βῆμα·
3415 3230 3467 3279 τί
3496 3229 3588 3282 οὖν
3619 3229 3679 3279 τὸ
3715 3227 4012 3291 ἐντεῦθενς

2446 3324 2506 3376 ’0
2539 3324 2639 3392 μὲν
2662 3325 2710 3375 εί
2739 3321 2914 3392 ἁληθῆ
2952 3321 3125 3374 ταῦτα
3170 3321 3554 3373 διεπυνθάνετο
3599 3318 3691 3369 καὶ
3727 3321 3792 3385 τῇ
3833 3322 4012 3386 χρυσῇ

2437 3412 2604 3464 εἰκόνι
2637 3410 2774 3477 μετά
2801 3409 2907 3458 τῶν
2936 3408 3110 3460 ἄλλων
3145 3410 3205 3458 ού
3245 3408 3569 3474 προσκυνεῖν
3599 3404 3874 3473 βούλοιντο
3895 3420 3908 3432 °
3939 3407 4016 3476 μὴ

2436 3499 2492 3550 δὲ
2521 3497 2630 3564 γὰρ
2664 3496 2944 3548 πιστεύειν
2970 3495 3156 3562 ἔλεγεν
3188 3495 3446 3564 ἀληθείας
3468 3493 3686 3563 ἔχεσθαι
3715 3495 3890 3548 ταῦτα
3913 3513 3924 3524 ·
3965 3499 4017 3548 οἱ

2437 3590 2494 3642 δὲ
2531 3587 2903 3659 μεγαλόφρονι
2942 3588 3150 3658 διανοίᾳ
3181 3587 3332 3639 οὐδὲν
3373 3588 3558 3655 ἕτερον
3595 3586 3624 3653 ἢ
3671 3586 3812 3654 ἔχειν
3852 3589 4018 3655 μόνον

2438 3683 2569 3734 Θεὸν
2602 3685 2658 3735 ἐν
2686 3683 2936 3751 οὐρανοῖς
2970 3682 3229 3749 ἔψασκον,
3255 3681 3312 3745 ὃς
3345 3681 3629 3746 ἐξελέσθαι
3663 3683 3808 3748 ἡμᾶς
3851 3679 4017 3734 δύνα-

2437 3789 2531 3823 ται
2565 3772 2659 3839 τῆς
2697 3772 2932 3838 καμίνου
2960 3771 3165 3836 ταύτης
3201 3772 3300 3840 τῆς
3336 3776 3628 3843 καιομένης
3656 3775 3745 3825 καὶ
3774 3771 3882 3824 τῶν
3910 3773 4020 3825 σῶν

2441 3864 2662 3934 χειρῶν,
2694 3856 2738 3914 ὦ
2770 3860 3013 3930 βασιλεῦ.
3050 3862 3295 3914 Γνωστὸν
3339 3866 3446 3935 γάρ
3477 3867 3693 3937 ἀληθῶς
3735 3866 3878 3918 ἔστω
3910 3883 4018 3930 σοι,

2440 3957 2520 4009 ὅτι
2554 3956 2666 4017 τοῖς
2697 3953 2840 4015 θεοῖς
2884 3968 2979 4004 σου
3019 3951 3076 4002 ού
3111 3949 3450 4022 λατρεύομεν
3493 3958 3587 4007 καὶ
3632 3959 3694 4024 τῇ
3728 3958 3896 4008 εἰκόνι
3953 3960 4020 4026 τῇ

2441 4049 2616 4115 χρυσῇ
2704 4044 2945 4114 ἔστησας
2969 4043 3028 4095 οὐ
3052 4044 3497 4115 προσκυνοῦμεν.
3527 4045 3747 4105 Τούτοις
3773 4045 3798 4094 ό
3818 4044 4025 4112 τύραν-

2443 4153 2530 4198 νος
2556 4136 2709 4186 οὐδὲν
2735 4152 2898 4205 ηττον
2935 4137 3030 4202 τῆς
3063 4137 3397 4206 ἀναφθείσης
3428 4139 3662 4204 καμίνου
3702 4136 4024 4198 δισκαυθεὶς

2445 4225 2646 4294 ἄνδρας
2671 4225 2925 4294 ἰσχυροὺς
2957 4225 3014 4275 ὲν
3041 4226 3178 4294 ὀργῇ
3212 4224 3422 4276 κελεύει
3449 4227 3576 4286 τοὺς
3603 4225 3724 4291 περὶ
3760 4227 4025 4292 Ἀζαρίαν

2445 4319 2640 4382 αὑταῖς
2671 4318 2886 4379 στολαῖς
2915 4319 3008 4370 καὶ
3044 4319 3437 4386 περικνημῖσι-ι
3469 4315 3544 4380 ὡς
3573 4311 3716 4384 εἶχον
3754 4317 4029 4384 πεδήσαν-

2445 4431 2559 4476 τες,
2597 4415 2859 4482 ἐμϐαλεῖν
2893 4415 2972 4477 εις
3013 4412 3110 4484 τὴν
3148 4413 3418 4481 κάμινον·
3464 4413 3558 4465 καὶ
3604 4413 3652 4464 οἱ
3697 4413 3794 4482 μὲν
3837 4413 3918 4472 εἰς
3966 4412 4028 4462 τὸ

772 4516 968 4570 festum
994 4512 1265 4581 etlugiunt
1291 4509 1618 4579 periculum.
1659 4509 1775 4564 Non
1808 4509 1958 4562 enim
1989 4523 2086 4561 eos
2120 4507 2346 4560 omnino
2379 4503 2420 4557 D

2379 4503 2420 4557 ο
2453 4505 2563 4573 πῦρ
2595 4505 2796 4566 εὐθέως
2830 4506 3149 4576 βληθέντες,
3179 4504 3243 4556 ὲκ
3287 4505 3543 4573 προνοίας
3576 4504 3723 4566 θείας
3762 4502 4029 4563 ἀϐλαϐεῖς

773 4608 914 4676 ignis
948 4605 1148 4675 attigit,
1204 4619 1381 4672 neque
1417 4618 1512 4656 eos
1543 4602 1653 4655 ulla
1685 4601 1870 4654 affecit
1903 4598 2176 4653 molestia.
2239 4597 2346 4653 Sed

773 4711 896 4751 cum
930 4711 1034 4748 una
1068 4711 1190 4754 cum
1229 4697 1310 4748 eis
1339 4695 1713 4749 descendisset
1743 4705 1798 4747 et
1838 4695 2096 4762 Angelus,
2157 4693 2345 4746 statim

775 4783 998 4853 quidem
1024 4799 1052 4835 a
1093 4783 1504 4850 circumpositis
1535 4784 1852 4834 relaxantur
1906 4783 2178 4835 vinculis:
2214 4798 2347 4835 aura

779 4884 959 4931 autem
991 4891 1114 4928 rore
1165 4889 1479 4944 aspergens,
1506 4874 1586 4926 eis
1610 4875 1786 4928 evasit
1813 4873 1973 4944 ignis,
2005 4884 2059 4926 et
2084 4886 2344 4942 tanquam

777 4970 829 5021 in
894 4969 1131 5027 thalamo
1184 4969 1236 5020 in
1295 4968 1473 5020 media
1507 4967 1723 5020 flamma
1770 4976 2001 5027 stantes,
2055 4967 2351 5018 laudabant

778 5061 947 5116 Deum
990 5061 1374 5113 universorum
1413 5076 1426 5111 :
1459 5060 1788 5114 Benedictus
1829 5076 1910 5123 es,
1942 5059 2212 5122 dicentes,
2247 5059 2352 5111 Do-

782 5159 950 5224 mine,
990 5157 1132 5211 Deus
1159 5165 1375 5225 patrum
1411 5165 1744 5218 nostrorum,
1777 5165 1832 5209 et
1861 5155 2133 5209 laudabile
2161 5162 2215 5208 et
2239 5153 2352 5223 glo-

784 5251 992 5304 riosum
1019 5260 1102 5304 est
1131 5265 1329 5302 nomen
1367 5260 1518 5303 tuum
1569 5251 1623 5302 in
1664 5251 1860 5304 saecula
1887 5265 1898 5300 :
1929 5257 1984 5301 et
2043 5263 2165 5316 quae
2197 5247 2354 5300 dein-

780 5357 910 5409 ceps
961 5349 1268 5409 sequuntur
1322 5341 1374 5393 in
1433 5342 1665 5394 cantico.
1724 5341 1830 5394 Eos
1873 5355 2002 5393 vero
2063 5339 2158 5408 qui
2205 5339 2353 5407 ipsos

781 5427 1135 5494 accusabant,
1159 5431 1460 5490 Chaldaeos.
1491 5440 1547 5484 et
1578 5431 1779 5483 multos
1823 5431 1958 5483 alios
1995 5446 2060 5483 ex
2094 5429 2350 5499 Assyriis,

786 5524 925 5592 ignis
951 5537 1249 5575 excurrens
1275 5521 1512 5589 perdidit
1541 5529 1595 5575 et
1625 5520 1925 5575 interemit.
1983 5523 2072 5575 Sic
2095 5522 2269 5590 gloria
2300 5531 2357 5575 et

785 5618 996 5671 honore
1025 5630 1287 5669 coronare
1316 5615 1469 5668 novit
1491 5615 1635 5668 Deus
1658 5630 1773 5676 eos,
1801 5616 1894 5684 qui
1925 5631 2116 5669 revera
2153 5629 2354 5670 nomen

791 5711 940 5762 illius
965 5702 1291 5777 gl'orilicaut.
1321 5707 1410 5762 Sic
1439 5707 1542 5761 ﬁde
1591 5708 1790 5777 dignus
1817 5718 1923 5770 est,
1955 5709 2046 5776 qui
2079 5708 2352 5777 promisit,

785 5802 930 5875 quod
1004 5801 1215 5855 etiamsi
1253 5816 1348 5870 per
1388 5801 1564 5868 ignem
1609 5801 1816 5864 venias,
1850 5817 1955 5856 non
1992 5801 2355 5862 combureris,

2449 4596 2806 4659 διασώζονται
2847 4597 2939 4647 καὶ
2979 4596 3298 4663 παραδόξως
3355 4595 3444 4647 τὸν
3477 4596 3728 4666 προφανῆ
3776 4595 4029 4646 κίνδυνον

2452 4687 2892 4755 ὑποιρεύγουσιν⁸
2927 4688 2987 4739 οὐ
3016 4689 3123 4757 γάρ
3160 4687 3339 4757 ἥψατο
3369 4685 3554 4739 αὐτῶν
3598 4686 3657 4739 τὸ
3700 4687 3932 4738 καθόλου
3970 4689 4032 4738 τὸ

2453 4779 2563 4848 πῦρ
2595 4779 2720 4832 οὐδὲ
2755 4779 2862 4850 μὴν
2897 4778 3135 4849 ἐλύπησε
3168 4781 3227 4832 τὸ
3258 4781 3538 4848 παράπαν,
3573 4778 3708 4831 ἀλλὰ
3751 4795 4032 4845 συγκατα-

2454 4872 2650 4934 ϐἁντος
2675 4874 2858 4933 αὐτοῖς
2890 4873 3146 4939 ἀγγέλου,
3171 4872 3411 4924 ἀνίενται
3439 4871 3537 4940 μὲν
3573 4871 3678 4923 τῶν
3707 4873 4034 4939 περικειμέ-

2455 4986 2560 5020 νων
2597 4967 2794 5020 αύτίκα
2829 4966 3044 5032 δεσμῶν
3070 4980 3084 4998 ⁸
3115 4964 3256 5034 αὖρα
3287 4963 3343 5015 δὲ
3379 4962 3700 5032 δροσίζουσα
3722 4963 3781 5013 τὸ
3805 4963 3917 5031 πῦρ
3941 4964 4032 5013 αὑ-

2455 5061 2568 5120 τοῖς
2609 5061 2878 5125 ὲγεγόνει,
2913 5058 3007 5110 καὶ
3050 5057 3123 5118 ὡς
3169 5059 3227 5108 ἐν
3269 5054 3502 5108 παστάδι
3554 5057 3620 5123 τῇ
3659 5053 3820 5120 φλογὶ
3867 5055 4035 5114 μέσον

2458 5152 2690 5213 ἑστῶτες
2712 5152 2800 5203 τὸν
2826 5151 2916 5202 ἐπὶ
2939 5149 3155 5201 πάντων
3183 5147 3388 5215 ὕμνουν
3420 5147 3585 5198 Θεόνο
3613 5145 3927 5214 Εὐλογητὸς
3964 5142 4033 5208 εῐ,

2459 5243 2653 5312 Κύριε,
2685 5243 2957 5308 λέγοντες,
2987 5243 3016 5293 ό
3045 5241 3176 5302 Θεὸς
3194 5240 3301 5291 τῶν
3330 5238 3582 5306 πατέρων
3607 5237 3782 5306 ἡμῶν,
3819 5241 3912 5290 καὶ
3950 5239 4037 5287 αἱ·

2459 5335 2610 5387 νετὸν
2636 5335 2728 5386 καὶ
2751 5332 3134 5400 δεδοξασμένον
3160 5331 3218 5381 τὸ
3240 5328 3410 5397 ὄνομα
3431 5343 3523 5379 σου
3551 5329 3627 5388 είς
3654 5327 3782 5388 τοὺς
3807 5326 4035 5387 αἰῶνας,

2461 5429 2552 5479 καὶ
2586 5428 2653 5478 τά
2684 5425 2810 5491 ἑξῆς
2840 5423 2939 5490 τῆς
2973 5422 3141 5492 ᾠδῆςο
3183 5422 3307 5482 τοὺς
3335 5420 3390 5470 δὲ
3430 5415 3783 5478 διαϐαλόντας
3836 5417 4037 5476 αὐτοῦς

2462 5518 2764 5578 Χαλδαίους
2788 5517 2884 5568 καὶ
2908 5514 3137 5576 πολλοὺς
3161 5513 3348 5572 ἀλλους
3377 5510 3483 5562 τῶν
3517 5509 3818 5579 ’Δσσυρίων
3839 5511 3901 5560 τὸ
3926 5508 4037 5576 πῦρ

2463 5610 2734 5680 ὲκδραμὸν
2768 5607 3042 5676 διέφθειρέ
3075 5622 3134 5657 τε
3164 5605 3257 5656 καὶ
3291 5604 3372 5666 εἰς
3396 5604 3547 5663 τέλος
3569 5601 3853 5654 ἀπώλεσεν
3879 5637 3895 5655 .
3933 5597 4040 5654 Οὓ-

2464 5722 2540 5756 τω
2576 5701 2704 5772 δόξῃ
2735 5702 2828 5753 καὶ
2860 5703 2988 5770 τιμῇ
3021 5696 3321 5764 στεφανοῦν
3355 5691 3460 5748 οἶδε
3492 5694 3624 5756 Θεὸς
3645 5696 3768 5755 τοὺς
3801 5694 3953 5764 ἔργῳ
3981 5693 4037 5745 τὸ

2463 5796 2676 5852 ἱκείνου
2711 5794 3035 5860 δοξάζοντας
3088 5792 3292 5861 ὄνομα·
3331 5789 3472 5844 οῦτω
3504 5790 3688 5850 πιστὸς
3716 5791 3741 5840 ὁ
3770 5790 4038 5854 ἐπαγγει-
