4226 6436
303 362 404 423 381

1329 365 1500 428 VlTA
1544 366 1606 426 S.
1664 360 2088 423 PROPHE'I‘IE
2125 361 2508 421 DANIELlS.

3450 359 3556 420 382

304 479 560 545 λαμενος,
612 479 691 529 ὅτι
724 477 842 529 Κᾶν
883 476 970 529 διὰ
1017 480 1181 544 πυρὸς
1222 478 1456 547 διέλθῃς,
1495 477 1554 530 οὖ
1596 477 1668 546 μὴ
1705 493 1876 529 κατα-
1907 475 1950 534 Α

1907 475 1950 534 Α
1982 490 2157 544 neque
2190 473 2430 527 ardebis.
2467 472 2648 540 Atque
2684 470 2798 524 haec
2833 467 3055 539 quidem
3094 467 3172 522 sic
3222 465 3556 524 habuerunt,

309 567 513 637 καυθῇς
541 567 663 619 οὐδὲ
705 568 778 636 μὴ
818 568 1160 636 συμφλεγῇς.
1191 565 1315 636 Εἶχε
1353 568 1451 636 μὲν
1492 569 1636 620 οὕτω
1669 567 1873 620 ταῦτα·

309 661 404 710 καὶ
431 661 479 711 οἱ
510 661 656 728 τρεῖς
686 658 871 721 παῖδες
896 661 952 711 ὲν
975 661 1040 729 τῇ
1067 661 1279 728 καμίνῳ
1311 660 1522 729 διῆγον,
1558 661 1635 712 ἔτι
1668 661 1756 712 τὸν
1786 661 1878 712 ἐπὶ

311 754 527 804 πάντων
563 751 841 812 αἰνοῦντες
867 751 1018 803 Θεόν.

383 843 462 896 H'.
506 845 564 896 Ὀ
598 843 947 910 βασύεῦςᾛὲ
999 844 1058 894 τὸ
1101 845 1328 912 πρᾶγμα
1362 843 1448 896 διὰ
1481 843 1754 911 θαύματος
1789 842 1876 893 θέο

313 950 497 999 μ;νος,
529 933 620 984 τοῦ
658 933 846 999 θρόνου
887 930 986 1000 μὲν
1016 931 1177 994 εὐθὺς
1202 934 1572 997 ἐξανίσταται·
1607 930 1880 998 διαπορῶν

307 1024 364 1073 δὲ
397 1019 484 1091 ἦν,
522 1022 637 1082 πῶς
681 1022 788 1090 ἄρα
831 1022 978 1091 τρεῖς
1023 1023 1151 1091 παρ’
1187 1023 1349 1074 αὑτοῦ
1396 1026 1460 1092 τῇ
1498 1024 1712 1091 καμίνῳ
1750 1021 1880 1091 βληο

309 1113 495 1174 θέντες
533 1113 795 1178 τέσσαρες
830 1109 1334 1180 ᾶρτικαθορῶνται,
1375 1114 1539 1182 μηδὲν
1572 1113 1813 1181 λυπηρδν
1846 1115 1874 1183 ἢ

308 1202 471 1268 ἀηδὲς
499 1201 631 1261 ὅλως
681 1199 923 1267 ἔχοντες·
972 1201 1005 1269 ἡ
1051 1197 1145 1250 τοῦ
1185 1201 1447 1268 τετάρτου
1485 1201 1537 1250 δὲ
1570 1200 1687 1268 ὄψις
1715 1201 1876 1268 όμοία

313 1293 428 1360 Υίῷ
463 1292 620 1354 Θεοῦ,
649 1293 740 1344 καὶ
775 1292 973 1343 αὐτίκα
1020 1293 1156 1359 πρὸς
1198 1295 1261 1360 τῇ
1308 1291 1446 1361 θύρᾳ
1498 1292 1592 1344 τοῦ
1643 1295 1874 1359 καμίνου

311 1389 640 1454 γενόμενος·
674 1387 897 1455 Σεδράχ,
931 1386 1055 1454 ἔφη,
1084 1387 1174 1437 καὶ
1207 1387 1391 1438 Μισᾶικ
1422 1389 1513 1438 καὶ
1546 1387 1875 1454 Ἀὄδεναγὼ,

308 1479 361 1528 οἱ
389 1477 565 1529 δοῦλοι
591 1477 681 1528 τοῦ
711 1476 845 1528 Θεοῦ
889 1477 983 1527 τοῦ
1029 1477 1278 1542 ὑψίστου,
1303 1477 1544 1540 ἐξέλθετε
1575 1481 1666 1530 καὶ
1693 1479 1871 1531 δεῦτε·

303 1570 356 1619 oi.
387 1568 442 1620 δὲ
472 1568 694 1637 ἐξῆλθον
725 1569 849 1620 σῶοι
898 1568 988 1620 καὶ
1019 1567 1250 1631 ἄθικτοι,
1291 1569 1423 1638 μηδὲ
1466 1571 1648 1638 τριχδς
1697 1571 1875 1624 αὐτῶν

302 1661 399 1712 τοῦ
429 1664 598 1730 πυρὸς
625 1662 1039 1731 κυριεύσαντος.
1069 1663 1254 1715 Ταῦτα
1277 1663 1351 1725 ὼς
1387 1659 1525 1716 εἶδεν
1546 1668 1571 1716 ὁ
1600 1665 1873 1733 βασιλεὺς,

303 1753 402 1823 τὴν
433 1753 739 1822 ὕπερὸολὴν
764 1754 855 1804 τοῦ
891 1754 1191 1817 Θαύματος,
1221 1756 1421 1823 μᾶλλον
1451 1756 1507 1808 δὲ
1533 1759 1640 1808 τῶν
1666 1759 1876 1827 θαυμά-

301 1862 413 1896 των
440 1843 831 1909 καταπλαγεὶς,
870 1843 949 1894 ὅτι
976 1860 1032 1894 τε
1066 1845 1346 1910 κρείττους
1375 1843 1638 1912 ὤφθησαν
1668 1847 1872 1898 τοιοῦδε

302 1933 496 2002 πυρὸς,
529 1934 620 1985 καὶ
653 1933 732 1984 ὅτι
768 1933 842 2001 μὴ
873 1931 1058 1993 ἁπλῶς
1085 1933 1393 2002 κρείττους,
1418 1934 1553 1984 ἀλλά
1587 1935 1720 2002 μηδὲ
1754 1934 1874 2003 θρὶξ

300 2024 483 2076 αὐτῶν
510 2026 568 2075 τὸ
591 2023 1065 2092 εὺμαραντότατον
1088 2023 1325 2094 τοσαύτῃ
1358 2026 1642 2095 παρερῤυη
1676 2028 1869 2095 φλογί·

300 2135 439 2187 προς
485 2119 695 2180 τούτοις
729 2119 808 2170 ὅτι
845 2116 1121 2186 δεδεμένοι
1163 2117 1312 2181 ὄντες
1335 2118 1495 2181 εὐθὺς
1547 2121 1864 2190 ἀνείθησαν,

299 2212 395 2261 καὶ
434 2215 624 2278 οτιπερ
669 2212 724 2260 έν
777 2213 844 2278 τῇ
895 2211 1112 2278 καμίνῳ
1157 2211 1424 2279 παρόντες
1471 2211 1547 2263 ἔτι
1591 2213 1684 2265 καὶ
1729 2213 1874 2282 ᾅδειν

300 2300 581 2369 ἠκούοντο,
612 2300 636 2351 ὃ
668 2302 778 2364 τοῖς
826 2304 882 2353 ὲν
923 2302 1082 2369 φλογὶ
1116 2302 1348 2354 θάνατον
1382 2303 1546 2366 ὀξέως
1596 2299 1737 2357 οἶδεν
1773 2307 1874 2358 ὲπο

299 2394 454 2460 ἁγειν
507 2394 641 2460 αὐτῇ
679 2394 1024 2462 παραχρῆμα
1057 2395 1404 2462 meum-.552:
1443 2396 1536 2448 τοῦ
1583 2398 1872 2467 στόματος,

300 2484 393 2535 καὶ
434 2483 516 2535 ὃτι
560 2485 618 2535 τὸ
659 2482 768 2551 πῦρ
812 2485 989 2535 ὲκείνο
1021 2483 1046 2534 ὃ
1072 2487 1169 2552 τῆς
1197 2487 1404 2546 οἰκείας
1451 2488 1508 2537 ὲν
1539 2487 1749 2550 τούτοις
1789 2491 1874 2554 ἐξ-

299 2577 527 2634 ελάθετο
582 2577 821 2644 φύσεως,
865 2578 925 2627 ἐν
965 2581 1076 2632 τοῖς
1133 2578 1263 2644 περὶ
1318 2577 1417 2648 τὴν
1482 2577 1711 2649 κάμινον
1755 2577 1872 2634 οὖσι

299 2667 591 2729 Χαλδαίοις
625 2667 734 2736 πῦρ
764 2667 990 2729 ἀκριϐὲς
1022 2663 1087 2737 ἦν
1118 2668 1210 2720 καὶ
1240 2669 1364 2721 οὐδὲ
1397 2671 1538 2724 κατά
1565 2671 1747 2740 χώραν
1777 2673 1873 2741 μέ-

301 2775 416 2819 νον,
448 2757 562 2809 ἀλλ’
591 2757 732 2822 ὲξιὰν
775 2757 868 2809 κα)ι
899 2759 1192 2828 ἁλλόμενον
1235 2760 1327 2810 καὶ
1374 2762 1500 2822 τοὺς
1551 2760 1733 2824 ἀξίους
1781 2763 1873 2814 εὑ-

302 2850 620 2919 μαρὲστατα
665 2850 1026 2916 καταιρλέγον·
1087 2851 1260 2902 ταῦτα
1319 2851 1496 2904 πάντα
1547 2853 1754 2915 ἐκεῖνος
1799 2854 1874 2916 ὡς

298 2939 461 3005 εἶδεν,
498 2943 577 3002 είς
609 2941 709 3008 γῆν
751 2957 810 2990 τε
859 2940 1018 3003 εὐθὺς
1041 2941 1235 2993 ἔπιπτε
1287 2942 1411 3007 καὶ,
1455 2942 1754 3013 Εόλόγητος
1801 2939 1870 3012 sl,

299 3033 496 3101 Κύριε,
528 3032 737 3100 μεγάλη
760 3029 961 3100 ἕκραζε
992 3035 1056 3102 τῇ
1089 3037 1263 3104 φωνῇ,
1298 3035 1325 3086 ό
1348 3033 1481 3096 Θεδς
1507 3034 1599 3085 τοῦ
1641 3037 1870 3105 Σεδρὰχ,

1983 580 2036 624 et
2073 581 2179 623 tres
2215 568 2372 636 pueri
2410 565 2677 635 degebant
2727 564 2778 617 in
2808 563 3029 616 fornace
3059 559 3346 614 laudantes
3384 560 3554 611 Deum

1988 662 2388 714 universorum.

2057 840 2190 895 Vlll.
2226 839 2337 891 Rex
2367 845 2548 890 autem
2592 851 2704 888 rem
2738 834 3064 896 admiratus,
3097 829 3280 884 statim
3333 828 3553 898 quidem

1984 935 2159 1000 surgit
2201 947 2229 984 c
2266 931 2462 982 throno
2502 946 2514 981 :
2551 926 2838 979 dubitabat
2886 933 3092 985 autem,
3130 921 3406 989 quomodo
3441 931 3555 974 tres

1983 1025 2050 1076 ab
2072 1040 2138 1078 eo
2175 1023 2406 1091 coajecri
2445 1021 2494 1072 in
2553 1019 2852 1078 fornacem,
2881 1031 3028 1068 nunc
3061 1022 3362 1068 cernantur
3415 1027 3553 1080 qua-

1986 1125 2129 1174 tuor.
2157 1115 2248 1182 qui
2282 1111 2418 1164 nihil
2446 1110 2670 1163 omnino
2694 1123 2856 1178 grave
2877 1117 2970 1159 aut
2996 1107 3281 1158 molestum
3307 1118 3552 1156 sensere.

1984 1211 2253 1276 Asrectus
2284 1221 2416 1259 vero
2462 1205 2640 1274 quarti
2689 1211 2772 1256 est
2797 1202 2993 1256 similis
3028 1201 3165 1254 Filio
3196 1199 3310 1252 Dei.
3339 1197 3408 1251 El
3443 1209 3553 1250 sta-

1986 1303 2078 1355 tim
2114 1299 2382 1354 accedens
2415 1297 2481 1351 ad
2513 1298 2712 1351 ostium
2735 1295 2992 1358 fornacis,
3031 1293 3301 1350 Sedracli,
3351 1292 3549 1358 inquit,

1981 1402 2036 1446 et
2071 1393 2257 1452 Misac,
2286 1399 2339 1444 et
2372 1391 2689 1460 Abdenago,
2726 1388 2870 1442 servi
2907 1386 3000 1440 Dei
3034 1384 3304 1446 altissimi,
3341 1383 3483 1436 exite
3500 1388 3556 1435 et

1983 1486 2179 1538 venite.
2244 1484 2322 1536 Illi
2378 1491 2561 1535 autem
2599 1480 2734 1534 salvi
2791 1478 2996 1548 egressi
3057 1487 3185 1532 sunt
3225 1487 3281 1530 et
3337 1475 3552 1535 intacti,

1982 1591 2106 1630 cum
2139 1590 2205 1627 ne
2253 1574 2305 1626 in
2339 1587 2507 1624 unum
2545 1571 2767 1639 quidem
2804 1570 2974 1636 pilum
3013 1566 3352 1619 dominatum
3414 1563 3558 1614 obti-

1983 1668 2194 1722 nuisset
2225 1665 2383 1733 ignis.
2411 1662 2535 1717 llaec
2567 1663 2957 1717 cum-vidisset
3006 1675 3124 1720 rex,
3167 1654 3419 1710 miraculi
3467 1653 3554 1707 vel

1985 1759 2168 1828 potius
2195 1757 2586 1811 miraculorum
2627 1769 2896 1808 summam
2942 1761 3170 1821 stupens
3220 1746 3554 1817 magnitudi-

1981 1867 2129 1915 nem,
2169 1867 2366 1919 nempe
2404 1851 2551 1918 quod
2583 1859 2638 1904 et
2688 1849 2780 1901 tali
2830 1850 2953 1916 igne
2985 1847 3188 1901 fuerint
3215 1843 3552 1914 superiores,

1978 1948 2032 1993 et
2062 1939 2208 2008 quod
2241 1955 2350 1991 non
2378 1940 2551 1991 solum
2581 1939 2917 2005 superiores,
2954 1937 3049 1990 sed
3075 1952 3174 1990 nec
3201 1949 3396 1987 eorum
3425 1931 3553 2001 qni—

1979 2035 2102 2087 dem
2133 2033 2298 2103 pilus,
2331 2048 2438 2097 res,
2471 2047 2592 2101 quae
2630 2031 2888 2089 facillime
2917 2029 3191 2084 llaecescit
3251 2036 3308 2080 et
3345 2040 3554 2079 marce-

1977 2126 2100 2190 scit,
2143 2134 2290 2178 tanta
2328 2124 2543 2177 ﬂamma
2600 2123 2917 2177 efﬂuxerit:
2962 2132 3018 2176 et
3077 2134 3362 2190 praeterea,
3409 2119 3554 2186 quod

1979 2233 2101 2272 cum
2136 2226 2322 2270 essent
2351 2215 2540 2276 vincti,
2594 2215 2858 2266 continuo
2894 2212 3047 2265 fuere
3079 2212 3242 2264 soluti
3277 2219 3372 2264 :et
3403 2209 3550 2278 quod

1978 2325 2101 2364 cum
2136 2306 2315 2360 adhuc
2345 2313 2528 2359 essent
2567 2305 2618 2356 in
2666 2302 2909 2366 fornace,
2942 2302 3114 2356 auditi
3156 2310 3284 2356 sunt
3335 2316 3548 2355 canen-

1980 2410 2060 2455 tes
2092 2419 2103 2452 :
2141 2398 2285 2467 quod
2327 2397 2551 2466 quidem
2597 2395 2684 2460 iis,
2743 2394 2836 2464 qui
2874 2405 3003 2448 sunt
3032 2395 3084 2448 in
3141 2394 3380 2456 flamma,
3435 2392 3552 2462 ipsa

1975 2490 2160 2545 statim
2201 2489 2314 2541 oris
2347 2487 2629 2554 apertione
2679 2495 2912 2539 mortem
2962 2487 3104 2540 solet
3141 2486 3339 2539 aﬂerre
3379 2485 3553 2552 proti-

1975 2597 2078 2635 nus
2117 2600 2128 2633 :
2164 2590 2216 2633 et
2281 2578 2426 2647 quod
2461 2578 2550 2632 ille
2608 2577 2772 2646 ignis,
2809 2578 2901 2645 qui
2967 2578 3018 2630 in
3052 2580 3133 2631 eis
3193 2577 3431 2645 propria:
3467 2584 3553 2628 est

1976 2674 2178 2728 oblitus
2233 2682 2459 2732 naturae,
2503 2670 2559 2723 in
2599 2669 2892 2734 Clialdwis,
2924 2669 3016 2738 qui
3049 2678 3209 2722 erant
3252 2670 3398 2722 circa
3440 2669 3553 2719 for-

1979 2782 2193 2830 nacem,
2230 2765 2332 2818 fuit
2361 2780 2523 2818 verus
2549 2773 2603 2817 et
2631 2763 2907 2832 perfectus
2944 2761 3106 2831 ignis,
3129 2771 3184 2814 et
3209 2776 3308 2814 nec
3350 2760 3403 2814 in
3430 2759 3550 2812 loco

1979 2863 2200 2933 quidem
2232 2874 2479 2922 manens,
2515 2856 2610 2912 sed
2648 2855 2938 2926 egrediens
2978 2864 3032 2909 et
3080 2853 3304 2917 saliens,
3341 2860 3398 2906 et
3432 2867 3548 2912 eos.

1977 2958 2069 3024 qui
2120 2955 2266 3023 digni
2313 2962 2488 3014 erant,
2546 2953 2881 3006 comburens
2933 2948 3207 3002 facillime.
3253 2947 3552 3014 Postquam

1980 3049 2069 3103 ille
2098 3046 2233 3099 vidit
2262 3045 2374 3098 haec
2408 3043 2613 3108 omnia,
2646 3041 2830 3096 statim
2865 3040 3017 3093 humi
3045 3039 3264 3101 cecidit,
3292 3049 3346 3091 et
3381 3037 3551 3090 Bene-

300 3123 488 3176 Μισάκ
531 3123 624 3173 καὶ
663 3118 996 3186 Ἀὗδεναγὼ,
1039 3120 1096 3182 ὃς
1144 3121 1432 3172 ἀπέστειλε
1494 3123 1583 3172 τὸν
1634 3122 1868 3187 ἄγγελον
1899 3154 1941 3209 C

1899 3154 1941 3209 α
1976 3138 2157 3193 dictus
2182 3151 2261 3199 cs,
2285 3134 2533 3198 Domine,
2567 3148 2761 3202 magna
2788 3146 2920 3186 voce
2959 3129 3240 3190 clamavit,
3275 3129 3421 3181 Deus
3462 3126 3549 3180 Si-

297 3210 465 3264 αὕτοῦ
488 3211 581 3263 καὶ
609 3209 876 3282 ἐρρύσατο
903 3212 1029 3272 τοὺς
1055 3210 1234 3273 ὁσίους
1264 3211 1429 3264 αὐτοῦ
1460 3213 1650 3274 παῖδας
1681 3213 1744 3265 ἐκ
1776 3212 1868 3266 τοῦ

297 3303 472 3372 πυρὸς
505 3303 598 3355 καὶ
633 3303 821 3357 κακῶν
851 3304 1083 3367 ἀπαθεῖς
1112 3303 1432 3375 διετήρησεν
1452 3321 1466 3334 ·
1504 3301 1622 3357 εἶτα
1655 3305 1751 3358 καὶ
1783 3305 1870 3358 δό-

295 3414 416 3466 γμα
455 3396 755 3464 ἐκτίθησιν,
781 3398 896 3457 Πᾶς
931 3397 1101 3460 ὅστις,
1132 3397 1326 3464 λέγων,
1353 3397 1412 3448 οὐ
1450 3400 1751 3467 προσκυνεῖ
1780 3398 1872 3451 τὸν

293 3488 429 3540 Θεὸν
470 3488 698 3556 Σεδρὰχ,
731 3487 918 3539 Μισάκ
968 3487 1059 3538 καὶ
1104 3487 1432 3554 Ἀϐδεναγώ,
1473 3489 1555 3546 είς
1591 3489 1872 3541 ἀπώλειαν

294 3582 452 3634 ἔσται
482 3583 574 3632 καὶ
604 3580 671 3630 τὰ
702 3579 915 3629 ἐκείνου
958 3579 1138 3631 πάντα
1183 3581 1261 3643 είς
1305 3580 1586 3649 προνομήν
1614 3596 1627 3610 ·
1672 3580 1871 3643 αὐτοὺς

293 3675 351 3726 δὲ
382 3673 506 3733 τοὺς
538 3671 841 3740 μακαρίους
889 3671 1086 3732 παῖδας
1136 3671 1297 3740 νῦνῆ
1343 3672 1610 3741 πρότερον
1657 3669 1870 3740 μείζοσι

292 3765 532 3831 δοξάσας
567 3765 778 3834 τιμαῖς,
815 3763 1004 3835 ἄρχειν
1055 3765 1150 3815 xui.
1197 3765 1304 3816 τῶν
1351 3764 1623 3816 Ἰουδαίων
1667 3765 1871 3832 αίχμα-

293 3854 484 3904 λώτων
516 3854 845 3921 ἐπέτρεπεν.

368 3946 440 3997 ϐ’.
473 3944 652 4013 Βραχὺ
674 3945 732 3996 τὺ
771 3944 910 4013 μετά
936 3944 1129 4010 ταῦτα,
1164 3948 1257 3998 xui
1296 3945 1460 3998 πάλιν
1491 3947 1683 4014 ὅρασις
1709 3947 1870 4015 ἑτέρα

295 4039 440 4093 κατὰ
466 4040 590 4102 τοὺς
617 4040 818 4102 ὕπνους
839 4039 915 4109 τῷ
941 4039 1154 4108 βασιλεῖ
1180 4040 1478 4105 δείκνυται,
1506 4041 1598 4092 καὶ
1625 4041 1656 4110 ή
1681 4040 1871 4109 ὅρασις

293 4131 476 4184 τοιάδε
502 4145 515 4160 ⁸
546 4131 760 4199 δένδρον
787 4132 922 4201 όρᾷν
945 4131 1122 4183 ἐδόκει
1159 4130 1303 4201 μέγα
1325 4149 1382 4184 τε
1415 4133 1510 4184 καὶ
1541 4132 1868 4202 Θαυμάσιον,

295 4225 326 4277 ὂ
366 4223 636 4296 ὲρρίζωτο
669 4223 766 4290 μὲν
803 4225 896 4275 ἐπὶ
924 4223 1049 4291 γῆς,
1079 4223 1424 4291 ἐμεγαλόνθη
1457 4224 1512 4274 δὲ
1554 4225 1648 4274 καὶ
1683 4226 1870 4290 ἴσχυσε

301 4318 467 4388 μέγα,
497 4319 587 4369 καὶ
605 4317 665 4368 τὸ
690 4317 821 4384 ὕψος
849 4315 1015 4368 αὑτοῦ
1049 4317 1367 4384 κατειλήφει
1399 4315 1488 4368 τὸν
1518 4316 1744 4386 οὐρανὸν
1781 4316 1872 4368 καὶ

296 4409 517 4476 φύλλοις
547 4406 768 4477 ὡραίοις
799 4406 972 4475 ἐκόμα
995 4406 1088 4458 καὶ
1119 4406 1303 4476 έὸριθε
1334 4405 1513 4475 πολλῷ
1545 4407 1620 4477 τῷ
1645 4408 1866 4478 καρπῷ,

292 4501 364 4553 τά
395 4501 561 4571 θηρία
594 4517 654 4552 τε
694 4500 789 4552 τοῦ
830 4499 1003 4569 ἀγροῦ
1046 4500 1226 4551 πάντα
1270 4500 1363 4550 καὶ
1400 4499 1468 4550 τὰ
1505 4500 1726 4552 πετεινά
1772 4498 1865 4550 τοῦ
1894 4513 1946 4572 D

694 4500 789 4552 τοῦ
830 4499 1003 4569 ἀγροῦ
1046 4500 1226 4551 πάντα
1270 4500 1363 4550 καὶ
1400 4499 1468 4550 τὰ
1505 4500 1726 4552 πετεινά
1772 4498 1865 4550 τοῦ
1894 4513 1946 4572 D
1975 4516 2144 4569 multo
2170 4514 2351 4567 ίτυειυ

293 4594 525 4665 οὐρανοῦ
561 4597 616 4645 ὲν
646 4595 821 4660 τούτῳ
843 4593 1080 4662 κατῴκει
1107 4607 1118 4618 °
1154 4587 1272 4643 εἷτα
1303 4593 1396 4643 καὶ
1430 4592 1582 4660 φωνή
1616 4610 1700 4654 τις
1723 4593 1863 4644 ἄνω-

294 4689 387 4741 θεν
433 4685 604 4756 ἀθρόα
652 4685 846 4756 προῄει
874 4687 1125 4753 ἐκτεμεῖν
1171 4685 1232 4736 τὸ
1279 4684 1498 4754 δένδρον
1545 4685 1868 4750 κελεύουσα,

297 4779 468 4847 μόνην
506 4776 563 4829 δὲ
597 4776 694 4845 τὴν
718 4777 812 4842 τῆς
858 4775 1014 4844 ῥίζης
1057 4776 1282 4844 ὲαθῆναι
1328 4776 1506 4844 φυήν·
1550 4777 1643 4828 καὶ
1674 4776 1736 4846 δὴ
1773 4778 1867 4828 καὶ

293 4872 554 4936 ἐτέμνετο
600 4870 695 4919 καὶ
740 4868 808 4917 τὰ
851 4867 1024 4934 ιρύλλα
1053 4867 1207 4918 τοῦδε
1235 4867 1585 4935 παραχρῆμα
1621 4868 1869 4936 ἐξερροί-

293 4976 478 5022 σκετο,
517 4959 606 5010 καὶ
644 4959 710 5010 τὰ
738 4960 794 5009 ἐν
828 4957 1169 5025 αὑτῷπάντα
1204 4958 1317 5020 ζῶα
1352 4959 1446 5010 καὶ
1480 4959 1700 5008 πετεινὰ
1734 4958 1865 5011 θᾶτ-

291 5067 385 5103 τον
414 5049 780 5118 ἀφίστατο.ὐ
815 5049 913 5118 μὲν
959 5049 1168 5119 ὄνειρος
1217 5043 1406 5113 οὕτος’
1443 5051 1470 5101 ό
1515 5049 1568 5100 δὲ
1614 5049 1866 5118 βασιλεὺς

289 5142 388 5196 τοῦ
419 5143 589 5193 ὕπνου
617 5142 906 5204 διαναστὰς
958 5145 1051 5195 καὶ
1086 5143 1249 5196 πάλιν
1283 5145 1409 5205 τοὺς
1456 5144 1666 5211 μάγους
1704 5143 1866 5195 καλέ-

295 5252 420 5296 σας,
456 5233 655 5303 διεξῄει
686 5234 746 5285 τὸ
780 5233 969 5285 θεαθὲν
1014 5235 1105 5286 καὶ
1143 5234 1258 5302 ᾆμα
1297 5234 1349 5285 τί
1391 5234 1652 5303 σημαίνοι
1688 5235 1865 5300 λέγειν

292 5325 483 5395 ἠξίου·
521 5325 838 5396 παραυτίκα
884 5325 993 5376 τῶν
1043 5325 1140 5394 μὲν
1181 5326 1356 5377 ἄλλων
1406 5326 1580 5388 οὐδεὶς
1631 5325 1862 5394 ἐδυνήθη

291 5422 394 5488 τὴν
423 5416 611 5470 τούτου
641 5418 875 5486 δήλωσιν
901 5419 1153 5487 ἐφευρεῖν
1184 5420 1274 5470 καὶ
1301 5420 1360 5470 τὸ
1399 5419 1590 5487 μέλλον
1629 5421 1865 5490 ἐμφανί-

299 5508 497 5578 σαιτῷ
531 5509 762 5576 βασιλεῖ,
802 5511 1002 5579 Δανιὴλ
1041 5511 1096 5562 δὲ
1132 5510 1292 5580 μόνος
1336 5514 1428 5562 καὶ
1470 5510 1614 5563 τοῦτ’
1649 5511 1865 5582 έκρινεν

294 5605 391 5654 καὶ
418 5601 596 5664 καθὼς
625 5608 773 5680 οὕτος
807 5606 1087 5675 προεῖπεν,
1109 5603 1288 5673 ἀπέϐη
1309 5621 1320 5632 ’
1370 5603 1560 5674 εἴρηκε
1592 5606 1721 5675 γὰρ,
1781 5608 1862 5658 ὅτι

293 5692 367 5747 Συ
393 5689 444 5745 εἷ
468 5695 526 5747 τὸ
555 5694 790 5765 δένδρον,
824 5697 960 5766 ὅπερ
991 5692 1152 5760 εἶδες,
1174 5689 1217 5748 ὦ
1241 5696 1483 5767 βασιλεῦ,
1519 5700 1609 5750 καὶ
1639 5699 1698 5749 οὐ
1729 5700 1863 5767 μετᾶ

297 5787 471 5857 βραχῦ
499 5789 591 5860 τῆς
618 5790 788 5864 ἀρχῆς
826 5793 1033 5860 ἐκπεσῇ
1058 5805 1070 5816 ·
1105 5789 1263 5843 τοῦτο
1295 5789 1450 5860 γάρὴ
1488 5790 1624 5859 τομὴ
1650 5792 1854 5874 ἐδηλοιγ

1975 3231 2167 3292 drach,
2231 3229 2395 3283 Misac
2427 3236 2481 3280 et
2543 3227 2891 3296 Abdenago:
2948 3223 3038 3295 qui
3088 3223 3239 3278 misit
3293 3221 3549 3292 angelum

1974 3337 2155 3385 suum,
2182 3319 2514 3374 ctliberavit
2547 3329 2769 3371 sanctos
2807 3334 2934 3371 suos
2974 3333 3176 3385 pueros
3206 3316 3273 3369 ab
3311 3317 3455 3383 igne,
3493 3323 3551 3367 et

1975 3429 2003 3467 a
2026 3411 2183 3466 malis
2222 3410 2568 3464 conservavit
2598 3407 2818 3462 illzesos.
2861 3405 3069 3460 Deinde
3106 3405 3273 3459 etiam
3311 3403 3425 3458 edit
3457 3401 3552 3455 de-

1974 3504 2586 3571 cretum,Quicunqde,
2635 3501 2848 3563 dicens,
2898 3515 3006 3552 non
3062 3498 3318 3552 adorabit
3377 3498 3548 3558 Deum

1975 3597 2229 3660 Sidrach,
2288 3596 2454 3650 Misae
2502 3604 2558 3649 et
2608 3591 2928 3659 Abdenago,
2988 3589 3257 3651 interibit,
3288 3597 3344 3641 et
3402 3588 3551 3650 illius

1975 3689 2116 3741 bona
2151 3687 2335 3741 omnia
2361 3684 2554 3754 praeda:
2587 3691 2771 3737 erunt.
2804 3682 2957 3751 lpsos
2984 3691 3168 3734 autem
3203 3679 3393 3732 beatos
3413 3693 3551 3747 pue-

1976 3799 2065 3837 ros
2097 3783 2308 3852 majori,
2338 3797 2499 3850 quam
2534 3780 2704 3850 prius,
2737 3779 2948 3832 honore
2979 3776 3237 3838 alliciens,
3258 3776 3424 3845 jussit
3447 3773 3550 3827 Ju-

1974 3877 2103 3934 daeis
2133 3874 2364 3942 captivis
2391 3886 2646 3941 praeesse.

2045 3965 2136 4019 IX.
2169 3965 2287 4018 Non
2322 3965 2554 4017 multum
2591 3960 2903 4016 intercessit
2942 3959 3228 4028 temporis,
3254 3967 3309 4010 et
3352 3971 3548 4011 rursus

1975 4058 2079 4111 alia
2110 4058 2250 4111 visio
2286 4056 2397 4123 regi
2434 4062 2663 4122 apparet
2696 4053 2749 4106 in
2810 4053 3038 4105 somnis.
3075 4049 3378 4103 Videbatur
3437 4048 3546 4102 sibi

1975 4149 2161 4202 videre
2192 4147 2449 4201 arborem
2501 4160 2749 4215 magnam
2779 4143 3251 4206 etadmirabilem,
3288 4156 3410 4210 quas
3457 4156 3547 4193 ra-

1975 4239 2123 4293 dices
2189 4239 2410 4307 quidem
2466 4246 2652 4306 egerat
2713 4236 2766 4287 in
2827 4245 2969 4288 terra
3008 4233 3219 4286 :crevit
3274 4242 3458 4284 autem
3491 4239 3548 4282 et

1975 4331 2127 4383 valde
2152 4330 2308 4382 fortis
2330 4329 2522 4392 evasit,
2557 4335 2614 4381 et
2643 4324 2875 4380 altitudo
2903 4326 3021 4394 ejus
3063 4323 3263 4377 cmlum
3306 4322 3545 4390 attinge-

1977 4425 2088 4485 bat,
2121 4433 2176 4476 et
2204 4422 2467 4491 speciosis
2498 4429 2618 4475 erat
2659 4430 2874 4473 comata
2907 4418 3073 4480 foliis,
3121 4426 3176 4471 et
3231 4415 3387 4484 plena
3426 4423 3548 4468 erat

2390 4531 2402 4566 :
2443 4527 2632 4567 omnes
2666 4525 2798 4566 vero
2829 4510 3017 4564 bestiae
3047 4509 3160 4577 agri
3194 4518 3250 4561 et
3293 4507 3546 4559 volucres

1969 4609 2026 4662 in
2059 4623 2119 4661 ea
2157 4605 2502 4659 habitabant.
2541 4603 2749 4656 Deinde
2781 4617 2884 4654 vox
2919 4609 3140 4670 quoque
3172 4599 3422 4668 quaedam
3457 4615 3546 4651 re-

1969 4710 2131 4771 pente
2161 4715 2226 4753 ex
2255 4699 2363 4751 alto
2396 4697 2626 4762 exstitit,
2648 4710 2768 4766 qua:
2796 4694 3024 4764 jubebat
3049 4693 3298 4746 arborem
3325 4692 3544 4744 exscin-

1972 4796 2123 4857 dere,
2157 4793 2330 4847 solum
2367 4800 2547 4844 autem
2599 4789 2801 4842 dimitti
2861 4803 3086 4857 germen
3157 4787 3379 4840 radicis.
3419 4784 3546 4838 Fuit

1970 4888 2156 4956 itaque
2182 4885 2386 4944 excisa.
2409 4895 2466 4937 et
2506 4884 2626 4953 ejus
2669 4882 2796 4935 folia
2826 4889 3050 4948 repente
3090 4877 3420 4931 ellluxerunt
3447 4892 3458 4927 :
3489 4883 3547 4928 et

1972 4996 2093 5048 quae
2145 4987 2303 5032 erant
2338 4979 2391 5030 in
2425 4991 2510 5038 ea,
2546 4991 2740 5029 omnes
2793 4974 3102 5026 animantes
3149 4983 3204 5024 et
3265 4969 3542 5030 volucres,

1971 5073 2081 5125 cito
2113 5076 2476 5126 recesserunt.
2510 5067 2687 5137 Atque
2721 5068 2824 5120 fuit
2858 5066 3079 5133 quidem
3114 5063 3218 5116 hoc
3246 5063 3544 5116 somnium.

1973 5167 2088 5220 Rex
2127 5175 2307 5218 autem
2340 5179 2369 5216 e
2401 5179 2595 5218 somno
2626 5163 2919 5224 excitatus,
2953 5159 3118 5226 Magis
3152 5171 3343 5210 rursus
3379 5169 3541 5207 voca-

1973 5257 2043 5310 tis
2073 5264 2253 5308 narrat
2279 5255 2355 5318 id,
2390 5253 2534 5324 quod
2563 5253 2740 5306 visum
2761 5251 2940 5306 fuerat
2973 5269 2984 5301 :
3025 5259 3081 5303 et
3112 5248 3274 5301 simul
3312 5246 3546 5314 rogavit,

1975 5346 2328 5407 utdicerent,
2368 5344 2630 5413 quidnam
2666 5342 3022 5412 significaret.
3079 5339 3254 5408 Atque
3309 5338 3550 5389 aliorum

1974 5436 2195 5505 quidem
2232 5436 2413 5488 nullus
2442 5435 2620 5503 potuit
2656 5435 2838 5487 statim
2880 5434 3127 5486 invenire
3174 5428 3538 5500 significatio-

1974 5538 2122 5586 nem,
2152 5532 2207 5577 et
2241 5523 2456 5591 aperire
2485 5524 2593 5592 regi
2621 5523 2880 5592 quidnam
2923 5530 3067 5576 esset
3111 5521 3355 5573 futurum
3393 5536 3404 5570 :
3435 5517 3544 5570 Da-

1976 5616 2082 5667 niel
2141 5630 2272 5668 vero
2301 5616 2453 5669 Solus
2516 5616 2619 5669 hoc
2665 5616 2899 5685 conjecit
2932 5632 2944 5668 :
2982 5625 3036 5668 et
3089 5615 3290 5674 evenit,
3323 5611 3467 5666 sicut
3499 5609 3548 5662 is

1974 5705 2482 5772 przedixerat.Dixit
2515 5708 2658 5759 enim
2697 5724 2708 5756 :
2742 5705 2821 5758 Tu
2855 5721 2913 5758 es
2937 5706 3101 5758 arbor
3128 5719 3289 5772 quam
3333 5698 3542 5762 vidisti,

1971 5814 2002 5850 ο
2038 5814 2147 5851 rex.
2185 5799 2300 5853 Non
2335 5801 2504 5856 multo
2539 5809 2658 5868 post
2690 5808 2870 5855 autem
2907 5799 3125 5855 excides
3157 5798 3223 5853 ab
3281 5796 3539 5865 imperio.
