4226 6436
707 415 816 478 383

2011 409 2291 472 MENSIS
2336 405 2628 474 JULIUS.

3863 413 3968 476 386

712 530 817 583 hoe
855 529 1000 582 enim
1025 529 1369 600 signiﬁcabat
1403 530 1595 586 sectio.
1637 531 1840 586 Deinde
1892 527 2058 584 etiam
2120 528 2287 581 vitam
2321 521 2366 576 Α

2321 521 2366 576 Α
2397 524 2514 580 εἶτα
2545 529 2638 578 καὶ
2669 528 2876 596 θηρίοις
2911 527 3009 598 ἔσῃ
3048 528 3499 597 συνδιαιτώμενος
3537 529 3628 582 καὶ
3669 529 3864 598 χόρτον
3898 528 3972 582 ὡς

713 637 839 691 ages
873 623 1035 676 simul
1068 640 1192 677 cum
1227 625 1379 688 feris,
1412 635 1468 680 et
1498 626 1626 680 feno
1667 625 1911 694 pasceris
1968 623 2112 678 sicut
2143 621 2282 675 bos:

713 727 950 782 cumque
1007 714 1086 769 sic
1112 727 1321 785 septem
1346 717 1507 771 annis
1531 717 1730 772 vixeris
1763 718 1817 770 in
1841 714 2163 773 solitudine.
2187 714 2290 767 im-

715 804 932 873 perium
987 823 1179 862 rursus
1235 809 1488 877 accipies.
1525 809 1639 864 Hoc
1701 809 1845 864 enim
1889 808 1994 862 sibi
2036 807 2152 861 vult
2187 822 2288 860 vox

718 895 831 958 illa,
869 896 965 950 sed
1012 913 1236 966 germen
1278 899 1524 952 radicum
1571 901 1852 953 dimittite.
1898 900 2222 967 Propterea,
2258 912 2290 951 ο

718 1002 835 1052 rex,
869 989 966 1043 tibi
1036 1006 1217 1044 meum
1283 992 1493 1061 placeat
1527 993 1842 1057 consilium,
1875 1002 1930 1046 et
1969 992 2292 1060 iniquitates

719 1088 845 1134 tuas
899 1082 1262 1154 eleemosynis
1297 1085 1526 1149 redime,
1556 1095 1611 1139 et
1650 1095 1871 1154 peccata
1907 1094 1998 1138 tua
2039 1085 2092 1138 in
2131 1083 2295 1137 mise-

722 1173 1032 1228 rationibus
1067 1190 1370 1244 pauperum
1403 1195 1414 1228 ε
1454 1188 1508 1230 ct
1541 1176 1773 1231 fortasse
1818 1178 1872 1231 in
1927 1177 2038 1232 tuis
2080 1175 2296 1230 delictis

723 1264 1074 1317 exercebitur
1100 1265 1298 1320 lenitas
1326 1275 1380 1320 et
1406 1268 1692 1336 patientia.

797 1354 859 1409 Χ.
890 1356 1066 1425 Atque
1087 1357 1201 1412 haec
1225 1360 1444 1426 quidem
1474 1369 1660 1426 postea
1684 1367 2005 1423 evenerunt,
2035 1368 2091 1414 et
2132 1358 2296 1414 finem

725 1456 1081 1514 acceperunt,
1108 1449 1252 1502 sicut
1279 1449 1491 1504 dixerat
1526 1451 1737 1507 Daniel.
1762 1452 1898 1508 Cum
1928 1453 2074 1509 enim
2121 1453 2299 1508 dictos

728 1548 938 1605 septem
982 1555 1156 1594 annos
1193 1551 1444 1596 versatus
1471 1553 1618 1598 esset
1642 1561 1734 1599 rex
1763 1545 1818 1600 in
1847 1547 2168 1609 solitudine,
2198 1561 2300 1601 ne-

728 1643 835 1697 que
860 1631 1004 1685 ullus
1027 1643 1174 1688 esset
1219 1649 1388 1688 ausus
1425 1651 1652 1705 regnum
1684 1638 1928 1707 aggredi,
1969 1638 2141 1692 Deum
2172 1653 2300 1707 pre-

728 1733 904 1784 catus,
945 1734 1003 1777 ut
1031 1741 1191 1780 suum
1222 1743 1449 1796 regnum
1473 1729 1765 1797 reciperet,
1789 1744 1914 1783 cum
1947 1728 2300 1783 successione

730 1818 990 1884 potentia:
1021 1821 1291 1876 excelsam
1333 1838 1524 1876 rursus
1571 1832 1809 1876 mentem
1853 1823 2105 1884 induens,
2140 1821 2195 1874 in
2219 1836 2306 1875 re-

730 1924 896 1977 gnum
955 1913 1252 1966 revertitur
1287 1931 1300 1967 :
1352 1925 1404 1968 et
1441 1930 1564 1968 cum
1603 1923 1886 1981 regnasset
1935 1914 2303 1989 quadraginta

735 2009 846 2054 tres
878 2017 1070 2065 annos,
1111 2004 1327 2058 excedit
1365 2020 1394 2057 e
1428 2007 1539 2058 vita
1568 2023 1581 2058 :
1614 2005 1696 2058 vir
1731 2005 1785 2058 in
1837 2004 2004 2059 rebus
2049 2003 2306 2073 gerendis

733 2104 859 2142 acer
883 2100 937 2143 et
969 2091 1285 2152 vehemens.
1317 2104 1370 2146 et
1397 2108 1613 2156 eorum,
1651 2095 1742 2162 qui
1775 2096 1956 2162 ipsum
2017 2107 2308 2161 praeesse-

734 2189 885 2242 runt,
923 2197 1150 2252 regnum
1214 2185 1374 2255 longe
1434 2185 1806 2240 felicissimus.
1843 2186 1972 2240 Post
2019 2185 2305 2239 decessum

733 2284 916 2326 autem
954 2275 1532 2342 Nabuchodonosoris,
1568 2279 1686 2348 ejus
1719 2277 1862 2332 ﬁlius
1895 2293 2119 2347 regnum
2188 2293 2306 2331 sus-

733 2368 867 2434 cipit
901 2369 1033 2436 :qui
1097 2371 1280 2422 statim
1317 2372 1636 2423 Jechoniam
1681 2385 1859 2438 regem
1907 2370 2308 2439 Hierosolymo-

735 2475 877 2520 rum,
910 2476 1071 2529 quem
1111 2471 1266 2529 pater
1289 2462 1799 2517 Nabuchodonosor
1826 2463 2099 2530 captivum
2144 2462 2310 2516 duxe-

744 2557 827 2600 rat
857 2549 1271 2619 Hier0solymis,
1318 2553 1536 2606 solvens
1567 2569 1595 2607 e
1638 2554 1890 2615 vinculis,
1928 2553 2117 2607 habuit
2165 2553 2309 2607 inter

736 2638 943 2691 amicos
975 2641 1208 2694 maxime
1239 2644 1581 2696 necessarios
1615 2646 1700 2697 :ei
1740 2645 1952 2698 donans
1989 2647 2158 2698 multa
2187 2662 2308 2698 mu—

739 2742 893 2790 nera,
931 2738 985 2781 et
1035 2730 1244 2783 honore
1304 2732 1545 2786 alliciens
1593 2733 1736 2785 inter
1764 2749 1880 2796 eos,
1929 2735 2023 2802 qui
2063 2745 2216 2788 erant
2253 2735 2306 2787 in

740 2833 907 2886 regno
969 2820 1413 2891 Babyloniorum.
1476 2823 1807 2878 Nihil-enim
1851 2826 1980 2877 boni
2031 2825 2310 2879 Jechonize

735 2913 965 2967 omnino
1017 2916 1336 2969 ostenderat
1392 2927 1548 2985 pater
1607 2917 2155 2972 Nabuchodonosor:
2215 2920 2309 2977 sed

737 3019 864 3056 eum
892 3005 946 3058 in
983 3008 1213 3062 vinculis
1249 3008 1467 3061 tenebat
1505 3019 1560 3061 et
1611 3007 1901 3078 afﬂigebat,
1937 3011 2061 3064 etsi
2110 3009 2311 3064 Jecho-

741 3097 859 3148 nias
887 3097 1093 3150 fecerat
1129 3115 1240 3152 rem
1271 3101 1745 3165 humanissimam,
1773 3114 1829 3157 et
1863 3104 2082 3174 dignam
2122 3105 2313 3160 multis

2399 621 2526 691 βοῦν
2548 621 2823 690 ψωμιοῦσί
2855 639 2914 674 σε
2940 638 2950 649 ·
2983 623 3077 674 καὶ
3104 623 3365 690 διαζήσας
3395 622 3565 683 οὕτως
3596 623 3684 674 ἐπὶ
3715 621 3817 689 τῆς
3847 623 3973 689 691;-

2400 714 2524 782 μίας
2552 713 2775 782 χρόνους
2807 713 2966 779 ἑπτὰ,
2996 712 3151 776 αῦοις
3179 713 3274 778 τὴν
3295 714 3468 783 ἀρχὴν
3500 714 3754 786 ἀπολήψῃ
3775 729 3787 742 ·
3815 710 3976 764 τοῦτο

2397 805 2506 874 γὰρ
2543 805 2573 873 ή
2604 805 2786 872 φωνήο
2822 805 2964 874 Πλὴν
2999 805 3094 874 τὴν
3125 806 3262 875 φυὴν
3286 805 3394 857 τῶν
3432 805 3594 874 ρίζων
3621 805 3839 856 ἐάσατε.
3883 806 3978 856 Διὰ

2397 896 2577 961 τοῦτο,
2601 891 2644 949 ὦ
2670 897 2967 967 βασιλεῦ,η
3003 880 3163 966 βουλή
3200 916 3300 967 μου
3331 899 3583 968 ἀρεσὰτω
3615 913 3717 960 σοι,
3756 898 3848 947 καὶ
3878 897 3975 960 τας

2402 988 2625 1056 ἀνομίας
2652 1002 2746 1038 σου
2771 988 2827 1038 ὲν
2851 987 3242 1055 ὲλεημοσῦναις
3268 989 3540 1058 λύτρωσαι
3569 987 3779 1047 καὶτὰς
3804 988 3978 1053 ἁμαρ.

2398 1077 2520 1139 τίας
2555 1093 2650 1130 σου
2689 1078 2744 1127 ἐν
2779 1078 3081 1145 οίκτιρμοῖς
3111 1080 3359 1148 πενήτων
3387 1096 3398 1109 ·
3439 1080 3566 1141 ἴσως
3595 1078 3746 1130 ἔσται
3776 1093 3980 1146 μακρο-

2403 1167 2569 1237 Θυμία
2600 1169 2714 1230 τοῖς
2746 1169 3155 1238 παραπτώμασί
3181 1187 3294 1224 σου.

2475 1353 2533 1406 l'.
2588 1351 2774 1422 Ἐξέϐη
2813 1351 2912 1421 μὲν
2944 1351 3171 1420 ὕστερον
3214 1351 3382 1405 ταῦτα
3411 1353 3502 1405 καὶ
3541 1352 3690 1413 τέλος
3729 1350 3976 1420 εἴληφεν,

2403 1442 2477 1506 ὡς
2501 1444 2529 1496 6
2561 1445 2759 1515 Δανιὴλ
2785 1444 3000 1514 είρήκει
3020 1457 3033 1472 ’
3065 1442 3348 1512 διατρίψας
3379 1443 3484 1511 γὰρ
3511 1441 3600 1493 ἐπὶ
3623 1442 3720 1506 τῆς
3746 1442 3980 1509 ἐρημίας

2406 1538 2434 1590 6
2478 1536 2729 1606 βασιλεὺς
2768 1538 2858 1589 τὸν
2895 1535 3186 1605 εἰρημένον
3231 1535 3468 1604 ὲπτεστῆ
3523 1534 3734 1605 χρόνον,
3769 1535 3979 1596 οὖδενὶς

2405 1629 2776 1698 τολμήσαντος
2812 1627 3096 1680 ἐπιθέσθαι
3138 1629 3250 1689 τοῖς
3289 1627 3594 1695 πράγμασι,
3624 1631 3714 1679 καὶ
3757 1626 3970 1696 δεηθεὶς

2407 1720 2500 1773 τοῦ
2542 1720 2675 1772 Θεοῦ
2710 1722 2809 1788 τὴν
2848 1719 3123 1789 βασιλείαν
3161 1719 3315 1782 αὖθις
3359 1720 3677 1783 ἀπολαϐεῖν,
3730 1716 3852 1772 εἶτα
3894 1722 3984 1771 καὶ

2410 1813 2501 1866 τὸν
2527 1812 2877 1883 ὑψηλόφρονα
2907 1812 3032 1864 νοῦν
3101 1815 3166 1882 τῇ
3199 1813 3416 1881 διαδοχῇ
3448 1812 3540 1864 τοῦ
3577 1813 3811 1881 κράτους
3862 1829 3984 1864 συν-

2410 1902 2633 1966 αποδὺς,
2679 1903 2838 1954 πάλιν
2886 1904 2965 1962 εἰς
3009 1902 3180 1970 αὐτὴν
3212 1903 3570 1972 ἐπανέρχεται
3603 1901 3698 1954 καὶ
3729 1902 3824 1970 ἔτη
3863 1902 3986 1970 τρία

2410 1997 2505 2047 καὶ
2558 1995 2965 2061 τεσσαράκοντα
3020 1994 3366 2062 βασιλεύσας,
3419 1994 3644 2062 τελευτᾷ
3697 1995 3792 2046 τὸν
3852 1994 3984 2064 βίον,

2409 2085 2547 2156 ἀνὴρ
2579 2086 2909 2156 δραστήριος
2943 2088 3035 2138 καὶ
3066 2085 3175 2137 τῶν
3203 2086 3307 2155 πρὸ
3335 2085 3500 2137 αὐτοῦ
3535 2085 3798 2154 βασιλέων
3840 2087 3988 2153 γενό-

2412 2193 2571 2246 μενος
2616 2177 3029 2245 εὐτυχέστατος.
3068 2177 3222 2229 Μετὰ
3253 2177 3310 2229 δὲ
3358 2177 3457 2245 τὴν
3486 2176 3745 2246 τελευτὴν
3776 2178 3991 2230 Ναϐου-

2409 2265 2713 2335 χοδονόσορ,
2742 2268 2769 2318 6
2811 2270 2940 2329 παῖς
2971 2266 3138 2319 αὑτοῦ
3166 2269 3264 2335 τὴν
3298 2267 3578 2334 βασιλείαν
3615 2268 3984 2337 παραλαμεάο

2412 2374 2514 2422 νει,
2533 2359 2589 2420 ὂς
2609 2358 2770 2420 εὐθὺς
2793 2359 2888 2409 τὸν
2904 2359 3012 2410 τῶν
3042 2354 3430 2427 Ἱεροσολύμων
3454 2359 3680 2428 βασιλέα
3706 2361 3986 2428 Ἰεχονίαν,

2410 2448 2468 2501 ὃν
2499 2451 2524 2500 6
2553 2450 2733 2520 πατὴρ
2763 2449 3234 2520 Ναϐουχοδονόσορ
3263 2450 3607 2521 αἰχμάλωτον
3647 2453 3855 2523 ᾗγαγεν
3883 2456 3988 2506 ἀπὸ

2409 2545 2508 2612 τῆς
2551 2542 2927 2612 Ἰερουσαλὴμ,
2961 2543 3069 2594 τῶν
3113 2544 3330 2612 δεσμῶν
3371 2544 3543 2607 ἀνεὶς,
3569 2547 3624 2598 έν
3671 2550 3782 2608 τοῖς
3821 2549 3989 2608 ἀναγ-

2413 2636 2719 2696 καιοτάτοις
2749 2636 2856 2685 τῶν
2881 2636 3048 2702 φίλων
3077 2631 3208 2704 εἶχε,
3235 2637 3432 2699 πολλὰς
3458 2638 3604 2706 αὐτῷ
3628 2638 3837 2707 δωρεὰς
3869 2639 3990 2700 δοὺς

2413 2727 2506 2779 καὶ
2542 2729 2772 2797 ποιήσας
2846 2728 3061 2796 ἔντιμον
3093 2729 3184 2780 ἐπὶ
3211 2728 3320 2782 τῶν
3357 2732 3414 2783 ἐν
3447 2733 3513 2800 τῇ
3543 2730 3862 2801 Βαϐυλωνίᾳ
3893 2733 3991 2800 βας

2414 2819 2638 2872 σιλέων·
2677 2821 2776 2872 οὐκ
2807 2815 2874 2890 ἦν
2911 2821 3017 2890 γὰρ
3052 2821 3185 2883 ὅλως
3218 2823 3420 2890 ἀγαθόν
3459 2841 3512 2874 τι
3548 2823 3685 2891 πρὶς
3737 2823 3993 2892 Ἰεχονίαν

2414 2913 2787 2982 ἐνδειξάμενος
2812 2916 2838 2966 6
2865 2914 3052 2966 τούτου
3083 2915 3263 2984 πατὴρ
3289 2915 3780 2985 Ναϐουχοῖονόσορ,
3803 2917 3917 2967 ἀλλ’
3939 2919 3993 2968 ἐν

2414 3004 2634 3072 δεσμοῖς
2668 3000 2815 3074 εἶχεν
2847 3007 3010 3058 αὑτὸν
3037 3009 3128 3058 καὶ
3161 3011 3222 3075 τῇ
3265 3007 3398 3076 ἄλλη
3427 3007 3690 3068 κακώσει,
3722 3011 3902 3060 καίτοι
3933 3025 3994 3071 γε

2431 3095 2679 3165 Ἰεχονίου
2751 3097 2985 3166 πρᾶγμα
3035 3097 3552 3167 φιλανθρωπότατον
3617 3100 3711 3152 καὶ
3784 3100 3994 3164 πολλῷν

743 3187 1019 3253 laudibus,-
1045 3199 1101 3243 ut
1135 3192 1225 3260 qui
1256 3193 1498 3262 seipsum
1561 3195 1862 3249 tradiderat
1893 3213 2017 3250 cum
2056 3199 2319 3253 uxoribus
2346 3210 2386 3263 (ζ

2346 3210 2386 3263 c
2421 3189 2567 3254 ἄξιον
2595 3193 2831 3243 ἐπαίνων
2869 3192 3267 3262 ἐργασαμένου,
3304 3193 3377 3255 ὡς
3409 3191 3474 3243 ἂν
3501 3192 3693 3243 ἑαυτὸν
3722 3193 3997 3262 παραδόν-

741 3287 796 3331 et
829 3279 1042 3344 liberis,
1075 3293 1128 3335 et
1167 3293 1282 3337 toto
1329 3301 1528 3354 genere
1563 3288 1818 3342 manibus
1855 3287 2308 3360 Babyloniorum,

742 3388 813 3426 ne
875 3373 1008 3428 urbs
1054 3375 1124 3430 ab
1178 3378 1432 3434 hostibus
1465 3392 1622 3450 capta
1665 3393 2056 3438 everteretur:
2112 3393 2171 3438 ut
2201 3387 2315 3440 haec

743 3464 891 3532 leges
920 3467 1062 3534 apud
1100 3467 1398 3537 Josephum
1431 3481 1752 3525 narrantem
1785 3475 2122 3544 singulatim.
2177 3475 2314 3530 Cum

743 3567 928 3609 autem
967 3559 1011 3611 is
1041 3574 1258 3628 quoque
1288 3577 1318 3613 e
1354 3561 1460 3615 vita
1516 3561 1861 3623 decessisset.
1907 3577 2194 3636 postquam
2227 3584 2316 3623 re-

743 3659 960 3714 gnasset
988 3651 1294 3704 octodecim
1336 3669 1530 3715 annos,
1566 3656 1687 3722 ejus
1733 3655 1879 3709 filius
1911 3655 1959 3710 ci
1991 3657 2238 3712 succedit
2261 3659 2316 3714 in

748 3741 982 3808 imperio
1016 3760 1026 3792 :
1056 3743 1203 3808 quod
1237 3760 1362 3796 cum
1393 3748 1664 3798 tenuisset
1724 3749 2084 3816 quadraginta
2123 3765 2316 3818 annos,

747 3847 779 3885 e
812 3832 920 3886 vita
950 3834 1183 3887 excedit.
1220 3835 1424 3890 Deinde
1465 3837 1746 3892 Balthasar
1779 3855 1997 3908 quoque
2041 3841 2160 3908 ejus
2222 3857 2318 3895 ne-

750 3938 849 3990 pos
915 3924 972 3977 fit
1038 3927 1210 3981 haeres
1265 3929 1502 3995 imperii.
1537 3931 1654 3982 Non
1720 3933 1952 3984 multum
2013 3934 2322 3987 intercessit

752 4016 1039 4083 temporis,
1071 4029 1124 4069 et
1162 4017 1334 4087 Cyrus
1365 4034 1457 4071 rex
1487 4018 1796 4080 Persarum.
1827 4031 1883 4074 et
1913 4023 2106 4076 Darius
2143 4025 2322 4078 Medo-

753 4123 895 4168 rum,
949 4107 1354 4175 expeditionem
1410 4112 1719 4178 suscipiunt
1781 4115 2044 4168 adversus
2095 4115 2325 4185 Babylo~

753 4212 899 4250 nem.
937 4198 1202 4252 Cselerum
1235 4216 1360 4253 cum
1387 4217 1613 4270 regnum
1652 4205 1954 4272 accepisset
2017 4207 2321 4274 Ballhasar,

751 4304 807 4346 et
852 4293 1053 4346 accidit
1085 4307 1287 4346 novum
1320 4295 1580 4364 quidnam
1614 4307 1669 4349 et
1698 4297 2105 4367 prodigiosum.

825 4472 916 4530 XI.
959 4474 1331 4528 Accumbebat
1371 4476 1483 4540 ille,
1529 4491 1753 4530 emnans
1796 4477 1848 4530 in
1893 4493 2082 4547 n'iagna
2136 4479 2321 4540 domo,

2418 3297 2508 3342 τος
2557 3283 2653 3334 σὺν
2684 3281 2798 3351 ἅμα
2835 3281 3053 3347 γυναιξὶ
3086 3283 3177 3334 καὶ
3208 3282 3414 3343 τέκνοις
3466 3281 3559 3334 καὶ
3597 3281 3706 3348 ὅλῳ
3733 3283 3810 3350 τῷ
3845 3285 3995 3348 γένει

2418 3373 2575 3440 χερσὶ
2599 3371 2707 3423 τῶν
2737 3373 3116 3435 Βαϐυλωνίων,
3147 3374 3231 3425 ἵνα
3279 3373 3352 3442 μὴ
3381 3373 3564 3441 ἐκείνη
3613 3374 3994 3442 κατασκαφείη

2415 3464 2682 3532 ληφθεῖσα
2735 3464 2839 3517 ὑπὸ
2876 3467 2984 3517 τῶν
3035 3466 3330 3535 πολεμίων,
3364 3466 3437 3529 ὡς
3485 3466 3774 3536 Ἰωσήππῳ
3826 3467 3995 3519 ταῦτα

2420 3555 2562 3607 κατά
2600 3557 2766 3626 μέρος
2801 3557 3030 3628 ἐντεύξῃ
3054 3557 3419 3628 διηγουμένῳ.
3457 3556 3894 3626 Τελευτήσαντος
3941 3560 3995 3611 δὲ

2419 3650 2510 3699 καὶ
2551 3647 2740 3698 τούτου
2777 3649 2915 3716 μετὰ
2945 3650 3035 3716 ἐτη
3070 3649 3444 3702 ὀκτωκαίδεκα
3486 3651 3580 3719 τῆς
3630 3651 3926 3718 βασιλείας,
3973 3655 4001 3702 6

2421 3741 2550 3801 παῖς
2583 3739 2748 3791 αὑτοῦ
2786 3741 2885 3808 τὴν
2918 3741 3094 3809 ἀρχὴν
3122 3742 3424 3809 διαδέχεται
3466 3743 3558 3792 καὶ⁵
3591 3742 3884 3811 κατασχὼν
3907 3746 3996 3796 αὐ-

2419 3833 2517 3899 τὴν
2551 3833 2640 3884 ἐπὶ
2672 3833 3080 3902 τεσσαράκοντα
3125 3833 3240 3898 ἐτη,
3274 3833 3640 3902 καταστρέφει
3690 3835 3779 3885 τὸν
3851 3836 3997 3905 βίον³

2423 3921 2539 3976 εἶτα
2567 3927 2659 3976 καὶ
2681 3925 2968 3993 Βαλτάσαρ
2993 3929 3018 3978 6
3041 3925 3230 3978 τούτου
3255 3927 3516 3992 ἀπόγονος
3546 3927 3879 3996 κληρονόμος
3905 3930 3999 3995 τῆς

2423 4019 2600 4086 ἀρχῆς
2650 4017 2895 4084 γίνεταιο
2931 4018 2990 4068 οὐ
3047 4018 3214 4080 πολὺς
3236 4020 3384 4088 ἕρρει
3432 4019 3726 4088 τὸμεταξῡ
3775 4023 3995 4088 χρόνος,

2426 4113 2520 4160 καὶ
2553 4109 2734 4176 Κύρος
2764 4112 2790 4160 6
2819 4109 3038 4178 Περσῶν
3067 4087 3313 4179 βασιλεῦς
3347 4111 3440 4162 καὶ
3463 4087 3704 4176 ιΔαρεῖος
3749 4087 3781 4160 6
3798 4087 4002 4178 Μήδων

2427 4200 2884 4271 ἑπιστροιτεύουσι
2919 4203 3058 4252 κατὰ⁵
3087 4200 3405 4262 Βαϐυλῶνος
3426 4217 3441 4232 ⁸
3472 4201 3610 4268 πλὴν
3636 4199 3768 4251 ἀλλὰ
3799 4202 3994 4252 Balti-

2429 4310 2531 4363 σαρ
2571 4293 2667 4363 τὴν
2693 4291 2966 4362 βασιλείαν
2993 4292 3423 4362 παραλαϐόντος,
3454 4290 3636 4343 καινόν
3678 4308 3730 4343 τι
3780 4295 3875 4345 κα)⁵
3913 4311 4001 4346 τεο

2430 4402 2652 4454 ραστιον
2682 4379 2791 4437 οἷον
2825 4385 3166 4454 συμσέδηκε.

2500 4475 2603 4531 lA'.
2627 4478 2936 4531 -Κατέκιιτο
2956 4479 3056 4549 μὲν
3092 4478 3202 4548 γὰρ
3238 4480 3442 4544 ἐκεῖνος
3477 4483 3732 4548 δειπνῶν,
3775 4487 3832 4535 ἐν
3873 4485 4006 4553 οίκῳ

755 4576 810 4619 et
841 4569 978 4619 facta
1022 4567 1086 4620 ad
1119 4569 1370 4621 convivia
1401 4569 1619 4637 regalia,
1669 4584 1792 4622 cum
1841 4572 1956 4624 suis
2000 4572 2324 4626 concubinis
2357 4549 2399 4606 θ

2357 4549 2399 4606 D
2439 4569 2658 4639 μεγάλῳ
2685 4571 2773 4623 καὶ
2811 4573 2948 4641 πρὸς
2989 4574 3259 4634 ἑστιάσεις
3301 4578 3650 4643 πεποιημένῳ
3693 4549 4017 4644 βασιλικὰς,

755 4665 810 4710 et
844 4656 1058 4710 amicis.
1088 4656 1207 4724 Ipse
1231 4669 1438 4720 autem,
1464 4673 1590 4712 cum
1615 4659 1693 4712 sic
1724 4660 1774 4711 ei
1809 4659 1984 4712 visum
2017 4669 2183 4724 esset,
2217 4677 2326 4729 prae

758 4766 950 4818 Inagna
1001 4753 1307 4819 arrogantia
1349 4753 1500 4821 jubet
1529 4768 1558 4806 e
1605 4768 1704 4805 suo
1737 4754 1936 4822 templo
1981 4751 2165 4808 alferri
2198 4770 2325 4808 vasa

759 4843 877 4905 Dei,
908 4859 1029 4910 qua:
1062 4843 1572 4898 Nabuchodonosor
1601 4848 1721 4916 ejus
1749 4863 1882 4901 avus
1902 4863 2026 4901 cum
2057 4848 2329 4917 rapuisset

761 4933 1171 5004 Hierosolymis,
1218 4935 1284 4989 iis
1333 4951 1678 5006 nequaquam
1724 4954 1856 4991 usus
1903 4937 2101 5002 fuerat,
2131 4942 2223 4993 sed
2275 4941 2330 4994 in

760 5041 861 5077 suo
902 5027 1106 5094 templo
1154 5028 1241 5094 pie
1289 5026 1639 5096 deposuerat.
1691 5029 1789 5082 llic
1835 5045 1963 5084 vero
2018 5032 2332 5088 inconside-

764 5128 878 5170 rata
938 5127 994 5171 et
1043 5133 1072 5171 a
1116 5120 1329 5173 ratione
1384 5121 1562 5174 aliena
1637 5121 1893 5175 inductus
1946 5123 2194 5188 audacia,
2253 5127 2334 5180 eis

765 5211 1053 5274 utebatur;
1101 5220 1156 5265 et
1189 5214 1319 5265 dum
1369 5212 1581 5266 biberet
1628 5221 1683 5267 et
1717 5214 2038 5268 maledicam
2089 5215 2328 5285 linguam

764 5310 1012 5355 numeret
1053 5303 1316 5358 adversus
1347 5303 1655 5371 Excelsum,
1686 5322 1750 5360 ex
1786 5307 1996 5374 pariete
2032 5308 2180 5363 videt
2217 5323 2330 5361 ma-

764 5410 895 5446 num
960 5395 1374 5463 procedentem,
1436 5409 1492 5452 et
1537 5399 1589 5451 in
1646 5415 1803 5452 muro
1857 5391 2090 5470 syllabas
2142 5401 2333 5454 inscri-

768 5485 1007 5537 bentem.
1051 5484 1422 5540 Conturbatus
1463 5503 1592 5541 vero
1625 5503 1654 5540 a
1686 5488 1920 5548 \‘isione,
1950 5488 2130 5557 Magos
2165 5490 2328 5543 simul

765 5586 821 5627 et
861 5575 1166 5641 Chaldaeos,
1224 5585 1279 5630 et
1333 5575 1606 5646 quotquot
1677 5590 1835 5632 erant
1885 5580 2158 5651 Babylone
2212 5584 2332 5653 ejus

765 5669 1003 5735 generis,
1043 5669 1137 5736 qui
1186 5679 1441 5737 poterant
1492 5670 1645 5740 signa
1696 5682 1750 5730 et
1797 5672 1982 5726 futura
2033 5675 2328 5743 conjicere,

839 5857 913 5918 (ι)
949 5854 1359 5914 liuilmerodach
1397 5857 1638 5910 nomine.

2437 4665 2572 4732 μιτά
2609 4666 2719 4715 τῶν
2763 4664 3100 4717 παλλακίδων
3140 4665 3303 4716 αὐτοῦ
3335 4668 3429 4718 καὶ
3468 4667 3575 4719 τῶν
3617 4668 3816 4735 φίλων·
3846 4669 4007 4730 αὐτὸς

2433 4757 2488 4809 δὲ
2516 4756 2657 4808 οὕτω
2679 4757 2834 4819 δόξαν
2861 4761 2923 4808 ὲκ
2949 4757 3147 4823 πολλῆς
3175 4758 3429 4826 ἀπονοίας
3448 4760 3776 4827 κομισθῆναι
3796 4761 4008 4814 κελεύει

2435 4848 2527 4898 τοῦ
2557 4847 2683 4899 ίδίου
2718 4847 2844 4899 ναοῦ
2868 4848 2935 4899 τὰ
2965 4845 3058 4900 τοῦ
3086 4846 3221 4899 Θεοῦ
3251 4851 3444 4917 σκεύη,
3471 4848 3506 4902 ἃ
3533 4848 4009 4919 Ναϐουχοδονόσορ

2435 4941 2462 4992 6
2494 4940 2684 4992 τούτου
2712 4944 2928 5004 πάππος
2973 4941 3208 5010 συλήσας
3239 4943 3301 4993 ἐκ
3329 4942 3436 4993 τῶν
3469 4941 3883 5012 Ἰεροσολύμων,
3912 4943 4011 4993 οὐκ

2436 5035 2635 5104 ἐχρῆτο
2662 5035 2779 5102 μὲν,
2810 5037 2887 5094 είς
2914 5035 2968 5086 δὲ
2999 5034 3089 5087 τὸν
3123 5034 3288 5088 αὑτοῦ
3318 5034 3442 5087 ναὸν
3478 5033 3723 5095 εὐλαὸὦς
3771 5034 4010 5086 κατατέ-

2435 5127 2615 5180 θεικεν
2634 5143 2649 5159 ο
2677 5119 2830 5186 οὗτος
2862 5125 2916 5176 δὲ
2943 5124 3131 5194 Θρασει
3165 5125 3457 5194 προαχθεὶς
3487 5125 3667 5195 ἀλόγῳ
3695 5125 3895 5193 ἐχρῆτο
3920 5126 4009 5176 καὶ

2441 5219 2645 5287 μεταξὺ
2707 5218 2873 5269 πίνων
2918 5220 3011 5268 καὶ
3067 5216 3386 5284 βλάσφημον
3421 5215 3670 5284 γλῶτταν
3722 5217 3864 5268 κατά
3916 5215 4009 5268 τοῦ

2440 5309 2705 5378 ’Υψίστου
2734 5308 2920 5371 κινῶν,
2952 5309 3012 5358 ἐκ
3035 5308 3128 5359 τοῦ
3158 5309 3368 5376 τείχους
3395 5309 3496 5377 ὁρᾷ
3527 5308 3682 5376 χεῖρα
3713 5305 4012 5376 προϊοῦσαν

2439 5403 2532 5455 καὶ
2571 5401 2648 5471 τῷ
2678 5401 2839 5471 τοίχῳ
2867 5401 3019 5463 τινὰς
3057 5401 3329 5463 συλλαϐὰς
3373 5401 3779 5468 ἐγγράφουσαν.
3826 5399 4010 5468 Ταρα-

2432 5494 2587 5562 .χοεὶς
2618 5494 2672 5544 δὲ
2710 5493 2812 5546 ὑπὸ
2844 5493 2941 5561 τῆς
2969 5492 3162 5561 ὅψεως,
3196 5493 3404 5559 μάγους
3432 5491 3548 5560 ἅμα
3584 5490 3676 5542 καὶ
3707 5489 4010 5552 Χαλδαίους

2440 5587 2536 5638 καὶ
2575 5587 2682 5638 πᾶν
2733 5585 2891 5636 τοῦτο
2935 5585 2998 5636 τὸ
3033 5585 3208 5651 γένος,
3247 5585 3371 5635 ὅσον
3416 5578 3483 5653 ἢν
3535 5585 3592 5634 ὲν
3643 5581 4010 5642 Βαϐυλωνίοις

2443 5681 2644 5748 σημεῖά
2667 5695 2724 5730 τε
2755 5678 2846 5730 καὶ
2877 5676 3129 5746 ὀνείρατα
3160 5676 3365 5746 κρίνειν
3395 5675 3555 5738 είδὸς,
3589 5673 3749 5735 εὐθὺς
3774 5672 4007 5724 συνεκα-
