4226 6436
232 400 344 464 385

1271 397 1454 458 νιΤΑ
1494 398 1554 459 S.
1592 393 2019 461 PROPHETE
2062 395 2443 458 DANIELIS.

3383 396 3491 459 386

224 510 333 571 λει,
374 506 562 579 μαθεῖν
603 505 671 561 τά
714 506 1081 579 γεγραμμένα
1114 508 1246 581 παρ’
1278 509 1505 564 ἐκείνων
1559 507 1813 579 βουλόμε·
1842 513 1885 571 Α

1842 513 1885 571 Α
1915 506 2101 561 statim
2143 506 2488 573 convocavit,
2520 520 2587 561 ex
2619 504 2731 560 illis
2777 502 2969 558 volens
3014 501 3231 558 discere
3275 518 3338 558 ea
3369 518 3490 572 quae

224 618 317 663 νος
345 616 360 630 ο
394 599 500 652 τῶν
534 599 589 650 δὲ
623 599 817 669 μάγων
847 600 1004 653 οὐδὲν
1025 602 1083 655 ὲν
1115 600 1326 663 τούτοις
1357 603 1599 655 συνεῖναι
1626 600 1807 668 λεγόν-

223 696 357 757 των,
390 692 497 747 ὑπὸ
546 691 790 761 μεγάλης
834 692 1072 760 ἀγωνίας
1101 694 1129 745 ὁ
1169 691 1422 761 βασιλεὺς
1472 694 1567 746 καὶ
1604 692 1807 762 πολλῆς

224 784 327 851 τῆς
372 783 465 836 επὶ
515 781 593 851 τῷ
639 782 934 852 παραδόξῳ
978 783 1154 853 λύπης
1201 785 1534 853 ἔπισχεθεὶς,
1569 783 1805 854 έκήρυξε

224 874 373 927 κατά
403 876 586 928 πᾶσαν
614 877 671 928 ιν
713 875 908 945 βραχεῖ
938 865 1037 945 τῆν
1065 876 1272 944 χώραν,
1298 878 1376 945 τῷ
1405 877 1471 929 τὰ
1501 877 1807 947 γράμματα

224 962 403 1016 ταῦτα
428 966 522 1016 καὶ
551 966 651 1034 τὴν
691 963 785 1017 ὑπ’
812 966 993 1017 αὐτῶν
1016 964 1355 1037 δηλουμένην
1384 967 1624 1020 διάνοιαν
1659 967 1806 1036 σαφῆ

226 1057 626 1125 καταστήσοντι
672 1056 867 1109 δώσειν
909 1057 1385 1126 ἐπαγγελλόμενος
1432 1059 1701 1128 στρεπτόν
1747 1075 1807 1111 τε

228 1150 616 1218 περιαυχένιον
644 1149 879 1218 χρύσεον
908 1152 1005 1202 καὶ
1035 1152 1325 1220 πορφυρᾶν
1356 1151 1559 1218 ἐσθῆτα
1598 1154 1806 1220 φορεῖν,

228 1235 420 1305 ὥσπερ
455 1239 505 1289 ot
541 1237 649 1289 τῶν
679 1239 963 1292 Χαλδαίων
1003 1239 1226 1293 είώθασι
1264 1238 1525 1309 βασιλεῖς,
1564 1240 1700 1309 πρὸς
1752 1238 1809 1291 δὲ

228 1328 326 1381 καὶ
376 1328 435 1379 τὸ
470 1327 653 1397 τρίτον
688 1330 856 1399 μέρος
904 1331 1003 1398 τῆς
1048 1330 1183 1395 ιδίας
1235 1331 1442 1401 ἀρχῆς·
1492 1329 1667 1393 οὕτως
1718 1332 1810 1383 ἐκ·

226 1417 497 1486 δηλότατα
525 1419 911 1489 διακηρυχθὲν,
943 1421 1024 1473 ἔτι
1063 1422 1162 1493 μὲν
1194 1423 1358 1475 πλέον
1394 1423 1443 1475 οί
1490 1423 1653 1491 μάγοι
1691 1440 1815 1474 συν·

227 1512 469 1581 έδραμόί
517 1529 573 1563 τε
621 1513 715 1565 καὶ
766 1510 904 1584 πρὸς
953 1515 1053 1585 τὴν
1098 1514 1318 1587 εὖρεσιν
1353 1516 1813 1585 ὲφιλοτιμήσαντο

227 1604 342 1655 τῶν
406 1605 790 1673 γραμμάτων,
844 1606 996 1660 οὐδὲν
1056 1608 1113 1661 δὲ
1182 1609 1406 1662 ἔλαττον
1474 1606 1813 1675 ἀποροῦντες

228 1695 557 1765 ἑστήκεσαν.

301 1787 397 1840 IB'.
437 1791 523 1840 Ἑν
546 1791 721 1859 τούτῳ
749 1790 841 1845 τὸν
878 1790 1105 1861 βασιλέα
1149 1791 1345 1862 μεστὸν
1368 1791 1610 1861 ἀθυμίας
1663 1794 1812 1861 γενό-

1910 599 2113 669 scripta
2137 601 2378 664 fuerant,
2407 598 2730 653 Dicentibus
2755 600 2938 653 autem
2972 598 3166 667 magis,
3199 611 3258 650 se
3294 609 3488 649 eorum

1909 690 2045 742 nihil
2073 690 2402 760 intelligere.
2435 690 2548 743 Rex
2574 689 2733 743 valde
2778 690 2997 755 anxius,
3022 700 3077 745 et
3100 702 3294 757 magno
3318 685 3487 740 animi

1907 781 2097 837 dolore
2145 798 2464 852 Oppressus.
2517 791 2741 853 prepter
2788 783 2929 836 hanc
2975 798 3091 837 rem
3152 781 3487 849 inopinatam

1907 884 1963 927 et
1993 874 2150 928 valde
2194 874 2598 937 admirabilem,
2625 874 2849 943 publico
2901 874 3176 943 praeconio
3198 872 3350 926 brevi
3371 871 3489 925 edi-

1910 962 1989 1016 xit
2035 979 2134 1032 per
2180 973 2349 1018 totam
2397 965 2698 1035 regionem,
2732 979 2790 1018 se
2821 964 2893 1029 ei,
2928 966 3021 1034 qui
3069 963 3167 1017 has
3194 964 3408 1017 litteras
3436 969 3492 1013 et

1908 1055 2172 1123 quidnam
2217 1055 2616 1125 significarent,
2675 1065 2822 1111 esset
2868 1057 3284 1114 declaraturus;
3325 1054 3490 1123 polli-

1909 1163 2042 1203 cens
2064 1162 2186 1202 esse
2226 1148 2480 1201 daturum
2527 1158 2778 1215 torquem
2808 1162 3060 1209 aureum,
3086 1155 3140 1201 et
3167 1126 3371 1199 vestem
3397 1159 3491 1215 ge-

1911 1240 2164 1292 standam
2204 1254 2561 1308 purpuream,
2596 1240 2738 1292 sicut
2770 1238 2947 1291 solent
2981 1237 3127 1291 ferre
3154 1250 3307 1306 reges
3332 1232 3494 1288 Chal—

1911 1331 2177 1396 daeorum,
2208 1341 2263 1385 et
2306 1338 2571 1400 praeterea
2609 1331 2826 1385 tertiam
2872 1337 3078 1399 partem
3119 1328 3204 1381 sui
3250 1324 3489 1395 imperii.

1910 1426 2047 1483 Cum
2084 1428 2189 1480 hoc
2219 1426 2443 1497 publico
2484 1425 2765 1494 praeconio
2797 1425 2876 1480 sic
2919 1423 3114 1477 fuisset
3165 1420 3491 1491 promulga-

1916 1529 2053 1583 tum,
2089 1519 2271 1573 adhuc
2322 1518 2543 1587 quidem
2592 1517 2765 1585 magis
2795 1515 3203 1570 concurrebant
3238 1514 3399 1581 magi,
3438 1520 3494 1565 et

1915 1608 2332 1662 contendebant
2376 1607 2648 1669 invenire,
2693 1604 2823 1674 quid
2866 1603 2969 1658 sibi
3016 1604 3222 1656 vellent
3269 1602 3490 1654 litterae.

1912 1700 2287 1754 Nihilominus
2323 1708 2505 1751 autem
2557 1698 2773 1752 stabant
2803 1696 3142 1750 dubitantes.

2000 1793 2121 1847 XII.
2155 1793 2371 1847 Interea
2407 1806 2589 1860 regem
2618 1804 2818 1859 angore
2851 1789 3017 1842 animi
3048 1788 3270 1856 plenum
3306 1785 3495 1839 videns

229 1896 396 1946 μενον
430 1882 461 1948 ἡ
489 1881 654 1934 αὐτοῦ
703 1882 905 1953 μάμμη
938 1884 1275 1953 θεασαμένη,
1315 1884 1719 1953 ἀναλαμϐάνειν
1750 1903 1808 1937 τε
1848 1861 1889 1915 Β

1848 1861 1889 1915 Β
1919 1887 2039 1957 ejus
2083 1886 2226 1941 avia.
2261 1884 2427 1953 cmpit
2468 1890 2740 1950 repetere,
2773 1890 2829 1935 et
2861 1881 2926 1933 de
2971 1878 3192 1933 Daniele
3228 1878 3494 1946 propheta

225 1967 432 2038 ήρξατο
460 1971 553 2023 καὶ
586 1971 651 2025 τά
685 1975 813 2041 περὶ
856 1974 949 2028 τοῦ
988 1977 1275 2046 προφήτου
1315 1978 1516 2047 Δανιὴλ
1558 1978 1813 2049 γνώριμα

226 2061 521 2133 καθιστᾷν,
557 2064 657 2117 ὃσα
689 2065 777 2139 τῷ.
802 2067 1016 2119 ἐκείνου
1040 2068 1275 2137 πάππῳ,
1305 2069 1382 2137 τῷ
1410 2069 1811 2139 Ναὸουχοδονό-

227 2170 330 2223 σορ
358 2156 523 2226 φημὶ,
556 2159 643 2225 ἐφ’
669 2155 749 2220 οἷς
777 2158 1019 2228 ἑώρακεν
1043 2160 1404 2231 ἀπορρήτοις,
1430 2161 1592 2224 αὐτὸς
1625 2162 1809 2215 διεσά-

229 2261 405 2311 φησεν
432 2264 442 2275 ·
482 2243 636 2297 Ἔστι
663 2264 765 2310 τις,
794 2248 1048 2315 λέγουσα,
1076 2249 1183 2301 ἀπὸ
1221 2250 1316 2319 τῆς
1353 2249 1615 2315 Ἰουδαίας
1644 2254 1813 2322 αἰχμο

232 2336 445 2397 άλωτος
493 2338 729 2392 ἐνταῦθα
768 2340 956 2409 ἀχθεὶς
988 2340 1209 2411 (Δανιὴλ
1245 2340 1392 2410 αὐτῷ
1417 2344 1633 2413 ὄνομα),
1675 2345 1812 2416 ἀνὴρ

226 2428 401 2489 δεινὸς
434 2430 616 2500 εὑρεῖν
656 2431 725 2484 τά
758 2433 1050 2503 ἀπόρρητα
1088 2437 1183 2487 καὶ
1207 2434 1324 2501 Θεῴ
1358 2435 1610 2506 γνώριμα
1642 2438 1810 2507 μόνῳ,

227 2521 289 2583 ὃς
322 2522 797 2592 Ναϐουχοδονόσορ
826 2526 902 2593 τῷ
927 2525 1159 2591 βασιλεῖ,
1187 2524 1415 2593 μηδενὸς
1445 2528 1608 2578 άλλου
1639 2528 1767 2598 δυνη
1787 2559 1809 2569 -

229 2612 415 2675 θέντος
442 2615 619 2667 εἰπεῖν
644 2617 773 2684 περὶ
792 2610 866 2668 ὢν
898 2616 1068 2668 ἐδεῖτο
1098 2616 1312 2685 μαθεῖν,
1342 2617 1604 2688 ἐγνώρισε
1635 2623 1813 2675 πάντα

225 2702 411 2765 καλῶς
442 2704 533 2755 καὶ
568 2707 649 2765 εἰς
693 2704 807 2773 φῶς
844 2706 1019 2774 ἤγαγε
1048 2706 1116 2759 τὰ
1147 2706 1460 2777 ζητούμενα
1480 2725 1494 2739 ·
1528 2728 1813 2783 μεταπεμο

225 2793 471 2861 ψάμενος
494 2790 587 2847 οὖν
616 2795 779 2849 αὑτὸν
810 2797 1067 2868 εὑρήσεις
1093 2798 1294 2860 εὐθέως
1317 2798 1343 2849 ὅ
1367 2800 1571 2866 γνῶναι
1607 2803 1812 2872 ζητεῖς.

228 2887 342 2939 Καὶ
378 2887 433 2949 δς
464 2888 694 2957 τάχιστα
722 2890 911 2942 τοῦτον
968 2893 1324 2960 μετεκαλεῖτο
1376 2896 1471 2945 καὶ
1508 2894 1811 2965 διαλεχθεὶς

228 2979 333 3031 ὅσα
370 2978 594 3032 πύθοιτο
638 2984 763 3049 περὶ
796 2985 960 3036 αὑτοῦ
1002 2987 1094 3037 καὶ
1128 2981 1195 3056 ἧς
1231 2984 1344 3054 ἔχει
1378 2988 1570 3055 σοφίας
1612 2989 1703 3042 καὶ
1739 2989 1815 3054 ὡς

225 3069 290 3120 τὸ
326 3068 469 3120 θεῖον
516 3070 664 3138 αὐτῷ
714 3072 937 3141 Πνεῦμα
986 3076 1332 3142 συμπάρεστι
1381 3081 1475 3129 καὶ
1528 3079 1687 3146 μόνος
1727 3080 1815 3144 ἐξ·

229 3160 415 3229 ευρεῖν
480 3158 834 3222 ἱκανώτατος,
883 3158 919 3213 ά
970 3160 1044 3229 μὴ
1086 3164 1197 3223 τοῖς
1228 3162 1405 3225 ἄλλοις
1458 3167 1537 3225 είς
1569 3165 1813 3219 επίνοιαν

230 3252 476 3323 ἔρχεται,
506 3253 733 3323 φράζειν
765 3252 913 3321 αὐτῷ
937 3253 1003 3304 τὰ
1035 3254 1400 3324 γεγραμμένα
1441 3258 1535 3307 καὶ
1576 3256 1812 3311 διαλύειν

228 3346 411 3414 ἠξίου,
454 3344 554 3396 κᾶν
601 3344 928 3413 σκυθρωπὸν
973 3338 1030 3416 ᾖ,
1072 3345 1258 3413 φησὶν,
1293 3343 1353 3397 τὸ
1405 3344 1509 3397 ὑπὸ
1548 3345 1681 3397 Θεοῦ
1720 3364 1815 3416 ση-

232 3436 595 3504 μαινόμενον·
640 3436 798 3488 τοῦτο
839 3435 952 3506 γὰρ
999 3438 1288 3504 ποιήσαντι
1327 3435 1613 3507 πορφύραν
1659 3437 1815 3492 δώσω

230 3525 555 3577 ἐνδύσασθαι
600 3528 694 3577 καὶ
738 3532 973 3594 χρύσεον
1009 3529 1141 3597 περὶ
1179 3526 1272 3586 τὸν
1310 3528 1515 3597 αὐχένα
1550 3531 1815 3601 στρεπτὸν

230 3618 326 3668 καὶ
354 3616 411 3667 τὸ
434 3617 614 3686 τρίτον
644 3617 742 3684 τῆς
769 3620 943 3687 ἀρχῆς
973 3621 1162 3686 μέρος,
1201 3619 1369 3686 τιμὴν
1398 3621 1492 3671 καὶ
1519 3623 1682 3690 γέρας
1714 3624 1815 3691 τῆς

231 3708 427 3775 σοφίας
488 3708 768 3777 ἐσόμενον,
824 3709 897 3770 ώς
953 3708 1017 3761 ἂν
1071 3708 1131 3771 ἐξ
1182 3708 1361 3762 αὐτῶν
1411 3709 1813 3780 ἐπισημότατος

230 3800 406 3853 ἅπασι
430 3802 607 3867 γένοιο
638 3804 733 3853 καὶ
764 3800 1147 3873 περίϐλεπτος.

304 3892 404 3943 ιιν.
438 3895 633 3963 Δανιὴλ
658 3894 713 3945 δὲ
739 3896 838 3956 τάς
872 3896 970 3964 μὲν
995 3896 1203 3963 δωρεὰς
1241 3898 1407 3951 αὐτὸν
1444 3898 1592 3970 ἔχειν
1623 3899 1809 3970 ἠξίουο

226 3982 322 4034 τὸν
354 3985 462 4051 γὰρ
494 3984 657 4049 σοφὸν
692 3984 783 4034 καὶ
813 3985 953 4035 θεῖον
990 3986 1185 4054 δώροις
1214 3989 1312 4057 οὐχ
1354 3990 1631 4058 ἁλώσιμον
1672 3989 1812 4044 εῖναι

227 4074 345 4125 δεῖ’
382 4076 584 4141 προῖκα
620 4073 676 4124 δὲ
722 4075 845 4137 τοὺς
885 4074 1173 4145 δεομένους
1209 4078 1444 4152 ώφελεῑν
1490 4080 1808 4152 βούλεσθαι·

234 4164 461 4236 μηνύειν
492 4162 547 4215 δι
575 4162 723 4231 αὐτῷ
749 4180 815 4214 τα
844 4169 1209 4235 γεγραμμένα
1238 4171 1329 4221 τοῦ
1356 4170 1471 4241 βίου
1506 4190 1812 4243 καταστρο-

234 4256 363 4327 φὴν,
396 4257 482 4309 ὃτι
513 4256 647 4325 μηδὲ
676 4249 755 4318 οἷς
789 4255 817 4307 ὁ
854 4258 1119 4325 πρόγονος
1150 4260 1315 4311 αὑτοῦ
1346 4261 1813 4334 Ναϐουχοδονόσορ

228 4349 319 4402 διά
376 4349 475 4409 τάς
531 4351 610 4410 είς
660 4349 791 4401 Θεὸν
847 4349 1035 4420 ὕϐρεις
1085 4350 1379 4423 ἐκολάσθη,
1412 4352 1621 4416 τούτοις
1651 4356 1813 4419 αύιὸς

229 4440 437 4510 ἔμαθεν
471 4440 716 4492 εὐσεϐεῖν
748 4443 843 4492 καὶ
877 4442 1046 4509 μηδὲν
1084 4443 1183 4511 τῆς
1219 4444 1570 4515 ἀνθρωπίνης
1599 4446 1812 4513 φύσεως

1913 1979 1961 2031 ei
2011 1976 2338 2045 signiﬁcare,
2382 1990 2505 2043 quae
2550 1974 2696 2026 illius
2753 1988 2891 2035 avo,
2936 1967 3490 2030 Nabuchodonosori,

1916 2068 2165 2136 inquam,
2216 2075 2443 2134 propter
2499 2079 2562 2117 ea
2595 2078 2716 2133 qua:
2750 2063 2964 2121 viderat
2991 2075 3210 2123 arcana,
3242 2060 3292 2111 ei
3324 2073 3495 2127 expo-

1913 2168 2117 2219 suerat,
2165 2159 2263 2211 Est
2292 2157 2538 2225 quidam,
2569 2157 2781 2220 dicens,
2822 2157 2917 2224 qui
2961 2154 3062 2207 fuit
3093 2153 3292 2207 ductus
3325 2151 3431 2205 huc
3463 2165 3494 2203 e

1912 2247 2096 2302 Judaea
2147 2245 2419 2313 captivus,
2464 2244 2687 2297 nomine
2730 2244 2939 2306 Daniel,
2992 2243 3078 2295 vir
3125 2241 3380 2310 egregius
3423 2241 3491 2293 ad

1917 2336 2251 2392 invenienda
2292 2349 2517 2395 arcana,
2553 2342 2609 2387 et
2636 2348 2757 2402 qua:
2784 2340 2913 2386 sunt
2946 2331 3044 2386 soli
3078 2329 3188 2385 Deo
3224 2330 3442 2400 cognita
3476 2346 3487 2381 :

1913 2430 2007 2499 qui
2057 2429 2168 2498 regi
2194 2425 2746 2486 Nabuchodonosori,
2777 2439 2901 2478 cum
2930 2424 3114 2476 nullus
3146 2421 3286 2475 alius
3310 2428 3493 2490 posset

1920 2524 2104 2576 dicere
2138 2523 2206 2576 de
2244 2521 2311 2574 iis
2338 2534 2458 2588 quae
2502 2517 2805 2587 qumrebat,
2838 2516 3020 2571 omnia
3053 2514 3283 2583 pulchre
3322 2512 3494 2583 signi-

1918 2612 2126 2675 ﬁcavit,
2155 2621 2209 2665 et
2238 2610 2412 2665 edidit
2447 2611 2499 2663 in
2534 2611 2710 2662 lucem
2742 2623 2805 2662 ea
2838 2622 2957 2675 quae
2986 2607 3402 2674 quaerebantur.
3436 2603 3494 2656 Si

1914 2719 2042 2758 eum
2082 2719 2215 2773 ergo
2266 2700 2648 2765 accersive‘ris,
2693 2700 2744 2755 id
2781 2698 2926 2768 quod
2973 2698 3113 2751 scire
3153 2696 3331 2765 cupis,
3367 2711 3491 2748 mox

1920 2794 2195 2849 invenies.
2246 2792 2338 2845 llle
2383 2806 2516 2844 vero
2562 2805 2686 2843 eum
2749 2788 3038 2843 celerrime
3085 2786 3341 2840 accersiit
3383 2801 3398 2838 :
3438 2793 3495 2839 et

1915 2902 2040 2941 cum
2095 2886 2345 2947 dixisset,
2389 2899 2509 2953 quae
2564 2882 2631 2935 de
2684 2883 2803 2951 ipso
2847 2888 2905 2934 et
2956 2880 3023 2934 de
3067 2880 3189 2949 ejus
3239 2876 3497 2931 audiebat

1914 2978 2205 3047 sapientia,
2256 2985 2310 3029 et
2344 2976 2474 3044 quid
2504 2974 2725 3028 divinus
2767 2973 2836 3026 sit
2871 2987 2995 3025 cum
3035 2986 3101 3025 eo
3131 2969 3408 3039 Spiritus;
3438 2977 3496 3022 et

1917 3070 2078 3127 sitad
2125 3068 2518 3124 inveniendum
2567 3066 2719 3119 solus
2766 3065 2852 3119 vel
2902 3064 3137 3117 maxime
3169 3064 3401 3117 idoneus
3429 3075 3493 3115 ea

1917 3180 2039 3235 qua:
2086 3178 2199 3217 non
2241 3160 2475 3216 veniunt
2506 3159 2627 3227 aliis
2659 3159 2713 3211 in
2758 3161 3027 3221 mentem,
3073 3155 3301 3225 rogabat
3347 3162 3406 3207 ut
3443 3154 3495 3208 ei

1916 3258 2126 3311 diceret
2150 3265 2207 3310 et
2241 3255 2482 3309 solveret
2502 3269 2588 3317 ea,
2617 3268 2739 3321 qua:
2770 3252 2972 3321 scripta
3006 3250 3221 3304 fuerant
3246 3268 3259 3315 ;
3280 3248 3494 3305 etiamsi

1915 3348 2006 3408 sit,
2024 3348 2225 3415 inquit,
2244 3346 2599 3416 injucundum
2616 3354 2933 3411 etasperum
2952 3343 3099 3412 quod
3114 3358 3143 3397 a
3164 3343 3274 3396 Deo
3297 3340 3497 3410 signiﬁ-

1915 3449 2095 3494 catur.
2113 3438 2224 3493 Hoc
2241 3453 2372 3507 ergo
2388 3437 2433 3490 si
2452 3436 2669 3497 feceris,
2687 3436 2829 3489 dabo
2855 3434 2954 3488 tibi
2980 3451 3417 3505 purpuram,qua
3444 3445 3496 3490 te

1916 3532 2116 3587 induas
2136 3548 2148 3584 :
2169 3540 2223 3586 et
2239 3540 2491 3602 torquem
2510 3544 2927 3598 aureum,quem
2945 3528 3085 3581 collo
3106 3535 3200 3581 tuo
3222 3528 3492 3597 imponas,

1915 3635 1971 3679 et
1995 3625 2213 3678 tertiam
2236 3633 2443 3694 partem
2467 3624 2571 3675 mei
2591 3621 2827 3689 imperii,
2848 3620 3090 3675 futuram
3127 3621 3411 3689 praemium
3440 3629 3495 3677 et

1916 3718 2184 3808 bonor‘em
2223 3725 2329 3769 tua:
2371 3717 2659 3784 sapientia:
2689 3732 2702 3767 :
2733 3722 2795 3767 ut
2831 3726 2897 3768 ex
2941 3713 3075 3783 ipsis
3100 3714 3305 3769 evadas
3331 3714 3493 3786 longe

1914 3806 2275 3870 clarissimus,
2309 3816 2365 3861 et
2392 3806 2460 3859 ab
2490 3807 2749 3859 omnibus
2783 3806 3193 3875 suspiciendus.

1989 3899 2125 3955 Xlll.
2171 3899 2359 3956 Daniel
2390 3909 2575 3955 autem
2610 3898 2836 3969 rogabat
2878 3899 3128 3967 quidem,
3164 3909 3224 3952 ut
3255 3900 3360 3954 sibi
3395 3918 3493 3957 sua

1918 3992 2149 4047 haberet
2224 4006 2476 4052 munera,
2525 3989 2707 4042 virum
2755 3988 2901 4041 enim
2949 3986 3252 4055 sapientem
3303 3996 3359 4041 et
3406 3988 3490 4040 di-

1913 4083 2102 4136 vinum
2142 4097 2246 4133 non
2297 4096 2417 4134 esse
2466 4078 2797 4148 capiendum
2847 4078 3171 4131 muneribus
3214 4093 3320 4131 :se
3364 4093 3495 4132 vero

1913 4174 2082 4244 gratis
2111 4173 2248 4226 velle
2292 4173 2485 4241 juvare
2508 4186 2605 4223 eos
2635 4173 2726 4239 qui
2770 4186 2909 4239 opus
2950 4169 3206 4224 habeant.
3248 4171 3495 4229 Declarat

1915 4276 2101 4322 autem
2134 4266 2183 4320 ei
2233 4280 2295 4319 ea
2324 4281 2445 4334 quae
2479 4263 2684 4331 scripta
2714 4261 2951 4319 fuerant.
2988 4275 3183 4328 nempe
3218 4262 3340 4315 vitae
3380 4262 3494 4314 exi-

1915 4369 2028 4412 tum
2054 4377 2066 4411 :
2089 4358 2232 4426 quod
2266 4372 2369 4410 nec
2399 4358 2464 4411 iis
2487 4355 2733 4422 quidem,
2754 4368 2874 4423 qua:
2902 4367 3035 4406 avus
3059 4353 3178 4422 ejus
3197 4352 3492 4412 Nabucho-

1915 4448 2160 4503 donosor
2211 4461 2404 4517 passus
2450 4452 2591 4511 erat,
2659 4445 2943 4513 suppliciis
2994 4454 3217 4512 propter
3260 4460 3387 4499 suas
3436 4447 3491 4499 in

232 4532 380 4603 πέρα
428 4532 675 4601 φρονεῖν’
728 4528 843 4583 ἀλλ’
877 4530 957 4582 ὅτι
994 4532 1087 4582 καὶ
1120 4532 1601 4605 Ναϐουχοδονόσορ
1642 4554 1811 4604 μετα-
1849 4545 1891 4599 D

1849 4545 1891 4599 D
1918 4543 2091 4595 Deum
2146 4540 2539 4602 contumelias,
2596 4538 2713 4607 ipse
2762 4536 3031 4590 didicerat
3074 4549 3194 4587 esse
3228 4535 3398 4603 pium,
3436 4547 3490 4590 et

233 4624 565 4687 πλασθέντος
621 4624 701 4685 είς
747 4622 951 4693 θηρίων
999 4621 1277 4692 διαγωγὴν
1312 4624 1396 4690 ἐφ’
1435 4620 1514 4685 οἷς
1550 4626 1809 4693 ἠσέϐησε,

230 4720 328 4771 καὶ
379 4717 517 4786 μετά
565 4716 765 4777 πολλὰς
821 4713 1027 4777 ἱκεσίας
1076 4716 1169 4767 καὶ
1213 4714 1427 4786 δεήσεις
1475 4714 1807 4784 ἐλεηθέντος,

227 4810 373 4864 ὥστε
400 4810 562 4862 πάλιν
591 4805 907 4859 ἐπανελθεῖν
950 4806 1030 4867 είς
1064 4807 1153 4858 τὸν
1185 4806 1526 4874 ἀνθρώπινον
1558 4808 1671 4877 βίον
1718 4810 1811 4861 καὶ

225 4904 329 4970 τὴν
351 4901 638 4970 βασιλείαν
673 4898 843 4967 αὐτὴν
870 4897 965 4950 καὶ
992 4897 1079 4949 διὰ
1115 4897 1288 4949 ταῦτα
1320 4899 1410 4949 τὸν
1445 4899 1577 4950 Θεὸν
1606 4900 1679 4963 ὡς
1712 4901 1811 4971 τὴν

229 4995 454 5048 ἅπασαν
518 4991 711 5061 ἔχοντα
781 4990 1014 5059 δύναμιν
1078 4990 1171 5044 καὶ
1237 4988 1639 5059 προνοούμενον
1702 4993 1810 5044 τῶν

227 5085 559 5155 ἀνθρώπων,
586 5082 711 5153 ἄχρι
746 5084 839 5133 καὶ
864 5083 1120 5152 τελευτῆς
1136 5082 1433 5150 ὑμνοῦντος
1457 5082 1626 5153 λήθην
1650 5083 1808 5147 αὐτὸς

228 5180 392 5232 ἔλαϐε
438 5178 643 5231 τούτων
692 5175 786 5227 καὶ
829 5176 998 5227 πολλά
1041 5176 1141 5244 μὶν
1175 5176 1607 5245 ὲδλασφήμησεν,
1640 5177 1719 5237 εἰς
1748 5175 1809 5229 τὸ

228 5272 410 5333 Θεῖον,
449 5270 559 5331 τοῖς
590 5270 646 5321 δὲ
678 5267 927 5321 σκεύεσιν
956 5268 1123 5321 αὑτοῦ
1157 5267 1296 5337 μετά
1326 5269 1434 5319 τῶν
1468 5268 1809 5323 παλλακίδων

229 5364 569 5431 διηκονεῖτο·
600 5360 770 5412 ταῦτα
813 5354 905 5412 οὖν
938 5360 1147 5427 όρῶντα
1180 5360 1269 5411 τὸν
1300 5359 1452 5423 Θεὸν,
1483 5360 1807 5431 ὀργισθῆναι

230 5454 385 5521 αὐτῷ
430 5454 523 5506 καὶ
567 5452 652 5504 διὰ
695 5452 801 5501 τῶν
838 5452 1243 5519 γεγραμμένων
1281 5452 1803 5521 προκαταγγέλλειν,

226 5545 309 5605 είς
340 5536 453 5594 οἷον
479 5542 639 5593 αὑτὸν
669 5540 1041 5609 καταστρέψαι
1072 5540 1152 5591 δεῖ
1192 5541 1374 5603 τέλος·
1417 5542 1603 5609 ἐδήλου
1646 5542 1700 5595 δὲ
1739 5544 1806 5596 τὰ

227 5636 543 5705 γράμματα
557 5634 712 5685 τάδε·
732 5632 915 5702 μάνη,
950 5632 1144 5696 θέκελ,
1166 5635 1352 5700 φαρές
1372 5651 1386 5663 ·
1415 5634 1572 5687 τοῦτο
1600 5634 1656 5686 δὲ
1688 5635 1805 5688 ἔλε-

224 5744 337 5800 γεν.
361 5725 573 5778 Ἐλλάδι
610 5724 832 5801 γλώσσῃ
871 5726 1178 5794 σημαίνειν,
1231 5726 1313 5777 ὅτι
1375 5727 1484 5780 Τὸν
1515 5725 1622 5791 τῆς
1654 5725 1805 5794 ζωῆς

223 5834 342 5873 σου
369 5822 597 5888 χρόνον
621 5819 947 5889 ἠρίθμηκεν
969 5822 1000 5873 ό
1033 5819 1176 5883 Θεὸς
1204 5819 1299 5872 καὶ
1334 5816 1574 5887 σταθμῷ
1616 5822 1805 5888 περιέ-

1916 4633 2055 4685 ultra
2081 4630 2301 4684 modum
2334 4630 2583 4681 humana:
2610 4638 2820 4680 natura:
2842 4640 2950 4679 non
2979 4640 3195 4699 sumere
3221 4626 3487 4693 spiritus:

1912 4722 2009 4777 sed
2027 4724 2173 4791 quod
2200 4721 2366 4775 etiam
2393 4735 2517 4774 cum
2541 4716 3049 4773 Nabuchodonosor
3071 4726 3313 4772 mutatus
3344 4730 3491 4773 esset

1914 4815 1970 4870 in
2021 4816 2182 4868 vitam
2244 4814 2473 4867 ferinam
2522 4820 2809 4878 propterea
2839 4826 2961 4878 qua:
3010 4810 3176 4877 iMpie
3225 4820 3489 4878 gesserat,

1912 4914 1967 4958 et
2001 4914 2121 4974 post
2155 4904 2352 4956 multas
2382 4916 2574 4971 preces
2602 4909 2657 4954 et
2711 4901 3140 4969 supplicationes
3172 4900 3487 4953 misericor-

1913 4995 2059 5049 diam
2083 5004 2229 5049 esset
2250 5004 2600 5053 consecutus,
2632 5000 2686 5043 et
2716 4990 2971 5043 rediisset
3002 4987 3070 5041 ad
3098 4988 3262 5042 vitam
3292 4988 3487 5042 huma-

1912 5104 2039 5143 nam
2092 5098 2149 5141 et
2198 5088 2375 5155 ipsum
2424 5096 2696 5153 regnum:
2739 5091 2795 5137 et
2834 5088 3123 5150 propterea
3171 5080 3367 5141 Deum,
3427 5093 3488 5134 ut

1910 5180 2005 5250 qui
2032 5193 2252 5233 onmem
2290 5177 2519 5231 haberet
2550 5174 2870 5244 potentiam,
2901 5181 2956 5224 et
2986 5171 3268 5224 hominum
3294 5185 3483 5224 curam

1910 5280 2149 5343 gereret,
2196 5284 2372 5340 usque
2404 5268 2471 5321 ad
2522 5276 2753 5321 mortem
2806 5264 3078 5327 laudaret,
3132 5263 3245 5331 ipse
3289 5277 3483 5315 eorum

1910 5374 1995 5417 est
2025 5361 2230 5416 oblitus
2260 5379 2272 5413 :
2308 5369 2363 5413 et
2397 5359 2567 5413 Deum
2599 5356 2823 5427 quidem
2854 5354 3044 5409 multis
3075 5354 3374 5406 insectatus
3399 5364 3483 5408 est

1912 5455 2247 5519 maledictis,
2278 5453 2427 5506 vasis
2457 5461 2640 5505 autem
2666 5450 2786 5520 ejus
2830 5458 2888 5500 ut
2911 5446 3017 5500 sibi
3046 5445 3478 5506 ministraretur,

1907 5546 2093 5601 eliecit
2138 5544 2301 5598 simul
2349 5558 2474 5597 cum
2510 5541 2819 5612 pellicibus.
2856 5535 2982 5591 Haec
3020 5550 3153 5606 ergo
3199 5534 3476 5587 videntem

1908 5640 2077 5692 Deum
2104 5638 2153 5691 ei
2176 5652 2295 5691 esse
2330 5636 2550 5698 iratum,
2570 5644 2625 5689 et
2657 5647 2753 5702 per
2779 5645 2843 5684 ea
2868 5646 2988 5700 qua:
3022 5628 3223 5698 scripta
3256 5635 3404 5688 sunt,
3425 5626 3479 5681 ei

1907 5731 2353 5801 praesigniﬁcare,
2398 5726 2575 5796 qualis
2606 5726 2675 5779 sit
2717 5723 2938 5777 futurus
2989 5722 3113 5774 vita:
3155 5718 3353 5773 exitus.
3393 5716 3477 5769 Si-

1906 5822 2235 5889 gnilicabant
2272 5827 2454 5875 autem
2500 5818 2583 5871 ha:
2619 5816 2837 5878 littera,
2875 5811 3049 5875 Mane,
3096 5807 3294 5874 Tliecel,
3335 5805 3475 5861 Plia-
