4226 6436
751 363 854 428 387

2075 350 2362 411 MENSIS
2403 351 2697 413 IULIUS.

3905 350 4011 413 388

753 495 862 540 res,
901 480 1004 532 hoc
1037 491 1168 530 vero
1219 471 1440 528 dicebat
1492 471 1679 541 lingua
1729 470 1919 523 Latina
1973 465 2283 536 signiﬁcare
2315 483 2328 520 :
2364 475 2405 530 Α

2364 475 2405 530 Α
2437 481 2631 531 στησε
2663 468 2760 519 καί
2804 465 3095 535 περιελών
3123 484 3237 521 σου
3273 466 3386 534 τὴν
3425 467 3755 531 ,βασιλείαν
3788 469 4013 536 Μήδοις

755 575 979 635 Tempus
1012 572 1127 623 vita:
1159 577 1263 620 tua?
1295 566 1594 618 numeravit
1629 563 1785 627 Deus,
1819 571 1865 614 et
1897 562 1949 613 in
1977 560 2111 612 libra
2141 573 2337 627 appen-

753 668 934 724 (ἤμει
981 660 1218 715 ablatum
1256 674 1474 727 regnum
1516 666 1665 708 tuum
1704 655 1890 706 dividet
1924 651 2087 705 Medis
2116 659 2162 702 et
2201 649 2330 702 Per-

752 761 845 812 sis.
893 758 1029 811 Cum
1083 757 1191 826 regi
1230 759 1300 809 sit
1338 756 1566 808 dixisset
1602 751 1826 814 Daniel,
1862 763 2110 818 quaenam
2165 745 2332 814 signi-

758 851 983 904 ﬁcarent
1045 849 1128 902 hae
1189 849 1244 901 in
1297 863 1455 899 muro
1509 846 1739 906 litterae,
1798 841 2043 895 Baltasar
2107 838 2330 907 quidem

755 957 962 1009 angore
1011 951 1067 994 et
1121 939 1288 992 animi
1343 938 1531 991 dolore
1606 936 1707 988 fuit
1761 946 2055 1003 oppressus
2109 936 2334 997 prepter

755 1049 948 1102 aspera
972 1033 1062 1085 illa
1088 1041 1141 1085 et
1177 1031 1374 1093 tristia,
1405 1045 1526 1098 quae
1563 1028 1610 1081 ei
1638 1025 2106 1096 signiﬁcabantur.
2144 1019 2333 1087 Neque

759 1136 940 1180 tamen
978 1126 1026 1178 ei
1063 1133 1322 1193 tanquam
1357 1123 1639 1191 propheta:
1672 1119 1966 1178 malorum,
1999 1129 2107 1167 non
2141 1112 2233 1164 dat
2269 1125 2332 1165 ea

756 1233 1008 1281 munera,
1040 1232 1162 1285 qua:
1207 1215 1387 1269 fuerat
1443 1213 1740 1282 pollicitus,
1767 1210 1860 1264 sed
1891 1206 2123 1277 prmbuit
2151 1203 2335 1257 omnia

756 1326 920 1380 quam
963 1310 1210 1362 minatus
1261 1308 1484 1376 quidem
1521 1314 1640 1358 erat
1673 1302 1822 1372 regni
1859 1299 2168 1360 eversione,
2203 1295 2339 1348 deti-

756 1401 886 1454 nitas
920 1415 1040 1454 esse
1092 1397 1457 1457 necessitatis,
1489 1396 1583 1449 sed
1620 1410 1728 1448 non
1762 1395 1880 1463 ejus
1921 1392 2014 1460 qui
2065 1385 2336 1459 pra-dixit,

758 1509 878 1546 esse
909 1500 1169 1560 reputans
1200 1511 1210 1544 :
1246 1506 1307 1544 ea
1370 1500 1576 1546 autem.
1627 1502 1749 1556 quae
1785 1484 2054 1554 promissa
2098 1483 2337 1540 fuerant,

757 1585 1009 1653 implere,
1038 1583 1167 1635 boni
1200 1597 1318 1636 esse
1345 1580 1452 1634 viri
1485 1579 1760 1649 judicans,
1793 1575 2041 1645 justique
2067 1581 2123 1626 et
2162 1571 2297 1626 veri.

826 1677 963 1730 XIV.
1020 1673 1377 1731 Praterﬂuxit
1443 1674 1603 1724 breve
1661 1669 1895 1737 spatium
1943 1665 2224 1736 temporis.
2283 1674 2338 1719 et

760 1780 950 1835 captus
983 1767 1084 1818 fuit
1117 1767 1231 1834 ipse
1263 1774 1317 1817 et
1348 1763 1539 1816 civitas
1560 1802 1572 1823 ,
1633 1761 1775 1813 sicut
1807 1757 2128 1826 praedictum
2161 1758 2338 1810 fuerat

2433 556 2629 620 αὐτὴν
2653 559 2748 609 καὶ
2775 558 3035 626 Πέρσαις
3057 559 3342 629 διανεμεῖ.
3363 559 3517 613 Οὕτω
3530 561 3725 631 Δανιὴλ
3746 562 3919 615 ταῦτα
3938 563 4014 632 τῷ

2437 648 2646 716 βασιλεῖ
2671 650 2956 718 σημαίνειν
2985 653 3294 720 φράσαντος
3325 654 3388 704 τὰ
3418 655 3472 704 ἐν
3501 652 3665 721 τοίχῳ
3691 654 4009 724 γράμματα,

2432 741 2524 792 τὸν
2563 742 2663 810 μὲν
2701 742 2988 813 Βαλτάσαρ
3015 738 3123 796 οἷον
3171 746 3317 808 εἰκὸς
3346 746 3429 814 ἐφ’
3447 745 3590 797 οὕτω
3616 747 3871 814 χαλεποῖς
3905 749 4013 809 τοῖς

2434 830 2828 899 δεδηλωμένοις
2853 833 2996 904 λύπη
3036 837 3130 887 καὶ
3163 837 3419 905 συμφορά
3449 836 3772 900 κατέλαϐεν,
3807 839 3867 888 οὐ
3911 839 4013 907 μὴν

2437 922 2510 984 ὡς
2543 926 2798 994 προφήτῃ
2824 925 3011 977 κακῶν
3043 926 3192 996 αὐτῷ
3219 928 3497 997 γενομένῳ
3521 927 3597 997 τῷ
3629 935 3882 1000 προφήτῃ
3919 933 4012 992 τὰς

2436 1013 2643 1084 δωρεάς
2677 1015 2740 1078 ἃς
2774 1016 3040 1085 ὑπέσχετο
3073 1017 3285 1080 δώσειν,
3320 1021 3380 1070 οὐ
3404 1020 3640 1083 δίδωσιν,
3667 1021 3801 1073 ἀλλὰ
3835 1023 4012 1084 πάσας

2439 1106 2766 1176 παρέσχετο,
2833 1109 2932 1179 τὴν
2993 1108 3093 1178 μὲν
3139 1110 3512 1180 ὴπειλημένην
3572 1113 3674 1183 τῆς
3737 1113 4013 1182 βασιλείας

2437 1198 2758 1265 καθαίρεσιν
2800 1200 2896 1268 τῆς
2935 1199 3248 1270 ὁρισθείσης
3288 1202 3553 1272 ἀνάγκης,
3605 1202 3720 1255 ἀλλ’
3751 1204 3872 1272 οὐχὶ
3919 1204 4009 1256 τοῦ

2439 1290 2921 1360 προφητεύσαντος
2956 1288 3095 1344 εἶναι
3140 1291 3519 1362 λογισάμενος,
3548 1293 3646 1364 τὴν
3673 1295 3730 1347 δὲ
3777 1296 3889 1346 τῶν
3921 1297 4014 1346 ἐπ-

2437 1383 2792 1452 ηγγελμένων
2838 1385 3185 1454 ἐκπλήρωσιν
3227 1386 3418 1456 ἀνδρὸς
3455 1386 3659 1453 ἀγαθοῦ
3685 1389 3886 1459 κρίνων
3921 1387 4012 1439 καὶ

2438 1475 2650 1527 δικαίου
2680 1476 2775 1527 καὶ
2809 1475 3092 1544 ἀψευδοῦς.

2512 1658 2611 1710 1Δ’.
2631 1656 2812 1726 Βραχῦ
2845 1656 3022 1724 διῆλθε
3051 1657 3109 1708 τὸ
3139 1657 3366 1726 μεταξὺ,
3397 1660 3491 1712 καὶ¹
3522 1661 3684 1723 αὐτός
3710 1680 3767 1714 τε
3806 1664 4010 1734 ἐλήφθη

2441 1749 2537 1800 καὶ
2593 1749 2626 1817 ὴ
2684 1748 2859 1810 πόλις.
2896 1747 2972 1809 ὡς
3002 1747 3078 1816 τῷ
3109 1749 3305 1816 Δανιὴλ
3362 1751 3784 1820 προηγόρευται,
3829 1753 4010 1822 Κύρου

759 1875 788 1912 a
825 1834 1067 1919 Daniele,
1114 1871 1236 1909 cum
1286 1855 1396 1907 [lex
1445 1854 1730 1907 Persarum
1777 1849 1828 1903 in
1863 1850 2042 1918 ipsum
2088 1848 2335 1902 duxisset
2371 1834 2410 1889 υ

2371 1834 2410 1889 υ
2439 1841 2545 1890 τῶν
2585 1839 2810 1908 Περσῶν
2847 1840 3107 1906 βασιλέως
3141 1843 3668 1910 ἐπιστρατεύσαντος
3697 1845 3783 1898 ἐπ’
3818 1847 4008 1900 αὐτόν·

758 1950 1082 2003 exercitum.
1108 1947 1212 2002 Sed
1241 1947 1514 1999 Baltassar
1539 1943 1761 2011 quidem
1789 1941 1868 1995 sic
1892 1957 1921 1995 e
1944 1941 2053 1994 vita
2076 1939 2329 1995 excedit:

761 2038 957 2090 Darius
1003 2053 1156 2096 vero,
1212 2037 1304 2103 qui
1367 2034 1788 2102 Babyloniorum
1826 2032 2073 2086 dissolvit
2124 2030 2330 2100 princi-

761 2135 972 2193 patum,
1011 2125 1101 2194 qui
1133 2133 1249 2177 erat
1281 2123 1444 2176 etiam
1490 2123 1633 2175 ﬁlius
1674 2122 1941 2192 Astyagis,
1982 2122 2131 2190 regni
2168 2137 2330 2176 sexa-

760 2218 1032 2287 gesimum
1087 2215 1393 2269 secundum
1445 2230 1650 2267 annum
1702 2222 2061 2281 transegerat,
2113 2213 2333 2282 quando

763 2307 910 2375 cepit
932 2306 1281 2376 Babylonem.
1311 2306 1414 2369 Qui
1443 2305 1606 2357 etiam
1633 2304 2012 2357 admirabilem
2042 2305 2188 2357 hunc
2217 2319 2337 2372 pro-

762 2399 983 2467 phetam
1047 2413 1238 2449 secum
1291 2396 1591 2463 accipiens,
1647 2403 1905 2463 tanquam
1946 2411 2058 2447 rem
2087 2395 2330 2463 aliquam

764 2505 1014 2558 magnam
1049 2499 1100 2543 et
1134 2489 1610 2557 pretiosissimam,
1643 2487 1802 2541 duxit
1843 2487 1895 2540 in
1940 2486 2191 2549 Mediam,
2221 2503 2335 2543 ma-

764 2596 927 2649 gnum
974 2594 1133 2631 suum
1177 2579 1229 2630 in
1265 2595 1388 2632 cum
1432 2579 1675 2632 studium
1709 2579 2006 2633 ostendens
2051 2587 2106 2633 et
2143 2579 2336 2634 obser-

763 2671 1027 2724 vantiam.
1063 2670 1248 2722 Daniel
1277 2685 1407 2739 ergo
1435 2685 1560 2722 cum
1588 2681 1735 2722 esset
1770 2670 1822 2721 in
1859 2681 2007 2723 tanto
2038 2670 2247 2724 honore
2281 2678 2337 2723 et

763 2761 1203 2816 cxsistiniatione
1244 2761 1384 2829 apud
1416 2761 1659 2824 Darium,
1693 2769 1747 2813 et
1777 2762 1890 2828 ipse
1916 2762 2036 2829 ejus
2057 2777 2337 2816 sermones

767 2855 1065 2920 acciperet,
1124 2860 1182 2904 ut
1227 2854 1318 2920 qui
1374 2851 1642 2903 haberent
1686 2851 1889 2917 aliquid
1961 2849 2228 2914 divinum,
2280 2852 2336 2904 in

760 2959 890 2998 eum
924 2959 1143 3011 quoque
1175 2944 1409 2996 excitata
1439 2951 1522 2994 est
1558 2942 1760 2994 invidia
1805 2942 1874 2996 ab
1907 2943 1973 2998 iis
2005 2944 2096 3012 qui
2131 2946 2337 3013 primas

764 3046 950 3105 partes
991 3036 1245 3089 ferebant
1295 3034 1350 3087 in
1399 3034 1592 3089 Media.
1624 3020 1837 3089 Etenim
1896 3036 2215 3090 invidebant
2253 3053 2340 3091 sa-

765 3138 956 3198 trapa),
983 3130 1234 3183 videntes
1253 3143 1379 3182 cum
1407 3144 1527 3182 esse
1559 3129 1612 3180 in
1647 3129 1854 3196 majore
1889 3129 2346 3222 exsistimatione’

762 3232 820 3276 ct
854 3239 970 3275 esse
1004 3225 1179 3291 majus
1225 3225 1277 3274 in
1310 3237 1437 3275 eum
1480 3222 1620 3291 regis
1659 3223 1924 3284 studium,
1971 3232 2026 3277 et
2056 3224 2247 3280 haberi
2280 3227 2332 3282 in

767 3315 956 3384 majori
985 3314 1128 3382 apud
1157 3329 1279 3366 eum
1314 3314 1542 3367 honore.
1575 3314 1894 3380 Qua/arentes
1917 3325 2099 3370 autem
2129 3320 2337 3373 calum-

766 3411 872 3462 nia
916 3407 1260 3461 occasionem
1291 3415 1346 3459 et
1388 3409 1774 3472 accusationis,
1822 3409 2046 3464 minime
2088 3409 2334 3465 invenie-

767 3503 934 3566 bant;
974 3503 1178 3554 nullam
1207 3501 1350 3552 enim
1380 3499 1459 3552 eis
1487 3500 1766 3567 praebebat
1790 3515 2032 3562 causam,
2073 3518 2195 3554 nam
2241 3519 2338 3556 ne-

768 3611 875 3664 que
910 3612 936 3648 a
975 3595 1224 3664 pecuniis
1259 3595 1400 3648 vinci
1450 3601 1691 3663 poterat,
1724 3602 1785 3646 et:
1805 3608 2022 3646 omnem
2066 3604 2334 3662 quarstum

768 3689 1123 3755 despiciebat.
1165 3687 1303 3739 Hinc
1347 3688 1548 3738 iactum
1575 3698 1679 3742 est.
1709 3696 1771 3738 ut
1795 3703 1916 3739 cum
1950 3687 2084 3740 nihil
2117 3697 2340 3756 possent

771 3779 1046 3841 invenire,
1105 3778 1252 3847 quod
1311 3778 1379 3831 de
1410 3793 1475 3831 eo
1523 3777 1772 3831 dicentes
1819 3779 1962 3846 apud
2009 3795 2210 3846 regem,
2271 3781 2337 3834 de

772 3874 888 3941 ejus
925 3872 1135 3924 honore
1170 3881 1389 3940 possent
1422 3869 1628 3939 aliquid
1667 3869 1982 3932 detrahere,
2023 3871 2190 3923 alium
2223 3887 2339 3925 mo-

769 3965 900 4016 dum
945 3972 1276 4031 quaererent,
1305 3979 1414 4031 quo
1444 3978 1569 4014 eum
1604 3962 1945 4030 depellerent
1997 3978 2025 4016 a
2067 3963 2212 4032 regis
2240 3963 2337 4016 be-

771 4053 1102 4110 nevolentia.
1167 4052 1431 4107 Videntcs
1482 4068 1612 4122 ergo
1667 4053 1946 4106 Danielem
2006 4061 2090 4107 ter
2144 4053 2198 4106 in
2250 4054 2338 4106 die

773 4155 1108 4213 precantem,
1138 4144 1388 4196 arbitrati
1412 4153 1539 4196 sunt
1573 4160 1630 4197 se
1663 4143 1936 4199 invenisse
1966 4146 2335 4206 occasionem,

769 4253 867 4306 per
891 4252 1052 4305 quam
1083 4237 1191 4289 sint
1218 4237 1266 4288 ei
1295 4236 1515 4288 allaturi
1545 4236 1773 4288 exitium
1799 4255 1810 4288 :
1834 4246 1889 4288 et
1920 4237 2246 4290 accedentes
2271 4241 2335 4290 ad

773 4330 1020 4391 Darium,
1071 4329 1121 4381 ei
1161 4329 1499 4390 renuntiant,
1549 4328 1723 4382 visum
1761 4345 1880 4386 esse
1928 4330 2186 4384 omnibus
2218 4333 2338 4399 eius

768 4420 1005 4487 satrapis
1034 4431 1088 4473 et
1120 4421 1482 4490 principibus,
1527 4430 1585 4474 ut
1620 4423 1802 4475 nullus
1832 4439 1896 4476 ex
1928 4424 2188 4475 omnibus
2215 4438 2335 4489 Spa-

2437 1933 2576 1986 ἀλλέι
2610 1931 2898 2000 Βαλτάσαρ
2939 1931 3035 1999 μὲν
3067 1931 3209 1983 οὕτω
3252 1933 3342 1984 τὸν
3384 1934 3496 2002 βίον
3533 1937 3769 2003 ἀμείϐει.
3805 1939 4012 2008 Δαρείῳ

2435 2026 2491 2078 δὲ
2518 2027 2592 2094 τῷ
2617 2024 2980 2077 καταλύσαντι
3008 2024 3106 2101 τὴγ
3156 2026 3226 2076 Ba
3240 2025 3497 2079 δυλώνιον
3524 2030 3839 2098 ἠγεμονίαν,
3865 2031 3925 2094 ὃς
3951 2032 4013 2100 δὴ

2437 2120 2529 2172 καὶ
2560 2120 2884 2185 Ἀστυάγους
2921 2118 3040 2181 υίὸς
3066 2115 3155 2189 ἦν,
3179 2119 3296 2182 ἔτος
3326 2118 3614 2187 ἑξηκοστὸν
3646 2124 3740 2174 καὶ
3762 2122 4014 2192 δεύτερον

2435 2213 2531 2278 τῆς
2552 2211 2826 2279 βασιλείας
2849 2209 3061 2278 ἠνύετο,
3088 2212 3249 2280 ἡνίκα
3276 2213 3375 2283 τὴν
3406 2212 3693 2265 Βαϐυλῶνα
3729 2209 3877 2267 εἷλεν
3899 2232 3911 2245 ⁸
3955 2217 4011 2280 ὃς

2437 2303 2533 2354 καὶ
2559 2303 2649 2353 τὸν
2673 2302 2976 2372 θαυμάσιον
3003 2304 3215 2355 τουτονὶ
3242 2306 3524 2374 προφήτην
3550 2307 3668 2376 μεθ’
3697 2309 3897 2362 ἑαυτοῦ
3925 2311 4016 2362 λα-

2439 2392 2552 2446 ϐὼν
2585 2394 2660 2457 ὡς
2696 2394 2838 2464 μέγα
2882 2411 2934 2447 τι
2969 2394 3160 2464 χρῆμα
3214 2397 3308 2447 καὶ
3347 2397 3645 2466 ἀξιότιμον,
3686 2401 3894 2469 ἤγαγεν
3935 2405 4014 2466 είς

2437 2485 2536 2556 τὴν
2585 2485 2856 2555 Μηδικὴν,
2911 2487 3114 2558 πολλὴν
3168 2487 3266 2557 τὴν
3313 2489 3441 2557 περὶ
3489 2482 3653 2542 αὐτὸν
3715 2490 4013 2562 θεραπείαν

2440 2579 2768 2640 ἐπιδεικνύς.
2813 2578 3011 2646 Δανιὴλ
3046 2581 3224 2633 τοίνυν
3269 2580 3342 2633 ὢν
3383 2584 3439 2635 ἐν
3471 2584 3696 2654 τοιαύτῃ
3735 2589 3869 2655 τιμῇ
3924 2566 4014 2641 καὶ

2439 2671 2664 2739 λαμπρᾷ
2698 2670 2904 2740 σπουδῇ
2936 2671 3086 2740 παρὰ
3117 2672 3194 2741 τῷ
3225 2675 3456 2742 Δαρείῳ,
3496 2677 3655 2744 μόνος
3681 2695 3740 2729 τε
3773 2678 4013 2746 σύμϐου-

2439 2762 2526 2824 λος
2561 2763 2708 2832 αὐτῷ
2741 2762 3099 2832 ἐχρημάτισε,
3135 2769 3230 2822 καὶ
3263 2769 3388 2828 τούς
3419 2768 3584 2819 αὐτοῦ
3618 2769 3809 2836 λόγους
3847 2771 3921 2833 ὥς
3962 2789 4012 2824 τι

2441 2853 2581 2907 θεῖον
2610 2855 2833 2926 ἔχοντας
2871 2859 2898 2909 ὁ
2941 2857 3190 2926 βασιλεὺς
3222 2858 3618 2930 ἀποδεχόμενος
3664 2857 3748 2931 ἦν.
3795 2864 4012 2933 Ἀμέλει

2440 2949 2530 3000 καὶ
2564 2947 2756 3016 φθόνος
2802 2950 2951 3018 αὐτῷ
2982 2951 3215 3020 ὑφεῖριε
3251 2954 3400 3020 παρὰ
3442 2955 3548 3006 τῶν
3583 2955 3648 3006 τὰ
3685 2957 3876 3026 πρῶτα
3919 2974 4014 3024 ψε-

2447 3044 2649 3113 ρόντων
2675 3047 2730 3096 ἐν
2761 3045 2978 3115 Μηδικῇ
3006 3062 3018 3076 ·
3055 3046 3380 3099 ἐϐάσκαινον
3424 3050 3532 3118 γὰρ
3557 3049 3704 3119 αὐτῷ
3733 3053 3782 3103 οί
3815 3056 4016 3122 σατρά-

2376 3165 2419 3222 c
2453 3152 2550 3188 παι
2611 3134 3111 3207 παρευδοκιμοῦντα
3160 3140 3392 3208 δρῶντες
3435 3141 3528 3192 καὶ
3561 3143 3802 3204 πλείονος
3831 3146 4015 3211 ἀξιού-

2454 3250 2611 3299 μενον
2633 3233 2729 3300 τῆς
2762 3233 2824 3284 ἐκ
2853 3231 3115 3299 βασιλέως
3150 3234 3448 3305 θεραπείας
3486 3253 3542 3287 τε
3573 3237 3666 3288 καὶ
3689 3242 3888 3308 τιμῆς·
3921 3243 4014 3308 καὶ

2443 3322 2730 3389 ζητοῦντές
2788 3323 3036 3391 διαϐολῆς
3079 3325 3333 3394 ἀφορμὴν
3383 3328 3476 3378 καὶ
3525 3305 3876 3399 κατηγορίας,
3918 3305 4013 3404 οέχ

2441 3412 2721 3482 εὕρισκον·
2760 3415 2990 3484 παρεῖχε
3036 3415 3144 3486 γὰρ
3165 3416 3341 3467 αἰτίαν
3371 3418 3627 3490 οὐδεμίαν
3659 3424 3862 3485 αὐτοῖς,
3894 3424 4014 3476 ἐπεὶ

2440 3509 2533 3559 καὶ
2583 3507 2877 3577 χρημάτων
2924 3507 3196 3579 άνώτερος
3243 3505 3311 3581 ἦν
3360 3512 3455 3564 καὶ
3491 3515 3690 3575 παντὸς
3725 3515 4013 3585 λήμματος

2441 3600 2755 3667 ὑπερόπτης
2778 3615 2789 3628 ·
2826 3599 3076 3651 ἐντεῦθεν
3119 3601 3194 3660 ὡς
3240 3603 3390 3654 οὐδὲν
3436 3601 3578 3673 εἶχον
3607 3609 3786 3675 εὑρεῖν
3822 3609 3849 3659 ὃ
3880 3627 4012 3661 κατ-

2440 3693 2684 3754 ειπόντες
2709 3695 2872 3745 αὐτοῦ
2912 3695 3045 3761 πρὸς
3078 3694 3417 3764 τὸνβασιλέα
3446 3696 3820 3767 ζημιώσουσιν
3853 3705 4012 3756 αὐτὸν

2442 3788 2521 3848 είς
2570 3787 2670 3855 τὴν
2710 3785 2840 3856 παρ’
2883 3786 3046 3839 αὐτοῦ
3097 3789 3284 3860 τιμὴν,
3319 3792 3518 3862 τρόπον
3561 3794 3717 3848 ἄλλον
3747 3796 4012 3866 ἐζήτουν,

2442 3884 2566 3936 καθ’
2587 3883 2645 3935 ὃν
2673 3882 2834 3934 αὐτὸν
2865 3883 2962 3951 τῆς
2998 3882 3286 3952 βασιλικῆς
3317 3885 3676 3954 ἐκστήσουσιν
3703 3888 4010 3957 εὐμενείας.

2453 3976 2720 4047 Ὀρῶντες
2750 3973 2842 4026 οὖν
2861 3976 2950 4026 τὸν
2981 3975 3180 4042 Δανιὴλ
3202 3977 3321 4044 τρὶς
3346 3975 3444 4044 τῆς
3472 3977 3685 4046 ἡμέρας
3712 3987 4009 4051 προσευχό-

2446 4084 2604 4135 μενον
2634 4065 2711 4134 τῷ
2739 4065 2880 4132 Θεῷ,
2912 4066 3186 4134 πρόφασιν
3218 4066 3461 4132 ἔγνωσαν
3498 4068 3815 4138 εὑρηκέναι.
3857 4072 3921 4123 δι’
3949 4069 4014 4141 ἧς

2443 4155 2590 4225 αὐτῷ
2650 4158 3048 4210 συσκευάσουσι
3105 4158 3205 4225 τὴν
3253 4159 3565 4213 ἀπώλειαν⁹
3610 4162 3704 4213 καὶ
3759 4164 3898 4230 πρὸς
3927 4163 4013 4216 τὸν

2441 4250 2665 4316 Δαρεῖον
2714 4248 2962 4310 ἐλθόντες
3012 4250 3384 4315 ἀπήγγελλον,
3425 4250 3501 4313 ὡς
3551 4253 3663 4311 τοῖς
3706 4256 4013 4320 σατράπαις

2441 4339 2606 4392 αὐτοῦ
2643 4341 2774 4391 πᾶσι
2823 4341 2914 4390 καὶ
2945 4339 3180 4408 ἡγεμόσι
3210 4341 3431 4406 δόξειεν,
3464 4344 3556 4395 ἐπὶ
3587 4343 3803 4413 ὴμέρας
3861 4347 4015 4413 τριά-

2442 4450 2607 4483 κοντα
2666 4432 2871 4500 μηδένα
2926 4433 3034 4486 τῶν
3085 4435 3302 4488 πάντων
3356 4436 3682 4506 αἰτήσασθαί
3731 4456 3784 4489 τι
3851 4441 4014 4510 μηδὲν

772 4513 847 4567 tio
870 4513 1090 4582 triginta
1121 4513 1334 4565 dierum
1381 4513 1546 4565 ullam
1569 4515 1791 4566 omnino
1820 4523 1967 4580 petat
1992 4512 2337 4582 petitionem,
2377 4516 2418 4571 D

2377 4516 2418 4571 D
2445 4524 2675 4593 αἴτημα,
2713 4525 2847 4593 μήτε
2877 4527 3192 4596 παρὰ.Θεοῦ
3226 4529 3363 4596 μήτε
3405 4528 3555 4598 παρὰ
3591 4528 3910 4599 ἀνθρώπου,
3938 4533 4014 4585 ὅτι

773 4618 953 4672 neque
980 4619 1008 4656 a
1047 4603 1157 4658 Deo
1188 4619 1364 4671 neque
1397 4604 1466 4658 ab
1499 4604 1746 4669 homine,
1790 4605 1894 4659 nisi
1928 4605 1996 4658 ab
2038 4607 2156 4674 ipso
2191 4623 2338 4677 rege.

766 4694 869 4759 Qui
901 4695 1038 4748 hanc
1062 4703 1241 4746 autem
1264 4695 1437 4762 legem
1465 4697 1632 4748 fuerit
1659 4707 2051 4766 transgressus,
2080 4700 2133 4751 in
2159 4699 2337 4754 lacum

768 4786 990 4839 leonum
1032 4785 1345 4856 injiciatur.

840 4878 955 4931 XV.
997 4879 1107 4931 Rex
1158 4896 1286 4932 vero
1334 4894 1441 4932 non
1495 4880 1806 4950 intelligens
1849 4898 2041 4934 eorum
2091 4885 2340 4952 maligni-

769 4978 960 5032 tatem,
999 4985 1099 5024 nec
1154 4971 1439 5041 suSpicans
1497 4987 1593 5027 eos
1649 4974 1765 5029 haac
1821 4989 1940 5028 esse
2000 4975 2340 5028 machinatos

769 5061 1035 5112 adversus
1072 5060 1372 5122 Danielem,
1417 5063 1584 5115 cessit
1636 5079 1826 5115 eorum
1871 5064 2242 5118 sermonibus.
2277 5063 2340 5119 Et

770 5150 862 5203 alii
900 5150 1120 5218 quidem
1169 5166 1358 5205 omnes
1403 5161 1682 5218 caventes,
1719 5170 1786 5207 ne
1819 5156 2339 5224 transgrederentur

775 5260 839 5298 ca
882 5257 1001 5314 quae
1038 5245 1115 5297 eis
1155 5243 1417 5313 imperata
1448 5235 1686 5309 ﬁxerant,
1719 5247 2116 5316 quiescebant:
2149 5249 2338 5303 Daniel

768 5346 950 5390 autem
986 5339 1090 5389 hoc
1119 5336 1341 5389 minime
1373 5337 1598 5390 curabat
1629 5355 1642 5391 :
1672 5338 1791 5400 sed,
1815 5340 1957 5392 sicut
1981 5339 2030 5392 ei
2060 5355 2177 5392 mos
2201 5349 2337 5404 erat,

768 5441 924 5484 stans
955 5430 1166 5482 orabat.
1191 5427 1330 5482 Hinc
1358 5446 1482 5483 cum
1513 5447 1638 5484 eum
1671 5430 2054 5485 observassent
2084 5442 2337 5501 satrapae,

766 5531 827 5575 et
863 5521 1210 5590 apparuisset
1240 5537 1324 5584 ea,
1367 5536 1528 5592 quam
1562 5523 1616 5574 in
1645 5524 1822 5590 ipsum
1868 5522 2162 5576 studebant
2196 5525 2339 5576 acci-

768 5627 920 5682 pere,
970 5616 1206 5679 occasio,
1233 5616 1414 5668 statim
1446 5624 1734 5679 venerunt,
1769 5613 1834 5668 ad
1867 5630 2066 5683 regem,
2093 5627 2144 5669 et
2176 5632 2339 5669 accu-

764 5713 960 5759 sarunt
1018 5706 1317 5774 Danielem,
1353 5716 1414 5761 ut
1472 5709 1563 5776 qui
1627 5709 1773 5762 solus
1855 5709 2339 5779 transgredcrctur

761 5815 824 5854 ea
850 5815 969 5870 qua!
999 5800 1213 5855 fuerant
1241 5802 1528 5871 imperata.
1552 5802 1685 5856 Nam
1712 5818 1836 5858 cum
1863 5803 2068 5869 nullus,
2095 5804 2336 5866 aiebant,

2447 4617 2521 4688 μὴ
2560 4619 2718 4686 μόνον
2747 4620 2898 4688 παρὰ
2934 4618 3051 4679 σοῦ,
3082 4617 3326 4686 βασιλεῦ,
3350 4617 3437 4672 τὸν
3451 4620 3506 4672 δὲ
3535 4622 3625 4676 τὸν
3652 4621 3816 4691 νόμον
3843 4641 4017 4694 παρα-

2444 4709 2714 4778 δεδηκότα
2745 4710 2933 4760 τοῦτον
2968 4711 3048 4770 είς
3077 4709 3165 4762 τὸν
3193 4711 3394 4763 λάκκον
3425 4713 3733 4782 ἐμϐληθὴσε
3747 4716 3873 4766 σθαι
3911 4717 4015 4769 τῶν

2442 4798 2696 4854 λεόντων,
2939 4811 2942 4814 ‘

2515 4891 2614 4944 IE'.
2653 4891 2714 4944 Ὀ
2761 4891 2815 4944 δὲ
2859 4889 3110 4959 βασιλεὺς
3146 4892 3203 4944 οὐ
3241 4893 3467 4947 συνιδὼν
3517 4895 3616 4964 τὴν
3672 4901 4011 4971 κακουργίαν

2444 4980 2643 5044 αὐτῶν,
2676 4979 2782 5032 οὐδ’
2811 4981 2902 5031 ἐπὶ
2939 4983 3030 5032 τὸν
3058 4982 3256 5050 Δανιὴλ
3289 4984 3460 5035 ταῦτα
3493 4993 4010 5054 συσκευασαμένους

2443 5072 2773 5140 ὑπονοήσας,
2820 5066 2926 5132 εἶξε
2977 5075 3087 5134 τοῖς
3131 5073 3308 5125 αὐτῶν
3351 5073 3532 5141 λόγοις
3581 5079 3673 5128 καὶ
3718 5081 4010 5150 προτίθησι

2447 5165 2795 5233 πρόγραμμα
2827 5163 3024 5234 δηλοῦν
3057 5164 3133 5231 τῷ
3168 5164 3359 5236 πλήθει
3402 5168 3470 5220 τὰ
3499 5169 3725 5234 δόξαντα
3774 5175 3890 5234 τοῖς
3923 5191 4010 5227 oa-

2443 5256 2710 5326 τράπαιςο
2745 5257 2841 5309 καὶ⁷
2868 5258 2916 5309 οἱ
2951 5257 3049 5326 μὲν
3082 5257 3230 5309 ἄλλοι
3266 5259 3470 5322 πάντες
3512 5258 3916 5332 φυλαττόμενοι
3949 5267 4010 5318 τά

2444 5349 2900 5418 προστεταγμένα
2952 5349 3027 5418 μὴ
3066 5351 3651 5421 παραδῆναιὴρέμουν,
3693 5354 3772 5421 τῷ
3819 5356 4008 5425 Δανιὴλ

2443 5436 2499 5489 δὲ
2539 5437 2746 5491 τούτων
2790 5439 3009 5509 φροντὶς
3049 5441 3299 5510 οὐδεμία,
3343 5442 3458 5493 ἀλλ’
3484 5442 3671 5513 ὥσπερ
3704 5445 3827 5509 ἔθος
3870 5449 4009 5499 ίστάο

2449 5547 2608 5598 μενος
2645 5530 2878 5600 ηύχετο·
2912 5533 3062 5584 ἐνθεν
3098 5552 3178 5586 τοι
3211 5534 3301 5587 καὶ
3327 5537 3823 5606 παρατηρήσαντες
3853 5538 4007 5592 αὐτὸν

2441 5621 2490 5672 οἱ
2550 5625 2850 5692 σατράπαι,
2886 5623 2985 5693 τῆς
3024 5625 3301 5694 ἀφορμῆς,
3340 5627 3407 5695 ὴν
3451 5627 3783 5693 ἐσπούδαζον
3831 5627 4012 5680 λαὸεῐν

2440 5715 2701 5768 ἐπάὐτὸν
2722 5714 2908 5786 ὡσπερ
2938 5719 3374 5786 παραφανείσης,
3403 5718 3563 5781 εὐθὺς
3594 5715 3728 5791 ἧκον
3756 5721 3890 5790 πρὸς
3915 5720 4008 5789 βα-

2442 5805 2592 5857 σιλέα
2623 5808 2716 5857 καὶ
2747 5807 3090 5878 κατηγόρουν
3138 5809 3213 5871 ὡς
3247 5809 3672 5879 παραϐαίνοντος
3716 5811 3878 5882 μόνου
3914 5812 4003 5864 τοῦ
