4226 6436
223 395 339 460 389

1266 399 1445 462 VITA
1493 398 1551 458 S.
1595 396 2021 457 ΡΒΟΡΗΕΤΑΞ
2064 396 2447 455 DANIELIS.

3371 390 3479 454 390

223 510 429 581 Δανιὴλ
462 510 530 565 τὰ
565 510 1019 582 προστεταγμένα
1040 528 1051 543 τ
1085 511 1328 583 διηδενὸς
1352 512 1482 580 γὰρ,
1514 511 1670 580 φησὶ,
1705 510 1812 562 τῶν
1840 523 1887 576 Α

1840 523 1887 576 Α
1916 508 2056 562 alius
2089 507 2317 562 auderet
2344 507 2477 561 deos
2509 521 2701 571 orare;
2733 505 2921 560 Daniel
2982 504 3085 560 hoc
3115 522 3223 561 non
3260 510 3377 565 vult
3406 510 3485 566 fa-

222 607 409 660 ιλλων
439 605 744 673 τολμῶντος
775 603 1173 675 προσεύχεσθαι
1207 607 1320 667 τοῖς
1356 604 1517 667 θεοῖς,
1553 604 1581 655 6
1609 604 1809 672 Δανιὴλ

224 697 389 751 τοῦτο
411 698 672 767 πράττειν
694 697 754 748 οὐ
791 696 1065 765 βούλεται,
1092 699 1182 748 καὶ
1217 697 1333 764 ἅμα
1365 696 1439 759 ὡς
1480 697 1809 768 παραϐάτην

226 785 401 854 νόμου
429 784 615 852 ὴξίουν
645 784 783 835 κατὰ
815 786 903 836 τὸν
932 786 1092 851 νόμον
1128 786 1207 844 είς
1242 786 1333 837 τὸν
1364 783 1567 837 λάκκον
1602 786 1810 856 ἐμϐλη-

226 876 388 947 Θῆναι
429 878 537 930 τῶν
575 876 827 930 λεόντων.
859 877 1154 946 Θαρρήσας
1186 878 1242 929 δὲ
1264 878 1292 929 6
1326 878 1571 946 Δαρεῖος,
1600 880 1682 930 ὅτι
1709 879 1807 949 ρύ-

226 985 385 1022 σεται
435 969 495 1022 τὸ
527 969 681 1022 Θεῖον
724 970 884 1022 αὑτὸν
916 972 1007 1021 καὶ
1040 971 1188 1021 οὐδὲν
1219 972 1281 1022 οὐ
1315 972 1476 1023 πάθοι
1500 972 1673 1023 δεινὸν
1706 973 1809 1023 ὑπὸ

224 1060 340 1112 τῶν
390 1061 613 1131 θηρίων,
665 1062 947 1113 ἐκέλευσεν
988 1062 1150 1115 αὐτὸν
1196 1062 1448 1130 εὐθύμως
1489 1063 1550 1115 τὸ
1594 1063 1808 1130 συμὸάν

227 1153 453 1221 φέρειν·
486 1155 578 1205 καὶ
611 1152 904 1221 βληθέντος
962 1157 1041 1217 είς
1094 1154 1187 1208 τὸν
1218 1155 1419 1208 λάκκον
1457 1155 1551 1208 τοῦ
1591 1156 1811 1226 Δανιὴλ,

228 1244 543 1312 σφραγίσας
580 1244 671 1294 τὸν
718 1246 811 1297 ἐπὶ
843 1245 938 1297 τοῦ
980 1247 1206 1316 στομίου
1253 1249 1506 1317 κείμενον
1552 1248 1675 1302 ἀντὶ
1719 1248 1817 1301 θύ-

1911 616 2036 655 cere
2072 618 2085 652 :
2117 609 2171 654 et
2197 601 2359 654 simul
2388 611 2643 668 tanquam
2668 599 2803 667 legis
2829 607 3311 669 transgressorem,
3336 603 3489 659 vole-

1912 693 2042 747 bant
2069 708 2195 747 eum
2230 709 2295 746 ex
2326 694 2444 762 lege
2468 692 2574 762 jaci
2614 692 2667 744 in
2709 693 2887 746 lacum
2921 693 3163 747 leonum.
3192 694 3492 751 Confidens

1912 795 2094 840 autem
2127 787 2319 841 Darius
2365 785 2483 839 fore
2512 795 2570 838 ut
2596 786 2737 839 Deus
2762 801 2887 839 eum
2915 786 3179 851 eriperet,
3210 797 3264 841 et
3301 804 3330 841 a
3356 788 3491 844 feris

1917 880 2055 933 nihil
2108 895 2273 949 grave
2326 888 2630 949 pateretur,
2685 880 2850 948 jussit
2897 895 3023 932 eum
3077 880 3241 933 alacri
3303 883 3491 934 animo

1913 972 2059 1025 ferre
2092 972 2237 1040 quod
2270 972 2546 1026 acciderat
2574 989 2587 1026 :
2618 982 2671 1024 et
2693 971 2745 1024 in
2784 972 2964 1026 lacum
2999 975 3201 1041 injecto
3241 974 3488 1031 Daniele.

1917 1078 2041 1117 cum
2085 1066 2427 1133 obsignasset
2474 1078 2570 1115 rex
2623 1063 2883 1131 lapidem,
2943 1065 3035 1131 qui
3084 1073 3203 1117 erat
3249 1064 3381 1118 litus
3439 1064 3492 1118 in

1915 1156 2067 1209 aditu
2099 1156 2221 1209 loco
2254 1154 2404 1217 ostii,
2454 1154 2703 1215 recessit,
2759 1162 2926 1208 totam
2966 1166 3185 1209 noctem
3225 1157 3495 1212 insomnis

1918 1247 2253 1316 transigens,
2284 1256 2347 1305 ut
2374 1249 2467 1318 qui
2498 1256 2849 1317 premeretur
2884 1262 3017 1299 cura
3052 1248 3119 1300 de
3145 1247 3395 1301 Daniele.

230 1351 333 1406 ρας
379 1335 527 1387 λίθον
574 1339 602 1389 6
633 1336 909 1405 βασιλεὺς,
955 1341 1321 1412 ἀνεχώρησεν,
1356 1342 1488 1413 ὅλην
1511 1342 1610 1415 τὴν
1645 1341 1813 1395 νύκτα
1853 1341 2129 1408 διαγαγὼν
2194 1342 2420 1404 ἄϋπνος,
2456 1340 2700 1410 φροντίδι
2730 1341 2794 1409 τῇ
2826 1338 2953 1409 περὶ
2980 1339 3072 1390 τὸν
3137 1339 3334 1410 Δανιὴλ
3372 1356 3493 1393 aw-

227 1444 253 1479 ε
261 1430 323 1497 χό
331 1446 514 1495 μενος.

305 1518 423 1587 ις’.
461 1522 596 1575 Μεθ’
632 1524 847 1594 ἡμέραν
900 1526 956 1580 δὲ
1015 1528 1275 1594 ἀναστὰς,
1318 1530 1411 1582 ἐπὶ
1470 1529 1561 1585 τὸν
1610 1532 1833 1584 λάκκον-

226 1606 361 1683 ἧλθε
406 1616 498 1668 καὶ
528 1618 844 1689 σωζομένην
893 1623 991 1691 τὴν
1021 1623 1297 1691 σφραγῖδα
1328 1622 1527 1694 εὑρὼν,
1562 1618 1594 1697 ἦ
1636 1641 1815 1694 σημη-

232 1704 465 1773 νάμενος
513 1708 605 1761 τὸν
640 1710 788 1761 λίθον
831 1713 1236 1777 καταλελοίπει,
1284 1715 1503 1778 ἀνοίξας
1552 1713 1812 1784 ὀνομαστί

228 1812 290 1848 τε
321 1800 412 1852 τὸν
440 1801 636 1869 Δανιὴλ
666 1803 853 1856 ἐκάλει
881 1805 977 1856 καὶ
1014 1805 1401 1859 διεπυνθάνετο
1432 1808 1547 1873 εῐγε
1592 1809 1685 1860 καὶ
1717 1805 1813 1858 νῦν

231 1887 462 1953 σώζοιτο
488 1907 501 1920 °
544 1892 637 1943 τοῦ
669 1893 725 1943 δὲ
773 1895 1018 1949 κάτωθεν
1048 1897 1463 1960 ὑπακούσαντος
1509 1900 1602 1951 καὶ
1643 1899 1813 1971 μηδὲν

230 1980 430 2033 παθεῖν
472 1984 722 2046 εἰπόντος
766 1988 1011 2056 ἀνιαρὸν,
1042 1989 1332 2040 ἐκέλευσεν
1376 1990 1537 2043 αὐτὸν
1580 1992 1811 2042 ἀνελκυ-

235 2072 434 2141 σθῆναι
464 2073 556 2125 τοῦ
588 2074 794 2128 λάκκου
814 2092 829 2108 ·
862 2079 909 2129 οἱ
933 2078 990 2129 δὲ
1020 2078 1204 2147 ἐχθροὶ
1230 2080 1557 2149 θεασάμενοι
1589 2080 1680 2132 τὸν
1711 2083 1813 2133 Δα-

231 2166 357 2234 νιὴλ
397 2167 563 2234 μηδὲν
595 2170 900 2222 πεπονθότα
930 2170 1127 2234 δεινὸν,
1154 2171 1232 2227 Οὐ
1263 2175 1363 2242 μὲν
1390 2169 1504 2237 οὖν,
1537 2175 1744 2243 ελεγον,
1768 2169 1813 2227 ὦ

228 2254 480 2326 βασιλεῦ,
510 2260 597 2311 διὰ
625 2260 685 2312 τὸ
715 2261 869 2315 Οεῖον
906 2264 1001 2317 καὶ
1026 2267 1125 2337 τὴν
1162 2267 1353 2319 τούτου
1378 2268 1635 2338 πρόνοιαν
1659 2262 1815 2332 οὗτος

234 2352 533 2414 σέσωσται,
566 2354 701 2408 άλλὰ
731 2355 809 2425 τῷ
838 2357 964 2419 τοὺς
996 2357 1216 2422 λέοντας
1245 2362 1680 2430 κεκορεσμένους
1715 2363 1815 2413 ὑπ-

231 2445 427 2513 άρχειν
452 2447 682 2515 τροφῆς.
742 2448 915 2501 Τοῦτο
972 2451 1172 2503 ἐκεῖνοι
1230 2454 1330 2519 μὲν
1380 2452 1460 2505 ἔτι
1514 2453 1815 2521 βασκανίας

234 2536 533 2605 ἡττημένοι
563 2534 738 2593 εἷπον.
795 2540 853 2592 '0
886 2540 1142 2608 βασιλεὺς
1166 2540 1220 2592 δὲ
1249 2542 1485 2610 μισήσας
1513 2544 1612 2611 τῆς
1644 2561 1814 2613 πονη-

237 2627 363 2699 ρίας
398 2630 618 2693 αὐτοὺς,
650 2630 1073 2699 παραϐληθῆναι
1106 2631 1203 2699 μὲν
1238 2630 1408 2684 πολλά
1451 2631 1662 2684 κελεύει
1702 2636 1815 2695 τοῖς

236 2719 425 2771 λέουσι
485 2723 646 2787 κρέα,
703 2722 1084 2789 κορασθέντων
1123 2721 1179 2774 δὲ
1215 2722 1417 2781 αὐτῶν,
1452 2724 1532 2785 είς
1562 2723 1651 2775 τὸν
1682 2722 1816 2775 λάκ-

236 2828 333 2864 κον
364 2811 848 2882 ὲμσληθῆναιτοὺς
881 2814 969 2867 διὰ
1003 2818 1191 2884 μίσους
1222 2815 1311 2868 τὸν
1342 2816 1539 2887 Δανιὴλ
1567 2816 1814 2887 ἔχοντας,

235 2904 387 2965 ὅπως
419 2906 467 2955 εί
496 2905 582 2958 διὰ
611 2906 772 2973 κόρον
801 2906 983 2967 αὐτοῖς
1012 2908 1073 2959 οὐ
1117 2908 1477 2978 προσέξουσιν
1512 2910 1562 2961 oi
1602 2911 1817 2972 λέοντες

238 2996 425 3065 μάθοι.
453 2998 631 3065 Σαφὲς
659 3000 713 3050 δὲ
747 2999 963 3064 ἐγένετο
1019 3000 1098 3066 τῷ
1143 3001 1380 3069 Δαρείῳ,
1407 3003 1491 3055 ὃτι
1526 3002 1645 3055 θεία
1696 3002 1817 3075 χεὶρ

2000 1528 2136 1582 XV].
2182 1526 2318 1582 Cum
2347 1533 2551 1589 autem,
2582 1532 2870 1594 postquam
2896 1523 3012 1577 dies
3036 1533 3203 1585 esset.
3223 1524 3496 1579 surrexis-

1921 1631 2026 1677 set,
2050 1619 2199 1670 venit
2217 1620 2283 1670 ad
2308 1617 2485 1669 lacum
2511 1633 2522 1666 :
2547 1624 2602 1669 et
2621 1630 2745 1668 cum
2764 1614 2970 1667 salvum
2996 1613 3293 1665 invenisset
3310 1613 3493 1679 signa.

1919 1710 2124 1770 Culum,
2145 1723 2255 1777 quo
2277 1708 2577 1775 reliquerat
2598 1706 2941 1774 obsignatum
2966 1704 3199 1773 lapidem
3220 1703 3495 1773 aperiens,

1920 1800 2248 1854 nominatim
2300 1799 2515 1851 vocavit
2577 1798 2882 1856 Danielem,
2912 1805 2966 1847 et
3010 1796 3240 1863 rogavit,
3275 1811 3341 1847 an
3398 1795 3499 1848 ad~

1925 1891 2035 1944 huc
2074 1898 2221 1944 esset
2255 1889 2458 1943 salvus.
2494 1889 2632 1941 Cum
2667 1886 2760 1940 ille
2795 1901 2927 1939 vero
2959 1886 3174 1939 inferne
3208 1886 3496 1947 audiisset,

1922 1993 1978 2036 ct
2014 1984 2243 2037 dixisset
2278 1997 2336 2035 se
2372 1980 2509 2033 nihil
2553 1979 2846 2033 molestum
2892 1994 3013 2032 esse
3061 1993 3307 2047 passum,
3336 1978 3499 2047 jussit

1919 2089 2045 2126 eum
2079 2074 2293 2125 extrahi
2330 2089 2359 2125 e
2394 2073 2537 2125 lacu.
2578 2071 2714 2125 Cum
2762 2071 3039 2124 vidissent
3067 2080 3251 2125 autem
3286 2071 3498 2125 inimici

1920 2161 2204 2215 Danielem
2238 2161 2376 2214 nihil
2407 2160 2533 2214 mali
2568 2160 2739 2215 fuisse
2764 2175 3007 2229 passum.
3045 2162 3163 2215 Non
3197 2160 3322 2225 luit,
3351 2162 3501 2216 dice-

1922 2253 2075 2319 bant,
2098 2254 2197 2309 iste
2224 2262 2591 2308 conservatus
2618 2263 2841 2322 propter
2861 2254 3033 2306 Deum
3058 2262 3113 2307 et
3140 2264 3364 2322 propter
3380 2255 3501 2321 ejus

1924 2346 2292 2417 providentia,
2330 2347 2424 2401 sed
2472 2348 2619 2416 quod
2648 2348 2838 2405 leones
2880 2356 3068 2400 essent
3112 2336 3237 2399 cibo
3289 2346 3497 2400 satiati.

1925 2440 2039 2495 Hac
2068 2441 2145 2494 illi
2173 2441 2393 2510 quidem
2420 2440 2698 2504 dicebant,
2719 2440 2851 2494 victi
2884 2440 2952 2494 ab
2978 2440 3199 2494 invidia.
3223 2437 3339 2493 Rex
3370 2454 3501 2493 vero

1923 2534 2053 2587 odio
2101 2534 2310 2587 habens
2357 2550 2549 2586 eorum
2600 2534 3035 2601 improbitatem,
3080 2535 3238 2604 jubet
3272 2534 3501 2602 quidem

1926 2626 2127 2678 multas
2157 2639 2352 2678 carnes
2396 2626 2559 2693 objici
2596 2626 2890 2678 leonibus:
2923 2640 3046 2677 cum
3084 2626 3119 2676 ii
3152 2636 3334 2678 autem
3367 2626 3502 2677 fuis-

1922 2729 2044 2773 sent
2075 2720 2279 2785 satiati,
2307 2735 2402 2773 eos
2430 2720 2485 2773 in
2513 2720 2691 2773 lacum
2722 2719 2893 2789 injici,
2943 2719 3036 2789 qui
3065 2721 3193 2774 odio
3224 2720 3503 2774 habebant

1923 2811 2227 2877 Danielem,
2265 2824 2326 2867 ut
2355 2814 2543 2878 sciret,
2575 2828 2641 2866 an
2673 2822 2902 2883 pr0pter
2929 2813 3239 2867 satietatem
3268 2828 3364 2866 eos
3390 2829 3501 2867 non

1926 2916 2218 2975 tangerent
2260 2907 2469 2961 leones.
2516 2905 2749 2959 Planum
2787 2920 2920 2959 vero
2954 2904 3157 2957 factum
3191 2912 3275 2957 est
3316 2902 3499 2968 Dario,

1924 2997 2094 3051 fuisse
2146 2997 2387 3050 divinam
2451 3013 2693 3057 manum,
2732 3014 2854 3065 quae
2900 2997 3141 3052 servavit
3198 2998 3504 3058 Danielem,

234 3085 305 3159 ἦν
348 3092 379 3159 ή
414 3091 504 3141 τὸν
544 3092 746 3159 Δανιὴλ
791 3089 1037 3157 σώσασα,
1065 3082 1533 3162 παραῦληθέντων
1568 3096 1666 3167 ἤδη
1707 3099 1819 3158 τοῖς
1846 3115 1891 3179 C

1846 3115 1891 3179 ρ
1927 3108 2054 3147 cum
2100 3091 2287 3162 injecti
2326 3090 2562 3145 fuissent
2597 3102 2866 3159 satrapae;
2923 3091 3060 3142 nulli
3111 3091 3258 3143 enim
3308 3106 3503 3143 eorum

238 3181 454 3249 Θηρίοις
484 3182 590 3233 τών
617 3183 912 3250 σατραπῶν
934 3198 946 3212 ⁸
979 3184 1191 3247 οὐδενὸς
1218 3188 1325 3255 γὰρ
1346 3185 1527 3238 αὐτῶν
1550 3186 1610 3238 τὸ
1644 3188 1820 3257 παρά-

240 3292 351 3327 παν
383 3275 684 3342 ἐφείσαντο.
722 3274 859 3328 ἀλλὰ
891 3278 1101 3338 πάντας
1132 3277 1331 3340 αὐτοὺς
1360 3277 1509 3341 ὄνυξι
1544 3278 1637 3331 καὶ
1668 3279 1821 3333 ὀδοῦ-

242 3384 330 3419 σιν
379 3369 537 3429 εὐθὺς
602 3368 971 3439 διεσπάραξαν
1022 3388 1081 3427 τε
1110 3373 1204 3425 καὶ
1257 3372 1425 3440 βοράν
1465 3374 1818 3444 ἐποιήσαντο,

241 3458 494 3528 καθάπερ
537 3459 615 3530 τῷ
645 3460 790 3529 λιμῴ
829 3466 1129 3533 κάμνοντες
1161 3466 1254 3513 καὶ
1278 3463 1486 3531 τροφῆς
1526 3461 1822 3530 ἀστοχοῦν-

241 3565 355 3612 τες.
394 3554 815 3618 Διαφθαρέντων
864 3549 955 3603 οὑν
987 3552 1128 3603 οὓτω
1183 3552 1290 3604 τῶν
1323 3553 1825 3605 ἐπιϐουλευσάντων

242 3661 320 3713 τῳ
353 3647 571 3714 Δανιὴλ,
603 3647 629 3696 6
665 3645 921 3713 βασιλεὺς
952 3645 1179 3712 Δαρεῖος
1212 3643 1382 3711 ἄνδρα
1413 3646 1675 3712 φρόνιμον
1699 3645 1825 3695 ἐαυ-

242 3740 335 3789 τὶιν
365 3738 579 3798 δεικνὺς
628 3738 723 3787 καὶ
768 3736 1090 3803 πειθόμενον
1134 3734 1387 3806 ἀληθείᾳ,
1423 3735 1711 3805 πράγμασι
1764 3752 1824 3788 τε

243 3834 504 3900 φανεροῖς
551 3831 647 3881 καὶ
683 3829 1124 3899 ἁναντιρρήτιις,
1155 3828 1275 3880 καθ’
1306 3830 1437 3897 ὃλην
1476 3828 1691 3896 ἔπεμψε
1726 3829 1825 3897 τὴν

244 3927 431 3995 χώραν
465 3927 703 3977 ἐπαινῶν
733 3926 818 3977 τὸν
846 3923 1072 3984 Θεὸν,ὃν
1102 3923 1131 3974 6
1155 3921 1355 3991 Δανιὴλ
1384 3926 1701 3992 προσκυνεῖ,
1732 3923 1828 3974 καὶ

247 4022 413 4087 μόνον
464 4019 626 4069 αὑτὸν
677 4011 817 4067 εἷναι
873 4014 1061 4082 ἔλεγεν
1113 4014 1290 4083 άληθή
1349 4015 1444 4067 καὶ
1475 4013 1559 4066 .τδ
1611 4015 1828 4068 πάντων

242 4115 440 4179 ἔχοντα
492 4112 691 4177 κράτος
727 4124 739 4136 ⁸
774 4110 896 4178 ἔσχε
950 4107 1006 4159 δὲ
1052 4109 1147 4159 καὶ
1189 4106 1282 4157 τὸν
1314 4106 1510 4175 Δανιὴλ
1545 4105 1631 4156 διὰ
1658 4104 1827 4173 τιμῆς

240 4205 422 4259 οὐδενὶ
453 4203 599 4273 ἄλλῳ
639 4201 1051 4271 παραπλησίας,
1083 4201 1299 4267 πρῶτον
1341 4197 1504 4248 αὑτὸν
1534 4196 1824 4259 ἀποδείξας

240 4299 354 4348 τών
400 4294 609 4363 φίλων·
670 4290 913 4357 συνῆσαν
962 4287 1017 4338 δὲ
1067 4288 1216 4356 αὺτῴ
1270 4288 1362 4355 καὶ
1395 4289 1441 4340 οί
1480 4288 1683 4354 ἑταῖροι
1734 4288 1830 4337 καὶ

244 4389 570 4455 συγγενεῖς,
631 4383 680 4433 οί
748 4382 878 4449 περὶ⁵
950 4379 1211 4450 Ἀζαρίαν
1272 4381 1460 4447 φημὶ,
1522 4378 1616 4428 καὶ
1674 4376 1829 4428 αὐτοὶ

1926 3188 2153 3241 omnino
2198 3193 2606 3255 pepercerunt:
2645 3184 2739 3241 sed
2773 3198 2869 3236 eos
2911 3196 3105 3235 omnes
3138 3182 3420 3253 unguibus
3448 3189 3505 3236 et

1924 3278 2191 3332 dentibus
2225 3279 2486 3345 protinus
2520 3277 2939 3347 discerpserunt
2974 3286 3029 3330 et
3074 3279 3507 3341 devoraverunt,

1925 3370 2160 3441 perinde
2196 3385 2259 3423 ac
2281 3370 2324 3423 si
2355 3369 2497 3423 fame
2532 3370 2847 3422 laborarent
2882 3380 2936 3421 et
2965 3370 3223 3422 alimento
3254 3380 3504 3439 egerent.

1924 3462 2063 3518 Cum
2106 3462 2142 3516 ii
2191 3477 2320 3533 ergo
2366 3461 2741 3527 interiissent,
2791 3460 2884 3532 qui
2927 3459 3138 3514 Danieli
3177 3475 3507 3531 paraverant

1928 3556 2179 3620 insidias,
2238 3558 2352 3611 Rex
2409 3556 2607 3610 Darius
2660 3555 2899 3623 scipsum
2971 3556 3273 3609 ostendens
3326 3555 3507 3609 virum

1928 3648 2261 3715 prudentem
2298 3657 2352 3699 et
2394 3652 2676 3714 parentem
2711 3645 2953 3708 veritati,
2986 3649 3262 3715 rebusque
3303 3646 3510 3715 apertis

1928 3747 1984 3793 et
2013 3747 2203 3791 contra
2251 3751 2389 3806 quas
2419 3737 2553 3788 nihil
2601 3737 2707 3788 dici
2745 3745 2975 3804 poterat,
3014 3736 3161 3788 misit
3211 3750 3309 3803 per
3338 3739 3509 3789 totam

1931 3831 2236 3901 regionem,
2270 3829 2500 3882 laudans
2526 3828 2720 3890 Deum,
2753 3843 2916 3896 quem
2962 3826 3154 3880 adorat
3197 3827 3423 3881 Daniel:
3452 3837 3509 3881 et

1931 3939 2058 3978 eum
2108 3924 2287 3976 solum
2336 3922 2558 3976 dicebat
2592 3937 2715 3976 esse
2753 3937 2967 3985 verum,
3007 3930 3061 3975 et
3090 3922 3182 3991 qui
3230 3922 3282 3974 in
3318 3936 3515 3975 omnes

1934 4015 2149 4070 obtinet
2197 4016 2561 4068 dominatum.
2610 4014 2856 4066 Habebat
2902 4023 3082 4066 autem
3133 4015 3408 4066 Danielem
3455 4016 3512 4066 in

1935 4110 2130 4179 majori
2161 4108 2392 4172 honore,
2430 4120 2595 4175 quam
2628 4104 2799 4159 ullum
2835 4104 3023 4169 alium,
3059 4106 3357 4161 ostendens
3383 4120 3510 4159 cum

1933 4217 2053 4257 esse
2094 4201 2332 4270 primum
2368 4217 2435 4256 ex
2465 4201 2676 4255 amicis.
2720 4200 2894 4253 Simul
2927 4215 3059 4253 vero
3100 4216 3224 4252 cum
3260 4215 3327 4253 eo
3353 4207 3516 4254 erant

1932 4295 2097 4349 etiam
2131 4295 2347 4362 cognati
2396 4312 2408 4345 :
2455 4293 2701 4355 Azarias,
2742 4294 2987 4359 inquam,
3023 4306 3146 4343 cum
3183 4293 3418 4353 caneris,
3456 4290 3510 4341 in

1932 4402 2072 4456 quos
2125 4393 2181 4439 et
2229 4400 2327 4454 par
2375 4392 2494 4438 erat
2536 4384 2782 4437 studium
2832 4382 2996 4451 regis,
3044 4392 3099 4437 et
3146 4382 3203 4435 in
3247 4383 3363 4451 pari
3417 4398 3513 4439 eos

242 4484 449 4548 ὁμοίιος
477 4480 573 4545 της
614 4477 738 4543 Eon;
773 4474 923 4544 αὑτῴ
951 4476 1047 4526 καὶ
1078 4472 1337 4540 προνοίας
1366 4472 1459 4523 καὶ
1487 4472 1651 4540 τιμῆς
1697 4472 1832 4523 άπο-
1864 4483 1909 4538 D

781 4474 923 4544 αὑτῴ
951 4476 1047 4526 καὶ
1078 4472 1337 4540 προνοίας
1366 4472 1459 4523 καὶ
1487 4472 1651 4540 τιμῆς
1697 4472 1832 4523 άπο-
1864 4483 1909 4538 ι)
1941 4479 2150 4535 honore
2191 4477 2450 4531 habebat,

244 4585 531 4631 λαυοντες.

323 4662 423 4718 η’.
457 4664 551 4715 Ὧν
578 4662 633 4714 δὲ
658 4660 829 4721 οὕτως
867 4658 1139 4727 ἐπίσημος
1186 4658 1282 4710 καὶ
1322 4655 1593 4725 λαμπρὸς,
1628 4654 1829 4725 ᾠκοδόο

250 4777 427 4833 μησεν
458 4763 515 4809 ιν
557 4755 908 4816 Ἐκϐατάνοις
944 4756 1053 4814 τοῖς
1097 4752 1356 4822 Μηδικοῖς
1406 4750 1499 4801 καὶ
1546 4750 1705 4819 βᾶριν
1738 4750 1829 4801 ὲκ-

247 4848 638 4922 πρεπέστατόν
666 4864 720 4899 τι
773 4846 1213 4912 κατασκεύασμα
1246 4846 1339 4894 καὶ
1378 4844 1695 4911 θαυμασίως
1731 4858 1829 4893 πε-

248 4946 578 5013 ποιημένον,
628 4941 661 5009 ἢ
697 4943 856 5009 μέχρι
894 4938 1056 5007 δεὺρο
1113 4939 1212 5002 μὲν
1261 4935 1379 4986 ἔστι
1433 4934 1529 4986 καὶ
1558 4932 1825 4995 σώζεται·

247 5044 361 5102 τοῖς
393 5038 450 5091 δὲ
493 5036 660 5105 ὁρῶσι
700 5034 848 5086 δοκεῖ
881 5032 1210 5101 προσφάτως
1253 5027 1697 5080 κατεσκευάσθαι
1733 5026 1829 5079 καὶ

246 5134 537 5202 ὲπῖαὑτης
568 5130 802 5200 ἡμέρας,
834 5121 901 5197 ἦς
944 5126 1175 5186 ἕκαστος
1214 5123 1390 5193 αὐτὴν
1420 5122 1660 5191 ἱστορεῖ·
1689 5120 1832 5173 οὓτω

252 5227 651 5297 νεαρὸν-αὑτῆς
694 5222 755 5277 τὸ
785 5220 981 5283 κάλλος
1013 5219 1106 5273 καὶ
1141 5216 1395 5289 μηδαμοῦ
1435 5214 1747 5286 γεγηρακὸς
1772 5214 1832 5266 δν

254 5324 364 5379 ὑπὸ
394 5318 489 5374 τοῦ
518 5318 776 5372 τοσούτου
807 5315 1002 5387 χρόνου
1025 5312 1303 5381 φαίνεται.
1338 5310 1653 5363 Θάπτονται
1690 5308 1747 5360 δὲ
1775 5308 1833 5359 ἐν

250 5419 322 5489 τῇ
371 5414 528 5487 βάρει
569 5412 746 5482 ταύτῃ
773 5411 911 5463 οἵτε
947 5407 1146 5477 Μήδων
1182 5406 1276 5459 καὶ
1304 5402 1530 5474 Περσῶν
1568 5401 1831 5471 βασιλεῖς,

253 5514 353 5565 καὶ
378 5511 406 5563 6
437 5508 645 5577 ταύτην
682 5501 1121 5573 πεπιστευμένος
1165 5500 1418 5561 Ἰουδαῖός
1454 5498 1606 5549 ἐστιν
1634 5493 1832 5568 ἱερεύς.

267 5604 564 5673 Ἰωσηππψ
611 5599 706 5654 καὶ
753 5598 928 5650 ταῦτα
956 5594 1091 5668 πρὸς
1133 5593 1280 5658 λέξιν
1316 5592 1395 5652 τῷ
1438 5591 1678 5662 Ἰουδαίῳ
1711 5608 1838 5644 συν-

252 5698 539 5753 τέτακται.
577 5692 730 5748 Ἐπεὶ
776 5690 832 5742 δὲ
867 5690 929 5743 οὐ
959 5687 1273 5759 θαυμαστὸς
1326 5687 1489 5757 μόνον
1521 5684 1769 5755 ὑπῆρχεν
1810 5686 1836 5737 ὁ

255 5790 457 5863 Δανιὴλ
500 5789 704 5860 ἑτάρων
760 5782 1006 5839 ἐπιλύειν
1053 5783 1316 5851 ὀνείρους,
1351 5780 1489 5833 ἀλλὰ
1531 5780 1624 5832 καὶ
1655 5777 1836 5847 πολλῷ

263 5888 467 5958 μᾶλλον
513 5880 985 5953 θαυμασιώτερος,
1029 5876 1115 5944 ιφ*
1149 5870 1228 5936 οἷς
1258 5875 1420 5937 αὐτὸς
1466 5875 1676 5933 ἐκεῖνος
1698 5870 1840 5942 δρῶν

2004 4660 2171 4715 XVII.
2196 4658 2335 4713 Cum
2369 4656 2414 4709 is
2438 4663 2621 4708 autem
2648 4660 2795 4707 esset
2823 4651 3053 4721 insignis
3081 4658 3136 4704 et
3162 4648 3513 4719 splendidus,

1941 4753 2216 4808 exstruxit
2251 4753 2304 4804 in
2336 4749 2563 4803 Medicis
2599 4748 2916 4809 Ecbatanis,
2955 4746 3172 4809 turrim,
3208 4745 3514 4814 pulcherri-

1938 4862 2087 4900 mum
2124 4844 2399 4913 quoddam
2436 4842 2730 4896 aedilicium
2762 4847 2819 4892 et
2850 4839 3052 4892 factum
3094 4837 3514 4902 admirabiliter,

1938 4957 2060 5012 quae
2105 4942 2157 4993 in
2194 4940 2524 4992 hodiernum
2565 4950 2736 5004 usque
2772 4933 2915 4987 diem
2966 4942 3329 4983 conservatur
3370 4946 3384 4991 ;
3444 4930 3515 4982 iis

1938 5044 2121 5087 autem
2155 5032 2248 5101 qui
2283 5030 2488 5087 vident.
2518 5029 2737 5082 videtur
2767 5041 2943 5096 nuper
2971 5026 3140 5079 fuisse
3166 5035 3513 5087 constructa,

1939 5137 2107 5195 atque
2152 5126 2291 5177 adeo
2338 5134 2405 5175 eo
2452 5121 2574 5190 ipso
2605 5121 2715 5185 die,
2760 5135 2870 5189 quo
2902 5120 3049 5172 illam
3102 5120 3298 5188 aspicit
3344 5135 3517 5173 unus—

1941 5220 2213 5289 quisque,
2268 5214 2378 5268 iam
2432 5229 2628 5268 recens
2678 5215 2798 5283 ejus
2850 5212 3241 5281 pulchritudo,
3290 5219 3346 5265 et
3395 5228 3521 5280 qua:

1942 5313 2171 5367 minime
2208 5308 2502 5363 consenuit
2549 5316 2700 5361 tanto
2740 5314 3009 5374 tempore,
3040 5304 3310 5357 cernitur.
3352 5302 3523 5374 Sepe-

1940 5404 2154 5458 liuntur
2176 5416 2311 5456 vero
2380 5399 2435 5452 in
2468 5398 2572 5453 hac
2596 5408 2748 5451 turre
2798 5412 2955 5467 reges
2983 5395 3263 5449 Medorum
3295 5404 3349 5448 et
3385 5395 3520 5448 Per-

1944 5512 2130 5553 sarum
2164 5503 2262 5550 :et
2297 5494 2342 5546 is
2390 5491 2479 5545 cui
2534 5507 2598 5545 ea
2648 5499 2734 5544 est
2802 5488 3118 5553 commissa,
3168 5494 3253 5539 est
3298 5485 3527 5541 Judaeus

1946 5589 2221 5647 sacerdos.
2271 5585 2395 5641 Hac
2431 5586 2499 5642 ab
2533 5583 2737 5653 Joseph
2777 5581 2968 5637 Judan
3011 5581 3079 5634 ad
3109 5580 3340 5633 verbum
3384 5594 3520 5633 con-

1944 5685 2150 5753 scripta
2209 5688 2359 5735 sunt.
2432 5677 2703 5744 Quoniam
2758 5685 2941 5729 autem
2995 5689 3103 5753 non
3170 5673 3349 5726 solum
3416 5672 3525 5725 fuit

1946 5773 2294 5833 admirabilis
2348 5772 2403 5826 in
2460 5769 2740 5825 solvendis
2802 5768 3039 5821 aliorum
3105 5766 3373 5829 somniis,
3424 5763 3523 5818 sed

1951 5873 2111 5939 longe
2184 5864 2565 5922 admirabilior
2622 5861 2676 5915 in
2733 5860 2799 5914 iis
2850 5875 2974 5928 qua:
3028 5858 3117 5913 ille
3190 5858 3306 5929 ipse
3361 5855 3521 5920 vidit,
