4226 6436
726 336 825 402 391

2026 314 2313 377 MENSIS
2353 309 2655 374 IULIUS.

3889 314 4001 378 392

719 463 900 522 operae
934 442 1173 517 pretium
1202 448 1288 495 est
1334 436 1425 493 hic
1448 448 1672 505 quoque
1721 444 1911 487 eorum
1962 428 2302 490 meminisse,
2334 435 2378 490 Α

2418 423 2729 492 ἐτύγχανεν,
2762 421 2913 487 ἀξιον
2934 419 3169 475 ἐνταῦθα
3196 420 3291 475 καὶ
3323 421 3449 492 περὶ
3474 422 3656 477 αὐτῶν
3681 426 4001 498 μνησθῆναι

720 554 777 597 et
807 538 1117 600 ostendere,
1168 547 1332 605 quam
1377 538 1527 585 esset
1556 530 1678 599 ejus
1716 539 1873 580 mens
1917 539 2055 594 pura
2089 530 2146 578 et
2187 522 2301 575 Deo

720 637 905 705 digna.

792 723 979 780 XVIII.
1013 718 1055 773 Α
1084 733 1282 789 magno
1312 715 1418 769 hoc
1451 711 1745 782 propheta,
1777 725 1899 765 cum
1927 709 2108 763 adhuc
2136 708 2302 777 dege-

722 828 807 871 ret
851 816 1094 869 Baltasar
1163 811 1215 863 in
1261 820 1407 863 terra
1451 802 1987 865 Chaldieorumn'isi
2020 811 2305 869 suntqua-

723 919 850 962 tuor
881 906 1031 956 venti
1059 899 1183 955 caeli
1215 901 1264 951 in
1298 912 1447 951 mare
1477 896 1717 957 irruere,
1748 901 1806 947 et
1832 902 2072 961 quatuor
2097 905 2304 960 magna

722 1000 913 1054 bestiae
945 1012 1009 1049 ex
1042 1009 1108 1048 eo
1145 993 1469 1054 ascendere,
1506 1005 1627 1057 qua:
1656 985 2043 1057 signiﬁcabant
2069 994 2305 1054 quatuor

724 1107 921 1161 magna
968 1102 1154 1158 regna.
1202 1086 1446 1152 Quarum
1480 1098 1589 1137 una
1624 1081 1850 1152 quidem
1881 1080 1998 1134 visa
2053 1080 2155 1132 fuit
2186 1087 2306 1132 tan-

725 1199 892 1253 quam
936 1182 1130 1244 leaana,
1169 1190 1224 1232 et
1254 1179 1376 1248 ejus
1424 1191 1618 1245 pennae
1669 1184 1928 1245 tanquam
1975 1174 2192 1242 aquilae.
2232 1174 2307 1228 Ea

726 1273 1081 1345 signiﬁcabat
1154 1285 1386 1340 regnum
1447 1267 1872 1342 Chaldasorum._
1914 1267 2051 1322 Ursa
2124 1274 2306 1319 autem

728 1362 991 1423 secunda,
1039 1374 1161 1429 quae
1195 1361 1248 1412 in
1284 1374 1379 1412 ore
1414 1358 1517 1412 tria
1562 1358 1804 1411 habebat
1834 1357 2047 1411 latera:
2076 1357 2169 1410 cui
2205 1372 2308 1410 vox

729 1471 948 1525 quoque
976 1453 1329 1515 audiebatur,
1361 1452 1554 1506 dicens
1582 1471 1595 1506 :
1624 1451 1823 1519 Surge.
1858 1449 2083 1505 comede
2116 1465 2310 1504 carnes

730 1546 952 1604 multas,
992 1558 1056 1597 ea
1089 1541 1433 1611 signiﬁcabat
1481 1554 1711 1609 regnum
1748 1539 2028 1593 Medorum
2076 1547 2133 1592 et
2181 1539 2313 1593 Per-

729 1652 937 1691 sarum.
980 1636 1047 1688 Et
1076 1634 1259 1695 tertia,
1290 1632 1496 1703 pardus
1523 1648 1537 1684 :
1562 1646 1683 1701 quae
1710 1630 1873 1685 etiam
1913 1629 2311 1684 ostendebatur

733 1728 946 1782 habens
982 1735 1222 1795 quatuor
1271 1739 1480 1794 pennas
1523 1723 1764 1777 volucris
1806 1739 1969 1791 supra
2016 1723 2187 1791 ipsam
2216 1742 2228 1774 :
2257 1729 2313 1776 et

730 1820 787 1875 in
820 1834 883 1874 ea
923 1834 1145 1888 quoque
1195 1817 1370 1870 bestia
1415 1815 1789 1871 cernebantur
1826 1824 2064 1883 quatuor
2108 1815 2306 1883 capita.
2343 1800 2388 1858 Β

735 1912 985 1980 Regnum
1024 1908 1344 1963 Graecorum
1380 1923 1480 1975 per
1514 1922 1633 1959 eam
1683 1905 2114 1975 signiﬁcabatur.
2162 1904 2313 1969 Quo-

734 2020 855 2058 rum
881 2001 1297 2070 potentissimos
1321 2014 1478 2069 reges
1508 1998 1647 2052 vidit
1670 2007 1859 2066 postea
1888 1999 1941 2050 iu
1970 1997 2145 2051 forma
2169 1998 2312 2051 aric-

733 2096 805 2150 tis
838 2104 895 2148 et
946 2094 1109 2147 hirci.
1144 2094 1368 2147 Darium
1413 2090 1638 2160 quidem
1674 2098 1932 2158 tanquam
1965 2090 2216 2155 arietem,
2259 2090 2314 2144 in

736 2185 997 2239 omnibus
1032 2194 1191 2239 terra:
1220 2184 1475 2253 partibus
1502 2198 1672 2236 eornu
1720 2190 2028 2251 petentem;
2077 2181 2315 2235 Alexan-

734 2276 898 2331 drum
930 2292 1064 2331 vero
1112 2286 1368 2345 tanquam
1416 2275 1633 2331 hircum
1664 2275 1718 2328 in
1759 2289 1886 2327 eum
1920 2275 2316 2342 insurgentem,

735 2376 792 2423 et
824 2368 1035 2421 viribus
1066 2382 1128 2421 ac
1174 2366 1379 2435 impetu
1434 2363 1850 2417 conculcantem
1880 2372 1935 2416 et
1964 2371 2319 2430 prosternen-

738 2465 871 2515 tem.
925 2461 1189 2527 Quartam
1237 2468 1420 2514 autem
1469 2458 1701 2513 bestiam
1742 2458 1880 2511 vidit
1928 2458 2227 2512 terribilem
2263 2469 2318 2515 ct

740 2551 1096 2621 stupendum,
1125 2561 1180 2606 et
1206 2552 1517 2605 tnirandum
1545 2552 1599 2604 in
1639 2549 1862 2605 modum
1890 2551 2086 2604 fortem
2121 2570 2133 2604 :
2161 2553 2319 2623 cujus

736 2645 901 2700 ferrei
928 2646 1149 2715 quidem
1179 2646 1390 2708 dentes,
1424 2660 1636 2714 ungues
1662 2652 1846 2697 autem
1893 2644 2054 2697 aenei.
2083 2644 2158 2697 Ea
2186 2659 2319 2697 vero

739 2737 1037 2804 superabat
1057 2752 1272 2801 omnes,
1302 2753 1423 2805 quae
1452 2737 1626 2803 ipsam
1655 2745 2077 2805 praecesserant,
2103 2735 2319 2788 viribus

738 2837 795 2882 et
826 2828 1055 2882 audacia
1084 2844 1099 2881 :
1124 2829 1534 2896 excedebatque
1566 2835 1622 2881 et
1653 2827 2083 2892 comminuehat,
2108 2833 2163 2882 et
2190 2826 2320 2881 reli-

740 2933 879 2986 quas
910 2919 1273 2973 conculcabat
1320 2920 1571 2988 pedibus.
1597 2919 1697 2974 Per
1728 2920 1844 2975 haec
1870 2924 2073 2975 docens
2098 2936 2318 2974 manum

745 3012 1145 3072 Romanorum,
1172 3027 1294 3079 qum
1316 3012 1527 3079 jamdiu
1557 3020 1707 3064 tenet
1737 3012 2051 3079 imperium.
2082 3012 2141 3064 ln
2165 3014 2324 3080 cujus

747 3098 926 3163 capite
972 3097 1357 3164 animadverti,
1406 3098 1583 3168 inquit
1628 3099 1918 3169 propheta,
1965 3100 2156 3155 decem
2202 3116 2317 3156 cor-

750 3200 857 3239 nua
891 3196 947 3239 et
976 3187 1125 3241 aliud
1157 3204 1377 3259 quoque
1403 3206 1655 3259 parvum,
1692 3192 1837 3259 quod
1867 3191 2013 3246 inter
2043 3208 2105 3246 ea
2136 3208 2327 3249 nasce-

750 3278 935 3341 batur,
967 3290 1023 3333 et
1058 3282 1162 3333 tria
1195 3296 1260 3332 ex
1297 3282 1580 3350 prioribus
1609 3283 1883 3337 evellebat
1910 3285 2328 3341 radicitusJam

751 3369 901 3422 enim
934 3370 985 3420 in
1018 3368 1137 3438 ipso
1169 3370 1274 3426 ﬁne
1305 3371 1533 3426 Romani
1571 3373 1814 3443 imperii,
1845 3374 1994 3443 quod
2021 3386 2242 3429 secatur
2274 3375 2331 3427 in

755 3459 958 3514 multos
1006 3461 1369 3531 principatus,
1411 3460 1548 3513 dicit
1600 3463 1823 3529 quidem
1874 3462 1991 3515 fore
2039 3471 2099 3515 ut
2141 3462 2330 3515 decem

755 3568 913 3623 reges
941 3552 1105 3605 simul
1138 3561 1453 3623 exsurgant.
1486 3552 1599 3605 Hoc
1640 3551 1787 3605 enim
1820 3551 2167 3621 signiﬁcabat
2196 3553 2335 3607 visio

753 3642 944 3695 decem
994 3658 1287 3707 cornuum,
1332 3642 1437 3695 tria
1467 3651 1651 3697 autem
1680 3657 1744 3696 ex
1777 3641 1862 3696 his
1894 3644 2077 3714 regnis
2105 3660 2133 3697 a
2166 3660 2334 3715 parvo

755 3732 850 3787 illo
877 3748 1052 3787 cornu
1087 3732 1337 3798 dissolvi,
1386 3735 1530 3804 quod
1578 3736 1842 3790 cernebat
1892 3736 2095 3789 habere
2144 3739 2335 3792 oculos

756 3828 1022 3892 hominis,
1058 3836 1115 3881 et
1151 3842 1212 3881 os
1239 3827 1676 3897 magniloquum,
1710 3834 1764 3878 et
1798 3836 2187 3894 superaturum
2217 3842 2337 3882 esse

755 3921 953 3973 vitium
985 3918 1233 3970 omnium
1264 3917 1543 3979 vitiorum,
1570 3931 1690 3985 quae
1723 3915 1877 3971 fuere
1903 3931 1933 3970 a
1962 3917 2184 3985 saeculo,
2216 3934 2338 3989 quae

760 4010 983 4082 quidem
1014 4019 1200 4079 aperte
1235 4007 1547 4080 signiﬁcant
1579 4010 2003 4065 Antichristum.

827 4106 965 4161 XIX.
1002 4106 1140 4160 Cum
1175 4107 1256 4158 sic
1288 4120 1418 4173 ergo
1458 4107 1513 4155 in
1547 4106 1759 4158 visione
1806 4106 1964 4160 valde
1995 4106 2192 4161 luisset
2241 4107 2338 4162 ad—

764 4199 1040 4253 mirabilis
1083 4197 1372 4267 propheta,
1420 4196 1557 4250 vidit
1601 4198 1765 4251 etiam
1799 4197 2068 4268 quosdam
2109 4199 2340 4255 thronos

764 4293 1138 4363 intelligentes
1181 4292 1390 4360 positos
1422 4301 1477 4345 et
1518 4293 2040 4361 supramundanos:
2078 4302 2135 4349 et
2167 4295 2340 4349 Deum

768 4386 978 4456 gloriae,
1013 4394 1271 4452 tanquam
1310 4384 1604 4452 Antiquum
1645 4384 1884 4447 dierum,
1912 4386 2337 4454 praesidentem:

2410 515 2506 568 καὶ
2531 514 2697 579 δεῖξαι
2732 516 2831 583 τῆς
2858 512 2953 565 τοῦ
2987 513 3184 585 ἀνδρὸς
3216 514 3458 578 διανοίας
3491 514 3552 567 τὸ
3594 516 3998 588 καθαρώτατόν

2410 621 2469 658 τε
2507 606 2598 658 καὶ
2626 606 2888 671 ἀξιόθεον.

2484 694 2591 750 IH'.
2625 694 2829 750 Ὦπται
2855 698 2930 767 τῷ
2958 697 3181 768 μεγάλῳ
3195 698 3369 767 τούτῳ
3397 702 3677 773 προφήτῃ,
3701 703 4001 775 Βαλτάσαρ

2412 790 2495 842 ἔτι
2552 792 2611 842 ἐν
2650 792 2715 858 τῇ
2741 790 2850 841 τῶν
2903 790 3187 843 Χαλδαίων
3236 791 3534 859 διάγοντος,
3564 795 3690 856 τοὺς
3718 795 4002 863 τέσσαρας

2413 884 2652 952 ἀνέμους
2680 882 2778 935 τοῦ
2806 882 3035 950 οὐρανοῦ
3080 883 3487 953 προσϐαλόντας
3518 888 3583 955 τῇ
3619 886 3868 959 θαλάσσῃ
3902 890 4002 941 καὶ

2413 976 2655 1044 τέσσαρα
2706 975 2870 1044 θηρία
2918 974 3133 1044 μεγάλα
3186 976 3280 1028 ἀπ’
3312 977 3484 1047 αὐτῆς
3537 978 3926 1043 ἀναϐαίνοντα,
3960 980 4003 1033 ἃ.

2416 1067 2638 1131 καὶτὰς
2688 1068 2932 1137 μεγάλας
2987 1068 3262 1137 τέσσαρας
3317 1068 3600 1137 βασιλείας
3643 1072 4001 1137 αίνιττόμενα

2418 1159 2508 1231 ἦν,
2540 1158 2614 1214 ὦν
2641 1163 2739 1231 τὴν
2782 1162 2883 1229 μὲν
2903 1161 3037 1215 ὡσεὶ
3073 1161 3295 1215 λέαιναν
3324 1158 3526 1232 ὦφθαι,
3562 1169 3653 1219 καὶ
3682 1167 3864 1236 πτερὰ
3896 1168 4006 1220 αὑ-

2415 1261 2513 1325 τῆς
2536 1256 2668 1309 ὡσεὶ
2710 1256 2870 1309 ἀετοῦ
2893 1273 2906 1286 ·
2939 1258 3047 1308 τῶν
3080 1258 3363 1311 Χαλδαίων
3394 1259 3531 1329 αῦτη
3586 1261 3683 1331 τὴν
3718 1260 4007 1330 βασιλείαν

2419 1351 2819 1420 ὑπογράφουσα
2875 1345 2969 1420 ἦν·
3029 1350 3202 1422 ἄρκον
3259 1352 3315 1404 δὲ
3367 1352 3466 1423 τὴν
3524 1352 3805 1422 δευτέραν,
3872 1358 4007 1425 τρία

2419 1443 2631 1512 πλευρὰ
2654 1442 2887 1513 ἔχουσαν
2938 1444 2995 1496 ὲν
3046 1446 3123 1514 τῷ
3157 1446 3406 1515 στόματι,
3442 1448 3579 1515 πρὸς
3608 1450 3674 1518 ἢν
3719 1449 3815 1501 καὶ
3847 1450 4007 1518 φωνὴ

2419 1537 2653 1603 λέγουσα
2685 1536 2968 1606 διηκούετο
2990 1549 3009 1565 ⁸
3046 1537 3358 1604 Ἀνάστηθι,
3390 1539 3528 1605 φάγε
3559 1540 3769 1607 σάρκας
3797 1541 4011 1603 πολλὰς

2418 1660 2488 1670 -
2511 1630 2649 1699 αὕτη
2686 1630 2785 1699 τὴν
2821 1631 3024 1699 Μήδων
3048 1629 3141 1682 καὶ
3169 1631 3278 1682 τῶν
3316 1631 3543 1700 Περσῶν
3573 1632 3878 1701 διῃνίττετο
3900 1635 4008 1704 βα-

2424 1723 2630 1775 σιλείαν
2655 1737 2671 1754 ·
2698 1722 2803 1797 καὶΔ
2824 1722 3092 1790 πάρδαλιν
3125 1722 3224 1791 τὴν
3256 1722 3471 1792 τρίτην,
3505 1723 3630 1792 ἥτις
3675 1724 3769 1776 καὶ
3825 1727 4009 1795 πτερά

2418 1816 2663 1885 τέσσαρα
2692 1814 2941 1867 πετεινοῦ
2973 1816 3233 1885 ὑπεράνω
3258 1815 3427 1884 αὐτῆς
3456 1816 3729 1869 ἐδείκνυτο
3761 1816 3959 1886 ἔχουσα
3987 1832 4008 1848 ο

2418 1910 2511 1960 καὶ
2542 1910 2809 1977 τέσσαρες
2830 1908 2884 1960 δὲ
2916 1907 3023 1959 τῶν
3053 1907 3257 1977 θηρίων
3292 1908 3527 1973 κεφαλαὶ
3568 1910 3923 1978 καθωρῶντο·
3970 1912 4006 1979 ἠ

2431 2000 2703 2071 Ἑλλήνων
2749 2000 2999 2069 βασιλεία
3031 2000 3099 2052 δι’
3126 2001 3300 2067 αὐτῆς
3332 2001 3603 2070 ἐδηλοῦτο·
3637 1996 3710 2055 ὧν
3748 2004 3877 2067 τοὺς
3914 2005 4013 2056 δυ-

2418 2097 2760 2156 νατωτάτους
2796 2095 3049 2163 βασιλέας
3099 2096 3156 2147 ὲν
3193 2093 3348 2163 κριοῦ
3384 2094 3477 2146 καὶ
3531 2094 3735 2164 τράγου
3793 2099 4005 2165 μορφῇ·

2419 2189 2645 2255 Δαρεῖον
2676 2190 2774 2254 μὲν
2796 2181 2883 2239 οἷα
2916 2186 3070 2256 κριὸν
3102 2186 3242 2239 κατὰ
3274 2187 3450 2239 πάντα
3482 2189 3551 2238 τά
3589 2187 3730 2257 μέρη
3761 2188 3863 2254 τῆς
3895 2189 4002 2258 γῆς

2422 2279 2781 2348 κυρίττοντα·
2831 2276 2983 2347 αὐτῷ
3033 2279 3089 2331 δὲ
3140 2278 3233 2332 τὸν
3268 2279 3617 2348 Ἀλέξανδρον
3664 2278 3751 2333 οἷα
3791 2283 4004 2351 τράγον

2422 2371 2856 2438 ἐπανιστάμενον
2910 2373 3004 2423 καὶ
3036 2373 3181 2441 ὁρμῇ
3238 2370 3418 2442 ἰσχύος
3462 2372 3850 2441 συμπατοῦντα
3906 2374 4007 2426 καὶ

2423 2460 2863 2515 καταϐάλλοντα·
2892 2462 2953 2514 τὸ
2991 2463 3253 2531 τέταρτον
3298 2463 3353 2516 δὲ
3390 2462 3580 2532 θηρίον
3621 2464 3855 2532 φοϐερὸν
3895 2460 4010 2517 εἶδε

2400 2556 2520 2606 καὶ
2545 2553 2826 2621 ἐκθαμϐον
2858 2554 2953 2607 καὶ
2995 2556 3218 2625 ἰσχυρὸν
3252 2556 3505 2624 περιττὰ,
3547 2548 3609 2606 οὗ
3652 2555 3871 2625 σιδηροὶ
3907 2557 4014 2624 μὲν

2423 2646 2471 2695 οἱ
2496 2644 2729 2711 ὀδόντες,
2766 2646 2813 2697 οἱ
2839 2644 3025 2714 ὄνυχες
3056 2648 3111 2699 δὲ
3133 2647 3241 2699 ἀπὸ
3268 2646 3495 2714 χαλκοῦ·
3523 2647 3801 2699 καὶτοῦτο
3836 2649 4013 2719 ὑπερ-

2426 2736 2647 2790 ῦάλλειν
2699 2738 2845 2805 ίσχύῐ
2873 2738 2949 2787 τὰ
2995 2739 3101 2803 πρὸ
3142 2735 3309 2787 αὐτοῦ
3344 2738 3518 2789 πάντα
3562 2737 3657 2789 καὶ
3694 2739 4011 2810 ίταμότητι,

2425 2831 2606 2884 ἐσθίον
2632 2830 2727 2881 καλ
2760 2828 3023 2883 λεπτύνον
3047 2831 3140 2882 καὶ
3172 2830 3240 2883 τά
3276 2831 3535 2910 ἐπίλοιπα
3566 2834 3679 2896 τοῖς
3711 2835 3837 2886 ποσὶ
3859 2852 4010 2910 cup.-

2428 2919 2666 2975 πατοῦν·
2698 2921 2798 2989 τὴν
2829 2920 2953 2990 ἀρτι
2980 2902 3319 2992 κατέχουσαν
3349 2926 3507 2993 χεῖρα
3536 2925 3625 2978 διὰ
3649 2926 3839 2979 τούτου
3862 2902 4017 2982 διδα-

2433 3015 2700 3085 σκόμενος
2754 3015 2865 3067 τῶν
2900 3015 3228 3085 Ῥωμαίων·
3277 3008 3337 3069 οὗ
3388 3016 3527 3086 πρὸς
3566 3021 3632 3089 τῇ
3676 3020 3887 3092 κεφαλῇ
3915 3019 4016 3072 καὶ

2431 3108 2564 3161 δέκα
2612 3110 2819 3176 κέρατα
2867 3108 3220 3177 προσενόουν,
3250 3109 3417 3181 φησὶν
3457 3110 3485 3161 ό
3533 3113 3822 3181 προφήτης
3851 3128 3865 3141 ·
3916 3113 4016 3167 καὶ

2437 3201 2633 3272 μικρὸν
2658 3200 2787 3254 ἀλλο
2839 3202 3046 3270 μεταξὺ
3079 3208 3286 3253 τούτων
3317 3201 3587 3269 φυόμενον
3628 3202 3721 3253 καὶ
3742 3202 3871 3271 τρία
3900 3204 4013 3256 τῶν

2437 3294 2717 3361 προτέρων
2749 3290 3005 3358 ἐκριζοῦν
3029 3306 3045 3322 ο
3076 3291 3177 3361 ήδη
3210 3293 3318 3360 γὰρ
3340 3293 3429 3344 ἐπ’
3453 3291 3602 3361 αὺτῷ
3632 3293 3709 3361 τῷ
3736 3292 3879 3347 τέλει
3913 3296 4015 3365 τῆς

2448 3375 2738 3443 Ῥωμαίων
2771 3376 2948 3446 ἀρχῆς
2998 3379 3077 3438 εἰς
3102 3378 3444 3449 πολυαρχίαν
3482 3385 3973 3455 κατατεμνομένης
3995 3425 4013 3452 ,

2435 3467 2567 3523 δέκα
2601 3471 2700 3539 μὲν
2731 3470 3138 3542 ἀναστήσεσθαι
3186 3472 3428 3542 βασιλεῖς
3475 3474 3610 3545 ὁμοῦ
3653 3476 3820 3543 λέγει·
3855 3478 4019 3533 τοῦτο

2437 3563 2549 3631 γάρ
2579 3564 2610 3631 ἡ
2642 3562 2753 3617 τῶν
2779 3562 2911 3617 δέκα
2943 3568 3193 3635 κεράτων
3226 3568 3352 3636 δψις
3386 3568 3575 3639 ἐδήλου
3602 3585 3616 3599 ·
3643 3571 3791 3639 τρεῖς
3818 3570 3876 3623 δὲ
3906 3571 4017 3623 τῶν

2436 3656 2698 3709 τοιούτων
2725 3657 3017 3723 βασιλειῶν
3056 3659 3160 3709 ὑπὸ
3189 3659 3281 3710 τοῦ
3315 3661 3513 3730 μικροῦ
3542 3662 3770 3731 κέρατος
3798 3664 4017 3717 ἐκείνου

2440 3745 2836 3813 καταλυθῆναι,
2869 3746 2897 3798 δ
2927 3749 3021 3799 καὶ
3058 3748 3370 3815 ὀφθαλμοὺς
3401 3750 3547 3819 ἔχειν
3576 3752 3872 3821 ἀνθρώπου
3920 3756 4017 3807 καὶ

2443 3833 2621 3904 στόμα
2644 3833 2843 3887 λαλοῦν
2872 3836 3089 3907 μεγάλα
3130 3838 3224 3889 καὶ
3245 3836 3343 3906 τὴν
3367 3839 3567 3891 κακίαν
3598 3839 3818 3894 πάντων
3845 3844 4020 3915 dup-

2440 3923 2610 3980 οίσειν
2637 3926 2746 3979 τῶν
2768 3925 2863 3979 ἀπ’
2888 3926 3085 3991 αἰῶνος
3110 3926 3298 3981 κακῶν
3318 3927 3488 3999 ἐώρα,
3520 3930 3615 3983 τοῦ
3646 3930 4018 4004 Ἀντιχρίστου

2442 4018 2619 4073 ταῦτα
2649 4020 2932 4089 προδήλως
2964 4023 3298 4090 σημαντικά.

2515 4103 2619 4159 19'.
2650 4099 2777 4158 Ὧδε
2808 4109 3098 4176 τοιγαροῦν
3129 4110 3227 4179 τῆς
3256 4111 3712 4181 ὑπερφυεστάτης
3737 4116 3859 4178 ὅλος
3888 4116 4022 4187 δρά-

2449 4214 2587 4262 σεως
2646 4197 2888 4268 γεγονὼς
2944 4199 2972 4250 ὁ
3028 4201 3337 4269 προφήτης,
3374 4201 3599 4271 ιθιώριι
3647 4204 3740 4257 και
3791 4206 4021 4275 θρόνους

2446 4287 2670 4361 νοερούς
2698 4306 2850 4349 τινας
2890 4287 2985 4341 καὶ
3016 4290 3421 4361 ὑπερκοσμίους
3455 4294 3772 4365 τιθεμένους
3806 4300 3905 4351 καὶ
3933 4301 4023 4352 τὸν

2444 4381 2578 4435 Θεὸν
2609 4381 2708 4451 τῆς
2733 4380 2892 4451 δόξης
2928 4376 3016 4433 οἷα
3062 4382 3297 4436 Παλαιὸν
3330 4387 3551 4459 ἡμερῶν
3576 4388 4020 4460 προκαθήμενον,

763 4479 858 4547 qui
890 4491 977 4541 eo,
1012 4475 1156 4545 quod
1188 4477 1257 4531 sit
1307 4485 1434 4529 ante
1469 4476 1688 4542 saecula,
1723 4478 1803 4531 sic
1832 4477 2042 4531 videnti
2102 4478 2337 4533 voluerit
2372 4485 2388 4540 Ι

2442 4472 2519 4542 τῷ
2555 4472 2881 4541 προαιώνιον
2913 4474 3076 4527 αὐτὸν
3112 4472 3270 4538 εἶναι,
3302 4477 3474 4541 οὕτως
3516 4481 3748 4551 ὀφθῆναι
3777 4482 3859 4554 τῷ
3900 4484 4020 4555 βλέ-

764 4573 940 4626 videri
968 4589 982 4623 ;
1008 4574 1166 4641 cujus
1187 4570 1356 4624 etiam
1388 4570 1771 4625 indumentum
1804 4580 1924 4625 erat
1949 4572 2160 4636 album,
2195 4573 2343 4626 sicut

770 4669 862 4717 nix
910 4680 925 4717 ε
967 4672 1024 4717 et
1076 4662 1307 4730 capillus
1357 4663 1479 4729 ejus
1527 4664 1861 4720 cernebatur
1910 4674 2170 4735 tanquam
2221 4665 2344 4720 lana

776 4770 939 4825 pura.
976 4754 1121 4809 Nihil
1156 4754 1303 4808 enim
1333 4754 1651 4818 obscurum,
1680 4756 1817 4809 nihil
1852 4756 2027 4822 triste,
2061 4756 2200 4811 nihil
2226 4772 2345 4811 sor-

767 4850 958 4903 didum
1006 4848 1149 4917 apud
1180 4864 1366 4903 veram
1403 4856 1461 4903 et
1506 4865 1754 4920 magnam
1785 4860 1840 4904 et
1870 4850 2103 4920 primam
2136 4850 2340 4905 lucem.

769 4941 911 5007 Quin
946 4940 1110 4993 etiam
1137 4940 1395 4993 thronum
1431 4957 1653 5011 quoque
1680 4942 1802 5011 ejus
1832 4941 1969 4995 dicit
1998 4942 2347 5011 apparuisse,

773 5040 1032 5100 tanquam
1057 5032 1330 5083 ﬂammam
1373 5033 1533 5101 ignis,
1564 5044 1616 5086 et
1668 5046 1816 5089 rotas
1858 5035 2039 5105 ignem
2079 5035 2341 5089 emitten-

771 5136 876 5189 tes,
921 5134 977 5178 et
1011 5123 1235 5177 ﬂuvium
1289 5124 1430 5195 ignis
1474 5135 1599 5178 ante
1644 5141 1769 5181 eum
1821 5127 2183 5193 ﬁuentem,et
2217 5128 2348 5181 hor-

772 5215 947 5270 renda
993 5216 1176 5269 omnia
1211 5226 1265 5270 et
1310 5199 1599 5279 terribilia,
1647 5226 1702 5270 et
1746 5217 2095 5272 admirabilia
2137 5219 2344 5281 omnia,

770 5316 826 5360 et
862 5322 982 5375 qua
1014 5307 1184 5360 Deum
1232 5308 1518 5363 decebant.
1562 5308 1702 5362 Mille
1736 5310 1881 5362 enim
1917 5308 2106 5373 millia,
2142 5310 2346 5378 inquit,

774 5408 833 5452 et
863 5396 1048 5451 decies
1075 5398 1223 5451 mille
1258 5398 1431 5452 millia
1464 5400 1515 5452 “ei
1552 5401 1894 5464 assistentes,
1931 5401 2017 5470 pie
2047 5400 2346 5454 admodum

780 5486 1185 5541 ministrabant.
1216 5488 1419 5542 Deinde
1442 5505 1565 5543 cum
1589 5490 1830 5544 nubibus
1874 5500 2129 5559 tanquam
2151 5490 2351 5544 Filium

778 5578 1035 5642 hominis,
1076 5579 1271 5633 Filium
1304 5580 1395 5633 Dei
1425 5582 1562 5635 dixit
1595 5597 1652 5636 se
1688 5582 1892 5636 vidisse
1925 5584 2259 5647 venientem,
2297 5592 2356 5638 et

778 5686 906 5724 eum
940 5673 1003 5725 ad
1054 5672 1270 5729 Patrem
1318 5689 1491 5743 usque
1521 5684 1769 5739 euntem,
1804 5683 1859 5729 et
1896 5684 2153 5745 tanquam
2187 5676 2255 5730 ab
2288 5690 2355 5729 eo

782 5764 1071 5831 dilectum,
1116 5781 1241 5820 cum
1277 5782 1342 5823 eo
1379 5766 1679 5822 honoriﬁce
1723 5766 2027 5833 sedentem,
2059 5778 2114 5823 et
2145 5768 2194 5823 el
2231 5768 2346 5823 uni-

2448 4583 2605 4618 ποντι
2639 4563 2990 4635 βουληθέντα,
3045 4562 3105 4621 οὗ
3156 4570 3249 4621 καὶ
3300 4569 3361 4622 τὸ
3391 4569 3597 4642 ἔνδυμα
3634 4573 3851 4641 λευκὸν,
3890 4576 4020 4631 ὡσεὶ

2448 4657 2582 4729 χιὼν
2612 4659 2705 4712 καὶ
2730 4661 2827 4730 τὴν
2853 4661 3017 4729 τρίχα
3043 4660 3142 4727 τῆς
3174 4663 3416 4733 κεφαλῆς
3438 4666 3572 4717 ὡσεὶ
3602 4668 3747 4737 ἔριον
3777 4670 4019 4740 καθαρὸν

2447 4750 2714 4820 ὁρᾶσθαι·
2756 4751 2909 4803 οὐδὲν
2935 4753 3043 4822 γὰρ
3070 4751 3342 4823 ἀλαμπὲς,
3402 4755 3559 4810 οὐδὲν
3607 4758 3854 4829 κατηφὲς
3902 4761 4018 4815 οὐδὲ

2451 4842 2641 4914 ῥυπῶν
2679 4843 2833 4912 παρά
2865 4843 2942 4914 τῷ
2985 4847 3206 4917 μεγάλῳ
3254 4848 3349 4899 καὶ
3393 4847 3635 4921 ἀληθινῷ
3680 4854 3772 4906 καὶ
3823 4856 4021 4925 πρώτῳ

2451 4935 2590 5005 φωτί
2612 4952 2625 4967 ·
2660 4935 2795 4989 ἀλλά
2822 4935 2913 4988 καὶ
2940 4937 3031 4989 τὸν
3060 4937 3248 5007 θρόνον
3270 4937 3435 4991 αὑτοῦ
3461 4940 3534 5003 ὡς
3565 4944 3736 5013 πυρὸς
3756 4939 3878 4997 εἶπε
3904 4945 4024 5014 φαί-

2452 5029 2639 5082 νεσθαι
2676 5026 2849 5094 φλόγα
2884 5029 2978 5081 καὶ
3012 5030 3242 5099 τροχοὺς
3272 5029 3383 5102 πῦρ
3414 5032 3677 5102 ἀφιέντας
3717 5039 3812 5087 καὶ
3861 5053 4023 5091 ποτα-

2455 5119 2555 5188 μὸν
2586 5117 2755 5187 πυρὸς
2785 5117 3098 5188 ἔμπροσθεν
3128 5121 3323 5190 ῥέοντα
3353 5123 3450 5175 καὶ
3475 5124 3651 5176 πάντα
3690 5125 3902 5195 φοϐερά
3931 5130 4019 5181 καὶ

2455 5210 2657 5280 φρικτὰ
2704 5210 2796 5263 καὶ
2828 5211 3005 5263 πάντα
3045 5210 3335 5279 θαυμαστά
3380 5214 3474 5266 καὶ
3501 5214 3815 5284 θεοπρεπῆ·
3857 5218 4019 5287 χίλιαι

2454 5306 2560 5376 γὰρ
2586 5303 2849 5374 χιλιάδες,
2878 5304 3031 5372 φησὶ,
3065 5305 3157 5358 καὶ
3191 5307 3381 5375 μυρίαι
3407 5308 3671 5378 μυριάδες
3701 5310 3854 5379 αὐτῷ
3884 5327 4017 5379 παρ-

2456 5397 2692 5449 εστῶσαι
2745 5395 3099 5460 πανευλαϐὠς
3133 5397 3530 5467 ἐλειτούργουν.
3569 5395 3703 5452 Εἶτα
3736 5403 3878 5471 μετά
3918 5403 4019 5455 τῶν

2457 5490 2694 5556 νεφελῶν
2738 5492 2812 5553 ὡς
2842 5491 2969 5542 Υἱὸν
3003 5491 3293 5561 ἀνθρώπου
3324 5489 3415 5544 τὸν
3446 5491 3574 5544 Υίὸν
3599 5491 3900 5562 ἐρχόμενον
3932 5489 4017 5545 τοῦ

2455 5581 2592 5635 Θεοῦ
2633 5580 2786 5636 εἶπεν
2815 5584 2948 5653 όρᾷν
2994 5584 3089 5636 καὶ
3120 5580 3307 5635 τοῦτον
3334 5582 3460 5655 ἄχρι
3502 5581 3593 5635 τοῦ
3636 5582 3851 5649 [ἰατρὸς
3886 5583 4019 5636 ἰόντα

2459 5678 2553 5729 καὶ
2604 5674 2679 5739 ὡς
2723 5676 3007 5745 ἀγαπητὸν
3038 5675 3186 5745 αὐτῷ
3217 5676 3450 5746 ἐντίμως
3489 5675 3911 5746 συνεδριάζοντα
3936 5678 4018 5728 καὶ

2460 5769 2629 5840 τούτῳ
2657 5772 2756 5839 τὴν
2780 5770 2907 5838 ὅλην
2931 5764 3176 5835 ἐξουσίαν
3208 5769 3302 5824 καὶ
3322 5771 3420 5839 τὴν
3447 5771 3729 5837 βασιλείαν
3756 5770 3868 5827 τῶν
3895 5771 4019 5823 πάν·
