4226 6436
216 419 326 486 393

1275 426 1448 487 VITA
1490 413 1995 485 S.PROPHET,E
2036 412 2418 474 DANIELIS.

3371 409 3476 474 394.
3553 419 3558 424 '

221 557 334 592 των
372 539 656 609 διδομένην
695 537 787 592 καὶ
819 538 918 610 τὴν
945 539 1114 609 τιμήν
1139 551 1151 569 ⁶
1190 540 1249 592 οὖ
1290 539 1399 607 μὴν
1430 536 1564 589 ἀλλὰ
1593 534 1686 587 καὶ
1724 532 1801 603 βία
1829 599 1838 614 ⁴

1931 525 2120 580 ιρι-ειιιη
2179 531 2506 594 potestatem
2561 532 2613 577 et
2667 538 2894 594 regnum
2951 523 3196 577 omnium
3253 522 3368 577 dari
3420 532 3479 578 et

220 630 386 692 ἥλους
427 631 790 700 ἀνοιγομένας
844 634 935 684 καὶ
997 631 1202 702 κ-ρύςρια
1267 627 1646 698 φανερούμενα
1709 625 1801 678 καὶ

224 726 405 776 πάντα
440 723 625 792 γυμνά
686 722 763 793 τῷ
819 726 980 794 κριτῇ
1038 722 1131 776 καὶ
1162 719 1633 791 τετραχηλισμένα
1665 735 1804 787 παρ-

227 814 440 868 εστῶτα
483 815 710 869 καὶτῶν
741 816 841 883 μὲν
871 815 1046 869 ἄλλων
1084 815 1181 884 τὴν
1215 813 1463 878 ἐξουσίαν
1493 827 1803 880 καταργου-

232 907 404 974 μένην
451 908 546 960 καὶ
603 908 703 976 τὴν
739 890 935 976 ἀρχήν’
987 909 1162 960 ἐκεῖνο
1220 906 1276 958 δέ
1326 906 1386 957 τὸ
1434 904 1804 973 πονηρότατον

226 998 419 1067 θηρίον
465 1000 555 1053 καὶ
594 999 690 1070 τὴν
719 1000 915 1052 κακίαν
954 999 1316 1066 ἀσύγκριτον,
1345 997 1374 1050 δ
1409 998 1502 1050 καὶ
1539 997 1627 1048 τὸν
1667 993 1805 1064 μετὰ

225 1090 340 1143 τῶν
371 1091 541 1158 ἀγίων
574 1093 843 1160 ἐτόλμησε
877 1091 1121 1160 πόλεμον.
1143 1092 1235 1143 καὶ
1261 1090 1435 1158 στόμα
1463 1089 1657 1142 λαλοῦν
1689 1083 1803 1156 εἶχε

224 1182 447 1249 μεγάλα
478 1181 930 1255 ἐξαναιρούμενον
962 1182 1058 1236 καὶ
1091 1184 1170 1244 είς
1209 1181 1400 1235 καῦσιν
1434 1183 1604 1250 πυρὸς
1641 1180 1807 1234 ἄσϐε-

229 1291 360 1326 στον
418 1275 933 1345 παραπεμπόμενον
957 1291 972 1306 ο
1005 1274 1253 1327 ἐντεῦθεν
1277 1274 1332 1326 δὲ
1361 1274 1458 1344 τὴν
1497 1272 1804 1341 μεγαλοσύ-

223 1383 330 1433 νην
383 1367 476 1418 καὶ
530 1366 630 1436 τὴν
689 1367 798 1419 τῶν
849 1367 984 1420 ὅλων
1036 1365 1314 1436 βασιλείαν
1348 1367 1426 1428 είς
1462 1365 1664 1426 αἰῶνας
1693 1365 1806 1426 τοῖς

224 1457 406 1524 ἁγίοις
437 1459 844 1530 δεδωρημένην.

306 1547 392 1604 ις’.
422 1551 531 1604 Καὶ
572 1553 632 1604 οὗ
675 1551 849 1608 ταῦτα
886 1552 1048 1621 μόνον
1077 1550 1143 1620 (ὣ
1185 1549 1460 1621 μακαρίας
1495 1549 1692 1617 ὅψεως)
1724 1564 1810 1601 τε-

232 1641 425 1696 θέαται
451 1645 666 1714 Δανήλ,
692 1645 829 1699 ἀλλά
857 1646 950 1699 καὶ
983 1645 1426 1716 προσευχόμενος
1462 1643 1597 1713 μετά
1635 1643 1808 1696 ταῦτα

230 1737 328 1787 καὶ
356 1736 594 1806 ῥήμασιν
625 1739 1064 1809 ἑξομολογήσιως
1091 1739 1179 1791 τὸν
1210 1738 1559 1807 ὑπεράγαοον
1587 1737 1811 1803 ἐξευμε-

232 1827 512 1896 νιζόμενος
544 1847 557 1861 ·
595 1829 801 1898 Ἴίμην,
860 1831 1014 1898 φησὶ,
1073 1832 1134 1882 τδ
1177 1829 1302 1897 ἑξῆς
1361 1830 1419 1880 ἐν
1473 1827 1692 1890 Σούτοις
1741 1828 1804 1895 τῇ

1905 620 2193 674 honorem.
2215 619 2358 687 Quin
2393 620 2556 674 etiam
2594 617 2767 673 libros
2795 618 2842 672 ei
2874 634 2992 673 esse
3029 629 3268 688 apertos,
3304 630 3358 673 ct
3386 636 3478 678 oc-

1907 715 2052 768 culta
2092 714 2140 768 ei
2174 729 2293 768 esse
2340 712 2651 774 manifesta,
2687 721 2742 766 et
2773 713 2960 767 omnia
2993 715 3207 768 adstare
3241 714 3386 768 nuda
3423 723 3478 767 et

1908 804 2122 861 detecta
2150 823 2164 858 :
2192 815 2248 859 et
2285 805 2518 860 aliorum
2559 805 2780 875 quidem
2832 805 3038 859 aboleri
3071 813 3394 872 potestatem
3422 817 3479 860 et

1908 894 2201 963 imperium
2245 911 2255 946 :
2300 895 2445 947 illam
2493 903 2675 950 autem
2707 896 2998 965 pessimam
3034 895 3262 949 bestiam
3292 906 3346 950 et
3375 897 3477 950 im-

1909 987 2184 1056 probitate
2232 987 2744 1056 incomparabilem,
2779 1003 2899 1057 qua:
2944 988 3111 1041 movit
3147 988 3349 1042 bellum
3382 989 3480 1042 ad-

1910 1094 2103 1134 versus
2167 1089 2409 1140 sanctos.
2471 1088 2525 1133 et
2582 1094 2643 1133 os
2696 1080 2911 1144 habuit,
2971 1080 3118 1149 quod
3177 1096 3369 1148 magna
3426 1091 3483 1134 et

1910 1171 2150 1240 superba
2200 1172 2552 1241 loquebatur,
2604 1173 2842 1227 deletam
2881 1183 2935 1226 et
3000 1173 3376 1227 transmissam
3412 1173 3478 1226 ad

1912 1264 2054 1334 ignis
2097 1263 2610 1335 conflagrationem,
2646 1267 2738 1336 qui
2773 1281 3055 1336 nunquam
3088 1267 3480 1336 exstinguitur.

1908 1355 2118 1412 Deinde
2174 1373 2304 1411 vero
2356 1359 2698 1428 maiestatem
2729 1369 2785 1414 et
2831 1359 3215 1414 universorum
3253 1376 3484 1429 regnum

1910 1447 2101 1501 datum
2145 1450 2350 1505 sanctis
2391 1451 2444 1503 in
2481 1460 2770 1505 aeternum.

1984 1541 2101 1595 XX.
2141 1542 2328 1612 Neque
2355 1559 2487 1598 vero
2513 1544 2626 1599 haec
2651 1545 2826 1599 solum
2853 1543 2906 1616 (ο
2946 1547 3160 1601 beatam
3191 1547 3489 1609 visionem)

1912 1633 2048 1689 vidit
2080 1634 2267 1688 Daniel
2301 1651 2314 1686 :
2354 1635 2448 1690 sed
2503 1651 2667 1690 orans
2701 1653 2920 1707 quoque
2966 1649 3175 1707 postea,
3213 1649 3268 1694 et
3300 1641 3488 1694 verbis

1913 1723 2278 1779 confessionis
2306 1726 2527 1794 placans
2575 1743 2700 1782 eum
2749 1728 2844 1798 qui
2892 1738 2975 1782 est
3011 1745 3223 1784 summe
3260 1731 3439 1785 bonus
3470 1750 3482 1784 :

1916 1816 2096 1878 Eram,
2136 1816 2334 1885 inquit,
2373 1819 2656 1888 deinceps,
2692 1820 2868 1883 Susis.
2913 1838 3034 1892 quae
3055 1832 3139 1879 est
3170 1825 3490 1894 metrOpolis

235 1919 575 1986 μητροπόλει
611 1919 894 1990 Περσίδος,
931 1919 1027 1971 καὶ
1055 1919 1128 1982 ὡς
1162 1917 1387 1985 ἐξῆλθον
1415 1918 1494 1980 είς
1528 1917 1589 1969 τὸ
1623 1916 1805 1969 πεδίον

1931 1905 2172 1972 >οτείόίε,
2224 1917 2280 1961 et
2332 1917 2619 1979 postquam
2673 1925 2930 1980 egressus
2977 1929 3096 1967 sum
3145 1915 3198 1969 in
3235 1930 3486 1983 campum

235 2009 378 2077 μετὰ
408 2011 500 2062 καὶ
534 2009 641 2065 τῶν
675 2011 928 2082 ἑταίρων,
962 2011 1070 2064 ἰδοὺ
1103 2011 1327 2079 σεισμὸς
1357 2010 1528 2080 μέγας
1555 2009 1770 2078 ἐγένετο
1791 2027 1804 2039 ο

233 2109 331 2157 καί
378 2107 660 2175 φυγόντων
710 2107 819 2160 τῶν
869 2109 965 2160 συν
1010 2109 1156 2177 ἐμοὶ,
1211 2107 1372 2176 μόνος
1413 2106 1808 2175 ἁπολέλειμμαι

233 2195 384 2247 κατά
432 2197 606 2267 στόμα
669 2198 874 2259 πεσών.
910 2199 1019 2252 Καὶ
1065 2198 1173 2251 ἰδού
1214 2215 1297 2260 τις
1350 2197 1597 2266 ἑστηκὼς
1636 2198 1811 2267 ἣψατό

239 2304 344 2356 μου
378 2288 471 2342 καὶ
501 2290 766 2360 ἀνέστησε
796 2292 891 2343 καὶ
919 2293 986 2344 τὰ
1016 2290 1278 2359 μέλλοντα
1305 2288 1679 2359 συμϐήσεσθαι
1701 2293 1812 2352 τοῖς

236 2381 486 2444 πολίταις
521 2384 661 2451 μετὰ
694 2384 895 2447 πολλὰς
945 2385 1077 2448 ὅσας
1113 2381 1548 2454 ἐμυσταγὼγησε
1597 2384 1811 2452 γενεάς.

239 2472 370 2525 ’ὒδε
404 2474 512 2543 ἄρα
542 2469 695 2539 οὗτος
742 2471 809 2546 ἦν
854 2479 881 2530 δ
917 2479 1092 2548 μέγας
1123 2480 1218 2532 καὶ
1247 2477 1553 2548 πρώτιστος
1586 2476 1694 2532 τῶν
1725 2477 1814 2530 ob.

239 2569 445 2638 ρανίων
477 2569 764 2640 δυνάμεων
789 2571 1056 2642 Γαϐριὴλ,
1090 2573 1148 2634 ὃς
1197 2572 1291 2623 καὶ
1337 2571 1634 2624 ἀναστάντι
1667 2569 1817 2640 αὐτῷ

235 2662 520 2732 δειχθῆναι
569 2668 724 2731 κριὸν
762 2664 1026 2731 ἐσήμαινε
1067 2663 1266 2732 μέγανζ
1301 2661 1474 2714 πολλά
1507 2662 1606 2732 μὲν
1651 2664 1818 2714 ἐκπε-

239 2755 456 2822 φυκότα
487 2753 716 2822 κέρατα,
745 2754 1056 2808 τελευταῖον
1098 2755 1154 2808 δέ
1189 2754 1354 2809 αὑτὸν
1391 2755 1449 2809 ἓν
1485 2755 1817 2826 ὑψηλότερον

238 2845 434 2916 ἔχοντα
463 2861 479 2876 ο
525 2845 718 2898 ἔπειτα
749 2846 1059 2916 ἀναϐλέψας
1095 2848 1194 2917 μέν
1235 2850 1314 2911 εἰς
1343 2847 1444 2918 τὴν
1474 2849 1659 2913 Δύσιν,
1694 2847 1820 2900 θεά-

239 2938 444 2991 σασθαι
491 2937 692 3007 τράγον
731 2939 834 3010 ἔφη
873 2939 966 2992 ἀπ’
996 2941 1166 3009 αὐτῆς
1193 2940 1260 2992 δι’
1297 2939 1458 3009 ἀέρος
1494 2940 1814 3010 φερόμενον·

242 3031 587 3102 συρράξαντα
619 3032 676 3085 δέ
716 3031 797 3101 τῷ
827 3033 968 3102 κριῷ
1000 3035 1093 3086 καὶ
1120 3034 1231 3095 τοῖς
1266 3033 1462 3103 κέρασι
1497 3032 1818 3103 κυρίξαντα,

238 3123 323 3185 δὶς
347 3124 674 3178 καταϐαλεῖν
696 3126 858 3177 αὐτὸν
884 3127 976 3177 ἐπὶ
1011 3128 1115 3196 γῆν
1147 3128 1237 3196 καὶ
1270 3127 1511 3195 πατῆσαι
1537 3142 1551 3160 ⁸
1581 3121 1700 3177 εἶτα
1729 3124 1820 3177 τὸν

240 3214 447 3282 τράγον
489 3214 616 3266 ἰδεῖν
673 3215 736 3266 ἐκ
775 3214 867 3267 τοῦ
905 3213 1159 3285 μετώπου
1215 3216 1480 3285 μέγιστον
1535 3215 1820 3283 ἀναφύντα

1913 2013 2038 2051 cum
2091 1997 2477 2059 familiaribus.
2526 2017 2655 2056 ecce
2687 2003 2862 2058 factus
2915 2013 2997 2058 est
3046 2021 3276 2075 magnus
3332 2019 3491 2063 terra:

1914 2099 2117 2155 motus,
2155 2101 2210 2146 et
2245 2093 2584 2164 fugientibus
2621 2095 2689 2150 iis
2738 2098 2833 2166 qui
2884 2113 3098 2153 mecum
3137 2111 3317 2165 erant,
3361 2103 3489 2156 reli-

1914 2194 2036 2236 ctus
2060 2199 2179 2238 sum
2221 2187 2389 2241 solus.
2419 2188 2630 2243 Etecce
2663 2189 2886 2258 quidam
2920 2201 3072 2246 stans
3103 2208 3189 2247 me
3224 2183 3418 2264 tetigit,
3436 2204 3492 2249 et

1913 2271 2044 2327 fecit
2076 2291 2302 2345 surgere
2335 2296 2348 2331 :
2377 2287 2589 2348 etquae
2618 2282 2834 2336 civibus
2865 2293 3021 2336 erant
3056 2294 3322 2339 eventura
3365 2296 3493 2355 post

1915 2366 2115 2421 multas
2170 2371 2554 2438 generationes
2598 2374 2827 2445 mystice
2869 2377 3168 2431 enarravit.
3215 2377 3265 2432 Is
3306 2387 3493 2434 autem

1917 2467 2036 2512 erat
2072 2473 2300 2530 magnus
2341 2461 2430 2517 ille
2463 2473 2518 2517 et
2563 2467 2776 2533 primus
2812 2469 3120 2523 caelestium
3159 2475 3494 2540 potestatum

1920 2550 2164 2607 Gabriel.
2201 2553 2306 2620 Qui
2353 2558 2522 2612 etiam
2555 2559 2854 2623 sibi,,cum
2891 2563 3249 2634 surrexisset,
3287 2565 3499 2636 signifi-

1920 2642 2064 2694 cavit
2091 2641 2262 2698 fuisse
2305 2661 2561 2715 magnum
2595 2657 2878 2702 ostensum
2911 2650 3164 2715 arietem,
3199 2652 3287 2706 cui
3327 2653 3498 2707 multa

1918 2732 2142 2800 quidem
2174 2747 2331 2790 enata
2362 2748 2520 2794 erant
2553 2755 2796 2809 cornua;
2831 2741 3072 2799 habebat
3108 2757 3291 2800 autem
3326 2763 3496 2801 unum

1921 2819 2103 2875 altius.
2156 2823 2222 2877 Et
2270 2825 2385 2880 haac
2453 2829 2674 2897 quidem
2723 2846 2848 2885 cum
2911 2836 3240 2903 aspexisset,
3305 2838 3384 2891 ait
3438 2853 3497 2892 se

1922 2913 2128 2970 vidisse
2181 2917 2236 2972 in
2306 2919 2607 2976 Occidente
2640 2923 2878 2989 hircum,
2913 2927 3005 2996 qui
3041 2927 3166 2983 inde
3214 2927 3501 2984 ferebatur

1922 3019 2023 3073 per
2062 3021 2246 3062 aerem
2291 3028 2304 3063 :
2359 3012 2742 3084 conﬂigentem
2780 3033 2912 3072 vero
2942 3036 3065 3075 cum
3098 3022 3298 3088 ariete,
3329 3031 3384 3078 et
3421 3024 3505 3080 bis

1925 3109 2098 3152 cornu
2135 3111 2438 3170 petentem,
2466 3104 2643 3182 ipsum
2683 3108 2836 3164 humi
2871 3114 3235 3179 prostravisse
3271 3123 3327 3167 et
3370 3131 3505 3169 con-

1926 3186 2195 3245 culcasse.
2260 3193 2465 3251 Deinde
2524 3199 2728 3253 vidisse
2790 3201 3029 3268 hircum,
3091 3205 3181 3258 cui
3241 3221 3503 3276 magnum

243 3275 438 3377 κ’ἑρας,
469 3301 529 3361 οὗ
564 3275 918 3374 κλασθέντος,
948 3275 1356 3380 ἀναϐλαστῆσαι
1391 3275 1665 3379 τέσσαρα,
1695 3307 1820 3361 καθ’

1931 3293 2100 3335 cornu
2136 3288 2469 3343 nascebatur
2520 3291 2576 3345 in
2631 3292 2811 3348 fronte
2844 3310 2856 3346 :
2885 3309 2996 3364 quo
3045 3296 3242 3360 fracto,
3298 3301 3504 3371 germi-

242 3400 476 3453 ῑκαστον
526 3400 637 3453 τῶν
680 3402 899 3472 ἀνέμων
933 3400 1357 3470 ἐκτετραμμένα
1384 3418 1396 3430 ·
1455 3399 1513 3465 ἐξ
1547 3397 1730 3453 αὐτῶν
1763 3396 1820 3449 δὲ

241 3495 502 3562 ἀνασχεῖν
532 3494 626 3547 καὶ
652 3495 781 3548 ἄλλο
813 3493 1172 3564 βραχύτερον,
1200 3493 1229 3546 δ
1258 3495 1348 3546 καὶ
1371 3493 1603 3562 αὐξῆσαι
1635 3493 1822 3561 ἔλεγεν

244 3589 277 3639 δ
310 3585 483 3638 ταῦτα
512 3585 727 3648 δεικνὺς
755 3587 848 3638 καὶ
879 3587 1217 3657 πολεμήσειν
1249 3585 1415 3640 αὑτοῦ
1455 3586 1517 3638 τὸ
1547 3585 1698 3648 ἔθνος
1731 3586 1825 3637 καὶ

244 3682 348 3751 τὴν
378 3680 533 3734 πόλιν
558 3680 786 3750 αίρῆσαι
809 3679 914 3734 ἀνὰ
942 3682 1142 3750 κράτος
1179 3683 1273 3735 καὶ
1302 3685 1482 3736 πάντα
1513 3680 1582 3735 τὰ
1610 3681 1701 3735 τοῦ
1733 3682 1823 3735 νό-

248 3791 356 3846 μου
391 3774 664 3842 περιελεῖν
690 3790 704 3804 ο
760 3773 855 3827 καὶ
908 3772 1082 3826 ταῦτα
1131 3773 1222 3825 ἐπὶ
1253 3774 1469 3844 ἡμέρας
1511 3774 1692 3842 χιλίας
1732 3774 1826 3828 καὶ

242 3869 528 3932 διακοσίας
581 3868 904 3938 ἐνενήκοντα
947 3866 1033 3932 ἐξ.
1087 3866 1274 3920 Ταῦτα
1330 3867 1428 3936 μὲν
1483 3865 1611 3919 ἰδεῖν
1656 3869 1713 3920 ἐν
1747 3868 1822 3936 τῷ

245 3961 420 4029 πεδίῳ
466 3960 544 4028 τῷ
591 3963 648 4012 ἐν
705 3961 924 4023 Σούτοις
966 3961 994 4012 δ
1021 3960 1238 4031 ,Δανιὴλ
1276 3959 1482 4032 ἔγραψε
1507 3975 1522 3992 ’
1559 3963 1742 4034 κρῖναι
1767 3960 1826 4013 δέ

246 4051 401 4120 αὑτῷ
454 4050 555 4120 τὴν
604 4049 726 4118 δψιν
764 4050 872 4102 τῶν
905 4052 1252 4120 όρασθέντων
1298 4053 1486 4121 ἐδήλου
1548 4053 1642 4105 τὸν
1695 4054 1827 4106 Θεὸν

243 4144 422 4207 οὕτως
449 4161 463 4176 ο
492 4145 585 4196 τὸν
622 4141 722 4213 μὲν
750 4144 859 4212 γὰρ
891 4145 1042 4212 κριὸν
1072 4143 1349 4212 βασιλείας
1379 4144 1476 4204 τὰς
1504 4145 1703 4210 Μήδων
1736 4148 1830 4198 καὶ

248 4239 479 4309 Περσῶν
513 4239 801 4310 σημαίνειν
835 4236 986 4305 αὑτῷ
1013 4237 1242 4303 ἔφασκε,
1265 4238 1333 4288 τὰ
1370 4236 1426 4296 δέ
1462 4236 1669 4306 κέρατα
1703 4239 1828 4300 τους

249 4334 552 4404 μέλλοντας
589 4332 918 4402 βασιλεύειν.
955 4330 1098 4384 Αὐτὸ
1126 4329 1183 4382 δὲ
1216 4329 1276 4382 τὸ
1305 4331 1475 4398 κέρας
1510 4329 1572 4382 τὸ
1600 4329 1827 4399 ἔσχατον

246 4424 416 4478 αὑτὸν
467 4423 757 4491 σημαίνειν
804 4423 896 4476 τὸν
931 4423 1155 4492 ἔσχατον
1187 4421 1410 4492 βασιλέα
1439 4437 1452 4450 ⁶
1499 4420 1686 4473 τοῦτον
1720 4420 1827 4491 γὰρ

247 4517 347 4569 καὶ
380 4513 604 4566 διοίσειν
640 4512 794 4579 ἔλεγε
845 4513 954 4564 τῶν
988 4512 1211 4576 λοιπῶν,
1248 4510 1462 4579 πλούτῳ
1489 4528 1547 4563 τε
1580 4512 1673 4564 καὶ
1705 4511 1828 4582 δόξῃ

246 4607 347 4660 καὶ
388 4607 452 4673 τῇ
485 4604 618 4675 ἄλλῃ
653 4602 1018 4673 περιφανείᾳ·
1074 4604 1163 4654 τὸν
1189 4603 1244 4654 δὲ
1271 4603 1469 4670 τράγον
1504 4601 1718 4670 δηλοῦν,
1754 4604 1824 4664 ὡς

246 4698 362 4750 τῶν
408 4697 676 4768 Ἑλλήνων
735 4715 819 4760 τις
873 4692 1172 4766 βασιλεύων
1225 4693 1400 4756 ἐσται,
1431 4691 1489 4753 ὃς
1531 4693 1608 4760 τῷ
1646 4693 1828 4762 Πέρσῃ

251 4791 552 4861 συμσαλὼν
595 4789 678 4853 δὶς
725 4793 991 4858 κρατήσει
1027 4789 1093 4856 τῇ
1129 4787 1275 4858 μάχῃ
1317 4786 1412 4838 καὶ
1445 4785 1832 4854 παραλήψεται

246 4885 349 4954 τὴν
380 4885 675 4951 ἡγεμονίαν
708 4881 947 4932 ἃπασαν.
986 4878 1289 4947 Δηλοῦσοαι
1345 4879 1401 4931 δέ
1454 4879 1558 4930 ὑπὸ
1610 4878 1704 4930 τοῦ
1740 4896 1833 4948 με·

250 4975 424 5042 γάλου
457 4973 687 5041 κέρατος
747 4970 839 5024 τοῦ
879 4972 934 5022 ἐν
961 4969 1037 5036 τῷ
1073 4971 1309 5038 μετώπῳ
1357 4968 1451 5019 τοῦ
1484 4969 1691 5037 τράγου
1743 4969 1831 5022 τὸν

251 5065 474 5136 πρῶτον
504 5063 748 5132 βασιλέα.
782 5060 915 5116 Εἶτα
969 5063 1059 5114 καὶ
1115 5061 1210 5136 τῂν
1245 5061 1353 5113 τῶν
1383 5063 1662 5129 τεσσάρων
1704 5064 1834 5114 ἀνα-

252 5133 555 5227 ϐλάστησιν
579 5154 844 5223 βασιλέων
877 5133 1204 5215 ἐκπεσόντος
1229 5153 1436 5204 ἐκείνου
1469 5168 1486 5186 ο
1520 5155 1585 5223 τῇ
1614 5151 1667 5204 δέ
1699 5153 1834 5222 πρὸς

251 5250 348 5300 τά
381 5249 624 5316 τέσσαρα
674 5245 916 5312 κλίματα
968 5244 1065 5311 τῆς
1122 5244 1225 5311 γῆς
1281 5243 1460 5295 αὐτῶν
1514 5244 1834 5313 ἀποστροφῇ

251 5335 490 5390 ἑκάστου
513 5335 637 5395 τοὺς
657 5333 930 5400 διαδόχους
963 5333 1102 5400 μετᾶ
1124 5333 1213 5385 τὸν
1239 5334 1469 5384 θάνατον
1493 5333 1582 5385 τοῦ
1615 5332 1833 5403 πρώτου

253 5428 524 5498 βασιλέως
550 5425 994 5490 ὲξεικονίζεσϐαι,
1024 5425 1115 5477 καὶ
1147 5426 1234 5477 τξν
1263 5427 1342 5487 είς
1367 5424 1562 5486 αὐτοὺς
1591 5425 1746 5494 Butae
1760 5444 1846 5497 pt-

255 5522 399 5590 σμδν
426 5517 757 5590 δηλοῦσθαι·
814 5518 1068 5588 γενέσῡαι
1122 5521 1176 5572 δὲ
1225 5520 1317 5572 καί
1374 5537 1495 5572 τινα
1529 5521 1717 5591 ἕτερον
1774 5523 1838 5572 ἐκ

252 5614 467 5665 τούτων
516 5610 758 5682 βασιλέα,
811 5612 999 5679 ἀναιδῆ
1043 5611 1143 5680 μὲν
1185 5613 1259 5681 τῷ
1298 5612 1595 5682 προσώπῳ,
1658 5613 1838 5664 ἱκανὸν

255 5704 316 5759 δὲ
375 5704 618 5755 συνιέναι
682 5700 1068 5772 προϐλήματα,
1108 5702 1166 5762 ὃς
1227 5705 1321 5753 καὶ
1368 5703 1502 5771 δόλῳ
1558 5702 1841 5772 διαφθερεί

259 5795 493 5858 πολλοὺς
547 5797 639 5847 καὶ
696 5797 789 5848 ἐπὶ
838 5796 1083 5867 ἀπωλείᾳ
1109 5795 1317 5850 πολλῶν
1354 5799 1612 5866 στήσεται
1639 5812 1651 5824 ’
1687 5797 1843 5848 πολε-

259 5890 429 5961 μήσει
458 5905 517 5942 τε
554 5890 613 5941 τὸ
646 5889 796 5952 ἔθνος
846 5891 938 5943 καὶ
974 5897 1098 5950 τοὺς
1131 5891 1328 5957 νόμους
1368 5889 1549 5946 αὑιῶν
1603 5889 1844 5963 ἰσχυρῶς

579 5987 846 6049 ΡΑτιιοι..
900 5986 1012 6044 (in.
1065 5983 1207 6043 CXV

1928 3387 2091 3429 nasse
2121 3388 2384 3445 quatuor,
2421 3397 2579 3437 versa
2623 3385 2688 3438 ad
2719 3386 2966 3456 singulos
3002 3398 3217 3443 ventos.
3253 3390 3331 3444 Ex
3366 3392 3504 3461 ipsis

1929 3475 2114 3522 autem
2158 3482 2410 3526 exortum
2443 3489 2565 3529 esse
2596 3476 2742 3530 aliud
2779 3494 3000 3548 quoque
3035 3480 3303 3537 brevius:
3355 3485 3504 3553 quod

1929 3560 1976 3614 is
1999 3563 2091 3630 qui
2119 3563 2466 3632 ostendebat,
2503 3565 2721 3622 dicebat
2748 3568 2864 3624 fore
2890 3579 2946 3623 ut
2975 3581 3270 3636 cresceret,
3298 3583 3352 3628 et
3385 3576 3508 3646 ejus

1927 3657 2146 3719 gentem
2179 3655 2322 3708 bello
2349 3656 2654 3721 invaderet,
2688 3670 2742 3712 et
2770 3660 3051 3716 civitatem
3081 3664 3133 3717 vi
3165 3677 3408 3734 caperet,
3452 3677 3510 3725 et

1929 3759 2276 3816 quaecunque
2344 3757 2472 3802 sunt
2530 3749 2685 3821 legis,
2746 3753 2966 3807 tolleret
3019 3771 3030 3806 :
3087 3755 3254 3824 idque
3310 3757 3511 3814 diebus

1930 3839 2080 3892 mille
2119 3839 2371 3898 ducentis
2419 3852 2475 3898 et
2521 3846 2818 3914 nonaginta
2854 3863 2970 3902 sex.
3004 3847 3130 3902 Haec
3179 3850 3401 3919 quidem
3451 3869 3511 3910 se

1932 3928 2139 3982 vidisse
2166 3930 2223 3983 in
2260 3947 2474 4002 campo,
2516 3936 2611 4002 qui
2662 3943 2746 3988 cst
2800 3936 2974 4003 Susis,
3021 3939 3242 4007 scripsit
3276 3942 3462 3996 Daniel
3494 3960 3509 3998 :

1931 4017 2104 4071 Deum
2158 4031 2342 4076 autem
2400 4039 2618 4086 eorum,
2665 4040 2786 4094 quae
2830 4026 3183 4096 adspexerat,
3238 4028 3510 4083 visionem

1931 4111 2148 4166 dicebat
2179 4116 2264 4169 sic
2313 4116 2419 4170 sibi
2470 4117 2802 4173 declarasse.
2842 4120 2977 4172 Nam
3021 4122 3250 4177 arietem
3283 4122 3513 4193 quidem
3569 4140 3577 4149 ·

1932 4204 2150 4257 diccbat
2187 4206 2497 4275 significare
2528 4225 2693 4279 regna
2734 4210 3019 4267 Medorum
3063 4220 3117 4266 et
3158 4213 3452 4267 Persarum
3491 4233 3503 4276 ;

1933 4309 2143 4348 cornua
2180 4307 2390 4363 autem,
2450 4316 2547 4355 eos
2603 4302 2698 4371 qui
2758 4305 2919 4355 erant
2971 4307 3272 4372 regnaturi.
3330 4307 3512 4375 Ipsum

1932 4404 2066 4442 vero
2097 4404 2269 4444 cornu
2305 4393 2582 4456 ultimum,
2615 4393 2887 4464 significat
2915 4395 3093 4467 ipsum
3132 4397 3388 4452 ultimum
3427 4415 3514 4453 rc-

1937 4498 2082 4550 gem.
2121 4483 2345 4537 Dicebat
2383 4485 2530 4538 enim
2567 4484 2706 4551 fore,
2746 4496 2806 4541 ut
2840 4487 2885 4541 is
2943 4499 3228 4558 praestaret
3275 4494 3513 4555 caeteris.

1939 4587 1996 4632 ct
2025 4579 2236 4634 divitiis
2273 4591 2327 4635 et
2365 4583 2539 4650 gloria
2575 4592 2629 4636 et
2661 4583 2770 4638 alio
2800 4586 3114 4652 splendore.
3149 4588 3373 4642 Hircum
3411 4606 3510 4642 au-

1939 4679 2068 4736 tem,
2107 4673 2418 4742 significare
2453 4674 2696 4728 futurum
2743 4691 2808 4729 ex
2845 4676 3050 4730 Grrecis
3096 4695 3280 4747 regem
3317 4697 3516 4748 quent-

1937 4763 2084 4826 dam,
2156 4766 2249 4832 qui
2301 4766 2386 4817 bis
2442 4783 2564 4820 cum
2597 4766 2763 4822 Persa
2807 4767 3132 4838 conﬂigens,
3173 4783 3298 4823 eum
3336 4789 3515 4843 pugna

1936 4855 2207 4923 vinceret,
2258 4865 2314 4911 et
2361 4859 2679 4914 universum
2737 4873 3044 4917 assumeret
3096 4865 3515 4934 principatum:

1940 4951 2243 5019 significari
2282 4968 2411 5005 vero
2448 4969 2474 5006 a
2511 4969 2708 5023 magno
2735 4971 2928 5017 cornu,
2963 4957 3108 5022 quod
3136 4968 3219 5010 est
3252 4958 3304 5009 in
3338 4960 3515 5014 fronte

1939 5044 2103 5107 liirci,
2151 5044 2389 5112 primum
2455 5061 2653 5114 regem.
2702 5047 2908 5100 Deinde
2955 5049 3119 5102 etiam
3155 5058 3338 5102 ortum
3376 5066 3515 5121 qua-

1941 5145 2066 5189 tuor
2102 5152 2314 5205 regum,
2357 5152 2481 5191 cum
2546 5138 2635 5194 ille
2665 5140 3035 5199 excessisset:
3077 5143 3516 5217 uniuscujusque

1939 5241 2123 5284 autem
2190 5247 2382 5285 eorum
2445 5233 2805 5287 conversione
2870 5234 2937 5304 ad
2995 5243 3234 5302 quatuor
3297 5236 3519 5289 climata

1939 5334 2099 5379 terra:
2130 5326 2368 5382 describi
2402 5343 2754 5382 successores
2787 5339 2910 5397 post
2945 5340 3178 5383 mortem
3233 5331 3394 5398 primi
3433 5348 3521 5385 re-

1939 5421 2042 5489 gis,
2063 5432 2117 5474 et
2141 5419 2438 5489 signiﬁcari
2465 5418 2659 5472 factam
2689 5421 2754 5472 ab
2771 5421 2852 5472 eis
2878 5419 3224 5474 divisionem.
3249 5421 3516 5475 Futurum

1941 5524 2122 5570 aurem
2151 5513 2319 5565 alium
2349 5528 2567 5581 quoque
2596 5512 2888 5579 quemdam
2920 5528 2983 5565 ex
3016 5513 3082 5566 iis
3113 5530 3325 5583 regem,
3359 5515 3514 5567 vulttt

1942 5603 2164 5672 quidem
2221 5603 2644 5670 impudentem.;
2678 5603 2935 5654 idoneum
2994 5617 3126 5655 vero
3184 5603 3250 5655 ad
3314 5602 3520 5655 intelli-

1945 5684 2121 5766 genda
2169 5695 2508 5764 problemata
2561 5697 2694 5764 :qui
2727 5697 2788 5747 et'
2815 5694 2941 5748 dolo
2980 5695 3180 5749 multos
3220 5695 3522 5760 interimet,

1947 5797 2001 5842 et
2041 5789 2206 5842 stabit
2240 5788 2307 5843 ad
2365 5788 2649 5842 interitqu
2685 5787 2986 5841 multorum
3037 5806 3049 5840 :
3080 5787 3306 5842 bellabit
3338 5797 3523 5842 autem

1951 5883 2218 5939 adversus
2256 5891 2498 5953 gentem,
2544 5889 2600 5936 et
2639 5895 2830 5937 eorum
2863 5880 3012 5951 leges
3061 5880 3276 5934 fortiter
3327 5873 3526 5938 dissol-

3129 5974 3198 6036 13
