  <div class='ocr_page' id='page_1' title='image "/cluster/home/n/w/nwhite01/storage/ocr_20150623/115/nnc1.0046980261/205.png"; bbox 0 0 4226 6436; ppageno 0'>
   <div class='ocr_carea' id='block_1_1' title="bbox 735 356 841 418">
    <p class='ocr_par' dir='ltr' id='par_1_1' title="bbox 735 356 841 418">
     <span class='ocr_line' id='line_1_1' title="bbox 735 356 841 418; baseline -0.019 0"><span class='ocrx_word' id='word_1_1' title='bbox 735 356 841 418; x_wconf 82' lang='grc'>395</span> 
     </span>
    </p>
   </div>
   <div class='ocr_carea' id='block_1_2' title="bbox 735 550 2309 627">
    <p class='ocr_par' dir='ltr' id='par_1_2' title="bbox 735 550 2309 627">
     <span class='ocr_line' id='line_1_2' title="bbox 735 550 2309 627; baseline -0.005 -17"><span class='ocrx_word' id='word_1_2' title='bbox 735 556 869 610; x_wconf 88' lang='lat' dir='ltr'>lebit</span> <span class='ocrx_word' id='word_1_3' title='bbox 901 554 1315 623; x_wconf 84' lang='lat' dir='ltr'>rempublicam.</span> <span class='ocrx_word' id='word_1_4' title='bbox 1366 563 1420 607; x_wconf 89' lang='lat' dir='ltr'>et</span> <span class='ocrx_word' id='word_1_5' title='bbox 1465 553 1784 622; x_wconf 87' lang='lat' dir='ltr'>prohibebit</span> <span class='ocrx_word' id='word_1_6' title='bbox 1831 562 1942 606; x_wconf 89' lang='lat' dir='ltr'>tres</span> <span class='ocrx_word' id='word_1_7' title='bbox 1976 567 2149 627; x_wconf 88' lang='lat' dir='ltr'>annos</span> <span class='ocrx_word' id='word_1_8' title='bbox 2191 550 2309 603; x_wconf 85' lang='lat' dir='ltr'>ﬂeri</span> 
     </span>
    </p>
   </div>
   <div class='ocr_carea' id='block_1_3' title="bbox 735 629 2310 716">
    <p class='ocr_par' dir='ltr' id='par_1_3' title="bbox 735 629 2310 716">
     <span class='ocr_line' id='line_1_3' title="bbox 735 629 2310 716; baseline -0.004 -12"><span class='ocrx_word' id='word_1_9' title='bbox 735 629 1024 704; x_wconf 73' lang='lat' dir='ltr'>sacriﬁcia.</span> <span class='ocrx_word' id='word_1_10' title='bbox 1065 646 1186 700; x_wconf 83' lang='lat' dir='ltr'>llaec</span> <span class='ocrx_word' id='word_1_11' title='bbox 1215 662 1434 716; x_wconf 87' lang='lat' dir='ltr'>quoque</span> <span class='ocrx_word' id='word_1_12' title='bbox 1462 645 1544 699; x_wconf 90' lang='lat' dir='ltr'>sic</span> <span class='ocrx_word' id='word_1_13' title='bbox 1588 645 1727 699; x_wconf 83' lang='lat' dir='ltr'>facta</span> <span class='ocrx_word' id='word_1_14' title='bbox 1775 655 1903 698; x_wconf 87' lang='lat' dir='ltr'>sunt</span> <span class='ocrx_word' id='word_1_15' title='bbox 1945 652 2000 699; x_wconf 91' lang='lat' dir='ltr'>et</span> <span class='ocrx_word' id='word_1_16' title='bbox 2057 644 2122 698; x_wconf 90' lang='lat' dir='ltr'>ad</span> <span class='ocrx_word' id='word_1_17' title='bbox 2172 645 2310 698; x_wconf 68' lang='lat' dir='ltr'>etle-</span> 
     </span>
    </p>
   </div>
   <div class='ocr_carea' id='block_1_4' title="bbox 736 735 2310 807">
    <p class='ocr_par' dir='ltr' id='par_1_4' title="bbox 736 735 2310 807">
     <span class='ocr_line' id='line_1_4' title="bbox 736 735 2310 807; baseline -0.002 -14"><span class='ocrx_word' id='word_1_18' title='bbox 736 748 886 793; x_wconf 86' lang='lat' dir='ltr'>ctum</span> <span class='ocrx_word' id='word_1_19' title='bbox 942 745 1338 807; x_wconf 85' lang='lat' dir='ltr'>pervenerunt,</span> <span class='ocrx_word' id='word_1_20' title='bbox 1391 735 1664 789; x_wconf 74' lang='lat' dir='ltr'>Antiocho</span> <span class='ocrx_word' id='word_1_21' title='bbox 1719 737 1973 790; x_wconf 82' lang='lat' dir='ltr'>videlicet</span> <span class='ocrx_word' id='word_1_22' title='bbox 2023 746 2310 805; x_wconf 82' lang='lat' dir='ltr'>regnante,</span> 
     </span>
    </p>
   </div>
   <div class='ocr_carea' id='block_1_5' title="bbox 737 829 1792 901">
    <p class='ocr_par' dir='ltr' id='par_1_5' title="bbox 737 829 1792 901">
     <span class='ocr_line' id='line_1_5' title="bbox 737 829 1792 901; baseline -0.007 -15"><span class='ocrx_word' id='word_1_23' title='bbox 737 834 826 901; x_wconf 83' lang='lat' dir='ltr'>qui</span> <span class='ocrx_word' id='word_1_24' title='bbox 864 831 964 884; x_wconf 82' lang='lat' dir='ltr'>fuit</span> <span class='ocrx_word' id='word_1_25' title='bbox 1008 830 1423 896; x_wconf 81' lang='lat' dir='ltr'>cognominatus</span> <span class='ocrx_word' id='word_1_26' title='bbox 1453 829 1792 896; x_wconf 83' lang='lat' dir='ltr'>Epiphanes.</span> 
     </span>
    </p>
   </div>
   <div class='ocr_carea' id='block_1_6' title="bbox 808 921 2312 990">
    <p class='ocr_par' dir='ltr' id='par_1_6' title="bbox 808 921 2312 990">
     <span class='ocr_line' id='line_1_6' title="bbox 808 921 2312 990; baseline -0.001 -13"><span class='ocrx_word' id='word_1_27' title='bbox 808 923 949 977; x_wconf 74' lang='lat' dir='ltr'>XXI.</span> <span class='ocrx_word' id='word_1_28' title='bbox 1010 923 1267 976; x_wconf 70' lang='lat' dir='ltr'>Prmdixit</span> <span class='ocrx_word' id='word_1_29' title='bbox 1321 932 1505 975; x_wconf 88' lang='lat' dir='ltr'>autem</span> <span class='ocrx_word' id='word_1_30' title='bbox 1548 921 1664 990; x_wconf 87' lang='lat' dir='ltr'>ipsa</span> <span class='ocrx_word' id='word_1_31' title='bbox 1723 921 1909 975; x_wconf 88' lang='lat' dir='ltr'>Daniel</span> <span class='ocrx_word' id='word_1_32' title='bbox 1959 921 2147 976; x_wconf 89' lang='lat' dir='ltr'>multis</span> <span class='ocrx_word' id='word_1_33' title='bbox 2187 933 2312 976; x_wconf 91' lang='lat' dir='ltr'>ante</span> 
     </span>
    </p>
   </div>
   <div class='ocr_carea' id='block_1_7' title="bbox 734 1013 2314 1086">
    <p class='ocr_par' dir='ltr' id='par_1_7' title="bbox 734 1013 2314 1086">
     <span class='ocr_line' id='line_1_7' title="bbox 734 1013 2314 1086; baseline -0.003 -15"><span class='ocrx_word' id='word_1_34' title='bbox 734 1016 1212 1086; x_wconf 77' lang='lat' dir='ltr'>generationibus,</span> <span class='ocrx_word' id='word_1_35' title='bbox 1248 1030 1370 1067; x_wconf 90' lang='lat' dir='ltr'>cum</span> <span class='ocrx_word' id='word_1_36' title='bbox 1411 1015 1550 1067; x_wconf 89' lang='lat' dir='ltr'>Deus</span> <span class='ocrx_word' id='word_1_37' title='bbox 1591 1013 1642 1067; x_wconf 89' lang='lat' dir='ltr'>ei</span> <span class='ocrx_word' id='word_1_38' title='bbox 1670 1029 1732 1067; x_wconf 87' lang='lat' dir='ltr'>ea</span> <span class='ocrx_word' id='word_1_39' title='bbox 1776 1014 2130 1075; x_wconf 86' lang='lat' dir='ltr'>ostendisset,</span> <span class='ocrx_word' id='word_1_40' title='bbox 2164 1024 2219 1066; x_wconf 88' lang='lat' dir='ltr'>et</span> <span class='ocrx_word' id='word_1_41' title='bbox 2255 1024 2314 1067; x_wconf 91' lang='lat' dir='ltr'>ut</span> 
     </span>
    </p>
   </div>
   <div class='ocr_carea' id='block_1_8' title="bbox 738 1106 2312 1175">
    <p class='ocr_par' dir='ltr' id='par_1_8' title="bbox 738 1106 2312 1175">
     <span class='ocr_line' id='line_1_8' title="bbox 738 1106 2312 1175; baseline -0.004 -10"><span class='ocrx_word' id='word_1_42' title='bbox 738 1111 1016 1165; x_wconf 82' lang='lat' dir='ltr'>scriberet</span> <span class='ocrx_word' id='word_1_43' title='bbox 1061 1109 1341 1162; x_wconf 65' lang='lat' dir='ltr'>effecisset</span> <span class='ocrx_word' id='word_1_44' title='bbox 1375 1127 1384 1159; x_wconf 96' lang='lat'>:</span> <span class='ocrx_word' id='word_1_45' title='bbox 1417 1115 1560 1161; x_wconf 89' lang='lat' dir='ltr'>utet</span> <span class='ocrx_word' id='word_1_46' title='bbox 1593 1109 1682 1171; x_wconf 86' lang='lat' dir='ltr'>qui</span> <span class='ocrx_word' id='word_1_47' title='bbox 1717 1123 1779 1160; x_wconf 84' lang='lat' dir='ltr'>ea</span> <span class='ocrx_word' id='word_1_48' title='bbox 1809 1106 2019 1175; x_wconf 83' lang='lat' dir='ltr'>legunt,</span> <span class='ocrx_word' id='word_1_49' title='bbox 2049 1107 2312 1166; x_wconf 73' lang='lat' dir='ltr'>etconsi-</span> 
     </span>
    </p>
   </div>
   <div class='ocr_carea' id='block_1_9' title="bbox 735 1198 2314 1269">
    <p class='ocr_par' dir='ltr' id='par_1_9' title="bbox 735 1198 2314 1269">
     <span class='ocr_line' id='line_1_9' title="bbox 735 1198 2314 1269; baseline -0.001 -17"><span class='ocrx_word' id='word_1_50' title='bbox 735 1203 932 1254; x_wconf 77' lang='lat' dir='ltr'>derant</span> <span class='ocrx_word' id='word_1_51' title='bbox 966 1217 1026 1254; x_wconf 91' lang='lat' dir='ltr'>ea</span> <span class='ocrx_word' id='word_1_52' title='bbox 1083 1216 1204 1269; x_wconf 63' lang='lat' dir='ltr'>qum</span> <span class='ocrx_word' id='word_1_53' title='bbox 1232 1201 1516 1262; x_wconf 92' lang='lat' dir='ltr'>eveniunt,</span> <span class='ocrx_word' id='word_1_54' title='bbox 1549 1209 1603 1253; x_wconf 92' lang='lat' dir='ltr'>et</span> <span class='ocrx_word' id='word_1_55' title='bbox 1649 1199 1928 1253; x_wconf 88' lang='lat' dir='ltr'>Danielem</span> <span class='ocrx_word' id='word_1_56' title='bbox 1969 1198 2314 1252; x_wconf 88' lang='lat' dir='ltr'>admirentur</span> 
     </span>
    </p>
   </div>
   <div class='ocr_carea' id='block_1_10' title="bbox 734 1291 2312 1363">
    <p class='ocr_par' dir='ltr' id='par_1_10' title="bbox 734 1291 2312 1363">
     <span class='ocr_line' id='line_1_10' title="bbox 734 1291 2312 1363; baseline -0.001 -19"><span class='ocrx_word' id='word_1_57' title='bbox 734 1305 960 1363; x_wconf 83' lang='lat' dir='ltr'>prOpter</span> <span class='ocrx_word' id='word_1_58' title='bbox 991 1295 1288 1356; x_wconf 87' lang='lat' dir='ltr'>honorem,</span> <span class='ocrx_word' id='word_1_59' title='bbox 1340 1310 1450 1362; x_wconf 92' lang='lat' dir='ltr'>quo</span> <span class='ocrx_word' id='word_1_60' title='bbox 1482 1294 1584 1346; x_wconf 82' lang='lat' dir='ltr'>fuit</span> <span class='ocrx_word' id='word_1_61' title='bbox 1631 1292 1831 1361; x_wconf 80' lang='lat' dir='ltr'>dignus</span> <span class='ocrx_word' id='word_1_62' title='bbox 1873 1307 1901 1344; x_wconf 88' lang='lat' dir='ltr'>a</span> <span class='ocrx_word' id='word_1_63' title='bbox 1943 1292 2054 1346; x_wconf 88' lang='lat' dir='ltr'>Deo</span> <span class='ocrx_word' id='word_1_64' title='bbox 2095 1291 2312 1361; x_wconf 80' lang='lat' dir='ltr'>judica-</span> 
     </span>
    </p>
   </div>
   <div class='ocr_carea' id='block_1_11' title="bbox 737 1383 2312 1455">
    <p class='ocr_par' dir='ltr' id='par_1_11' title="bbox 737 1383 2312 1455">
     <span class='ocr_line' id='line_1_11' title="bbox 737 1383 2312 1455; baseline -0.003 -15"><span class='ocrx_word' id='word_1_65' title='bbox 737 1399 844 1451; x_wconf 88' lang='lat' dir='ltr'>tus,</span> <span class='ocrx_word' id='word_1_66' title='bbox 873 1397 928 1441; x_wconf 85' lang='lat' dir='ltr'>et</span> <span class='ocrx_word' id='word_1_67' title='bbox 960 1388 1243 1441; x_wconf 85' lang='lat' dir='ltr'>inveniant</span> <span class='ocrx_word' id='word_1_68' title='bbox 1294 1386 1589 1455; x_wconf 81' lang='lat' dir='ltr'>Epicureos</span> <span class='ocrx_word' id='word_1_69' title='bbox 1630 1385 1810 1439; x_wconf 89' lang='lat' dir='ltr'>hacin</span> <span class='ocrx_word' id='word_1_70' title='bbox 1841 1399 1898 1437; x_wconf 88' lang='lat' dir='ltr'>re</span> <span class='ocrx_word' id='word_1_71' title='bbox 1924 1383 2082 1437; x_wconf 83' lang='lat' dir='ltr'><strong>valde</strong></span> <span class='ocrx_word' id='word_1_72' title='bbox 2107 1397 2312 1445; x_wconf 83' lang='lat' dir='ltr'>errare,</span> 
     </span>
    </p>
   </div>
   <div class='ocr_carea' id='block_1_12' title="bbox 732 1476 2312 1548">
    <p class='ocr_par' dir='ltr' id='par_1_12' title="bbox 732 1476 2312 1548">
     <span class='ocr_line' id='line_1_12' title="bbox 732 1476 2312 1548; baseline -0.004 -17"><span class='ocrx_word' id='word_1_73' title='bbox 732 1480 826 1547; x_wconf 90' lang='lat' dir='ltr'>qui</span> <span class='ocrx_word' id='word_1_74' title='bbox 877 1489 933 1532; x_wconf 90' lang='lat' dir='ltr'>et</span> <span class='ocrx_word' id='word_1_75' title='bbox 990 1478 1395 1548; x_wconf 88' lang='lat' dir='ltr'>providentiam</span> <span class='ocrx_word' id='word_1_76' title='bbox 1447 1493 1477 1531; x_wconf 93' lang='lat' dir='ltr'>e</span> <span class='ocrx_word' id='word_1_77' title='bbox 1511 1478 1624 1529; x_wconf 86' lang='lat' dir='ltr'>vita</span> <span class='ocrx_word' id='word_1_78' title='bbox 1671 1476 1977 1544; x_wconf 80' lang='lat' dir='ltr'>expellunt,</span> <span class='ocrx_word' id='word_1_79' title='bbox 2034 1484 2092 1528; x_wconf 92' lang='lat' dir='ltr'>et</span> <span class='ocrx_word' id='word_1_80' title='bbox 2143 1476 2312 1528; x_wconf 85' lang='lat' dir='ltr'>Deum</span> 
     </span>
    </p>
   </div>
   <div class='ocr_carea' id='block_1_13' title="bbox 733 1569 2311 1634">
    <p class='ocr_par' dir='ltr' id='par_1_13' title="bbox 733 1569 2311 1634">
     <span class='ocr_line' id='line_1_13' title="bbox 733 1569 2311 1634; baseline -0.004 -10"><span class='ocrx_word' id='word_1_81' title='bbox 733 1589 842 1625; x_wconf 88' lang='lat' dir='ltr'>non</span> <span class='ocrx_word' id='word_1_82' title='bbox 896 1582 1125 1625; x_wconf 70' lang='grc' dir='ltr'>εειιεθιιι</span> <span class='ocrx_word' id='word_1_83' title='bbox 1177 1586 1361 1624; x_wconf 86' lang='lat' dir='ltr'>rerum</span> <span class='ocrx_word' id='word_1_84' title='bbox 1420 1569 1786 1622; x_wconf 87' lang='lat' dir='ltr'>humanarum</span> <span class='ocrx_word' id='word_1_85' title='bbox 1837 1581 2022 1620; x_wconf 87' lang='lat' dir='ltr'>curam</span> <span class='ocrx_word' id='word_1_86' title='bbox 2080 1579 2311 1634; x_wconf 78' lang='lat' dir='ltr'>gerere:</span> 
     </span>
    </p>
   </div>
   <div class='ocr_carea' id='block_1_14' title="bbox 733 1656 2314 1732">
    <p class='ocr_par' dir='ltr' id='par_1_14' title="bbox 733 1656 2314 1732">
     <span class='ocr_line' id='line_1_14' title="bbox 733 1656 2314 1732; baseline -0.006 -14"><span class='ocrx_word' id='word_1_87' title='bbox 733 1680 908 1732; x_wconf 88' lang='lat' dir='ltr'>neque</span> <span class='ocrx_word' id='word_1_88' title='bbox 950 1679 976 1716; x_wconf 91' lang='lat' dir='ltr'>a</span> <span class='ocrx_word' id='word_1_89' title='bbox 1032 1664 1189 1716; x_wconf 91' lang='lat' dir='ltr'>beata</span> <span class='ocrx_word' id='word_1_90' title='bbox 1239 1662 1502 1724; x_wconf 91' lang='lat' dir='ltr'>essentia,</span> <span class='ocrx_word' id='word_1_91' title='bbox 1561 1669 1616 1713; x_wconf 93' lang='lat' dir='ltr'>et</span> <span class='ocrx_word' id='word_1_92' title='bbox 1682 1659 1735 1712; x_wconf 92' lang='lat' dir='ltr'>in</span> <span class='ocrx_word' id='word_1_93' title='bbox 1786 1673 1950 1728; x_wconf 91' lang='lat' dir='ltr'>quam</span> <span class='ocrx_word' id='word_1_94' title='bbox 2000 1672 2110 1710; x_wconf 84' lang='lat' dir='ltr'>non</span> <span class='ocrx_word' id='word_1_95' title='bbox 2169 1656 2314 1710; x_wconf 81' lang='lat' dir='ltr'>cadit</span> 
     </span>
    </p>
   </div>
   <div class='ocr_carea' id='block_1_15' title="bbox 732 1747 2312 1820">
    <p class='ocr_par' dir='ltr' id='par_1_15' title="bbox 732 1747 2312 1820">
     <span class='ocr_line' id='line_1_15' title="bbox 732 1747 2312 1820; baseline -0.005 -12"><span class='ocrx_word' id='word_1_96' title='bbox 732 1756 1012 1818; x_wconf 87' lang='lat' dir='ltr'>interitus,</span> <span class='ocrx_word' id='word_1_97' title='bbox 1054 1754 1119 1808; x_wconf 89' lang='lat' dir='ltr'>ad</span> <span class='ocrx_word' id='word_1_98' title='bbox 1172 1754 1276 1808; x_wconf 84' lang='lat' dir='ltr'>hoc</span> <span class='ocrx_word' id='word_1_99' title='bbox 1317 1763 1376 1804; x_wconf 90' lang='lat' dir='ltr'>ut</span> <span class='ocrx_word' id='word_1_100' title='bbox 1425 1752 1681 1806; x_wconf 82' lang='lat' dir='ltr'>universa</span> <span class='ocrx_word' id='word_1_101' title='bbox 1714 1758 2074 1820; x_wconf 83' lang='lat' dir='ltr'>permaneant</span> <span class='ocrx_word' id='word_1_102' title='bbox 2110 1747 2312 1817; x_wconf 84' lang='lat' dir='ltr'>guber-</span> 
     </span>
    </p>
   </div>
   <div class='ocr_carea' id='block_1_16' title="bbox 2036 338 2644 419">
    <p class='ocr_par' dir='ltr' id='par_1_16' title="bbox 2036 338 2644 419">
     <span class='ocr_line' id='line_1_16' title="bbox 2036 338 2644 419; baseline 0.01 -7"><span class='ocrx_word' id='word_1_103' title='bbox 2036 354 2316 413; x_wconf 82' lang='lat' dir='ltr'>MENSIS</span> <span class='ocrx_word' id='word_1_104' title='bbox 2347 338 2644 419; x_wconf 72' lang='lat' dir='ltr'>IULIUS.</span> 
     </span>
    </p>
   </div>
   <div class='ocr_carea' id='block_1_17' title="bbox 736 461 2377 533">
    <p class='ocr_par' dir='ltr' id='par_1_17' title="bbox 736 461 2377 533">
     <span class='ocr_line' id='line_1_17' title="bbox 736 461 2377 533; baseline -0.003 -15"><span class='ocrx_word' id='word_1_105' title='bbox 736 475 827 518; x_wconf 79' lang='lat' dir='ltr'>vel</span> <span class='ocrx_word' id='word_1_106' title='bbox 863 483 871 516; x_wconf 92' lang='lat'>:</span> <span class='ocrx_word' id='word_1_107' title='bbox 906 465 1035 533; x_wconf 90' lang='lat' dir='ltr'>quin</span> <span class='ocrx_word' id='word_1_108' title='bbox 1076 464 1240 517; x_wconf 82' lang='lat' dir='ltr'>etiam</span> <span class='ocrx_word' id='word_1_109' title='bbox 1282 463 1545 531; x_wconf 85' lang='lat' dir='ltr'>templum</span> <span class='ocrx_word' id='word_1_110' title='bbox 1569 477 1786 530; x_wconf 87' lang='lat' dir='ltr'>quoque</span> <span class='ocrx_word' id='word_1_111' title='bbox 1817 462 2092 532; x_wconf 81' lang='lat' dir='ltr'>spoliabit,</span> <span class='ocrx_word' id='word_1_112' title='bbox 2125 471 2179 514; x_wconf 86' lang='lat' dir='ltr'>et</span> <span class='ocrx_word' id='word_1_113' title='bbox 2223 461 2316 514; x_wconf 76' lang='lat' dir='ltr'>de-</span> <span class='ocrx_word' id='word_1_114' title='bbox 2349 472 2377 523; x_wconf 73' lang='grc' dir='ltr'><em>Α</em></span> 
     </span>
    </p>
   </div>
   <div class='ocr_carea' id='block_1_18' title="bbox 2413 461 2758 533">
    <p class='ocr_par' dir='ltr' id='par_1_18' title="bbox 2426 466 2758 518">
     <span class='ocr_line' id='line_1_18' title="bbox 2426 466 2758 518; baseline 0.009 -3"><span class='ocrx_word' id='word_1_115' title='bbox 2426 466 2719 518; x_wconf 86' lang='grc' dir='ltr'>καταλύσει</span> <span class='ocrx_word' id='word_1_116' title='bbox 2748 484 2758 495; x_wconf 87' lang='grc'><strong>·</strong></span> 
     </span>
    </p>
   </div>
   <div class='ocr_carea' id='block_1_19' title="bbox 3892 362 3997 421">
    <p class='ocr_par' dir='ltr' id='par_1_19' title="bbox 3892 362 3997 421">
     <span class='ocr_line' id='line_1_19' title="bbox 3892 362 3997 421; baseline 0 0"><span class='ocrx_word' id='word_1_117' title='bbox 3892 362 3997 421; x_wconf 81' lang='lat'>396</span> 
     </span>
    </p>
   </div>
   <div class='ocr_carea' id='block_1_20' title="bbox 2821 468 3998 539">
    <p class='ocr_par' dir='ltr' id='par_1_20' title="bbox 2821 468 3998 539">
     <span class='ocr_line' id='line_1_20' title="bbox 2821 468 3998 539; baseline 0.003 -20"><span class='ocrx_word' id='word_1_118' title='bbox 2821 468 2898 519; x_wconf 83' lang='grc' dir='ltr'>ἔτι</span> <span class='ocrx_word' id='word_1_119' title='bbox 2959 486 3019 535; x_wconf 83' lang='grc' dir='ltr'>γε</span> <span class='ocrx_word' id='word_1_120' title='bbox 3091 469 3196 539; x_wconf 74' lang='grc' dir='ltr'>μὴν</span> <span class='ocrx_word' id='word_1_121' title='bbox 3265 470 3487 539; x_wconf 78' lang='grc' dir='ltr'>συλήσει</span> <span class='ocrx_word' id='word_1_122' title='bbox 3545 473 3640 522; x_wconf 82' lang='grc' dir='ltr'>καὶ</span> <span class='ocrx_word' id='word_1_123' title='bbox 3705 471 3796 522; x_wconf 67' lang='grc' dir='ltr'>τὶν</span> <span class='ocrx_word' id='word_1_124' title='bbox 3851 473 3998 524; x_wconf 72' lang='grc' dir='ltr'>ναὸν-</span> 
     </span>
    </p>
   </div>
   <div class='ocr_carea' id='block_1_21' title="bbox 2418 560 3999 632">
    <p class='ocr_par' dir='ltr' id='par_1_21' title="bbox 2418 560 3999 632">
     <span class='ocr_line' id='line_1_21' title="bbox 2418 560 3999 632; baseline 0.004 -23"><span class='ocrx_word' id='word_1_125' title='bbox 2418 560 2638 625; x_wconf 85' lang='grc' dir='ltr'>ἀφανιεί</span> <span class='ocrx_word' id='word_1_126' title='bbox 2679 577 2734 612; x_wconf 90' lang='grc' dir='ltr'>τε</span> <span class='ocrx_word' id='word_1_127' title='bbox 2769 561 2864 630; x_wconf 83' lang='grc' dir='ltr'>τὴν</span> <span class='ocrx_word' id='word_1_128' title='bbox 2909 563 3189 615; x_wconf 87' lang='grc' dir='ltr'>πολιτείαν</span> <span class='ocrx_word' id='word_1_129' title='bbox 3220 564 3312 615; x_wconf 73' lang='grc' dir='ltr'>καὶ</span> <span class='ocrx_word' id='word_1_130' title='bbox 3339 565 3438 624; x_wconf 74' lang='grc' dir='ltr'>τὰς</span> <span class='ocrx_word' id='word_1_131' title='bbox 3473 563 3661 626; x_wconf 73' lang='grc' dir='ltr'>θυσίας</span> <span class='ocrx_word' id='word_1_132' title='bbox 3697 567 3788 615; x_wconf 78' lang='grc' dir='ltr'>ἐπὶ</span> <span class='ocrx_word' id='word_1_133' title='bbox 3822 567 3999 632; x_wconf 77' lang='grc' dir='ltr'>τρισὶν</span> 
     </span>
    </p>
   </div>
   <div class='ocr_carea' id='block_1_22' title="bbox 2419 651 3998 728">
    <p class='ocr_par' dir='ltr' id='par_1_22' title="bbox 2419 651 3998 728">
     <span class='ocr_line' id='line_1_22' title="bbox 2419 651 3998 728; baseline 0.008 -28"><span class='ocrx_word' id='word_1_134' title='bbox 2419 651 2596 702; x_wconf 80' lang='grc' dir='ltr'>ἔτεσιν</span> <span class='ocrx_word' id='word_1_135' title='bbox 2635 653 2884 724; x_wconf 79' lang='grc' dir='ltr'>ἀπείρξει</span> <span class='ocrx_word' id='word_1_136' title='bbox 2917 656 3210 709; x_wconf 81' lang='grc' dir='ltr'>τελεῖσθαι.</span> <span class='ocrx_word' id='word_1_137' title='bbox 3247 657 3443 724; x_wconf 82' lang='grc' dir='ltr'>Γέγονε</span> <span class='ocrx_word' id='word_1_138' title='bbox 3478 659 3574 728; x_wconf 82' lang='grc' dir='ltr'>μὲν</span> <span class='ocrx_word' id='word_1_139' title='bbox 3633 661 3775 712; x_wconf 71' lang='grc' dir='ltr'>οὕτω</span> <span class='ocrx_word' id='word_1_140' title='bbox 3829 660 3998 713; x_wconf 85' lang='grc' dir='ltr'>ταῦτα</span> 
     </span>
    </p>
   </div>
   <div class='ocr_carea' id='block_1_23' title="bbox 2417 741 3996 817">
    <p class='ocr_par' dir='ltr' id='par_1_23' title="bbox 2417 741 3996 817">
     <span class='ocr_line' id='line_1_23' title="bbox 2417 741 3996 817; baseline 0.008 -27"><span class='ocrx_word' id='word_1_141' title='bbox 2417 741 2511 790; x_wconf 72' lang='grc' dir='ltr'>καὶ</span> <span class='ocrx_word' id='word_1_142' title='bbox 2541 742 2618 801; x_wconf 86' lang='grc' dir='ltr'>είς</span> <span class='ocrx_word' id='word_1_143' title='bbox 2651 743 2805 810; x_wconf 74' lang='grc' dir='ltr'>ἔργον</span> <span class='ocrx_word' id='word_1_144' title='bbox 2837 745 3020 814; x_wconf 79' lang='grc' dir='ltr'>ἐξέϐη,</span> <span class='ocrx_word' id='word_1_145' title='bbox 3061 747 3334 817; x_wconf 76' lang='grc' dir='ltr'>Ἀντιόχου</span> <span class='ocrx_word' id='word_1_146' title='bbox 3361 748 3497 816; x_wconf 77' lang='grc' dir='ltr'>δῆτα</span> <span class='ocrx_word' id='word_1_147' title='bbox 3530 749 3623 801; x_wconf 84' lang='grc' dir='ltr'>τοῦ</span> <span class='ocrx_word' id='word_1_148' title='bbox 3666 751 3996 817; x_wconf 70' lang='grc' dir='ltr'>Ἐπιφανοῦς</span> 
     </span>
    </p>
   </div>
   <div class='ocr_carea' id='block_1_24' title="bbox 2419 831 3314 905">
    <p class='ocr_par' dir='ltr' id='par_1_24' title="bbox 2419 831 3314 905">
     <span class='ocr_line' id='line_1_24' title="bbox 2419 831 3314 905; baseline 0.004 -21"><span class='ocrx_word' id='word_1_149' title='bbox 2419 831 2832 900; x_wconf 77' lang='grc' dir='ltr'>βασιλεύοντος.</span> <span class='ocrx_word' id='word_1_150' title='bbox 3307 898 3314 905; x_wconf 34' lang='grc'><em>,</em></span> 
     </span>
    </p>
   </div>
   <div class='ocr_carea' id='block_1_25' title="bbox 2491 925 3995 1000">
    <p class='ocr_par' dir='ltr' id='par_1_25' title="bbox 2491 925 3995 1000">
     <span class='ocr_line' id='line_1_25' title="bbox 2491 925 3995 1000; baseline 0.005 -24"><span class='ocrx_word' id='word_1_151' title='bbox 2491 925 2618 977; x_wconf 78' lang='lat' dir='ltr'>KA’.</span> <span class='ocrx_word' id='word_1_152' title='bbox 2660 927 2896 995; x_wconf 86' lang='grc' dir='ltr'>Προεῖττε</span> <span class='ocrx_word' id='word_1_153' title='bbox 2923 928 2977 980; x_wconf 72' lang='grc' dir='ltr'>δὲ</span> <span class='ocrx_word' id='word_1_154' title='bbox 3005 929 3142 980; x_wconf 78' lang='grc' dir='ltr'>αῦτά</span> <span class='ocrx_word' id='word_1_155' title='bbox 3164 929 3363 997; x_wconf 77' lang='grc' dir='ltr'>Δανιὴλ</span> <span class='ocrx_word' id='word_1_156' title='bbox 3393 931 3618 993; x_wconf 82' lang='grc' dir='ltr'>πολλαῖς</span> <span class='ocrx_word' id='word_1_157' title='bbox 3647 933 3754 1000; x_wconf 77' lang='grc' dir='ltr'>ἄρα</span> <span class='ocrx_word' id='word_1_158' title='bbox 3783 935 3995 997; x_wconf 84' lang='grc' dir='ltr'>γενεαῖς</span> 
     </span>
    </p>
   </div>
   <div class='ocr_carea' id='block_1_26' title="bbox 2419 1017 3999 1093">
    <p class='ocr_par' dir='ltr' id='par_1_26' title="bbox 2419 1017 3999 1093">
     <span class='ocr_line' id='line_1_26' title="bbox 2419 1017 3999 1093; baseline 0.006 -24"><span class='ocrx_word' id='word_1_159' title='bbox 2419 1017 2711 1088; x_wconf 77' lang='grc' dir='ltr'>πρότερον,</span> <span class='ocrx_word' id='word_1_160' title='bbox 2745 1019 2837 1070; x_wconf 88' lang='grc' dir='ltr'>τοῦ</span> <span class='ocrx_word' id='word_1_161' title='bbox 2869 1019 3005 1072; x_wconf 91' lang='grc' dir='ltr'>Θεοῦ</span> <span class='ocrx_word' id='word_1_162' title='bbox 3037 1020 3310 1086; x_wconf 77' lang='grc' dir='ltr'>δείξαντος</span> <span class='ocrx_word' id='word_1_163' title='bbox 3347 1023 3497 1090; x_wconf 81' lang='grc' dir='ltr'>αὐτῷ</span> <span class='ocrx_word' id='word_1_164' title='bbox 3533 1024 3705 1075; x_wconf 87' lang='grc' dir='ltr'>ταῦτα</span> <span class='ocrx_word' id='word_1_165' title='bbox 3733 1027 3826 1076; x_wconf 74' lang='grc' dir='ltr'>καὶ</span> <span class='ocrx_word' id='word_1_166' title='bbox 3864 1028 3999 1093; x_wconf 85' lang='grc' dir='ltr'>γρά-</span> 
     </span>
    </p>
   </div>
   <div class='ocr_carea' id='block_1_27' title="bbox 2416 1109 3998 1182">
    <p class='ocr_par' dir='ltr' id='par_1_27' title="bbox 2416 1109 3998 1182">
     <span class='ocr_line' id='line_1_27' title="bbox 2416 1109 3998 1182; baseline 0.006 -22"><span class='ocrx_word' id='word_1_167' title='bbox 2416 1109 2516 1178; x_wconf 68' lang='grc' dir='ltr'>ψαι</span> <span class='ocrx_word' id='word_1_168' title='bbox 2568 1112 3113 1178; x_wconf 77' lang='grc' dir='ltr'>παρασκευάσαντος,</span> <span class='ocrx_word' id='word_1_169' title='bbox 3161 1112 3300 1164; x_wconf 72' lang='grc' dir='ltr'>ὥστε</span> <span class='ocrx_word' id='word_1_170' title='bbox 3333 1116 3456 1176; x_wconf 74' lang='grc' dir='ltr'>τοὺς</span> <span class='ocrx_word' id='word_1_171' title='bbox 3483 1117 3998 1182; x_wconf 73' lang='grc' dir='ltr'>ἀναγιγνώσκοντας</span> 
     </span>
    </p>
   </div>
   <div class='ocr_carea' id='block_1_28' title="bbox 2418 1201 3998 1274">
    <p class='ocr_par' dir='ltr' id='par_1_28' title="bbox 2418 1201 3998 1274">
     <span class='ocr_line' id='line_1_28' title="bbox 2418 1201 3998 1274; baseline 0.004 -23"><span class='ocrx_word' id='word_1_172' title='bbox 2418 1201 2511 1251; x_wconf 73' lang='grc' dir='ltr'>καὶ</span> <span class='ocrx_word' id='word_1_173' title='bbox 2557 1201 2622 1253; x_wconf 91' lang='grc' dir='ltr'>τά</span> <span class='ocrx_word' id='word_1_174' title='bbox 2673 1202 3045 1270; x_wconf 85' lang='grc' dir='ltr'>συμϐαίνοντα</span> <span class='ocrx_word' id='word_1_175' title='bbox 3101 1201 3441 1266; x_wconf 78' lang='grc' dir='ltr'>σκοποῦντας</span> <span class='ocrx_word' id='word_1_176' title='bbox 3485 1205 3791 1274; x_wconf 74' lang='grc' dir='ltr'>θαυμάζειν</span> <span class='ocrx_word' id='word_1_177' title='bbox 3821 1224 3879 1259; x_wconf 88' lang='grc' dir='ltr'>τε</span> <span class='ocrx_word' id='word_1_178' title='bbox 3910 1208 3998 1258; x_wconf 78' lang='grc' dir='ltr'>τὸν</span> 
     </span>
    </p>
   </div>
   <div class='ocr_carea' id='block_1_29' title="bbox 2416 1290 3998 1367">
    <p class='ocr_par' dir='ltr' id='par_1_29' title="bbox 2416 1290 3998 1367">
     <span class='ocr_line' id='line_1_29' title="bbox 2416 1290 3998 1367; baseline 0.004 -25"><span class='ocrx_word' id='word_1_179' title='bbox 2416 1293 2616 1360; x_wconf 77' lang='grc' dir='ltr'>Δανιὴλ</span> <span class='ocrx_word' id='word_1_180' title='bbox 2645 1294 2742 1361; x_wconf 71' lang='grc' dir='ltr'>τῆς</span> <span class='ocrx_word' id='word_1_181' title='bbox 2765 1293 2954 1360; x_wconf 80' lang='grc' dir='ltr'>τιμῆς,</span> <span class='ocrx_word' id='word_1_182' title='bbox 2987 1290 3054 1363; x_wconf 77' lang='grc' dir='ltr'>ἧς</span> <span class='ocrx_word' id='word_1_183' title='bbox 3079 1294 3228 1358; x_wconf 82' lang='grc' dir='ltr'>ἄξιος</span> <span class='ocrx_word' id='word_1_184' title='bbox 3256 1295 3448 1364; x_wconf 82' lang='grc' dir='ltr'>ἐκρίθη</span> <span class='ocrx_word' id='word_1_185' title='bbox 3476 1300 3623 1364; x_wconf 75' lang='grc' dir='ltr'>παρὰ</span> <span class='ocrx_word' id='word_1_186' title='bbox 3654 1298 3811 1361; x_wconf 88' lang='grc' dir='ltr'>Θεοῦ,</span> <span class='ocrx_word' id='word_1_187' title='bbox 3845 1299 3998 1367; x_wconf 76' lang='grc' dir='ltr'>εύρί-</span> 
     </span>
    </p>
   </div>
   <div class='ocr_carea' id='block_1_30' title="bbox 2419 1387 4002 1458">
    <p class='ocr_par' dir='ltr' id='par_1_30' title="bbox 2419 1387 4002 1458">
     <span class='ocr_line' id='line_1_30' title="bbox 2419 1387 4002 1458; baseline 0.006 -26"><span class='ocrx_word' id='word_1_188' title='bbox 2419 1399 2571 1435; x_wconf 90' lang='grc' dir='ltr'>σκειν</span> <span class='ocrx_word' id='word_1_189' title='bbox 2616 1401 2674 1434; x_wconf 89' lang='grc' dir='ltr'>τε</span> <span class='ocrx_word' id='word_1_190' title='bbox 2719 1392 2842 1446; x_wconf 71' lang='grc' dir='ltr'>τοὺς</span> <span class='ocrx_word' id='word_1_191' title='bbox 2885 1387 3298 1455; x_wconf 77' lang='grc' dir='ltr'>Ἐπικουρείους</span> <span class='ocrx_word' id='word_1_192' title='bbox 3330 1387 3582 1440; x_wconf 80' lang='grc' dir='ltr'>ἐντεῦθεν</span> <span class='ocrx_word' id='word_1_193' title='bbox 3624 1391 3821 1458; x_wconf 77' lang='grc' dir='ltr'>κομιδῆ</span> <span class='ocrx_word' id='word_1_194' title='bbox 3862 1390 4002 1442; x_wconf 78' lang='grc' dir='ltr'>πλα-</span> 
     </span>
    </p>
   </div>
   <div class='ocr_carea' id='block_1_31' title="bbox 2417 1475 3998 1550">
    <p class='ocr_par' dir='ltr' id='par_1_31' title="bbox 2417 1475 3998 1550">
     <span class='ocr_line' id='line_1_31' title="bbox 2417 1475 3998 1550; baseline 0.004 -24"><span class='ocrx_word' id='word_1_195' title='bbox 2417 1475 2715 1541; x_wconf 81' lang='grc' dir='ltr'>νωμένους,</span> <span class='ocrx_word' id='word_1_196' title='bbox 2747 1475 2797 1527; x_wconf 81' lang='grc' dir='ltr'>οἳ</span> <span class='ocrx_word' id='word_1_197' title='bbox 2826 1476 2924 1544; x_wconf 80' lang='grc' dir='ltr'>τήν</span> <span class='ocrx_word' id='word_1_198' title='bbox 2952 1493 3007 1528; x_wconf 88' lang='grc' dir='ltr'>τε</span> <span class='ocrx_word' id='word_1_199' title='bbox 3041 1477 3298 1545; x_wconf 81' lang='grc' dir='ltr'>πρόνοιαν</span> <span class='ocrx_word' id='word_1_200' title='bbox 3357 1479 3680 1532; x_wconf 81' lang='grc' dir='ltr'>ἐκϐάλλουσι</span> <span class='ocrx_word' id='word_1_201' title='bbox 3734 1481 3829 1532; x_wconf 84' lang='grc' dir='ltr'>τοῦ</span> <span class='ocrx_word' id='word_1_202' title='bbox 3881 1481 3998 1550; x_wconf 61' lang='grc' dir='ltr'>βίω</span> 
     </span>
    </p>
   </div>
   <div class='ocr_carea' id='block_1_32' title="bbox 2419 1562 3997 1642">
    <p class='ocr_par' dir='ltr' id='par_1_32' title="bbox 2419 1562 3997 1642">
     <span class='ocr_line' id='line_1_32' title="bbox 2419 1562 3997 1642; baseline 0.003 -23"><span class='ocrx_word' id='word_1_203' title='bbox 2419 1569 2511 1619; x_wconf 70' lang='grc' dir='ltr'>καὶ</span> <span class='ocrx_word' id='word_1_204' title='bbox 2545 1567 2677 1618; x_wconf 63' lang='grc' dir='ltr'>Θεὸν</span> <span class='ocrx_word' id='word_1_205' title='bbox 2700 1568 2799 1631; x_wconf 74' lang='grc' dir='ltr'>οὐκ</span> <span class='ocrx_word' id='word_1_206' title='bbox 2831 1562 3041 1634; x_wconf 80' lang='grc' dir='ltr'>ἀξιοῦσι</span> <span class='ocrx_word' id='word_1_207' title='bbox 3070 1569 3176 1620; x_wconf 88' lang='grc' dir='ltr'>τῶν</span> <span class='ocrx_word' id='word_1_208' title='bbox 3207 1573 3552 1640; x_wconf 75' lang='grc' dir='ltr'>πραγμάτων</span> <span class='ocrx_word' id='word_1_209' title='bbox 3586 1575 3997 1642; x_wconf 80' lang='grc' dir='ltr'>ἐπιτροπεύειν,</span> 
     </span>
    </p>
   </div>
   <div class='ocr_carea' id='block_1_33' title="bbox 2417 1656 4001 1729">
    <p class='ocr_par' dir='ltr' id='par_1_33' title="bbox 2417 1656 4001 1729">
     <span class='ocr_line' id='line_1_33' title="bbox 2417 1656 4001 1729; baseline 0.003 -21"><span class='ocrx_word' id='word_1_210' title='bbox 2417 1657 2537 1709; x_wconf 73' lang='grc' dir='ltr'>οὐδὲ</span> <span class='ocrx_word' id='word_1_211' title='bbox 2571 1658 2676 1710; x_wconf 76' lang='grc' dir='ltr'>ὑπὸ</span> <span class='ocrx_word' id='word_1_212' title='bbox 2705 1656 2804 1724; x_wconf 82' lang='grc' dir='ltr'>τῆς</span> <span class='ocrx_word' id='word_1_213' title='bbox 2849 1659 3130 1728; x_wconf 82' lang='grc' dir='ltr'>μακαρίας</span> <span class='ocrx_word' id='word_1_214' title='bbox 3163 1660 3255 1709; x_wconf 74' lang='grc' dir='ltr'>καὶ</span> <span class='ocrx_word' id='word_1_215' title='bbox 3291 1660 3820 1728; x_wconf 77' lang='grc' dir='ltr'>ἀφθάρτου-φύσεως</span> <span class='ocrx_word' id='word_1_216' title='bbox 3862 1662 4001 1729; x_wconf 74' lang='grc' dir='ltr'>πρὸς</span> 
     </span>
    </p>
   </div>
   <div class='ocr_carea' id='block_1_34' title="bbox 2417 1749 3998 1820">
    <p class='ocr_par' dir='ltr' id='par_1_34' title="bbox 2417 1749 3998 1820">
     <span class='ocr_line' id='line_1_34' title="bbox 2417 1749 3998 1820; baseline 0 -18"><span class='ocrx_word' id='word_1_217' title='bbox 2417 1749 2682 1820; x_wconf 81' lang='grc' dir='ltr'>διαμονὴν</span> <span class='ocrx_word' id='word_1_218' title='bbox 2749 1751 2858 1802; x_wconf 89' lang='grc' dir='ltr'>τῶν</span> <span class='ocrx_word' id='word_1_219' title='bbox 2917 1751 3055 1803; x_wconf 81' lang='grc' dir='ltr'>ὅλων</span> <span class='ocrx_word' id='word_1_220' title='bbox 3119 1750 3490 1819; x_wconf 79' lang='grc' dir='ltr'>κυϐερνᾶσθαι</span> <span class='ocrx_word' id='word_1_221' title='bbox 3549 1752 3618 1803; x_wconf 76' lang='grc' dir='ltr'>τά</span> <span class='ocrx_word' id='word_1_222' title='bbox 3683 1752 3998 1819; x_wconf 82' lang='grc' dir='ltr'>σύμπαντα,</span> 
     </span>
    </p>
   </div>
   <div class='ocr_carea' id='block_1_35' title="bbox 733 1820 2377 1914">
    <p class='ocr_par' dir='ltr' id='par_1_35' title="bbox 733 1820 2377 1913">
     <span class='ocr_line' id='line_1_35' title="bbox 733 1820 2377 1913; baseline -0.004 -14"><span class='ocrx_word' id='word_1_223' title='bbox 733 1849 851 1901; x_wconf 91' lang='lat' dir='ltr'>nari</span> <span class='ocrx_word' id='word_1_224' title='bbox 900 1849 1108 1910; x_wconf 86' lang='lat' dir='ltr'>omnia,</span> <span class='ocrx_word' id='word_1_225' title='bbox 1147 1846 1393 1900; x_wconf 85' lang='lat' dir='ltr'>carentia</span> <span class='ocrx_word' id='word_1_226' title='bbox 1429 1845 1617 1913; x_wconf 74' lang='lat' dir='ltr'>auriga</span> <span class='ocrx_word' id='word_1_227' title='bbox 1646 1854 1700 1898; x_wconf 89' lang='lat' dir='ltr'>et</span> <span class='ocrx_word' id='word_1_228' title='bbox 1735 1851 2013 1898; x_wconf 87' lang='lat' dir='ltr'>curatore.</span> <span class='ocrx_word' id='word_1_229' title='bbox 2048 1840 2308 1894; x_wconf 83' lang='lat' dir='ltr'>Mundum</span> <span class='ocrx_word' id='word_1_230' title='bbox 2345 1820 2377 1874; x_wconf 72' lang='grc' dir='ltr'><strong>Ε</strong></span> 
     </span>
    </p>
   </div>
   <div class='ocr_carea' id='block_1_36' title="bbox 2413 1820 4005 1914">
    <p class='ocr_par' dir='ltr' id='par_1_36' title="bbox 2416 1842 4005 1914">
     <span class='ocr_line' id='line_1_36' title="bbox 2416 1842 4005 1914; baseline 0.001 -20"><span class='ocrx_word' id='word_1_231' title='bbox 2416 1844 2647 1914; x_wconf 77' lang='grc' dir='ltr'>ἄμοιρον</span> <span class='ocrx_word' id='word_1_232' title='bbox 2673 1843 2725 1894; x_wconf 85' lang='grc' dir='ltr'>δὲ</span> <span class='ocrx_word' id='word_1_233' title='bbox 2753 1843 2968 1912; x_wconf 74' lang='grc' dir='ltr'>ἡνιόχου</span> <span class='ocrx_word' id='word_1_234' title='bbox 2997 1844 3088 1894; x_wconf 80' lang='grc' dir='ltr'>καὶ</span> <span class='ocrx_word' id='word_1_235' title='bbox 3117 1842 3460 1914; x_wconf 73' lang='grc' dir='ltr'>φροντιστού.</span> <span class='ocrx_word' id='word_1_236' title='bbox 3485 1843 3587 1893; x_wconf 73' lang='grc' dir='ltr'>Τὸν</span> <span class='ocrx_word' id='word_1_237' title='bbox 3609 1844 3815 1910; x_wconf 79' lang='grc' dir='ltr'>κόσμον</span> <span class='ocrx_word' id='word_1_238' title='bbox 3842 1844 4005 1895; x_wconf 65' lang='grc' dir='ltr'>αὐτο.</span> 
     </span>
    </p>
   </div>
   <div class='ocr_carea' id='block_1_37' title="bbox 734 1932 2311 2004">
    <p class='ocr_par' dir='ltr' id='par_1_37' title="bbox 734 1932 2311 2004">
     <span class='ocr_line' id='line_1_37' title="bbox 734 1932 2311 2004; baseline -0.005 -12"><span class='ocrx_word' id='word_1_239' title='bbox 734 1949 914 1993; x_wconf 81' lang='lat' dir='ltr'>autem</span> <span class='ocrx_word' id='word_1_240' title='bbox 979 1940 1298 1992; x_wconf 85' lang='lat' dir='ltr'>universum</span> <span class='ocrx_word' id='word_1_241' title='bbox 1353 1936 1545 1989; x_wconf 83' lang='lat' dir='ltr'>dicunt</span> <span class='ocrx_word' id='word_1_242' title='bbox 1585 1949 1683 1988; x_wconf 86' lang='lat' dir='ltr'>sua</span> <span class='ocrx_word' id='word_1_243' title='bbox 1737 1943 1931 2004; x_wconf 91' lang='lat' dir='ltr'>sponte</span> <span class='ocrx_word' id='word_1_244' title='bbox 1985 1932 2115 1986; x_wconf 82' lang='lat' dir='ltr'>ferri</span> <span class='ocrx_word' id='word_1_245' title='bbox 2165 1950 2178 1986; x_wconf 89' lang='lat'><strong>:</strong></span> <span class='ocrx_word' id='word_1_246' title='bbox 2230 1932 2311 1985; x_wconf 90' lang='lat' dir='ltr'>sic</span> 
     </span>
    </p>
   </div>
   <div class='ocr_carea' id='block_1_38' title="bbox 734 2025 2311 2096">
    <p class='ocr_par' dir='ltr' id='par_1_38' title="bbox 734 2025 2311 2096">
     <span class='ocr_line' id='line_1_38' title="bbox 734 2025 2311 2096; baseline -0.004 -12"><span class='ocrx_word' id='word_1_247' title='bbox 734 2033 874 2085; x_wconf 90' lang='lat' dir='ltr'>male</span> <span class='ocrx_word' id='word_1_248' title='bbox 927 2031 1232 2084; x_wconf 90' lang='lat' dir='ltr'>sentientes</span> <span class='ocrx_word' id='word_1_249' title='bbox 1276 2037 1328 2082; x_wconf 89' lang='lat' dir='ltr'>et</span> <span class='ocrx_word' id='word_1_250' title='bbox 1363 2029 1613 2082; x_wconf 82' lang='lat' dir='ltr'>dicentes</span> <span class='ocrx_word' id='word_1_251' title='bbox 1657 2037 1844 2096; x_wconf 80' lang='lat' dir='ltr'>aperte</span> <span class='ocrx_word' id='word_1_252' title='bbox 1881 2025 2066 2080; x_wconf 86' lang='lat' dir='ltr'>stolidi</span> <span class='ocrx_word' id='word_1_253' title='bbox 2114 2033 2170 2080; x_wconf 88' lang='lat' dir='ltr'>et</span> <span class='ocrx_word' id='word_1_254' title='bbox 2217 2041 2311 2079; x_wconf 89' lang='lat' dir='ltr'>ne-</span> 
     </span>
    </p>
   </div>
   <div class='ocr_carea' id='block_1_39' title="bbox 729 2112 2311 2185">
    <p class='ocr_par' dir='ltr' id='par_1_39' title="bbox 729 2112 2311 2185">
     <span class='ocr_line' id='line_1_39' title="bbox 729 2112 2311 2185; baseline -0.006 -11"><span class='ocrx_word' id='word_1_255' title='bbox 729 2121 990 2182; x_wconf 87' lang='lat' dir='ltr'>scientes,</span> <span class='ocrx_word' id='word_1_256' title='bbox 1031 2117 1179 2185; x_wconf 90' lang='lat' dir='ltr'>quod</span> <span class='ocrx_word' id='word_1_257' title='bbox 1215 2131 1283 2169; x_wconf 91' lang='lat' dir='ltr'>ne</span> <span class='ocrx_word' id='word_1_258' title='bbox 1326 2116 1481 2168; x_wconf 87' lang='lat' dir='ltr'>navis</span> <span class='ocrx_word' id='word_1_259' title='bbox 1509 2115 1734 2183; x_wconf 87' lang='lat' dir='ltr'>quidem</span> <span class='ocrx_word' id='word_1_260' title='bbox 1786 2115 1840 2168; x_wconf 92' lang='lat' dir='ltr'>in</span> <span class='ocrx_word' id='word_1_261' title='bbox 1888 2123 2051 2182; x_wconf 87' lang='lat' dir='ltr'>portu</span> <span class='ocrx_word' id='word_1_262' title='bbox 2097 2112 2311 2167; x_wconf 89' lang='lat' dir='ltr'>servari</span> 
     </span>
    </p>
   </div>
   <div class='ocr_carea' id='block_1_40' title="bbox 728 2203 2312 2280">
    <p class='ocr_par' dir='ltr' id='par_1_40' title="bbox 728 2203 2312 2280">
     <span class='ocr_line' id='line_1_40' title="bbox 728 2203 2312 2280; baseline -0.003 -17"><span class='ocrx_word' id='word_1_263' title='bbox 728 2209 993 2280; x_wconf 88' lang='lat' dir='ltr'>potuerit,</span> <span class='ocrx_word' id='word_1_264' title='bbox 1033 2207 1246 2262; x_wconf 78' lang='lat' dir='ltr'>defecta</span> <span class='ocrx_word' id='word_1_265' title='bbox 1287 2206 1656 2276; x_wconf 73' lang='lat' dir='ltr'>gubernatore</span> <span class='ocrx_word' id='word_1_266' title='bbox 1702 2213 1757 2260; x_wconf 92' lang='lat' dir='ltr'>et</span> <span class='ocrx_word' id='word_1_267' title='bbox 1803 2205 2004 2258; x_wconf 82' lang='lat' dir='ltr'>nautis.</span> <span class='ocrx_word' id='word_1_268' title='bbox 2032 2203 2140 2258; x_wconf 89' lang='lat' dir='ltr'>Sed</span> <span class='ocrx_word' id='word_1_269' title='bbox 2187 2204 2312 2273; x_wconf 87' lang='lat' dir='ltr'>quis</span> 
     </span>
    </p>
   </div>
   <div class='ocr_carea' id='block_1_41' title="bbox 730 2295 2308 2364">
    <p class='ocr_par' dir='ltr' id='par_1_41' title="bbox 730 2295 2308 2364">
     <span class='ocr_line' id='line_1_41' title="bbox 730 2295 2308 2364; baseline -0.003 -10"><span class='ocrx_word' id='word_1_270' title='bbox 730 2301 786 2354; x_wconf 92' lang='lat' dir='ltr'>in</span> <span class='ocrx_word' id='word_1_271' title='bbox 831 2299 998 2353; x_wconf 82' lang='lat' dir='ltr'>rebus</span> <span class='ocrx_word' id='word_1_272' title='bbox 1042 2297 1292 2352; x_wconf 88' lang='lat' dir='ltr'>honestis</span> <span class='ocrx_word' id='word_1_273' title='bbox 1333 2297 1500 2351; x_wconf 81' lang='lat' dir='ltr'>fuerit</span> <span class='ocrx_word' id='word_1_274' title='bbox 1539 2295 1678 2350; x_wconf 88' lang='lat' dir='ltr'>adeo</span> <span class='ocrx_word' id='word_1_275' title='bbox 1719 2311 1913 2350; x_wconf 90' lang='lat' dir='ltr'>socors</span> <span class='ocrx_word' id='word_1_276' title='bbox 1957 2307 2012 2349; x_wconf 92' lang='lat' dir='ltr'>et</span> <span class='ocrx_word' id='word_1_277' title='bbox 2056 2297 2308 2364; x_wconf 82' lang='lat' dir='ltr'>ignavus,</span> 
     </span>
    </p>
   </div>
   <div class='ocr_carea' id='block_1_42' title="bbox 730 2383 2313 2455">
    <p class='ocr_par' dir='ltr' id='par_1_42' title="bbox 730 2383 2313 2455">
     <span class='ocr_line' id='line_1_42' title="bbox 730 2383 2313 2455; baseline -0.004 -13"><span class='ocrx_word' id='word_1_278' title='bbox 730 2398 825 2442; x_wconf 89' lang='lat' dir='ltr'>aut</span> <span class='ocrx_word' id='word_1_279' title='bbox 865 2383 1151 2442; x_wconf 84' lang='lat' dir='ltr'>auditores</span> <span class='ocrx_word' id='word_1_280' title='bbox 1178 2397 1348 2440; x_wconf 74' lang='lat' dir='ltr'>tanta:</span> <span class='ocrx_word' id='word_1_281' title='bbox 1392 2387 1672 2440; x_wconf 90' lang='lat' dir='ltr'>damnarit</span> <span class='ocrx_word' id='word_1_282' title='bbox 1710 2386 2057 2455; x_wconf 72' lang='lat' dir='ltr'>negligentiae</span> <span class='ocrx_word' id='word_1_283' title='bbox 2083 2394 2138 2438; x_wconf 90' lang='lat' dir='ltr'>et</span> <span class='ocrx_word' id='word_1_284' title='bbox 2169 2400 2313 2439; x_wconf 90' lang='lat' dir='ltr'>som-</span> 
     </span>
    </p>
   </div>
   <div class='ocr_carea' id='block_1_43' title="bbox 729 2477 2313 2546">
    <p class='ocr_par' dir='ltr' id='par_1_43' title="bbox 729 2477 2313 2546">
     <span class='ocr_line' id='line_1_43' title="bbox 729 2477 2313 2546; baseline -0.003 -11"><span class='ocrx_word' id='word_1_285' title='bbox 729 2479 1014 2543; x_wconf 68' lang='lat' dir='ltr'>nolentiae,</span> <span class='ocrx_word' id='word_1_286' title='bbox 1048 2489 1108 2532; x_wconf 90' lang='lat' dir='ltr'>ut</span> <span class='ocrx_word' id='word_1_287' title='bbox 1155 2493 1263 2531; x_wconf 91' lang='lat' dir='ltr'>non</span> <span class='ocrx_word' id='word_1_288' title='bbox 1310 2478 1543 2531; x_wconf 89' lang='lat' dir='ltr'>aliorum</span> <span class='ocrx_word' id='word_1_289' title='bbox 1603 2477 1768 2531; x_wconf 91' lang='lat' dir='ltr'>etiam</span> <span class='ocrx_word' id='word_1_290' title='bbox 1816 2477 2131 2530; x_wconf 87' lang='lat' dir='ltr'>meminerit</span> <span class='ocrx_word' id='word_1_291' title='bbox 2187 2492 2313 2546; x_wconf 83' lang='lat' dir='ltr'>pro-</span> 
     </span>
    </p>
   </div>
   <div class='ocr_carea' id='block_1_44' title="bbox 727 2569 2298 2642">
    <p class='ocr_par' dir='ltr' id='par_1_44' title="bbox 727 2569 2298 2642">
     <span class='ocr_line' id='line_1_44' title="bbox 727 2569 2298 2642; baseline -0.001 -18"><span class='ocrx_word' id='word_1_292' title='bbox 727 2573 906 2641; x_wconf 80' lang='lat' dir='ltr'>phetae</span> <span class='ocrx_word' id='word_1_293' title='bbox 946 2571 1109 2642; x_wconf 83' lang='lat' dir='ltr'>hujus</span> <span class='ocrx_word' id='word_1_294' title='bbox 1143 2570 1508 2636; x_wconf 88' lang='lat' dir='ltr'>admirabilis,</span> <span class='ocrx_word' id='word_1_295' title='bbox 1544 2586 1664 2638; x_wconf 79' lang='lat' dir='ltr'>quae</span> <span class='ocrx_word' id='word_1_296' title='bbox 1711 2579 1766 2624; x_wconf 92' lang='lat' dir='ltr'>et</span> <span class='ocrx_word' id='word_1_297' title='bbox 1818 2579 2051 2639; x_wconf 85' lang='lat' dir='ltr'>possunt</span> <span class='ocrx_word' id='word_1_298' title='bbox 2083 2569 2298 2624; x_wconf 76' lang='lat' dir='ltr'>allicere</span> 
     </span>
    </p>
   </div>
   <div class='ocr_carea' id='block_1_45' title="bbox 729 2662 2312 2732">
    <p class='ocr_par' dir='ltr' id='par_1_45' title="bbox 729 2662 2312 2732">
     <span class='ocr_line' id='line_1_45' title="bbox 729 2662 2312 2732; baseline -0.001 -15"><span class='ocrx_word' id='word_1_299' title='bbox 729 2663 1120 2728; x_wconf 88' lang='lat' dir='ltr'>admiratione,</span> <span class='ocrx_word' id='word_1_300' title='bbox 1147 2671 1202 2717; x_wconf 89' lang='lat' dir='ltr'>et</span> <span class='ocrx_word' id='word_1_301' title='bbox 1249 2676 1501 2732; x_wconf 69' lang='lat' dir='ltr'>magnam</span> <span class='ocrx_word' id='word_1_302' title='bbox 1547 2662 1743 2716; x_wconf 74' lang='lat' dir='ltr'>aﬂerre</span> <span class='ocrx_word' id='word_1_303' title='bbox 1794 2662 2085 2717; x_wconf 76' lang='lat' dir='ltr'>utilitatem</span> <span class='ocrx_word' id='word_1_304' title='bbox 2113 2662 2312 2716; x_wconf 88' lang='lat' dir='ltr'>animis</span> 
     </span>
    </p>
   </div>
   <div class='ocr_carea' id='block_1_46' title="bbox 730 2751 1102 2807">
    <p class='ocr_par' dir='ltr' id='par_1_46' title="bbox 730 2751 1102 2807">
     <span class='ocr_line' id='line_1_46' title="bbox 730 2751 1102 2807; baseline -0.005 -1"><span class='ocrx_word' id='word_1_305' title='bbox 730 2754 1049 2807; x_wconf 88' lang='lat' dir='ltr'>auditorum</span> <span class='ocrx_word' id='word_1_306' title='bbox 1079 2751 1102 2804; x_wconf 88' lang='lat'><strong>?</strong></span> 
     </span>
    </p>
   </div>
   <div class='ocr_carea' id='block_1_47' title="bbox 801 2841 2312 2912">
    <p class='ocr_par' dir='ltr' id='par_1_47' title="bbox 801 2841 2312 2912">
     <span class='ocr_line' id='line_1_47' title="bbox 801 2841 2312 2912; baseline -0.003 -14"><span class='ocrx_word' id='word_1_307' title='bbox 801 2845 968 2899; x_wconf 75' lang='lat' dir='ltr'>XXII.</span> <span class='ocrx_word' id='word_1_308' title='bbox 1005 2844 1135 2898; x_wconf 85' lang='lat' dir='ltr'>Erat</span> <span class='ocrx_word' id='word_1_309' title='bbox 1168 2844 1316 2898; x_wconf 91' lang='lat' dir='ltr'>enim</span> <span class='ocrx_word' id='word_1_310' title='bbox 1353 2853 1483 2898; x_wconf 89' lang='lat' dir='ltr'>tunc</span> <span class='ocrx_word' id='word_1_311' title='bbox 1513 2843 1659 2910; x_wconf 91' lang='lat' dir='ltr'>apud</span> <span class='ocrx_word' id='word_1_312' title='bbox 1691 2841 2021 2912; x_wconf 84' lang='lat' dir='ltr'>Babylonios</span> <span class='ocrx_word' id='word_1_313' title='bbox 2082 2841 2312 2894; x_wconf 88' lang='lat' dir='ltr'>simula-</span> 
     </span>
    </p>
   </div>
   <div class='ocr_carea' id='block_1_48' title="bbox 728 2933 2310 3003">
    <p class='ocr_par' dir='ltr' id='par_1_48' title="bbox 728 2933 2310 3003">
     <span class='ocr_line' id='line_1_48' title="bbox 728 2933 2310 3003; baseline -0.004 -12"><span class='ocrx_word' id='word_1_314' title='bbox 728 2951 909 3001; x_wconf 89' lang='lat' dir='ltr'>crum,</span> <span class='ocrx_word' id='word_1_315' title='bbox 931 2935 1075 3003; x_wconf 92' lang='lat' dir='ltr'>quod</span> <span class='ocrx_word' id='word_1_316' title='bbox 1108 2935 1161 2988; x_wconf 93' lang='lat' dir='ltr'>in</span> <span class='ocrx_word' id='word_1_317' title='bbox 1196 2949 1392 3003; x_wconf 80' lang='lat' dir='ltr'>magno</span> <span class='ocrx_word' id='word_1_318' title='bbox 1423 2933 1731 2986; x_wconf 89' lang='lat' dir='ltr'>habebatur</span> <span class='ocrx_word' id='word_1_319' title='bbox 1757 2933 1985 2986; x_wconf 88' lang='lat' dir='ltr'>honore.</span> <span class='ocrx_word' id='word_1_320' title='bbox 2016 2933 2073 2986; x_wconf 59' lang='lat' dir='ltr'>l&#39;li</span> <span class='ocrx_word' id='word_1_321' title='bbox 2107 2947 2310 2986; x_wconf 89' lang='lat' dir='ltr'>nomen</span> 
     </span>
    </p>
   </div>
   <div class='ocr_carea' id='block_1_49' title="bbox 728 3023 2312 3094">
    <p class='ocr_par' dir='ltr' id='par_1_49' title="bbox 728 3023 2312 3094">
     <span class='ocr_line' id='line_1_49' title="bbox 728 3023 2312 3094; baseline -0.004 -12"><span class='ocrx_word' id='word_1_322' title='bbox 728 3036 851 3082; x_wconf 90' lang='lat' dir='ltr'>erat</span> <span class='ocrx_word' id='word_1_323' title='bbox 881 3027 971 3080; x_wconf 88' lang='lat' dir='ltr'>Bel</span> <span class='ocrx_word' id='word_1_324' title='bbox 999 3044 1010 3080; x_wconf 92' lang='lat'><strong>:</strong></span> <span class='ocrx_word' id='word_1_325' title='bbox 1041 3025 1126 3080; x_wconf 92' lang='lat' dir='ltr'>eui</span> <span class='ocrx_word' id='word_1_326' title='bbox 1150 3023 1317 3078; x_wconf 90' lang='lat' dir='ltr'>etiam</span> <span class='ocrx_word' id='word_1_327' title='bbox 1352 3034 1611 3094; x_wconf 87' lang='lat' dir='ltr'>tanquam</span> <span class='ocrx_word' id='word_1_328' title='bbox 1656 3026 1759 3080; x_wconf 89' lang='lat' dir='ltr'>deo</span> <span class='ocrx_word' id='word_1_329' title='bbox 1791 3033 2172 3080; x_wconf 87' lang='lat' dir='ltr'>constructum</span> <span class='ocrx_word' id='word_1_330' title='bbox 2193 3032 2312 3078; x_wconf 89' lang='lat' dir='ltr'>erat</span> 
     </span>
    </p>
   </div>
   <div class='ocr_carea' id='block_1_50' title="bbox 734 3113 2377 3210">
    <p class='ocr_par' dir='ltr' id='par_1_50' title="bbox 734 3113 2377 3210">
     <span class='ocr_line' id='line_1_50' title="bbox 734 3113 2377 3210; baseline -0.006 -37"><span class='ocrx_word' id='word_1_331' title='bbox 734 3119 1001 3187; x_wconf 90' lang='lat' dir='ltr'>templum</span> <span class='ocrx_word' id='word_1_332' title='bbox 1030 3127 1087 3171; x_wconf 93' lang='lat' dir='ltr'>et</span> <span class='ocrx_word' id='word_1_333' title='bbox 1118 3132 1234 3177; x_wconf 90' lang='lat' dir='ltr'>ara,</span> <span class='ocrx_word' id='word_1_334' title='bbox 1299 3116 1462 3185; x_wconf 87' lang='lat' dir='ltr'>eique</span> <span class='ocrx_word' id='word_1_335' title='bbox 1494 3116 1831 3184; x_wconf 81' lang='lat' dir='ltr'>Suppeditati</span> <span class='ocrx_word' id='word_1_336' title='bbox 1883 3115 2103 3168; x_wconf 85' lang='lat' dir='ltr'>fuerant</span> <span class='ocrx_word' id='word_1_337' title='bbox 2167 3113 2301 3182; x_wconf 79' lang='lat' dir='ltr'>largi</span> <span class='ocrx_word' id='word_1_338' title='bbox 2334 3149 2377 3210; x_wconf 64' lang='grc' dir='ltr'>Ο</span> 
     </span>
    </p>
   </div>
   <div class='ocr_carea' id='block_1_51' title="bbox 730 3205 2308 3279">
    <p class='ocr_par' dir='ltr' id='par_1_51' title="bbox 730 3205 2308 3279">
     <span class='ocr_line' id='line_1_51' title="bbox 730 3205 2308 3279; baseline -0.004 -15"><span class='ocrx_word' id='word_1_339' title='bbox 730 3220 1021 3279; x_wconf 89' lang='lat' dir='ltr'>sumptus:</span> <span class='ocrx_word' id='word_1_340' title='bbox 1057 3217 1112 3261; x_wconf 90' lang='lat' dir='ltr'>et</span> <span class='ocrx_word' id='word_1_341' title='bbox 1137 3209 1282 3260; x_wconf 88' lang='lat' dir='ltr'>circa</span> <span class='ocrx_word' id='word_1_342' title='bbox 1313 3207 1468 3258; x_wconf 91' lang='lat' dir='ltr'>illum</span> <span class='ocrx_word' id='word_1_343' title='bbox 1505 3216 1626 3258; x_wconf 86' lang='lat' dir='ltr'>erat</span> <span class='ocrx_word' id='word_1_344' title='bbox 1656 3206 1918 3274; x_wconf 82' lang='lat' dir='ltr'>frequens</span> <span class='ocrx_word' id='word_1_345' title='bbox 1949 3205 2108 3258; x_wconf 89' lang='lat' dir='ltr'>turba</span> <span class='ocrx_word' id='word_1_346' title='bbox 2135 3220 2308 3258; x_wconf 86' lang='lat' dir='ltr'>sacer-</span> 
     </span>
    </p>
   </div>
   <div class='ocr_carea' id='block_1_52' title="bbox 729 3297 2306 3368">
    <p class='ocr_par' dir='ltr' id='par_1_52' title="bbox 729 3297 2306 3368">
     <span class='ocr_line' id='line_1_52' title="bbox 729 3297 2306 3368; baseline -0.001 -16"><span class='ocrx_word' id='word_1_347' title='bbox 729 3303 942 3354; x_wconf 80' lang='lat' dir='ltr'>dotum.</span> <span class='ocrx_word' id='word_1_348' title='bbox 978 3299 1242 3367; x_wconf 90' lang='lat' dir='ltr'>Sumptus</span> <span class='ocrx_word' id='word_1_349' title='bbox 1275 3312 1406 3352; x_wconf 87' lang='lat' dir='ltr'>vero</span> <span class='ocrx_word' id='word_1_350' title='bbox 1437 3297 1619 3366; x_wconf 88' lang='lat' dir='ltr'>specie</span> <span class='ocrx_word' id='word_1_351' title='bbox 1670 3298 1890 3367; x_wconf 88' lang='lat' dir='ltr'>quidem</span> <span class='ocrx_word' id='word_1_352' title='bbox 1937 3313 2001 3352; x_wconf 90' lang='lat' dir='ltr'>ac</span> <span class='ocrx_word' id='word_1_353' title='bbox 2043 3305 2306 3368; x_wconf 74' lang='lat' dir='ltr'>praztextu</span> 
     </span>
    </p>
   </div>
   <div class='ocr_carea' id='block_1_53' title="bbox 729 3389 2308 3462">
    <p class='ocr_par' dir='ltr' id='par_1_53' title="bbox 729 3389 2308 3462">
     <span class='ocr_line' id='line_1_53' title="bbox 729 3389 2308 3462; baseline -0.004 -13"><span class='ocrx_word' id='word_1_354' title='bbox 729 3393 1227 3462; x_wconf 86' lang='lat' dir='ltr'>suppeditabantur</span> <span class='ocrx_word' id='word_1_355' title='bbox 1281 3389 1466 3443; x_wconf 90' lang='lat' dir='ltr'>idolo:</span> <span class='ocrx_word' id='word_1_356' title='bbox 1501 3405 1692 3443; x_wconf 86' lang='lat' dir='ltr'>revera</span> <span class='ocrx_word' id='word_1_357' title='bbox 1746 3399 1929 3443; x_wconf 91' lang='lat' dir='ltr'>autem</span> <span class='ocrx_word' id='word_1_358' title='bbox 1965 3391 2033 3442; x_wconf 92' lang='lat' dir='ltr'>ab</span> <span class='ocrx_word' id='word_1_359' title='bbox 2076 3392 2197 3459; x_wconf 87' lang='lat' dir='ltr'>ejus</span> <span class='ocrx_word' id='word_1_360' title='bbox 2221 3404 2308 3442; x_wconf 87' lang='lat' dir='ltr'>sa-</span> 
     </span>
    </p>
   </div>
   <div class='ocr_carea' id='block_1_54' title="bbox 731 3479 2309 3548">
    <p class='ocr_par' dir='ltr' id='par_1_54' title="bbox 731 3479 2309 3548">
     <span class='ocr_line' id='line_1_54' title="bbox 731 3479 2309 3548; baseline -0.004 -10"><span class='ocrx_word' id='word_1_361' title='bbox 731 3483 1051 3538; x_wconf 78' lang='lat' dir='ltr'>cerdotibus</span> <span class='ocrx_word' id='word_1_362' title='bbox 1079 3482 1310 3532; x_wconf 89' lang='lat' dir='ltr'>latenter</span> <span class='ocrx_word' id='word_1_363' title='bbox 1335 3480 1825 3534; x_wconf 90' lang='lat' dir='ltr'>consumebantur.</span> <span class='ocrx_word' id='word_1_364' title='bbox 1860 3481 1915 3534; x_wconf 93' lang='lat' dir='ltr'>ld</span> <span class='ocrx_word' id='word_1_365' title='bbox 1952 3479 2064 3548; x_wconf 90' lang='lat' dir='ltr'>ipse</span> <span class='ocrx_word' id='word_1_366' title='bbox 2089 3495 2309 3547; x_wconf 88' lang='lat' dir='ltr'>quoque</span> 
     </span>
    </p>
   </div>
   <div class='ocr_carea' id='block_1_55' title="bbox 731 3569 2304 3638">
    <p class='ocr_par' dir='ltr' id='par_1_55' title="bbox 731 3569 2304 3638">
     <span class='ocr_line' id='line_1_55' title="bbox 731 3569 2304 3638; baseline -0.006 -10"><span class='ocrx_word' id='word_1_367' title='bbox 731 3590 826 3628; x_wconf 85' lang='lat' dir='ltr'>rex</span> <span class='ocrx_word' id='word_1_368' title='bbox 859 3571 1096 3627; x_wconf 72' lang='lat' dir='ltr'>colebat.</span> <span class='ocrx_word' id='word_1_369' title='bbox 1144 3570 1192 3624; x_wconf 86' lang='lat' dir='ltr'>Is</span> <span class='ocrx_word' id='word_1_370' title='bbox 1227 3578 1346 3622; x_wconf 89' lang='lat' dir='ltr'>erat</span> <span class='ocrx_word' id='word_1_371' title='bbox 1376 3569 1572 3638; x_wconf 80' lang='lat' dir='ltr'>Cyrus,</span> <span class='ocrx_word' id='word_1_372' title='bbox 1618 3569 1708 3636; x_wconf 88' lang='lat' dir='ltr'>qui</span> <span class='ocrx_word' id='word_1_373' title='bbox 1749 3569 1909 3621; x_wconf 89' lang='lat' dir='ltr'>Dario</span> <span class='ocrx_word' id='word_1_374' title='bbox 1943 3576 2304 3620; x_wconf 80' lang='lat' dir='ltr'>successerat.</span> 
     </span>
    </p>
   </div>
   <div class='ocr_carea' id='block_1_56' title="bbox 729 3660 2308 3731">
    <p class='ocr_par' dir='ltr' id='par_1_56' title="bbox 729 3660 2308 3731">
     <span class='ocr_line' id='line_1_56' title="bbox 729 3660 2308 3731; baseline -0.004 -14"><span class='ocrx_word' id='word_1_375' title='bbox 729 3666 833 3731; x_wconf 88' lang='lat' dir='ltr'>Qui</span> <span class='ocrx_word' id='word_1_376' title='bbox 893 3663 1081 3724; x_wconf 84' lang='lat' dir='ltr'>etiam,</span> <span class='ocrx_word' id='word_1_377' title='bbox 1113 3661 1374 3716; x_wconf 85' lang='lat' dir='ltr'>similiter</span> <span class='ocrx_word' id='word_1_378' title='bbox 1412 3671 1578 3727; x_wconf 87' lang='lat' dir='ltr'>atque</span> <span class='ocrx_word' id='word_1_379' title='bbox 1626 3661 1843 3720; x_wconf 86' lang='lat' dir='ltr'>Darius,</span> <span class='ocrx_word' id='word_1_380' title='bbox 1878 3660 2142 3711; x_wconf 88' lang='lat' dir='ltr'>honorem</span> <span class='ocrx_word' id='word_1_381' title='bbox 2174 3673 2308 3711; x_wconf 87' lang='lat' dir='ltr'>con-</span> 
     </span>
    </p>
   </div>
   <div class='ocr_carea' id='block_1_57' title="bbox 731 3749 2310 3812">
    <p class='ocr_par' dir='ltr' id='par_1_57' title="bbox 731 3749 2310 3812">
     <span class='ocr_line' id='line_1_57' title="bbox 731 3749 2310 3812; baseline -0.004 -1"><span class='ocrx_word' id='word_1_382' title='bbox 731 3770 959 3811; x_wconf 88' lang='lat' dir='ltr'>servans</span> <span class='ocrx_word' id='word_1_383' title='bbox 989 3755 1040 3805; x_wconf 90' lang='lat' dir='ltr'>in</span> <span class='ocrx_word' id='word_1_384' title='bbox 1075 3751 1376 3812; x_wconf 87' lang='lat' dir='ltr'>Danielem,</span> <span class='ocrx_word' id='word_1_385' title='bbox 1406 3765 1531 3801; x_wconf 90' lang='lat' dir='ltr'>eum</span> <span class='ocrx_word' id='word_1_386' title='bbox 1586 3749 1824 3803; x_wconf 85' lang='lat' dir='ltr'>habebat</span> <span class='ocrx_word' id='word_1_387' title='bbox 1853 3751 2227 3804; x_wconf 91' lang='lat' dir='ltr'>convictorem</span> <span class='ocrx_word' id='word_1_388' title='bbox 2255 3759 2310 3804; x_wconf 88' lang='lat' dir='ltr'>et</span> 
     </span>
    </p>
   </div>
   <div class='ocr_carea' id='block_1_58' title="bbox 728 3840 2310 3917">
    <p class='ocr_par' dir='ltr' id='par_1_58' title="bbox 728 3840 2310 3917">
     <span class='ocr_line' id='line_1_58' title="bbox 728 3840 2310 3917; baseline -0.003 -18"><span class='ocrx_word' id='word_1_389' title='bbox 728 3843 1185 3917; x_wconf 73' lang='lat' dir='ltr'>gloriosissim&#39;nn</span> <span class='ocrx_word' id='word_1_390' title='bbox 1231 3841 1478 3895; x_wconf 90' lang='lat' dir='ltr'>omnium</span> <span class='ocrx_word' id='word_1_391' title='bbox 1531 3855 1753 3892; x_wconf 91' lang='lat' dir='ltr'>suorum</span> <span class='ocrx_word' id='word_1_392' title='bbox 1796 3840 2116 3895; x_wconf 89' lang='lat' dir='ltr'>amicorum.</span> <span class='ocrx_word' id='word_1_393' title='bbox 2173 3842 2310 3895; x_wconf 84' lang='lat' dir='ltr'>Hinc</span> 
     </span>
    </p>
   </div>
   <div class='ocr_carea' id='block_1_59' title="bbox 728 3931 2310 3996">
    <p class='ocr_par' dir='ltr' id='par_1_59' title="bbox 728 3931 2310 3996">
     <span class='ocr_line' id='line_1_59' title="bbox 728 3931 2310 3996; baseline -0.006 -4"><span class='ocrx_word' id='word_1_394' title='bbox 728 3939 892 3992; x_wconf 92' lang='lat' dir='ltr'>etiam</span> <span class='ocrx_word' id='word_1_395' title='bbox 921 3938 1123 3990; x_wconf 80' lang='lat' dir='ltr'>factum</span> <span class='ocrx_word' id='word_1_396' title='bbox 1156 3943 1256 3996; x_wconf 87' lang='lat' dir='ltr'>est,</span> <span class='ocrx_word' id='word_1_397' title='bbox 1289 3942 1348 3986; x_wconf 91' lang='lat' dir='ltr'>ut</span> <span class='ocrx_word' id='word_1_398' title='bbox 1370 3933 1418 3987; x_wconf 91' lang='lat' dir='ltr'>ei</span> <span class='ocrx_word' id='word_1_399' title='bbox 1446 3933 1703 3987; x_wconf 86' lang='lat' dir='ltr'>suaderet</span> <span class='ocrx_word' id='word_1_400' title='bbox 1738 3941 1796 3981; x_wconf 93' lang='lat' dir='ltr'>ut</span> <span class='ocrx_word' id='word_1_401' title='bbox 1833 3931 1924 3982; x_wconf 87' lang='lat' dir='ltr'>Bel</span> <span class='ocrx_word' id='word_1_402' title='bbox 1953 3932 2162 3984; x_wconf 90' lang='lat' dir='ltr'>coleret</span> <span class='ocrx_word' id='word_1_403' title='bbox 2190 3941 2310 3984; x_wconf 90' lang='lat' dir='ltr'>tan-</span> 
     </span>
    </p>
   </div>
   <div class='ocr_carea' id='block_1_60' title="bbox 730 4023 2309 4102">
    <p class='ocr_par' dir='ltr' id='par_1_60' title="bbox 730 4023 2309 4102">
     <span class='ocr_line' id='line_1_60' title="bbox 730 4023 2309 4102; baseline -0.003 -18"><span class='ocrx_word' id='word_1_404' title='bbox 730 4047 892 4102; x_wconf 85' lang='lat' dir='ltr'>quam</span> <span class='ocrx_word' id='word_1_405' title='bbox 934 4031 1094 4084; x_wconf 89' lang='lat' dir='ltr'>deum</span> <span class='ocrx_word' id='word_1_406' title='bbox 1119 4029 1416 4080; x_wconf 83' lang='lat' dir='ltr'>viventem.</span> <span class='ocrx_word' id='word_1_407' title='bbox 1446 4029 1526 4076; x_wconf 82' lang='lat' dir='ltr'>An</span> <span class='ocrx_word' id='word_1_408' title='bbox 1557 4039 1664 4076; x_wconf 91' lang='lat' dir='ltr'>non</span> <span class='ocrx_word' id='word_1_409' title='bbox 1696 4023 1871 4087; x_wconf 82' lang='lat' dir='ltr'>vides,</span> <span class='ocrx_word' id='word_1_410' title='bbox 1926 4023 2127 4094; x_wconf 87' lang='lat' dir='ltr'>inquit,</span> <span class='ocrx_word' id='word_1_411' title='bbox 2162 4025 2309 4095; x_wconf 90' lang='lat' dir='ltr'>quod</span> 
     </span>
    </p>
   </div>
   <div class='ocr_carea' id='block_1_61' title="bbox 728 4115 2306 4188">
    <p class='ocr_par' dir='ltr' id='par_1_61' title="bbox 728 4115 2306 4188">
     <span class='ocr_line' id='line_1_61' title="bbox 728 4115 2306 4188; baseline -0.002 -12"><span class='ocrx_word' id='word_1_412' title='bbox 728 4122 924 4176; x_wconf 77' lang='lat' dir='ltr'>simila:</span> <span class='ocrx_word' id='word_1_413' title='bbox 961 4118 1184 4188; x_wconf 92' lang='lat' dir='ltr'>quidem</span> <span class='ocrx_word' id='word_1_414' title='bbox 1238 4116 1470 4172; x_wconf 82' lang='lat' dir='ltr'>Artabas</span> <span class='ocrx_word' id='word_1_415' title='bbox 1519 4115 1809 4174; x_wconf 88' lang='lat' dir='ltr'>duodecim</span> <span class='ocrx_word' id='word_1_416' title='bbox 1851 4118 2122 4186; x_wconf 90' lang='lat' dir='ltr'>quotidie,</span> <span class='ocrx_word' id='word_1_417' title='bbox 2175 4134 2306 4174; x_wconf 89' lang='lat' dir='ltr'>oves</span> 
     </span>
    </p>
   </div>
   <div class='ocr_carea' id='block_1_62' title="bbox 727 4209 2309 4280">
    <p class='ocr_par' dir='ltr' id='par_1_62' title="bbox 727 4209 2309 4280">
     <span class='ocr_line' id='line_1_62' title="bbox 727 4209 2309 4280; baseline -0.004 -11"><span class='ocrx_word' id='word_1_418' title='bbox 727 4226 909 4268; x_wconf 84' lang='lat' dir='ltr'>autem</span> <span class='ocrx_word' id='word_1_419' title='bbox 947 4228 1055 4266; x_wconf 90' lang='lat' dir='ltr'>non</span> <span class='ocrx_word' id='word_1_420' title='bbox 1091 4209 1384 4280; x_wconf 87' lang='lat' dir='ltr'>pauciores</span> <span class='ocrx_word' id='word_1_421' title='bbox 1413 4225 1576 4278; x_wconf 89' lang='lat' dir='ltr'>quam</span> <span class='ocrx_word' id='word_1_422' title='bbox 1605 4209 1969 4278; x_wconf 78' lang='lat' dir='ltr'>quadraginta</span> <span class='ocrx_word' id='word_1_423' title='bbox 2011 4211 2309 4264; x_wconf 82' lang='lat' dir='ltr'>comedat?</span> 
     </span>
    </p>
   </div>
   <div class='ocr_carea' id='block_1_63' title="bbox 728 4301 2304 4360">
    <p class='ocr_par' dir='ltr' id='par_1_63' title="bbox 728 4301 2304 4360">
     <span class='ocr_line' id='line_1_63' title="bbox 728 4301 2304 4360; baseline -0.002 -2"><span class='ocrx_word' id='word_1_424' title='bbox 728 4308 841 4360; x_wconf 85' lang='lat' dir='ltr'>vini</span> <span class='ocrx_word' id='word_1_425' title='bbox 872 4319 1004 4358; x_wconf 89' lang='lat' dir='ltr'>vero</span> <span class='ocrx_word' id='word_1_426' title='bbox 1039 4319 1133 4356; x_wconf 78' lang='lat' dir='ltr'>sex</span> <span class='ocrx_word' id='word_1_427' title='bbox 1161 4309 1302 4353; x_wconf 91' lang='lat' dir='ltr'>totas</span> <span class='ocrx_word' id='word_1_428' title='bbox 1331 4301 1520 4354; x_wconf 89' lang='lat' dir='ltr'>ebibat</span> <span class='ocrx_word' id='word_1_429' title='bbox 1553 4301 1849 4356; x_wconf 89' lang='lat' dir='ltr'>metretas?</span> <span class='ocrx_word' id='word_1_430' title='bbox 1882 4302 1975 4355; x_wconf 84' lang='lat' dir='ltr'>Est</span> <span class='ocrx_word' id='word_1_431' title='bbox 2009 4301 2113 4355; x_wconf 90' lang='lat' dir='ltr'>hoc</span> <span class='ocrx_word' id='word_1_432' title='bbox 2143 4318 2304 4355; x_wconf 90' lang='lat' dir='ltr'>error</span> 
     </span>
    </p>
   </div>
   <div class='ocr_carea' id='block_1_64' title="bbox 731 4391 2303 4462">
    <p class='ocr_par' dir='ltr' id='par_1_64' title="bbox 731 4391 2303 4462">
     <span class='ocr_line' id='line_1_64' title="bbox 731 4391 2303 4462; baseline -0.001 -13"><span class='ocrx_word' id='word_1_433' title='bbox 731 4395 1053 4450; x_wconf 77' lang='lat' dir='ltr'>manifestus</span> <span class='ocrx_word' id='word_1_434' title='bbox 1085 4402 1143 4446; x_wconf 91' lang='lat' dir='ltr'>et</span> <span class='ocrx_word' id='word_1_435' title='bbox 1189 4405 1379 4461; x_wconf 78' lang='lat' dir='ltr'>aperte</span> <span class='ocrx_word' id='word_1_436' title='bbox 1431 4391 1702 4462; x_wconf 86' lang='lat' dir='ltr'>deceptio,</span> <span class='ocrx_word' id='word_1_437' title='bbox 1741 4393 1814 4444; x_wconf 90' lang='lat' dir='ltr'>ait</span> <span class='ocrx_word' id='word_1_438' title='bbox 1873 4393 1968 4446; x_wconf 90' lang='lat' dir='ltr'>Dei</span> <span class='ocrx_word' id='word_1_439' title='bbox 2013 4394 2303 4462; x_wconf 85' lang='lat' dir='ltr'>propheta.</span> 
     </span>
    </p>
   </div>
   <div class='ocr_carea' id='block_1_65' title="bbox 2419 1934 4006 2004">
    <p class='ocr_par' dir='ltr' id='par_1_65' title="bbox 2419 1934 4006 2004">
     <span class='ocr_line' id='line_1_65' title="bbox 2419 1934 4006 2004; baseline 0.001 -18"><span class='ocrx_word' id='word_1_440' title='bbox 2419 1936 2604 2003; x_wconf 87' lang='grc' dir='ltr'>μάτως</span> <span class='ocrx_word' id='word_1_441' title='bbox 2652 1934 2868 1987; x_wconf 77' lang='grc' dir='ltr'>ἅπαντα</span> <span class='ocrx_word' id='word_1_442' title='bbox 2908 1934 3177 2004; x_wconf 80' lang='grc' dir='ltr'>φέρεσθαι</span> <span class='ocrx_word' id='word_1_443' title='bbox 3220 1935 3462 2002; x_wconf 86' lang='grc' dir='ltr'>λέγουσι,</span> <span class='ocrx_word' id='word_1_444' title='bbox 3495 1935 3680 1997; x_wconf 89' lang='grc' dir='ltr'>κακῶς</span> <span class='ocrx_word' id='word_1_445' title='bbox 3709 1934 3853 1987; x_wconf 87' lang='grc' dir='ltr'>οῦτω</span> <span class='ocrx_word' id='word_1_446' title='bbox 3907 1938 4006 1988; x_wconf 75' lang='grc' dir='ltr'>καὶ</span> 
     </span>
    </p>
   </div>
   <div class='ocr_carea' id='block_1_66' title="bbox 2415 2024 4004 2097">
    <p class='ocr_par' dir='ltr' id='par_1_66' title="bbox 2415 2024 4004 2097">
     <span class='ocr_line' id='line_1_66' title="bbox 2415 2024 4004 2097; baseline 0.001 -21"><span class='ocrx_word' id='word_1_447' title='bbox 2415 2024 2738 2094; x_wconf 64' lang='grc' dir='ltr'>φρονοῦντες</span> <span class='ocrx_word' id='word_1_448' title='bbox 2787 2026 2879 2078; x_wconf 75' lang='grc' dir='ltr'>καὶ</span> <span class='ocrx_word' id='word_1_449' title='bbox 2913 2025 3161 2094; x_wconf 83' lang='grc' dir='ltr'>λέγοντες</span> <span class='ocrx_word' id='word_1_450' title='bbox 3202 2027 3249 2079; x_wconf 80' lang='grc' dir='ltr'>οἱ</span> <span class='ocrx_word' id='word_1_451' title='bbox 3298 2026 3592 2097; x_wconf 81' lang='grc' dir='ltr'>προφανῶς</span> <span class='ocrx_word' id='word_1_452' title='bbox 3638 2028 3859 2094; x_wconf 72' lang='grc' dir='ltr'>ἀνόητοι</span> <span class='ocrx_word' id='word_1_453' title='bbox 3910 2028 4004 2079; x_wconf 80' lang='grc' dir='ltr'>καὶ</span> 
     </span>
    </p>
   </div>
   <div class='ocr_carea' id='block_1_67' title="bbox 2413 2117 4004 2187">
    <p class='ocr_par' dir='ltr' id='par_1_67' title="bbox 2413 2117 4004 2187">
     <span class='ocr_line' id='line_1_67' title="bbox 2413 2117 4004 2187; baseline 0.001 -18"><span class='ocrx_word' id='word_1_454' title='bbox 2413 2117 2514 2170; x_wconf 81' lang='grc' dir='ltr'>ούκ</span> <span class='ocrx_word' id='word_1_455' title='bbox 2566 2119 2790 2182; x_wconf 80' lang='grc' dir='ltr'>εἰδότες,</span> <span class='ocrx_word' id='word_1_456' title='bbox 2841 2119 2915 2182; x_wconf 83' lang='grc' dir='ltr'>ὡς</span> <span class='ocrx_word' id='word_1_457' title='bbox 2972 2120 3092 2172; x_wconf 80' lang='grc' dir='ltr'>οῦδὲ</span> <span class='ocrx_word' id='word_1_458' title='bbox 3154 2119 3286 2182; x_wconf 88' lang='grc' dir='ltr'>ναῦς</span> <span class='ocrx_word' id='word_1_459' title='bbox 3347 2121 3404 2172; x_wconf 85' lang='grc' dir='ltr'>ὲν</span> <span class='ocrx_word' id='word_1_460' title='bbox 3459 2120 3639 2187; x_wconf 81' lang='grc' dir='ltr'>λιμένι</span> <span class='ocrx_word' id='word_1_461' title='bbox 3703 2120 4004 2186; x_wconf 79' lang='grc' dir='ltr'>διασωθείη</span> 
     </span>
    </p>
   </div>
   <div class='ocr_carea' id='block_1_68' title="bbox 2413 2207 4004 2278">
    <p class='ocr_par' dir='ltr' id='par_1_68' title="bbox 2413 2207 4004 2278">
     <span class='ocr_line' id='line_1_68' title="bbox 2413 2207 4004 2278; baseline 0.001 -18"><span class='ocrx_word' id='word_1_462' title='bbox 2413 2207 2748 2277; x_wconf 86' lang='grc' dir='ltr'>κυϐερνήτου</span> <span class='ocrx_word' id='word_1_463' title='bbox 2791 2210 2883 2260; x_wconf 72' lang='grc' dir='ltr'>καὶ</span> <span class='ocrx_word' id='word_1_464' title='bbox 2909 2210 3122 2262; x_wconf 84' lang='grc' dir='ltr'>ναυτῶν</span> <span class='ocrx_word' id='word_1_465' title='bbox 3155 2210 3383 2278; x_wconf 82' lang='grc' dir='ltr'>ἔρημος.</span> <span class='ocrx_word' id='word_1_466' title='bbox 3433 2209 3596 2262; x_wconf 78' lang='grc' dir='ltr'>Ἀλλά</span> <span class='ocrx_word' id='word_1_467' title='bbox 3623 2209 3704 2272; x_wconf 86' lang='grc' dir='ltr'>τίς</span> <span class='ocrx_word' id='word_1_468' title='bbox 3738 2210 3803 2262; x_wconf 77' lang='grc' dir='ltr'>ἂν</span> <span class='ocrx_word' id='word_1_469' title='bbox 3833 2211 4004 2278; x_wconf 71' lang='grc' dir='ltr'>ῥᾴθυ-</span> 
     </span>
    </p>
   </div>
   <div class='ocr_carea' id='block_1_69' title="bbox 2427 2299 4003 2370">
    <p class='ocr_par' dir='ltr' id='par_1_69' title="bbox 2427 2299 4003 2370">
     <span class='ocr_line' id='line_1_69' title="bbox 2427 2299 4003 2370; baseline 0.003 -20"><span class='ocrx_word' id='word_1_470' title='bbox 2427 2316 2540 2367; x_wconf 86' lang='grc' dir='ltr'>μως</span> <span class='ocrx_word' id='word_1_471' title='bbox 2579 2300 2720 2351; x_wconf 79' lang='grc' dir='ltr'>οῦτω</span> <span class='ocrx_word' id='word_1_472' title='bbox 2761 2299 2888 2367; x_wconf 82' lang='grc' dir='ltr'>περὶ</span> <span class='ocrx_word' id='word_1_473' title='bbox 2924 2301 2992 2351; x_wconf 73' lang='grc' dir='ltr'>τὰ</span> <span class='ocrx_word' id='word_1_474' title='bbox 3046 2299 3184 2350; x_wconf 85' lang='grc' dir='ltr'>καλά</span> <span class='ocrx_word' id='word_1_475' title='bbox 3234 2301 3444 2366; x_wconf 89' lang='grc' dir='ltr'>γένοιτο</span> <span class='ocrx_word' id='word_1_476' title='bbox 3484 2299 3515 2370; x_wconf 84' lang='grc' dir='ltr'>ἢ</span> <span class='ocrx_word' id='word_1_477' title='bbox 3554 2300 3660 2351; x_wconf 89' lang='grc' dir='ltr'>τῶν</span> <span class='ocrx_word' id='word_1_478' title='bbox 3706 2303 4003 2370; x_wconf 56' lang='grc' dir='ltr'>ἀκφωμέ-</span> 
     </span>
    </p>
   </div>
   <div class='ocr_carea' id='block_1_70' title="bbox 2415 2390 4005 2460">
    <p class='ocr_par' dir='ltr' id='par_1_70' title="bbox 2415 2390 4005 2460">
     <span class='ocr_line' id='line_1_70' title="bbox 2415 2390 4005 2460; baseline 0.003 -20"><span class='ocrx_word' id='word_1_479' title='bbox 2415 2407 2518 2441; x_wconf 90' lang='grc' dir='ltr'>νων</span> <span class='ocrx_word' id='word_1_480' title='bbox 2561 2390 2834 2459; x_wconf 80' lang='grc' dir='ltr'>ρᾳθυμίαν</span> <span class='ocrx_word' id='word_1_481' title='bbox 2864 2391 3131 2460; x_wconf 81' lang='grc' dir='ltr'>τοσαύτην</span> <span class='ocrx_word' id='word_1_482' title='bbox 3182 2391 3272 2442; x_wconf 73' lang='grc' dir='ltr'>καὶ</span> <span class='ocrx_word' id='word_1_483' title='bbox 3313 2391 3478 2444; x_wconf 84' lang='grc' dir='ltr'>ῦπνον</span> <span class='ocrx_word' id='word_1_484' title='bbox 3515 2393 3898 2460; x_wconf 84' lang='grc' dir='ltr'>κατεγνωκὼς.</span> <span class='ocrx_word' id='word_1_485' title='bbox 3925 2394 4005 2456; x_wconf 83' lang='grc' dir='ltr'>ὡς</span> 
     </span>
    </p>
   </div>
   <div class='ocr_carea' id='block_1_71' title="bbox 2417 2479 4004 2552">
    <p class='ocr_par' dir='ltr' id='par_1_71' title="bbox 2417 2479 4004 2552">
     <span class='ocr_line' id='line_1_71' title="bbox 2417 2479 4004 2552; baseline 0.001 -20"><span class='ocrx_word' id='word_1_486' title='bbox 2417 2480 2490 2550; x_wconf 81' lang='grc' dir='ltr'>μὴ</span> <span class='ocrx_word' id='word_1_487' title='bbox 2524 2485 2615 2532; x_wconf 71' lang='grc' dir='ltr'>καὶ</span> <span class='ocrx_word' id='word_1_488' title='bbox 2644 2479 2750 2532; x_wconf 85' lang='grc' dir='ltr'>τῶν</span> <span class='ocrx_word' id='word_1_489' title='bbox 2781 2481 2956 2535; x_wconf 86' lang='grc' dir='ltr'>ἄλλων</span> <span class='ocrx_word' id='word_1_490' title='bbox 2998 2482 3090 2534; x_wconf 85' lang='grc' dir='ltr'>τοῦ</span> <span class='ocrx_word' id='word_1_491' title='bbox 3129 2481 3448 2549; x_wconf 87' lang='grc' dir='ltr'>θαυμαστοῦ</span> <span class='ocrx_word' id='word_1_492' title='bbox 3483 2485 3672 2535; x_wconf 83' lang='grc' dir='ltr'>τούτου</span> <span class='ocrx_word' id='word_1_493' title='bbox 3717 2488 4004 2552; x_wconf 75' lang='grc' dir='ltr'>προφήτου</span> 
     </span>
    </p>
   </div>
   <div class='ocr_carea' id='block_1_72' title="bbox 2413 2572 4004 2641">
    <p class='ocr_par' dir='ltr' id='par_1_72' title="bbox 2413 2572 4004 2641">
     <span class='ocr_line' id='line_1_72' title="bbox 2413 2572 4004 2641; baseline -0.001 -18"><span class='ocrx_word' id='word_1_494' title='bbox 2413 2572 2822 2641; x_wconf 77' lang='grc' dir='ltr'>ἐπιμνησθῆναι</span> <span class='ocrx_word' id='word_1_495' title='bbox 2854 2575 3132 2640; x_wconf 75' lang='grc' dir='ltr'>θαυμάσαι</span> <span class='ocrx_word' id='word_1_496' title='bbox 3163 2592 3218 2624; x_wconf 91' lang='grc' dir='ltr'>τε</span> <span class='ocrx_word' id='word_1_497' title='bbox 3252 2575 3453 2626; x_wconf 86' lang='grc' dir='ltr'>ἱκανῶν</span> <span class='ocrx_word' id='word_1_498' title='bbox 3478 2575 3646 2625; x_wconf 75' lang='grc' dir='ltr'>ὄντων</span> <span class='ocrx_word' id='word_1_499' title='bbox 3671 2577 3766 2625; x_wconf 73' lang='grc' dir='ltr'>καὶ</span> <span class='ocrx_word' id='word_1_500' title='bbox 3797 2575 4004 2637; x_wconf 68' lang='grc' dir='ltr'>πολλὴν</span> 
     </span>
    </p>
   </div>
   <div class='ocr_carea' id='block_1_73' title="bbox 2412 2661 4001 2732">
    <p class='ocr_par' dir='ltr' id='par_1_73' title="bbox 2412 2661 4001 2732">
     <span class='ocr_line' id='line_1_73' title="bbox 2412 2661 4001 2732; baseline -0.002 -18"><span class='ocrx_word' id='word_1_501' title='bbox 2412 2663 2678 2732; x_wconf 83' lang='grc' dir='ltr'>ὠφέλειαν</span> <span class='ocrx_word' id='word_1_502' title='bbox 2708 2666 2825 2723; x_wconf 83' lang='grc' dir='ltr'>ταῖς</span> <span class='ocrx_word' id='word_1_503' title='bbox 2854 2664 2961 2713; x_wconf 85' lang='grc' dir='ltr'>τῶν</span> <span class='ocrx_word' id='word_1_504' title='bbox 3002 2664 3290 2730; x_wconf 80' lang='grc' dir='ltr'>ἀκροατῶν</span> <span class='ocrx_word' id='word_1_505' title='bbox 3325 2663 3522 2731; x_wconf 65' lang='grc' dir='ltr'>ψυχαῖς</span> <span class='ocrx_word' id='word_1_506' title='bbox 3546 2661 3805 2730; x_wconf 74' lang='grc' dir='ltr'>ἐμϐαλεῖν</span> <span class='ocrx_word' id='word_1_507' title='bbox 3837 2661 4001 2712; x_wconf 82' lang='grc' dir='ltr'>δυνα-</span> 
     </span>
    </p>
   </div>
   <div class='ocr_carea' id='block_1_74' title="bbox 2394 2753 2630 2829">
    <p class='ocr_par' dir='ltr' id='par_1_74' title="bbox 2394 2753 2630 2829">
     <span class='ocr_line' id='line_1_74' title="bbox 2394 2753 2630 2829; baseline -0.008 -27"><span class='ocrx_word' id='word_1_508' title='bbox 2394 2753 2595 2829; x_wconf 51' lang='grc' dir='ltr'>μένων</span> <span class='ocrx_word' id='word_1_509' title='bbox 2617 2767 2630 2814; x_wconf 91' lang='grc'>;</span> 
     </span>
    </p>
   </div>
   <div class='ocr_carea' id='block_1_75' title="bbox 2469 2839 4002 2910">
    <p class='ocr_par' dir='ltr' id='par_1_75' title="bbox 2469 2839 4002 2910">
     <span class='ocr_line' id='line_1_75' title="bbox 2469 2839 4002 2910; baseline 0 -17"><span class='ocrx_word' id='word_1_510' title='bbox 2469 2841 2611 2906; x_wconf 50' lang='grc' dir='ltr'>,ΚΒἏ</span> <span class='ocrx_word' id='word_1_511' title='bbox 2641 2839 2749 2893; x_wconf 84' lang='grc' dir='ltr'>Ἦν</span> <span class='ocrx_word' id='word_1_512' title='bbox 2786 2841 2892 2910; x_wconf 78' lang='grc' dir='ltr'>γάρ</span> <span class='ocrx_word' id='word_1_513' title='bbox 2921 2844 3040 2895; x_wconf 80' lang='grc' dir='ltr'>τότε</span> <span class='ocrx_word' id='word_1_514' title='bbox 3069 2843 3182 2906; x_wconf 80' lang='grc' dir='ltr'>τοῖς</span> <span class='ocrx_word' id='word_1_515' title='bbox 3207 2842 3570 2903; x_wconf 81' lang='grc' dir='ltr'>Βαϐυλωνίοις</span> <span class='ocrx_word' id='word_1_516' title='bbox 3611 2843 3754 2896; x_wconf 86' lang='grc' dir='ltr'>πάνυ</span> <span class='ocrx_word' id='word_1_517' title='bbox 3790 2842 4002 2910; x_wconf 81' lang='grc' dir='ltr'>σφόδρα</span> 
     </span>
    </p>
   </div>
   <div class='ocr_carea' id='block_1_76' title="bbox 2413 2920 4002 3003">
    <p class='ocr_par' dir='ltr' id='par_1_76' title="bbox 2413 2926 4002 3003">
     <span class='ocr_line' id='line_1_76' title="bbox 2413 2926 4002 3003; baseline 0.001 -19"><span class='ocrx_word' id='word_1_518' title='bbox 2413 2933 2724 3002; x_wconf 83' lang='grc' dir='ltr'>τιμώμενον</span> <span class='ocrx_word' id='word_1_519' title='bbox 2759 2933 3006 2985; x_wconf 79' lang='grc' dir='ltr'>εἴδωλον·</span> <span class='ocrx_word' id='word_1_520' title='bbox 3037 2934 3210 3003; x_wconf 76' lang='grc' dir='ltr'>ὄνομα</span> <span class='ocrx_word' id='word_1_521' title='bbox 3269 2933 3444 3003; x_wconf 78' lang='grc' dir='ltr'>τούτῳ</span> <span class='ocrx_word' id='word_1_522' title='bbox 3499 2933 3626 3003; x_wconf 75' lang='grc' dir='ltr'>Βὴλ,</span> <span class='ocrx_word' id='word_1_523' title='bbox 3776 2935 3870 2986; x_wconf 76' lang='grc' dir='ltr'>καὶ</span> <span class='ocrx_word' id='word_1_524' title='bbox 3908 2928 4002 2986; x_wconf 74' lang='grc' dir='ltr'>οἷα</span> 
     </span>
    </p>
   </div>
   <div class='ocr_carea' id='block_1_77' title="bbox 2414 3024 4003 3094">
    <p class='ocr_par' dir='ltr' id='par_1_77' title="bbox 2414 3024 4003 3094">
     <span class='ocr_line' id='line_1_77' title="bbox 2414 3024 4003 3094; baseline 0.001 -18"><span class='ocrx_word' id='word_1_525' title='bbox 2414 3024 2520 3093; x_wconf 81' lang='grc' dir='ltr'>θεῷ</span> <span class='ocrx_word' id='word_1_526' title='bbox 2568 3025 2693 3086; x_wconf 83' lang='grc' dir='ltr'>ναὸς</span> <span class='ocrx_word' id='word_1_527' title='bbox 2741 3025 3146 3078; x_wconf 78' lang='grc' dir='ltr'>κατεσκεύαστο</span> <span class='ocrx_word' id='word_1_528' title='bbox 3183 3027 3276 3078; x_wconf 66' lang='grc' dir='ltr'>καὶ</span> <span class='ocrx_word' id='word_1_529' title='bbox 3322 3027 3504 3094; x_wconf 73' lang='grc' dir='ltr'>βωμὸς</span> <span class='ocrx_word' id='word_1_530' title='bbox 3537 3025 3772 3078; x_wconf 76' lang='grc' dir='ltr'>δαπάναι</span> <span class='ocrx_word' id='word_1_531' title='bbox 3815 3043 3873 3077; x_wconf 82' lang='grc' dir='ltr'>τε</span> <span class='ocrx_word' id='word_1_532' title='bbox 3907 3043 4003 3078; x_wconf 78' lang='grc' dir='ltr'>κε-</span> 
     </span>
    </p>
   </div>
   <div class='ocr_carea' id='block_1_78' title="bbox 2418 3113 4003 3186">
    <p class='ocr_par' dir='ltr' id='par_1_78' title="bbox 2418 3113 4003 3186">
     <span class='ocr_line' id='line_1_78' title="bbox 2418 3113 4003 3186; baseline 0.003 -24"><span class='ocrx_word' id='word_1_533' title='bbox 2418 3115 2726 3182; x_wconf 78' lang='grc' dir='ltr'>χορήγηντο</span> <span class='ocrx_word' id='word_1_534' title='bbox 2772 3115 3011 3182; x_wconf 61' lang='grc' dir='ltr'>δαψιλεῖς</span> <span class='ocrx_word' id='word_1_535' title='bbox 3039 3130 3053 3143; x_wconf 86' lang='grc'>⁶</span> <span class='ocrx_word' id='word_1_536' title='bbox 3115 3118 3209 3168; x_wconf 70' lang='grc' dir='ltr'>καὶ</span> <span class='ocrx_word' id='word_1_537' title='bbox 3259 3117 3412 3184; x_wconf 70' lang='grc' dir='ltr'>ὖχλος</span> <span class='ocrx_word' id='word_1_538' title='bbox 3452 3118 3646 3186; x_wconf 74' lang='grc' dir='ltr'>ἱερέων</span> <span class='ocrx_word' id='word_1_539' title='bbox 3689 3113 3830 3186; x_wconf 81' lang='grc' dir='ltr'>ἦσαν</span> <span class='ocrx_word' id='word_1_540' title='bbox 3863 3118 4003 3184; x_wconf 75' lang='grc' dir='ltr'>περὶ</span> 
     </span>
    </p>
   </div>
   <div class='ocr_carea' id='block_1_79' title="bbox 2414 3205 4004 3276">
    <p class='ocr_par' dir='ltr' id='par_1_79' title="bbox 2414 3205 4004 3276">
     <span class='ocr_line' id='line_1_79' title="bbox 2414 3205 4004 3276; baseline 0.001 -20"><span class='ocrx_word' id='word_1_541' title='bbox 2414 3205 2623 3258; x_wconf 81' lang='grc' dir='ltr'>ἐκείνου</span> <span class='ocrx_word' id='word_1_542' title='bbox 2657 3207 2848 3274; x_wconf 85' lang='grc' dir='ltr'>συχνός</span> <span class='ocrx_word' id='word_1_543' title='bbox 2878 3223 2891 3236; x_wconf 74' lang='grc' dir='ltr'><strong>ο</strong></span> <span class='ocrx_word' id='word_1_544' title='bbox 2922 3207 2976 3260; x_wconf 81' lang='grc' dir='ltr'>αἱ</span> <span class='ocrx_word' id='word_1_545' title='bbox 3009 3207 3247 3262; x_wconf 83' lang='grc' dir='ltr'>δαπάναι</span> <span class='ocrx_word' id='word_1_546' title='bbox 3285 3209 3340 3260; x_wconf 76' lang='grc' dir='ltr'>δὲ</span> <span class='ocrx_word' id='word_1_547' title='bbox 3375 3210 3652 3276; x_wconf 80' lang='grc' dir='ltr'>πρόφασιν</span> <span class='ocrx_word' id='word_1_548' title='bbox 3688 3209 3786 3276; x_wconf 79' lang='grc' dir='ltr'>μὲν</span> <span class='ocrx_word' id='word_1_549' title='bbox 3813 3209 3889 3275; x_wconf 82' lang='grc' dir='ltr'>τῷ</span> <span class='ocrx_word' id='word_1_550' title='bbox 3922 3213 4004 3258; x_wconf 75' lang='grc' dir='ltr'>εξ-</span> 
     </span>
    </p>
   </div>
   <div class='ocr_carea' id='block_1_80' title="bbox 2412 3295 4001 3367">
    <p class='ocr_par' dir='ltr' id='par_1_80' title="bbox 2412 3295 4001 3367">
     <span class='ocr_line' id='line_1_80' title="bbox 2412 3295 4001 3367; baseline 0.001 -18"><span class='ocrx_word' id='word_1_551' title='bbox 2412 3295 2560 3366; x_wconf 83' lang='grc' dir='ltr'>δώλῳ</span> <span class='ocrx_word' id='word_1_552' title='bbox 2591 3299 3014 3367; x_wconf 75' lang='grc' dir='ltr'>χορηγούμεναι,</span> <span class='ocrx_word' id='word_1_553' title='bbox 3037 3299 3094 3350; x_wconf 81' lang='grc' dir='ltr'>τὸ</span> <span class='ocrx_word' id='word_1_554' title='bbox 3124 3300 3180 3350; x_wconf 78' lang='grc' dir='ltr'>δὲ</span> <span class='ocrx_word' id='word_1_555' title='bbox 3211 3301 3410 3367; x_wconf 66' lang='grc' dir='ltr'>ἀληθὲς</span> <span class='ocrx_word' id='word_1_556' title='bbox 3437 3302 3546 3359; x_wconf 83' lang='grc' dir='ltr'>τοῖς</span> <span class='ocrx_word' id='word_1_557' title='bbox 3575 3298 3803 3367; x_wconf 87' lang='grc' dir='ltr'>ἱερεῦσιν</span> <span class='ocrx_word' id='word_1_558' title='bbox 3827 3299 4001 3352; x_wconf 75' lang='grc' dir='ltr'>αὑτοῦ</span> 
     </span>
    </p>
   </div>
   <div class='ocr_carea' id='block_1_81' title="bbox 2412 3387 4002 3456">
    <p class='ocr_par' dir='ltr' id='par_1_81' title="bbox 2412 3387 4002 3456">
     <span class='ocr_line' id='line_1_81' title="bbox 2412 3387 4002 3456; baseline 0.001 -18"><span class='ocrx_word' id='word_1_559' title='bbox 2412 3389 2552 3439; x_wconf 75' lang='grc' dir='ltr'>κατά</span> <span class='ocrx_word' id='word_1_560' title='bbox 2583 3389 2644 3439; x_wconf 84' lang='grc' dir='ltr'>τὸ</span> <span class='ocrx_word' id='word_1_561' title='bbox 2674 3387 2896 3454; x_wconf 74' lang='grc' dir='ltr'>λεληθὸς</span> <span class='ocrx_word' id='word_1_562' title='bbox 2931 3388 3322 3456; x_wconf 82' lang='grc' dir='ltr'>δαπανώμεναι</span> <span class='ocrx_word' id='word_1_563' title='bbox 3356 3406 3368 3418; x_wconf 86' lang='grc'><em>’</em></span> <span class='ocrx_word' id='word_1_564' title='bbox 3411 3387 3570 3440; x_wconf 88' lang='grc' dir='ltr'>τοῦτο</span> <span class='ocrx_word' id='word_1_565' title='bbox 3618 3389 3837 3439; x_wconf 76' lang='grc' dir='ltr'>ἐσέϐετο</span> <span class='ocrx_word' id='word_1_566' title='bbox 3903 3392 4002 3440; x_wconf 78' lang='grc' dir='ltr'>καὶ</span> 
     </span>
    </p>
   </div>
   <div class='ocr_carea' id='block_1_82' title="bbox 2413 3475 4007 3552">
    <p class='ocr_par' dir='ltr' id='par_1_82' title="bbox 2413 3475 4007 3552">
     <span class='ocr_line' id='line_1_82' title="bbox 2413 3475 4007 3552; baseline 0.003 -20"><span class='ocrx_word' id='word_1_567' title='bbox 2413 3481 2574 3542; x_wconf 79' lang='grc' dir='ltr'>αὐτὸς</span> <span class='ocrx_word' id='word_1_568' title='bbox 2604 3480 2880 3549; x_wconf 82' lang='grc' dir='ltr'>βασιλεὺς.</span> <span class='ocrx_word' id='word_1_569' title='bbox 2908 3481 3087 3550; x_wconf 85' lang='grc' dir='ltr'>Κύρος</span> <span class='ocrx_word' id='word_1_570' title='bbox 3120 3475 3186 3552; x_wconf 76' lang='grc' dir='ltr'>ἦν</span> <span class='ocrx_word' id='word_1_571' title='bbox 3221 3477 3394 3545; x_wconf 71' lang='grc' dir='ltr'>οὗτος,</span> <span class='ocrx_word' id='word_1_572' title='bbox 3431 3483 3457 3534; x_wconf 81' lang='grc' dir='ltr'>ὁ</span> <span class='ocrx_word' id='word_1_573' title='bbox 3493 3484 3580 3535; x_wconf 68' lang='grc' dir='ltr'>τὸν</span> <span class='ocrx_word' id='word_1_574' title='bbox 3611 3486 3836 3552; x_wconf 81' lang='grc' dir='ltr'>Δαρεῖον</span> <span class='ocrx_word' id='word_1_575' title='bbox 3878 3483 4007 3536; x_wconf 81' lang='grc' dir='ltr'>δια-</span> 
     </span>
    </p>
   </div>
   <div class='ocr_carea' id='block_1_83' title="bbox 2410 3573 4003 3647">
    <p class='ocr_par' dir='ltr' id='par_1_83' title="bbox 2410 3573 4003 3647">
     <span class='ocr_line' id='line_1_83' title="bbox 2410 3573 4003 3647; baseline 0.003 -23"><span class='ocrx_word' id='word_1_576' title='bbox 2410 3573 2728 3640; x_wconf 78' lang='grc' dir='ltr'>δεξάμενος,</span> <span class='ocrx_word' id='word_1_577' title='bbox 2761 3573 2819 3634; x_wconf 88' lang='grc' dir='ltr'>ὃς</span> <span class='ocrx_word' id='word_1_578' title='bbox 2848 3575 2956 3642; x_wconf 81' lang='grc' dir='ltr'>ἄρα</span> <span class='ocrx_word' id='word_1_579' title='bbox 3003 3574 3095 3630; x_wconf 79' lang='grc' dir='ltr'>καὶ</span> <span class='ocrx_word' id='word_1_580' title='bbox 3129 3576 3264 3645; x_wconf 77' lang='grc' dir='ltr'>πρὸς</span> <span class='ocrx_word' id='word_1_581' title='bbox 3294 3576 3382 3627; x_wconf 79' lang='grc' dir='ltr'>τὸν</span> <span class='ocrx_word' id='word_1_582' title='bbox 3417 3575 3614 3646; x_wconf 81' lang='grc' dir='ltr'>Δανιὴλ</span> <span class='ocrx_word' id='word_1_583' title='bbox 3660 3577 3755 3647; x_wconf 77' lang='grc' dir='ltr'>τὴν</span> <span class='ocrx_word' id='word_1_584' title='bbox 3800 3577 4003 3645; x_wconf 61' lang='grc' dir='ltr'>ὁμοίαν</span> 
     </span>
    </p>
   </div>
   <div class='ocr_carea' id='block_1_84' title="bbox 2411 3663 3999 3737">
    <p class='ocr_par' dir='ltr' id='par_1_84' title="bbox 2411 3663 3999 3737">
     <span class='ocr_line' id='line_1_84' title="bbox 2411 3663 3999 3737; baseline 0.004 -25"><span class='ocrx_word' id='word_1_585' title='bbox 2411 3663 2618 3732; x_wconf 77' lang='grc' dir='ltr'>Δαρείῳ</span> <span class='ocrx_word' id='word_1_586' title='bbox 2643 3663 2924 3726; x_wconf 74' lang='grc' dir='ltr'>διασὼζων</span> <span class='ocrx_word' id='word_1_587' title='bbox 2949 3665 3134 3735; x_wconf 74' lang='grc' dir='ltr'>τιμὴν,</span> <span class='ocrx_word' id='word_1_588' title='bbox 3166 3667 3483 3737; x_wconf 84' lang='grc' dir='ltr'>συμϐιώτην</span> <span class='ocrx_word' id='word_1_589' title='bbox 3515 3685 3573 3718; x_wconf 87' lang='grc' dir='ltr'>τε</span> <span class='ocrx_word' id='word_1_590' title='bbox 3607 3663 3715 3735; x_wconf 69' lang='grc' dir='ltr'>εἶχε</span> <span class='ocrx_word' id='word_1_591' title='bbox 3759 3671 3853 3718; x_wconf 73' lang='grc' dir='ltr'>καὶ</span> <span class='ocrx_word' id='word_1_592' title='bbox 3882 3669 3999 3719; x_wconf 81' lang='grc' dir='ltr'>τῶν</span> 
     </span>
    </p>
   </div>
   <div class='ocr_carea' id='block_1_85' title="bbox 2411 3754 4002 3825">
    <p class='ocr_par' dir='ltr' id='par_1_85' title="bbox 2411 3754 4002 3825">
     <span class='ocr_line' id='line_1_85' title="bbox 2411 3754 4002 3825; baseline 0.002 -19"><span class='ocrx_word' id='word_1_593' title='bbox 2411 3754 2575 3806; x_wconf 84' lang='grc' dir='ltr'>αὑτοῦ</span> <span class='ocrx_word' id='word_1_594' title='bbox 2613 3756 2783 3823; x_wconf 79' lang='grc' dir='ltr'>φίλων</span> <span class='ocrx_word' id='word_1_595' title='bbox 2813 3757 3213 3820; x_wconf 73' lang='grc' dir='ltr'>ὲπιδοξότατον.</span> <span class='ocrx_word' id='word_1_596' title='bbox 3244 3758 3438 3808; x_wconf 83' lang='grc' dir='ltr'>Ἔνθεν</span> <span class='ocrx_word' id='word_1_597' title='bbox 3490 3774 3571 3808; x_wconf 92' lang='grc' dir='ltr'>τοι</span> <span class='ocrx_word' id='word_1_598' title='bbox 3626 3759 3715 3807; x_wconf 78' lang='grc' dir='ltr'>καὶ</span> <span class='ocrx_word' id='word_1_599' title='bbox 3759 3758 4002 3825; x_wconf 73' lang='grc' dir='ltr'>παρῄνει</span> 
     </span>
    </p>
   </div>
   <div class='ocr_carea' id='block_1_86' title="bbox 2413 3847 4000 3920">
    <p class='ocr_par' dir='ltr' id='par_1_86' title="bbox 2413 3847 4000 3920">
     <span class='ocr_line' id='line_1_86' title="bbox 2413 3847 4000 3920; baseline 0.004 -24"><span class='ocrx_word' id='word_1_600' title='bbox 2413 3849 2560 3914; x_wconf 79' lang='grc' dir='ltr'>αὐτῷ</span> <span class='ocrx_word' id='word_1_601' title='bbox 2593 3848 2844 3913; x_wconf 81' lang='grc' dir='ltr'>καθάπερ</span> <span class='ocrx_word' id='word_1_602' title='bbox 2882 3848 2987 3914; x_wconf 52' lang='lat' dir='ltr'>(id?)</span> <span class='ocrx_word' id='word_1_603' title='bbox 3020 3847 3180 3908; x_wconf 74' lang='grc' dir='ltr'>ζῶντι</span> <span class='ocrx_word' id='word_1_604' title='bbox 3212 3849 3500 3916; x_wconf 80' lang='grc' dir='ltr'>προσέχειν</span> <span class='ocrx_word' id='word_1_605' title='bbox 3531 3848 3607 3916; x_wconf 82' lang='grc' dir='ltr'>τῷ</span> <span class='ocrx_word' id='word_1_606' title='bbox 3643 3848 3765 3918; x_wconf 79' lang='grc' dir='ltr'>Βηλ.</span> <span class='ocrx_word' id='word_1_607' title='bbox 3789 3851 3864 3900; x_wconf 82' lang='grc' dir='ltr'><em>Ἠ</em></span> <span class='ocrx_word' id='word_1_608' title='bbox 3896 3852 4000 3920; x_wconf 41' lang='lat' dir='ltr'>of“</span> 
     </span>
    </p>
   </div>
   <div class='ocr_carea' id='block_1_87' title="bbox 2412 3937 4001 4009">
    <p class='ocr_par' dir='ltr' id='par_1_87' title="bbox 2412 3937 4001 4009">
     <span class='ocr_line' id='line_1_87' title="bbox 2412 3937 4001 4009; baseline -0.003 -12"><span class='ocrx_word' id='word_1_609' title='bbox 2412 3938 2564 4005; x_wconf 76' lang='grc' dir='ltr'>ὁρᾷς.</span> <span class='ocrx_word' id='word_1_610' title='bbox 2605 3938 2791 4004; x_wconf 69' lang='grc' dir='ltr'>φησὶν,</span> <span class='ocrx_word' id='word_1_611' title='bbox 2838 3937 2912 3998; x_wconf 79' lang='grc' dir='ltr'>ὡς</span> <span class='ocrx_word' id='word_1_612' title='bbox 2949 3937 3216 4005; x_wconf 73' lang='grc' dir='ltr'>Ἀρτάϐας</span> <span class='ocrx_word' id='word_1_613' title='bbox 3261 3939 3360 4008; x_wconf 79' lang='grc' dir='ltr'>μὲν</span> <span class='ocrx_word' id='word_1_614' title='bbox 3395 3941 3726 4008; x_wconf 79' lang='grc' dir='ltr'>σεμιδάλεως</span> <span class='ocrx_word' id='word_1_615' title='bbox 3751 3940 4001 4009; x_wconf 78' lang='grc' dir='ltr'>ἑκάστης</span> 
     </span>
    </p>
   </div>
   <div class='ocr_carea' id='block_1_88' title="bbox 2417 4026 4003 4104">
    <p class='ocr_par' dir='ltr' id='par_1_88' title="bbox 2417 4026 4003 4104">
     <span class='ocr_line' id='line_1_88' title="bbox 2417 4026 4003 4104; baseline 0.006 -28"><span class='ocrx_word' id='word_1_616' title='bbox 2417 4026 2631 4095; x_wconf 71' lang='grc' dir='ltr'>ἡμέρας</span> <span class='ocrx_word' id='word_1_617' title='bbox 2655 4026 3004 4090; x_wconf 85' lang='grc' dir='ltr'>δυοκαίδεκα,</span> <span class='ocrx_word' id='word_1_618' title='bbox 3039 4028 3283 4098; x_wconf 81' lang='grc' dir='ltr'>πρόϐατα</span> <span class='ocrx_word' id='word_1_619' title='bbox 3311 4029 3364 4081; x_wconf 86' lang='grc' dir='ltr'>δὲ</span> <span class='ocrx_word' id='word_1_620' title='bbox 3388 4031 3446 4082; x_wconf 77' lang='grc' dir='ltr'>οὐ</span> <span class='ocrx_word' id='word_1_621' title='bbox 3478 4035 3628 4099; x_wconf 84' lang='grc' dir='ltr'>μεῖον</span> <span class='ocrx_word' id='word_1_622' title='bbox 3659 4032 3686 4101; x_wconf 77' lang='grc' dir='ltr'>ἢ</span> <span class='ocrx_word' id='word_1_623' title='bbox 3724 4035 4003 4104; x_wconf 80' lang='grc' dir='ltr'>τεσσαρά-</span> 
     </span>
    </p>
   </div>
   <div class='ocr_carea' id='block_1_89' title="bbox 2413 4119 4001 4193">
    <p class='ocr_par' dir='ltr' id='par_1_89' title="bbox 2413 4119 4001 4193">
     <span class='ocr_line' id='line_1_89' title="bbox 2413 4119 4001 4193; baseline 0.003 -23"><span class='ocrx_word' id='word_1_624' title='bbox 2413 4135 2574 4171; x_wconf 85' lang='grc' dir='ltr'>κοντα</span> <span class='ocrx_word' id='word_1_625' title='bbox 2603 4119 2793 4184; x_wconf 77' lang='grc' dir='ltr'>ἐσθίει,</span> <span class='ocrx_word' id='word_1_626' title='bbox 2821 4120 2965 4172; x_wconf 78' lang='grc' dir='ltr'>οἴνου</span> <span class='ocrx_word' id='word_1_627' title='bbox 2999 4120 3052 4172; x_wconf 77' lang='grc' dir='ltr'>δὲ</span> <span class='ocrx_word' id='word_1_628' title='bbox 3085 4121 3143 4186; x_wconf 77' lang='grc' dir='ltr'>ἒξ</span> <span class='ocrx_word' id='word_1_629' title='bbox 3174 4122 3296 4182; x_wconf 77' lang='grc' dir='ltr'>τοῦς</span> <span class='ocrx_word' id='word_1_630' title='bbox 3330 4126 3542 4183; x_wconf 83' lang='grc' dir='ltr'>πάντας</span> <span class='ocrx_word' id='word_1_631' title='bbox 3582 4125 3865 4193; x_wconf 79' lang='grc' dir='ltr'>μετρητάς</span> <span class='ocrx_word' id='word_1_632' title='bbox 3901 4129 4001 4177; x_wconf 77' lang='grc' dir='ltr'>ὲκ-</span> 
     </span>
    </p>
   </div>
   <div class='ocr_carea' id='block_1_90' title="bbox 2414 4211 4001 4282">
    <p class='ocr_par' dir='ltr' id='par_1_90' title="bbox 2414 4211 4001 4282">
     <span class='ocr_line' id='line_1_90' title="bbox 2414 4211 4001 4282; baseline 0.004 -22"><span class='ocrx_word' id='word_1_633' title='bbox 2414 4211 2630 4275; x_wconf 80' lang='grc' dir='ltr'>πίνειν;</span> <span class='ocrx_word' id='word_1_634' title='bbox 2671 4211 2854 4279; x_wconf 85' lang='grc' dir='ltr'>ΙΙλάνη</span> <span class='ocrx_word' id='word_1_635' title='bbox 2895 4212 3053 4265; x_wconf 91' lang='grc' dir='ltr'>τοῦτο</span> <span class='ocrx_word' id='word_1_636' title='bbox 3091 4215 3272 4282; x_wconf 78' lang='grc' dir='ltr'>σαφὴς</span> <span class='ocrx_word' id='word_1_637' title='bbox 3326 4217 3417 4264; x_wconf 66' lang='grc' dir='ltr'>καὶ</span> <span class='ocrx_word' id='word_1_638' title='bbox 3449 4214 3711 4281; x_wconf 70' lang='grc' dir='ltr'>ἀντικρὺς</span> <span class='ocrx_word' id='word_1_639' title='bbox 3748 4215 4001 4282; x_wconf 67' lang='grc' dir='ltr'>πάραλος</span> 
     </span>
    </p>
   </div>
   <div class='ocr_carea' id='block_1_91' title="bbox 2415 4304 4000 4374">
    <p class='ocr_par' dir='ltr' id='par_1_91' title="bbox 2415 4304 4000 4374">
     <span class='ocr_line' id='line_1_91' title="bbox 2415 4304 4000 4374; baseline 0.003 -20"><span class='ocrx_word' id='word_1_640' title='bbox 2415 4304 2632 4372; x_wconf 79' lang='grc' dir='ltr'>γισμὸς,</span> <span class='ocrx_word' id='word_1_641' title='bbox 2661 4305 2687 4355; x_wconf 76' lang='grc' dir='ltr'><strong>ὁ</strong></span> <span class='ocrx_word' id='word_1_642' title='bbox 2721 4305 2812 4356; x_wconf 90' lang='grc' dir='ltr'>τοῦ</span> <span class='ocrx_word' id='word_1_643' title='bbox 2845 4304 2978 4356; x_wconf 83' lang='grc' dir='ltr'>Θεοῦ</span> <span class='ocrx_word' id='word_1_644' title='bbox 3014 4305 3117 4371; x_wconf 75' lang='grc' dir='ltr'>ἔφη</span> <span class='ocrx_word' id='word_1_645' title='bbox 3150 4307 3438 4374; x_wconf 73' lang='grc' dir='ltr'>προφήτης</span> <span class='ocrx_word' id='word_1_646' title='bbox 3464 4321 3478 4336; x_wconf 78' lang='grc' dir='ltr'><strong>ο</strong></span> <span class='ocrx_word' id='word_1_647' title='bbox 3514 4309 3541 4357; x_wconf 84' lang='grc' dir='ltr'><strong>ό</strong></span> <span class='ocrx_word' id='word_1_648' title='bbox 3572 4308 3680 4374; x_wconf 82' lang='grc' dir='ltr'>γάρ</span> <span class='ocrx_word' id='word_1_649' title='bbox 3711 4306 3862 4358; x_wconf 75' lang='grc' dir='ltr'>ἔνδον</span> <span class='ocrx_word' id='word_1_650' title='bbox 3891 4308 4000 4374; x_wconf 82' lang='grc' dir='ltr'>μὲν</span> 
     </span>
    </p>
   </div>
   <div class='ocr_carea' id='block_1_92' title="bbox 2417 4396 4001 4464">
    <p class='ocr_par' dir='ltr' id='par_1_92' title="bbox 2417 4396 4001 4464">
     <span class='ocr_line' id='line_1_92' title="bbox 2417 4396 4001 4464; baseline 0.003 -17"><span class='ocrx_word' id='word_1_651' title='bbox 2417 4396 2607 4463; x_wconf 86' lang='grc' dir='ltr'>πηλὸς,</span> <span class='ocrx_word' id='word_1_652' title='bbox 2647 4396 2845 4456; x_wconf 77' lang='grc' dir='ltr'>ἔξωθεν</span> <span class='ocrx_word' id='word_1_653' title='bbox 2877 4397 2932 4448; x_wconf 83' lang='grc' dir='ltr'>δὲ</span> <span class='ocrx_word' id='word_1_654' title='bbox 2984 4396 3184 4464; x_wconf 79' lang='grc' dir='ltr'>χαλκὸς</span> <span class='ocrx_word' id='word_1_655' title='bbox 3227 4397 3322 4463; x_wconf 83' lang='grc' dir='ltr'>ὢν,</span> <span class='ocrx_word' id='word_1_656' title='bbox 3355 4401 3470 4450; x_wconf 66' lang='grc' dir='ltr'>οὐτ’</span> <span class='ocrx_word' id='word_1_657' title='bbox 3496 4402 3697 4453; x_wconf 78' lang='grc' dir='ltr'>ἐσθίειν</span> <span class='ocrx_word' id='word_1_658' title='bbox 3739 4398 3864 4452; x_wconf 77' lang='grc' dir='ltr'>οῦτε</span> <span class='ocrx_word' id='word_1_659' title='bbox 3903 4404 4001 4451; x_wconf 62' lang='grc' dir='ltr'>πί-</span> 
     </span>
    </p>
   </div>
   <div class='ocr_carea' id='block_1_93' title="bbox 729 4485 2377 4562">
    <p class='ocr_par' dir='ltr' id='par_1_93' title="bbox 729 4485 2377 4556">
     <span class='ocr_line' id='line_1_93' title="bbox 729 4485 2377 4556; baseline -0.004 -12"><span class='ocrx_word' id='word_1_660' title='bbox 729 4492 864 4544; x_wconf 84' lang='lat' dir='ltr'>Nam</span> <span class='ocrx_word' id='word_1_661' title='bbox 882 4487 1028 4556; x_wconf 88' lang='lat' dir='ltr'>quod</span> <span class='ocrx_word' id='word_1_662' title='bbox 1047 4488 1195 4540; x_wconf 88' lang='lat' dir='ltr'>intus</span> <span class='ocrx_word' id='word_1_663' title='bbox 1211 4485 1454 4552; x_wconf 89' lang='lat' dir='ltr'>quidem,</span> <span class='ocrx_word' id='word_1_664' title='bbox 1480 4492 1562 4536; x_wconf 88' lang='lat' dir='ltr'>est</span> <span class='ocrx_word' id='word_1_665' title='bbox 1589 4485 1786 4548; x_wconf 88' lang='lat' dir='ltr'>lutum,</span> <span class='ocrx_word' id='word_1_666' title='bbox 1809 4499 1882 4538; x_wconf 63' lang='lat' dir='ltr'>(es</span> <span class='ocrx_word' id='word_1_667' title='bbox 1901 4494 2081 4538; x_wconf 86' lang='lat' dir='ltr'>autem</span> <span class='ocrx_word' id='word_1_668' title='bbox 2103 4488 2308 4540; x_wconf 87' lang='lat' dir='ltr'>extrin-</span> <span class='ocrx_word' id='word_1_669' title='bbox 2341 4493 2377 4549; x_wconf 83' lang='grc' dir='ltr'>ι]</span> 
     </span>
    </p>
   </div>
   <div class='ocr_carea' id='block_1_94' title="bbox 2413 4485 3996 4562">
    <p class='ocr_par' dir='ltr' id='par_1_94' title="bbox 2416 4486 3996 4562">
     <span class='ocr_line' id='line_1_94' title="bbox 2416 4486 3996 4562; baseline 0.006 -24"><span class='ocrx_word' id='word_1_670' title='bbox 2416 4505 2527 4539; x_wconf 87' lang='grc' dir='ltr'>νειν</span> <span class='ocrx_word' id='word_1_671' title='bbox 2561 4486 2805 4549; x_wconf 85' lang='grc' dir='ltr'>δυνατῶς</span> <span class='ocrx_word' id='word_1_672' title='bbox 2866 4488 2999 4558; x_wconf 81' lang='grc' dir='ltr'>ἔχει.</span> <span class='ocrx_word' id='word_1_673' title='bbox 3036 4489 3348 4558; x_wconf 75' lang='grc' dir='ltr'>Ὀργίζεται</span> <span class='ocrx_word' id='word_1_674' title='bbox 3407 4494 3431 4545; x_wconf 84' lang='grc' dir='ltr'>ὁ</span> <span class='ocrx_word' id='word_1_675' title='bbox 3484 4493 3663 4562; x_wconf 85' lang='grc' dir='ltr'>Κύρος</span> <span class='ocrx_word' id='word_1_676' title='bbox 3707 4493 3952 4557; x_wconf 78' lang='grc' dir='ltr'>ἀκούσας</span> <span class='ocrx_word' id='word_1_677' title='bbox 3982 4509 3996 4523; x_wconf 83' lang='grc'><strong><em>⁸</em></strong></span> 
     </span>
    </p>
   </div>
   <div class='ocr_carea' id='block_1_95' title="bbox 728 4576 2306 4647">
    <p class='ocr_par' dir='ltr' id='par_1_95' title="bbox 728 4576 2306 4647">
     <span class='ocr_line' id='line_1_95' title="bbox 728 4576 2306 4647; baseline -0.004 -10"><span class='ocrx_word' id='word_1_678' title='bbox 728 4597 909 4646; x_wconf 86' lang='lat' dir='ltr'>secus,</span> <span class='ocrx_word' id='word_1_679' title='bbox 948 4593 1125 4647; x_wconf 87' lang='lat' dir='ltr'>neque</span> <span class='ocrx_word' id='word_1_680' title='bbox 1157 4585 1337 4644; x_wconf 90' lang='lat' dir='ltr'>potest</span> <span class='ocrx_word' id='word_1_681' title='bbox 1373 4591 1516 4640; x_wconf 86' lang='lat' dir='ltr'>esse,</span> <span class='ocrx_word' id='word_1_682' title='bbox 1572 4590 1751 4642; x_wconf 91' lang='lat' dir='ltr'>neque</span> <span class='ocrx_word' id='word_1_683' title='bbox 1797 4576 2011 4630; x_wconf 89' lang='lat' dir='ltr'>bibere.</span> <span class='ocrx_word' id='word_1_684' title='bbox 2045 4577 2306 4631; x_wconf 87' lang='lat' dir='ltr'>Irascitur</span> 
     </span>
    </p>
   </div>
   <div class='ocr_carea' id='block_1_96' title="bbox 730 4668 2306 4741">
    <p class='ocr_par' dir='ltr' id='par_1_96' title="bbox 730 4668 2306 4741">
     <span class='ocr_line' id='line_1_96' title="bbox 730 4668 2306 4741; baseline -0.003 -13"><span class='ocrx_word' id='word_1_685' title='bbox 730 4678 844 4729; x_wconf 68' lang='lat' dir='ltr'>haec</span> <span class='ocrx_word' id='word_1_686' title='bbox 888 4673 1119 4727; x_wconf 90' lang='lat' dir='ltr'>audiens</span> <span class='ocrx_word' id='word_1_687' title='bbox 1145 4671 1322 4741; x_wconf 89' lang='lat' dir='ltr'>Cyrus</span> <span class='ocrx_word' id='word_1_688' title='bbox 1347 4680 1402 4724; x_wconf 93' lang='lat' dir='ltr'>et</span> <span class='ocrx_word' id='word_1_689' title='bbox 1430 4671 1613 4724; x_wconf 89' lang='lat' dir='ltr'>statim</span> <span class='ocrx_word' id='word_1_690' title='bbox 1652 4677 1809 4722; x_wconf 91' lang='lat' dir='ltr'>vocat</span> <span class='ocrx_word' id='word_1_691' title='bbox 1840 4668 2163 4723; x_wconf 90' lang='lat' dir='ltr'>sacerdotes</span> <span class='ocrx_word' id='word_1_692' title='bbox 2195 4671 2306 4724; x_wconf 84' lang='lat' dir='ltr'>mi-</span> 
     </span>
    </p>
   </div>
   <div class='ocr_carea' id='block_1_97' title="bbox 726 4760 2302 4832">
    <p class='ocr_par' dir='ltr' id='par_1_97' title="bbox 726 4760 2302 4832">
     <span class='ocr_line' id='line_1_97' title="bbox 726 4760 2302 4832; baseline -0.003 -13"><span class='ocrx_word' id='word_1_693' title='bbox 726 4775 1000 4832; x_wconf 84' lang='lat' dir='ltr'>naturquc</span> <span class='ocrx_word' id='word_1_694' title='bbox 1020 4777 1277 4825; x_wconf 91' lang='lat' dir='ltr'>mortem,</span> <span class='ocrx_word' id='word_1_695' title='bbox 1296 4761 1398 4814; x_wconf 91' lang='lat' dir='ltr'>nisi</span> <span class='ocrx_word' id='word_1_696' title='bbox 1426 4760 1513 4813; x_wconf 87' lang='lat' dir='ltr'>Bel</span> <span class='ocrx_word' id='word_1_697' title='bbox 1532 4761 1913 4813; x_wconf 87' lang='lat' dir='ltr'>comedentem</span> <span class='ocrx_word' id='word_1_698' title='bbox 1935 4761 2302 4815; x_wconf 90' lang='lat' dir='ltr'>ostenderint.</span> 
     </span>
    </p>
   </div>
   <div class='ocr_carea' id='block_1_98' title="bbox 728 4853 2306 4922">
    <p class='ocr_par' dir='ltr' id='par_1_98' title="bbox 728 4853 2306 4922">
     <span class='ocr_line' id='line_1_98' title="bbox 728 4853 2306 4922; baseline -0.005 -10"><span class='ocrx_word' id='word_1_699' title='bbox 728 4860 809 4913; x_wconf 87' lang='lat' dir='ltr'>Illi</span> <span class='ocrx_word' id='word_1_700' title='bbox 841 4871 992 4922; x_wconf 88' lang='lat' dir='ltr'>vero,</span> <span class='ocrx_word' id='word_1_701' title='bbox 1028 4854 1226 4908; x_wconf 63' lang='lat' dir='ltr'>Mensa:</span> <span class='ocrx_word' id='word_1_702' title='bbox 1261 4853 1439 4911; x_wconf 89' lang='lat' dir='ltr'>cibos,</span> <span class='ocrx_word' id='word_1_703' title='bbox 1471 4853 1645 4912; x_wconf 84' lang='lat' dir='ltr'>aiunt,</span> <span class='ocrx_word' id='word_1_704' title='bbox 1678 4867 1930 4920; x_wconf 83' lang='lat' dir='ltr'>appone;</span> <span class='ocrx_word' id='word_1_705' title='bbox 1964 4867 2064 4904; x_wconf 92' lang='lat' dir='ltr'>nos</span> <span class='ocrx_word' id='word_1_706' title='bbox 2119 4860 2306 4905; x_wconf 91' lang='lat' dir='ltr'>autem</span> 
     </span>
    </p>
   </div>
   <div class='ocr_carea' id='block_1_99' title="bbox 726 4941 2307 5019">
    <p class='ocr_par' dir='ltr' id='par_1_99' title="bbox 726 4941 2307 5019">
     <span class='ocr_line' id='line_1_99' title="bbox 726 4941 2307 5019; baseline -0.004 -16"><span class='ocrx_word' id='word_1_707' title='bbox 726 4949 1095 5019; x_wconf 79' lang='lat' dir='ltr'>egrediemur,</span> <span class='ocrx_word' id='word_1_708' title='bbox 1125 4953 1180 4999; x_wconf 90' lang='lat' dir='ltr'>et</span> <span class='ocrx_word' id='word_1_709' title='bbox 1218 4943 1469 4998; x_wconf 84' lang='lat' dir='ltr'>clavibus</span> <span class='ocrx_word' id='word_1_710' title='bbox 1513 4957 1576 4995; x_wconf 90' lang='lat' dir='ltr'>ac</span> <span class='ocrx_word' id='word_1_711' title='bbox 1615 4941 1911 5012; x_wconf 74' lang='lat' dir='ltr'>signaculis</span> <span class='ocrx_word' id='word_1_712' title='bbox 1946 4943 2198 4996; x_wconf 91' lang='lat' dir='ltr'>obserata</span> <span class='ocrx_word' id='word_1_713' title='bbox 2223 4945 2307 5014; x_wconf 87' lang='lat' dir='ltr'>.ja-</span> 
     </span>
    </p>
   </div>
   <div class='ocr_carea' id='block_1_100' title="bbox 729 5034 2304 5104">
    <p class='ocr_par' dir='ltr' id='par_1_100' title="bbox 729 5034 2304 5104">
     <span class='ocr_line' id='line_1_100' title="bbox 729 5034 2304 5104; baseline -0.005 -10"><span class='ocrx_word' id='word_1_714' title='bbox 729 5057 856 5101; x_wconf 91' lang='lat' dir='ltr'>nua,</span> <span class='ocrx_word' id='word_1_715' title='bbox 890 5038 1005 5090; x_wconf 90' lang='lat' dir='ltr'>redi</span> <span class='ocrx_word' id='word_1_716' title='bbox 1040 5037 1128 5089; x_wconf 88' lang='lat' dir='ltr'>die</span> <span class='ocrx_word' id='word_1_717' title='bbox 1178 5034 1428 5102; x_wconf 88' lang='lat' dir='ltr'>sequenti</span> <span class='ocrx_word' id='word_1_718' title='bbox 1468 5051 1479 5086; x_wconf 93' lang='lat'>:</span> <span class='ocrx_word' id='word_1_719' title='bbox 1518 5035 1701 5087; x_wconf 90' lang='lat' dir='ltr'>etnisi</span> <span class='ocrx_word' id='word_1_720' title='bbox 1744 5035 1933 5088; x_wconf 91' lang='lat' dir='ltr'>omnia</span> <span class='ocrx_word' id='word_1_721' title='bbox 1981 5043 2304 5104; x_wconf 88' lang='lat' dir='ltr'>consumpta</span> 
     </span>
    </p>
   </div>
   <div class='ocr_carea' id='block_1_101' title="bbox 729 5125 2303 5194">
    <p class='ocr_par' dir='ltr' id='par_1_101' title="bbox 729 5125 2303 5194">
     <span class='ocr_line' id='line_1_101' title="bbox 729 5125 2303 5194; baseline -0.003 -11"><span class='ocrx_word' id='word_1_722' title='bbox 729 5130 1025 5191; x_wconf 82' lang='lat' dir='ltr'>inveneris,</span> <span class='ocrx_word' id='word_1_723' title='bbox 1076 5143 1178 5181; x_wconf 87' lang='lat' dir='ltr'>nos</span> <span class='ocrx_word' id='word_1_724' title='bbox 1215 5125 1363 5194; x_wconf 78' lang='lat' dir='ltr'>digni</span> <span class='ocrx_word' id='word_1_725' title='bbox 1398 5126 1604 5178; x_wconf 90' lang='lat' dir='ltr'>erimus</span> <span class='ocrx_word' id='word_1_726' title='bbox 1641 5126 1945 5194; x_wconf 90' lang='lat' dir='ltr'>supplicio;</span> <span class='ocrx_word' id='word_1_727' title='bbox 1986 5127 2069 5178; x_wconf 90' lang='lat' dir='ltr'>sin</span> <span class='ocrx_word' id='word_1_728' title='bbox 2102 5127 2303 5191; x_wconf 84' lang='lat' dir='ltr'>minus,</span> 
     </span>
    </p>
   </div>
   <div class='ocr_carea' id='block_1_102' title="bbox 728 5213 2302 5286">
    <p class='ocr_par' dir='ltr' id='par_1_102' title="bbox 728 5213 2302 5286">
     <span class='ocr_line' id='line_1_102' title="bbox 728 5213 2302 5286; baseline -0.003 -12"><span class='ocrx_word' id='word_1_729' title='bbox 728 5219 942 5282; x_wconf 83' lang='lat' dir='ltr'>Daniel,</span> <span class='ocrx_word' id='word_1_730' title='bbox 970 5217 1060 5286; x_wconf 91' lang='lat' dir='ltr'>qui</span> <span class='ocrx_word' id='word_1_731' title='bbox 1093 5217 1232 5269; x_wconf 90' lang='lat' dir='ltr'>etde</span> <span class='ocrx_word' id='word_1_732' title='bbox 1261 5214 1514 5278; x_wconf 87' lang='lat' dir='ltr'>nobis,et</span> <span class='ocrx_word' id='word_1_733' title='bbox 1534 5213 1599 5266; x_wconf 89' lang='lat' dir='ltr'>de</span> <span class='ocrx_word' id='word_1_734' title='bbox 1627 5213 1743 5283; x_wconf 90' lang='lat' dir='ltr'>ipso</span> <span class='ocrx_word' id='word_1_735' title='bbox 1778 5215 1879 5268; x_wconf 87' lang='lat' dir='ltr'>deo</span> <span class='ocrx_word' id='word_1_736' title='bbox 1911 5226 1993 5268; x_wconf 87' lang='lat' dir='ltr'>est</span> <span class='ocrx_word' id='word_1_737' title='bbox 2020 5218 2302 5270; x_wconf 90' lang='lat' dir='ltr'>mentitus.</span> 
     </span>
    </p>
   </div>
   <div class='ocr_carea' id='block_1_103' title="bbox 728 5308 2306 5381">
    <p class='ocr_par' dir='ltr' id='par_1_103' title="bbox 728 5308 2306 5381">
     <span class='ocr_line' id='line_1_103' title="bbox 728 5308 2306 5381; baseline -0.003 -15"><span class='ocrx_word' id='word_1_738' title='bbox 728 5317 904 5381; x_wconf 83' lang='lat' dir='ltr'>Atque</span> <span class='ocrx_word' id='word_1_739' title='bbox 931 5311 1106 5381; x_wconf 84' lang='lat' dir='ltr'>Cyrus</span> <span class='ocrx_word' id='word_1_740' title='bbox 1137 5308 1360 5376; x_wconf 81' lang='lat' dir='ltr'>quidem</span> <span class='ocrx_word' id='word_1_741' title='bbox 1401 5308 1609 5369; x_wconf 87' lang='lat' dir='ltr'>statim,</span> <span class='ocrx_word' id='word_1_742' title='bbox 1649 5309 1790 5361; x_wconf 89' lang='lat' dir='ltr'>sicut</span> <span class='ocrx_word' id='word_1_743' title='bbox 1848 5308 2118 5372; x_wconf 73' lang='lat' dir='ltr'>dixerant,</span> <span class='ocrx_word' id='word_1_744' title='bbox 2152 5309 2306 5362; x_wconf 88' lang='lat' dir='ltr'>cibos</span> 
     </span>
    </p>
   </div>
   <div class='ocr_carea' id='block_1_104' title="bbox 729 5400 2304 5475">
    <p class='ocr_par' dir='ltr' id='par_1_104' title="bbox 729 5400 2304 5475">
     <span class='ocr_line' id='line_1_104' title="bbox 729 5400 2304 5475; baseline -0.003 -16"><span class='ocrx_word' id='word_1_745' title='bbox 729 5406 982 5475; x_wconf 89' lang='lat' dir='ltr'>apposuit</span> <span class='ocrx_word' id='word_1_746' title='bbox 1015 5421 1026 5454; x_wconf 90' lang='lat'><strong>:</strong></span> <span class='ocrx_word' id='word_1_747' title='bbox 1061 5401 1472 5459; x_wconf 87' lang='lat' dir='ltr'>Danielautem,</span> <span class='ocrx_word' id='word_1_748' title='bbox 1496 5400 1578 5452; x_wconf 91' lang='lat' dir='ltr'>eis</span> <span class='ocrx_word' id='word_1_749' title='bbox 1610 5400 2075 5468; x_wconf 85' lang='lat' dir='ltr'>imprudentibus,</span> <span class='ocrx_word' id='word_1_750' title='bbox 2119 5402 2304 5454; x_wconf 88' lang='lat' dir='ltr'>cinere</span> 
     </span>
    </p>
   </div>
   <div class='ocr_carea' id='block_1_105' title="bbox 731 5493 2304 5564">
    <p class='ocr_par' dir='ltr' id='par_1_105' title="bbox 731 5493 2304 5564">
     <span class='ocr_line' id='line_1_105' title="bbox 731 5493 2304 5564; baseline -0.001 -15"><span class='ocrx_word' id='word_1_751' title='bbox 731 5497 917 5564; x_wconf 86' lang='lat' dir='ltr'>templi</span> <span class='ocrx_word' id='word_1_752' title='bbox 951 5495 1123 5548; x_wconf 80' lang='lat' dir='ltr'>solum</span> <span class='ocrx_word' id='word_1_753' title='bbox 1155 5493 1465 5561; x_wconf 90' lang='lat' dir='ltr'>conspersit</span> <span class='ocrx_word' id='word_1_754' title='bbox 1498 5508 1510 5544; x_wconf 91' lang='lat'>:</span> <span class='ocrx_word' id='word_1_755' title='bbox 1540 5504 1742 5546; x_wconf 91' lang='lat' dir='ltr'>etcum</span> <span class='ocrx_word' id='word_1_756' title='bbox 1768 5493 1845 5546; x_wconf 89' lang='lat' dir='ltr'>sic</span> <span class='ocrx_word' id='word_1_757' title='bbox 1875 5494 2036 5548; x_wconf 85' lang='lat' dir='ltr'>ambo</span> <span class='ocrx_word' id='word_1_758' title='bbox 2071 5495 2304 5548; x_wconf 89' lang='lat' dir='ltr'>clausis-</span> 
     </span>
    </p>
   </div>
   <div class='ocr_carea' id='block_1_106' title="bbox 727 5587 2305 5655">
    <p class='ocr_par' dir='ltr' id='par_1_106' title="bbox 727 5587 2305 5655">
     <span class='ocr_line' id='line_1_106' title="bbox 727 5587 2305 5655; baseline 0 -15"><span class='ocrx_word' id='word_1_759' title='bbox 727 5596 848 5640; x_wconf 79' lang='lat' dir='ltr'>sent</span> <span class='ocrx_word' id='word_1_760' title='bbox 876 5596 931 5641; x_wconf 91' lang='lat' dir='ltr'>et</span> <span class='ocrx_word' id='word_1_761' title='bbox 985 5587 1387 5655; x_wconf 83' lang='lat' dir='ltr'>obsignassent,</span> <span class='ocrx_word' id='word_1_762' title='bbox 1428 5597 1802 5640; x_wconf 85' lang='lat' dir='ltr'>recesserunt.</span> <span class='ocrx_word' id='word_1_763' title='bbox 1848 5587 2113 5654; x_wconf 86' lang='lat' dir='ltr'>Sequenti</span> <span class='ocrx_word' id='word_1_764' title='bbox 2172 5604 2305 5641; x_wconf 88' lang='lat' dir='ltr'>vero</span> 
     </span>
    </p>
   </div>
   <div class='ocr_carea' id='block_1_107' title="bbox 727 5673 2302 5747">
    <p class='ocr_par' dir='ltr' id='par_1_107' title="bbox 727 5673 2302 5747">
     <span class='ocr_line' id='line_1_107' title="bbox 727 5673 2302 5747; baseline 0.001 -16"><span class='ocrx_word' id='word_1_765' title='bbox 727 5681 816 5732; x_wconf 79' lang='lat' dir='ltr'>die</span> <span class='ocrx_word' id='word_1_766' title='bbox 851 5679 1193 5742; x_wconf 89' lang='lat' dir='ltr'>accedentes,</span> <span class='ocrx_word' id='word_1_767' title='bbox 1239 5673 1429 5730; x_wconf 86' lang='lat' dir='ltr'>vident</span> <span class='ocrx_word' id='word_1_768' title='bbox 1464 5677 1692 5747; x_wconf 80' lang='lat' dir='ltr'>vestigia</span> <span class='ocrx_word' id='word_1_769' title='bbox 1725 5677 2015 5730; x_wconf 83' lang='lat' dir='ltr'>mulierum</span> <span class='ocrx_word' id='word_1_770' title='bbox 2069 5689 2123 5731; x_wconf 89' lang='lat' dir='ltr'>et</span> <span class='ocrx_word' id='word_1_771' title='bbox 2157 5680 2302 5733; x_wconf 81' lang='lat' dir='ltr'>viro-</span> 
     </span>
    </p>
   </div>
   <div class='ocr_carea' id='block_1_108' title="bbox 731 5766 2305 5839">
    <p class='ocr_par' dir='ltr' id='par_1_108' title="bbox 731 5766 2305 5839">
     <span class='ocr_line' id='line_1_108' title="bbox 731 5766 2305 5839; baseline -0.001 -15"><span class='ocrx_word' id='word_1_772' title='bbox 731 5785 852 5824; x_wconf 84' lang='lat' dir='ltr'>rum</span> <span class='ocrx_word' id='word_1_773' title='bbox 887 5778 940 5824; x_wconf 89' lang='lat' dir='ltr'>et</span> <span class='ocrx_word' id='word_1_774' title='bbox 970 5784 1266 5839; x_wconf 87' lang='lat' dir='ltr'>puerorum</span> <span class='ocrx_word' id='word_1_775' title='bbox 1296 5769 1349 5822; x_wconf 92' lang='lat' dir='ltr'>in</span> <span class='ocrx_word' id='word_1_776' title='bbox 1379 5766 1584 5823; x_wconf 87' lang='lat' dir='ltr'>cinere.</span> <span class='ocrx_word' id='word_1_777' title='bbox 1611 5766 1714 5834; x_wconf 90' lang='lat' dir='ltr'>Qui</span> <span class='ocrx_word' id='word_1_778' title='bbox 1740 5768 1902 5822; x_wconf 88' lang='lat' dir='ltr'>etiam</span> <span class='ocrx_word' id='word_1_779' title='bbox 1933 5770 2097 5837; x_wconf 81' lang='lat' dir='ltr'>capti,</span> <span class='ocrx_word' id='word_1_780' title='bbox 2123 5780 2305 5824; x_wconf 87' lang='lat' dir='ltr'>osten-</span> 
     </span>
    </p>
   </div>
   <div class='ocr_carea' id='block_1_109' title="bbox 2416 4578 4000 4652">
    <p class='ocr_par' dir='ltr' id='par_1_109' title="bbox 2416 4578 4000 4652">
     <span class='ocr_line' id='line_1_109' title="bbox 2416 4578 4000 4652; baseline 0.004 -20"><span class='ocrx_word' id='word_1_781' title='bbox 2416 4578 2572 4632; x_wconf 87' lang='grc' dir='ltr'>καλεί</span> <span class='ocrx_word' id='word_1_782' title='bbox 2616 4581 2931 4650; x_wconf 84' lang='grc' dir='ltr'>παραυτίκα</span> <span class='ocrx_word' id='word_1_783' title='bbox 2992 4586 3118 4643; x_wconf 67' lang='grc' dir='ltr'>τοὺς</span> <span class='ocrx_word' id='word_1_784' title='bbox 3171 4585 3357 4652; x_wconf 78' lang='grc' dir='ltr'>ἱερεῖς,</span> <span class='ocrx_word' id='word_1_785' title='bbox 3401 4584 3614 4635; x_wconf 83' lang='grc' dir='ltr'>ἀπειλεῖ</span> <span class='ocrx_word' id='word_1_786' title='bbox 3651 4585 3907 4648; x_wconf 71' lang='grc' dir='ltr'>θάνατον,</span> <span class='ocrx_word' id='word_1_787' title='bbox 3947 4589 4000 4638; x_wconf 78' lang='grc' dir='ltr'>ει</span> 
     </span>
    </p>
   </div>
   <div class='ocr_carea' id='block_1_110' title="bbox 2417 4672 4003 4748">
    <p class='ocr_par' dir='ltr' id='par_1_110' title="bbox 2417 4672 4003 4748">
     <span class='ocr_line' id='line_1_110' title="bbox 2417 4672 4003 4748; baseline 0.003 -24"><span class='ocrx_word' id='word_1_788' title='bbox 2417 4672 2491 4740; x_wconf 81' lang='grc' dir='ltr'>μὴ</span> <span class='ocrx_word' id='word_1_789' title='bbox 2521 4672 2859 4738; x_wconf 79' lang='grc' dir='ltr'>ἀποδείξαιεν</span> <span class='ocrx_word' id='word_1_790' title='bbox 2886 4674 3133 4726; x_wconf 78' lang='grc' dir='ltr'>ἐσθίοντα</span> <span class='ocrx_word' id='word_1_791' title='bbox 3163 4675 3255 4725; x_wconf 83' lang='grc' dir='ltr'>τὸν</span> <span class='ocrx_word' id='word_1_792' title='bbox 3284 4675 3397 4744; x_wconf 79' lang='grc' dir='ltr'>Βηλ</span> <span class='ocrx_word' id='word_1_793' title='bbox 3420 4677 3492 4726; x_wconf 78' lang='grc' dir='ltr'>·οΞ</span> <span class='ocrx_word' id='word_1_794' title='bbox 3521 4677 3575 4726; x_wconf 75' lang='grc' dir='ltr'>δέ</span> <span class='ocrx_word' id='word_1_795' title='bbox 3597 4693 3608 4703; x_wconf 93' lang='grc'><strong>·</strong></span> <span class='ocrx_word' id='word_1_796' title='bbox 3647 4677 3723 4743; x_wconf 77' lang='grc' dir='ltr'>Τῇ</span> <span class='ocrx_word' id='word_1_797' title='bbox 3744 4681 4003 4748; x_wconf 75' lang='grc' dir='ltr'>τραπέζῃ</span> 
     </span>
    </p>
   </div>
   <div class='ocr_carea' id='block_1_111' title="bbox 2415 4765 4002 4838">
    <p class='ocr_par' dir='ltr' id='par_1_111' title="bbox 2415 4765 4002 4838">
     <span class='ocr_line' id='line_1_111' title="bbox 2415 4765 4002 4838; baseline 0.005 -24"><span class='ocrx_word' id='word_1_798' title='bbox 2415 4765 2678 4832; x_wconf 82' lang='grc' dir='ltr'>παράθες,</span> <span class='ocrx_word' id='word_1_799' title='bbox 2713 4766 2943 4832; x_wconf 74' lang='grc' dir='ltr'>ἔφασαν,</span> <span class='ocrx_word' id='word_1_800' title='bbox 2981 4765 3049 4817; x_wconf 78' lang='grc' dir='ltr'>τά</span> <span class='ocrx_word' id='word_1_801' title='bbox 3094 4767 3383 4838; x_wconf 79' lang='grc' dir='ltr'>βρώματα,</span> <span class='ocrx_word' id='word_1_802' title='bbox 3421 4767 3680 4837; x_wconf 81' lang='grc' dir='ltr'>βασιλεῦ’</span> <span class='ocrx_word' id='word_1_803' title='bbox 3720 4769 3910 4836; x_wconf 76' lang='grc' dir='ltr'>ἔξιμεν</span> <span class='ocrx_word' id='word_1_804' title='bbox 3940 4769 4002 4822; x_wconf 71' lang='grc' dir='ltr'>δὲ</span> 
     </span>
    </p>
   </div>
   <div class='ocr_carea' id='block_1_112' title="bbox 2416 4856 4001 4931">
    <p class='ocr_par' dir='ltr' id='par_1_112' title="bbox 2416 4856 4001 4931">
     <span class='ocr_line' id='line_1_112' title="bbox 2416 4856 4001 4931; baseline 0.006 -26"><span class='ocrx_word' id='word_1_805' title='bbox 2416 4856 2722 4924; x_wconf 69' lang='grc' dir='ltr'>ἡ;λ.εῖς,κα“ι</span> <span class='ocrx_word' id='word_1_806' title='bbox 2783 4857 2945 4920; x_wconf 75' lang='grc' dir='ltr'>αὐτὸς</span> <span class='ocrx_word' id='word_1_807' title='bbox 2995 4859 3173 4912; x_wconf 76' lang='grc' dir='ltr'>κλεισὶ</span> <span class='ocrx_word' id='word_1_808' title='bbox 3222 4864 3314 4914; x_wconf 78' lang='grc' dir='ltr'>καὶ</span> <span class='ocrx_word' id='word_1_809' title='bbox 3362 4865 3624 4929; x_wconf 85' lang='grc' dir='ltr'>σφραγῖσι</span> <span class='ocrx_word' id='word_1_810' title='bbox 3674 4861 3770 4931; x_wconf 76' lang='grc' dir='ltr'>τὴν</span> <span class='ocrx_word' id='word_1_811' title='bbox 3820 4861 4001 4929; x_wconf 81' lang='grc' dir='ltr'>θύραν</span> 
     </span>
    </p>
   </div>
   <div class='ocr_carea' id='block_1_113' title="bbox 2416 4948 4000 5021">
    <p class='ocr_par' dir='ltr' id='par_1_113' title="bbox 2416 4948 4000 5021">
     <span class='ocr_line' id='line_1_113' title="bbox 2416 4948 4000 5021; baseline 0.004 -23"><span class='ocrx_word' id='word_1_812' title='bbox 2416 4948 2882 5017; x_wconf 78' lang='grc' dir='ltr'>ἀσφαλισάμενος,</span> <span class='ocrx_word' id='word_1_813' title='bbox 2905 4953 3013 5020; x_wconf 80' lang='grc' dir='ltr'>’τὴν</span> <span class='ocrx_word' id='word_1_814' title='bbox 3049 4952 3176 5021; x_wconf 79' lang='grc' dir='ltr'>ἑξῆς</span> <span class='ocrx_word' id='word_1_815' title='bbox 3222 4953 3319 5015; x_wconf 73' lang='grc' dir='ltr'>ἴθι,</span> <span class='ocrx_word' id='word_1_816' title='bbox 3355 4953 3448 5003; x_wconf 75' lang='grc' dir='ltr'>καὶ</span> <span class='ocrx_word' id='word_1_817' title='bbox 3479 4956 3524 5002; x_wconf 89' lang='grc' dir='ltr'>εί</span> <span class='ocrx_word' id='word_1_818' title='bbox 3559 4954 3633 5020; x_wconf 79' lang='grc' dir='ltr'>μὴ</span> <span class='ocrx_word' id='word_1_819' title='bbox 3665 4954 4000 5015; x_wconf 83' lang='grc' dir='ltr'>καταλάϐοις</span> 
     </span>
    </p>
   </div>
   <div class='ocr_carea' id='block_1_114' title="bbox 2415 5039 3995 5113">
    <p class='ocr_par' dir='ltr' id='par_1_114' title="bbox 2415 5039 3995 5113">
     <span class='ocr_line' id='line_1_114' title="bbox 2415 5039 3995 5113; baseline 0.003 -22"><span class='ocrx_word' id='word_1_820' title='bbox 2415 5039 2740 5109; x_wconf 80' lang='grc' dir='ltr'>ἀνηλωμένα</span> <span class='ocrx_word' id='word_1_821' title='bbox 2778 5045 2979 5106; x_wconf 72' lang='grc' dir='ltr'>πάντα,</span> <span class='ocrx_word' id='word_1_822' title='bbox 3011 5043 3154 5107; x_wconf 78' lang='grc' dir='ltr'>ἄξιοι</span> <span class='ocrx_word' id='word_1_823' title='bbox 3189 5045 3459 5113; x_wconf 72' lang='grc' dir='ltr'>τιμωρίας</span> <span class='ocrx_word' id='word_1_824' title='bbox 3490 5046 3652 5112; x_wconf 80' lang='grc' dir='ltr'>ἡμεῖς</span> <span class='ocrx_word' id='word_1_825' title='bbox 3676 5057 3689 5070; x_wconf 87' lang='lat'><strong><em>°</em></strong></span> <span class='ocrx_word' id='word_1_826' title='bbox 3727 5047 3773 5096; x_wconf 85' lang='grc' dir='ltr'>εί</span> <span class='ocrx_word' id='word_1_827' title='bbox 3807 5044 3850 5095; x_wconf 76' lang='grc' dir='ltr'>δ’</span> <span class='ocrx_word' id='word_1_828' title='bbox 3875 5043 3995 5108; x_wconf 79' lang='grc' dir='ltr'>οῦν,</span> 
     </span>
    </p>
   </div>
   <div class='ocr_carea' id='block_1_115' title="bbox 2415 5132 4001 5203">
    <p class='ocr_par' dir='ltr' id='par_1_115' title="bbox 2415 5132 4001 5203">
     <span class='ocr_line' id='line_1_115' title="bbox 2415 5132 4001 5203; baseline 0.001 -19"><span class='ocrx_word' id='word_1_829' title='bbox 2415 5133 2549 5184; x_wconf 78' lang='grc' dir='ltr'>ἀλλα</span> <span class='ocrx_word' id='word_1_830' title='bbox 2578 5132 2772 5202; x_wconf 79' lang='grc' dir='ltr'>Δανιὴλ.</span> <span class='ocrx_word' id='word_1_831' title='bbox 2808 5134 3043 5197; x_wconf 82' lang='grc' dir='ltr'>πάντως,</span> <span class='ocrx_word' id='word_1_832' title='bbox 3080 5138 3105 5186; x_wconf 83' lang='grc' dir='ltr'>ὁ</span> <span class='ocrx_word' id='word_1_833' title='bbox 3155 5137 3250 5188; x_wconf 73' lang='grc' dir='ltr'>καὶ</span> <span class='ocrx_word' id='word_1_834' title='bbox 3296 5136 3461 5188; x_wconf 75' lang='grc' dir='ltr'>αὑτοῦ</span> <span class='ocrx_word' id='word_1_835' title='bbox 3522 5136 3644 5187; x_wconf 84' lang='grc' dir='ltr'>θεοῦ</span> <span class='ocrx_word' id='word_1_836' title='bbox 3699 5153 3759 5203; x_wconf 90' lang='grc' dir='ltr'>γε</span> <span class='ocrx_word' id='word_1_837' title='bbox 3821 5152 4001 5188; x_wconf 78' lang='grc' dir='ltr'>κοτα-</span> 
     </span>
    </p>
   </div>
   <div class='ocr_carea' id='block_1_116' title="bbox 2414 5224 3998 5295">
    <p class='ocr_par' dir='ltr' id='par_1_116' title="bbox 2414 5224 3998 5295">
     <span class='ocr_line' id='line_1_116' title="bbox 2414 5224 3998 5295; baseline 0.003 -22"><span class='ocrx_word' id='word_1_838' title='bbox 2414 5224 2756 5290; x_wconf 71' lang='grc' dir='ltr'>ψευσάμενος</span> <span class='ocrx_word' id='word_1_839' title='bbox 2788 5226 2881 5276; x_wconf 68' lang='grc' dir='ltr'>καὶ</span> <span class='ocrx_word' id='word_1_840' title='bbox 2915 5226 3094 5292; x_wconf 80' lang='grc' dir='ltr'>ἡμῶν.</span> <span class='ocrx_word' id='word_1_841' title='bbox 3139 5226 3320 5295; x_wconf 74' lang='grc' dir='ltr'>Κύρος</span> <span class='ocrx_word' id='word_1_842' title='bbox 3355 5227 3450 5294; x_wconf 78' lang='grc' dir='ltr'>μὲν</span> <span class='ocrx_word' id='word_1_843' title='bbox 3484 5224 3575 5279; x_wconf 69' lang='grc' dir='ltr'>οὖν</span> <span class='ocrx_word' id='word_1_844' title='bbox 3609 5227 3748 5278; x_wconf 73' lang='grc' dir='ltr'>κατὰ</span> <span class='ocrx_word' id='word_1_845' title='bbox 3778 5228 3868 5278; x_wconf 60' lang='grc' dir='ltr'>τὸν</span> <span class='ocrx_word' id='word_1_846' title='bbox 3901 5230 3998 5279; x_wconf 59' lang='lat'>16-</span> 
     </span>
    </p>
   </div>
   <div class='ocr_carea' id='block_1_117' title="bbox 2415 5314 3996 5387">
    <p class='ocr_par' dir='ltr' id='par_1_117' title="bbox 2415 5314 3996 5387">
     <span class='ocr_line' id='line_1_117' title="bbox 2415 5314 3996 5387; baseline 0.003 -23"><span class='ocrx_word' id='word_1_847' title='bbox 2415 5330 2509 5379; x_wconf 90' lang='grc' dir='ltr'>γον</span> <span class='ocrx_word' id='word_1_848' title='bbox 2541 5314 2647 5365; x_wconf 88' lang='grc' dir='ltr'>τῶν</span> <span class='ocrx_word' id='word_1_849' title='bbox 2695 5314 3000 5382; x_wconf 78' lang='grc' dir='ltr'>βρωμάτων</span> <span class='ocrx_word' id='word_1_850' title='bbox 3032 5317 3190 5376; x_wconf 64' lang='grc' dir='ltr'>εὐθὺς</span> <span class='ocrx_word' id='word_1_851' title='bbox 3223 5316 3488 5385; x_wconf 78' lang='grc' dir='ltr'>πεποίηκε</span> <span class='ocrx_word' id='word_1_852' title='bbox 3517 5318 3614 5385; x_wconf 78' lang='grc' dir='ltr'>τὴν</span> <span class='ocrx_word' id='word_1_853' title='bbox 3642 5319 3952 5387; x_wconf 79' lang='grc' dir='ltr'>παράθεσιν</span> <span class='ocrx_word' id='word_1_854' title='bbox 3984 5336 3996 5348; x_wconf 75' lang='grc' dir='ltr'><strong>ο</strong></span> 
     </span>
    </p>
   </div>
   <div class='ocr_carea' id='block_1_118' title="bbox 2415 5405 4000 5478">
    <p class='ocr_par' dir='ltr' id='par_1_118' title="bbox 2415 5405 4000 5478">
     <span class='ocr_line' id='line_1_118' title="bbox 2415 5405 4000 5478; baseline 0.004 -22"><span class='ocrx_word' id='word_1_855' title='bbox 2415 5405 2610 5475; x_wconf 81' lang='grc' dir='ltr'>Δανιὴλ</span> <span class='ocrx_word' id='word_1_856' title='bbox 2643 5407 2697 5456; x_wconf 81' lang='grc' dir='ltr'>δὲ</span> <span class='ocrx_word' id='word_1_857' title='bbox 2728 5405 2948 5468; x_wconf 84' lang='grc' dir='ltr'>τούτους</span> <span class='ocrx_word' id='word_1_858' title='bbox 2981 5407 3178 5467; x_wconf 80' lang='grc' dir='ltr'>λαθὼν,</span> <span class='ocrx_word' id='word_1_859' title='bbox 3218 5409 3414 5478; x_wconf 72' lang='grc' dir='ltr'>σποδιᾷ.</span> <span class='ocrx_word' id='word_1_860' title='bbox 3454 5408 3510 5459; x_wconf 77' lang='grc' dir='ltr'>τὸ</span> <span class='ocrx_word' id='word_1_861' title='bbox 3540 5408 3631 5460; x_wconf 83' lang='grc' dir='ltr'>τοῦ</span> <span class='ocrx_word' id='word_1_862' title='bbox 3663 5409 3794 5460; x_wconf 85' lang='grc' dir='ltr'>ναοῦ</span> <span class='ocrx_word' id='word_1_863' title='bbox 3843 5410 3877 5460; x_wconf 75' lang='grc' dir='ltr'>ἃ</span> <span class='ocrx_word' id='word_1_864' title='bbox 3931 5431 4000 5463; x_wconf 89' lang='grc' dir='ltr'>αν</span> 
     </span>
    </p>
   </div>
   <div class='ocr_carea' id='block_1_119' title="bbox 2413 5497 3998 5571">
    <p class='ocr_par' dir='ltr' id='par_1_119' title="bbox 2413 5497 3998 5571">
     <span class='ocr_line' id='line_1_119' title="bbox 2413 5497 3998 5571; baseline 0.015 -26"><span class='ocrx_word' id='word_1_865' title='bbox 2413 5497 2608 5564; x_wconf 66' lang='grc' dir='ltr'>ἔδαφος</span> <span class='ocrx_word' id='word_1_866' title='bbox 2645 5498 3015 5549; x_wconf 83' lang='grc' dir='ltr'>καταπάττει·</span> <span class='ocrx_word' id='word_1_867' title='bbox 3048 5501 3138 5549; x_wconf 67' lang='grc' dir='ltr'>καὶ</span> <span class='ocrx_word' id='word_1_868' title='bbox 3163 5499 3303 5551; x_wconf 76' lang='grc' dir='ltr'>οῦτω</span> <span class='ocrx_word' id='word_1_869' title='bbox 3331 5500 3640 5562; x_wconf 80' lang='grc' dir='ltr'>κλείσαντες</span> <span class='ocrx_word' id='word_1_870' title='bbox 3684 5503 3998 5571; x_wconf 61' lang='grc' dir='ltr'>ἀμφότεὲοι</span> 
     </span>
    </p>
   </div>
   <div class='ocr_carea' id='block_1_120' title="bbox 2415 5589 3999 5661">
    <p class='ocr_par' dir='ltr' id='par_1_120' title="bbox 2415 5589 3999 5661">
     <span class='ocr_line' id='line_1_120' title="bbox 2415 5589 3999 5661; baseline 0.005 -23"><span class='ocrx_word' id='word_1_871' title='bbox 2415 5591 2508 5643; x_wconf 70' lang='grc' dir='ltr'>καὶ</span> <span class='ocrx_word' id='word_1_872' title='bbox 2545 5590 2948 5658; x_wconf 76' lang='grc' dir='ltr'>σφραγίσαντες</span> <span class='ocrx_word' id='word_1_873' title='bbox 2985 5589 3189 5658; x_wconf 71' lang='grc' dir='ltr'>ᾤχοντο</span> <span class='ocrx_word' id='word_1_874' title='bbox 3216 5608 3229 5621; x_wconf 90' lang='grc'><strong>·</strong></span> <span class='ocrx_word' id='word_1_875' title='bbox 3283 5594 3346 5659; x_wconf 70' lang='grc' dir='ltr'>τῇ</span> <span class='ocrx_word' id='word_1_876' title='bbox 3385 5592 3508 5659; x_wconf 73' lang='grc' dir='ltr'>ἑξῆς</span> <span class='ocrx_word' id='word_1_877' title='bbox 3559 5593 3614 5644; x_wconf 75' lang='grc' dir='ltr'>δὲ</span> <span class='ocrx_word' id='word_1_878' title='bbox 3673 5595 3999 5661; x_wconf 71' lang='grc' dir='ltr'>παριόντες,</span> 
     </span>
    </p>
   </div>
   <div class='ocr_carea' id='block_1_121' title="bbox 2415 5682 4002 5753">
    <p class='ocr_par' dir='ltr' id='par_1_121' title="bbox 2415 5682 4002 5753">
     <span class='ocr_line' id='line_1_121' title="bbox 2415 5682 4002 5753; baseline 0.004 -22"><span class='ocrx_word' id='word_1_879' title='bbox 2415 5683 2533 5748; x_wconf 70' lang='grc' dir='ltr'>ἴχνη</span> <span class='ocrx_word' id='word_1_880' title='bbox 2572 5682 2848 5748; x_wconf 81' lang='grc' dir='ltr'>γυναικῶν</span> <span class='ocrx_word' id='word_1_881' title='bbox 2879 5682 2971 5734; x_wconf 74' lang='grc' dir='ltr'>καὶ</span> <span class='ocrx_word' id='word_1_882' title='bbox 3007 5683 3213 5752; x_wconf 73' lang='grc' dir='ltr'>ἀνδρῶν</span> <span class='ocrx_word' id='word_1_883' title='bbox 3253 5686 3344 5736; x_wconf 73' lang='grc' dir='ltr'>καὶ</span> <span class='ocrx_word' id='word_1_884' title='bbox 3382 5684 3610 5737; x_wconf 80' lang='grc' dir='ltr'>παιδίων</span> <span class='ocrx_word' id='word_1_885' title='bbox 3645 5687 3814 5753; x_wconf 70' lang='grc' dir='ltr'>ὁρῶσι</span> <span class='ocrx_word' id='word_1_886' title='bbox 3849 5690 4002 5738; x_wconf 75' lang='grc' dir='ltr'>κατά</span> 
     </span>
    </p>
   </div>
   <div class='ocr_carea' id='block_1_122' title="bbox 2411 5773 4002 5845">
    <p class='ocr_par' dir='ltr' id='par_1_122' title="bbox 2411 5773 4002 5845">
     <span class='ocr_line' id='line_1_122' title="bbox 2411 5773 4002 5845; baseline 0.013 -23"><span class='ocrx_word' id='word_1_887' title='bbox 2411 5773 2508 5841; x_wconf 79' lang='grc' dir='ltr'>τῆς</span> <span class='ocrx_word' id='word_1_888' title='bbox 2552 5773 2792 5836; x_wconf 73' lang='grc' dir='ltr'>σποδιὶς,</span> <span class='ocrx_word' id='word_1_889' title='bbox 2843 5774 2891 5826; x_wconf 75' lang='grc' dir='ltr'>οἳ</span> <span class='ocrx_word' id='word_1_890' title='bbox 2951 5776 3042 5830; x_wconf 68' lang='grc' dir='ltr'>καὶ</span> <span class='ocrx_word' id='word_1_891' title='bbox 3101 5775 3395 5844; x_wconf 69' lang='grc' dir='ltr'>ληφθέντες</span> <span class='ocrx_word' id='word_1_892' title='bbox 3447 5776 3540 5838; x_wconf 73' lang='grc' dir='ltr'>τὰς</span> <span class='ocrx_word' id='word_1_893' title='bbox 3585 5778 3829 5845; x_wconf 70' lang='grc' dir='ltr'>κρυατέις</span> <span class='ocrx_word' id='word_1_894' title='bbox 3897 5780 4002 5829; x_wconf 51' lang='grc' dir='ltr'>ἀπ’</span> 
     </span>
    </p>
   </div>
  </div>
