4226 6436
257 371 368 433 397

1309 375 1484 433 νιΤΑ
1525 373 1582 431 S.
1621 372 2043 432 PROPHETJE
2086 371 2469 430 DANIELIS.

3397 370 3499 440 393

257 481 574 536 ςδείκνυσαν
601 482 857 547 εἰσόδους,
885 483 949 534 δι’
977 477 1049 534 ὧν
1077 484 1328 543 εἰσιόντες
1358 481 1566 552 πρώην,
1597 483 1828 549 ἁνήλουν
1860 490 1904 544 Λ

1860 490 1904 544 Λ
1934 483 2068 536 dunt
2103 485 2350 540 occultos
2381 488 2581 550 aditus,
2619 502 2715 556 per
2739 502 2877 556 quos
2899 503 3073 556 nuper
3106 487 3498 558 ingredientes,

256 571 325 620 τὰ
357 571 725 640 προτιθέμενα
755 589 764 601 ’
801 574 972 625 ταῦτα
999 574 1026 625 ὁ
1055 573 1302 641 βασιλεὺς
1333 572 1473 636 ἰδὼν,
1501 575 1666 643 ὀργῆς
1693 572 1828 642 ὁμοῦ

258 662 354 712 καὶ
400 663 662 732 αἰσχύνης
693 664 974 727 ὑπόπλεως
1010 665 1220 731 γίνεται
1251 667 1344 718 καὶ
1377 667 1473 735 τῆς
1512 668 1671 735 μέχρι
1710 669 1828 718 τότε

257 752 719 822 διαλανθανούσης
772 755 933 808 αὐτὸν
983 757 1196 824 ἀπάτης
1245 759 1372 818 τοὺς
1425 759 1586 826 ίερεῖς
1633 759 1833 824 ἀμυνό-

259 859 441 910 μενος.
499 845 741 908 ἅπαντας
793 847 987 908 αὐτοὺς
1046 848 1274 914 ἀναιρεῖ,
1334 847 1422 900 τὸν
1459 849 1603 900 ,ναὸν
1641 849 1695 899 δὲ
1736 847 1828 900 κα1⁸

255 933 351 986 τὸν
411 934 522 1004 Βὴλ
586 937 802 991 ἔκδοτον
863 938 945 998 είς
994 940 1375 1009 καταστροφήν
1443 940 1682 1010 παρέσχε
1749 939 1824 1008 τῷ

256 1025 478 1090 Δανιήλ.

329 1114 454 1168 KI".
494 1115 662 1170 Τοῦτο
693 1117 909 1185 πρῶτον
945 1109 1306 1182 Βαϐυλωνίοις
1335 1120 1363 1171 6
1389 1121 1582 1191 Δανιὴλ
1623 1120 1824 1173 ἐπιδεί-

254 1205 351 1270 ξας
382 1208 730 1278 κατόρθωμα,
757 1209 970 1272 οὐδενὸς
992 1212 1100 1263 τῶν
1125 1212 1182 1263 εν
1211 1229 1266 1263 τε
1295 1213 1506 1264 συνέσει
1538 1213 1630 1265 καὶ
1669 1213 1826 1282 ἀγχι-

249 1299 371 1366 νοὲᾳ
405 1297 838 1370 θαυμαζομένων
868 1303 1301 1368 ἀπολειπόμενον
1353 1300 1474 1357 εἶτα
1522 1304 1614 1356 καὶ
1643 1303 1825 1357 δεῦτε-

251 1404 348 1456 ρον
375 1389 699 1458 ἐπιτίθησιν·
734 1391 795 1442 οὐ
816 1391 921 1460 γὰρ
941 1391 1096 1459 μόνον
1119 1394 1166 1444 οί
1200 1393 1520 1464 ἀναίσθητοι
1554 1385 1699 1446 οὗτοι
1733 1393 1822 1446 τὸν

248 1480 582 1549 ἀναίσθητον
624 1481 877 1542 ἐσέϐοντο
915 1483 1043 1554 Βὴλ,
1083 1484 1218 1539 ἀλλὰ
1251 1486 1345 1539 καὶ
1391 1486 1660 1554 δράκοντά
1702 1503 1823 1539 τινα

249 1573 428 1638 μέγαν
459 1573 846 1642 ἑμφωλεύοντα
882 1578 1014 1648 οῐκῳ
1045 1579 1152 1631 τινὶ
1181 1579 1591 1649 θεραπεύοντες,
1611 1578 1685 1642 ὡς
1717 1578 1822 1648 θεῷ

247 1666 570 1730 προσεῖχον·
602 1665 765 1735 ἔργον
809 1667 968 1721 τοῦτο
1024 1669 1084 1722 τὸ
1130 1670 1322 1738 νοητοῦ
1381 1671 1695 1739 δράκοντος,
1725 1669 1820 1723 τοῦ

250 1752 353 1819 μὲν
387 1752 521 1805 Θεοῦ
550 1757 656 1806 τῶν
678 1757 812 1809 ὅλων
845 1761 1099 1829 ἁφιστᾷν,
1128 1762 1302 1830 θηρίῳ
1326 1763 1381 1813 δὲ
1413 1762 1617 1814 πείθειν
1649 1779 1822 1832 προσ-

1938 576 2332 630 ronsumebant
2375 593 2437 631 ea
2481 594 2600 647 qua:
2630 580 3065 649 apponebantur.
3100 579 3224 634 Ilaec
3252 596 3375 634 cum
3405 597 3500 635 rex

1937 669 2187 732 vidisset,
2216 669 2292 722 ira
2321 670 2480 723 simul
2514 671 2754 739 repletur
2787 683 2843 726 et
2871 672 3100 740 pudore,
3124 680 3178 725 et
3226 672 3500 725 ulciscens

1934 758 2247 812 sacerdotes
2281 768 2502 828 propter
2520 777 2640 814 eam
2670 778 2789 830 quae
2819 762 2884 815 ad
2933 764 3035 816 hoc
3071 779 3242 831 usque
3274 772 3494 830 tempus

1934 849 2159 911 latebat,
2201 850 2468 912 fraudem,
2497 867 2593 904 eos
2642 868 2834 907 omnes
2896 853 3196 914 interimit;
3237 853 3498 922 templum

1931 948 2113 994 autem
2145 949 2198 994 et
2230 941 2322 995 Bel
2374 943 2604 1010 przebuit
2631 943 2990 996 evertendum
3022 941 3249 997 Dahieli.

2001 1115 2193 1168 XXIII.
2229 1115 2362 1170 Cum
2415 1118 2602 1172 Daniel
2656 1118 2966 1189 Babyloniis
3018 1118 3123 1172 hoc
3175 1116 3498 1187 praeclarum

1927 1205 2165 1275 primum
2227 1207 2558 1260 ostendisset
2614 1207 2840 1272 factum,
2890 1208 3035 1278 quod
3083 1208 3233 1262 nullo
3274 1222 3493 1270 eorum,

1932 1311 2053 1365 quae.
2105 1305 2330 1365 propter
2377 1297 2792 1365 intelligentiam
2841 1309 2895 1352 et
2927 1300 3128 1369 ingenii
3178 1313 3408 1352 acumen
3442 1297 3497 1350 in

1932 1383 2293 1437 admiratione
2334 1384 2623 1446 habentur,
2664 1395 2747 1439 est
2796 1387 3046 1446 inferius.
3084 1388 3283 1441 deinde
3326 1387 3492 1440 etiam

1930 1476 2234 1528 secundum
2254 1476 2462 1546 adjicit.
2495 1477 2612 1531 Non
2639 1479 2814 1532 solum
2835 1483 2982 1532 enim
3034 1479 3120 1531 isu
3160 1479 3312 1529 nullo
3335 1478 3495 1544 plane

1932 1582 2092 1622 sensu
2119 1569 2351 1636 praediti,
2384 1570 2538 1622 nullo
2572 1585 2732 1623 sensu
2765 1571 3050 1639 prmditum
3080 1570 3171 1623 Bel
3196 1569 3451 1622 colebant
3478 1585 3490 1619 :

1931 1657 2025 1713 sed
2086 1658 2250 1711 etiam
2286 1673 2540 1726 magnum
2595 1661 2889 1727 quemdam
2950 1660 3268 1718 draconem,
3304 1657 3396 1726 qui
3439 1655 3494 1708 in

1928 1748 2094 1802 domo
2132 1749 2367 1818 quadam
2406 1749 2782 1813 delitescebat,
2831 1759 3090 1818 tanquam
3143 1750 3306 1803 deum
3349 1749 3494 1800 cole-

249 1843 465 1896 κεῖσθαι
496 1849 849 1919 πονηροτάτῳ
870 1866 882 1880 ’
913 1853 1170 1919 πειρᾶται
1210 1851 1341 1920 γοῦν
1369 1855 1468 1905 κάν
1497 1853 1669 1920 τούτῳ
1706 1855 1814 1905 Κύ-
1851 1829 1896 1887 Β

1851 1829 1896 1887 Β
1926 1842 2079 1895 bant.
2113 1845 2228 1896 Iloc
2261 1858 2399 1912 opus
2429 1851 2511 1896 est
2541 1843 2678 1911 ejus,
2711 1844 2804 1912 qui
2844 1842 3208 1912 intelligentia
3255 1840 3493 1909 percipi-

247 1950 341 2002 ρος
375 1934 466 1986 τοῦ
498 1937 696 2005 Δανιὴλ
731 1938 825 1990 καὶ
871 1939 946 2002 ὡς
986 1941 1199 2010 ἀληθῶς
1230 1943 1458 1997 ἐσθίοντι
1490 1947 1580 1997 καὶ
1608 1947 1813 1997 πίνοντι

244 2025 339 2093 καὶ
391 2025 554 2089 ζῶντι
604 2027 710 2099 θεῷ
746 2035 1068 2100 προσκυνεῖν
1103 2036 1398 2104 παρηγγύα
1425 2051 1440 2067 ο
1483 2036 1554 2088 Οὐ
1591 2036 1696 2104 γὰρ
1726 2037 1812 2100 ἂν,

242 2109 468 2180 ιφησεν,
521 2115 649 2185 ἔχῃς
701 2119 896 2184 εἰπεῖν,
926 2121 1005 2174 ὅτι
1061 2122 1162 2174 κᾶν
1215 2118 1369 2186 οὗτος
1420 2125 1517 2177 οὐκ
1551 2125 1664 2178 ἔστι
1698 2125 1817 2190 θεὸς

242 2199 356 2261 ζῶν
383 2217 395 2230 ·
433 2205 458 2253 6
487 2203 541 2254 δέ
562 2217 580 2238 ο
613 2208 800 2276 Κυρίῳ
825 2210 902 2277 τῷ
930 2211 1048 2281 Θεῷ
1107 2229 1207 2280 μου
1263 2216 1628 2284 προσκυνήσω
1651 2233 1664 2247 ·
1724 2217 1819 2285 μό-

242 2305 333 2349 νος
360 2289 465 2357 γὰρ
500 2285 654 2355 οὗτος
679 2294 895 2365 ἀληθῶς
923 2296 1050 2362 ζῶν,
1077 2300 1144 2353 δι’
1177 2295 1238 2352 οὗ
1282 2302 1465 2371 ζῶμεν
1509 2305 1603 2357 καὶ
1642 2307 1821 2360 κινού-

244 2379 387 2447 μεθα
423 2382 513 2433 καὶ
542 2383 709 2452 ἐσμέν
743 2403 754 2415 ’
787 2389 813 2439 6
844 2387 899 2440 δὲ
930 2388 1148 2457 δράκων
1180 2387 1328 2454 οὗτος
1358 2395 1556 2454 ίοϐόλος
1582 2395 1700 2460 ὄφις
1727 2397 1820 2450 καὶ

242 2470 503 2538 πονηρὸς,
541 2471 899 2541 λυμαίνεσθαι
932 2478 1029 2545 μὲν
1063 2478 1237 2542 είδὼς,
1268 2480 1500 2548 ὠφελεῖν
1528 2483 1583 2534 δὲ
1628 2485 1817 2536 οὐδένα

235 2561 466 2623 δυνατὸς
490 2561 585 2617 ὢν.
614 2566 674 2615 El
704 2564 747 2616 δ’
772 2566 850 2616 ὅτι
886 2567 979 2619 καὶ⁸
1016 2567 1204 2638 θνητός
1239 2572 1355 2623 ἐστι
1391 2573 1591 2640 γνῶναι
1615 2574 1810 2642 θέλεις,

239 2655 338 2706 καὶ⁸
367 2655 465 2722 τὴν
499 2653 660 2721 φύσιν
695 2655 955 2728 φθαρτὸς,
1008 2659 1126 2714 ἀλλ’
1155 2664 1214 2714 οὐ
1251 2663 1349 2732 μὲν
1377 2659 1471 2718 οὖν
1510 2665 1629 2729 θεὸς
1661 2669 1818 2722 οὐδα-

243 2743 383 2812 μῶς,
417 2747 731 2817 ἐπίτρεψον,
765 2743 809 2803 ὧ
837 2751 1080 2820 βασιλεῦ,
1119 2755 1275 2821 κάγὼ
1318 2756 1504 2809 τοῦτον
1542 2760 1817 2829 μαχαίρας

237 2839 370 2892 ἄνευ
399 2839 493 2893 καὶ
533 2842 730 2911 ῥάϐδου
767 2847 1108 2903 κατακτενῶ.
1177 2848 1594 2911 Ἐπινεύσαντος
1635 2851 1726 2903 οὖν
1761 2854 1818 2904 ἐν

236 2929 415 2999 τούτῳ
468 2932 566 2985 τοῦ
622 2935 911 3002 βασιλέως,
952 2939 1152 2993 πίσσαν
1181 2940 1316 3011 ὁμοῦ
1366 2945 1464 2994 καὶ
1522 2941 1688 3011 στέαρ
1723 2945 1820 2998 καὶ⁸

237 3024 434 3093 τρίχας
469 3026 495 3076 6
526 3025 832 3094 Θαυμαστὸς
880 3023 1034 3093 οὗτος
1081 3035 1220 3102 ἀνὴρ
1269 3034 1533 3104 ἑστηκὼς,
1571 3033 1687 3091 εἶτα
1727 3040 1818 3091 καὶ

241 3114 420 3181 μάζας
449 3110 786 3184 πεποιηκὼς,
826 3121 912 3182 είς
932 3122 990 3174 τὸ
1019 3123 1194 3191 στόμα
1233 3125 1440 3195 καθῆκε
1467 3129 1558 3179 τοῦ
1591 3129 1818 3196 δράκον-

231 3224 352 3268 τος.
404 3207 464 3259 Ὀ
490 3207 544 3259 δὶ
565 3209 754 3277 φαγὼν
777 3215 1046 3294 ῥήγνυται
1076 3220 1437 3287 παραχρῆμα.
1473 3219 1612 3289 Πρὸς
1645 3221 1814 3274 ταῦτα

235 3296 301 3347 οι
343 3294 450 3347 τῶν
505 3296 864 3354 Βαϐυλωνίων
919 3303 1462 3374 δεισιδαιμονέστατοι
1495 3308 1706 3377 βαρέως
1741 3309 1817 3362 δι-

236 3386 576 3454 ενέγκοντες,
609 3389 688 3458 τῷ
723 3393 935 3460 βασιλεί
954 3411 1009 3445 τε
1042 3397 1347 3463 προσῆλθον
1374 3399 1468 3448 καὶ
1499 3399 1814 3465 τὸνΔανιὴλ

237 3478 608 3548 ὲξῃτήσαντο’
641 3477 780 3548 ἦσαν
824 3482 932 3551 γὰρ
978 3484 1216 3553 ἀτέχνως
1274 3485 1377 3537 ὑπὸ
1430 3485 1523 3538 τοῦ
1575 3488 1815 3555 ἀφανοῦς

235 3571 531 3640 δράκοντος
571 3570 1007 3642 ὑποϐεϐλημένοι
1040 3578 1132 3628 καὶ
1163 3567 1360 3646 πολλὴν
1381 3576 1515 3646 ὅσην
1548 3579 1688 3631 κατὰ
1716 3578 1828 3632 τοῦ

235 3663 523 3731 προφήτου
554 3663 652 3731 τὴν
685 3666 884 3733 μανίαν
908 3666 1209 3730 ὠδίνοντες.
1240 3669 1506 3737 Προσίασι
1528 3671 1707 3724 τοίνυν
1735 3672 1813 3742 τῷ

235 3752 452 3823 βασιλεῖ
477 3771 491 3786 ⁶
546 3757 794 3827 Παράδος
834 3761 966 3827 ἡμῖν
997 3760 1085 3811 τὸν
1110 3761 1327 3830 Δανιὴλ,
1369 3762 1614 3828 λέγοντες
1637 3780 1648 3794 ’
1692 3766 1737 3815 εἰ
1770 3765 1812 3816 6'

232 3840 350 3908 οὖν,
382 3845 517 3899 ἀλλά
544 3862 602 3898 σε
632 3847 1057 3917 ἀποκτενοῦμεν.
1093 3851 1261 3920 Δῆλος
1288 3852 1391 3921 γὰρ
1416 3854 1677 3922 ήμίνὰπὸ
1705 3855 1812 3908 τῶν

235 3935 416 4003 εργων
443 3935 792 4003 καθίστασαι,
830 3939 916 3992 ὅτι
963 3943 1058 3994 καὶ
1105 3942 1267 4004 αὐτὸς
1299 3944 1399 4012 ἤδη
1444 3948 1507 3999 τὰ
1545 3945 1812 3999 Ἰουδαίων

233 4029 478 4095 φρονεῖς.
516 4030 731 4100 Ἀμέλει
777 4033 871 4085 καὶ
914 4036 1244 4104 παραδίδωσι
1288 4037 1473 4089 τοῦτον
1517 4039 1594 4098 είς
1623 4041 1811 4105 χεῖρας

232 4117 417 4170 αὐτῶν
446 4121 474 4171 6
504 4119 774 4189 βασιλεὺς,
813 4123 909 4192 οὐχ
934 4124 1074 4176 ἑκὼν
1103 4126 1276 4186 ἄλλως
1306 4128 1426 4182 οὐδὲ
1465 4127 1808 4196 βουλόμενος,

232 4209 574 4276 παραδίδωσι
605 4211 651 4262 δ’
678 4212 770 4264 οῦν
803 4215 950 4281 ὅμως
975 4229 988 4243 ·
1017 4217 1064 4267 οξ
1105 4215 1162 4266 δὲ
1191 4215 1446 4279 λάϐοντες
1477 4221 1556 4280 είς
1589 4221 1680 4272 τὴν
1706 4220 1811 4272 τῶν

227 4298 464 4352 λεόντων
494 4300 695 4354 λάκκον
723 4303 884 4367 εὐθὺς
916 4306 1168 4361 καθιᾶσιν
1189 4325 1203 4338 '
1245 4310 1385 4363 ἑπτὰ
1418 4311 1472 4363 δὲ
1498 4297 1637 4381 ἦσαν
1664 4307 1809 4365 οῦτοι

228 4390 327 4444 τὸν
363 4391 614 4462 ἀριθμὸν,
641 4388 722 4455 οἷς
754 4395 847 4448 δύο
878 4414 936 4449 τε
999 4398 1229 4466 σώματα
1288 4401 1382 4453 καὶ
1433 4401 1683 4469 πρόϐατα
1716 4403 1809 4457 δύο

1924 1943 2013 1987 tur
2037 1934 2314 1998 draconis,
2340 1936 2611 1990 abducere
2631 1935 2850 2004 quidem
2873 1951 2901 1988 a
2927 1935 3038 1989 Deo
3066 1933 3447 1988 universorum
3475 1947 3491 1984 :

1916 2025 2249 2095 persuadere
2266 2036 2471 2089 autem,
2492 2035 2550 2078 ut
2568 2028 2883 2081 adhaereant
2901 2027 3090 2080 bestiae
3120 2025 3488 2093 neQuissimae.

1919 2117 2183 2172 Tentatur
2237 2133 2367 2187 ergo
2415 2119 2470 2172 in
2510 2118 2613 2171 hoc
2647 2134 2869 2187 quoque
2905 2120 3097 2171 Daniel
3135 2134 3165 2172 a
3212 2117 3395 2188 Cyro:
3436 2123 3493 2170 et

1913 2206 2141 2276 jubebat
2174 2219 2233 2261 ut
2268 2223 2393 2261 eum
2428 2207 2683 2263 adoraret
2717 2217 2977 2276 tanquam
3023 2225 3149 2262 vere
3187 2209 3488 2262 comeden-

1918 2307 2025 2352 tem
2077 2308 2132 2352 et
2192 2299 2470 2354 bibentem
2520 2308 2576 2354 et
2620 2300 2895 2354 viventem
2938 2301 3120 2354 deum.
3159 2300 3279 2354 Non
3327 2309 3486 2369 potes

1917 2390 2089 2454 enim,
2108 2391 2313 2453 aiebat,
2340 2390 2524 2445 dicere
2546 2391 2692 2445 hunc
2713 2407 2818 2447 non
2852 2407 2972 2446 esse
2994 2392 3158 2444 deum
3185 2389 3486 2442 viventem.

1917 2482 2012 2535 Ille
2059 2492 2260 2544 autem,
2318 2483 2634 2546 Dominum,
2670 2483 2870 2551 inquit,
2912 2499 3093 2535 meum
3135 2483 3395 2534 adorabo.
3437 2481 3488 2533 Is

1917 2574 2061 2627 enim
2098 2582 2183 2627 est
2247 2574 2395 2627 solus
2423 2590 2551 2628 vero
2591 2574 2805 2637 vivens,
2838 2589 2935 2642 per
2971 2587 3135 2641 quem
3171 2572 3409 2625 vivimus
3430 2573 3486 2624 et

1917 2681 2202 2720 movemur
2237 2675 2293 2722 et
2323 2683 2512 2721 sumus
2535 2669 2575 2722 ¹.
2607 2666 2708 2723 Hic
2744 2683 2875 2722 vero
2930 2680 3159 2735 serpens
3209 2673 3291 2719 est
3320 2665 3483 2718 draco

1918 2768 2219 2813 venenatus
2251 2767 2305 2814 et
2367 2760 2564 2825 malus,
2599 2761 2691 2828 qui
2723 2759 2827 2814 Scit
2854 2757 3078 2828 quidem
3114 2771 3338 2818 nocere,
3389 2769 3483 2808 ne-

1919 2848 2050 2898 mini
2088 2857 2268 2900 autem
2309 2858 2487 2915 potest
2545 2849 2823 2916 prodesse.
2867 2847 3022 2911 Quod
3054 2847 3099 2900 si
3162 2846 3300 2900 velis
3340 2845 3483 2898 scire

1916 2948 2042 2986 eum
2070 2935 2231 2986 etiam
2257 2949 2377 2988 esse
2417 2936 2726 2998 mortalem,
2748 2943 2803 2989 et
2840 2934 2894 2987 in
2918 2950 3078 3002 quem
3121 2944 3316 2987 natura
3338 2934 3484 2987 cadit

1919 3026 2196 3093 interitus,
2233 3042 2342 3081 non
2396 3037 2579 3081 autem
2620 3031 2804 3092 deum,
2848 3027 3102 3096 permitte
3177 3040 3209 3079 ο
3254 3040 3371 3091 rex,
3428 3034 3484 3078 et

1918 3135 2019 3187 ego
2061 3135 2186 3173 cum
2224 3121 2470 3175 occidam
2507 3122 2625 3174 sine
2656 3119 2835 3190 gladio
2872 3128 2926 3172 et
2956 3119 3129 3189 virga.
3178 3118 3316 3173 Cum
3353 3131 3485 3171 vero

1918 3210 1968 3262 ei
2019 3226 2113 3262 rex
2168 3213 2271 3264 hoc
2319 3213 2620 3272 annuisset,
2650 3221 2704 3264 et
2739 3213 2913 3278 picem
2949 3211 3110 3264 simul
3161 3218 3216 3262 et
3261 3209 3480 3275 adipem

1915 3308 1970 3356 et
1999 3301 2139 3370 pilos
2159 3302 2393 3356 coxisset
2415 3301 2502 3354 hic
2521 3302 2603 3355 vir
2622 3301 2982 3364 admirabilis,
3011 3310 3065 3354 et
3083 3299 3282 3354 deinde
3313 3298 3480 3351 etiam

1915 3393 2051 3447 offas
2105 3393 2345 3457 fecisset,
2391 3393 2610 3448 demisit
2665 3393 2718 3446 in
2750 3408 2810 3447 os
2838 3393 3116 3447 draconis.
3171 3392 3264 3445 Ille
3296 3399 3478 3444 autem

1914 3500 2038 3539 cum
2077 3487 2426 3549 comedisset,
2488 3486 2778 3541 confestim
2836 3487 3130 3552 rumpitur.
3190 3484 3316 3538 Haec
3357 3499 3478 3537 cum

1913 3575 2152 3646 graviter
2195 3578 2444 3631 tulissent
2495 3577 2809 3646 quicunque
2860 3591 2926 3629 ex
2967 3574 3278 3644 Babyloniis
3325 3583 3485 3626 erant

1914 3665 2290 3735 superstitiosi
2345 3674 2401 3719 et
2463 3665 2611 3720 falsre
2670 3666 2922 3735 religioni
2970 3663 3163 3728 dediti,
3196 3664 3262 3718 ad
3299 3679 3482 3732 regem

1914 3768 2266 3812 accesserunt
2300 3771 2355 3811 et
2387 3759 2664 3827 petierunt
2696 3759 2990 3811 Danielem.
3025 3758 3189 3810 Erant
3217 3757 3362 3809 enim
3393 3771 3479 3809 re-

1915 3865 2042 3904 vera
2083 3849 2323 3919 instigati
2355 3865 2384 3902 a
2411 3849 2666 3913 dracone,
2694 3849 2787 3918 qui
2819 3864 2930 3902 non
2985 3848 3132 3901 cadit
3185 3846 3287 3901 sub
3320 3855 3480 3915 aspe-

1915 3951 2087 4005 ctum,
2139 3941 2498 3996 et'adversus
2554 3941 2875 4011 prophetam
2939 3955 3192 4010 magnum
3235 3939 3476 3992 furorem

1913 4040 2299 4098 conceperant,
2340 4033 2521 4102 etjam
2568 4031 2970 4101 parturiebant.
3008 4031 3294 4084 Accedunt
3347 4028 3478 4098 ergo

1913 4122 1977 4176 ad
2021 4137 2226 4190 regem,
2258 4122 2507 4178 dicentes
2539 4140 2553 4176 :
2606 4123 2783 4177 Trade
2818 4123 2976 4176 nobis
3031 4122 3346 4184 Danielem;
3393 4120 3479 4173 sin

1913 4214 2114 4274 minus.
2159 4224 2211 4268 te
2238 4215 2574 4269 occidemus.
2608 4215 2727 4270 Jam
2758 4216 2904 4269 enim
2949 4213 3108 4267 nobis
3138 4228 3204 4266 ex
3237 4213 3344 4265 tuis
3393 4211 3477 4264 fa-

1913 4309 2017 4362 ctis
2041 4307 2215 4361 evasit
2274 4306 2645 4368 manifestum,
2683 4314 2735 4358 te
2783 4319 3002 4372 quoque
3061 4304 3237 4370 ipsum
3285 4301 3477 4356 eadem

1912 4399 2117 4454 sentire
2165 4413 2286 4467 qua:
2319 4396 2514 4451 Judzei.
2558 4396 2695 4449 Eum
2731 4396 2913 4464 itaque
2947 4394 3113 4447 tradit
3151 4410 3241 4447 rex
3274 4394 3327 4446 in
3358 4409 3476 4446 ma-

215 4482 516 4551 ἡμερησία
546 4485 718 4554 τροφὴ
743 4487 1040 4553 τετύπωτο,
1070 4491 1126 4541 ὲν
1153 4488 1212 4553 ἓξ
1240 4491 1296 4542 δὲ
1331 4493 1451 4553 ταῖς
1485 4494 1632 4554 ὅλαις
1663 4496 1798 4564 ήμέ-
1834 4493 1875 4548 1)

1834 4493 1875 4548 1)
1904 4507 2009 4545 nus
2049 4506 2260 4552 eorum,
2294 4506 2402 4541 non
2437 4488 2616 4541 libens
2657 4483 2862 4554 alioqui
2900 4503 2998 4539 nec
3043 4486 3252 4548 volens,
3309 4483 3475 4538 tradit

233 4587 360 4640 ραις
394 4564 478 4632 αἷς
518 4573 546 4623 6
588 4573 795 4638 δίκαιος
823 4577 1008 4642 αὐτοῖς
1039 4581 1518 4651 συγκαθείργνυτο,
1547 4583 1717 4636 ἄσιτοι
1744 4586 1803 4637 τὸ

229 4664 492 4731 παράπαν
547 4666 642 4719 καὶ
678 4668 883 4737 τροφῆς
905 4670 1221 4738 ἡστινοσοῦν
1264 4674 1518 4740 ἄγευστοι
1557 4677 1806 4730 καταλεί-

231 4756 471 4822 φθησαν,
505 4757 592 4810 ἴνα
642 4758 720 4829 τῷ
768 4757 908 4830 λιμῷ
971 4761 1068 4829 μὲν
1111 4762 1443 4830 πιεζόμενοι,
1485 4766 1704 4835 ἀπάσης
1750 4768 1806 4818 δὲ

227 4845 400 4913 ἄλλης
436 4850 634 4916 τροφῆς
677 4850 1030 4918 ἀποροῦντες,
1073 4853 1174 4904 κᾶν
1209 4854 1318 4923 ἔχοι
1358 4855 1478 4908 τινὰ
1517 4855 1745 4926 δύναμιν
1778 4859 1805 4909 6

229 4938 518 5005 προφήτης
550 4937 840 5007 εῐργουσαν
875 4943 1056 5004 αὐτοῖς
1082 4943 1179 5013 τὴν
1206 4944 1403 5014 ὁρμὴν,
1437 4945 1554 4998 ἀλλ’
1580 4943 1670 5000 οὖν
1702 4950 1806 5000 ὑπὸ

225 5030 324 5081 τοῦ
367 5029 528 5099 λιμοῦ
548 5031 870 5101 ..κινούμενοι
898 5033 1189 5104 βιαίτερον,
1229 5036 1328 5104 τὴν
1351 5037 1511 5102 γένυν
1535 5040 1685 5108 αὺτῷ
1708 5058 1800 5092 τα-

227 5118 369 5186 χέως
407 5119 706 5173 ἐπιϐάλωσι
755 5121 846 5173 καὶ
874 5122 1238 5190 λαφύξωνται.
1273 5126 1338 5178 Τί
1367 5122 1463 5179 νοῦν
1509 5131 1534 5180 6
1562 5130 1796 5199 detog;

227 5209 382 5279 Ἀρα
449 5216 561 5275 τοῖς
614 5214 821 5284 θηρίοις
884 5216 1061 5285 ψυχὴν
1118 5218 1613 5288 ὲξομολογουμένην
1651 5224 1800 5292 αὐτῷ

230 5301 629 5371 παραδίδωσινς
665 5306 880 5376 ἢσώζει
915 5309 1010 5375 μὲν
1037 5310 1101 5361 ὲκ
1137 5309 1406 5377 στόματος
1436 5313 1685 5378 λεόντων,
1726 5316 1801 5384 τῷ

225 5393 375 5463 λιμῷ
406 5393 461 5446 δὲ
496 5396 778 5459 πιέζεσθαι
835 5400 1179 5466 καταλείπεις
1234 5401 1266 5473 ῆ
1311 5404 1516 5472 τροφὴν
1580 5406 1678 5474 μὲν
1724 5407 1803 5469 εἰς

230 5485 436 5553 βρῶσιν
469 5486 649 5554 όρέγει
693 5489 780 5543 διά
825 5510 968 5555 τινος
1005 5493 1114 5545 τῶν
1146 5495 1449 5563 ἀλλογενῶν
1476 5496 1566 5549 καὶ
1606 5499 1799 5566 ἀπερι-

225 5577 486 5647 τμήτων;
533 5578 729 5633 πολλοῦ
777 5599 839 5650 γε
894 5587 986 5637 καὶ
1014 5584 1112 5650 δεῖ,
1147 5567 1260 5639 ἀλλ’
1304 5588 1390 5644 ἵνα
1448 5588 1534 5642 διὰ
1583 5592 1800 5645 πάντων

320 5765 336 5796 ⁸
381 5762 503 5818 Act.
536 5780 668 5831 xvu,
701 5764 791 5819 28.

1903 4593 2111 4636 tamen.
2137 4581 2217 4634 Illi
2249 4595 2375 4632 vero
2408 4594 2531 4633 cum
2577 4593 2703 4632 eum
2755 4577 3116 4647 accepissent,
3142 4592 3333 4629 rursus
3378 4576 3474 4630 de-

1902 4674 2129 4726 mittunt
2156 4672 2210 4726 in
2245 4672 2422 4724 lacum
2455 4671 2700 4724 leonum.
2730 4669 2769 4723 li
2802 4678 2960 4722 erant
2984 4677 3190 4737 septem
3221 4682 3472 4727 numero,

1904 4765 2106 4834 quibus
2126 4773 2180 4816 et
2207 4764 2316 4815 duo
2341 4777 2569 4830 corpora
2606 4771 2660 4815 et
2693 4762 2811 4814 dum
2839 4775 2967 4817 oves
2998 4759 3231 4828 singulis
3279 4757 3475 4812 diebus

1903 4864 2061 4910 erant
2091 4854 2360 4922 deputata:
2384 4851 2449 4905 ad
2472 4867 2660 4906 eorum
2684 4852 3025 4904 alimentum.
3053 4848 3158 4902 Sex
3183 4857 3364 4903 autem
3386 4859 3476 4905 ,ιο-

1911 4947 1981 5001 tis
2012 4946 2225 5008 diebus,
2258 4943 2660 5014 quibusjustus
2693 4942 2794 4995 t‘uit
2826 4957 2949 4994 cum
2988 4941 3069 4994 eis
3099 4941 3365 5004 inclusus,
3393 4957 3478 4994 re-

1906 5037 2020 5091 licti
2047 5045 2173 5091 sunt
2199 5035 2610 5103 omninojejuni
2634 5043 2688 5087 et
2711 5032 2888 5086 omnis
2913 5031 3157 5086 alimenti
3182 5040 3472 5100 expertes:

1906 5139 1967 5181 ut
1999 5128 2137 5180 fame
2164 5125 2383 5194 quidem
2416 5124 2683 5193 oppressi.
2722 5134 2774 5177 et
2809 5123 2958 5176 omni
2987 5124 3094 5177 alio
3127 5123 3472 5187 nutrimento

1901 5229 2172 5283 carentes,
2224 5217 2438 5273 etiamsi
2491 5217 2758 5285 propheta
2793 5216 3025 5269 haberet
3078 5216 3317 5283 aliquam
3353 5216 3470 5269 vir-

1902 5320 2095 5374 tutem,
2125 5327 2244 5380 quae
2270 5323 2461 5363 eorum
2491 5317 2707 5361 arceret
2734 5309 3021 5376 impetum,
3055 5316 3108 5358 at
3140 5305 3282 5359 fame
3316 5313 3466 5359 certe

1903 5404 2124 5472 impulsi
2146 5400 2456 5465 violentius,
2480 5400 2726 5454 maxillas
2758 5399 3012 5453 celeriter
3033 5397 3086 5450 in
3115 5411 3238 5450 eum
3265 5395 3472 5450 immit-

1907 5502 2087 5548 tercnt
2133 5506 2195 5545 ac
2229 5491 2624 5560 discerperent.
2679 5487 2818 5556 Quid
2845 5505 2975 5558 ergo
3007 5487 3311 5542 Dominus?
3339 5487 3472 5540 Τω-

1905 5587 2055 5642 ditne
2089 5587 2219 5642 feris
2256 5587 2649 5656 anitnam,quae
2673 5598 2798 5640 eum
2828 5581 3158 5638 conﬁtetur?
3179 5590 3471 5635 autservat
