4226 6436
731 359 840 429 399

2030 361 2313 423 MENSlS
2345 363 2642 426 JULIUS.

3879 374 4001 435 600

730 474 951 544 quidem
979 487 1040 525 ex
1079 488 1172 526 ore
1199 473 1453 528 leonum?
1490 475 1769 541 Relinquit
1801 486 1980 529 autem
2008 492 2130 530 eum
2159 477 2297 528 fame

2408 477 2517 526 τότε
2571 476 2978 545 παντοδύναμον
3013 479 3176 531 αὑτοῦ
3235 479 3335 549 τῆς
3390 482 3568 551 ίσχυος
3624 485 3716 537 καὶ
3760 485 3829 539 τὸ
3879 486 4001 536 τῶν

734 567 1062 621 moriturum
1087 583 1098 626 ς
1128 574 1218 619 aut
1241 567 1556 620 alimentum
1575 568 1793 636 quidem
1813 569 2012 636 prazbet
2036 572 2100 622 ad
2115 585 2292 628 esum.

732 659 825 712 sed
849 700 857 710 .
885 674 982 726 per
1039 658 1394 727 alienigenam
1446 657 1681 726 aliquem
1723 671 1776 713 et
1811 659 2297 714 incircumcisum?

732 750 962 803 Multum
991 750 1166 804 abest.
1198 749 1301 803 Sed
1326 758 1384 802 ut
1414 765 1508 817 per
1532 751 1712 803 omnia
1744 753 2154 820 omnipotentes
2181 752 2299 820 ejus

733 839 880 892 vires
915 849 969 892 et
1034 838 1329 894 ineﬂabilis
1391 839 1767 894 misericordia
1804 843 1957 896 ﬁeret
1987 842 2297 902 manifesta,

733 928 917 982 divina
946 929 1168 998 quidem
1203 944 1364 982 manu
1407 929 1773 984 obstruuntur
1812 946 1905 984 ora
1937 932 2179 988 leonum.
2219 931 2298 988 vel

735 1017 984 1086 protinus
1015 1021 1114 1088 ipsi
1151 1019 1364 1088 seipsos
1413 1022 1785 1088 comprimunt
1832 1037 1894 1075 ac
1944 1022 2294 1084 contrahunt,

735 1111 960 1177 angulos
1016 1112 1338 1174 subeuntes,
1367 1121 1421 1165 et
1451 1128 1551 1166 nec
1580 1129 1796 1167 sacrum
1850 1128 2047 1182 corpus
2075 1113 2298 1167 omnino

677 1256 679 1258 ,
733 1202 1002 1258 audentes
1023 1205 1290 1274 attingere
1319 1222 1330 1256 :
1369 1206 1463 1258 sed
1499 1216 1755 1276 tanquam
1776 1206 1997 1274 quidam
2030 1207 2297 1265 satellites

2406 570 2704 642 οἰκτιρμῶν
2741 571 3050 641 ἀπόρρητον
3088 573 3399 641 καταφανὲς
3433 575 3676 644 γένηται,
3726 580 3997 648 ἐμφράτ-

2405 677 2555 712 τεται
2587 661 2684 728 μὲν
2715 660 2834 732 θείᾳ
2868 663 3094 732 παλάμῃ
3123 663 3350 717 λεόντων
3380 666 3646 735 στόματα,
3682 669 3901 736 μᾶλλρν
3941 670 4001 720 δὲ

2408 750 2499 800 καὶ
2533 750 2668 820 πρὸς
2704 752 2934 812 ἑαυτοὺς
2965 751 3343 806 συστέλλονται
3372 756 3490 817 ταῖς
3520 756 3746 822 γωνίαις
3797 775 3999 826 παρα-

2405 840 2653 909 δυόμενοι
2700 842 2792 894 καὶ
2827 843 2952 910 μηδ’
2980 844 3113 907 ὅλως
3153 845 3296 915 ἱεροῦ
3331 845 3581 915 σώματος
3614 849 4000 919 παραψαῦσαι

2406 932 2736 1000 τολμῶντες,
2772 935 2884 988 ἀλλ’
2917 922 3104 1005 ὥσπερ
3134 937 3420 1008 δορυφόροι
3443 938 3585 999 τινὲς
3621 937 3764 990 εὖνοί
3793 956 3857 990 τε
3898 943 3998 991 καὶ

2408 1023 2719 1076 πιστότατοι
2743 1025 2833 1076 τὸν
2856 1026 3065 1079 ἑαυτῶν
3081 1027 3432 1093 φυλάττοντες
3452 1029 3698 1097 βασιλέα,
3721 1029 3815 1082 καὶ
3844 1029 3998 1097 μηδὲ

2408 1113 2499 1166 τοῦ
2531 1113 2687 1182 λιμοῦ
2725 1116 3027 1185 μνησθῆναι
3082 1118 3187 1170 ὑπὸ
3242 1118 3335 1172 τοῦ
3387 1120 3771 1189 περικειμένου
3827 1119 4000 1178 δέους

2410 1207 2589 1267 αὐτοῖς
2619 1208 3089 1278 συγχωρούμενοι.

733 1291 981 1348 benevoli
1036 1311 1097 1348 ac
1138 1297 1343 1357 ﬁdeles,
1379 1313 1538 1352 suum
1587 1312 1769 1366 regem
1805 1298 2202 1365 custodientes,
2247 1305 2303 1352 et
2343 1313 2482 1368 quos
2540 1313 2640 1352 nec
2707 1298 2863 1354 famis
2896 1299 3116 1368 quidem
3146 1303 3460 1358 meminisse
3485 1303 3723 1372 sinebat,
3753 1306 3856 1375 qui
3889 1321 4000 1362 eos

735 1387 984 1452 urgeb..t,
1017 1401 1213 1442 melus.

805 1479 991 1533 XXIV.
1052 1480 1182 1533 Erat
1241 1491 1422 1536 autem
1467 1483 1605 1537 alius
1636 1485 1857 1552 quidam
1923 1487 2186 1555 propheta
2244 1489 2300 1541 in

2475 1488 2601 1541 ΚΝ.
2632 1480 2824 1539 Ἦν.δέ
2856 1501 2939 1548 τις
2969 1485 3128 1548 ἄλλος
3155 1487 3439 1556 προφήτης
3461 1488 3520 1538 ὲν
3566 1489 3820 1560 Ἰουδαίᾳ,
3848 1490 3880 1540 ὁ
3922 1491 3999 1540 ἱε-

732 1571 938 1624 Judaea.
971 1571 1020 1624 Is
1055 1579 1170 1625 erat
1195 1587 1350 1628 sacer
1375 1573 1651 1641 Habacuc,
1684 1593 1845 1646 quem
1873 1579 1984 1631 scio
2009 1579 2142 1634 satis
2182 1589 2297 1632 om-‘

2408 1579 2493 1648 ρδς
2528 1579 2850 1649 Ἀμόακοὺμ
2882 1575 3056 1641 οὗτος,
3088 1579 3457 1654 ὂνίγνώριμον
3495 1574 3633 1632 εἶναι
3673 1583 3844 1634 πᾶσιν
3885 1584 3998 1634 ἐττ-

735 1665 896 1716 nibus
931 1680 1050 1718 esse
1102 1676 1314 1720 notum.
1346 1668 1396 1722 ls
1420 1684 1570 1737 ergo,
1622 1685 1744 1723 cum
1800 1686 1993 1738 panem
2048 1671 2102 1724 in
2148 1671 2297 1726 disco

2408 1671 2627 1736 ἵσταμαι
2657 1685 2669 1697 ·
2715 1663 2871 1731 οὗτος
2906 1665 2998 1721 οὗν
3035 1671 3231 1736 ἄρτους
3280 1671 3335 1720 ὲν
3367 1672 3556 1721 πίνακι
3590 1669 3905 1738 διαθρύψας
3936 1672 4001 1722 τὸ

735 1758 1152 1812 eomminuisset
1185 1769 1237 1812 ct
1262 1761 1351 1829 jus
1375 1762 1422 1813 ei
1458 1762 1791 1828 immisissel,
1821 1763 2008 1816 abibat
2041 1773 2098 1817 ut
2134 1764 2297 1818 ferret

2408 1759 2586 1829 Ξψημά
2633 1777 2691 1812 τε
2740 1759 2951 1822 τούτοις
3003 1759 3299 1826 ἐπιϐαλὼν,
3354 1762 3523 1832 ἀπῄει
3575 1762 3819 1830 κομίζων
3871 1764 3998 1822 τοῖς

735 1849 800 1902 ad
856 1865 1160 1914 messores;
1194 1860 1311 1905 erat
1345 1853 1491 1906 enim
1532 1862 1747 1920 tempus
1787 1854 2013 1907 aestatis.
2063 1855 2297 1922 Angelus

2410 1851 2688 1919 θερισταῖς
2725 1852 2936 1920 (θέρους
2969 1853 3074 1922 γὰρ
3114 1847 3180 1921 ἦν
3209 1856 3234 1904 6
3262 1853 3493 1922 καιρός),
3527 1853 3754 1921 ἄγγελος
3782 1854 3838 1905 δὲ
3878 1856 4002 1906 Κυ-

735 1953 913 1998 autem
954 1944 1171 1998 Domini
1200 1946 1247 1998 ei
1285 1945 1558 2013 apparuit,
1593 1946 1832 2014 etjussit
1884 1961 2009 1999 eum
2060 1944 2110 2000 id
2161 1946 2297 2000 ferre

2411 1943 2529 2012 ρίου
2571 1945 2879 2011 ἐπιφανεὶς,
2935 1945 3298 2013 μετακομίσαι
3347 1946 3506 1996 τοῦτο
3556 1947 3630 2006 εἰς
3682 1945 3998 1998 Βασυὶῶνα

735 2035 1066 2104 Babylonem
1093 2035 1159 2088 ad
1188 2035 1485 2091 Daniclem.
1520 2035 1654 2089 Cum
1683 2035 1728 2088 is
1757 2051 1885 2089 vero
1908 2035 2297 2105 ignorantiam,

2408 2036 2483 2105 τῷ
2519 2037 2717 2105 Δανιὴλ
2764 2037 3063 2089 ἐπέταττε·
3112 2035 3204 2088 τοῦ
3248 2035 3302 2088 δὲ
3353 2035 3450 2106 τὴν
3504 2036 3724 2103 ἄγνοιαν
3778 2037 3881 2089 καὶ
3938 2037 4000 2088 τὸ

736 2136 788 2178 et
815 2141 931 2181 esse
956 2128 1249 2180 maximum
1276 2127 1418 2195 quod
1446 2127 1733 2181 intercedit
1759 2129 2020 2196 spatium,
2052 2136 2106 2181 et
2136 2143 2300 2197 quam

738 2215 957 2271 dilIicile
1005 2227 1149 2272 esset
1185 2219 1531 2286 imperatum,
1565 2221 1888 2288 adduceret,
1920 2223 2174 2291 protinus
2204 2239 2305 2276 au-

739 2309 893 2377 gelus
923 2324 1133 2362 comam
1170 2312 1362 2378 capitis
1386 2313 1772 2380 apprehendit,
1794 2323 1849 2366 et
1870 2317 2144 2367 momento
2166 2316 2306 2366 tem-

739 2401 891 2468 poris
923 2401 1130 2469 impetu
1189 2403 1443 2456 ducentis
1479 2405 1704 2472 spiritus
1733 2420 2006 2473 expansus
2032 2405 2180 2459 stetit
2211 2420 2304 2458 su—

739 2507 838 2560 per
890 2492 1065 2547 lacnm
1119 2511 1130 2545 :
1169 2503 1222 2547 et
1256 2495 1549 2563 appellarit
1582 2497 1674 2550 Dei
1710 2497 1973 2560 vinctum,
2010 2508 2064 2552 et
2120 2497 2256 2551 dixit
2291 2516 2302 2551 :

740 2582 941 2651 Accipe
987 2585 1128 2637 hanc
1179 2599 1411 2649 comam,
1443 2602 1603 2654 quam
1638 2588 1780 2641 Deus
1819 2587 1884 2641 ad
1934 2597 1984 2642 te
2019 2589 2184 2651 misit,
2228 2589 2304 2642 tui

742 2692 992 2745 magnam
1021 2693 1207 2732 curam
1237 2693 1454 2748 gerens.
1490 2679 1614 2734 Haec
1646 2680 1919 2735 Habacuc.
1957 2683 2181 2751 Magnus
2207 2698 2306 2735 au-

742 2774 851 2820 tem
891 2768 1074 2822 Daniel
1131 2771 1184 2822 in
1237 2771 1568 2825 contritione
1617 2773 1842 2840 spiritus
1881 2781 1935 2825 et
1999 2773 2307 2826 humilitate

743 2859 937 2912 anima:
972 2879 982 2912 :
1014 2860 1258 2914 Meminit
1290 2877 1420 2915 vero
1462 2863 1566 2915 mei
1599 2863 1764 2925 Deus,
1802 2863 2101 2932 respondit,
2132 2862 2309 2917 ﬁdelis

743 2965 847 3004 vox
909 2960 990 3008 est
1051 2967 1239 3005 revera
1295 2952 1504 3013 famuli,
1545 2955 1818 3023 quomodo
1865 2954 2042 3008 bonus
2089 2971 2307 3023 quoque

745 3039 1010 3092 Dominus
1036 3041 1157 3109 ejus
1181 3055 1368 3094 curam
1396 3043 1552 3110 gerit.
1582 3043 1807 3107 Deinde,
1839 3059 1960 3096 cum
1987 3045 2304 3112 accepisset,

748 3131 988 3185 comedit
1025 3149 1036 3183 :
1071 3133 1185 3201 ipse
1214 3138 1397 3187 autem
1433 3134 1710 3195 Habacuc,
1742 3151 1864 3187 cum
1896 3136 2084 3188 eadem
2119 3149 2307 3187 rursus

2409 2125 2665 2193 πάμπολυ
2697 2120 2839 2176 εἶναι
2869 2125 2929 2175 τὸ
2966 2123 3169 2193 μεταξὺ
3213 2124 3490 2192 διάστημα
3518 2125 3575 2174 τὸ
3609 2126 3900 2192 ἀμήχανόν
3932 2143 3998 2176 τε

2410 2216 2853 2288 προϐαλλομένου
2911 2215 3004 2269 τοῦ
3053 2216 3449 2284 ἐπιτάγματος,
3487 2215 3681 2267 αὐτίκα
3714 2216 3852 2283 πρὸς
3897 2219 3998 2268 τοῦ

2410 2310 2642 2378 ἀγγέλου
2694 2310 2792 2378 τὴν
2846 2310 3022 2377 κόμην
3078 2310 3443 2379 ἐπιληφθῆναι
3487 2312 3586 2378 τῆς
3631 2310 3881 2379 κεφαλῆς
3936 2313 3998 2362 ἐν

2411 2404 2609 2472 ἀκαρεῖ
2637 2420 2694 2454 τε
2727 2400 2804 2472 τῷ
2843 2398 3005 2471 ῥοίζῳ
3028 2401 3120 2454 τοῦ
3153 2403 3377 2468 ἄγοντος
3402 2403 3712 2470 πνεύματος
3742 2405 3996 2456 ἐκπετα-

2413 2495 2611 2548 σθέντα
2645 2494 2829 2546 ἐπάνω
2857 2493 3047 2561 στῆναι
3075 2493 3167 2546 τοῦ
3189 2493 3389 2546 λάκκου
3418 2497 3510 2547 καὶ
3540 2495 3996 2565 προσαγορεῦσαι

2411 2585 2501 2636 τὸν
2556 2585 2775 2653 δέσμιον
2835 2586 2953 2637 ἐκεῖ
2987 2589 3080 2638 τοῦ
3141 2585 3312 2639 Θεοῦο
3355 2588 3446 2639 καὶ
3500 2587 3649 2651 δέξαι
3712 2588 3872 2640 τουτὶ
3930 2589 3994 2639 τὸ

2410 2674 2644 2738 δεῖπνον,
2677 2676 2880 2740 εἰπεῖν,
2923 2677 2951 2727 6
3015 2677 3142 2738 Θεός
3201 2694 3280 2728 σοι
3338 2677 3477 2746 μάλα
3545 2679 3842 2746 κηδόμενος
3904 2680 3994 2744 ἑξ-

2413 2767 2723 2822 απέστειλε.
2751 2766 2933 2820 Ταῦτα
2965 2769 2991 2820 ό
3029 2768 3372 2837 Ἀμϐακούςι.
3415 2769 3473 2819 Ὀ
3498 2769 3666 2836 μέγας
3698 2771 3750 2822 δὲ
3782 2771 3992 2840 Δανιὴλ

2413 2859 2471 2909 ἐν
2531 2858 2788 2928 συντριόῇ
2859 2860 3166 2927 πνεύματος
3224 2860 3318 2912 καὶ
3375 2859 3704 2910 ταπεινώσει
3759 2858 3991 2928 ψυχῆς·

2425 2950 2697 3019 Ἐμνήσθη
2749 2952 2805 3002 δέ
2855 2968 2953 3018 μου
2992 2952 3018 3002 6
3069 2950 3221 3013 956;,
3263 2952 3595 3019 ἀπεκρίνατο
3623 2965 3634 2976 ·
3671 2951 3870 3002 πιστοῦ
3915 2951 3995 3019 τῷ

2412 3043 2525 3095 ὄντι
2582 3043 2910 3113 θεράποντος
2972 3043 3004 3111 ἠ
3056 3044 3226 3111 φωνὴ,
3262 3043 3448 3112 ὥσπερ
3490 3045 3598 3112 ἄρα
3634 3043 3742 3119 ,καὶ
3772 3043 3992 3109 ἀγαθοῦ

2414 3134 2686 3187 Δεσπότου
2713 3136 2743 3204 ἡ
2769 3136 2901 3202 περὶ
2935 3134 3094 3186 αὑτὸν
3123 3135 3346 3202 πρόλοια
3374 3150 3388 3166 ’
3428 3129 3544 3186 εἶτα
3570 3133 3664 3186 καὶ
3690 3127 3996 3201 δεξάμενος

749 3221 951 3276 virtute
988 3222 1120 3275 illud
1151 3224 1477 3278 immensum
1537 3225 1921 3279 transvolasset
1966 3225 2222 3294 spatium,
2259 3225 2297 3295 (ι

2421 3221 2650 3289 ἔφαγεν·
2688 3202 2852 3278 αυτὸν
2873 3224 2928 3275 δὲ
2960 3225 3302 3292 παραχρῆμα
3338 3223 3428 3274 τὸν
3469 3223 3790 3289 ’Λμόακοῦμ
3825 3223 3995 3283 αὖθις

751 3316 1110 3377 celeritatem,
1133 3332 1165 3370 ο
1183 3317 1421 3370 divinam
1448 3319 1850 3386 pernicitatem)
1877 3330 2153 3373 momento
2179 3328 2316 3373 tem-

749 3407 902 3474 poris
927 3406 999 3459 ita
1052 3421 1151 3459 suo
1180 3406 1282 3459 fuit
1310 3408 1431 3459 loco
1465 3409 1772 3470 restitutus,
1800 3417 1860 3460 ul.
1904 3410 2143 3460 nondum
2173 3424 2314 3476 prae-

754 3498 992 3552 teriisset
1021 3498 1151 3551 hora
1187 3496 1399 3567 prandii
1434 3499 1785 3552 messoribus.
1827 3498 2001 3568 Atque
2045 3499 2148 3552 hoc
2189 3499 2315 3568 qui-

751 3590 875 3644 dem
901 3606 1024 3644 cum
1051 3591 1122 3643 sit
1155 3592 1312 3658 plane
1343 3591 1627 3664 soliuiDei
1655 3606 1790 3658 opus
1815 3598 1868 3642 et
1893 3590 2011 3659 ejus
2039 3590 2319 3643 immensae

753 3683 1036 3747 potentiae,
1067 3682 1240 3748 majus
1269 3697 1331 3734 cx
1377 3697 1435 3734 se
1480 3683 1644 3735 habet
1676 3683 2024 3746 miraculum,
2059 3697 2223 3751 quam
2258 3691 2318 3736 ut

756 3773 808 3825 id
863 3777 1033 3842 possit
1083 3771 1303 3841 assequi
1354 3787 1534 3826 sermo
1567 3773 1646 3826 vel
1692 3772 1975 3841 cegitatio.
2022 3774 2194 3842 Atque
2225 3788 2318 3828 sex

754 3867 973 3935 quidem
1007 3865 1123 3919 dies
1154 3865 1232 3920 sic
1263 3866 1619 3929 transierunt,
1658 3864 1937 3920 Dauielem
1960 3865 2014 3917 in
2039 3865 2158 3918 lacu
2189 3880 2318 3918 con-

755 3971 1055 4015 servantes.
1089 3960 1259 4030 Cyrus
1291 3972 1470 4015 autem
1498 3962 1729 4029 septimo
1759 3962 1846 4016 die
1880 3961 2032 4024 abiit,
2085 3968 2142 4013 ut
2183 3959 2319 4012 ami-

757 4068 878 4106 cum
905 4054 1015 4123 jam
1054 4053 1264 4121 lugeret
1292 4062 1590 4106 mortuum.
1619 4051 1753 4106 Cum
1789 4068 1919 4104 vero
1954 4052 2317 4121 despcxisset,

755 4160 811 4200 et
843 4148 1065 4202 vidisset
1101 4148 1277 4215 ipsum
1308 4148 1587 4200 sedentem
1615 4147 1666 4200 in
1697 4146 1815 4199 lacu
1847 4145 2098 4206 illarsum,
2125 4160 2320 4213 magna

758 4256 890 4295 voce
922 4239 1163 4292 laudavit
1197 4241 1364 4292 Deum
1394 4253 1573 4291 rerum
1603 4236 2031 4300 admirabilium,
2070 4245 2124 4288 et
2151 4235 2324 4304 magis

759 4349 922 4401 quam
957 4332 1110 4400 prius
1132 4331 1327 4383 Darius
1354 4348 1366 4389 ;
1398 4341 1452 4382 et
1491 4330 1640 4381 lllllln
1699 4329 1918 4396 quidem
1958 4330 2106 4383 illinc
2161 4346 2321 4398 quam

761 4426 998 4492 primum
1028 4424 1265 4476 extra\it
1306 4440 1317 4473 ι
1351 4436 1445 4474 eos
1472 4429 1674 4484 autem,
1703 4421 1794 4488 qui
1859 4420 1909 4473 ei
1949 4429 2150 4473 temere
2184 4420 2326 4472 invi-

2415 3317 2482 3383 τῇ
2511 3314 2646 3383 αὐτῇ
2704 3315 2929 3382 δυνάμει
2979 3314 3039 3366 τὸ
3093 3314 3287 3385 μυρίον
3336 3315 3511 3366 ἐκεῖνο
3561 3313 3852 3383 διάστημα,
3914 3315 4000 3367 δι·

2418 3406 2667 3459 απτάντα
2699 3404 2763 3476 (ὣ
2790 3404 2882 3458 τοῦ
2910 3405 3126 3475 τάχους,
3152 3404 3196 3456 ὢ
3224 3406 3322 3474 τῆς
3355 3405 3503 3481 θείας
3524 3403 3774 3474 ὀξύτητος
3802 3406 3815 3457 !
3839 3413 3857 3472 )
3901 3404 3997 3458 οῢο

2417 3512 2524 3558 τως
2579 3497 2635 3547 ἐν
2667 3498 2799 3565 ῥιπῇ
2863 3495 2998 3564 πρὸς
3033 3494 3122 3547 τὸν
3155 3497 3356 3547 οἰκεῖον
3399 3483 3744 3565 ἀνασωθῆναι
3794 3497 3994 3559 τόπον,

2416 3584 2492 3648 ὡς
2540 3584 2614 3654 μὴ
2660 3585 3104 3655 παρελκυσθῆναι
3153 3584 3252 3651 τὴν
3285 3585 3431 3654 ὥραν
3471 3586 3564 3637 τοῦ
3610 3587 3830 3656 ἀρίστου
3873 3591 3998 3651 τοῖς

2421 3676 2698 3746 θερισταῖς
2724 3693 2737 3706 ο
2769 3678 2926 3728 τοῦτο
2959 3677 3057 3745 μὲν
3088 3673 3181 3727 οὖν
3214 3678 3376 3745 μόνου
3423 3676 3675 3746 καθαρῶς
3723 3677 3885 3747 ἔργον
3938 3679 4000 3732 ὃν

2419 3769 2511 3822 τοῦ
2569 3767 2702 3822 Θεοῦ
2766 3769 2859 3821 καὶ
2915 3769 3014 3837 τῆς
3065 3769 3477 3837 παντοδυνάμου
3515 3769 3708 3838 ῥοπῆς,
3760 3770 3998 3823 αὐτόθεν

2420 3861 2533 3929 ἔχει
2567 3861 2627 3912 τὸ
2655 3860 2838 3929 θαῦμα
2869 3861 2901 3931 ἢ
2936 3859 3074 3913 κατὰ
3094 3860 3250 3928 λόγου
3277 3861 3369 3913 καὶ
3393 3859 3606 3929 φρενῶν
3635 3861 3884 3930 δύναμιν.
3931 3862 3998 3914 Ἦ

2422 3953 2553 4018 ἒκτη
2593 3953 2688 4018 μὲν
2733 3951 2824 4002 οὖν
2878 3949 3055 4012 οὕτως
3101 3953 3440 4019 ἐπεραίνετο,
3469 3953 3560 4003 τὸν
3597 3952 3796 4020 Δανιὴλ
3827 3955 3885 4006 ὲν
3920 3954 3998 4023 τῷ

2423 4042 2611 4112 λάκκῳ
2640 4039 2992 4111 διατηροῦσα.
3018 4039 3198 4111 Κύρος
3220 4041 3274 4093 δὲ
3300 4044 3362 4111 τῇ
3386 4041 3589 4114 ἐϐδόμῃ
3626 4042 3788 4112 ἀπῄει
3812 4043 3888 4104 ὡς
3913 4061 4000 4096 τε·

2426 4130 2659 4201 θνηκότα
2702 4132 2802 4202 ἤδη
2839 4131 2929 4182 τὸν
2971 4130 3122 4198 φίλον
3163 4131 3480 4201 πενθήσων·
3528 4131 3774 4200 ἐγκύψας
3815 4131 3870 4183 δὲ
3905 4135 4000 4185 καὶ

2430 4225 2551 4276 ἰδὼν
2582 4225 2742 4277 αὐτὸν
2771 4226 2826 4276 ἐν
2852 4223 2926 4294 τῷ
2949 4225 3136 4294 λάκκῳ
3168 4225 3476 4293 καθήμενον
3510 4225 3742 4294 ἀσλαϐἦ,
3781 4225 3999 4294 μεγάλῃ

2427 4318 2578 4384 φωνῇ
2617 4317 2704 4367 τὸν
2736 4315 2844 4367 τῶν
2888 4315 3207 4383 Θαυμασίων
3249 4314 3404 4382 ὕμνει
3437 4316 3570 4366 Θεὸν
3599 4317 3691 4365 καὶ
3729 4314 3997 4384 μᾶλλονῆ

2429 4409 2652 4473 Δαρεῖος
2687 4407 2745 4456 τὸ
2778 4406 3043 4473 πρότερον
3067 4421 3079 4435 ο
3115 4405 3207 4457 καὶ
3241 4406 3332 4455 τὸν
3371 4403 3469 4472 μὲν
3511 4403 3720 4454 ἐκεῖθεν
3750 4403 4002 4456 ἀνείλκυ-

760 4518 983 4580 debant,
1037 4513 1299 4570 continuo
1333 4512 1552 4566 demisit
1612 4510 1956 4565 devorandos
1994 4527 2022 4565 a
2051 4510 2297 4566 leonibus

2435 4513 2525 4547 σεν
2560 4496 2618 4550 ὲν
2666 4496 2911 4566 σπουδῇ·
2962 4495 3175 4558 τοὺς-δὲ
3215 4495 3391 4564 μάτην
3423 4493 3570 4563 αὑτῷ
3609 4492 4002 4562 βασκαίνοντας

763 4607 852 4662 Sic
914 4607 1171 4661 etiamin
1214 4605 1468 4675 gentibus
1527 4605 1880 4674 cognoscitur
1919 4605 2062 4658 Deus
2120 4605 2326 4673 judicia

764 4699 990 4760 faciens,
1026 4707 1085 4750 ut
1119 4698 1169 4749 in
1205 4696 1464 4765 operibus
1495 4710 1759 4747 manuum
1802 4696 2045 4762 ipsorum
2080 4710 2328 4762 compre—

767 4789 1081 4844 hendantur
1129 4795 1468 4856 peccatores,
1504 4785 1800 4856 providens
1833 4783 1993 4837 modo
2036 4783 2322 4837 ineﬂ‘abili.

767 4883 890 4936 Fuit
934 4897 1064 4950 ergo
1112 4890 1294 4948 postea
1330 4879 1516 4932 Daniel
1555 4887 1608 4931 et
1640 4877 1780 4947 regis
1816 4879 2117 4939 convictor,
2152 4878 2326 4931 hono—

770 4989 994 5042 remque
1026 4981 1087 5024 et-
1114 4971 1340 5040 gloriam
1375 4972 1518 5038 apud
1547 4970 1722 5036 ipsqu
1752 4978 1836 5022 est
1868 4978 2199 5023 consecutus
2233 4983 2294 5020 su
2317 4995 2329 5002 -

767 5080 860 5134 pra
887 5076 1078 5118 omnes
1106 5063 1222 5130 ejus
1251 5061 1468 5114 amicos.

836 5246 998 5299 XXV.
1033 5243 1136 5299 Sed
1166 5255 1220 5297 et
1249 5257 1437 5297 rursus
1471 5242 1808 5297 admirabilis
1841 5242 2024 5296 Daniel
2070 5251 2329 5296 consueta

767 5339 996 5400 faciens,
1030 5348 1085 5391 et
1133 5351 1490 5405 perseverans
1527 5335 1580 5388 in
1631 5334 1698 5387 ab
1743 5336 1899 5388 initio
1931 5345 2108 5402 empta
2159 5334 2330 5387 absti.

772 5434 973 5491 nentia,
1004 5445 1194 5484 rursus
1231 5430 1428 5483 talibus
1477 5428 1670 5496 dignus
1701 5437 1783 5481 est
1819 5428 2036 5482 habitus
2086 5437 2332 5482 contem-

770 5523 1124 5596 platiouibus.
1155 5522 1252 5576 Fui
1279 5524 1443 5578 enim.
1472 5521 1648 5589 inquit
1674 5522 1782 5581 ille,
1820 5529 1928 5573 tres
1961 5521 2171 5574 dierum
2205 5521 2337 5575 heb-

771 5617 1032 5670 domadas
1092 5614 1363 5685 jejunans.
1403 5612 1599 5667 Panem
1628 5615 1772 5665 enim
1797 5612 2192 5667 desideriorum
2226 5630 2330 5667 non

768 5708 1002 5772 comedi,
1035 5719 1088 5762 et
1114 5724 1238 5762 caro
1268 5717 1321 5761 et
1359 5707 1544 5760 vinum
1571 5721 1676 5758 non
1701 5705 1922 5758 intravit
1949 5708 2000 5758 in
2026 5722 2085 5759 os
2109 5722 2286 5759 meum
2319 5725 2329 5759 :

770 5813 826 5858 et
882 5812 1156 5873 unguento
1191 5816 1298 5856 non
1341 5800 1417 5855 fui
1452 5808 1672 5865 unctus,
1709 5798 1880 5852 donec
1910 5798 2114 5868 impleti
2153 5805 2336 5858 essent

2434 4590 2658 4659 ἑτοίμην
2696 4590 2855 4651 εὐθὺς
2889 4591 3000 4651 τοῖς
3032 4589 3215 4641 λέουσι
3263 4587 3467 4655 καθῆκε
3521 4585 3685 4655 βοράν
3714 4601 3725 4614 ·
3757 4586 3904 4637 οὕτω
3939 4585 4002 4653 δὴ

2433 4682 2537 4731 κάν
2569 4682 2680 4741 τοῖς
2719 4679 2897 4729 ἔθνεσι
2929 4678 3258 4744 γινώσκεται
3296 4677 3501 4745 Κύριος
3545 4677 3795 4745 κρίματα
3831 4677 4002 4726 ποιῶν

2433 4774 2489 4824 ὲν
2519 4774 2625 4832 τοῖς
2661 4771 2840 4839 ἔργοις
2866 4787 2923 4821 τε
2959 4769 3064 4822 τῶν
3091 4769 3288 4838 χειρῶν
3318 4767 3498 4820 αὐτῶν
3517 4767 3772 4838 ἀρρήτως
3800 4767 4002 4818 οίκονου

2440 4864 2574 4933 μῶν,
2607 4863 2729 4923 τοὺς
2761 4860 3116 4930 ἁμαρτωλοὺς
3159 4859 3664 4930 συλλαμϐάνεσθαιο
3703 4854 3771 4928 ἦν
3807 4857 3901 4910 οὖν
3948 4858 4006 4910 τὸ

2440 4959 2574 5027 μετὰ
2599 4955 2770 5008 ταῦτα
2800 4955 2828 5005 6
2850 4955 3047 5022 Δανιὴλ
3076 4956 3387 5022 συμὸιωτής
3414 4968 3472 5003 τε
3495 4951 3585 5003 τοῦ
3618 4951 3889 5020 βασιλέως
3915 4952 4005 5004 καὶ

2436 5052 2601 5118 τιμῆς
2636 5050 2765 5117 παρ’
2793 5049 2939 5117 αὑτῷ
2974 5048 3065 5098 καὶ
3091 5047 3244 5114 δόξης
3271 5045 3409 5115 ὑπὲρ
3439 5044 3645 5105 πάντας
3685 5043 3850 5094 αὐτοῦ
3885 5044 4006 5104 τοὺς

2441 5144 2624 5209 φίλους
2657 5141 3103 5205 καταξιούμενος.

2513 5231 2635 5284 KE'.
2688 5231 2847 5282 ἱΛλλὰ
2885 5229 2991 5297 γὰρ
3015 5229 3108 5280 καὶ
3139 5227 3304 5279 πάλιν
3333 5226 3531 5292 Δανιὴλ
3559 5226 3586 5275 6
3615 5224 3919 5292 θαυμάσιος
3944 5224 4007 5274 τὰ

2443 5323 2644 5396 συνήθη
2677 5321 2845 5375 ποιῶν
2872 5320 3084 5388 καὶτῆς
3109 5319 3164 5384 ἐξ
3189 5319 3358 5388 ἀρχῆς
3385 5317 3640 5386 ἐχόμενος
3661 5317 4006 5384 ἐγκρατείας,

2440 5426 2698 5479 τοιούτοιν
2729 5419 2880 5485 αὖθις
2904 5420 3120 5489 ἠξιοῦτο
3145 5420 3238 5469 κο.)⁸
3263 5417 3367 5467 τῶν
3394 5416 3634 5485 θεωρίων
3655 5430 3668 5443 ’
3697 5415 3848 5482 ήμην
3881 5414 4006 5480 γὰρ,

2440 5519 2641 5580 ἐκεῖνός
2679 5532 2832 5586 φησι,
2887 5516 3033 5583 τρεῖς
3090 5508 3388 5576 ἑϐδομάδας
3428 5499 3651 5577 ἡμερῶν
3703 5503 4009 5573 νηστεύων.

2445 5612 2645 5682 Ἄρτον
2694 5611 2801 5680 γάρ
2855 5606 3158 5675 ἐπιθυμιῶν
3216 5603 3314 5656 οὐκ
3355 5603 3558 5670 ἔφαγον
3605 5597 3699 5650 καὶ
3742 5599 3881 5669 κρέα
3924 5594 4011 5647 καὶ

2442 5697 2582 5765 οἶνος
2626 5702 2724 5754 οὑκ
2780 5698 3028 5766 εἰσῆλθεν
3071 5698 3148 5758 εἰς
3183 5693 3239 5746 τὸ
3277 5694 3450 5761 στόμα
3485 5707 3608 5759 μου,
3639 5690 3730 5739 καὶ
3767 5688 4010 5752 ἄλειμμα

2441 5797 2537 5849 οὐκ
2595 5792 2902 5864 ἠλειψὰμην
2944 5790 3045 5854 ἕως
3099 5785 3428 5860 πληρώσεως
3483 5781 3646 5854 τριῶν
3703 5775 4010 5846 ιεδομάδων
