4226 6436
241 384 345 444 401

1265 386 1444 446 VITA
1483 386 1541 444 S.
1589 387 2014 448 PROPHETA‘E
2057 391 2440 458 DANIELIS.

3376 401 3482 462 ιορ

243 495 492 566 ἡμερῶν.
514 495 621 548 Καί
643 497 699 547 ὲν
718 495 900 568 ἡμέρᾳ
919 496 1135 568 εἰκοστῇ
1159 497 1248 550 καὶ
1272 498 1512 570 τετάρτῃ
1547 499 1638 552 τοῦ
1670 497 1818 569 πρώ-
1849 513 1887 564 Λ

1808 533 1818 542 -
1849 513 1887 564 Λ
1920 504 2036 558 dies
2063 506 2224 559 trium
2258 508 2659 564 hebdomadum
2685 530 2698 577 ;
2720 520 2772 566 et
2797 510 3053 567 vicesimo
3079 522 3134 567 et
3157 523 3353 582 quarto
3389 515 3477 568 die

245 606 341 640 του
380 590 567 657 μηνὸς.
607 589 718 656 ἐγὼ
753 591 901 660 ἤμην
938 592 1173 660 ἐχόμενα
1206 590 1298 642 τοῦ
1333 592 1581 661 ποταμοῦ
1607 593 1699 646 τοῦ
1726 612 1819 662 με·

246 682 415 745 γάλου
448 682 656 750 Χωμάρ
683 685 776 735 καὶ
797 680 906 753 ἦρα
929 685 1050 745 τοὺς
1077 682 1387 751 ὀφθαλμούς
1412 699 1512 752 μου
1541 686 1632 736 καὶ
1652 680 1811 737 εἶδον·

247 772 343 824 καὶ
372 774 478 826 ίόοὓ
510 774 648 844 ἀνὴρ
683 774 1026 844 ἐνδεδυμένος
1070 774 1249 843 βαδδλν
1280 776 1372 826 καὶ
1401 776 1432 844 ἠ
1456 773 1626 842 ὀσφῦς
1653 774 1816 826 αὑτοῦ

245 867 667 935 περιεζωσμένη
697 869 752 918 ὲν
777 866 1222 935 χρυσίῳῸφάτζ,
1252 867 1344 918 καὶ
1371 866 1430 918 τὸ
1462 866 1620 933 σῶμα
1651 865 1815 918 αὐτοῦ

244 953 381 1005 ὡσεὶ
409 955 663 1024 Θαρσεῖς,
693 958 787 1008 καὶ
835 956 894 1007 τὸ
930 956 1219 1024 πρόσωπον
1265 955 1430 1008 αὑτοῦ
1467 955 1598 1006 ὡσεὶ
1630 956 1818 1023 ὅρασις

246 1048 559 1116 ἀστραπῆς,
579 1040 670 1100 κάι
687 1050 732 1100 οξ
753 1048 1021 1116 ὀφθαλμοὶ
1059 1048 1224 1100 αὑτοῦ
1249 1049 1378 1099 ὡσεὶ
1399 1047 1682 1115 λαμπάδες
1716 1063 1821 1097 πυ·

248 1141 494 1210 ρὸςγκαὶ
526 1140 573 1190 oi
623 1140 909 1208 βραχίονες
943 1141 1106 1190 αὑτοῦ
1134 1139 1225 1190 καί
1251 1139 1317 1189 τὰ
1351 1138 1512 1204 σκέλη
1533 1137 1606 1197 ὼς
1630 1137 1818 1205 ὅρασις

247 1232 452 1303 χαλκοῦ
491 1231 820 1296 στίλϐοντος,
860 1233 952 1284 καὶ
978 1235 1009 1302 ὴ
1044 1231 1192 1300 φωνὴ
1219 1231 1324 1282 τῶν
1357 1231 1530 1296 λόγων
1553 1229 1716 1280 αὑτοῦ
1744 1229 1817 1289 ὡς

243 1326 399 1393 φωνὴ
440 1324 620 1393 διλου.
651 1324 837 1377 Ταῦτα
868 1320 1006 1376 εἶδον
1049 1325 1139 1376 καὶ
1177 1325 1207 1393 ὴ
1243 1326 1394 1392 ἰσχύς
1437 1340 1537 1390 μου
1572 1322 1816 1387 ἐξέλιπεν

242 1421 344 1471 ἀπ’
373 1419 530 1486 ἐμοῦ,
567 1419 657 1469 καὶ
691 1420 724 1486 ἡ
752 1418 878 1480 δόξα
911 1433 1010 1486 μου
1045 1418 1391 1486 μετεστράφη
1410 1416 1489 1477 είς
1523 1413 1819 1483 διαφθοράν

244 1515 342 1566 καὶ
373 1512 536 1575 εὐθὺς
567 1513 657 1564 ἐπὶ
685 1511 783 1582 τὴν
817 1512 919 1581 γῆν
947 1509 1164 1563 πίπτω·
1209 1510 1301 1561 καὶ
1335 1508 1442 1560 ἰδοὺ
1490 1508 1611 1577 χεὶρ
1658 1509 1821 1560 ἁπτο-

245 1607 388 1674 μένη
436 1621 536 1676 μου
596 1606 689 1656 καὶ
724 1604 914 1673 ἤγειρὲ
953 1620 1020 1670 με
1062 1601 1156 1656 ἐπὶ
1200 1601 1267 1654 τὰ
1319 1601 1524 1668 γόνατά
1557 1617 1654 1668 μου
1700 1599 1816 1661 καὶ,

243 1699 412 1761 Σύνες
441 1699 522 1750 ί...
557 1697 712 1766 φησὶ,
757 1697 891 1764 πρός
939 1712 1027 1762 με,
1056 1694 1274 1764 Δανιὴλ,
1309 1694 1449 1761 ἀνὴρ
1487 1693 1818 1762 ἐπιθυμιῶν,

244 1791 342 1842 καὶ
371 1787 525 1855 στῆθι
588 1787 680 1838 ἐπὶ
725 1789 790 1854 τῇ
846 1786 1034 1837 στάσει
1084 1800 1208 1852 μου.
1241 1785 1320 1835 ὅτι
1371 1781 1464 1834 νῦν
1505 1783 1818 1852 ἀπεστάλην

244 1881 360 1947 ἐγὼ
395 1853 528 1948 πρὸς
579 1877 658 1942 σὲ,
690 1853 913 1930 etiam
962 1875 1060 1944 τῆς
1092 1875 1307 1945 ἡμέρας
1343 1874 1441 1943 τῆς
1471 1872 1717 1942 πρώτης,
1751 1869 1817 1944 ἦς
1853 1853 1892 1907 Β

243 1974 454 2034 ἔδωκας
487 1971 583 2042 τὴν
613 1970 842 2036 καρδίαν
874 1986 967 2022 σου
997 1968 1402 2036 ταπεινωθῆναι
1440 1967 1680 2020 ἐναντίον
1722 1966 1816 2018 τοῦ

246 2065 456 2133 Κυρίου
497 2062 592 2116 τοῦ
620 2062 754 2116 Θεοῦ
793 2080 908 2127 σου,
944 2061 1294 2132 ὴκούσθησαν
1333 2060 1381 2113 οἱ
1417 2058 1564 2126 λόγοι
1599 2075 1691 2112 σου
1728 2058 1819 2111 καὶ

244 2157 360 2222 ἐγὼ
382 2151 546 2227 ἦλθον
575 2155 710 2225 πρὸς
752 2155 810 2206 σὲ
849 2154 944 2206 καὶ
975 2155 1003 2205 ὁ
1024 2154 1208 2222 ἄρχων
1235 2152 1330 2220 τῆς
1367 2149 1648 2219 βασιλείας
1679 2149 1820 2220 Περ·

245 2252 359 2304 σῶν
398 2249 618 2317 ἑστήκει
656 2247 715 2310 ἐξ
746 2247 994 2308 ἐναντίας
1024 2261 1126 2315 μου
1167 2245 1342 2297 εἴκοσι
1393 2242 1485 2296 καὶ
1532 2243 1660 2312 μίαν
1686 2240 1820 2311 ἡμί-

247 2363 372 2416 ραν.
405 2345 514 2397 Καὶ
549 2342 642 2395 νῦν
675 2339 928 2408 ἀνδρίζου
970 2340 1065 2393 καὶ
1101 2340 1278 2408 ίσχυε,
1311 2338 1394 2390 ὅτι
1421 2335 1532 2404 ἐγὼ
1561 2335 1698 2406 μετὰ
1726 2332 1819 2386 σοῦ

247 2436 366 2504 είμι
389 2447 406 2465 ο
437 2431 671 2485 ἐνταῦθα
707 2430 882 2483 πολλὰ
937 2429 1037 2498 μὶν
1091 2429 1200 2482 τῶν
1238 2427 1520 2497 ἐσομένων
1565 2429 1592 2480 ὀ
1629 2425 1821 2495 φανεὶς

244 2527 482 2596 ἅγγελος
548 2525 627 2595 τῷ
681 2523 938 2594 προφήτῃ
1003 2521 1357 2590 μυσταγωγεῖ
1424 2517 1552 2586 περί
1601 2534 1661 2569 τε
1721 2516 1822 2585 τῆς

248 2618 484 2690 Περσῶν
547 2617 825 2689 βασιλείας
891 2615 986 2669 καὶ
1051 2611 1403 2673 καταλύσεως
1451 2609 1546 2663 καὶ
1599 2609 1680 2671 είς
1728 2605 1822 2670 οὓς

247 2711 444 2782 ἔμελλε
509 2705 919 2780 μεταπίπτεινο
995 2706 1186 2766 ἔπειτα
1247 2704 1302 2757 δὲ
1375 2703 1470 2756 καὶ
1531 2703 1662 2771 περὶ
1719 2698 1820 2768 τῆς

247 2803 572 2875 βασιλίσσης
613 2802 808 2865 Νότου,
839 2799 874 2854 ἀ
926 2801 1020 2852 καὶ
1076 2799 1248 2866 πέρας
1281 2796 1440 2850 ἔλασε
1485 2793 1625 2865 μετά
1648 2791 1819 2846 ταῦτα

249 2897 348 2949 καὶ
373 2879 485 2958 τοίς
511 2895 867 2964 καλουμένοις
889 2891 1304 2954 Μακκαϐαῖκοῖς
1335 2889 1632 2959 ἐνεγράφη.

322 3007 465 3074 κςκ
501 3008 612 3061 Οὐκ
641 3012 704 3062 ἐκ
729 3009 932 3061 τούτων
969 3008 1026 3062 δὲ
1051 3009 1229 3077 μόνον,
1255 3007 1388 3062 ἀλλὰ
1419 3008 1516 3062 καὶ
1538 3008 1595 3074 εξ
1617 3009 1820 3081 ἐτέρων

245 3103 275 3153 ό
307 3100 505 3168 Δανιὴλ
538 3099 712 3168 μέγας
744 3116 802 3150 τε
837 3100 933 3168 τὴν
962 3102 1195 3169 θεωρίαν
1243 3101 1337 3152 καὶ
1379 3101 1684 3172 θαυμάσιος
1722 3103 1819 3172 τὴν

1919 595 2078 663 primi
2103 599 2326 664 mensis,
2350 616 2450 668 ego
2478 600 2731 654 sedebam
2768 619 2932 672 prope
2964 619 3220 680 magnum
3252 604 3478 657 ﬂuvium

1918 687 2246 753 Cliobar;et
2269 692 2464 744 sustuli
2490 693 2678 746 oculos
2703 709 2870 757 meos,
2905 703 2958 748 et
2983 695 3115 747 vidi.
3148 695 3214 748 Et
3243 710 3371 748 ecce
3397 697 3481 747 vir

1921 779 2145 834 indutus
2175 798 2327 835 sacra
2359 785 2516 847 stola,
2553 795 2607 839 et
2637 786 2854 838 lumbus
2883 787 2998 856 ejus
3033 787 3310 841 accinctus
3344 802 3481 840 auro

1921 871 2164 941 Hopliatz
2203 893 2214 926 :
2243 885 2296 928 et
2334 890 2534 944 corpus
2560 879 2678 941 ejus
2725 888 2980 946 tanquam
3014 877 3255 940 Tliarsis,
3283 888 3336 932 et
3365 880 3483 930 vul-

1920 977 2008 1018 tus
2044 967 2163 1035 ejus
2205 976 2459 1036 tanquam
2496 982 2752 1038 aspectus
2781 972 3014 1041 fulguris
3052 989 3065 1024 :
3104 981 3159 1025 et
3191 971 3334 1025 oculi
3364 972 3486 1039 ejus

1922 1067 2176 1127 tanquam
2209 1061 2485 1130 lampades
2521 1063 2678 1131 ignis,
2737 1073 2789 1117 et
2825 1064 3051 1118 brachia
3096 1065 3214 1133 ejus
3254 1074 3309 1117 et
3337 1064 3483 1118 tibiae

1922 1158 2177 1216 tanquam
2213 1161 2471 1220 aspectus
2497 1155 2624 1209 aeris
2681 1155 3097 1223 resplendentis.
3131 1165 3186 1209 et
3211 1171 3311 1208 vox
3360 1170 3484 1207 ver-

1921 1240 2114 1294 borum
2159 1243 2276 1311 ejus
2321 1253 2574 1313 tanquam
2611 1263 2707 1300 vox
2743 1247 2936 1300 turbaa.
2969 1245 3093 1300 Iliec
3125 1245 3258 1308 vidi,
3291 1255 3346 1299 et
3371 1246 3484 1300 vir-

1923 1341 2010 1386 tus
2036 1350 2152 1387 mea
2182 1335 2382 1390 defecit
2423 1352 2449 1389 a
2489 1354 2593 1399 me,
2622 1347 2676 1389 et
2715 1339 2887 1407 gloria
2925 1353 3042 1390 mea
3073 1351 3337 1391 conversa
3380 1337 3487 1389 fuit

1923 1427 1976 1479 in
2010 1427 2291 1482 interitum
2327 1447 2338 1481 :
2374 1440 2426 1483 et
2451 1431 2712 1484 continuo
2739 1431 2873 1485 cado
2926 1432 2976 1484 in
3013 1439 3236 1496 terram,
3267 1439 3322 1483 et
3359 1443 3487 1483 ecce

1924 1535 2116 1573 manus
2146 1535 2230 1574 me
2260 1531 2505 1590 tangens,
2531 1533 2588 1576 et
2622 1521 2792 1576 erexit
2823 1537 2906 1574 me
2933 1537 3096 1590 super
3135 1537 3308 1591 genua
3333 1535 3483 1584 mea;

1922 1623 1977 1666 et
2001 1613 2255 1677 Attende,
2275 1615 2553 1682 inquit,ad
2582 1630 2688 1678 me,
2714 1613 2920 1676 Daniel,
2946 1613 3028 1665 vir
3059 1610 3484 1672 desideriorum,

1921 1713 1977 1758 et
2013 1714 2091 1758 sta
2127 1706 2178 1757 in
2205 1705 2437 1760 statione
2471 1721 2588 1758 mea
2621 1725 2630 1757 :
2668 1705 2922 1774 quoniam
2970 1713 3118 1757 nunc
3158 1717 3258 1773 ego
3288 1703 3489 1756 missus

1925 1811 2042 1849 sum
2072 1795 2135 1848 ad
2169 1803 2218 1848 te
2251 1811 2264 1848 :
2299 1794 2558 1864 quoniam
2615 1809 2641 1847 a
2679 1795 2856 1863 primo
2885 1793 2990 1857 die,
3024 1807 3132 1861 quo
3162 1791 3364 1844 dedisti
3394 1806 3491 1844 cor

1924 1897 2098 1952 tuum,
2133 1897 2190 1941 ut
2217 1886 2587 1941 humiliareris
2620 1901 2800 1939 coram
2841 1885 3070 1937 Domino
3105 1884 3214 1937 Deo
3249 1894 3365 1944 tuo,
3389 1897 3488 1953 ego

1921 1979 2043 2032 veni
2077 1982 2142 2032 ad
2184 1989 2232 2032 te
2274 1997 2286 2031 :
2323 1988 2376 2032 et
2409 1980 2664 2048 princeps
2692 1977 2840 2048 regni
2864 1977 3150 2031 Persarum
3175 1975 3329 2029 stetit
3355 1989 3488 2028 con-

1922 2081 2006 2125 tra
2062 2087 2148 2126 me
2202 2072 2390 2141 viginti
2431 2083 2496 2126 et
2539 2087 2706 2125 unum
2747 2071 2910 2126 diem.
2948 2067 3013 2122 Et
3048 2083 3194 2122 nunc
3230 2077 3349 2123 esto
3404 2067 3488 2120 vir

1923 2163 2080 2218 fortis
2139 2175 2192 2218 et
2255 2165 2534 2230 robustus,
2569 2163 2826 2233 quoniam
2868 2176 2969 2230 ego
2999 2175 3117 2214 sum
3150 2164 3352 2218 tecum.
3391 2157 3490 2212 Hic

1924 2258 2093 2311 multa
2133 2257 2352 2326 quidem
2387 2255 2588 2322 futura,
2633 2253 2728 2324 qui
2784 2253 3038 2323 apparuit
3073 2251 3319 2321 angelus,
3363 2264 3490 2320 pro-

1921 2348 2100 2418 pheta:
2148 2349 2376 2419 mystice
2442 2346 2694 2401 enuntiat
2743 2345 2810 2399 de
2872 2359 3040 2412 regno
3096 2343 3386 2397 Persarum
3435 2351 3491 2395 et

1921 2441 2042 2512 ejus
2070 2439 2393 2495 eversione:
2419 2448 2474 2495 et
2494 2439 2558 2492 ad
2573 2454 2710 2508 quos
2731 2448 2851 2492 erat
2879 2437 3262 2490 deventurum.
3284 2434 3490 2489 Deinde

1921 2531 2088 2586 etiam
2115 2531 2183 2585 de
2219 2530 2404 2601 regina
2435 2529 2644 2594 Austri,
2675 2544 2796 2600 quae
2847 2527 3069 2597 quidem
3109 2535 3296 2596 postea
3327 2529 3487 2579 linem

1925 2630 2279 2691 acceperunt,
2308 2632 2364 2677 et
2401 2621 2605 2692 scripta
2638 2628 2766 2676 sunt
2798 2619 2852 2672 in
2888 2618 3066 2684 libris,
3096 2617 3189 2687 qui
3221 2625 3486 2672 vocantur

1922 2713 2375 2769 Macbabteorum.
2843 2724 2846 2727 '

1993 3008 2181 3066 XXVI.
2209 3009 2327 3066 Non
2356 3025 2421 3064 ex
2449 3010 2534 3064 his
2558 3020 2742 3064 autem
2767 3008 2918 3074 solis,
2949 3008 3045 3063 sed
3070 3007 3233 3063 etiam
3253 3022 3318 3062 ex
3345 3007 3485 3069 aliis,

1924 3099 2112 3154 Daniel
2150 3101 2400 3169 apparuit
2433 3114 2660 3170 magnus
2694 3101 2746 3152 in
2797 3099 3258 3167 contemplatione
3286 3106 3338 3152 et
3393 3100 3484 3150 ad-

249 3187 471 3238 σύνεσιν
501 3186 743 3255 ἀνεφάνη
775 3201 790 3215 ·
843 3187 934 3238 καὶ
963 3186 1049 3238 ἴνα
1079 3187 1248 3239 τᾶλλα
1276 3190 1560 3259 παρῶμεν,
1597 3191 1730 3243 ἀλλὰ
1762 3193 1821 3244 τὸ
1848 3196 1894 3261 c

1814 3214 1821 3242 l
1848 3196 1894 3261 ο
1926 3187 2208 3243 mirandus
2244 3188 2621 3259 intelligentia.
2661 3187 2723 3241 Et
2755 3197 2812 3241 ut
2842 3188 2944 3241 alia
2974 3187 3313 3253 omittamus,
3340 3188 3483 3258 quod

249 3279 396 3331 κατὰ
454 3278 554 3347 τὴν
607 3279 786 3347 κρίσιν
845 3276 1152 3345 Σωσάννης,
1203 3277 1231 3329 ὃ
1293 3277 1503 3335 πολλῶν
1553 3279 1820 3348 πρότερόν

246 3377 393 3439 ἐστι,
418 3375 532 3437 νέος
570 3374 665 3438 ὢν,
697 3375 972 3443 εἴργαστο,
1003 3375 1126 3427 τίνα
1157 3373 1322 3445 ἄλλην
1355 3375 1622 3438 συνέσεως
1652 3376 1820 3449 ὑπερ·

249 3470 416 3537 ϐολήν
441 3467 726 3520 ἀπολείπει
757 3485 770 3532 ;
808 3470 909 3519 Ἢν
946 3469 1140 3540 πιστὴν
1166 3469 1267 3538 μὲν
1299 3468 1375 3540 τῷ
1405 3469 1556 3542 ἄνδρι
1588 3470 1821 3540 γενομέ-

251 3578 375 3629 νην,
408 3558 637 3611 θάνατον
671 3557 728 3610 δὲ
759 3561 1189 3627 κατακριθεῖσαν
1211 3563 1274 3615 lx
1307 3564 1674 3630 συκοφαντίας
1703 3564 1821 3618 ἀδι-

253 3637 510 3721 κωτάτης
542 3651 648 3705 τῶν
674 3651 996 3714 ἀκολάστοις
1029 3653 1328 3724 ὀφθαλμοῖς
1363 3657 1565 3722 μᾶλλον
1605 3657 1821 3726 εκείνην

250 3748 610 3816 θεασαμινων
646 3746 1010 3816 παραπλήσιά
1037 3763 1096 3798 τε
1126 3745 1204 3817 τῷ
1244 3747 1440 3816 Ἰωσὴφ
1476 3747 1822 3801 κινδυνεύου-

253 3857 356 3893 σαν
381 3839 702 3908 ὑποστῆναι,
723 3843 750 3892 ὁ
779 3841 983 3892 ἐκεῖνον
1013 3841 1130 3890 τότε
1169 3838 1472 3909 ῥυσάμενος
1499 3839 1590 3893 καὶ
1615 3840 1822 3908 ταύτην

251 3930 318 3995 δὴ
342 3927 663 3998 παραδόξως
700 3928 786 3979 διὰ
813 3927 1011 3997 Δανιὴλ
1042 3927 1230 3997 ῥύεται
1274 3931 1410 3997 σοφῇ
1447 3929 1625 3998 κρίσει
1659 3946 1822 3982 κακοο

248 4020 470 4089 τεχνίαν
517 4018 624 4071 τῶν
676 4019 1066 4090 πρεσϐυτέρων
1115 4019 1440 4087 ἐλέγξαντος
1479 4020 1570 4073 καὶ
1625 4020 1822 4083 αὐτοὺς

254 4112 458 4183 μᾶλλον
491 4112 674 4179 ἀξίους
710 4111 939 4164 θανάτου
981 4112 1254 4176 δείξαντός
1303 4131 1360 4166 τε
1419 4114 1510 4167 καὶ
1568 4113 1821 4182 γενέσθαι

252 4205 802 4277 παρασκευάσαντος.

324 4321 454 4378 KZ'.
483 4321 638 4376 Οὕτω
678 4321 947 4384 συνέσεως
975 4321 1134 4391 ἔχων,
1168 4320 1310 4374 οὕτω
1347 4321 1568 4392 χάριτος
1595 4323 1687 4376 καὶ
1723 4340 1817 4393 μευ

249 4418 445 4483 γέθους
472 4415 716 4486 θεωριῶν
746 4415 1080 4483 κατηξίωται
1109 4433 1121 4446 ·
1152 4416 1293 4468 αὐτά
1337 4433 1393 4468 τε
1440 4416 1506 4468 τὰ
1549 4416 1643 4468 τοῦ
1686 4417 1821 4472 Θεοῦ

248 4509 459 4578 κρύφια
502 4509 595 4560 καὶ
622 4508 721 4576 τῆς
751 4507 933 4575 δίττης
968 4507 1061 4557 τοῦ
1093 4505 1254 4573 λόγου
1279 4509 1582 4578 παρουσίας
1610 4511 1822 4581 μυστή-
1849 4525 1899 4585 D
1928 4505 2172 4559 tionibus

253 4619 345 4672 ρια
375 4597 453 4669 τῷ
483 4597 752 4666 πνεύματι
784 4598 1213 4668 καταθεωρήσας
1241 4615 1254 4627 ·
1311 4602 1403 4651 καὶ
1460 4602 1559 4652 ὅσα
1607 4602 1664 4653 δὲ
1713 4602 1820 4653 τῶν

252 4691 430 4746 ἄλλων
463 4688 864 4758 ἀξιολογώτατα
907 4691 1002 4743 καὶ
1040 4691 1138 4743 ὅσα
1181 4689 1316 4761 πρὸς
1366 4691 1442 4761 τῷ
1485 4692 1580 4745 τοῦ
1627 4694 1822 4757 αίῶνος

247 4785 396 4836 τέλει
441 4783 821 4851 συμϐήσεσθαι
861 4783 1040 4852 μέλλει
1086 4784 1178 4836 καὶ
1226 4786 1322 4855 τὴν
1354 4785 1477 4837 τότε
1509 4786 1686 4855 θλίψιν
1727 4789 1822 4840 καὶ

249 4877 351 4940 τὴν
397 4876 460 4924 ἐκ
522 4873 625 4939 γῆς
670 4872 923 4942 χώματος
979 4874 1340 4936 ἐξανάστασιν
1379 4877 1486 4926 τῶν
1517 4877 1820 4946 ἀνθρώπων

245 4965 348 5033 τὴν
379 4964 487 5015 τῶν
515 4964 687 5032 ἁγίων
721 4981 777 5017 τε
814 4962 970 5029 δόξαν
1001 4965 1096 5018 καὶ
1121 4965 1217 5036 τὴν
1248 4966 1358 5018 τῶν
1389 4968 1600 5020 ἀσεόὠν
1627 4969 1818 5038 αἰσχύ-

244 5074 346 5126 νην
373 5055 472 5125 τῆν
501 5056 760 5111 οὐδέποτε
807 5057 1103 5126 λήγουσαν,
1152 5059 1221 5113 τὰ
1271 5059 1407 5130 βάθη
1443 5078 1500 5113 τε
1533 5060 1623 5114 τοῦ
1658 5062 1815 5127 Θεοῦ,

210 5145 372 5209 ,καθ’
399 5145 522 5198 ὅσον
564 5140 736 5198 οἷόντε
790 5147 868 5216 τῷ
928 5149 1106 5218 σάρκα
1164 5152 1532 5219 περικειμένῳ
1583 5150 1669 5204 διὰ
1721 5151 1816 5204 τοῦ

244 5239 584 5305 ἐρευνῶντος
632 5239 770 5291 αὐτὰ
821 5239 1132 5308 πνεύματος
1158 5242 1413 5308 ἐγνωκώς
1440 5258 1452 5270 ’
1491 5245 1684 5296 ἔπειτα
1721 5245 1815 5297 τοῦ

243 5332 454 5402 δεσμοῦ
481 5333 661 5396 λυθεὶς
706 5333 799 5386 καὶ
840 5332 938 5406 τὴν
968 5334 1071 5404 γῆν
1106 5333 1274 5406 ήδέως
1300 5339 1364 5406 τῇ
1408 5339 1475 5406 γῇ
1515 5337 1812 5406 παραδοὺς,

245 5427 385 5498 πρὸς
450 5425 509 5478 ὃν
575 5425 757 5480 ἐπόθει
831 5427 965 5482 Θεὸν
1036 5429 1063 5481 ὁ
1130 5429 1239 5482 τῶν
1299 5433 1608 5502 ἐπιθυμιῶν
1675 5435 1816 5506 ἀνὴρ

238 5522 442 5589 ᾤχετο,
470 5519 651 5580 αὐτοῖς
697 5533 777 5570 τε
813 5523 926 5583 τοῖς
972 5523 1120 5589 τρισὶ
1175 5523 1267 5576 καὶ
1305 5525 1477 5591 φίλοις
1513 5527 1671 5578 παισὶ
1724 5529 1815 5578 καὶ

247 5615 563 5683 προφήταις
619 5614 699 5677 είς
757 5616 842 5667 ἀεὶ
898 5615 1071 5670 συνὼν
1124 5619 1218 5669 καὶ
1278 5619 1409 5687 μηδὲ
1464 5620 1620 5689 ἡμῶν
1675 5619 1816 5673 κατά

244 5724 310 5773 γε
371 5706 429 5758 τὸ
485 5708 768 5776 περιέπειν
815 5709 909 5761 καὶ
944 5710 1156 5780 βοηθεῖν
1190 5711 1576 5782 ἀφιστάμενος,
1621 5715 1698 5775 εἰς
1729 5713 1814 5766 δό-

241 5801 342 5864 ξαν
376 5800 606 5870 Πατρδς,
647 5801 796 5870 Υίοῦ,
825 5805 916 5858 καὶ
952 5805 1106 5871 ἁγίου
1151 5805 1463 5870 Πνεῦματος
1515 5807 1609 5871 τῆς
1645 5807 1811 5889 ὑπερ.

1924 3280 1991 3334 de
2036 3281 2283 3335 Susanna
2325 3280 2526 3335 factum
2564 3292 2648 3334 est
2701 3279 2995 3351 judicium,
3031 3281 3177 3349 quod
3231 3280 3325 3334 diu
3359 3288 3487 3333 ante

1922 3373 2076 3439 fecit,
2107 3389 2232 3428 cum
2273 3383 2418 3429 esset
2454 3373 2632 3426 adhuc
2675 3373 2913 3441 juvenis,
2947 3373 3207 3441 quidnam
3261 3372 3489 3441 reliquit

1924 3469 2318 3541 intelligentiae,
2363 3483 2473 3538 quo
2507 3467 2558 3521 id
2611 3468 2778 3536 possit
2832 3467 3131 3536 superare?
3190 3466 3318 3533 Quae
3365 3467 3483 3537 qui-

1924 3564 2048 3619 dem
2079 3579 2201 3618 cum
2235 3562 2426 3617 fuisset
2459 3563 2656 3615 marito
2688 3560 2885 3624 lldelis,
2921 3571 3096 3614 morte
3128 3571 3307 3615 autem
3341 3570 3485 3614 esset

1925 3657 2178 3711 damnata
2211 3671 2276 3709 ex
2309 3654 2647 3725 iniquissima
2684 3653 2956 3707 calumnia
2998 3667 3186 3706 eorum
3215 3653 3306 3718 qui
3342 3652 3486 3704 Illam

1924 3747 2218 3816 impudicis
2237 3755 2561 3814 aspexerant
2587 3745 2780 3809 oculis,
2805 3754 2861 3800 et
2891 3754 3008 3800 erat
3040 3745 3238 3799 similia
3264 3761 3490 3814 passura

1925 3840 1991 3895 iis
2024 3855 2144 3909 quae
2176 3837 2376 3904 Josepb
2414 3852 2606 3908 passus
2637 3847 2739 3900 est,
2771 3840 2864 3907 qui
2911 3839 3065 3894 illum
3102 3849 3232 3892 tunc
3265 3841 3488 3906 eripuit,

1925 3935 1970 3987 is
2005 3949 2124 3988 eam
2155 3947 2374 4002 quoque
2399 3931 2795 3986 admirabiliter
2834 3941 3137 4000 servatper
3163 3931 3439 3986 Danielem
3477 3951 3488 3983 :

1923 4025 2016 4093 qui
2047 4025 2526 4093 sapientejudicio
2580 4025 2859 4078 seniorum
2902 4025 3141 4079 convicit
3181 4025 3492 4095 malignita-

1927 4126 2054 4183 tem,
2087 4126 2142 4170 et
2176 4130 2272 4172 eos
2312 4117 2484 4186 magis
2537 4123 2713 4171 morte
2766 4115 2958 4186 dignos
3005 4114 3266 4180 ostendit,
3317 4126 3371 4170 et
3436 4127 3494 4170 ut

1924 4219 2154 4262 mortem
2182 4217 2500 4277 paterentur
2531 4209 2733 4262 ell'ecit.

1994 4319 2206 4375 XXVII.
2242 4319 2378 4375 Cum
2415 4328 2566 4374 tanta
2601 4328 2746 4376 esset
2783 4319 3168 4390 intelligentia,
3200 4328 3346 4374 tanta
3369 4336 3491 4390 gra-

1928 4415 2000 4470 tia
2032 4425 2088 4469 et
2119 4426 2226 4469 tam
2259 4417 2468 4485 magnis
2520 4415 2716 4485 dignus
2768 4425 2849 4468 est
2908 4415 3126 4469 habitus
3158 4419 3493 4485 contempla-

2237 4523 2249 4558 :
2289 4519 2524 4574 eumque
2569 4506 2685 4572 ipsa
2743 4505 2836 4558 Dei
2891 4521 3108 4569 arcana,
3144 4514 3199 4559 ct
3256 4506 3494 4574 duplicis

1926 4597 2089 4649 Verbi
2125 4597 2394 4649 adventus
2431 4596 2684 4664 mysteria
2717 4597 2913 4661 Spiritu
2956 4607 3100 4648 esset
3150 4597 3491 4664 contempla-

1926 4696 2014 4743 tus
2045 4705 2057 4742 :
2089 4688 2220 4758 quin
2239 4687 2399 4742 etiam
2425 4702 2764 4757 quacunque
2787 4695 2911 4741 sunt
2942 4687 3063 4741 aliis
3088 4688 3261 4757 pluris
3287 4687 3491 4742 facien-

1924 4782 2012 4846 da,
2069 4792 2125 4837 et
2164 4798 2504 4852 quaecunque
2561 4790 2689 4836 sunt
2725 4789 2988 4835 eventura
3025 4781 3078 4834 in
3130 4780 3236 4835 line
3283 4782 3492 4846 szeculi,

1923 4883 1978 4927 et
2016 4889 2158 4938 eam,
2186 4891 2308 4942 quae
2366 4885 2496 4926 tune
2547 4875 2673 4933 erit,
2706 4873 3079 4933 amictionem,
3113 4883 3169 4925 et
3205 4873 3494 4926 hominum

1921 4979 1988 5018 ex
2009 4975 2168 5019 terra:
2201 4979 2396 5034 aggere
2430 4963 2918 5028 resurrectionem,
2944 4972 2999 5017 et
3028 4973 3340 5018 sanctorum
3373 4965 3492 5034 glo-

1921 5060 2079 5122 riam,
2116 5065 2172 5112 et
2234 5058 2524 5126 impiorum
2576 5056 2954 5126 ignominiam,
3019 5072 3144 5126 qua:
3209 5072 3491 5127 nunquam

1921 5151 2142 5214 desinit,
2197 5159 2252 5203 et
2301 5149 2395 5202 Dei
2431 5149 2722 5218 profunda,
2766 5159 3029 5216 quantum
3095 5158 3268 5216 potest
3299 5151 3343 5202 is
3397 5151 3493 5218 qui

1919 5252 2004 5298 est
2058 5257 2222 5297 carne
2261 5242 2507 5304 indutus,
2543 5256 2641 5309 per
2692 5239 2808 5308 ipsa
2841 5250 3180 5294 scrutantem
3232 5241 3487 5310 spiritum

1920 5337 2290 5405 cognovisset,
2342 5334 2541 5389 deinde
2578 5332 2801 5387 vinculo
2849 5335 3082 5395 solutus,
3139 5342 3283 5386 terra
3332 5343 3489 5388 terrae

1919 5431 2154 5484 libenter
2199 5428 2421 5491 tradita,
2454 5426 2520 5483 ad
2553 5427 2746 5489 Deum,
2795 5441 2955 5493 quem
3004 5425 3370 5482 desiderabat.
3408 5429 3490 5479 vir

1920 5523 2318 5579 desideriorum
2338 5519 2495 5584 abiit,
2525 5534 2647 5572 cum
2673 5518 2756 5570 bis
2780 5518 2956 5570 tribus
2985 5527 3039 5570 et
3079 5519 3271 5571 amicis
3299 5519 3484 5585 pueris

1917 5625 1969 5670 et
2009 5614 2294 5686 prophetis
2326 5617 2592 5683 perpetho
2624 5625 2979 5676 conversans,
3031 5619 3085 5664 et
3125 5626 3224 5663 nec
3261 5624 3287 5661 a
3323 5610 3481 5665 nobis

1916 5711 2157 5779 quidem,
2188 5708 2333 5778 quod
2364 5707 2429 5761 ad
2465 5703 2870 5760 defendendum
2904 5713 2957 5757 et
3010 5703 3374 5770 adiuvandum
3396 5714 3478 5757 at-

1919 5807 2087 5871 tinet,
2137 5803 2453 5859 abscedens.
2497 5800 2574 5855 Ad
2629 5799 2855 5870 gloriam
2900 5797 3072 5854 Patris
3120 5806 3172 5850 et
3241 5796 3357 5851 Filii
3423 5807 3477 5850 et
