4226 6436
755 393 860 454 ιο3

2086 385 2363 446 MENSIS
2394 387 2680 447 IULIUS.

3888 393 3994 454 404

756 500 998 568 Spiritus
1032 499 1226 564 sancti,
1262 499 1701 569 supernaturalis
1744 506 1800 553 et
1826 497 2025 553 divinae
2077 499 2319 552 Trinita-
2348 510 2392 566 Α
2424 536 2425 539 η

2348 501 2625 571 Αφυοῦς,
2663 503 2755 554 καὶ
2817 501 2967 565 Θείας
3032 501 3283 573 Τριάδος,
3443 506 3641 576 πρέπει
3696 504 3830 574 τιμὴ
3900 506 3995 556 καὶ

758 592 828 643 lis
865 608 877 643 :
909 604 1069 658 quam
1131 590 1289 645 decet
1331 590 1505 644 honor
1534 600 1587 643 et
1614 590 1863 645 adoratio
1895 589 1948 643 in
1980 589 2177 643 smcula
2222 607 2320 645 sa:-

756 680 1028 733 culorum.
1056 681 1233 735 Amen
1279 681 1379 751 (ἓ).

826 802 902 869 (2)
937 800 1200 854 Humatus
1229 812 1301 855 est
1330 802 1385 856 S.
1411 803 1604 856 Daniel
1630 806 1683 857 in
1709 814 1933 873 angusta
1964 820 2190 858 caverna
2217 808 2307 857 lio-

756 874 964 923 noribus
995 878 1198 939 magnis
1242 874 1295 924 in
1326 874 1610 943 Babylone,
1648 878 1730 927 ubi
1759 874 1925 927 adhuc
1950 892 2043 927 suo
2081 886 2311 941 tempore

755 957 868 1007 ejus
898 953 1290 1013 monumentum
1315 954 1522 995 exstare
1556 945 1717 995 habet
1739 944 2067 1013 Epiphanius
2096 946 2168 997 De
2202 945 2308 996 vita

758 1009 1170 1077 prophetarum,
1214 1028 1333 1079 cap.
1384 1016 1471 1074 10,
1507 1014 1561 1066 in
1606 1014 1732 1066 line.
1772 1009 1903 1065 Inde
1936 1032 2054 1066 vero
2104 1015 2215 1081 ejus
2262 1022 2310 1065 et

757 1082 914 1131 trium
936 1096 1218 1149 puerorum
1240 1082 1472 1150 reliquit:
1493 1082 1765 1137 translata:
1779 1094 1899 1136 sunt
1927 1084 2307 1137 Alexandriam

2430 596 2801 665 προπκὺνησις
2853 598 2934 659 εἰς
2954 597 3080 659 τοὺς
3110 599 3313 662 αἰῶνας
3368 600 3476 652 τῶν
3511 601 3746 652 αἰώνων.
3790 599 3991 668 Ἀμήν.

2418 809 2541 858 etin
2597 804 2868 858 ecclesiam
2894 804 2990 859 SS.
3016 806 3241 861 Joannis
3270 815 3320 860 et
3344 808 3471 873 Cyri
3515 810 3717 873 posita'.
3759 808 3992 861 Easdem

2429 873 2667 927 Venettas
2693 875 2984 928 translatas
3010 893 3143 940 esse,
3166 886 3212 929 et
3237 894 3354 929 crus
3376 873 3612 930 Danielis
3656 878 3922 937 Vercellis.
3947 890 3993 930 et

2417 961 2666 1017 magnam
2692 947 2849 1017 trium
2876 962 3155 1017 puer‘orum
3176 964 3448 999 sacrorum
3471 950 3747 1017 pignorum
3787 958 3994 1015 partem

2416 1012 2596 1083 Romi:
2632 1015 2683 1065 in
2714 1015 2953 1066 diaconia
2981 1013 3041 1067 S.
3064 1015 3287 1081 Adriani
3314 1012 3603 1083 asseroari,
3627 1020 3703 1071 ait
3726 1012 3991 1070 Baronius

2417 1086 2470 1135 in
2504 1082 2637 1137 no'tis
2658 1084 2727 1136 ad
2750 1082 3187 1154 Martyrologium
3210 1090 3301 1140 hoc
3322 1089 3423 1141 die.

759 1281 3993 1317 Μ

1934 1452 2803 1568 ΜΑΡΤΥΡΙΟΝ

1052 1671 1277 1757 ΤΟΥ
1352 1674 1689 1761 ΑΓΙΟΥ
1762 1676 1953 1760 ΚΑΙ
2027 1664 2563 1760 ΕΝΔΟΞΟΥ
2634 1670 3665 1765 ΜΕΓΑΛΟΜΑΡΤΥΡΟΣ

1883 1867 2861 2005 ΠΛΑΤΩΝΟΣ.

1933 2220 2809 2336 MARTYRIUM

1391 2454 1801 2562 SANCTI
1882 2456 2029 2543 ET
2100 2456 2661 2550 GLORIOSI
2742 2456 3351 2553 MARTYRIS

1779 2672 2986 2828 PLATONIS.

1005 2942 1199 3003 (Latine
1226 2942 1355 3004 apud
1389 2940 1592 2989 Surium
1619 2939 1678 2987 ad
1702 2938 1834 2989 diem
1866 2938 1925 2985 22
1950 2938 2098 2997 Julii;
2128 2938 2290 2987 Greca
2324 2950 2453 2985 nunc
2474 2936 2674 2999 primum

2140 3012 2255 3047 sere.
2279 3012 2345 3048 xu
2400 2999 2565 3062 Eutr.)

2062 2940 2098 2997 i;
2128 2938 2290 2987 Graeca
2324 2950 2453 2985 nunc
2474 2936 2683 2999 primum
2712 2939 2959 3001 prodeunt
2986 2951 3045 2989 ex
3081 2942 3187 2991 eod.
3218 2954 3307 2992 ms.
3337 2943 3491 2994 Paris.
3514 2958 3567 2994 n.
3595 2946 3731 3009 1539,

2140 3012 2255 3047 sere.
2279 3012 2345 3048 xu
2400 2999 2565 3062 Eutr.)

800 3248 841 3302 l.
874 3245 991 3300 Non
1023 3258 1140 3298 sum
1167 3256 1303 3296 nova
1337 3242 1578 3297 dicturus
1600 3242 1666 3295 de
1704 3236 1929 3303 Calatis,
1972 3254 2148 3306 neque
2176 3241 2309 3294 alie-
2342 3248 2384 3302 Β

2342 3248 2384 3302 Β
2480 3241 2557 3291 A’.
2596 3239 2669 3292 Οὐ
2704 3239 2829 3305 ξένα
2861 3237 3115 3292 Γαλατῶν
3145 3241 3290 3292 ἐστιν
3316 3240 3351 3294 ἃ
3390 3243 3571 3310 μέλλω
3614 3245 3815 3312 λέγειν,
3857 3251 3985 3304 οὐδὲ

729 3352 794 3390 na
819 3338 885 3390 ab
924 3335 988 3388 iis
1040 3333 1131 3401 qui
1164 3333 1429 3399 Ancyram
1462 3330 1743 3381 habitant:
1799 3342 1898 3380 nec
1916 3327 2090 3382 dicam
2124 3329 2302 3384 incre-

727 3426 915 3479 dibilia
940 3424 1005 3476 de
1026 3420 1363 3481 conlessore,
1405 3426 1459 3471 et
1486 3432 1550 3471 eo
1590 3417 1677 3471 cui
1716 3416 1940 3471 verbum
1980 3419 2070 3474 Dei
2118 3418 2299 3474 fuerat

728 3514 1102 3571 commissum.
1158 3512 1333 3565 Stulte
1365 3510 1507 3566 enim
1544 3509 1789 3564 fecerunt
1817 3510 2044 3572 Galatae,
2084 3521 2143 3564 ut
2166 3526 2299 3565 con-

727 3617 1015 3663 sueverant
1050 3605 1189 3660 :l‘uit
1244 3613 1423 3658 autem
1480 3603 1626 3657 Plato
1674 3618 1862 3655 revera
1905 3603 2299 3667 sanctissimus,

736 3703 830 3769 qui
870 3699 971 3751 sibi
1003 3695 1101 3749 Dei
1133 3694 1393 3747 creditam
1434 3693 1667 3748 habebat
1699 3691 2022 3760 sapientiam
2059 3706 2071 3741 :
2123 3704 2176 3746 et
2238 3707 2298 3746 ea

727 3801 925 3857 passus
980 3796 1121 3837 esta
1162 3779 1385 3845 Galatis,
1440 3796 1559 3849 quae
1612 3780 1924 3836 eonfessore
1984 3783 2091 3852 pati
2146 3783 2300 3852 jubet

726 3883 811 3934 lex
841 3877 1063 3933 Christi.
1098 3874 1230 3929 Eum
1259 3876 1403 3929 enim
1422 3884 1636 3944 captum
1667 3876 1793 3929 sazvi
1824 3886 1877 3929 et
1918 3876 2300 3930 immisericor-

725 3976 821 4030 des
852 3972 1206 4041 conjeeerunt
1235 3970 1289 4023 in
1321 3983 1621 4029 carcerem,
1663 3977 1723 4019 ut
1784 3968 1876 4033 qui
1934 3968 2154 4020 verbum
2206 3968 2300 4021 Dei

727 4064 1096 4123 annimtiaret,
1134 4070 1187 4113 et
1221 4060 1441 4112 violaret
1472 4057 1615 4126 leges
1669 4057 2033 4124 imperatoris.
2094 4058 2301 4112 Aeerbe

726 4168 856 4224 ergo
884 4159 938 4205 et
967 4150 1261 4203 inhumane
1292 4148 1358 4203 iis
1390 4164 1513 4203 eum
1544 4147 2301 4216 aﬂeceruntsuppliciis,quze

731 4260 839 4298 non
872 4244 955 4297 fas
1010 4252 1093 4297 est
1150 4242 1324 4310 ipsam
1371 4242 1661 4295 humanam
1712 4240 1983 4295 sustinere
2028 4249 2297 4306 naturam,

725 4352 942 4407 gravem
961 4334 1309 4389 ostendentes
1328 4334 1692 4397 insolentiam,
1708 4342 1761 4388 et
1780 4333 1833 4386 in
1857 4333 2149 4390 belluinam
2168 4349 2301 4387 con-

728 4428 871 4480 versi
894 4426 1297 4479 crudelitatem.
1346 4425 1580 4477 Fortiter
1639 4434 1819 4477 autem
1886 4424 2093 4476 ferebat
2140 4438 2303 4476 vene-

728 4517 931 4571 randus
964 4526 1018 4570 et
1046 4516 1373 4586 purissimus
1409 4515 1648 4570 Platonis
1676 4516 1909 4576 animus,
1940 4526 1998 4567 ut
2037 4514 2128 4583 qui
2160 4512 2301 4566 allii-

2403 3333 2513 3386 τῶν
2537 3334 2635 3404 τὴν
2678 3336 2961 3404 ’Ἄγκυραν
2988 3335 3281 3388 οἰκούντων
3310 3336 3595 3406 ἀλλότρια,
3630 3340 3745 3392 οὐδὲ
3778 3343 3982 3410 ὁμολο-

2406 3426 2575 3495 γητοῢ
2615 3427 2708 3478 καὶ
2744 3425 2877 3477 Θεοῦ
2916 3426 3074 3491 λόγον
3112 3427 3550 3495 πεπιστευμένου
3598 3429 3801 3482 ἄπιστα
3838 3436 3982 3502 ἐρῶ,

2407 3516 2716 3585 Ἔτιραττον
2766 3516 3005 3567 Γαλάται
3041 3516 3285 3584 ἀνοήτως
3313 3516 3347 3569 ἃ
3378 3516 3608 3586 σύνηθες
3653 3520 3829 3585 αὐτοῖς
3860 3519 3931 3592 ἦν
3964 3544 3976 3555 ·

2405 3606 2649 3675 ὑπῆρχεν
2679 3607 2733 3658 δὲ
2768 3608 2991 3660 Πλάτων
3042 3608 3069 3659 ὁ
3123 3609 3423 3677 ἀγιώτατος
3466 3612 3681 3681 ἀληθῶς
3715 3614 3848 3667 Θεοῦ
3885 3635 3985 3669 σοι

2406 3701 2535 3768 φίαν
2570 3700 3002 3769 πεπιστευμένος
3034 3702 3127 3755 καὶ
3165 3705 3499 3770 κεκτημένος
3539 3707 3633 3757 καὶ
3666 3707 3903 3777 ἔπασχεν
3947 3712 3983 3762 α

2404 3795 2692 3862 ὑπομένειν
2730 3794 3035 3863 ὁμολογητῇ
3096 3794 3258 3859 νόμος
3305 3794 3540 3861 Χριστοῦ
3588 3798 3979 3863 προσέταττεν.

2405 3885 2678 3944 Δαδόντες
2704 3879 2796 3935 οὖν
2827 3883 2987 3934 αὐτὸν
3014 3883 3194 3933 ἔθεντο
3223 3884 3279 3934 ὲν
3304 3886 3515 3953 φρουρᾷ
3548 3884 3621 3946 ὼς
3647 3886 3802 3950 λόγον
3836 3888 3982 3943 Θεοῦ

2405 3971 2842 4057 narrar/{tumea
2885 3972 2975 4023 καὶ
3025 3972 3221 4039 νόμους
3270 3971 3537 4040 βασιλέως
3580 3975 3977 4046 καθαιροῦντα.

2404 4064 2591 4125 Οὕτως
2630 4062 2721 4116 οὖν
2753 4062 2915 4116 αὑτὸν
2967 4064 3335 4135 ἐτιμωροῦντο
3366 4066 3399 4118 ἃ
3438 4066 3513 4136 μὴ
3556 4067 3710 4137 θέμις
3749 4071 3983 4136 ὑπομεῖο

2403 4168 2489 4205 ναι
2528 4154 2629 4223 τὴν
2668 4152 3017 4225 ἀνθρωπίνην
3050 4155 3213 4223 φύσιν
3246 4156 3646 4225 ἐνδεικνύμενοι
3670 4174 3681 4185 ·
3717 4160 3794 4220 εἰς
3839 4163 3982 4213 ἀπό-

2404 4258 2551 4293 νοιαν
2586 4242 2829 4312 χαλεπὴν
2864 4245 2954 4293 καὶ
3000 4244 3288 4313 ὡμοτάτην
3322 4247 3784 4311 μετατραπέντες.
3809 4248 3979 4311 Ἐφε-

2408 4348 2496 4401 ρεν
2559 4332 2615 4382 δὲ
2678 4334 2710 4400 ἡ
2774 4331 3121 4400 καθαροτάτη
3176 4333 3458 4395 Πλάτωνος
3511 4332 3655 4404 ψυχὴ
3712 4338 3979 4401 γενναίως

2406 4423 2586 4483 πάσας
2644 4423 2741 4483 τὰς
2788 4421 3074 4489 συμφορὰς
3109 4424 3295 4491 φέρειν
3342 4424 3788 4495 μεμελετηκυῖα·
3828 4433 3984 4494 φιλο-

2409 4512 2598 4578 σοφίαν
2634 4510 2765 4580 γὰρ,
2812 4512 2872 4563 οὐ
2907 4511 3004 4582 τὴν
3044 4513 3215 4583 αὐτὴν
3245 4513 3325 4584 τῷ
3358 4516 3633 4585 ὁμωνύμῳ
3674 4517 3980 4588 φιλοσοφή-

727 4608 938 4668 ctiones
1004 4622 1193 4661 omnes
1260 4616 1314 4660 et
1372 4605 1706 4659 calamitates
1753 4614 1975 4675 propter
2020 4590 2370 4658 Christuan

2326 4590 2370 4649 ο
2407 4620 2503 4667 σας
2534 4603 2653 4655 οὐδὲ
2688 4604 2777 4655 τὸν
2818 4604 2977 4657 αὑτὸν
3008 4606 3197 4673 ἐκείνῳ
3229 4606 3384 4674 λόγον
3434 4610 3702 4677 ἀσκήσας,
3751 4611 3978 4678 ὑπερεῖ-

723 4700 869 4756 ferre
900 4709 1043 4753 esset
1078 4699 1394 4753 meditatus.
1451 4698 1585 4751 Nam
1612 4713 1718 4752 non
1747 4698 2013 4760 eamdem,
2061 4712 2219 4765 quam
2264 4696 2309 4750 is

726 4791 819 4856 qui
904 4798 1023 4843 erat
1086 4789 1333 4857 ejusdem
1411 4788 1672 4849 nominis,
1762 4787 1912 4838 Plato
1987 4794 2309 4839 exercuerat

725 4878 1151 4950 phil050phiam,

724 4989 847 5027 mus
876 4974 929 5025 in
960 4971 1104 5025 omni
1140 4971 1289 5025 verbi
1321 4969 1586 5039 sapientia
1629 4986 1642 5022 :

795 5064 860 5117 ll.
889 5062 987 5116 ilic
1015 5078 1142 5133 ergo
1167 5063 1356 5115 beatus
1414 5060 1564 5112 Plato
1614 5060 1809 5111 multos
1842 5060 2057 5126 quidem
2114 5075 2174 5112 ex
2242 5061 2307 5113 iis

723 5156 814 5227 qui
842 5158 1109 5227 Ancyram
1150 5152 1471 5209 habitabant
1505 5150 1683 5203 allecit
1740 5149 2006 5203 beneﬁcio
2044 5166 2057 5202 :
2097 5150 2299 5203 multos

726 5259 906 5303 autem
939 5246 1103 5299 verbo
1138 5244 1469 5305 illuminans,
1501 5241 1629 5295 fecit
1654 5240 1870 5295 Christo
1924 5244 2148 5297 credere
2182 5262 2195 5296 :
2246 5252 2301 5297 et

724 5340 922 5397 multos
954 5353 1015 5392 ex
1054 5336 1143 5400 iis,
1198 5335 1341 5404 quia
1399 5334 1797 5401 potentioribus
1848 5336 2299 5402 Opprimebantur

724 5431 1037 5491 calumniis,
1080 5428 1329 5483 liberavit
1362 5426 1428 5479 ab
1460 5424 1690 5491 injuriis.
1724 5422 1826 5475 Pro
1854 5425 1918 5477 iis
1965 5439 2113 5486 vero,
2172 5427 2295 5491 qui-

724 5527 825 5579 bus
858 5524 1004 5593 ipsos
1038 5520 1292 5574 aﬂecerat
1319 5518 1617 5579 beneﬁciis,
1660 5530 1829 5581 ptBltJ‘.
1863 5516 1931 5568 ab
1983 5530 2048 5568 eo
2094 5525 2294 5568 exacta:

722 5626 847 5669 sunt
878 5632 893 5681 ;
928 5614 1221 5681 autpotius
1252 5610 1492 5679 seipsum
1535 5610 1707 5661 libens
1766 5608 2012 5671 tradidit,
2052 5607 2293 5675 fortique

724 5718 778 5760 et
812 5706 1030 5761 excelso
1090 5705 1273 5757 animo
1311 5703 1430 5757 tulit
1470 5702 1823 5755 calamitates.
1858 5700 1981 5752 Erat
2008 5701 2151 5753 enim
2180 5701 2296 5769 ejus

724 5812 937 5854 semper
966 5796 1029 5851 ad
1063 5796 1234 5850 Deum
1264 5808 1482 5863 ςοοριιδ,
1518 5796 1670 5862 cujus
1699 5792 1860 5844 etiam
1900 5790 1999 5845 fuit
2034 5792 2294 5846 imitator.

1238 4892 1341 4931 nec
1425 4886 1542 4931 erat
1626 4876 1679 4928 in
1761 4876 1949 4929 eadem
2029 4877 2271 4931 doctrina
2351 4879 2764 4949 philosophatus
2838 4896 2851 4932 :

1698 4968 1804 5022 ﬁde
1835 4980 2017 5022 autem
2052 4971 2409 5025 antecellebat
2440 4972 2505 5025 iis
2536 4971 2627 5039 qui
2666 4985 2900 5038 unquam
2928 4971 3169 5025 fuerunt.

2406 4715 2496 4767 χεν
2529 4699 2585 4749 ὲν
2788 4698 2947 4767 σοφίᾳ
2970 4698 3151 4763 λόγου,
3185 4696 3402 4765 διέφερε
3426 4699 3482 4749 δὲ
3512 4701 3687 4752 πίστει
3724 4702 3833 4754 τῶν
3866 4701 3983 4754 πώ-

2408 4804 2535 4837 ποτε
2566 4792 2965 4855 γεγενημένων.

2922 4879 3015 4931 sed
3086 4885 3200 4931 erat
3284 4879 3504 4950 quidem
3591 4881 3987 4950 prastantissi‘

2482 5063 2555 5117 ΒΖ
2590 5059 2754 5122 οὗτος
2803 5059 2895 5112 οὖν
2944 5063 2971 5112 ὁ
3028 5051 3296 5131 μακάριος
3336 5063 3563 5126 πολλοὺς
3602 5066 3698 5135 μὲν
3737 5068 3847 5119 τῶν
3878 5069 3976 5137 τὴν

2412 5155 2694 5219 Ἄγκυραν
2722 5150 3015 5203 οἰκούντων
3056 5151 3365 5220 εὐηργέτει,
3399 5153 3622 5215 πολλοὺς
3656 5156 3712 5205 δὲ
3730 5157 3808 5221 τῷ
3831 5156 3977 5224 λόγῳ

2406 5243 2655 5312 φωτίζων
2698 5244 2870 5294 ἐποίει
2907 5241 3217 5306 πιστεῦσαι,
3250 5243 3479 5305 πολλοὺς
3511 5244 3565 5294 δὲ
3593 5244 3701 5294 τῶν
3736 5246 3976 5295 καταδυ-

2405 5334 2815 5400 ναστευομένων
2864 5332 3157 5402 ἠλευθέρου
3218 5337 3309 5385 καὶ
3364 5333 3501 5400 ὑπὲρ
3546 5326 3619 5384 ὦν
3685 5334 3979 5403 εὐηργέτει

2405 5425 2598 5476 τούτου
2629 5425 2784 5492 χάριν
2820 5423 2970 5484 δίκας
3005 5426 3264 5491 ἀπῃτεῖτο
3288 5442 3299 5453 ·
3351 5424 3443 5475 καί
3484 5422 3624 5474 ἑκὼν
3675 5425 3845 5476 ἐδίδου
3887 5428 3985 5479 καὶ

2405 5518 2676 5584 ὑπέμενεν
2726 5516 2821 5576 τὰς
2860 5516 3165 5583 συμφοράς.
3202 5512 3306 5566 ἿΙν
3355 5516 3461 5582 γὰρ
3497 5514 3658 5566 αἰτοῦ
3709 5515 3736 5563 6
3780 5519 3982 5576 exenia;

2409 5611 2546 5677 πρὸς
2581 5612 2669 5661 τὸν
2724 5610 2949 5678 Κύριον,
2990 5602 3049 5659 οὗ
3107 5611 3201 5661 καὶ
3258 5608 3497 5677 μιμητὴς
3546 5609 3783 5675 ἐγένετο.
3824 5608 3901 5661 Δι’
3954 5606 3987 5658 ὃ

2405 5704 2497 5753 καὶ
2539 5700 2757 5770 Οαῤῥών
2795 5700 2961 5768 ἀπῄει
2996 5703 3087 5751 ἐπὶ
3136 5702 3232 5757 τὴν
3284 5703 3552 5769 τιμωρίαν
3587 5701 3875 5768 ἀγόμενος.
3916 5699 3983 5752 Ὀ

2405 5794 2458 5845 δὲ
2503 5793 2745 5863 βικάριος
2790 5793 3143 5861 Ἀγριππῖνος
3200 5792 3539 5859 προκαῡέσας
3588 5795 3642 5844 ἐν
3696 5799 3761 5863 τῇ
3824 5792 3979 5862 βατι-
