4226 6436
215 381 328 446 405

1484 367 1659 428 ῊΤΛ
1703 367 1765 426 S.
1806 363 2195 425 PLATONIS.

3362 366 3465 430 406

211 517 342 584 λικῇ
380 515 640 580 ἀντικρυς
668 503 784 558 τοῦ
824 504 964 565 Διὸς,
998 500 1284 553 ἐκέλευσεν
1317 498 1664 569 παραστῆναι
1702 497 1793 550 τὸν
1823 482 1866 539 Α

1823 482 1866 539 Α
1895 475 2261 538 Quamobrem
2307 495 2428 534 cum
2478 480 2857 545 abduceretur,
2915 480 3191 536 confidens
3230 483 3340 537 ibat
3401 487 3467 538 ad

223 609 501 676 μάρτυρα.
569 605 628 653 ’0
684 597 743 651 δὲ
798 595 986 666 βοηθὸς
1043 592 1182 660 ἔφη’
1230 592 1501 660 Ἐστηκεν
1549 591 1655 658 πρὸ
1696 587 1791 641 τοῦ

221 696 468 769 βήματός
501 711 618 757 σου,
650 690 834 760 κύριε.
883 687 1235 754 Ἀγριππῖνος
1258 680 1408 735 εἶπεν
1429 697 1443 711 ·
1477 682 1663 751 Πάσης
1694 683 1792 751 τῆς

221 789 559 858 οἰκουμένης
591 787 650 837 ὲν
685 778 884 852 ἡσυχία
932 775 1250 844 διαγούσης,
1304 774 1390 825 ἵνα
1428 775 1479 826 τί
1531 772 1694 834 αὐτὸς
1736 773 1793 823 ἐν

217 879 458 949 τοσαύτῃ
488 876 585 928 καὶ
614 869 917 942 τηλικαύτῃ
947 866 1292 931 καθέστηκας
1319 863 1530 933 πλάνῃ;
1569 861 1792 913 Πλάτων

217 967 394 1023 εἶπεν
435 966 625 1033 Ὑμεῖς
656 963 777 1013 ἐστε
817 959 866 1010 οἱ
909 959 968 1008 ὲν
1007 954 1183 1026 πλάνῃ
1221 952 1498 1020 διάγοντες
1533 951 1623 1004 τὸν
1663 950 1794 1004 Θεὸν

218 1062 314 1114 τὶν
353 1057 658 1122 ποιήσαντα
691 1051 782 1101 τὸν
825 1045 1054 1116 οὐρανὸν
1103 1044 1198 1096 καὶ
1228 1042 1325 1112 τὴν
1353 1042 1456 1110 γῆν
1503 1042 1600 1092 σὺν
1628 1039 1794 1092 παντὶ

217 1149 301 1219 τῷ
331 1149 523 1215 κόσμῳ
554 1139 719 1195 αὑτοῦ
761 1142 857 1192 καὶ
894 1136 1174 1205 σεϐόμενοι
1209 1132 1386 1192 λίθους
1413 1130 1795 1219 πεπελεκημέέ

216 1218 345 1300 νους
374 1236 468 1289 καὶ
504 1233 638 1299 ξύλα
662 1229 838 1300 σαθρά
870 1228 1006 1296 ἔργα
1050 1223 1250 1293 χειρῶν
1279 1218 1604 1289 ἀνθρώπων.
1650 1218 1708 1271 Ὀ
1735 1218 1793 1271 δὲ

229 1329 586 1398 Ἀγριππῖνος
613 1323 716 1392 ἔφη
738 1337 752 1350 ⁸
784 1320 858 1375 Τὸ
886 1320 1004 1372 νέον
1026 1317 1124 1382 τῆς
1163 1314 1382 1382 ἡλικίας
1414 1312 1706 1380 προπετεῖν
1736 1325 1794 1362 σε

215 1424 372 1473 ποιεῖ
401 1420 495 1471 καὶ
527 1417 686 1486 ὖὸριν
711 1415 770 1466 οὐ
805 1411 901 1482 τὴν
935 1407 1208 1478 τυχοῦσαν
1239 1422 1322 1458 σοι
1362 1404 1633 1474 προξενεῖ.
1665 1402 1797 1456 Εἰπὲ

216 1512 312 1565 οῦν
342 1527 454 1580 μοι,
496 1508 653 1570 ποίας
696 1501 994 1572 θρησκείας
1041 1495 1112 1563 εἴ,
1155 1499 1248 1550 καὶ⁴
1275 1497 1433 1558 ποίας
1467 1494 1635 1564 τύχης
1670 1509 1799 1559 τυγ-

217 1603 485 1677 χάνεις,ἢ
516 1603 577 1653 τί-
606 1602 666 1652 τὸ
708 1596 881 1666 ὄνομά
941 1610 1034 1646 σου
1063 1608 1078 1656 ;
1109 1590 1336 1659 Πλάτων
1377 1584 1528 1640 εἶπεν
1549 1605 1564 1620 ·
1613 1586 1798 1671 θέλεις

222 1697 442 1766 μαθεῖν,
498 1692 652 1752 ποίας
704 1689 1003 1758 θρησκείας
1055 1680 1207 1751 sini;
1266 1679 1590 1749 Χριστιανός
1659 1679 1795 1748 εἰμι.

1895 569 2241 636 supplicium.
2282 571 2525 626 Vicarius
2562 583 2740 626 autem
2765 573 3090 643 Agrippinus
3132 590 3250 628 cum
3284 587 3470 644 aperte

1895 662 2237 729 praesedisset
2268 663 2320 716 in
2343 663 2494 719 Jovis
2520 665 2773 728 basilica,
2809 665 3107 734 jussitsisti
3149 678 3464 736 martyrem.

1897 753 2184 820 Apparitor
2216 766 2398 810 autem
2438 758 2574 811 dixit
2609 777 2620 810 :
2661 757 2778 812 Stat
2811 768 2936 812 ante
2994 769 3144 811 tuum
3205 761 3462 823 tribunal,

1894 843 2132 899 domine.
2171 846 2308 901 Dixit
2337 847 2665 917 Agrippinus
2705 849 2884 903 :Cum
2949 861 3095 905 totus
3134 851 3280 905 orbis
3309 853 3470 904 terra:

1895 935 2052 1007 degat
2085 937 2139 990 in
2171 938 2379 1004 laetitia,
2419 956 2516 994 cur
2549 956 2606 993 es
2637 946 2689 993 in
2724 942 2811 994 tali
2860 953 2914 995 et
2947 951 3098 996 tanto
3123 957 3302 996 errore
3333 958 3469 996 con-

1895 1028 2172 1084 Stitutus?
2212 1031 2354 1085 Dixit
2395 1043 2615 1087 sanctus
2647 1031 2835 1086 Plato:
2872 1033 2979 1088 Vos
3036 1035 3189 1099 estis,
3259 1037 3349 1104 qui
3416 1037 3470 1089 in

1895 1133 2082 1174 errore
2149 1123 2388 1192 degitis:
2452 1133 2507 1177 et
2571 1125 2868 1194 reliquistis
2925 1126 3117 1191 Deum,
3185 1127 3275 1194 qui
3343 1128 3474 1180 fecit

1895 1210 2090 1263 omium
2127 1220 2181 1264 et
2213 1221 2419 1266 terram
2454 1229 2576 1268 eum
2629 1225 2743 1269 toto
2775 1230 2963 1269 eorum
2990 1224 3184 1268 ornatu
3219 1233 3231 1266 :
3267 1224 3320 1269 et
3378 1230 3474 1268 ex-

1896 1301 2038 1354 cisos
2065 1301 2241 1354 colitis
2263 1301 2465 1371 lapides
2497 1315 2551 1358 et
2576 1306 2719 1374 ligna
2757 1307 2994 1375 putrida,
3019 1323 3183 1376 opera
3214 1323 3475 1360 manuum

1899 1391 2205 1448 hominum.
2246 1394 2390 1447 Dixit
2426 1396 2758 1466 Agrippinus
2801 1415 2813 1450 ε
2843 1397 3110 1452 Juvenilis
3142 1408 3230 1451 tua
3267 1409 3397 1452 aetas
3424 1410 3475 1452 te

1902 1485 2431 1555 facittemerarium,
2475 1499 2527 1543 et
2575 1488 2737 1544 eﬂlcit
2789 1500 2845 1544 ut
2890 1493 2965 1544 sis
2997 1492 3153 1545 valde
3207 1491 3470 1546 insolens.

1901 1578 1997 1632 Dic
2042 1594 2170 1648 ergo
2194 1581 2350 1645 mihi,
2399 1581 2688 1649 cujusnam
2750 1597 2809 1636 es
2861 1582 3163 1652 religionis,
3215 1593 3269 1638 et
3322 1588 3476 1656 cujus

1900 1668 2224 1722 conditionis
2277 1677 2331 1721 et
2375 1670 2630 1734 civitatis,
2687 1680 2741 1724 et
2775 1671 2917 1738 quod
2968 1680 3057 1725 est
3110 1673 3205 1726 tibi
3254 1689 3473 1729 nomen.

232 1756 593 1852 ιΑγριαιτπῖνος
619 1756 759 1849 ἔφηλ
789 1779 862 1829 Τὸ
886 1775 1034 1843 παρά
1064 1774 1367 1841 ἀνθρώπων
1404 1788 1486 1822 σοι
1519 1769 1799 1840 κληρωθὲν
1835 1827 1875 1852 η

1835 1827 1875 1852 η
1904 1756 2143 1813 Sanctus
2173 1757 2309 1811 dixit
2353 1757 2505 1813 Plato
2583 1776 2596 1813 :
2649 1759 2702 1813 Si
2738 1760 2868 1812 velis
2896 1762 3035 1814 seire
3066 1763 3346 1830 cujusnam
3375 1765 3477 1817 sim

218 1827 763 1945 Υδ’τι.
813 1827 922 1934 γάρ
955 1827 1284 1933 Ξίριστιάνδς
1342 1858 1413 1922 εἴ,
1470 1827 1793 1927 κάτω-οἷδαο
1829 1827 1875 1884 Β

1829 1827 1875 1884 Β
1904 1848 2204 1918 religionis,
2220 1866 2340 1904 sum
2359 1850 2722 1904 Christianus.
2743 1851 2888 1905 Dixit
2909 1861 3090 1906 autem
3113 1827 3477 1924 Agrippinus:

219 1967 360 2020 ἀλλά
418 1963 700 2016 ἐκέλευσεν
747 1960 775 2011 ὁ
827 1956 1184 2024 αὐτοκράτωρ
1246 1951 1452 2030 μηδένα
1507 1949 1794 2019 ἄνθρωπον

219 2048 589 2128 ὀνομάζεσθαι
616 2046 968 2122 Χριστιανὸν.
1020 2045 1246 2097 Πλάτων
1277 2038 1463 2093 εἶπεν·
1499 2040 1560 2091 Εἰ
1603 2039 1796 2108 μαθεῖν

222 2151 421 2212 θέλεις,
472 2143 635 2206 ποίας
683 2139 982 2212 θρησκείας
1029 2136 1168 2205 εἰμὶ,
1221 2129 1372 2186 εἷπον
1411 2131 1512 2203 ήδη
1551 2130 1633 2184 ὅτι
1666 2131 1796 2198 Χρι-

225 2237 445 2298 στιανός
477 2237 591 2303 εἰμι
619 2249 630 2262 ·
684 2233 731 2283 ει
762 2231 817 2282 δὲ
850 2228 942 2280 καὶ
986 2227 1044 2278 τὸ
1076 2226 1248 2295 ὄνομα
1288 2221 1461 2285 θέλεις
1499 2219 1691 2291 μαθεῖν
1740 2218 1799 2272 τὸ

223 2329 377 2396 παρά
399 2323 504 2378 τῶν
533 2323 733 2391 γονέων
763 2337 864 2389 μου
893 2317 1194 2388 κληρωθὲν,
1228 2316 1453 2368 Πλάτων
1480 2312 1712 2380 λέγομαι
1737 2313 1800 2362 ὲκ

225 2419 452 2479 παιδός·
519 2413 757 2485 Χριστοῦ
808 2410 991 2472 δοῦλός
1024 2410 1141 2477 ειμι
1207 2408 1270 2459 ἐκ
1326 2404 1534 2465 κοιλίας
1592 2402 1801 2472 μητρός

229 2524 362 2580 μου·
399 2505 606 2565 πόλεως
641 2504 697 2554 δὲ
739 2503 836 2567 τῆς
872 2497 1103 2549 ἐνταῦθα
1145 2495 1430 2563 τυγχάνω’
1486 2492 1799 2561 ὲκρατήθην

225 2598 281 2650 δὲ
314 2596 390 2656 ὡς
419 2591 676 2657 θεοσεῦὴς
711 2587 806 2639 καὶ
828 2585 1012 2647 δοῦλος
1053 2582 1294 2653 Χριστοῦ
1321 2600 1333 2612 ·
1383 2581 1478 2633 καὶ
1511 2581 1590 2631 σοὶ
1624 2595 1799 2649 προσ-

227 2685 465 2757 ηνέχθην
505 2684 599 2734 καὶ
632 2679 920 2750 πρόκειταί
976 2693 1067 2748 μοι
1112 2676 1200 2729 διά
1257 2677 1493 2745 Χριστὸν
1548 2673 1797 2736 θάνατος,

225 2784 286 2836 ὃν
318 2776 612 2847 ὑποστῆναι
648 2792 713 2845 με
737 2775 816 2827 δεῖ
847 2774 999 2843 παρά
1057 2771 1149 2824 σοῦ
1173 2807 1187 2823 .
1240 2771 1386 2821 Ποίει
1428 2764 1518 2820 οῦν
1543 2767 1570 2820 ὃ
1602 2765 1800 2827 θέλεις.

1902 1940 1997 1992 Dic
2027 1955 2247 2002 nomen,
2288 1944 2430 2010 quod
2467 1944 2560 1998 tibi
2595 1945 2696 1998 fuit
2721 1945 3034 2014 impositum
3075 1962 3104 2000 a
3140 1946 3482 2015 parentibus.

1903 2032 2036 2086 Nam
2071 2033 2188 2100 ipse
2219 2049 2432 2102 quoque
2465 2036 2578 2088 seio
2611 2046 2661 2089 te
2709 2050 2827 2090 esse
2882 2036 3277 2093 Christianum.
3313 2037 3483 2091 Jussit

1904 2136 2033 2176 vero
2084 2123 2380 2192 imperator
2450 2124 2660 2178 nullum
2735 2126 3009 2179 hominem
3089 2128 3268 2180 vocari
3331 2130 3484 2181 Chri-

1911 2213 2162 2268 stianum.
2212 2212 2353 2268 Dixit
2395 2223 2614 2269 sanctus
2664 2213 2853 2269 Plato:
2886 2213 2943 2269 Si
2975 2217 3109 2271 velis
3154 2219 3294 2272 scire
3331 2221 3490 2294 cujus

1906 2307 2008 2362 sim
2051 2307 2347 2376 religionis,
2385 2308 2494 2378 jam
2529 2307 2637 2362 dixi
2672 2308 2768 2362 tibi
2810 2324 2895 2363 me
2940 2325 3061 2364 esse
3085 2308 3479 2365 Christianum.

1909 2391 1965 2446 Si
1994 2401 2177 2446 autem
2219 2394 2298 2448 vis
2325 2394 2484 2447 etiam
2516 2396 2656 2449 scire
2708 2410 2909 2449 nomen
2943 2397 3076 2451 mibi
3140 2400 3401 2452 tributum
3453 2417 3484 2454 a

1907 2483 2242 2554 parentibus,
2285 2486 2436 2539 dicor
2463 2483 2616 2537 Plato
2646 2500 2676 2538 a
2701 2488 2933 2552 pueritia
2961 2506 2974 2552 ;
3006 2498 3059 2542 et
3108 2506 3228 2542 sum
3260 2491 3482 2558 quidem

1907 2577 2109 2631 Christi
2134 2591 2326 2630 servus
2357 2578 2425 2630 ab
2455 2587 2607 2631 utero
2631 2580 2823 2632 matris
2852 2594 2984 2632 meae
3016 2599 3028 2633 :
3058 2596 3177 2635 sum
3199 2597 3328 2636 vero
3345 2583 3484 2637 civis

1907 2667 2070 2738 hujus
2105 2667 2365 2722 civitatis.
2398 2667 2553 2724 Nunc
2583 2682 2764 2724 autem
2792 2686 2911 2725 sum
2935 2681 3125 2740 captus
3150 2685 3200 2727 et
3225 2673 3290 2727 ad
3315 2683 3365 2728 te
3386 2676 3484 2729 ad-

1909 2762 2128 2824 ductus,
2159 2771 2416 2830 tanquam
2453 2763 2574 2832 pius
2608 2774 2662 2817 et
2689 2762 2893 2841 Christi
2935 2780 3147 2820 servus.
3204 2765 3483 2830 Quamob-

227 2887 350 2925 rem
408 2869 564 2924 mors‘
619 2877 703 2922 est
763 2865 899 2919 mihi
953 2863 1232 2934 proposita
1302 2869 1524 2932 propter
1563 2857 1866 2922 Christum,
1906 2871 2068 2924 quam
2115 2864 2332 2922 Oportet
2364 2870 2449 2908 me
2490 2869 2519 2906 a
2573 2863 2623 2907 te
2657 2867 2996 2924 exspectare.
3035 2856 3142 2910 Fac
3191 2873 3322 2927 ergo
3355 2858 3484 2914 'cito

234 2964 384 3033 quod
417 2964 522 3016 scis
550 2969 606 3014 et
640 2959 902 3012 statuisti.

307 3043 382 3108 ῐ“’.
402 3056 458 3106 Ὀ
483 3055 538 3104 δὲ
556 3052 910 3121 Ἀγριππῖνος
932 3048 1034 3117 ἔφη
1053 3065 1065 3078 ⁸
1092 3049 1164 3099 Οὐ
1184 3049 1450 3116 συμφέρει
1468 3062 1548 3098 σοι
1565 3048 1624 3097 τὸ
1636 3045 1808 3114 ὄνομα
1838 3047 1884 3106 C

1838 3047 1884 3106 c.
1985 3041 2076 3096 Ill.
2112 3041 2360 3097 Vicarius
2405 3040 2584 3096 dixit:
2620 3041 2740 3097 Non
2801 3043 3020 3112 expedit
3048 3042 3164 3107 tibi,
3214 3056 3247 3098 ο
3307 3044 3479 3108 Plato.

231 3146 334 3201 τοῦ
364 3143 598 3214 Χριστοῦ
633 3144 773 3195 κατά
800 3141 1038 3194 διάνοιαν
1087 3139 1262 3207 ἔχειν·
1305 3139 1427 3200 τοὺς
1463 3137 1571 3206 γὰρ
1609 3135 1803 3203 ὁμολο-

238 3236 472 3306 γοῦντας
506 3236 672 3288 αὐτὸν
698 3234 914 3302 θανάτῳ
945 3230 1341 3302 παραδίδοσθαι
1381 3230 1409 3282 ὁ
1450 3225 1807 3296 αὐτοκράτωρ

235 3328 552 3388 ἐκέλευσεν,
586 3326 706 3385 τοὺς
739 3323 794 3374 δὲ
826 3323 1192 3389 ἀρνουμένους
1222 3321 1407 3387 τιμαῖς
1441 3317 1538 3370 καὶ
1571 3315 1807 3385 δωρεαῖς

236 3417 583 3491 ἁμάδεσθαι.
618 3414 710 3464 Διὸ
744 3411 1099 3481 συμσουλεύω
1145 3426 1226 3462 σοι
1259 3410 1542 3476 πεισθῆναι
1587 3404 1807 3491 τῷᾐτοῦ
1836 3426 1838 3428 τ

236 3486 642 3574 αῦτοκράτορος
671 3503 842 3572 νόμῳ,
875 3504 970 3556 καὶ
1007 3500 1266 3572 κερδῆσαι
1292 3499 1351 3552 τὸ
1383 3496 1552 3550 κακοῦ
1578 3486 1809 3549 θανάτου

238 3604 436 3671 πεῖραν
471 3597 677 3650 λαὸεῖν.
722 3595 1063 3667 Ἀποκριθεὶς
1084 3595 1141 3646 δὲ
1174 3594 1400 3646 Πλάτων
1433 3586 1621 3643 εἷπενο
1674 3584 1812 3652 Ἐγὼ

235 3689 759 3768 τῴῒμῷθπείθομαι
801 3686 1031 3757 βασιλεῖ,
1081 3680 1124 3753 ᾧ
1172 3684 1568 3753 κεκλήρωμαι·
1611 3678 1702 3731 τὸν
1756 3675 1814 3727 δὲ

241 3785 583 3855 πρόσκαιρον
603 3779 791 3832 τοῦτον
815 3777 968 3844 αἱροῦ
979 3794 1075 3845 μαι
1105 3775 1355 3837 θάνατον,
1375 3773 1461 3823 ἵνα
1481 3771 1579 3839 τὴν
1597 3768 1815 3822 αἰώνιον

241 3874 413 3929 αὑτοῦ
444 3872 838 3941 κληρονομήσω
866 3867 1166 3938 βασιλείαν.
1214 3865 1565 3934 Ἀγριππῖνος
1620 3860 1773 3926 λέγει
1793 3870 1811 3888 ⁸

242 3968 466 4031 ’Υπαγε
503 3940 698 4030 σκέψαι
736 3962 798 4013 τὸ
835 3961 1114 4030 συμφέρον
1146 3975 1252 4022 σοι,
1298 3957 1381 4010 ῖνα
1414 3954 1487 4025 μὴ
1512 3940 1606 4006 καὶ
1632 3949 1820 4012 κακῶς

244 4054 550 4125 ἀποθάνῃς.
578 4053 924 4121 Ἀποκριθεὶς
951 4053 1006 4103 δὲ
1032 4055 1058 4103 ὁ
1084 4051 1235 4117 ἅγιος
1268 4049 1492 4102 Πλάτων
1516 4043 1670 4097 εἶπεν
1690 4059 1702 4071 ·
1736 4041 1818 4094 Τά

246 4144 600 4218 συμφέροντά
615 4159 704 4212 μοι
723 4143 751 4192 ὁ
771 4143 972 4211 Κύριος
995 4141 1342 4210 μεριμνήσει.
1362 4135 1713 4206 ’Λγριππῖνος
1731 4129 1820 4182 λέ-

247 4256 335 4307 γει
354 4258 366 4269 ·
402 4239 616 4302 Ἐγνως
641 4233 710 4285 τὰ
741 4231 1138 4303 προστάγματα
1167 4229 1262 4283 τοῦ
1291 4227 1712 4297 αὐτοκράτορος,
1745 4221 1820 4284 ὡς

249 4331 566 4386 κελεύωσιν
591 4330 640 4382 οἱ
673 4328 934 4398 ἀχραντοι
966 4324 1131 4380 αὑτοῦ
1172 4325 1326 4393 νόμοι
1374 4322 1648 4391 πανταχοῦ
1691 4319 1822 4372 πάνο

1908 3133 2165 3187 Crueitlxi
2216 3149 2414 3188 nomen
2457 3135 2660 3190 habere
2701 3137 2752 3190 in
2809 3145 3011 3192 mente.
3045 3133 3181 3190 Nam
3233 3137 3324 3205 qui
3360 3153 3485 3190 eum

1908 3225 2258 3288 confitentur,
2304 3225 2458 3293 jubet
2506 3228 2796 3294 imperator
2852 3227 2986 3278 tradi
3029 3227 3188 3279 morti
3228 3227 3485 3281 acerbae:

1909 3327 2003 3368 eos
2035 3321 2238 3380 autem,
2272 3313 2364 3382 qui
2432 3313 2610 3381 ipsum
2641 3321 2861 3383 negant,
2894 3311 3053 3367 donis
3083 3313 3331 3367 maximis
3375 3312 3488 3366 alli-

1913 3421 2059 3460 cere.
2091 3405 2460 3471 Quamobrem
2495 3407 2589 3460 tibi
2622 3407 2875 3474 consulo,
2912 3415 2969 3460 ut
2999 3421 3193 3477 pareas
3246 3406 3348 3475 legi
3379 3407 3488 3458 im-

1913 3500 2204 3564 peratoris,
2253 3508 2306 3550 et
2348 3498 2450 3550 hoc
2529 3497 2858 3559 lucrifacias,
2914 3511 2983 3549 ne
3034 3498 3226 3551 mortis
3279 3498 3489 3550 acerba:

1917 3587 2088 3642 facias
2134 3588 2464 3658 perieulum.
2501 3587 2860 3657 Respondens
2884 3598 3066 3642 autem
3102 3589 3240 3643 dixit
3265 3598 3487 3641 sanctus

1918 3674 2112 3732 Plato:
2150 3677 2263 3747 Ego
2305 3692 2472 3746 pareo
2521 3692 2642 3731 meo
2674 3677 2827 3748 Regi,
2885 3679 2972 3732 cui
3059 3680 3222 3733 etiam
3281 3678 3492 3738 milito;

1917 3779 2149 3822 mortem
2179 3781 2384 3833 autem,
2418 3786 2537 3837 qua:
2557 3780 2638 3823 est
2668 3771 2732 3822 ad
2777 3783 3008 3838 tempus,
3058 3771 3218 3838 eligo,
3275 3779 3335 3824 ut
3386 3771 3487 3823 sim

1919 3859 2093 3914 haeres
2125 3862 2269 3931 regni
2301 3861 2507 3915 aeterni.
2537 3861 2667 3917 Dicit
2698 3863 3026 3932 Agrippinus
3057 3881 3072 3916 :
3107 3862 3421 3925 Considera,
3455 3881 3488 3918 0

1923 3951 2090 4018 Plato,
2122 3955 2381 4023 quidnam
2402 3954 2470 4008 sit
2499 3949 2595 4008 tibi
2628 3955 2990 4018 conducibile,
3018 3971 3083 4009 ne
3114 3955 3252 4008 male
3278 3972 3488 4024 pereas.

1922 4045 2066 4099 Dixit
2096 4057 2315 4100 sanctus
2351 4047 2504 4098 Plato
2535 4063 2547 4097 :
2577 4043 2800 4098 Curabit
2831 4047 3094 4098 Dominus
3118 4061 3181 4099 ea
3214 4059 3333 4114 qui:
3363 4054 3491 4098 sunt

1921 4138 2054 4192 mihi
2100 4137 2486 4193 conducibilia.
2530 4137 2673 4193 Dixit
2717 4138 3042 4208 Agrippinus
3079 4156 3091 4191 ε
3127 4137 3274 4192 Nosti
3315 4137 3488 4200 Plato,

1920 4229 2071 4299 jussa
2115 4229 2478 4298 imperatoris,
2547 4231 2819 4296 quomodo
2875 4230 3103 4296 jubeant
3155 4229 3492 4282 intemerata:

1923 4321 2041 4389 ejus
2074 4321 2219 4385 leges
2250 4334 2441 4372 omnes
2473 4318 2815 4372 Christianos
2844 4326 2938 4371 aut
2994 4318 3100 4371 diis
3159 4318 3487 4380 sacriﬁcare,

247 4441 351 4487 τας
375 4424 502 4486 τοὺς
530 4388 889 4492 Χριστιανοὺς
929 4419 962 4473 ἢ
1004 4417 1152 4468 θύειν
1188 4388 1306 4484 ἢ-τδ
1345 4415 1445 4484 ζῇν
1481 4388 1815 4466 ἀπἀλλάττε-
1849 4388 1898 4446 D

1849 4388 1898 4446 D
1927 4388 2019 4465 aut
2048 4411 2154 4464 vita
2172 4411 2368 4480 privari
2396 4409 2418 4462 ?
2449 4409 2529 4464 Tu
2558 4426 2686 4479 ergo
2715 4410 2984 4479 quomodo
3013 4409 3180 4466 audes
3215 4409 3491 4477 htecjussa

251 4517 395 4568 σθαι.
429 4514 501 4565 Σὺ
524 4511 616 4564 οῦν
638 4510 753 4570 πῶς
771 4507 974 4577 τολμᾷς
996 4503 1299 4575 ἀνατρέψαί
1328 4509 1393 4556 τὰ
1418 4505 1816 4573 προστάγματα

252 4603 348 4659 τοῦ
375 4598 638 4672 βασιλέως
671 4599 761 4652 διὰ
794 4598 893 4666 τῆς
924 4597 1208 4667 παρακοῆς
1242 4597 1483 4657 καὶτοὺς
1511 4595 1818 4647 ὑπακούον-

251 4715 356 4761 τας
385 4692 750 4762 ἀνατρέπεις
776 4690 998 4744 Πλάτων
1034 4689 1274 4754 γελάσας
1304 4685 1458 4740 εἶπεν
1479 4703 1493 4719 ο
1529 4687 1741 4754 Ἔγνως
1764 4685 1824 4738 τὺ

254 4784 588 4855 πρόσταγμα
616 4777 708 4829 τοῦ
746 4774 881 4828 Θεοῦ
922 4791 1046 4841 μου,
1084 4774 1158 4835 ὡς
1186 4774 1467 4826 κελεύουσί
1497 4789 1588 4841 μοι
1621 4772 1831 4842 ἀχρανέ

252 4892 340 4929 τοι
365 4868 531 4924 αὐτοῦ
562 4869 738 4935 νόμοι,
781 4864 1112 4934 ἀνατρέπειν
1158 4864 1257 4925 τὰς
1291 4863 1398 4915 τῶν
1428 4861 1701 4930 δαιμόνων
1740 4877 1826 4912 τε-

253 4963 416 5024 λετὰς
473 4959 564 5012 καὶ
618 4955 768 5025 αὐτῷ
832 4956 977 5026 μόνῳ
1032 4954 1336 5023 λατρεύειν,
1389 4951 1514 5006 οὒτε
1556 4968 1638 5013 σοι
1675 4951 1825 5016 ξένον

254 5051 409 5107 ἐστὶν
451 5047 684 5102 ὶπινοεῖν
728 5046 1018 5114 βασάνους,
1067 5043 1192 5096 οὕτε
1240 5041 1297 5094 δὲ
1330 5043 1431 5111 ἐμὲ
1479 5040 1827 5109 αἰκιζόμενον

259 5141 405 5209 ὑπὲρ
439 5139 537 5207 τῆς
570 5136 846 5196 εὐσεϐείας
889 5134 1275 5204 ἀποθνήσκειν.
1318 5134 1390 5184 Σὺ
1423 5132 1528 5202 γὰρ
1559 5132 1659 5200 ἢδη
1703 5130 1828 5183 πολ-

257 5233 388 5293 λοὺς
420 5233 513 5283 ἰπὶ
542 5234 608 5301 τῇ
635 5229 857 5300 τοιαύτῃ
890 5229 1143 5281 ὑποθέσει
1175 5227 1405 5289 ἀνεῖλες,
1441 5230 1638 5287 οἵτινες
1674 5224 1828 5292 νική-

260 5342 456 5388 σαντες
499 5326 588 5377 τὺν
621 5326 849 5378 θάνατον
895 5323 1222 5394 άνεδήσαντο
1265 5322 1405 5375 κατὰ
1454 5319 1547 5371 τοῦ
1580 5316 1827 5371 διαϐόλου

257 5423 355 5475 τὸν
383 5418 482 5487 τῆς
507 5417 854 5485 δικαιοσύνης
894 5417 1180 5484 στέφανον.

334 5515 413 5566 Δ¹.
447 5509 558 5562 Καὶ
587 5513 615 5563 ὁ
649 5511 1004 5580 Ἀγριππῖνος
1033 5509 1208 5562 ταῦτα
1245 5506 1487 5568 ἀκούσας
1518 5503 1830 5574 αἱρεσίτρος

263 5609 366 5674 πός
396 5621 453 5658 τε
499 5603 756 5673 ὑπάρχων
802 5604 893 5657 καὶ
920 5604 1061 5655 κατά
1102 5603 1208 5654 τῶν
1247 5600 1494 5669 ἀθλητῶν
1539 5599 1637 5668 τῆς
1678 5599 1830 5649 εὐσε-

261 5701 418 5760 ϐείας
450 5697 894 5766 ύπερϋαλλόντως
931 5695 1274 5764 ὴγριωμένος
1300 5693 1550 5761 καθάπερ
1589 5693 1708 5743 τινὰ
1736 5691 1824 5743 ἐπὶ

263 5790 413 5859 φόνῳ
455 5790 646 5844 ἁλόντα
683 5790 714 5860 ἦ
747 5789 837 5842 ἐπί
864 5805 965 5842 τινι
995 5787 1163 5858 ἑτέρῳ
1191 5785 1642 5857 πλημμελήματι.
1673 5785 1826 5837 Μετά

1928 4514 2194 4569 evertere,
2214 4515 2268 4558 et
2285 4521 2379 4574 per
2395 4505 2817 4567 inobedientiam
2837 4519 2929 4557 eos
2947 4505 3132 4565 etiam,
3154 4504 3242 4576 qui
3261 4504 3354 4555 tibi
3392 4517 3489 4569 pa-

1925 4604 2067 4660 rent,
2105 4595 2342 4649 evertis?
2385 4594 2528 4647 Dixit
2566 4603 2787 4648 sanctus
2841 4591 2991 4646 Plato
3025 4610 3039 4645 :
3072 4590 3305 4662 Cognovi
3333 4593 3488 4661 jussa

1929 4687 2020 4740 Dei
2092 4687 2222 4748 mei,
2295 4687 2437 4740 sicut
2497 4686 2692 4755 jubcnt
2750 4687 2869 4755 ejus
2943 4686 3281 4739 intemeratae
3346 4687 3493 4754 leges

1925 4790 1980 4834 et
2019 4779 2229 4834 viviﬁca
2286 4789 2573 4848 praecepta,
2625 4794 2823 4847 nempe
2876 4778 3185 4830 daemonum
3239 4779 3491 4846 mysteria

1927 4882 2196 4936 evertere,
2229 4882 2283 4926 et
2328 4873 2374 4924 ei
2405 4873 2502 4924 soli
2545 4874 2769 4925 servire.
2829 4873 3011 4936 Neque
3044 4870 3188 4923 enim
3256 4881 3337 4922 est
3397 4867 3496 4922 tibi

1926 4982 2128 5021 novum
2173 4977 2227 5021 et
2279 4967 2540 5031 alienum,
2612 4968 2921 5037 excogitare
2963 4977 3232 5020 tormenta
3268 4985 3280 5021 :
3316 4978 3495 5034 neque

1930 5074 2118 5113 rursus
2142 5058 2297 5120 mihi,
2329 5057 2463 5110 mori
2501 5071 2596 5126 pro
2626 5059 2844 5127 pietate.
2881 5058 2960 5111 Tu
2981 5060 3124 5112 enim
3157 5059 3264 5123 jam
3292 5059 3493 5113 multos

1930 5149 2192 5203 sustulisti
2234 5150 2298 5202 de
2327 5149 2504 5201 medio
2551 5158 2770 5217 propter
2838 5148 2979 5202 hanc
3042 5148 3441 5205 confessionem
3477 5187 3492 5212 ,

1929 5242 2045 5308 qui,
2077 5250 2251 5294 morte
2318 5239 2553 5304 devicta,
2585 5240 2807 5308 justitiae
2868 5249 3194 5309 acceperunt
3234 5253 3489 5297 coronam

1930 5335 2194 5387 adversus
2225 5332 2522 5387 diabolum.

2003 5511 2092 5566 ιν.
2127 5509 2452 5580 Agrippinus
2475 5518 2654 5564 autem
2698 5527 2818 5566 cum
2853 5511 2964 5564 haec
2992 5510 3270 5573 autliisset,
3309 5519 3366 5561 ut
3403 5511 3492 5577 qui

1935 5614 2077 5657 esset
2111 5619 2284 5656 savus
2306 5615 2360 5657 et
2389 5605 2644 5658 belluinis
2677 5605 2940 5666 moribus,
2971 5612 3024 5656 et
3054 5603 3498 5657 adversusalhlec

1939 5707 2018 5748 tas
2049 5693 2267 5764 pietatis
2300 5711 2462 5762 supra
2501 5696 2717 5748 modum
2764 5694 3039 5757 effer-atus,
3081 5693 3241 5745 veluti
3296 5707 3491 5760 quem-

1937 5786 2058 5841 dam
2088 5787 2250 5842 Caedis
2283 5797 2454 5853 reum,
2487 5797 2579 5841 aut
2633 5788 2857 5857 alicujus
2893 5788 3114 5841 alterius
3149 5787 3356 5856 magnis
3392 5786 3482 5840 cri-
