4226 6436
712 284 816 345 4οἾ

2021 291 2305 352 MENSIS
2339 292 2632 359 IULIUS.

3860 303 3990 364 408

712 397 879 452 minis
909 395 1245 466 convictum,
1284 410 1573 473 postquam
1618 402 1736 473 ipse
1791 402 1857 458 ab
1884 402 2037 458 initio
2067 403 2285 458 didicis-

2396 407 2455 459 τὸ
2489 410 2681 477 μαθεῖν
2716 411 2878 466 αὐτὸν
2910 413 2973 465 ἐκ
3010 413 3315 484 προοιμίων
3359 414 3458 484 τὴν
3485 415 3672 468 τούτου
3709 415 3846 484 πρὸς
3876 418 3988 469 τὸν

713 501 794 543 set
829 491 951 558 ejus
1009 492 1062 544 in
1121 490 1411 548 Dominum
1479 502 1728 549 nostrum
1780 494 1960 550 Jesum
2012 495 2285 550 Christum

713 584 966 638 virtutem
1008 592 1059 639 et
1092 584 1248 640 ﬁdem
1283 586 1491 640 ﬁrmam
1524 596 1573 641 et
1618 587 1971 655 immobilem,
2006 589 2162 658 jubet
2194 603 2287 641 ex-

711 685 927 728 tensum
966 692 1107 730 saeve
1146 679 1279 731 caedi
1307 679 1492 732 nervis
1525 679 1761 735 bubulis.
1796 678 1950 745 Quod
1981 697 2101 734 cum
2126 696 2285 749 quam

612 778 620 785 ·
710 767 948 835 primum
981 768 1184 823 factum
1214 778 1381 832 esset,
1414 780 1466 824 et
1500 781 1734 841 quatuor
1787 772 1988 826 milites
2036 782 2285 826 sanctum

710 859 1063 913 verberarent
1109 861 1309 917 multas
1366 862 1548 927 horas,
1581 873 1636 918 et
1690 864 1888 919 defessi
1947 874 2148 929 essent,
2198 864 2286 918 alii

710 960 891 1004 autem
938 952 1227 1005 duodecim
1292 954 1493 1008 milites
1520 956 1584 1009 ad
1619 957 1666 1009 id
1716 956 1908 1010 mutati
1963 966 2159 1019 essent,
2217 971 2288 1010 ue

712 1041 819 1093 ulla
854 1042 1073 1110 quidem
1111 1044 1333 1097 inventa
1365 1054 1446 1098 est
1482 1048 1690 1101 macula
1728 1049 1781 1101 in
1830 1063 2057 1118 corpore
2111 1049 2285 1103 sancti

711 1130 955 1187 Platonis
1002 1149 1014 1185 :
1082 1135 1218 1186 adeo
1256 1144 1315 1188 ut
1371 1151 1564 1190 omnes
1620 1139 1838 1206 quidem
1902 1140 2282 1209 obstupefacti,

714 1239 881 1291 supra
920 1223 1143 1278 modum
1173 1224 1430 1284 admirati
1471 1227 1696 1295 fuerint,
1741 1240 1794 1284 et
1833 1248 1860 1284 a
1913 1247 1970 1285 se
2020 1232 2289 1285 discesse-

711 1318 853 1382 rint;
886 1317 999 1387 ipse
1028 1327 1217 1372 autem
1247 1319 1486 1374 alacrius
1517 1330 1571 1375 et
1634 1321 1971 1376 constantius
2031 1337 2287 1391 perseve-

710 1411 913 1464 raverit
959 1411 1017 1467 in
1058 1411 1406 1467 confessione
1437 1413 1662 1480 Christi,
1696 1422 1749 1467 et
1774 1431 1874 1484 per
1931 1416 2132 1469 multas
2168 1415 2285 1469 alli-

710 1502 923 1554 ctiones
958 1501 1532 1571 contenderitingredi
1565 1503 1618 1555 in
1647 1519 1869 1573 regnum
1912 1502 2029 1568 Dei,
2062 1504 2113 1556 in
2142 1504 2285 1573 quod

713 1606 822 1645 non
852 1591 998 1645 cadit
1021 1591 1298 1646 interitus.

781 1682 847 1736 ν.
891 1684 1030 1737 Dixit
1064 1685 1396 1755 Agrippinus
1423 1704 1434 1739 :
1460 1684 1571 1755 Ego
1604 1685 1698 1739 tibi
1735 1688 1962 1742 consulo
2000 1695 2061 1741 ut
2112 1689 2284 1742 amico

712 1782 772 1827 ut
802 1786 1031 1828 mortem
1067 1776 1286 1845 quidem
1321 1776 1585 1847 declines,
1633 1780 1699 1831 ad
1734 1778 1895 1832 vitam
1959 1788 2142 1834 autem
2194 1794 2287 1833 ac-

711 1860 891 1915 cedas.
940 1861 1087 1915 Dixit
1144 1870 1365 1916 sauctus
1422 1862 1628 1917 Plato:
1690 1865 1854 1919 Recte
1910 1867 2192 1932 admones,
2252 1883 2284 1923 ο

708 1952 1035 2022 Agrippine.
1068 1953 1241 2022 Fugio
1271 1955 1416 2007 enim
1453 1964 1685 2009 mortem
1741 1967 2021 2021 aeternam,
2092 1968 2150 2012 et
2217 1960 2285 2013 ad

709 2043 879 2099 vitam
910 2058 997 2098 me
1036 2043 1257 2098 confero
1292 2044 1700 2114 sempiternam.
1730 2046 1874 2101 Dixit
1904 2047 2230 2118 Agrippinus
2267 2065 2280 2103 :

711 2135 830 2201 Dic,
866 2136 1235 2200 cacodmmon,
1268 2144 1402 2205 quot
1426 2146 1554 2191 sunt
1586 2138 1826 2192 mortes?
1886 2138 2030 2193 Dixit
2064 2148 2286 2195 sanctus

718 2227 876 2280 Plato
912 2244 924 2280 :
961 2227 1088 2280 Duae
1127 2242 1283 2280 :.una
1324 2228 1543 2295 quidem
1580 2229 1644 2281 ad
1672 2238 1930 2297 tempus;
1968 2229 2133 2282 altera
2158 2244 2287 2283 vero

712 2327 941 2374 aeterna.
974 2318 1050 2372 lta
1093 2320 1276 2382 etiam,
1307 2319 1427 2374 duae
1459 2319 1584 2374 vita:
1617 2338 1630 2374 :
1658 2335 1765 2375 una
1815 2320 2035 2390 quidem
2066 2320 2285 2388 brevis;

712 2406 879 2460 altera
915 2421 1046 2460 vero
1096 2408 1445 2477 sempiterna.
1509 2409 1656 2464 Dixit
1706 2410 2038 2481 Agrippinus
2097 2430 2112 2468 :
2173 2410 2289 2467 Diis

712 2498 981 2565 sacriﬁca,
1010 2507 1064 2553 et
1099 2501 1309 2554 declina
1357 2502 1646 2556 cruciatus.
1673 2502 1811 2556 Dixit
1849 2515 2068 2558 sanctus
2100 2503 2285 2560 Plato:

712 2589 820 2644 Fac
850 2592 978 2652 cito,
1013 2606 1046 2645 ο
1108 2592 1427 2661 Agrippine,
1461 2592 1517 2648 id
1555 2594 1699 2663 quod
1752 2593 1848 2648 tibi
1884 2596 2117 2651 videtur.
2174 2595 2289 2665 Ego

714 2681 859 2735 enim
890 2698 1174 2751 nunquam
1209 2685 1479 2739 sacriﬁco.
1508 2683 1693 2754 Neque
1734 2686 1881 2739 enim
1913 2686 2076 2755 ignis,
2108 2700 2289 2754 neque

712 2790 867 2841 crux,
903 2791 1081 2844 neque
1120 2776 1198 2829 ira
1229 2774 1549 2838 bestiarum,
1583 2791 1760 2844 neque
1790 2777 1988 2830 ablatio
2015 2778 2290 2832 membro-

715 2881 836 2918 rum
871 2867 1030 2920 nobis
1061 2868 1396 2935 persuadent
1438 2882 1467 2920 a
1502 2868 1610 2922 Deo
1647 2868 1768 2922 vivo
1801 2868 2050 2923 deﬁcere.
2106 2868 2290 2937 Neque

716 2956 861 3009 enim
892 2955 1165 3027 diligimus
1216 2957 1361 3027 quod
1418 2973 1563 3013 nunc
1592 2968 1672 3012 est
1704 2958 1961 3014 saeculum
2000 2976 2014 3014 :
2060 2960 2158 3014 sed
2198 2961 2287 3029 qui

712 3063 812 3117 pro
850 3065 937 3103 me
972 3059 1054 3104 est
1084 3061 1330 3105 mortuus
1361 3060 1416 3105 et
1450 3052 1772 3113 resurrexit,
1810 3052 2112 3107 Christum.

796 3136 892 3192 Vl.
930 3137 1026 3192 His
1067 3141 1291 3203 auditis,
1323 3140 1648 3211 Agrippinus
1669 3142 1832 3211 jussit
1857 3156 1978 3196 eum
2012 3141 2196 3197 reduci
2231 3142 2283 3195 in

717 3246 1018 3285 carcerem.
1070 3232 1417 3300 Sequebatur
1465 3243 1648 3287 autem
1698 3234 1866 3289 multa
1916 3235 2071 3289 turba
2125 3234 2284 3290 Chri-

719 3323 1041 3391 stianorum,
1068 3335 1291 3395 prOpter
1324 3328 1444 3394 ejus
1468 3336 1714 3380 sanctam
1756 3332 1808 3381 et
1831 3328 2118 3397 gloriosam
2154 3343 2285 3380 con-

719 3416 1038 3470 fessionem.
1104 3414 1280 3471 Fortis
1312 3427 1492 3471 autem
1532 3427 1584 3472 et
1650 3416 2025 3489 magnanimus
2087 3420 2287 3475 Christi

724 3515 923 3577 martyr
970 3506 1124 3563 Plato
1175 3509 1336 3579 jussit
1371 3511 1473 3564 sibi
1518 3510 1633 3564 ﬁeri
1698 3511 2003 3567 silentium.
2033 3513 2097 3567 Et
2134 3522 2287 3583 post—

723 3612 884 3665 quam
973 3599 1073 3667 ipsi
1142 3590 1443 3654 cessarunt'
1499 3616 1526 3652 a
1584 3603 1838 3665 tumultu,
1890 3620 2022 3657 voce
2079 3606 2288 3658 sublata

725 3689 861 3743 dixit
919 3689 1049 3745 eis:
1125 3688 1239 3746 Viri
1303 3692 1393 3761 qui
1425 3690 1718 3759 Christum,
1760 3693 2004 3765 diligitis,
2048 3704 2103 3751 et
2159 3697 2290 3752 estis

723 3790 997 3839 amatores
1057 3785 1325 3849 veritatis,
1377 3800 1484 3840 non
1532 3786 1637 3840 levi
1670 3787 1736 3841 de
1786 3804 1947 3843 causa
2001 3791 2137 3845 adeo
2187 3792 2289 3845 hoc

726 3882 1007 3928 certamen
1037 3892 1051 3927 :
1079 3876 1175 3930 sed
1212 3886 1437 3945 propter
1464 3876 1775 3931 eﬁectorcm
1810 3874 1924 3938 cali
1955 3890 2009 3934 et
2042 3892 2199 3935 terrae
2239 3891 2293 3948 et

724 3961 969 4015 omnium
1013 3977 1132 4033 qua:
1167 3972 1296 4018 sunt
1322 3962 1378 4017 in
1407 3964 1507 4018 eis.
1542 3960 1619 4019 Ne
1660 3980 1754 4020 vos
1783 3980 1913 4037 ergo
1940 3968 2289 4035 conturbent,

726 4070 880 4124 rogo,
926 4070 988 4108 ea
1030 4070 1149 4124 qua:
1199 4054 1358 4111 ﬁunt.
1396 4056 1578 4111 Multw
1633 4059 1778 4112 enim
1830 4070 1959 4114 sunt
1994 4062 2292 4130 aﬂlictiones

717 4148 1007 4214 justarum,
1050 4156 1098 4200 et
1129 4163 1194 4202 ea:
1220 4149 1293 4202 eis
1338 4150 1571 4203 omnibus
1628 4150 1865 4203 liberabit
1916 4153 2053 4215 ipsos
2114 4152 2297 4205 Domi-

728 4241 884 4293 ηιιεί.
914 4239 1111 4296 Adeste
1135 4241 1201 4296 de
1243 4252 1461 4307 caetero,
1496 4252 1549 4297 et
1569 4245 1945 4314 confugiamus
1999 4260 2189 4301 omnes
2222 4246 2293 4301 si-

727 4325 839 4379 mul
867 4327 931 4380 ad
959 4337 1199 4396 portum,
1234 4331 1326 4397 qui
1384 4330 1541 4383 nullis
1575 4332 1807 4400 agitatur
1856 4334 2295 4400 tempestatibus,

2396 500 2598 569 Κύριον
2631 504 2786 571 ήμῶν
2831 504 3033 575 Ἰησοῦν
3078 506 3312 573 Χριστὸν
3356 509 3560 577 ἀρετήν
3584 524 3641 559 τε
3683 510 3774 560 καὶ
3827 509 3986 561 ἀσάο

2392 592 2581 646 λευτον
2632 596 2851 661 πίστιν,
2901 599 3374 669 παρεκελεύσατο.
3420 600 3608 654 τοῦτον
3661 602 3984 653 ὲκταθέυτα

2388 683 2655 754 δέρμασιν
2693 688 2863 758 ὠμοῖς
2912 693 3003 742 καὶ
3056 690 3218 758 βοῗοις
3252 690 3582 754 αἰκίζεσθαι.
3628 692 3737 744 Καὶ
3767 694 3980 743 τούτου

2389 777 2695 845 γενομένου
2718 780 2814 831 καὶ
2836 782 3120 849 τεσσάρων
3154 780 3497 849 στρατιωτῶν
3528 784 3845 835 τυπτόντων
3874 786 3985 834 τὸν

2391 864 2546 932 ἆγιον
2581 869 2672 918 ἐπὶ
2707 869 2930 932 πολλαῖς
2975 870 3147 938 ὥραις
3199 872 3292 923 καὶ
3342 874 3706 925 ἀτονισάντων
3758 873 3983 940 ἑτέρων

2393 956 2739 1023 στρατιωτῶν
2757 958 2968 1012 δώδεκα
2994 960 3358 1027 ἀλλαγέντων,
3384 962 3503 1014 οῦδὲ
3530 964 3557 1014 6
3586 962 3746 1033 τυχὸν
3775 964 3982 1025 σπίλος

2391 1046 2589 1117 εὑρέθη
2631 1050 2689 1100 ὲν
2739 1049 2818 1117 τῷ
2878 1049 3094 1120 σώματι
3134 1051 3229 1103 τοῦ
3274 1051 3429 1119 ἁγίου
3480 1052 3789 1116 Πλάτωνος,
3824 1052 3978 1105 ὥστε

2390 1140 2597 1202 πάντας
2630 1139 3006 1208 ἐκπλαγέντας
3039 1142 3339 1209 θαυμάσαι,
3373 1142 3535 1195 αὐτὸν
3579 1143 3635 1195 δὲ
3685 1144 3980 1213 προθυμό-

2389 1244 2546 1296 τερον
2577 1229 2833 1296 ἐμμεῖναι
2882 1232 2947 1298 τῇ
2983 1228 3077 1281 τοῦ
3130 1230 3366 1299 Χριστοῦ
3413 1231 3705 1300 ὁμολογία,
3747 1232 3839 1283 καὶ
3876 1232 3979 1284 δια

2391 1317 2601 1371 πολλῶν
2656 1318 2889 1388 θλίψεων
2924 1322 3225 1374 σπεύδοντα
3273 1322 3532 1376 εἰσελθεῖν
3583 1326 3660 1387 εἰς
3717 1325 3817 1396 τὴν
3867 1325 3979 1378 τοῦ

2390 1409 2527 1462 Θεοῦ
2560 1410 2837 1481 ἄφθαρτον
2873 1410 3174 1481 βασιλείαν.

2461 1672 2537 1727 E'.
2582 1674 2937 1744 Ἀγριππῖνος
2970 1671 3157 1727 εἶπεν·
3198 1673 3340 1743 Ἐγώ
3371 1692 3453 1728 σοι
3476 1677 3743 1745 ,παραινῶ
3778 1678 3979 1729 ἐκκλι-

2389 1781 2477 1818 ναι
2505 1765 2597 1817 τὸν
2647 1765 2877 1817 θάνατον
2910 1768 3002 1819 καί⁸
3048 1768 3419 1836 προσδραμεῖν
3448 1773 3513 1839 τῇ
3563 1769 3697 1839 ζωῇ,
3736 1770 3982 1822 Πλάτων

2387 1852 2529 1911 εἷπε·
2572 1858 2769 1922 Καλῶς
2813 1863 3122 1929 παραινεῖς,
3158 1854 3202 1912 ὦ
3245 1861 3593 1930 Ἀγριππῖνα·
3634 1862 3822 1930 φεύγω
3853 1863 3979 1931 γάρ

2386 1950 2479 2003 τὸν
2527 1951 2743 2003 αἰώνιον
2782 1951 3011 2005 θάνατον
3036 1955 3130 2004 καὶ
3159 1952 3493 2023 προσφεύγω
3530 1956 3595 2025 τῇ
3629 1955 3786 2022 ἁῖδίῳ
3824 1954 3972 2023 ζωῇ.

2400 2040 2757 2109 Ἀγριππῖνος
2804 2035 2993 2095 εἶπεν
3031 2042 3197 2104 Εἰπὲ,
3248 2042 3601 2111 κακόδαιμον,
3652 2044 3805 2097 πόσοι
3854 2046 3976 2095 εἰσὶ

2390 2129 2648 2196 θάνατοι;
2700 2132 2926 2186 Πλάτων
2963 2129 3117 2186 εἶπε’
3170 2134 3307 2184 Δύοο
3369 2135 3397 2185 6
3462 2131 3561 2202 μὶν
3600 2132 3983 2203 πρόσκαιρος,

2388 2223 2417 2273 6
2488 2222 2545 2274 δε
2602 2224 2853 2287 αἰώνιοςο
2911 2224 3081 2287 οῦτως
3124 2224 3179 2277 δὲ
3242 2226 3334 2277 καί
3396 2222 3534 2288 ζωαὶ
3587 2224 3709 2278 δύο’
3756 2228 3791 2295 ἡ
3864 2226 3981 2291 μὲν

2392 2314 2787 2386 ὀλιγοχρόνιος,
2862 2317 2893 2386 ἡ
2948 2316 3005 2369 δὲ
3062 2315 3314 2379 ἀείζωος.
3353 2316 3706 2387 Ἀγριππῖνος
3764 2312 3970 2369 εἶπεν⁸

2389 2406 2563 2461 Θύσον
2637 2410 2749 2470 τοῖς
2801 2409 2964 2472 θεοῖς,
3040 2409 3132 2462 καὶ
3195 2410 3295 2471 τὰς
3349 2409 3621 2478 τιμωρίας
3687 2408 3970 2463 ῑκκλινον.

2390 2499 2616 2553 Πλάτων
2695 2497 2883 2552 εἰπενο
2937 2499 3092 2553 Ποίει
3169 2502 3227 2554 τὸ
3286 2501 3478 2555 δοκοῦν
3559 2506 3641 2553 σοι
3714 2502 3970 2572 ἀπηνὲς’

2389 2591 2499 2659 ἐγὼ
2527 2594 2633 2661 γάρ
2660 2592 2720 2643 ού
2752 2591 2865 2643 θύω
2883 2608 2895 2622 ο
2922 2591 3045 2645 οὔτε
3083 2593 3191 2661 γάρ
3211 2594 3398 2661 πυρὸς,
3425 2592 3549 2645 οὔτε
3576 2592 3801 2663 θηρίων,
3834 2593 3972 2647 οὕτε

2394 2683 2566 2752 θυμοῦ
2621 2685 2780 2755 μερὶς
2833 2685 3150 2755 ποιήσουσίν
3201 2702 3267 2755 με
3323 2686 3624 2754 ἀποστῆναι
3669 2687 3772 2738 ἀπὸ
3825 2686 3976 2739 Θεοῦ

2393 2774 2589 2839 ζῶντος
2610 2792 2623 2807 ⁸
2646 2777 2707 2830 οὐ
2735 2776 2840 2845 γὰρ
2863 2778 2953 2830 τὸν
2986 2778 3079 2829 νῦν
3101 2776 3298 2845 ἀγαπῶ
3331 2776 3523 2841 αἰῶνα,
3552 2777 3687 2830 ἀλλά
3714 2779 3805 2831 τὸν
3837 2778 3977 2847 μέλ-

2390 2869 2550 2920 λοντα
2583 2869 2675 2919 καὶ
2719 2869 2810 2921 τὸν
2843 2869 2981 2939 ὑπὲρ
3030 2869 3164 2938 ἐμοῦ
3218 2869 3564 2924 ἀποθανόντα
3598 2870 3833 2939 Χριστὸν
3868 2872 3974 2924 καὶ

2392 2959 2718 3014 ἀναστάντα.

2463 3136 2552 3203 ς’.
2588 3138 2699 3189 Καὶ
2748 3138 2775 3188 6
2818 3136 3173 3204 Ἂγριππῖνος
3210 3137 3349 3188 αὐτὰ
3399 3136 3638 3199 ἀκούσας
3670 3138 3974 3191 ἐκέλευσεν

2388 3229 2551 3283 αὑτὸν
2583 3226 2961 3295 ἀναληφθῆναι
3001 3230 3060 3279 ἑν
3113 3226 3189 3296 τῷ
3241 3226 3638 3299 δεσμωτηρίῳ·
3695 3228 3849 3296 ὄχλος
3904 3232 3976 3287 δι

2389 3320 2555 3383 πολὺς
2583 3317 2872 3388 ἠκολούθει
2898 3320 3007 3371 τῶν
3035 3318 3377 3389 Χριστιανῶν
3413 3320 3506 3372 ἐπὶ
3536 3323 3599 3388 τῇ
3632 3320 3758 3391 ἀγξα
3790 3322 3971 3373 αὐτοῦ

2389 3412 2486 3465 καλ⁵
2518 3412 2713 3481 ἐνδόξῳ
2764 3411 3041 3482 ὁμολογίᾳ.
3112 3410 3168 3463 '0
3215 3411 3270 3463 δὲ
3322 3411 3679 3481 μεγαλόφρων
3719 3414 3812 3464 καὶ
3860 3414 3974 3467 ἁν-

2388 3504 2566 3573 δρεῖος
2588 3503 2680 3555 τοῦ
2708 3503 2946 3571 Χριστοῦ
2984 3504 3193 3573 μάρτυς
3230 3503 3518 3553 ἐκέλευσεν
3548 3504 3696 3571 αὐτῷ
3728 3506 3975 3573 ἡσυχίαν

2391 3596 2645 3662 γενέσθαι
2676 3594 2773 3647 καὶ·
2810 3594 2952 3662 μετὰ
2975 3594 3069 3646 τοῦ
3103 3593 3419 3645 παύσασθαι
3443 3594 3641 3656 αὐτοὺς
3671 3594 3761 3647 τοῦ
3795 3596 3973 3665 θορύ-

2386 3685 2511 3749 ϐου,
2550 3686 2761 3757 ἐπάρας
2794 3686 2892 3755 τὴν
2937 3684 3074 3738 ἰδίαν
3099 3686 3282 3756 φωνὴν
3327 3681 3512 3738 εἶπεν·
3548 3686 3776 3756 ’Δνδρες
3814 3687 3976 3752 φιλό-

2392 3796 2603 3849 χριστοι
2641 3780 2733 3832 καὶ
2773 3779 2869 3846 τῆς
2904 3778 3163 3848 ἀληθείας
3200 3778 3452 3848 ἐρασταὶ,
3493 3777 3553 3831 ού
3603 3775 3814 3845 φαύλης
3845 3777 3976 3829 ἓνε-

2394 3887 2486 3923 κεν
2520 3871 2699 3928 αἰτίας
2740 3871 2831 3919 ἐπὶ
2860 3870 3008 3920 τόνδε
3040 3870 3498 3939 πάρειμιάγῶνα,
3528 3871 3643 3921 ἀλλ’
3663 3870 3847 3921 ἕνεκεν
3866 3869 3975 3922 τοῦ

2394 3959 2627 4030 Ποιητοῦ
2661 3959 2893 4031 ούρανοῦ
2926 3961 3019 4013 καὶ
3039 3963 3142 4029 γῆς
3174 3960 3267 4013 καὶ
3290 3960 3506 4012 πάντων
3530 3958 3638 4011 τῶν
3669 3960 3726 4009 ἐν
3753 3960 3971 4021 αὐτοῖς.

2394 4055 2485 4124 Μὴ
2502 4026 2681 4106 τοίνυν
2875 4026 3195 4121 θορυϐεῖται,
3219 4052 3548 4121 παρακαλῶ,
3563 4053 3624 4104 τὸ
3646 4051 3969 4118 γενόμενον’

2394 4144 2625 4200 Πολ.λαί
2649 4144 2757 4214 γὰρ
2776 4147 2835 4197 αἰ
2854 4146 3089 4212 θλίψεις
3116 4143 3233 4196 τῶν
3260 4144 3523 4206 δικαίων,
3546 4143 3645 4195 καί
3666 4144 3733 4195 ἐκ
3752 4144 3974 4196 πασῶν

2390 4238 2641 4303 ῥύσεται
2695 4236 2917 4300 αὐτοὺς
2953 4238 2983 4287 ό
3021 4234 3259 4301 Κύριος.
3310 4234 3472 4285 Ἀλλά
3518 4233 3670 4286 δεῦτε
3718 4234 3923 4294 πάντες
3955 4252 3967 4263 ι

2399 4328 2533 4396 ὁμοῦ
2602 4328 3015 4395 καταφύγωμεν
3086 4328 3179 4381 ἐπὶ
3250 4329 3340 4380 τὸν
3383 4328 3718 4396 ἀχείμαστον
3766 4326 3968 4396 λιμένα

727 4434 925 4487 nempe
946 4390 1331 4486 Christum,-et
1362 4422 1430 4476 ad
1462 4390 1694 4492 petram,
1722 4437 1883 4491 quam
1918 4390 2142 4493 magnus
2162 4422 2285 4476 dixit

2400 4390 2640 4490 Χριστοῦ
2690 4390 2784 4475 καί
2981 4422 3206 4490 πέτραν,
3264 4422 3330 4487 ἢν
3366 4422 3392 4473 6
3422 4390 3615 4488 "pira;
3646 4390 3973 4481 Ἀπόστολος

733 4510 1024 4579 Apostolus
1057 4524 1070 4563 :
1105 4511 1263 4565 Petra
1283 4523 1459 4566 autem
1491 4524 1604 4567 erat
1632 4512 1865 4567 Christus
1891 4515 1931 4567 '.
1961 4512 2037 4568 Ne
2056 4529 2183 4585 ergo
2204 4528 2294 4569 cc-

731 4603 944 4666 damus,
974 4618 1006 4657 o
1054 4602 1259 4667 dilecti,
1306 4603 1581 4672 periculis,
1606 4619 1723 4672 quae
1777 4603 2150 4671 suscipiuntur
2201 4620 2299 4674 pro

734 4698 937 4767 pietate
967 4716 979 4751 :
1029 4714 1150 4753 cum
1181 4699 1437 4761 sciamus,
1466 4698 1610 4768 quod
1635 4699 1918 4769 passiones
1953 4698 2113 4764 hujus
2166 4709 2303 4753 tem-

736 4792 886 4858 poris
920 4805 1027 4843 non
1056 4801 1184 4843 sunt
1215 4790 1411 4860 dignas.
1443 4806 1563 4859 quae
1602 4791 1953 4843 conferantur
1974 4804 2095 4843 cum
2136 4790 2302 4858 gloria

736 4898 856 4952 qua:
872 4890 965 4957 ρει
1003 4882 1056 4934 in
1091 4881 1247 4935 nobis
1276 4881 1566 4935 revelanda
1590 4881 1630 4934 ⁸.
1652 4879 1776 4934 Haec
1805 4896 1933 4950 ergo
1977 4897 2100 4940 cum
2130 4881 2303 4935 dixis-

737 4982 820 5027 sct
844 4971 1045 5028 Christi
1072 4981 1273 5041 martyr
1298 4970 1471 5041 Plato,
1521 4981 1576 5026 et
1650 4970 1841 5036 turbis,
1893 4988 2015 5040 qua:
2056 4972 2300 5040 aderant,

740 5064 1319 5125 addidissetanimutu,
1352 5072 1407 5116 et
1428 5073 1661 5116 mentem
1687 5079 1875 5117 eorum
1904 5064 2303 5129 conﬁrmasset,

739 5158 1019 5225 ingressus
1049 5164 1134 5209 est
1163 5169 1433 5209 carcerem
1462 5154 1614 5207 lactus
1652 5164 1707 5209 et
1760 5157 1924 5209 Deum
1979 5157 2303 5222 gloriﬁcans.

742 5252 1025 5320 Ingressus
1095 5259 1297 5311 autem,
1341 5252 1486 5301 humi
1554 5246 1674 5300 ﬁxis
1708 5248 1953 5314 genibus,
2021 5246 2303 5303 Dominum

741 5356 993 5412 precatus
1058 5351 1158 5403 est,
1205 5343 1290 5396 sic
1321 5342 1508 5397 dicens
1556 5358 1571 5394 :
1616 5340 1842 5393 Domine
1891 5339 2019 5394 Jesu
2059 5340 2294 5407 Christe,

744 5437 984 5494 omnium
1024 5444 1236 5489 creator
1272 5445 1325 5488 et
1345 5433 1545 5504 opifex,
1594 5444 1644 5487 et
1700 5434 1792 5501 qui
1832 5443 1918 5485 tua
1964 5432 2301 5502 providentia

749 5542 933 5583 curam
959 5528 1099 5597 geris
1152 5526 1549 5588 universorum,
1610 5527 1699 5593 qui
1760 5525 2014 5579 omnibus
2072 5524 2177 5578 tuis
2230 5524 2307 5575 fa-

863 5713 878 5744 ¹
911 5712 1053 5768 Psal.
1084 5727 1273 5777 xxxiii,
1307 5712 1392 5770 20.
1506 5712 1523 5739 ’
1557 5711 1573 5764 Ι
1608 5710 1731 5766 Cor.
1764 5726 1815 5775 ιι,
1882 5711 1932 5763 4.

2399 4510 2582 4566 εἶπεν
2624 4512 2693 4568 Ἠ
2719 4514 2786 4564 δὲ
2812 4514 2995 4580 πέτρα
3022 4509 3100 4579 ἦν
3130 4515 3161 4565 d
3198 4512 3430 4577 Κύριος.
3460 4510 3551 4577 Μὴ
3584 4508 3825 4576 ὲνδῶμεν
3856 4513 3973 4571 τοῖς

2403 4605 2544 4673 ὑπὲρ
2592 4604 2875 4664 εὐσεϐείας
2924 4603 3209 4665 κινδύνοις,
3259 4601 3460 4663 εἰδότες
3507 4600 3589 4653 ὅτι
3618 4600 3715 4651 οὐκ
3743 4599 3870 4663 ἀξια
3902 4603 3973 4655 τὰ

2404 4699 2709 4769 παθήματα
2730 4695 2824 4749 τοῦ
2848 4694 2939 4749 νῦν
2965 4694 3157 4766 καιροῦ
3190 4693 3327 4764 πρὸς
3355 4693 3456 4763 τὴν
3488 4691 3789 4761 μέλλουσαν
3811 4692 3975 4757 δόξαν

2406 4790 2864 4860 ἀποκαλυφθῆναι
2898 4792 2975 4852 εἰς
3012 4789 3180 4857 ἡμᾶς.
3228 4785 3415 4839 Ταῦτα
3461 4784 3633 4839 εἰπὼν
3669 4786 3759 4836 καὶ
3793 4801 3977 4853 παρα-

2406 4884 2683 4955 θαρσύνας
2712 4882 2839 4943 τοὺς
2883 4877 3254 4949 περιεστῶτας
3277 4876 3490 4947 δχλους,
3541 4875 3637 4929 καὶ
3676 4874 3977 4957 πληρώσας

2405 4975 2505 5045 τὴν
2539 4968 2885 5027 διδασκαλίαν
2922 4968 3173 5037 εἰσῆλθεν
3201 4970 3281 5031 εἰς
3324 4966 3387 5021 τὸ
3429 4966 3839 5035 δεσμωτήριον·
3879 4966 3977 5017 καὶ

2408 5063 2690 5125 εἰσελθὼν,
2714 5064 2825 5124 θεὶς
2856 5060 2923 5115 τὰ
2962 5061 3163 5126 γόνατα
3195 5052 3382 5121 αὑτοῦ,
3407 5057 3466 5123 ἐξ
3501 5056 3631 5125 ὅλης
3665 5056 3765 5122 τῆς
3793 5054 3975 5123 ψυχῆς

2409 5155 2693 5219 στενάξας,
2728 5149 2933 5221 ηῦξατο
2980 5151 3115 5220 πρὶς
3160 5150 3250 5201 τὸν
3300 5147 3503 5217 Κύριον
3536 5145 3711 5212 λέγων
3758 5142 3974 5205 οῦτως’

2421 5249 2483 5304 Ὀ
2514 5248 2732 5301 πάντων
2765 5245 2989 5312 κτίστης
3041 5243 3135 5295 καὶ
3194 5239 3563 5311 δημιουργὸς,.
3602 5238 3630 5290 6
3676 5236 3787 5289 τῶν
3838 5237 3979 5290 ὅλων

2418 5340 2570 5401 Θεὸς,
2605 5339 2630 5389 6
2668 5336 2830 5388 πᾶσιν
2861 5337 2972 5395 τοῖς
3006 5332 3213 5392 δούλοις
3248 5346 3341 5381 σου
3385 5327 3480 5397 τὴν
3509 5326 3790 5395 ὑπομονὴν
3826 5343 3977 5396 χαρι·

2419 5434 2665 5501 ζόμενος,
2690 5427 2909 5497 χάρισαι
2932 5427 3024 5478 καὶ
3053 5424 3199 5493 ἐμοὶ,
3230 5420 3308 5493 τῷ
3344 5421 3515 5491 δούλῳ
3544 5437 3637 5471 σου
3669 5420 3977 5487 ὑπομονὴν,

2425 5524 2519 5577 καὶ
2555 5518 2932 5587 ὲξατπόστειλον
2962 5515 3197 5587 Μιχαὴλ,
3233 5514 3325 5567 τὸν
3355 5510 3695 5583 ἀρχάγγελόν
3732 5527 3851 5572 σου,
3896 5508 3982 5558 ῖνα

2049 5710 2063 5739 ³
2118 5708 2269 5761 Ριοιιι
2308 5720 2424 5769 mi,
2465 5703 2550 5759 18.
