4226 6436
259 400 369 463 409

1542 405 1713 464 νιΤΑ
1763 404 1821 465 5.
1869 404 2268 469 PLATONIS.

3394 407 3497 469 UO

265 518 497 585 ρύσηταε
526 535 589 586 με
623 517 687 571 ὲκ
718 516 813 572 τοῦ
850 520 1180 588 κακοτέχνου
1212 520 1302 573 καὶ
1335 520 1615 588 ἀπατηλοῦ
1652 522 1829 591 ὄφεως
1860 531 1904 587 Α

1826 541 1829 550 ’
1860 531 1904 587 Α
1935 524 2093 578 mulis
2118 524 2460 579 tolerantiam
2494 526 2705 597 largiris
2739 535 2789 581 et
2822 526 3129 589 victoriam,
3189 525 3319 580 mihi
3360 542 3495 595 quo-

258 606 646 674 Ἀγριππῖνον,
681 608 767 661 ἵνα
800 609 1004 677 γνῶσιν
1046 612 1268 671 πάντες,
1302 611 1383 663 ὅτι
1423 611 1471 662 οῖ
1507 611 1593 663 διὰ
1628 613 1828 682 χειρῶν

255 697 561 765 ἀνθρώπων
591 699 871 766 γενόμενοι
892 700 1001 752 θεοὶ
1028 700 1178 753 οὐδέν
1206 704 1363 764 εἰσιν,
1387 701 1523 753 ἀλλά
1564 703 1628 754 σὺ
1674 702 1832 769 μόνος

256 782 311 839 εἴ
333 787 719 857 δεδοξασμένος
742 794 820 853 είς
854 792 973 852 τοὺς
1003 792 1208 854 αἰῶνας
1238 793 1344 844 τῶν
1373 793 1606 845 αἰώνων.
1636 792 1829 861 Ἀμήν.

1936 632 2039 685 quc
2068 617 2259 671 humili
2286 626 2341 672 et
2376 619 2587 688 abiecto
2616 620 2808 690 largire
2835 620 2901 673 ad
2944 618 3105 674 ﬁnem
3148 634 3319 687 usque
3364 620 3500 672 tole—

1938 703 2193 767 rantiam,
2234 714 2289 758 et
2322 709 2515 764 emitte
2534 707 2923 776 archangelum
2962 713 3116 759 tuum
3154 704 3498 765 Michaelem,

1938 804 1995 849 ut
2027 810 2113 849 me
2145 796 2338 850 liberet
2361 813 2389 850 a
2418 796 2589 851 fallaci
2623 806 2678 851 et
2710 798 2977 851 malitioso
3008 804 3262 866 serpente
3302 795 3500 867 Agrip~

257 881 413 948 pino,
453 891 509 935 ut
539 894 867 952 cognoscant
899 899 1087 938 omnes
1128 902 1235 937 non
1272 902 1390 939 csse
1437 886 1585 949 deos,
1620 888 1707 955 qui
1741 888 1874 940 fiunt
1918 903 2013 956 per
2049 903 2242 943 manus
2278 890 2581 956 hominum,
2616 892 2709 945 sed
2743 902 2793 945 te
2821 891 2994 945 solum
3023 904 3144 945 esse
3182 890 3371 954 Deum,
3405 888 3498 959 qui

257 989 321 1028 es
353 973 563 1041 patiens
597 984 648 1027 et
680 976 859 1028 multm
893 976 1297 1040 misericordir,
1340 986 1393 1029 et
1432 977 1763 1045 gloriﬁcatus
1796 978 1847 1028 in
1873 979 2092 1033 saecula.
2129 981 2324 1035 Amen.

330 1068 405 1120 Z'.
437 1066 592 1119 Μετά
629 1066 684 1117 δὲ
727 1067 942 1133 ἡμέρας
991 1070 1127 1120 ὲτττά
1177 1069 1572 1138 προκαθεσθεις
1607 1072 1633 1121 ὁ
1666 1068 1822 1135 βικά-

258 1174 377 1227 ριος
412 1158 767 1225 Ἀγριππῖνος
798 1159 853 1208 ἑν
882 1162 943 1226 τῇ
976 1158 1229 1229 βασιλικῇ
1256 1162 1513 1229 ἄντικρυς
1545 1160 1635 1212 τοῦ
1664 1159 1817 1223 Θεοῦ,

255 1247 543 1299 ἐκέλευσεν
596 1250 943 1317 παραστῆναι
981 1250 1071 1301 τὸν
1114 1252 1388 1321 μάρτυρα.
1451 1252 1512 1304 Ὀ
1543 1253 1596 1304 δὲ
1630 1251 1819 1321 βοηθὸς

261 1340 569 1403 Βικεντίνος
601 1340 706 1410 ἔφη
731 1357 741 1370 ·
790 1343 847 1393 '0
879 1347 988 1405 τοῖς
1024 1346 1205 1412 νόμοις
1232 1347 1341 1398 τῶν
1369 1346 1632 1415 βασιλέων
1663 1348 1821 1401 ἀπει·

255 1431 372 1484 Θῶν
430 1435 522 1485 καὶ
566 1433 867 1499 ἀντιλέγων
915 1436 1025 1495 τοῖς
1088 1436 1377 1503 ἡμετέροις
1440 1438 1825 1505 προστάγμασι

255 1525 505 1587 Πλάτων,
546 1525 574 1576 ὁ
604 1527 698 1593 τῆς
735 1523 1039 1593 θρησκείας
1062 1525 1169 1575 τῶν
1197 1526 1541 1594 Χριστιανῶν
1574 1527 1826 1593 ὑπερμα-

253 1635 351 1687 χος
377 1617 608 1686 ἔστηκεν
652 1617 759 1685 πρὸ
800 1617 893 1668 τοῦ
950 1615 1196 1684 βήματος
1252 1633 1367 1680 σου,
1427 1618 1604 1685 κύριε.
1651 1618 1758 1669 Καὶ
1798 1620 1825 1671 ὁ

270 1710 631 1778 ’Δγριπττῖνος
659 1708 989 1779 προσέταξεν
1040 1708 1373 1778 προτεθῆναι
1397 1709 1616 1761 ποικίλα
1654 1709 1824 1779 βασα-

258 1805 539 1871 νιστήρια,
579 1802 781 1871 λέϐητα
813 1801 1066 1869 χαλκοῦν,
1104 1803 1197 1853 καὶ
1231 1802 1450 1869 τίγανα,
1506 1803 1599 1855 καὶ
1638 1806 1826 1873 χεῖρας

257 1893 505 1962 σιδηρᾶς,
553 1890 645 1944 καὶ
697 1890 1066 1953 ἀνακλάστας,
1105 1892 1199 1941 καὶ
1257 1892 1619 1954 καταπέλτας,
1658 1892 1829 1944 ὀϐελί-

262 2000 426 2045 σκους
456 1982 594 2047 ὀξεῖ,
630 1982 725 2032 καὶ
748 1979 1022 2046 ὀγκίνους,
1071 1981 1165 2031 καὶ
1207 1979 1372 2050 ἔτερα
1421 1980 1614 2042 πολλὰ,
1654 1980 1831 2049 οἰόμε-

257 2091 347 2135 νος
396 2072 485 2126 διὰ
520 2072 724 2125 τούτων
776 2069 1179 2140 καταπλήττειν
1213 2070 1303 2123 τὸν
1354 2071 1640 2141 μάρτυρα,
1681 2071 1827 2135 ὅπως

256 2171 411 2223 θύσει
436 2170 546 2230 τοῖς
595 2168 759 2231 θεοῖς,
815 2168 1111 2239 ἐξαιρέτως
1157 2169 1214 2223 δὲ
1268 2168 1345 2240 τῷ
1396 2169 1692 2224 Ἀπόλλωνι
1733 2169 1828 2224 καί

257 2276 392 2330 φησι
425 2260 558 2329 πρὸς
590 2258 787 2313 αὐτόν·
821 2259 961 2327 Ἐγὼ
1007 2262 1291 2331 θεωρήσας
1328 2278 1419 2314 σου
1467 2263 1565 2332 τῆς
1615 2263 1828 2331 ἡλικίας

256 2351 318 2403 τὸ
382 2350 529 2413 νέον,
588 2348 683 2403 καὶ
741 2349 1055 2420 φειδόμενος
1121 2368 1213 2404 σου
1274 2353 1371 2421 τῆς
1426 2352 1518 2405 τοῦ
1580 2352 1831 2421 σώματος

257 2440 470 2512 ἀκμῆς,
504 2441 603 2509 τῆς
634 2457 693 2493 τε
716 2441 823 2495 τῶν
855 2442 1113 2509 πατέρων
1146 2440 1424 2508 εὐγενείας
1450 2442 1829 2510 ἐπιγινώσκων

260 2549 323 2587 σε
355 2532 504 2597 ἄξιον
543 2532 694 2597 ὄντα,
728 2533 859 2601 πρὶν
895 2532 1057 2583 πάλιν
1097 2532 1370 2601 ἄρξασθαι
1404 2532 1511 2584 τῶν
1552 2531 1824 2600 βασάνων,

261 2623 621 2692 συμϐουλεύω
658 2638 765 2687 σοι,
808 2620 948 2673 ὥστε
984 2622 1092 2673 τῶν
1124 2621 1329 2676 θυσιῶν
1373 2622 1827 2691 ἀπογευσάμενον

260 2707 533 2770 σώζεσθαι
566 2704 685 2775 μεθ’
718 2706 901 2775 ¹ἡμῶν,
946 2709 1126 2763 εἰδότα
1163 2709 1322 2764 τοῦτο
1366 2712 1448 2765 ὅτι
1499 2711 1676 2781 οὐδεὶς
1715 2710 1827 2764 τῶν

258 2799 623 2853 ἀντειπόντων
670 2817 760 2869 μοι
790 2800 1020 2871 ἔζησενο
1072 2802 1262 2873 ῶσπερ
1311 2806 1473 2859 πάλιν
1517 2806 1691 2869 οὐδεὶς
1720 2806 1827 2858 τῶν

260 2890 617 2945 ἀκουσάντων
662 2890 1013 2961 ἀπεστερήθη
1053 2892 1162 2945 τῶν
1221 2893 1350 2963 παρ’
1382 2895 1517 2964 ἐμοῦ
1558 2896 1826 2963 ἐπαγγελ-

260 2982 465 3036 θὲντων
497 2980 645 3049 αὑτῷ
670 2998 683 3011 ·
732 2983 797 3033 σὺ
828 2984 1034 3049 τοίνυν,
1065 2986 1113 3036 εί
1146 2982 1318 3045 θέλεις
1354 3002 1455 3054 μου
1485 2984 1715 3038 ἀκοῦσαι
1749 2986 1824 3049 ὡς

262 3072 398 3123 ἰδίου
432 3071 637 3139 πατρὸς
686 3071 869 3133 καλῶς
903 3088 988 3125 σοι
1021 3075 1508 3142 συμϐουλεύοντος,
1559 3078 1822 3147 μονογενῆ

2012 1071 2047 1123 ν
2060 1072 2101 1125 ll
2114 1110 2129 1126 .
2156 1072 2372 1143 Septem
2387 1084 2567 1129 autem
2587 1085 2710 1143 post
2726 1076 2917 1129 diebus
2933 1073 3232 1144 praesidens
3248 1071 3501 1143 Agrippi-

1927 1177 2029 1215 nus
2063 1164 2295 1217 vicarius
2327 1165 2381 1219 in
2408 1166 2622 1220 basilica
2653 1181 2719 1219 ex
2745 1166 2970 1219 adverso
2996 1163 3163 1228 Jovis,
3195 1165 3352 1233 jussit
3382 1163 3499 1216 sisti

1928 1265 2240 1324 martyrem.
2275 1255 2413 1309 Dixit
2436 1271 2564 1311 vero
2588 1258 2862 1326 apparitor
2885 1255 3200 1310 Vincentius
3227 1274 3240 1309 :
3270 1254 3372 1319 Qui
3392 1270 3500 1308 non

1927 1360 2082 1417 paret
2108 1348 2493 1417 imperatorum
2529 1349 2768 1418 legibus,
2830 1358 2885 1404 et
2915 1350 3108 1404 vestris
3132 1348 3300 1417 jussis
3339 1363 3503 1416 repu-

1927 1446 2078 1510 gnat,
2112 1439 2283 1504 Plato,
2311 1440 2402 1509 qui
2435 1441 2795 1496 estdefensor
2849 1442 3031 1511 impiae
3068 1440 3501 1495 Christianorum

1928 1529 2221 1600 religionis,
2248 1539 2352 1585 stat
2376 1540 2500 1585 ante
2524 1543 2670 1586 tuum
2696 1532 2951 1597 tribunal,
2969 1533 3215 1587 'domine.
3245 1530 3396 1585 Tunc
3430 1533 3503 1583 Α·

1927 1623 2208 1689 grippinus
2227 1624 2393 1690 jussit
2411 1624 2619 1678 diversa
2644 1632 2695 1676 et
2715 1624 2863 1677 varia
2886 1630 3280 1677 tormentorum
3301 1638 3501 1691 genera

1930 1722 2055 1766 ante
2109 1714 2282 1781 ipsum
2332 1715 2497 1767 statui
2549 1732 2560 1767 :
2620 1715 2849 1770 lebetcm
2928 1730 3162 1779 aeneum,
3206 1716 3504 1785 sartagines

1942 1806 2172 1868 ferreas,
2213 1805 2511 1859 candentes
2535 1816 2734 1869 crates,
2754 1821 2948 1860 manus
2994 1805 3221 1871 ferreas,
3260 1807 3506 1877 catapul-

1936 1906 2035 1958 tas,
2068 1904 2256 1949 acutos
2283 1896 2565 1959 obeliscos,
2608 1911 2796 1959 uncos,
2864 1905 3031 1961 rotas,
3086 1905 3141 1951 et
3186 1898 3350 1950 multa
3398 1898 3503 1950 alia

1934 1988 2223 2051 terribilia,
2289 1988 2610 2042 existimans
2657 1988 2867 2051 infelix,
2924 2003 2983 2043 se
3040 2003 3136 2057 per
3206 1988 3323 2043 btec
3382 2004 3504 2043 esse

1932 2078 2249 2131 territurum
2301 2088 2616 2147 martyrem,
2683 2090 2743 2134 ut
2793 2079 2898 2135 diis
2953 2080 3071 2149 ejus
3126 2079 3499 2144 sacriﬁcaret,

1929 2168 2204 2238 prmeipue
2232 2178 2415 2222 autem
2446 2169 2707 2237 Apollini,
2742 2170 2836 2237 qui
2900 2172 3052 2239 pellit
3085 2171 3151 2223 ad
3196 2171 3501 2236 interitum,

1929 2270 1984 2316 et
2002 2260 2133 2315 dicit
2156 2261 2205 2315 ei
2241 2278 2254 2314 :
2289 2261 2401 2330 Ego
2416 2260 2659 2332 quidem,
2691 2260 3017 2314 charissime
3048 2259 3221 2323 Plato,
3253 2268 3503 2315 contem-

1932 2352 2093 2423 plans
2127 2360 2273 2405 tuam
2300 2350 2600 2422 juvenilem
2626 2361 2862 2415 aetatem,
2902 2361 2959 2405 et
2982 2366 3216 2421 parcens
3246 2352 3365 2406 flori
3424 2352 3505 2407 tui

1932 2445 2199 2514 corporis,
2224 2455 2279 2498 et
2311 2444 2492 2498 sciens
2522 2454 2810 2513 parentum
2873 2454 3092 2499 tuorum
3137 2444 3502 2507 nobilitatem,

1934 2536 2030 2589 tibi
2058 2535 2287 2591 consulo
2308 2533 2625 2603 priusquam
2662 2548 2853 2587 rursus
2882 2533 3136 2602 incipiam
3156 2542 3206 2588 te
3227 2542 3502 2601 torquere,

1930 2634 1988 2679 ut
2050 2624 2278 2695 gustatis
2332 2622 2611 2676 sacrificiis
2676 2623 2933 2685 serveris,
2975 2634 3029 2676 et
3066 2625 3143 2679 sis
3168 2625 3499 2679 nobiscum:

1928 2716 2032 2771 hoc
2070 2728 2287 2784 quoque
2306 2714 2510 2778 sciens,
2543 2714 2687 2782 quod
2743 2713 2927 2770 nullus
2960 2730 3199 2784 unquam
3244 2717 3381 2770 vixit
3434 2731 3501 2770 ex

1931 2811 1998 2867 iis
2023 2809 2113 2879 qui
2139 2807 2270 2862 mihi
2308 2823 2416 2861 non
2445 2816 2741 2876 paruerunt
2769 2823 2782 2859 :
2817 2807 3091 2877 quomodo
3116 2823 3304 2863 rursus
3324 2808 3506 2864 nullus

1929 2918 1995 2957 ex
2026 2901 2090 2955 iis
2112 2901 2201 2969 qui
2221 2898 2352 2953 mihi
2384 2908 2700 2967 paruerunt,
2719 2899 2769 2953 ei
2793 2914 2919 2952 ante
2939 2899 3218 2968 promissis
3233 2900 3388 2955 bonis
3407 2901 3508 2955 fuit

1928 2992 2194 3062 privatus.
2231 2990 2369 3058 Ergo
2390 3000 2446 3043 tu
2466 3004 2702 3057 quoque,
2736 3005 2769 3041 ο
2804 2991 3011 3058 optime
3035 2987 3207 3057 Plato,
3240 2991 3283 3044 si
3315 2990 3503 3045 volue-

1930 3081 2005 3137 ris
2028 3094 2114 3135 me
2144 3080 2353 3145 audire,
2390 3088 2647 3148 tanquam
2687 3088 2896 3147 patrem
2940 3082 3251 3148 proprium,
3296 3080 3499 3134 bonum

258 3161 536 3230 θυγατέρα
554 3160 784 3229 ἀδελφοῦ
804 3180 904 3228 μου
925 3163 1054 3233 ἔχω·
1079 3164 1283 3234 ταύτην
1301 3166 1557 3237 ὶκδίδωμί
1585 3185 1666 3221 σοι
1693 3169 1827 3238 πρὸς
1858 3177 1899 3237 C

1858 3177 1899 3237 C
1933 3175 2032 3230 tibi
2064 3174 2285 3229 dantem
2345 3171 2659 3235 consilium,
2716 3170 2893 3226 habeo
2920 3172 3139 3227 unicam
3176 3170 3360 3227 fratris
3393 3173 3500 3227 mci

256 3254 439 3325 γάμον
480 3254 701 3319 ἐπιδοὺς
736 3257 873 3327 αὐτῇ
906 3258 1110 3327 προῖκα
1158 3258 1424 3328 πολυτελῆ
1471 3260 1565 3311 καὶ
1598 3260 1727 3313 ῖδιον
1763 3277 1823 3312 σε

256 3346 614 3417 ἀναγορεύσω
643 3350 852 3402 τέκνον.
901 3348 959 3401 '0
988 3350 1044 3402 δὲ
1075 3355 1345 3420 μακάριος
1402 3350 1698 3423 ἀθλοφόρος
1731 3352 1825 3405 καὶ

264 3440 481 3508 μάρτυς
512 3437 604 3490 τοῦ
636 3438 875 3507 Χριστοῦ
899 3439 1123 3494 Πλάτων
1153 3442 1389 3509 γελάσας
1419 3439 1572 3495 εἶπεν
1593 3459 1607 3474 ·
1643 3442 1824 3497 ’Δθλιε

258 3530 358 3584 καὶ
392 3527 768 3597 μισάνθρωπε,
795 3529 888 3581 καὶ⁵
918 3531 1100 3595 πάσης
1129 3532 1477 3599 δικαιοσύνης
1512 3533 1694 3604 ἐχθρὲ,
1724 3518 1827 3588 61:-

256 3622 437 3689 ηρέτα
486 3617 581 3671 τοῦ
632 3618 883 3673 διαϐόλου
930 3623 1027 3674 καὶ
1075 3622 1318 3692 ὑπουργὶ
1353 3622 1447 3675 τοῦ
1498 3625 1735 3687 Σατανᾶ,
1779 3627 1825 3678 εί

254 3712 395 3771 ὅλως
433 3710 736 3781 ἐϐουλόμην
775 3714 856 3775 είς
912 3714 1091 3783 γάμον
1154 3714 1330 3768 ἐλθεῖν
1375 3716 1472 3771 καὶ
1520 3715 1826 3785 ἀγαγέσθαι

258 3805 502 3871 γυναῖκα
544 3806 637 3855 καὶ
682 3803 890 3870 διάγειν
933 3808 990 3856 ἑν
1026 3806 1400 3873 περισπασμῷ
1438 3806 1531 3858 τοῦ
1570 3808 1826 3877 βιωτικοῦ

257 3894 454 3948 τούτου
489 3894 721 3958 καπνοῦ,
774 3896 832 3946 οὺ
890 3896 1211 3962 κατῃξίωκα
1247 3896 1311 3949 ἀν
1350 3896 1427 3967 τῴ
1478 3898 1823 3967 φροντίζοντι

254 3986 369 4038 τῶν
397 3986 742 4055 πραγμάτων
787 4003 888 4056 μου
925 3986 1113 4040 λαϐεῖν
1145 3991 1376 4055 γυναῖκα
1416 3989 1513 4059 τὴν
1555 3989 1826 4061 θυγατέρα

259 4076 359 4130 τοῦ
414 4074 647 4144 ἀδελφοῦ
702 4094 816 4141 σου,
869 4080 962 4130 καὶ
991 4078 1240 4147 βελτίονα
1280 4080 1334 4133 δὲ
1380 4081 1548 4150 ἀλλην
1592 4082 1623 4151 ἢ
1659 4081 1827 4152 αὐτὴν

257 4170 475 4239 ἠγόμην
510 4170 589 4231 είς
618 4170 814 4238 γάμον.
850 4169 980 4221 Τότε
1013 4173 1040 4223 ὁ
1080 4170 1345 4239 σύσχολος
1367 4172 1462 4227 τοῦ
1490 4175 1703 4227 Σατανᾶ
1734 4179 1829 4228 καὶ

259 4266 533 4332 ὑπουργὸς
563 4262 656 4315 τοῦ
710 4264 913 4331 πατρὸς
966 4262 1133 4316 αὐτοῦ
1195 4266 1290 4317 τοῦ
1351 4265 1597 4318 διαϐόλου
1644 4268 1825 4334 πάσης

258 4356 460 4418 κακίας
494 4355 681 4424 γέμων
714 4353 810 4406 καὶ
842 4356 1041 4418 παντὸς
1089 4357 1167 4409 ἰοῦ
1198 4357 1291 4409 καὶ
1322 4356 1472 4410 δολου
1544 4373 1827 4429 μεμεστω-

263 4450 449 4518 μένος,
474 4448 726 4515 καθάπερ
740 4463 823 4509 τις
840 4448 978 4500 λέων
1006 4450 1165 4518 φόνον
1191 4451 1579 4520 ἐρευγόμενος,
1606 4450 1826 4503 ἐκέλευ-

1927 3264 2091 3316 filiam
2134 3282 2147 3318 ι
2184 3276 2301 3315 eam
2334 3261 2427 3314 tibi
2459 3262 2599 3315 dabo
2632 3262 2687 3315 in
2712 3264 3143 3328 matrimonium,
3195 3263 3351 3318 valde
3388 3279 3503 3317 ma-

1928 3366 2088 3422 gnam
2109 3350 2157 3405 ei
2174 3350 2392 3405 tradens
2409 3350 2616 3415 dotem,
2636 3359 2690 3403 et
2719 3362 2767 3406 te
2786 3367 2965 3406 meum
2994 3355 3272 3421 proprium
3294 3355 3503 3409 vocabo

1926 3444 2118 3498 tilium.
2152 3441 2346 3499 Beatus
2377 3450 2558 3498 autem
2587 3450 2643 3498 et
2664 3457 2851 3499 revera
2875 3442 3028 3500 fortis
3053 3445 3252 3499 athleta
3296 3445 3500 3499 Christi

1929 3536 2082 3590 Plato
2145 3535 2327 3591 ridens
2373 3536 2509 3590 dixit
2552 3536 2763 3591 :Miser
2808 3546 2864 3591 et
2918 3536 3202 3591 hominum
3261 3537 3497 3603 inimice,

1929 3625 2003 3678 ﬁli
2045 3627 2266 3689 diaboli,
2300 3636 2353 3679 et
2391 3626 2714 3680 administer
2741 3628 2977 3690 Satanas,
3011 3627 3056 3679 si
3096 3628 3287 3681 vellem
3345 3630 3499 3701 jungi

1927 3717 2294 3782 matrimonio,
2335 3726 2387 3771 et
2413 3718 2612 3772 ducere
2641 3733 2887 3782 uxorem,
2909 3727 2962 3772 et
2987 3718 3186 3789 degere
3220 3720 3273 3773 in
3335 3721 3501 3776 dece-

1929 3810 2131 3881 ptione,
2160 3811 2468 3880 implicatus
2494 3813 2643 3865 fumo
2672 3810 2836 3877 hujus
2912 3812 3203 3866 mundana:
3236 3812 3380 3875 vita,
3411 3814 3501 3867 di-

1929 3917 2197 3974 gnarerne
2233 3902 2317 3954 vel
2348 3902 2401 3955 in
2436 3917 2619 3956 rerum
2652 3917 2895 3956 mearum
2926 3903 3299 3957 sollicitudine
3349 3907 3501 3961 acci-

1930 4008 2058 4062 pere
2116 4008 2337 4046 uxorem
2372 3994 2555 4046 fratris
2606 3994 2683 4046 tui
2723 3994 2910 4057 filiam,
2944 4004 3036 4050 aut
3096 3996 3232 4049 tales
3302 3997 3502 4052 habere

1930 4084 2174 4147 ancillas,
2234 4084 2409 4153 qualis
2464 4092 2546 4137 est
2605 4084 2714 4138 ﬁlia
2740 4085 2923 4140 fratris
2952 4088 3052 4152 tui,
3087 4096 3181 4140 aut
3233 4102 3296 4140 ea
3336 4089 3499 4141 etiam

1932 4176 2394 4245 meliores,utego
2421 4191 2538 4231 eam
2568 4176 2759 4231 ducam
2807 4193 3033 4232 uxorem
3060 4179 3086 4231 ?
3105 4178 3257 4233 Tunc
3286 4176 3500 4233 Satane

1928 4269 2289 4322 scholasticus
2362 4278 2418 4320 et
2478 4270 2801 4323 administer
2875 4272 3045 4338 patris
3101 4273 3220 4339 ejus
3277 4272 3497 4337 diaboli,

1929 4359 2129 4431 plenus
2162 4360 2310 4413 omni
2350 4359 2479 4413 vitio
2504 4368 2558 4413 et
2588 4361 2830 4429 repletus
2852 4359 2999 4415 omni
3034 4376 3234 4431 genere
3293 4361 3499 4431 impro-

1930 4452 2137 4514 bitatis,
2170 4468 2279 4506 non
2296 4467 2455 4506 secus
2473 4468 2536 4507 ac
2567 4452 2733 4507 draco
2766 4452 3034 4522 quispiam
3064 4462 3159 4507 aut
3193 4454 3277 4508 leo
3294 4454 3497 4507 caedem

261 4555 356 4591 σιν
389 4537 674 4609 ἐνεχθῆναι
705 4538 1018 4610 κράϐϐατον
1056 4540 1290 4608 χαλκοῦν
1331 4541 1425 4591 καὶ
1460 4541 1827 4609 κατατεθῆναι
1861 4529 1906 4585 D

1861 4529 1906 4585 θ
1932 4552 2210 4604 eructans,
2242 4543 2520 4611 grabatum
2552 4544 2714 4611 jussit
2744 4543 2923 4594 aerrri
2950 4557 3183 4605 aeneum,
3216 4554 3269 4596 et
3297 4545 3347 4596 in
3382 4546 3498 4611 ipso

259 4633 343 4695 είς
375 4631 540 4685 αὑτὸν
568 4632 658 4685 τὸν
707 4632 963 4703 μάρτυρα
998 4632 1092 4685 καὶ
1135 4632 1517 4701 ὐποκαυθῆναι
1565 4632 1698 4704 πῦρ,
1734 4634 1829 4689 καὶ

261 4722 519 4790 γενέσθαι
565 4721 871 4791 ἀνθρακιὰν
905 4723 1168 4792 μεγάλην,
1225 4724 1320 4774 καὶ
1371 4712 1831 4793 ρἑεσθαιάὑτὴν

263 4814 452 4881 ἐλαίῳ,
477 4812 572 4863 καὶ
594 4812 806 4881 ῥητίνη,
844 4814 940 4863 καὶ
970 4815 1249 4882 ἀσφάλτῳ,
1288 4815 1379 4865 καὶ
1410 4814 1587 4884 κηρῷ,
1614 4817 1709 4867 καὶ
1728 4819 1827 4885 ῥα-

260 4902 506 4967 ϐδίζεθαι
522 4901 684 4955 αὐτὸν
703 4900 1046 4975 λεπτοτέροις
1072 4902 1305 4972 ῥάϐδοις,
1328 4903 1413 4956 ἶνα
1432 4903 1534 4957 ὑπὸ
1550 4904 1640 4957 τοῦ
1662 4905 1829 4972 πυρὸς

260 4998 493 5050 καὶτῶν
538 4999 759 5067 πληγῶν
782 5001 815 5068 ἡ
841 5000 1118 5068 οἰκονομία
1159 4996 1267 5054 τῶν
1304 5002 1624 5071 σπλάγχνων
1664 5000 1828 5055 αὑτοῦ

261 5087 610 5159 γυμνωθεῖσα
637 5090 906 5160 ἀφόρητον
931 5090 1077 5160 αὒτῷ
1101 5094 1433 5163 περιποιήσῃ
1456 5094 1549 5163 τὴν
1571 5092 1823 5163 βάσανον.

335 5179 419 5235 H'.
470 5178 825 5249 λίκιζομὲνου
869 5181 925 5234 δὲ
964 5182 1151 5246 αὑτοῦ,
1211 5184 1517 5254 Σωφρόνιος
1546 5202 1819 5255 κομενταο

263 5276 456 5342 ρήσιος
489 5272 589 5341 ἔφη
616 5290 631 5303 ·
664 5272 956 5336 Πανάθλιε,
1018 5274 1273 5345 πείσθητι
1326 5275 1404 5347 τῷ
1448 5277 1682 5347 βικαρίῳ
1732 5279 1827 5330 καὶ

263 5363 429 5415 θύσον
459 5366 572 5426 τοῖς
608 5363 773 5426 θεοῖς,
801 5366 896 5416 καὶ
920 5366 980 5417 τὸ
1000 5366 1183 5429 κακῶς
1217 5368 1511 5421 ἀποθανεῖν
1534 5369 1822 5438 κέρδησον.

264 5453 331 5507 Τί
370 5455 695 5520 ἀντιλέγεις,
734 5454 879 5508 ἄθλιε
909 5473 922 5521 ;
969 5460 1078 5527 Οὐχ
1105 5460 1235 5529 ὁρᾷς
1266 5460 1330 5511 τὰ
1355 5462 1691 5531 προκείμενα
1731 5462 1828 5530 βα-

268 5548 595 5616 σανιστήρια
627 5549 711 5601 διὰ
739 5550 835 5617 σέ;
874 5551 1103 5603 Πλάτων
1147 5550 1300 5605 εἶπεν
1327 5569 1339 5584 ⁸
1395 5554 1534 5620 Ἐγὼ
1565 5555 1624 5607 τὸ
1663 5554 1825 5624 σῶμά

267 5657 371 5709 μου
406 5637 493 5692 διὰ
526 5638 758 5707 Χριστὸν
807 5642 925 5693 ὅλον
983 5642 1297 5711 παρέδωκα.
1332 5644 1396 5695 Τί
1432 5643 1523 5697 οὖν
1576 5662 1675 5713 μου
1726 5632 1824 5697 οὖκ

265 5733 589 5798 ἀφίστασαι,
624 5736 931 5803 σκρινιάριε
977 5736 1066 5786 τοῦ
1120 5736 1336 5789 Σατανᾶ
1395 5738 1489 5788 καὶ
1538 5737 1695 5807 ἐχθρὲ
1730 5742 1822 5809 τῆς

265 5823 560 5889 ἀληθείας,
616 5826 843 5881 Σεαυτὸν
889 5826 1207 5897 νουθέτησον
1254 5831 1349 5900 τῆς
1406 5830 1613 5899 πλάνης
1668 5833 1825 5895 ἐκτὸς

1933 4632 2130 4702 deponi
2162 4641 2451 4702 martyrem
2484 4647 2497 4683 :
2535 4640 2589 4686 et
2622 4633 2700 4686 sic
2725 4631 2903 4703 ignem
2952 4631 3196 4695 accendi,
3250 4643 3306 4686 et
3380 4634 3497 4687 fieri

1934 4741 2187 4796 magnum
2209 4740 2462 4779 acervum
2487 4740 2806 4792 prunarum,
2839 4740 3075 4793 eumque
3121 4726 3331 4795 aspergi
3370 4726 3491 4781 oleo

1932 4828 1987 4871 et
2026 4817 2205 4870 resina
2239 4826 2290 4870 ct
2323 4814 2591 4867 bitumine
2647 4822 2702 4867 et
2746 4830 2893 4875 cera,
2938 4823 2993 4867 et
3022 4831 3145 4868 eum
3170 4816 3301 4868 caedi
3332 4816 3498 4886 virgis

1936 4906 2328 4969 subtilissimis,
2366 4914 2423 4960 ut
2461 4920 2488 4959 a
2523 4906 2692 4977 plagis
2715 4916 2763 4959 et
2796 4907 2918 4976 igne
2948 4906 3149 4960 nudata
3175 4907 3291 4976 ejus
3319 4907 3496 4961 visce-

1931 5014 2049 5054 rum
2075 5008 2348 5054 structura
2378 4999 2425 5053 ei
2464 4995 2807 5052 intolerabile
2840 5006 3169 5052 tormentum
3206 4996 3422 5053 eﬂiciat.

2002 5195 2139 5251 Vill.
2172 5194 2310 5251 Cum
2346 5194 2439 5248 diu
2465 5204 2649 5249 autem
2707 5192 3011 5247 cmderetur
3072 5203 3298 5265 martyr,
3359 5195 3494 5249 dixit

1932 5286 2270 5357 Sophronius
2289 5285 2821 5340 commentariensis:
2843 5284 3237 5346 Infelicissime,
3264 5300 3395 5353 pare
3418 5286 3494 5337 vi-

1930 5380 2099 5443 cario,
2125 5389 2178 5433 et
2204 5377 2306 5432 diis
2332 5374 2597 5439 sacriﬁca,
2624 5384 2677 5429 et
2696 5390 2763 5429 ne
2787 5375 2924 5429 male
2954 5376 3223 5437 moriaris,
3245 5376 3488 5430 lucrifac.

1929 5470 2067 5536 Quid
2127 5468 2503 5525 contradicis?
2563 5467 2681 5519 Non
2738 5466 2888 5520 vides
2915 5475 3100 5535 parata
3158 5475 3378 5534 propter
3440 5475 3492 5520 te

1932 5560 2247 5615 tormenta?
2281 5560 2424 5613 Dixit
2456 5568 2677 5613 sanctus
2705 5557 2851 5612 Plato
2886 5574 2899 5607 ι
2952 5559 3062 5627 Ego
3096 5568 3263 5611 totum
3311 5573 3491 5611 meum

1932 5668 2128 5719 corpus
2180 5661 2401 5721 propter
2463 5650 2739 5704 Christum
2798 5648 3012 5702 tradidi.
3070 5648 3179 5701 Cur
3201 5662 3327 5717 ergo
3380 5663 3493 5699 non

1931 5744 2168 5808 desistis,
2206 5759 2237 5797 ο
2261 5745 2475 5797 Satanae
2499 5742 2801 5803 scriniarie,
2827 5749 2880 5793 et
2936 5740 3158 5818 ininiicc
3192 5738 3486 5792 veritatis?

1931 5834 2185 5901 Teipsum
2217 5839 2467 5902 admone,
2493 5846 2546 5889 ut
2582 5834 2647 5888 ab
2684 5850 2867 5887 errore
2894 5832 3146 5887 desistas.
3193 5829 3299 5901 Ego
3343 5829 3484 5885 enim
