4226 6436
755 376 854 436 611

2045 376 2327 436 MENSIS
2367 376 2658 438 IULIUS.

3902 383 4011 448 “2

759 493 893 551 scio,
918 489 1047 556 quid
1082 487 1512 558 mihiexpediat,
1540 498 1591 543 ct
1644 505 1924 557 nunquam
1975 498 2195 543 avertar
2257 490 2325 543 ab
2355 497 2394 551 Α

2355 497 2394 551 Α
2428 493 2714 560 γενέσθαι·
2753 494 2865 561 ἐγὼ
2919 495 3023 565 γὰρ
3069 495 3126 548 τὸ
3180 497 3458 566 συμφέρον
3487 496 3708 565 ἐμαυτῷ
3745 499 4010 563 γινώσκω

759 581 860 634 hac
881 580 1248 636 conicssione.
1277 580 1420 648 Dixit
1443 581 1780 650 Agrippinus
1811 599 1825 635 :
1856 580 1986 645 Quis
2039 591 2120 634 est
2169 581 2326 635 Chri-

758 683 892 734 stus,
931 689 1087 741 quem
1129 674 1295 727 dicis?
1321 674 1458 728 Num
1494 679 1670 742 potest
1723 682 1773 726 te
1818 674 1998 726 vivum
2030 673 2241 741 eripere
2294 688 2324 727 e

758 766 890 817 meis
915 765 1163 817 manibus
1183 780 1286 818 non
1306 764 1733 818 sacriﬁcantem?
1752 763 1905 817 Nunc
1928 780 2051 834 ergo
2084 765 2167 818 vis
2183 765 2322 818 male

755 858 913 908 mori.
948 855 1096 909 Scias
1117 868 1319 918 autem,
1340 856 1585 924 quodqui
1605 856 1706 910 fuit
1730 856 2020 910 cruciﬁxus
2040 872 2067 909 a
2095 855 2318 919 Iudaeis,

757 960 863 996 non
896 956 1071 1011 potest
1101 956 1150 997 te
1187 960 1424 1006 servare,
1466 947 1675 998 etiamsi
1717 946 2000 1014 prtesligiis
2024 945 2129 998 tuis
2165 945 2322 1000 valde

752 1036 1011 1090 Conﬁdas.
1045 1036 1135 1088 Sin
1155 1045 1328 1089 autem
1359 1053 1548 1105 magno
1572 1039 1670 1090 deo
1693 1038 1925 1105 Apollini
1981 1037 2320 1099 sacriﬁcaris,

751 1138 807 1179 et
844 1138 933 1179 tuo
972 1128 1235 1180 sacriﬁcio
1267 1143 1391 1180 eum
1419 1128 1508 1180 tibi
1543 1129 1790 1195 placaris,
1818 1136 1994 1194 potest
2027 1136 2077 1178 te
2100 1127 2166 1177 ab
2193 1125 2318 1188 hoc,

753 1219 843 1286 qui
873 1229 920 1272 te
940 1219 1167 1293 detinet,
1208 1219 1493 1273 candentis
1516 1219 1651 1288 ignis
1678 1220 1899 1288 grabato
1927 1227 1979 1271 et
2001 1219 2190 1272 dolore
2214 1219 2316 1270 eri-

753 1325 901 1380 pere.
933 1307 1166 1364 Sanctus
1199 1320 1379 1364 autem
1419 1309 1571 1361 Plato
1611 1309 1745 1362 dixit
1776 1325 1788 1358 :
1816 1307 2101 1377 Nunquam
2152 1307 2320 1362 sacri-

756 1401 952 1461 ﬁcabo.
996 1417 1096 1455 nec
1129 1400 1387 1468 Apollini,
1451 1416 1552 1455 nec
1598 1400 1824 1468 reliquis
1887 1400 1991 1453 diis
2020 1401 2148 1453 tuis.
2180 1398 2310 1453 Nam

749 1493 840 1560 qui
876 1492 1065 1560 Apollo
1099 1492 1326 1551 dicitur.
1368 1493 1520 1562 pellit
1559 1491 1626 1546 ad
1659 1492 1940 1545 interitum
1974 1499 2070 1543 :et
2102 1504 2314 1552 omnes,

749 1583 838 1650 qui
876 1583 928 1636 in
961 1596 1083 1635 eum
1119 1583 1369 1644 credunt,
1414 1583 1605 1636 eodem
1635 1581 1891 1649 peribunt
1941 1580 2183 1633 interitu.
2225 1579 2316 1634 Vis

748 1682 928 1725 autem
957 1673 1118 1734 scire,
1145 1687 1177 1724 o
1200 1674 1363 1724 stulte
1380 1679 1432 1724 et
1457 1671 1602 1740 gravi
1636 1671 1818 1734 corde,
1852 1669 2022 1723 delire
2052 1677 2105 1723 et
2135 1678 2316 1723 mente

746 1772 922 1829 capte,
957 1763 1100 1831 quod
1131 1778 1240 1817 non
1307 1772 1431 1816 sunt
1483 1763 1574 1824 dii,
1617 1762 1709 1829 qui
1771 1762 1903 1815 ﬁunt
1956 1777 2053 1830 per
2123 1777 2316 1816 manus

2430 585 2522 636 καὶ
2552 586 2609 636 οὺ
2639 586 3054 655 μετατρέπομαι
3082 589 3189 642 ἀπὸ
3223 589 3324 656 τῆς
3354 590 3643 656 ὁμολογίας
3666 591 3895 661 ταύτης.
3947 593 4007 644 '0

2423 671 2477 724 δὲ
2520 674 2874 743 Ἀγριππῖνος
2898 678 3037 747 ἔφη·
3074 679 3168 740 Τίς
3195 681 3345 743 ἐστιν
3371 683 3395 731 ό
3434 681 3666 748 Χριστὸς
3703 682 3760 732 ὃν
3813 687 3880 735 σὺ
3917 684 4008 741 λέ-

2424 783 2574 832 γεις;
2609 769 2698 838 Μὴ
2731 768 2960 820 δύναταί
2994 786 3051 821 σε
3080 770 3353 837 ῥύσασθαι
3396 775 3460 825 ἐκ
3502 773 3609 824 τῶν
3642 775 3872 842 χειρῶν,
3927 775 4004 844 μὴ

2423 859 2658 925 θύοντας
2689 860 2782 913 νῦν
2821 859 2912 915 οὖν
2959 863 3140 936 βούλει
3177 865 3362 926 κακῶς
3401 866 3714 921 ἀποθανεῖν.
3753 868 4002 920 Γίνωσκε

2422 951 2535 1012 οὖν,
2568 953 2647 1004 ὅτι
2678 954 2704 1003 ὁ
2737 955 3077 1022 σταυρωθεὶς
3109 952 3258 1025 παρὰ
3283 957 3390 1007 τῶν
3450 959 3723 1010 Ἰουδαίων
3757 960 3818 1010 οὐ
3843 959 4004 1010 δύναο

2421 1041 2510 1093 ταί
2539 1058 2596 1092 σε
2628 1042 2822 1102 σῶσαι,
2847 1045 2892 1094 εί
2925 1044 3020 1094 καὶ
3052 1045 3259 1113 σφόδρα
3293 1044 3517 1114 θαρρεῖς
3550 1051 3672 1107 ταῖς
3713 1050 4003 1114 γοητείαις

2423 1148 2536 1182 σου.
2576 1131 2698 1182 Ἐὰν
2733 1131 2788 1183 δὲ
2814 1132 2987 1202 θύσῃς
3019 1134 3095 1202 τῷ
3143 1134 3364 1202 μεγάλῳ
3401 1134 3506 1204 θεῷ
3559 1136 3861 1187 Ἀπόλλωνι
3903 1137 4003 1186 καὶ

2420 1221 2766 1292 θεραπεύσῃς
2796 1223 2958 1275 αὐτὸν
2990 1224 3078 1276 διὰ
3101 1225 3202 1294 τῆς
3231 1223 3421 1286 θυσίας
3446 1241 3561 1288 σου,
3593 1225 3819 1288 δυνατός
3846 1227 4004 1276 ἐστιν

2418 1309 2525 1362 ἀπὸ
2545 1312 2640 1381 τῆς
2664 1313 3007 1380 κατεχούσης
3035 1331 3093 1366 σε
3125 1314 3326 1383 ταύτης
3357 1314 3549 1382 ὀδύνης
3573 1315 3666 1367 καὶ
3689 1315 4005 1383 κραεϐατο-

2420 1403 2616 1469 πυρίας
2642 1404 2941 1468 ἐξελέσθαι.
2983 1405 3210 1457 Πλάτων
3239 1404 3391 1459 εἶπεν
3413 1423 3426 1435 ⁸
3459 1406 3532 1458 Ού
3564 1407 3678 1459 θύω
3713 1405 3838 1458 οὔτε
3876 1409 3996 1469 τοῖς

2421 1491 2629 1556 λοιποῖς
2673 1494 2836 1559 θεοῖς,
2875 1493 2998 1547 οὔτε
3033 1494 3402 1548 ’Ἃπόλλωνιο
3456 1499 3483 1549 ὁ
3531 1497 3640 1565 γὰρ
3690 1497 3997 1565 λεγόμενος

2431 1584 2702 1637 Ἀπόλλων
2731 1586 2978 1638 ἁπὼλειά
3003 1588 3172 1649 ἐστιν,
3206 1587 3300 1640 καὶ
3333 1589 3533 1649 πάντες
3556 1587 3612 1638 δὲ
3641 1589 3691 1640 οἱ
3715 1590 3798 1648 είς
3821 1589 4000 1639 αὑτὸν

2419 1675 2793 1738 πιστεύοντες,
2844 1680 2907 1746 τῇ
2972 1679 3107 1748 αὐτῇ
3135 1677 3380 1748 ἀπωλείᾳ
3420 1676 3769 1730 ἀπολοῦνται.
3796 1677 3998 1739 Θέλεις

2418 1767 2474 1820 δὲ
2504 1767 2729 1834 γνῶναι,
2759 1769 2953 1836 ἀνόητε
2995 1771 3090 1820 καὶ
3131 1767 3491 1838 βαρυκάρδιε,
3527 1769 3619 1821 καὶ
3666 1770 3999 1838 φρεναπάτα

746 1855 1048 1919 hominum,
1100 1855 1193 1911 sed
1239 1870 1430 1907 aurum
1484 1864 1534 1907 et
1587 1863 1893 1921 argentum,
1955 1858 2010 1904 et
2068 1848 2233 1919 ligna,
2265 1825 2392 1906 etB

2349 1825 2392 1883 Β
2421 1825 2526 1912 καὶ.
2549 1825 2783 1928 λυμεὼν,
2820 1825 2900 1911 δτί
2953 1862 3052 1912 ούκ
3079 1825 3188 1912 eiei
3207 1825 3411 1913 .0501.“
3433 1825 3521 1914 δίά
3547 1825 3746 1931 χειρίῖίν
3775 1861 3996 1932 ἀνθρώ-

749 1943 960 2013 lapides
987 1945 1203 1998 formati
1242 1945 1408 1999 variis
1465 1953 1521 1997 et
1573 1943 1808 1997 diversis
1865 1941 2184 1996 coloribus?
2216 1944 2315 2006 Qui

745 2037 931 2091 oculos
960 2037 1183 2111 habent,
1213 2048 1266 2093 et
1297 2053 1403 2088 non
1459 2034 1640 2088 vident
1672 2053 1684 2087 :
1744 2051 1940 2089 manus
1988 2035 2210 2098 habent,
2264 2044 2318 2090 et

747 2145 854 2182 non
882 2130 1102 2197 palpant
1134 2146 1144 2177 :
1175 2130 1339 2197 pedes
1365 2128 1587 2191 habent,
1615 2137 1667 2181 et
1697 2143 1802 2182 non
1828 2128 2126 2191 ambulant,
2158 2143 2316 2183 aures

745 2221 968 2283 habent,
1035 2229 1085 2275 et
1128 2235 1238 2274 non
1311 2220 1581 2273 audiunt:
1632 2235 1790 2272 nares
1843 2219 2061 2282 habent,
2105 2229 2159 2275 et
2205 2235 2313 2275 non

745 2313 1122 2376 odorantur‘;
1171 2322 1247 2381 et,
1315 2321 1374 2366 ut
1453 2313 1624 2369 semel
1683 2311 1878 2374 dicam,
1950 2321 2076 2365 sunt
2149 2326 2315 2378 opera

742 2402 1044 2456 fabrorum.
1083 2411 1137 2455 et
1160 2402 1468 2462 auriﬁcum,
1516 2411 1572 2454 et
1620 2409 1976 2463 tornatorum,
2025 2409 2078 2452 et
2130 2400 2318 2469 lapici-

743 2494 958 2552 darum.
995 2494 1276 2562 lstienim,
1328 2508 1463 2562 quos
1499 2501 1554 2547 tu
1605 2494 1735 2549 deos
1788 2506 1910 2547 esse
1967 2490 2122 2557 dicis,
2181 2508 2316 2562 quo-

741 2584 904 2641 modo
957 2600 1065 2637 non
1121 2594 1346 2653 possunt
1416 2585 1578 2638 alicui
1654 2583 1994 2645 benefacere.
2070 2585 2142 2637 ita
2214 2600 2314 2640 nec

745 2685 974 2744 possunt
1001 2691 1237 2745 unquam
1269 2675 1465 2729 laedere
1497 2690 1591 2729 eos
1640 2675 1726 2742 qui
1765 2675 1953 2729 timent
2003 2676 2312 2732 Dominum.

743 2767 882 2821 Sunt
937 2768 1082 2820 enim
1122 2768 1274 2820 nullo
1313 2782 1478 2822 sensu
1510 2766 1742 2836 praediti,
1789 2768 1942 2824 vobis
1973 2767 2223 2824 similes:
2258 2775 2314 2822 et

745 2877 852 2915 non
878 2861 1144 2923 sentiunt,
1187 2877 1287 2914 nec
1312 2877 1434 2915 cum
1465 2862 1545 2914 eis
1566 2859 1792 2915 oﬁ‘ertur
1821 2859 2169 2922 sacriﬁcium,
2211 2874 2312 2916 nec

746 2969 867 3008 cum
903 2953 1282 3015 libamen.nec
1339 2968 1461 3007 eum
1500 2953 1579 3009 eis
1639 2953 1782 3007 ullus
1825 2951 1966 3005 alius
2021 2951 2312 3008 exhibetur

744 3047 945 3100 cultus.
994 3045 1138 3099 Deus
1194 3055 1375 3098 autem
1406 3086 1420 3109 ,
1465 3045 1756 3114 quiomnia
1813 3044 1962 3107 fecit,
2018 3052 2072 3097 et
2110 3045 2307 3099 coelum

2420 1965 2535 2001 πων
2565 1951 2865 2018 γενόμενοι,
2897 1949 3030 2001 ἀλλὰ
3052 1950 3272 2018 χρυσὸς,
3294 1951 3388 2002 καὶ
3407 1952 3668 2020 ἄργυρος,
3698 1951 3790 2003 καὶ
3824 1951 3991 2015 ξύλα,

2418 2039 2513 2090 καὶ
2565 2038 2722 2105 λίθοι,
2777 2040 3202 2108 μεμορφωμένοι
3250 2040 3518 2102 ποικίλοις
3566 2040 3660 2092 καὶ
3698 2040 3993 2109 διαφόροις

2419 2126 2705 2197 χρώμασιν
2726 2146 2737 2158 ·
2801 2128 2850 2182 οἳ
2879 2130 3195 2198 ὀφθαλμοὺς
3232 2130 3416 2200 ἔχουσι
3447 2131 3543 2183 καὶ
3575 2132 3635 2182 οὐ
3673 2132 3995 2200 βλέπουσιν,

2417 2213 2528 2272 ὦτα
2588 2236 2772 2290 έχουσι
2817 2221 2912 2273 καὶ
2969 2221 3070 2272 οὐκ
3117 2221 3399 2285 ἀκούουσι,
3459 2223 3610 2290 ῥῖνας
3657 2221 3838 2291 ἔχουσι
3901 2224 3997 2273 καί

2417 2313 2516 2365 οὐκ
2570 2310 3056 2382 ὀσφρανθήσονται,
3106 2314 3295 2385 χεῖρας
3355 2312 3538 2382 ἔχουσι
3594 2314 3687 2367 καὶ
3762 2313 3823 2365 οὑ
3878 2314 3996 2382 ψη·-

2416 2404 2737 2476 λαφήσουσι,
2804 2404 2970 2468 πόδας
3022 2404 3204 2476 έχουσι
3265 2405 3362 2458 καὶ
3420 2405 3480 2457 ού
3570 2407 3994 2474 περιπατήσουο

2417 2512 2469 2548 σι
2497 2511 2511 2524 ο
2575 2495 2669 2547 καὶ
2699 2492 2888 2556 ἀπλῶς
2942 2496 3134 2559 εἰπεῖν,
3180 2495 3316 2564 ἔργα
3350 2495 3548 2565 χειρῶν
3579 2495 3844 2563 τεχνιτῶν
3883 2497 3986 2548 καὶ

2424 2588 2736 2660 χρυσοχόων
2813 2588 2909 2640 καὶ
2969 2587 3272 2658 τορνευτῶν
3351 2589 3444 2640 καὶ
3502 2587 3757 2650 λιθοξόων
3816 2587 3992 2641 εἰσίν.

2415 2672 2572 2731 Οὗτοι
2604 2678 2732 2746 γὰρ,
2768 2677 2861 2738 οὓς
2887 2678 3066 2745 λέγεις
3092 2674 3231 2731 εἶναι
3264 2678 3443 2743 θεοὺς,
3469 2678 3658 2747 ὥσπερ
3679 2677 3884 2744 ἀγαθὸν
3921 2678 3995 2729 οὐ

2413 2768 2669 2821 δύνανται
2708 2770 2960 2837 ποιῆσαι,
2992 2769 3169 2834 οὕτως
3217 2769 3339 2832 οὐδὲ
3373 2768 3574 2838 βλάψαι
3613 2768 3738 2831 τοὺς
3781 2768 3995 2835 φοϐου-

2416 2871 2610 2930 μένους
2641 2861 2732 2914 τδν
2784 2861 2917 2914 Θεὸν
2958 2860 3240 2926 δύνανται,
3283 2861 3420 2916 ἀλλὰ
3467 2859 3789 2926 ἀναίσθητοί
3837 2862 3993 2913 εἰσιν

2410 2952 2584 3022 ὅμοιοι
2619 2952 2774 3022 ὑμῶν
2800 2954 2895 3005 καὶ
2930 2953 3030 3004 οὑκ
3062 2953 3411 3007 αἰσθάνονται
3434 2950 3558 3004 οὔτε
3593 2952 3779 3011 Θυσίας
3805 2967 3993 3017 προσ-

2411 3041 2720 3109 φερομένης
2750 3039 2875 3092 οῠτε
2911 3044 3019 3109 μὴν
3059 3042 3254 3111 ἑτέρας
3286 3042 3431 3104 τινὸς
3473 3040 3790 3109 θεραπείας.
3838 3040 3894 3092 Ὀ
3927 3041 3990 3092 δι

742 3139 986 3193 extendit
1017 3151 1273 3210 tanquam
1309 3139 1529 3208 pellem,
1561 3146 1614 3189 et
1649 3145 1847 3192 terram
1878 3135 2309 3204 fundavitsuper
2337 3151 2378 3209 α

2337 3151 2378 3209 c
2416 3131 2592 3185 πάντα
2621 3134 2853 3202 ποιήσας
2873 3171 2888 3202 ,
2920 3134 3016 3185 καὶ
3043 3133 3133 3185 τὸν
3163 3131 3395 3203 οὐρανὸν
3422 3131 3662 3196 τανύσας
3697 3132 3832 3184 ὡσεὶ
3852 3131 3990 3199 δέρ-

742 3245 910 3299 aquas
949 3233 990 3292 ⁵,
1038 3231 1129 3298 qui
1159 3240 1337 3300 potest
1410 3230 1646 3282 animam
1678 3238 1732 3283 et
1774 3243 1972 3297 corpus
2003 3227 2305 3298 perderein

740 3324 988 3391 gehenna
1017 3323 1036 3353 ‘
1079 3338 1094 3376 :
1137 3322 1252 3391 ipse
1293 3322 1346 3376 in
1400 3336 1592 3376 omnes
1639 3322 1978 3376 dominatum
2031 3320 2306 3386 obtinens,

739 3416 1024 3470 rationalia
1048 3425 1101 3468 et
1141 3415 1428 3468 incruenta
1478 3414 1704 3483 suscipit
1746 3414 2038 3476 sacriﬁcia,
2072 3427 2192 3482 quas
2233 3426 2302 3466 ex

738 3522 878 3579 puro
901 3508 1066 3562 corde
1097 3507 1144 3560 ei
1171 3508 1514 3560 offeruntur:
1543 3514 1598 3559 et
1631 3504 1903 3572 quomodo
1930 3519 2038 3559 non
2086 3513 2170 3559 est
2210 3503 2310 3557 ab-

739 3599 986 3661 surdum,
1019 3606 1077 3650 ut
1102 3612 1204 3650 nos
1238 3597 1433 3651 relicto
1454 3595 1709 3650 eﬁ'ecture
1764 3594 2170 3659 universorum,
2217 3607 2306 3647 sa-

738 3686 1044 3742 criﬁcemus
1065 3687 1224 3756 lignis
1248 3695 1302 3740 et
1326 3685 1596 3754 lapidibus
1622 3684 1832 3738 ratione
1862 3684 2198 3748 carentibus,
2216 3681 2308 3754 qui

738 3776 908 3832 creati
939 3791 1130 3830 sumus
1165 3775 1229 3829 ad
1264 3774 1358 3828 Dei
1397 3772 1724 3845 imaginem?

807 3951 900 4005 ιχ.
941 3950 1076 4006 Dicit
1122 3949 1448 4019 Agrippinus
1477 3962 1491 4004 ε
1522 3947 1772 4002 Miserere
1799 3947 1876 4000 tui
1916 3948 1983 4002 de
2021 3958 2240 4013 caetero,
2275 3963 2308 4004 ο
2361 3957 2363 3959 ’

738 4044 933 4108 miser;
963 4051 1016 4096 et
1045 4042 1088 4096 si
1114 4041 1251 4094 nolis
1271 4039 1597 4106 sacriﬁcare,
1623 4040 1713 4094 dic
1745 4039 1916 4093 solum
1948 4057 1962 4095 :
1988 4039 2208 4111 Magnus
2230 4049 2312 4096 est

737 4135 950 4205 Apollo,
983 4141 1037 4187 et
1061 4133 1264 4202 jubebo
1299 4141 1350 4186 te
1367 4131 1568 4185 auferri
1603 4132 1668 4185 ab
1703 4133 1805 4184 hoc
1828 4132 1978 4198 gravi
2005 4133 2169 4201 ignis.
2202 4149 2310 4203 quo

738 4225 976 4290 vexaris,
1003 4223 1270 4287 cruciatu,
1310 4221 1508 4290 abique
1541 4232 1736 4292 sospes
1767 4231 1823 4274 et
1855 4229 2045 4274 noster
2074 4222 2306 4281 amicus.

739 4315 976 4371 Sanctus
1004 4324 1183 4368 autem
1211 4311 1348 4366 dixit
1376 4313 1525 4366 Plato
1554 4330 1568 4367 :
1602 4313 1779 4377 Absit,
1830 4321 1889 4367 ut
1914 4328 2011 4383 ego
2063 4313 2138 4369 ita
2201 4314 2308 4370 mei

738 4411 1019 4470 miserear,
1038 4417 1094 4462 ut
1110 4419 1230 4458 meo
1242 4417 1467 4472 parcens
1479 4405 1713 4471 corpori,
1737 4411 1790 4454 et
1805 4417 1965 4469 parva
1985 4403 2224 4470 accepta,
2251 4412 2313 4458 ut

2413 3224 2498 3292 ριν
2531 3223 2622 3275 καὶ
2661 3223 2759 3293 τὴν
2807 3224 2913 3292 γῆν
2945 3223 3282 3293 θεμελιώσας
3319 3224 3413 3277 ἐπὶ
3460 3223 3571 3276 τῶν
3621 3223 3852 3283 ὑδάτων,
3887 3223 3989 3274 δυ-

2411 3315 2642 3384 νάμενος
2675 3315 2769 3367 καὶ
2820 3316 2908 3380 τὴν
2961 3315 3139 3384 ψυχὴν
3189 3313 3370 3366 καὶτὸ
3413 3313 3576 3380 σῶμα
3607 3312 3870 3364 ἀπολέσαι
3921 3314 3988 3362 ἑν

2409 3407 2476 3475 τῇ
2506 3405 2721 3475 γεέννῃ,
2759 3403 2920 3465 αὐτὸς
2979 3402 3264 3466 δεσπόζων
3314 3401 3555 3468 πάντων,
3615 3398 3986 3470 προσδέχεται

2411 3499 2508 3558 τὰς
2539 3496 2761 3564 λογικάς
2787 3492 2978 3556 θυσίας
3001 3495 3097 3546 καὶ
3125 3493 3518 3563 ἀναιμάκτους,
3548 3491 3646 3554 τάς
3669 3489 3775 3543 ἀπὸ
3809 3488 3986 3543 καθα-

2413 3589 2512 3661 ρᾶς
2565 3575 2788 3658 καρδίας
2836 3586 3288 3657 προσφερομένας
3332 3583 3576 3643 καὶπῶς
3625 3582 3728 3634 οὒκ
3773 3581 3982 3636 ἄτοπόν

2411 3680 2558 3732 ἔστιν
2603 3677 3034 3745 καταλείψαντας
3068 3677 3214 3745 ἠμῖς
3249 3674 3340 3726 τὸν
3379 3675 3488 3726 τῶν
3541 3674 3677 3726 ὅλων
3712 3673 3980 3739 ποιητὴν,

2413 3768 2589 3838 ξύλοις
2618 3768 2709 3822 καὶ
2736 3767 2904 3828 λίθοις
2931 3765 3145 3832 ἀλόγοις
3177 3763 3326 3818 θύειν
3353 3763 3385 3835 ἢ
3408 3761 3657 3817 σπένδειν
3692 3761 3822 3821 τοὺς
3855 3760 3980 3812 κατ’

2411 3863 2595 3916 είκόνα
2626 3859 2944 3922 κτισθέντας
2987 3857 3120 3912 Θεοῦ
3145 3875 3160 3923 ;

2483 3953 2560 4008 0'.
2607 3953 2666 4007 '0
2715 3954 2771 4006 δὲ
2834 3953 3191 4021 ’Λγριππῖνος
3237 3949 3371 4020 ἔφη’
3402 3949 3684 4016 Οἴκτειρον
3742 3944 3974 4000 σεαυτὸν

2409 4048 2618 4112 λοιπὸν,
2684 4044 2985 4113 τρισάθλιε,
3023 4043 3137 4107 καὶ,
3175 4042 3224 4092 εί
3288 4039 3362 4109 μὴ
3403 4039 3577 4100 θέλεις
3615 4037 3800 4100 θύσας,
3856 4037 3980 4088 elui

2415 4138 2574 4209 μόνον
2602 4154 2615 4167 ο
2648 4137 2844 4205 Μέγας
2891 4135 2918 4186 ὁ
2972 4133 3277 4196 Ἀπόλλων,
3313 4131 3406 4184 καὶ
3451 4128 3695 4184 κελεύσω
3751 4128 3809 4180 σὲ
3839 4144 3977 4180 κατ-

2411 4227 2703 4301 ενεχθῆναι
2730 4226 2840 4280 ἀπὸ
2872 4226 2970 4294 τῆς
3001 4223 3342 4294 κατεχούσης
3375 4238 3432 4276 σε
3465 4220 3648 4289 δεινῆς
3678 4218 3771 4271 τοῦ
3808 4218 3978 4286 πυρὸς

2413 4321 2711 4383 κολάσεως,
2756 4317 3078 4372 καὶάπελθε
3108 4314 3370 4381 ὑγιαίνων
3414 4311 3505 4362 καὶ
3527 4310 3681 4376 φίλος
3717 4308 3977 4375 ὑπάρχων

2412 4411 2704 4479 ἡμέτερος.
2747 4407 2973 4460 Πλάτων
3014 4401 3168 4458 εἶπεν
3194 4419 3207 4433 ·
3267 4403 3358 4473 Μὴ
3405 4401 3619 4470 γένοιτό
3657 4416 3750 4469 μοι
3805 4397 3969 4458 οὕτως

739 4508 797 4552 ιιι
821 4511 1031 4559 censes,
1051 4495 1405 4558 relaxatione,
1438 4509 1557 4547 cum
1576 4494 1753 4546 anima
1785 4493 1972 4547 vadam
2001 4493 2067 4547 ad
2093 4495 2309 4565 gehen-
2342 4480 2382 4536 Ι)

2299 4480 2382 4536 ’θ
2414 4501 2608 4554 ἑαυτὸν
2661 4498 2911 4569 ἐλεῆσαι,
2955 4496 3042 4550 ἵνα
3089 4493 3406 4566 φειδόμενός
3450 4508 3552 4562 μου
3595 4489 3692 4544 τοῦ
3723 4488 3968 4558 σώματος

738 4605 864 4642 nam
904 4587 1064 4656 ignis.
1103 4587 1238 4642 Dixit
1266 4585 1622 4655 Agrippinus:
1661 4584 1827 4639 Recte
1858 4585 2015 4651 facis,
2043 4586 2310 4641 infelicis-

737 4680 893 4742 sime,
916 4678 1011 4732 tibi
1041 4686 1267 4731 mortem
1299 4677 1552 4741 aﬂ‘erens,
1579 4683 1630 4729 te
1661 4675 1760 4728 hac
1782 4675 2100 4730 suavissima
2127 4677 2313 4734 volens

739 4767 858 4819 luce
890 4765 1123 4834 privare.
1157 4765 1300 4817 Dixit
1332 4762 1521 4818 Plato:
1578 4762 1682 4818 Pro
1741 4763 1957 4818 Christo
1983 4765 2140 4829 mori,
2179 4780 2311 4821 conv

735 4857 890 4913 ciliat
939 4857 1069 4910 mihi
1141 4872 1366 4926 regnum
1436 4856 1740 4923 caelorum;
1779 4872 1886 4910 non
1960 4858 2091 4914 mihi
2128 4868 2309 4912 autem

736 4949 938 5012 solum,
967 4948 1062 5001 sed
1102 4949 1266 5001 etiam
1297 4949 1575 5008 omnibus.
1609 4949 1704 5018 qui
1739 4950 1914 5018 ipsum
1950 4951 2164 5004 timent.
2198 4952 2304 5020 Ego

740 5050 872 5090 vero
898 5036 992 5089 tibi
1026 5036 1168 5099 dico,
1199 5036 1341 5105 quod
1379 5051 1485 5090 non
1515 5045 1744 5106 possunt
1773 5039 2009 5102 vincere,
2053 5043 2146 5107 qui
2181 5053 2301 5092 cum

739 5128 851 5182 Deo
874 5136 1142 5180 conantur
1181 5127 1381 5180 bellum
1441 5143 1648 5197 gerere,
1711 5139 1765 5182 et
1791 5130 2009 5197 pietatis
2069 5130 2304 5183 athletas

739 5218 972 5273 diversis
997 5218 1281 5272 tormentis
1304 5219 1602 5288 subjiciunt
1638 5237 1650 5272 :
1678 5220 1949 5288 quomodo
1990 5236 2179 5274 rursus
2202 5237 2306 5276 nec

738 5310 829 5380 qui
852 5309 1128 5363 Christum
1151 5311 1353 5363 habent
1381 5326 1537 5378 opem
1558 5311 1854 5378 ferentem,
1880 5323 2105 5380 possunt
2136 5314 2304 5368 malos

739 5402 992 5456 homines
1026 5410 1079 5453 et
1106 5401 1214 5454 Deo
1267 5401 1471 5455 invisos
1497 5405 1712 5456 vincere
1764 5411 1985 5474 propter
2039 5404 2301 5474 insignem

738 5507 926 5546 eorum
953 5490 1238 5544 malitiam.
1293 5490 1652 5555 Quamobrem
1708 5494 1830 5547 dico
1895 5495 2011 5560 tibi,
2053 5505 2300 5566 tyranne,

739 5585 882 5655 quod
912 5598 1084 5654 neque
1115 5584 1246 5650 vita,
1271 5599 1443 5654 neque
1476 5600 1638 5651 mors,
1665 5602 1839 5655 neque
1864 5588 2093 5656 gladius,
2126 5605 2300 5660 neque

847 5764 865 5796 ⁸
902 5764 1040 5824 Psal.
1079 5783 1225 5836 exin,
1268 5771 1380 5823 5-7.
1493 5773 1511 5802 '
1549 5769 1685 5828 Psal.
1712 5784 1820 5835 sui,
1853 5774 1904 5836 5,

2411 4595 2507 4646 καὶ
2554 4590 2759 4656 ὀλίγον,
2795 4590 2868 4651 ὡς
2919 4589 2983 4642 σὺ
3028 4586 3292 4656 νομίζεις,
3331 4586 3517 4640 ἄνεσιν
3546 4581 3724 4636 λαϐὼν
3772 4582 3867 4633 σὺν
3910 4581 3974 4648 τῇ

2410 4683 2552 4751 ψυχῇ
2582 4681 2809 4749 ἐμπέσω
2837 4682 2919 4740 είς
2969 4678 3065 4753 τὴν
3093 4679 3338 4744 γέενναν.
3393 4676 3455 4735 Ὀ
3505 4674 3562 4724 δὲ
3622 4673 3969 4739 ’Λγριππῖνος

2413 4773 2551 4843 ἔφη’
2587 4771 2804 4836 Καλῶς,
2865 4770 3302 4840 δυστυχέστατε,
3353 4765 3585 4820 θάνατον
3643 4763 3827 4834 ἑαυτῷ
3884 4763 3964 4814 επ

2410 4864 2586 4933 άγεις,
2619 4863 2941 4934 βουλόμενος
2967 4861 3160 4915 ἑαυτὸν
3199 4859 3444 4929 στερίσαι
3467 4856 3559 4911 τοῦ
3596 4856 3818 4926 ἡδίστου
3859 4871 3970 4919 φω-

2399 4953 2510 5013 τός.
2559 4952 2614 5002 Ὀ
2640 4950 2796 5018 ἅγιος
2825 4950 3050 5002 Πλάτων
3075 4946 3229 5001 εἶπεν
3258 4965 3271 4978 ο
3308 4947 3380 4998 Τὸ
3413 4946 3555 5014 ὑπὲρ
3583 4942 3823 5013 Χριστοῦ
3846 4944 3969 4994 ἀπο-

2374 5038 2580 5092 ·θανεῐν
2623 5039 2909 5108 βασιλείαν
2961 5037 3211 5108 οὐρανῶν
3245 5037 3500 5108 προξενεῖ
3553 5052 3669 5103 μοι,
3718 5034 3819 5086 οὐκ
3843 5023 3968 5102 {uel

2405 5130 2584 5199 μόνον,
2613 5129 2750 5183 ἀλλά
2769 5131 2863 5182 καὶ
2894 5131 3059 5182 πᾶσιν
3087 5131 3200 5192 τοῖς
3222 5128 3584 5197 φοϐουμένοις
3632 5125 3816 5178 αὐτόν.
3837 5121 3983 5188 Ἐγὼ

2408 5222 2466 5276 δέ
2501 5240 2582 5274 σοι
2635 5222 2778 5288 λέγω
2803 5224 2884 5275 ὅτι
2933 5222 2992 5272 ού
3032 5221 3288 5274 δύνανται
3340 5217 3560 5286 νικῆσαι
3595 5217 3790 5277 οἵτινες
3825 5213 3968 5283 μάχῃ

2404 5312 2702 5382 πειρῶνται
2732 5314 2892 5382 νικᾷν
2931 5313 3058 5375 τοὺς
3090 5313 3189 5379 τῆς
3243 5309 3526 5372 εὐσεϐείας
3571 5306 3830 5376 ἀθλητὰς,
3873 5305 3966 5356 κᾶν

2403 5404 2659 5471 βασάνοις
2699 5404 2980 5474 διαφόροις
3023 5403 3425 5469 ύποδὰλλωσιν,
3479 5402 3669 5470 ὥσπερ
3720 5401 3885 5452 πάλιν
3925 5397 3978 5449 of

2400 5495 2634 5564 Χριστὸν
2665 5497 3013 5567 ὲπαμύνοντα
3039 5497 3256 5566 ἔχοντες
3284 5495 3540 5549 νικᾶσθαι
3574 5495 3685 5556 τοῖς
3712 5493 3964 5568 πονηροῖς

2403 5575 2628 5656 ἀνδράσι
2677 5589 2771 5641 καὶ
2813 5589 3085 5657 μισοθέοις
3120 5592 3178 5643 ού
3233 5591 3507 5645 δύνανται.
3564 5591 3651 5642 Διὸ
3705 5592 3851 5659 λέγω
3886 5606 3968 5645 σοι

2108 5775 2125 5803 ⁸
2157 5775 2340 5831 Matth.
2381 5791 2431 5839 χ,
2461 5775 2548 5831 ‘28.
