4226 6436
254 382 365 446 413

1525 380 1700 440 VlTA
1742 380 1800 437 S.
1843 375 2226 438 PLATONIS.

3380 370 3482 432 414

246 495 370 549 οὒτε
406 493 541 563 ζωὴ,
575 493 696 547 οὔτε
728 494 978 560 θάνατος,
1012 493 1132 547 οὔτε
1177 495 1440 565 μάχαιρα,
1477 493 1599 545 οὔτε
1630 491 1807 562 λιμὸς,

1914 491 2099 556 fames,
2157 505 2335 559 neque
2366 489 2686 559 periculum,
2744 502 2921 556 neque
2982 485 3233 547 altitudo,
3306 501 3481 552 neque

245 587 372 640 οὔτε
392 587 654 649 κίνδυνος,
686 587 808 640 οὔτε
836 588 1060 657 ὕψωμα,
1087 586 1209 640 οὕτε
1232 586 1417 656 βάθος,
1450 585 1574 638 οὔτε
1598 603 1681 646 τις
1703 587 1811 642 κτί-

247 696 335 740 σις
366 680 526 746 ἑτέρα
559 679 781 748 χωρίσει
815 697 881 747 με
907 679 1015 731 ἀπὸ
1044 679 1138 746 τῆς
1165 678 1387 746 ἀγάπης
1413 677 1506 730 τοῦ
1546 678 1683 730 Θεοῦ
1715 677 1811 746 τῆς

246 771 304 820 ἑν
331 770 549 838 Χριστῷ
579 770 657 836 τῷ
687 771 872 840 Κυρίῳ
900 772 1072 840 ἡμῶν.
1105 770 1309 823 Τούτου
1329 771 1489 840 χάριν
1524 770 1811 838 πεισθῆναί

250 875 341 927 μοι
374 860 606 927 ὀφείλεις
642 862 1104 930 ἐπαγγελλομένῳ
1131 879 1214 914 σοι
1253 863 1313 914 οὐ
1348 861 1606 929 φθαρτῶν
1639 878 1808 913 τινων

245 949 591 1017 πραγμάτων
626 953 715 1002 καὶ
750 950 965 1019 σαθρῶν
997 952 1319 1014 ἀπόλαυσιν,
1357 952 1492 1002 ἀλλὰ
1534 950 1812 1019 βασιλείαν

244 1039 512 1110 οὐρανῶν,
547 1043 611 1111 ἢν
633 1043 682 1093 oi
703 1043 782 1102 είς
809 1043 898 1094 τὸν
929 1043 1167 1113 Χριστὸν
1197 1043 1623 1112 ἐπιστρέφοντες
1657 1043 1813 1112 ἐχού-

248 1146 356 1192 σιν,
404 1129 524 1182 ὅθεν
564 1132 776 1200 ἀπέδρα
815 1133 972 1202 ὀδύνη
1021 1136 1115 1185 καὶ
1160 1133 1303 1203 λύπη
1341 1134 1436 1186 καὶ
1478 1134 1809 1202 στεναγμός.

246 1216 577 1270 Ματαίωσον
627 1221 809 1273 τοίνυν
871 1224 972 1288 τὴν
1027 1222 1215 1275 ἐλπίδα
1271 1222 1365 1275 τοῦ
1419 1223 1691 1288 διαῦόλου,
1746 1225 1812 1294 ὴν

247 1308 391 1376 εχεις
423 1309 514 1360 ἐπὶ
541 1310 646 1375 σοὶ,
677 1311 772 1364 καὶ
797 1313 1065 1381 άπόστηθι
1087 1315 1194 1367 άπὸ
1222 1315 1324 1384 τῆς
1345 1316 1540 1383 μανίας
1565 1318 1771 1386 ταύτης
1795 1334 1808 1347 ·

244 1398 346 1449 καὶ
367 1399 658 1453 ἀναλαβὼν
690 1403 749 1455 τὸ
783 1403 999 1470 λογικὸν
1043 1405 1287 1476 ἀξίωμα,
1321 1406 1491 1474 γνῶθι
1532 1407 1618 1470 τίς
1654 1405 1814 1460 εστιν

244 1495 275 1543 ὁ
307 1493 456 1564 πάσῃ
481 1497 643 1564 σαρκὶ
685 1496 830 1568 ζωὴν
872 1499 1260 1569 χαριζόμενος.
1311 1499 1468 1552 Οὕτω
1507 1501 1618 1571 γάρ
1658 1501 1813 1553 ἔσται

247 1583 568 1654 Θαυμαστὸς
613 1589 933 1657 μετατεθεὶς
984 1590 1093 1643 ἀπὸ
1145 1594 1242 1659 τῆς
1291 1592 1557 1662 πονηρίας
1614 1592 1815 1662 ταύτης

244 1679 339 1728 καὶ
374 1677 761 1746 ψυχοφθάρτου
786 1681 1018 1751 πλάνης.
1049 1681 1278 1750 Δέχεται
1311 1683 1420 1750 γὰρ
1468 1683 1597 1743 τοὺς
1645 1699 1814 1751 μετα-

245 1766 510 1829 νοοῦντας
540 1770 567 1819 ό
613 1767 822 1836 Κύριος
849 1770 881 1820 ὁ
921 1768 1153 1833 πάντας
1192 1768 1382 1822 θέλων
1415 1769 1681 1836 σωθῆναι
1716 1770 1814 1823 καὶ

243 1856 333 1920 εις
363 1856 688 1922 ἐπίγνωσιν
723 1857 1008 1922 ἀληθείας
1029 1859 1246 1924 ἐλθεῖν,
1273 1862 1304 1913 ό
1332 1861 1417 1928 μὴ
1433 1861 1816 1928 βουλόμενος

246 1946 355 1998 τὸν
375 1945 636 1999 θάνατον
659 1947 766 2000 τοῦ
815 1943 1167 2017 ἀιιαρτώλοῦ
1211 1951 1292 2014 ὡς
1334 1951 1400 2002 τὸ
1460 1952 1816 2020 ἐπιστρέψαι

245 2040 344 2094 καὶ
371 2038 475 2118 ζῆν
501 2041 706 2095 αὐτόν.

322 2215 380 2267 l'.
436 2214 493 2268 Ὀ
519 2215 573 2267 δὲ
615 2217 974 2285 Ἀγριππῖνος
1003 2217 1180 2272 ταῦτα
1205 2219 1446 2283 ἀκούσας
1478 2220 1580 2288 ἔφη
1600 2237 1613 2251 ·
1653 2221 1814 2272 Ἀπο-

249 2307 568 2375 νενοημένε,
605 2309 703 2359 καὶ
737 2309 845 2361 τῶν
885 2310 1022 2362 θεῶν
1064 2311 1345 2380 ἀλλότριε,
1378 2312 1470 2364 καὶ
1505 2312 1611 2363 τῶν
1661 2312 1815 2363 αύτο-

249 2397 530 2466 κρατὸρων
555 2398 730 2468 ἐχθρὲ,
756 2401 848 2453 καὶ
871 2401 978 2453 τῶν
1018 2404 1196 2469 νόμων
1228 2405 1336 2457 τῶν
1358 2404 1652 2473 βασιλικῶν
1683 2403 1816 2458 καθ-

247 2490 479 2558 αιρὲτα,
549 2493 629 2553 είς
688 2493 962 2563 τοσαύτην
1021 2497 1223 2563 μανίαν
1273 2495 1458 2568 ἦλθες,
1529 2499 1670 2551 ὥστε
1724 2500 1818 2551 καὶ

251 2581 601 2652 μέχριςὲμοῦ
628 2584 871 2638 ἐκτεῖναι
902 2588 997 2658 τὴν
1027 2588 1235 2659 πλάνην
1258 2606 1352 2642 σου
1385 2591 1483 2644 καὶ
1514 2591 1815 2661 πειρᾶσθαι

247 2673 360 2725 ἀπὸ
396 2674 495 2742 τῆς
541 2675 650 2727 τῶν
695 2676 836 2730 θεῶν
893 2680 1183 2748 εὐμενείας
1243 2683 1556 2751 ἀποστῆσαί
1615 2700 1680 2752 με
1725 2683 1818 2736 καὶ

252 2766 592 2830 μεταγαγεῖν
615 2768 697 2829 είς
731 2767 828 2836 τὴν
865 2770 958 2821 τοῦ
1020 2772 1443 2842 ὲσταυρωμένου
1477 2774 1813 2844 θρησκείαν;

252 2853 476 2907 Πλάτων
505 2850 656 2908 εἶπεν
679 2873 692 2887 ⁸
747 2859 877 2921 Ταῖς
919 2862 1082 2929 ἐμαῖς
1107 2863 1167 2913 οὑ
1210 2863 1371 2934 πείθῃ
1403 2866 1815 2932 παραινέσεσιν,

247 2942 388 2996 ἀλλὰ
416 2945 711 3009 ἀποκαλεῖς
759 2966 824 3017 με
864 2949 1041 3002 ταῦτα.
1076 2951 1393 3019 τυγχάνειν,
1439 2953 1630 3024 ἐπειδὴ
1663 2956 1818 3007 ἐνου-

248 3035 457 3103 θέτησά
483 3055 539 3089 σε
575 3040 671 3091 κα)⁸
701 3041 762 3092 τὸ
799 3041 1079 3111 συμφέρον
1107 3059 1188 3095 σοι
1215 3041 1637 3101 συνεϐούλευσα.
1669 3044 1818 3115 Πλὴν

1847 1817 1888 1872 Β

1911 582 2262 652 proiundum,
2321 597 2496 650 neque
2563 581 2667 638 ulla
2732 580 2832 633 alia
2899 595 2985 633 res
3049 587 3232 631 creata
3305 587 3484 645 potest

1913 691 2010 730 nos
2056 666 2305 744 separaic
2354 690 2382 727 a
2421 674 2684 727 charitate
2741 671 2854 736 Dei,
2915 686 3032 738 quae
3074 679 3155 723 est
3211 669 3264 722 in
3321 669 3482 722 Chri-

1913 777 1998 822 sto
2058 766 2186 821 Jcsu
2249 767 2478 819 Domino
2542 763 2778 818 nostro"
2919 761 2991 813 Ea
3070 761 3135 813 de
3210 775 3368 812 causa
3424 767 3479 812 tu

1912 861 2081 930 magis
2112 860 2275 912 debes
2306 858 2434 910 mihi
2461 871 2670 924 parere,
2704 853 2978 922 pollicenti
3020 851 3155 911 fore,
3196 859 3253 902 ut
3282 848 3480 901 fruaris

1912 965 2021 1002 non
2087 949 2249 1002 rebus
2293 947 2563 1016 aliquibus
2611 944 2850 1004 caducis,
2929 950 2983 994 et
3036 941 3088 994 in
3147 956 3280 1007 quas
3335 939 3482 992 cadit

1913 1042 2182 1104 interitus,
2239 1040 2330 1093 sed
2384 1023 2550 1107 regno
2614 1037 2877 1090 caelorum
2942 1043 2996 1087 ct
3057 1033 3164 1086 vita
3225 1041 3480 1084 :rterna:

1913 1148 2073 1202 quam
2108 1132 2331 1193 habent,
2391 1129 2482 1196 qui
2534 1129 2599 1182 ad
2647 1128 2820 1197 ipsum
2868 1130 3294 1184 convertuntur;
3338 1121 3482 1174 unde

1911 1224 2119 1292 aufugit
2176 1223 2348 1286 dolor,
2402 1220 2620 1274 tristitia
2695 1227 2750 1272 et
2833 1215 3139 1287 gemitus‘.
3191 1213 3297 1268 Fac
3352 1228 3478 1281 ergo

1913 1319 1973 1364 ut
2005 1325 2140 1363 vana
2179 1310 2247 1362 sit
2277 1324 2604 1376 spcs,qnam
2653 1307 2708 1360 in
2769 1316 2820 1360 te
2885 1305 3047 1359 habet
3093 1304 3360 1364 diabolus,
3428 1311 3483 1356 et

1915 1401 2133 1455 discede
2167 1401 2234 1453 ab
2268 1400 2369 1452 hac
2408 1399 2639 1462 insania,
2668 1408 2721 1452 et
2749 1397 2998 1451 rationali
3025 1404 3240 1461 accepta
3301 1394 3486 1462 digni-

1919 1501 2043 1553 tate,
2074 1505 2338 1561 cognosce
2360 1489 2607 1557 quisnam
2667 1489 2736 1541 sit
2802 1488 2892 1555 qui
2927 1487 3073 1539 omni
3127 1487 3276 1538 carni
3318 1485 3479 1538 vitam

1917 1583 2162 1654 largitur.
2195 1581 2284 1635 Sic
2307 1582 2451 1635 enim
2479 1580 2586 1632 eris
2604 1579 2960 1640 admirabilis,
2998 1578 3278 1631 traductus
3298 1577 3365 1629 ab
3385 1577 3487 1653 hac

1916 1675 2266 1742 improbitate
2294 1682 2348 1727 et
2381 1673 2448 1726 ab
2481 1671 2798 1740 errore,qui
2830 1668 2990 1722 allert
3025 1669 3218 1724 anima:
3235 1667 3485 1719 exitium.

1918 1767 2025 1821 Eos
2085 1764 2228 1817 enim
2310 1762 2530 1831 excipit,
2613 1759 2705 1829 qui
2789 1769 3078 1813 moventur
3147 1756 3485 1827 paenitentia,

1917 1857 2178 1913 Dominus
2221 1863 2408 1908 noster
2469 1852 2623 1908 Jesus
2676 1850 2942 1914 Christus,
3007 1851 3093 1919 qui
3138 1849 3246 1901 vult
3313 1862 3489 1899 omnes

1891 1950 2149 2009 ,homiues
2177 1947 2350 1999 salvos
2378 1946 2515 2013 ﬁeri,
2560 1953 2608 1997 et
2641 1944 2812 1996 venire
2842 1943 2910 1995 ad
2941 1941 3261 2009 agnitionem
3296 1939 3488 1991 verita.

1918 2042 1983 2094 tis
2013 2042 2070 2104 ⁹;
2108 2040 2196 2104 qui
2222 2054 2322 2089 non
2350 2037 2456 2089 vult
2495 2043 2716 2087 mortem
2748 2035 3031 2097 peccatoris
3066 2042 3112 2084 et
3167 2031 3337 2099 impii,
3399 2027 3486 2081 sed

1917 2141 1972 2184 ut
2007 2136 2341 2183 convertatur
2371 2136 2417 2179 et
2442 2129 2574 2178 vivat
2605 2125 2669 2186 ιθ,
2704 2126 2896 2177 ductus
2926 2122 3269 2192 paenitentia.

1985 2221 2052 2276 Χ.
2089 2220 2415 2289 Agrippinus
2437 2227 2638 2280 autem,
2671 2214 2753 2270 his
2778 2215 2998 2277 auditis,
3025 2214 3208 2266 lurore
3253 2213 3490 2280 percitus

1916 2307 2095 2360 dixit:
2159 2305 2571 2366 Amcntissime,
2631 2312 2686 2356 et
2715 2318 2744 2355 a
2787 2303 2890 2355 diis
2928 2302 3124 2363 aliene,
3175 2309 3231 2353 et
3271 2301 3488 2355 inimice

1917 2398 2330 2465 imperatorum,
2361 2403 2414 2447 ct
2464 2394 2643 2460 legum
2707 2407 2930 2446 eversor
2990 2391 3490 2458 imperatoriarum,

1916 2485 2156 2557 eousque
2185 2486 2497 2555 processiSti
2532 2483 2754 2538 insaniae
2810 2492 2864 2537 et
2894 2483 3168 2546 amentiae,
3208 2490 3266 2535 ut
3295 2481 3359 2536 ad
3401 2496 3488 2536 me

1916 2596 2087 2648 usque
2119 2588 2268 2632 tuum
2300 2593 2540 2631 errorem
2567 2577 2912 2640 extenderes,
2948 2579 3002 2630 et
3053 2591 3140 2630 me
3199 2589 3229 2629 a
3257 2576 3484 2629 deorum

1918 2669 2290 2725 benevolentia
2315 2669 2596 2724 conareris
2632 2668 2928 2734 abducere,
2989 2677 3044 2722 et
3068 2668 3133 2722 ad
3163 2667 3486 2738 religionem

1891 2761 2172 2816 Cruciﬁsi
2207 2760 2488 2814 traducere
2521 2760 2542 2812 ?
2570 2760 2711 2812 Dixit
2745 2769 2967 2813 sanctus
3001 2759 3153 2813 Plato
3185 2779 3196 2814 :
3228 2760 3350 2813 Scio
3368 2774 3487 2827 ego,

1924 2867 1955 2905 ο
1994 2862 2240 2921 tyranne,
2266 2851 2408 2920 quod
2440 2861 2499 2903 tu
2529 2865 2641 2903 non
2699 2864 2856 2918 pares
2895 2850 3030 2903 meis
3099 2848 3488 2903 admonitioni-

1920 2945 2018 2998 bus
2067 2960 2080 2998 :
2151 2943 2244 2996 sed
2273 2957 2356 2996 me
2414 2957 2575 2997 vocas
2630 2941 2852 3011 planum
2899 2947 2954 2994 et
3021 2941 3487 3011 praestigiatorem,

1918 3034 2065 3104 quod
2092 3034 2308 3102 quidem
2343 3045 2400 3087 tu
2427 3048 2486 3087 es
2515 3051 2526 3085 :
2559 3035 2814 3098 quoniam
2863 3043 2913 3087 te
2949 3033 3205 3086 admonui
3265 3041 3320 3086 et
3361 3048 3492 3086 con-

247 3127 347 3176 καὶ
375 3125 546 3188 οὕτως
588 3129 839 3197 μέμνησό
869 3150 994 3198 μου,
1019 3135 1106 3185 ὅτε
1127 3134 1247 3202 ἡξει
1297 3137 1514 3203 καιρὸς,
1544 3137 1634 3188 ὅτε
1678 3135 1818 3205 μετὰ

1921 3126 2062 3180 sului
2093 3127 2143 3179 id
2176 3125 2318 3192 quod
2342 3134 2426 3179 est
2458 3123 2552 3178 tibi
2587 3125 2738 3178 utile.
2773 3125 3041 3178 Caeterum
3071 3125 3148 3177 sic
3189 3125 3296 3176 mei
3349 3138 3488 3191 quo-

246 3215 502 3287 δακρύων
532 3219 928 3291 ἀναμνησθήσῃ
957 3239 1055 3290 μου
1082 3224 1180 3290 τῆς
1211 3225 1498 3289 νουθεσίας
1544 3230 1639 3281 καὶ
1668 3229 1818 3282 οὐδὲν

248 3310 583 3379 ὠφελήσεις,
657 3311 793 3365 ἀλλὰ
875 3313 1056 3384 βυθοῖς
1108 3316 1410 3387 Ταρτάρων
1465 3318 1816 3387 παραδοθεὶς,

250 3398 529 3471 ἀπελεύσῃ
561 3401 642 3462 εις
693 3403 920 3455 αίωνίαν
979 3405 1220 3460 κόλασιν.
1255 3406 1404 3460 Ποίει
1434 3406 1526 3461 οὖν
1552 3407 1578 3459 ὃ
1608 3409 1777 3471 θέλεις
1801 3424 1816 3442 ο

249 3489 509 3558 τοὺςγὰρ
555 3491 651 3556 τῆς
713 3494 946 3562 καρδίας
990 3512 1084 3548 σου
1122 3497 1436 3565 ὀφθαλμοὺς
1475 3497 1647 3560 οὕτως
1685 3499 1821 3552 ἐτύ-

252 3579 469 3647 φλωσεν
492 3581 518 3629 ὁ
547 3579 816 3668 διάϐολος,
849 3582 992 3635 ὥστε
1040 3586 1113 3654 μὴ
1171 3585 1458 3654 διαὸλέψαι
1502 3605 1560 3639 σε
1591 3588 1727 3656 πρὸς
1760 3587 1820 3640 τὸ

250 3670 354 3738 τῆς
387 3669 723 3738 θεογνωσίας
755 3674 892 3741 φῶς,
945 3675 1080 3726 ἀλλὰ
1133 3678 1268 3743 πρὸς
1308 3678 1370 3729 τὸ
1429 3680 1619 3743 σκότος
1665 3682 1818 3748 όρᾷν,

251 3764 385 3820 ινθα
425 3766 758 3834 ἡτοίμασται
799 3767 860 3818 τὸ
904 3763 1016 3838 πῦρ
1062 3767 1121 3818 τὸ
1163 3767 1381 3820 αἰώνιόν
1407 3769 1487 3820 σοί
1538 3785 1595 3820 τε
1620 3769 1822 3836 καὶτῷ

251 3859 427 3929 Δπατρί
463 3876 582 3925 σου,
611 3859 690 3929 τῷ
721 3861 958 3930 Σατανᾷ.
1003 3859 1173 3929 Ὡρῶν
1218 3859 1276 3913 δὲ
1308 3859 1478 3931 τριῶν
1505 3859 1824 3930 διαγενομέ-

211 3950 222 3959 ’
252 3967 363 4002 νων
391 3951 483 4002 καὶ
518 3951 946 4018 κατενεχθέντος
980 3952 1147 4005 αὑτοῦ
1199 3953 1308 4005 άπὸ
1355 3952 1449 4004 τοῦ
1487 3953 1820 4021 κρασὸάτου,

251 4039 427 4100 οὕτως
477 4039 723 4108 ἔλαμπεν
764 4042 823 4092 τὸ
865 4042 1025 4111 σῶμα
1065 4042 1160 4093 τοῦ
1206 4043 1479 4110 μακαρίου
1539 4044 1822 4107 Πλάτωνος

251 4130 328 4190 ὡς
357 4129 463 4182 ἀπὸ
497 4128 724 4199 λουτροῦ
752 4129 1058 4193 ἐξελθόντος
1083 4129 1268 4194 αὑτοῦ,
1300 4131 1394 4182 καὶ
1419 4130 1616 4184 εὐωδία
1650 4131 1822 4200 μύρου

254 4220 579 4283 πολυτελοῦς
640 4220 999 4289 ἐξεπορεύετο
1040 4221 1098 4285 ἐξ
1151 4220 1312 4272 αὐτοῦ
1339 4236 1352 4250 °
1396 4217 1540 4291 εἶχεν
1589 4222 1695 4290 γάρ
1729 4222 1822 4274 τοῦ

253 4313 494 4384 Χριστοῦ
544 4314 603 4366 τὸ
653 4314 908 4385 ἀληθινὸν
980 4313 1228 4386 λουτρὸν
1257 4312 1352 4366 καὶ
1411 4314 1511 4382 τὴν
1562 4313 1825 4384 ἀληθινὴν

253 4400 479 4473 γνῶσιν,
512 4407 578 4460 δι’
608 4401 675 4479 ἧς
706 4407 801 4459 καὶ
833 4405 1059 4470 εὐωδίας
1096 4407 1222 4468 τοὺς
1252 4407 1613 4477 παρεστῶτας
1660 4407 1825 4476 ἐπλή-

1923 3231 2027 3286 que
2057 3216 2393 3277 memineris,
2415 3213 2632 3284 quando
2665 3215 2876 3268 venerit
2907 3223 3123 3283 tempus
3165 3231 3180 3268 :
3217 3229 3325 3284 quo
3358 3223 3493 3268 tem-

1923 3321 2052 3377 pore
2075 3323 2198 3361 cum
2227 3306 2480 3374 lacrymis
2501 3305 2875 3362 recordaberis
2908 3321 3040 3359 mea:
3072 3306 3488 3370 admonitionis,

1921 3411 2023 3449 nec
2050 3410 2111 3448 ea
2162 3395 2255 3448 tibi
2319 3395 2608 3463 quidquam
2661 3395 2924 3462 proderit,
2977 3395 3240 3458 oinlelix,
3278 3395 3372 3448 scd
3438 3394 3492 3449 in

1923 3483 2140 3540 Tartari
2164 3484 2432 3555 profundo
2468 3485 2570 3538 ibis
2607 3484 2672 3538 ad
2703 3484 3031 3554 supplicium
3053 3495 3339 3539 aeternum.
3385 3485 3492 3540 Fac

1923 3593 2049 3648 ergo
2077 3578 2183 3630 cito
2206 3576 2256 3629 id
2319 3575 2460 3644 quod
2489 3575 2586 3629 vis.
2655 3574 2848 3629 Cordis
2875 3576 3019 3629 enim
3057 3577 3135 3628 tui
3180 3576 3366 3631 oculos
3425 3578 3494 3630 ita

1923 3667 2507 3729 exc-mcavitdiabolus,
2535 3675 2725 3720 utnon
2753 3667 2987 3736 aspicias
3034 3668 3099 3719 ad
3171 3667 3344 3721 lucem
3402 3666 3493 3722 Dei

1924 3761 2288 3829 cognitionis:
2343 3759 2438 3813 sed
2482 3759 2750 3814 intuearis
2821 3760 2887 3814 ad
2944 3760 3219 3822 tenebras,
3281 3761 3368 3813 ubi
3413 3770 3496 3814 est

1922 3859 2147 3920 paratus
2189 3849 2329 3918 ignis
2359 3857 2600 3902 :eternus
2648 3850 2742 3902 tibi
2792 3858 2845 3902 et
2905 3849 3045 3918 patri
3098 3857 3190 3901 tuo
3255 3847 3494 3902 Satanae.

1925 3941 2060 3994 Cum
2092 3949 2204 3994 tres
2231 3948 2412 3993 autem
2439 3939 2585 3993 hora:
2641 3938 3104 4003 intercessissent,
3137 3947 3189 3992 et
3240 3938 3356 4008 ipse
3403 3937 3496 3992 de-

1927 4032 2135 4100 positus
2165 4029 2355 4083 fuisset
2383 4045 2446 4082 ex
2472 4031 2716 4098 grabato.
2755 4045 2954 4097 corpus
2979 4029 3052 4082 ita
3107 4029 3501 4098 resplendebat

1927 4118 2098 4171 sancti
2120 4126 2173 4169 et
2203 4118 2344 4170 beati
2371 4116 2631 4179 Platonis,
2653 4116 2875 4184 perinde
2907 4124 3070 4184 atque
3103 4116 3146 4169 si
3174 4117 3288 4184 ipse
3319 4117 3501 4172 exiis-

1929 4219 2013 4266 set
2039 4209 2306 4273 ebalneo,
2335 4218 2390 4262 et
2417 4209 2602 4263 suavis
2643 4209 2861 4276 quidam
2895 4210 3029 4261 odor
3083 4217 3340 4275 tanquam
3392 4224 3496 4261 un-

1927 4302 2112 4374 guenti
2143 4301 2361 4370 pretiosi
2423 4315 2488 4352 ex
2524 4315 2588 4352 eo
2615 4299 3019 4367 egrediebatur.
3054 4297 3296 4352 Habebat
3351 4301 3496 4353 enim

1931 4393 2129 4450 Christi
2171 4407 2360 4447 verum
2416 4389 2714 4454 lavacrum,
2778 4398 2833 4444 et
2883 4389 3175 4458 pretiosam
3221 4398 3277 4443 et
3316 4403 3497 4444 veram

257 4515 377 4566 pou,
409 4501 501 4551 καὶ
548 4500 655 4560 πᾶς
701 4499 728 4550 ό
782 4499 1056 4567 παριστὰς
1103 4498 1258 4568 ὄχλος
1301 4499 1518 4562 ἐδόξαζε
1567 4500 1660 4550 τὸν
1692 4496 1820 4548 Θεὸν

1891 4495 1899 4535 ι
1929 4485 2320 4556 cognitionem,
2365 4498 2462 4552 per
2491 4498 2652 4550 quam
2683 4483 2826 4535 bono
2858 4481 3028 4536 odore
3088 4481 3346 4549 implebat
3407 4495 3498 4535 cos

253 4591 346 4642 ἐπὶ
377 4593 444 4659 τῇ
485 4590 729 4659 ὑπομονῇ
765 4588 860 4640 τοῦ
907 4592 1179 4659 μακαρίου
1231 4592 1536 4653 Πλάτωνος,
1567 4591 1708 4643 ὥστε
1737 4591 1828 4643 λέ-

254 4698 376 4745 γειν
417 4682 518 4745 ὅτι,
555 4679 794 4752 ’Λληθῶς
838 4683 1011 4750 μέγας
1055 4683 1083 4733 ό
1130 4683 1260 4744 Θεὸς
1298 4682 1406 4733 τῶν
1447 4681 1824 4749 Χριστιανῶνο

258 4773 533 4835 τοσαύτας
559 4775 668 4843 γὰρ
701 4773 970 4842 βασάνους
1009 4773 1340 4844 ὺποόληθεὶς
1403 4772 1555 4842 παρὰ
1590 4771 1683 4824 τοῦ
1738 4773 1830 4825 ἀν·

260 4865 446 4929 ε).εοῦς
483 4865 738 4918 δικαστοῦ
764 4906 777 4927 ,
814 4866 912 4917 οὐκ
943 4867 1223 4936 ἠρνήσατο
1253 4869 1312 4919 τὸ
1348 4867 1581 4936 φοόερὺν
1634 4867 1828 4935 δνομα,

257 4960 394 5013 ἀλλὰ
414 4959 491 5027 τῷ
526 4959 754 5029 γενναίῳ
787 4958 1030 5030 λογισμῷ
1066 4945 1320 5029 ἐνίκησεν
1358 4959 1460 5028 τὴν
1497 4959 1698 5027 μανίαν
1728 4958 1824 5011 τοῦ

257 5051 544 5123 ἄρχοντος.
617 5099 630 5119 ,

338 5318 449 5373 Μ’.
494 5320 552 5372 '0
583 5319 640 5373 δὲ
684 5319 1041 5386 Ἀγριππίνος
1075 5318 1214 5388 μετὰ
1253 5318 1312 5370 τὸ
1344 5317 1620 5387 ἀφόρητον
1674 5313 1825 5381 αὐτῷ

263 5409 360 5462 καὶ
408 5409 664 5476 τοιαύτην
721 5409 953 5476 βάσανον
1020 5410 1396 5478 προσαγαγεῖν
1469 5400 1655 5458 εἶπεν⁹
1713 5405 1829 5456 Οὐκ

262 5496 543 5567 ἐπείσθης,
578 5497 824 5563 Πλάτων,
860 5499 924 5550 ὲκ
955 5496 1055 5566 τῆς
1088 5497 1545 5569 προσενεχθείσης
1600 5512 1682 5547 σοι
1710 5494 1828 5560 ¹δει-

264 5591 364 5662 νῆς
393 5589 629 5662 βασάνου
679 5588 841 5671 θύσαι
871 5593 982 5652 τοῖς
1037 5588 1210 5654 οεοἰς;
1250 5588 1386 5658 πλὴν
1438 5590 1486 5640 εί
1538 5588 1611 5658 μὴ
1652 5585 1829 5655 βούλει

379 5771 399 5798 ’
435 5767 729 5834 Rom.vm,
760 5768 848 5829 58.
884 5770 969 5824 59.
1083 5770 1102 5799 ⁸
1130 5769 1211 5822 lsa
1270 5785 1428 5832 xxxv,
1467 5769 1547 5821 l0.

1663 5768 1680 5796 '
1714 5765 1726 5815 Ι
1756 5762 1893 5816 Tim.
1935 5776 1989 5823 li,
2024 5761 2072 5811 4.

1925 4577 2015 4647 qui
2060 4578 2323 4631 aderant:
2361 4583 2413 4628 et
2457 4583 2562 4629 tota
2657 4587 2776 4640 qua:
2837 4572 3270 4626 circumsistebat
3343 4572 3496 4627 turba

1927 4667 2096 4722 Deum
2160 4666 2496 4736 glorilicabat
2559 4674 2780 4735 propter
2826 4662 3204 4718 fortitudinem
3251 4672 3305 4718 et
3359 4663 3498 4718 tole-

1928 4760 2155 4814 rantiam
2187 4758 2328 4812 beati
2363 4755 2622 4819 Platonis,
2643 4754 2778 4809 adeo
2813 4763 2873 4809 ut
2905 4755 3006 4826 ipsi
3026 4754 3269 4809 dicerent
3300 4773 3314 4810 :
3361 4757 3498 4812 Vere

1929 4861 2011 4907 cst
2040 4865 2266 4921 magnus
2297 4849 2441 4903 Deus
2477 4848 2931 4903 Christianorum.
2968 4846 3101 4901 Tam
3134 4848 3322 4905 multis
3349 4847 3497 4904 enim

1930 4942 2212 4997 tormentis
2230 4941 2500 5011 subjectus
2518 4954 2543 4990 a
2568 4939 2770 4992 crudeli
2792 4946 2845 4990 et
2861 4937 3271 4991 immisericordi
3291 4941 3496 5006 judice,

1931 5047 2042 5087 non
2066 5033 2289 5102 negavit
2344 5038 2594 5087 sanctum
2622 5036 2676 5082 et
2735 5029 2978 5084 terribile
3014 5044 3217 5084 nomen
3247 5030 3450 5088 Christi
3483 5049 3496 5086 :

1935 5125 2027 5180 sed
2060 5126 2112 5177 in
2138 5124 2397 5192 praeclaro
2447 5138 2807 5195 perseverans
2863 5121 3030 5178 animi
3071 5123 3342 5188 instituto.
3366 5127 3498 5181 vicit

1935 5217 2201 5271 insaniam
2229 5215 2500 5285 praesidis.

2006 5308 2094 5362 XI.
2131 5308 2458 5377 Agrippinus
2510 5314 2690 5359 autem
2738 5317 3023 5376 postquam
3054 5307 3103 5364 ei
3159 5309 3498 5364 intolerabile

1936 5409 1991 5454 et
2018 5400 2121 5454 tale
2153 5407 2478 5452 tormentum
2511 5397 2799 5460 attulisset,
2860 5398 2996 5453 dixit
3025 5419 3037 5453 :
3093 5397 3211 5453 Non
3248 5397 3339 5453 tibi
3369 5414 3494 5468 per-

1939 5492 2127 5549 suasit.
2156 5506 2186 5544 ο
2209 5490 2382 5554 Plato,
2410 5490 2788 5560 gravissimum
2820 5499 3172 5560 tormentum,
3234 5491 3375 5560 quod
3402 5482 3496 5544 tibi

1941 5583 2041 5636 luit
2075 5583 2299 5646 illatum,
2329 5591 2386 5636 ut
2415 5581 2519 5638 diis
2550 5581 2883 5640 sacrihcares
2913 5601 2926 5648 ;
2953 5584 3047 5640 sed
3083 5584 3126 5639 si
3151 5583 3290 5641 nolis
3324 5581 3494 5637 sacri*

2212 5759 2253 5789 ¹⁰
2285 5758 2480 5811 Ezech.
2528 5771 2678 5820 xvm,
2708 5757 2797 5812 25.
