4226 6436
241 414 342 474 417

1501 407 1672 467 VlTA
1730 405 1790 463 S.
1836 399 2227 462 PLATONIS.

3380 398 3485 464 418

239 527 486 596 σμιὶτωι·
525 525 608 592 μὴ
635 519 914 590 ἀποστῇς
935 523 1034 574 ἀπ’
1058 521 1224 590 ἐμοῦ,
1247 519 1448 587 Κύριε,
1480 520 1568 572 ὅτι
1610 517 1814 586 θλῖψνς
1847 527 1887 580 Α

1847 527 1887 580 Α
1916 513 2217 583 afﬂictione:
2251 527 2407 581 prope
2435 514 2476 542 ¹¹
2503 533 2515 578 ς
2548 529 2610 565 ne
2638 515 2769 582 forte
2797 513 2972 566 dicant
3037 521 3245 580 gemes:
3270 510 3366 567 Ubi
3413 526 3484 568 est

240 619 440 688 ἐγγὺς,
474 617 559 685 μή
608 631 753 669 ποτε
802 615 1054 668 ειπωσιν
1106 613 1175 665 τὰ
1215 613 1388 679 ἔθνη,
1423 610 1546 663 Ποῦ
1579 610 1747 662 ἔστιν
1779 611 1809 661 o'

243 713 381 776 Θεὸς
405 709 635 772 αὺτοῦ;
663 707 831 769 Αὐτὸς
865 703 978 766 οῦν,
1017 704 1213 772 Κύριε,
1254 704 1430 772 Ἰησοῦ
1460 702 1682 771 Χριστὲ,
1719 701 1808 750 sfw

246 804 476 870 δόκησον
502 803 578 862 εἰς
611 800 730 868 ἐμὲ,
763 798 848 849 ἵνα
876 795 1097 855 τελείως
1119 795 1218 863 τὴν
1251 793 1548 862 τυραννίδα
1577 791 1669 843 τοῦ
1696 791 1814 843 διαο

244 893 404 944 δόλου
431 890 712 958 διαφυγὼν
755 885 1021 956 παραστῶ
1086 883 1420 954 τῷ,βήματί
1482 898 1573 933 σου
1606 881 1681 948 τῷ
1717 897 1808 946 eo-

242 985 413 1054 ϐερῷ,
467 984 557 1034 τὶν
608 979 773 1032 καλὸν
827 977 1017 1044 ἀγῶνα
1075 973 1523 1042 ἀγωνισάμενος·
1569 973 1652 1024 σοὶ
1708 969 1814 1041 γὰρ

245 1078 450 1145 πρέπει
478 1074 570 1125 καὶ
600 1075 657 1124 ἐν
704 1069 1027 1136 ἐκκλησίαις
1083 1068 1173 1118 καὶ
1222 1067 1279 1116 ὲν
1319 1066 1484 1116 παντὶ
1533 1064 1685 1132 τόπῳ
1718 1065 1815 1130 τῆς

245 1167 561 1227 δεσποτείας
593 1180 688 1215 σου
715 1161 874 1231 τιμὴ,
911 1161 1136 1228 κράτος,
1175 1157 1560 1226 μεγαλωσύνη,
1599 1157 1691 1207 νῦν
1721 1155 1816 1207 καὶ

250 1261 344 1312 ἀεὶ
378 1260 472 1310 καὶ
504 1258 583 1316 είς
613 1254 737 1315 τοῦς
763 1254 984 1312 αἰῶνας.
1024 1251 1131 1302 Καὶ
1155 1249 1362 1301 πολλῶν
1391 1247 1817 1298 ἐπακουσὰντων

245 1353 309 1404 τὸ
353 1349 543 1417 Ἀμὴν,
583 1347 804 1415 ἐσείσθη
840 1349 866 1398 ὁ
896 1346 1060 1406 τόπος
1099 1345 1203 1413 τῆς
1254 1343 1541 1413 βασιλικῆς
1575 1348 1667 1392 καὶ
1698 1339 1816 1392 οῦδὲ

245 1445 414 1504 οῦτως
444 1442 676 1508 συνῆκεν
723 1442 750 1491 ὁ
796 1441 1176 1509 ⁹Αγριππῖνος,
1213 1438 1295 1489 ὃτι
1346 1436 1710 1506 βοηθοῦμενος
1749 1430 1817 1504 ἦν

245 1537 394 1599 παρὰ
421 1534 516 1586 τοῦ
548 1531 813 1602 Χριστοῦ,
847 1531 962 1584 ἀλλ’
994 1527 1114 1582 εἷπε
1166 1530 1301 1601 πρὸς
1340 1531 1503 1584 αὐτόν
1532 1545 1544 1558 ⁸
1593 1529 1815 1593 ’Δνὸσιε,

244 1626 332 1678 διὰ
372 1625 420 1676 τί
453 1623 598 1675 οῦτω
645 1624 1010 1688 ἁπονενόησαι
1073 1621 1168 1674 καὶ
1222 1622 1281 1671 οὗ
1333 1621 1490 1690 φείδῃ
1542 1621 1636 1671 τοῦ
1688 1619 1817 1672 ἰδίου

251 1716 524 1785 σώματος,
559 1715 699 1784 ὁρῶν
737 1715 896 1766 αὑτὸν
925 1714 1097 1774 οὕτως
1151 1711 1425 1783 διαςὸριυς
1466 1711 1819 1780 τιμωρούμε-

247 1825 368 1860 νον·
407 1807 657 1873 πείσθητι
689 1805 781 1857 οῦν
811 1821 900 1874 μοι
933 1807 1025 1856 καὶ
1075 1805 1237 1855 θῦσον
1263 1807 1374 1864 τοῖς
1423 1802 1584 1864 θεοῖς,
1624 1804 1709 1855 ἵνα
1744 1803 1819 1872 μὴ

248 1898 438 1957 κακῶς
480 1896 784 1964 ἀποθάνῃς.
833 1897 1057 1947 Πλάτων
1105 1892 1258 1945 εἶπεν
1287 1910 1299 1922 ·
1343 1889 1508 1943 Εἶπον
1543 1910 1625 1944 σοι
1687 1894 1818 1964 πολ-

246 1986 429 2051 λάκις,
463 1987 557 2036 καὶ
589 1985 682 2036 νῦν
718 2001 800 2036 σοι
856 1985 1021 2050 λέγω,
1076 1984 1159 2035 ὅτι
1189 1982 1324 2035 Θεοῦ
1359 1983 1560 2045 ζῶντος
1611 1983 1816 2051 λάτρης

249 2078 366 2146 εἰμὶ
400 2077 491 2129 καὶ
521 2076 716 2127 τούτου
749 2077 816 2126 τὰ
855 2075 1107 2143 δόγματα
1133 2074 1462 2142 καταλείψει
1487 2075 1545 2125 οὐ
1578 2075 1818 2142 δύναμαι

249 2169 480 2226 καὶτοῖς
517 2167 770 2236 ματαίοις
806 2167 865 2218 τὸ
911 2166 1085 2234 ὄνομα
1127 2166 1312 2234 ἔχουσι
1360 2165 1500 2226 θεοῖς
1551 2167 1664 2227 τοῖς
1700 2164 1817 2217 κίδ-

248 2259 431 2328 δηλοις
460 2259 668 2320 τούτοις
693 2257 1085 2327 προσκυνῆσαι
1124 2259 1216 2310 καὶ
1271 2259 1535 2327 μυσαροῖς
1586 2257 1822 2318 εἰδώλοις

248 2347 352 2400 οὐκ
375 2346 664 2416 ἀνέχομαι.
720 2345 879 2398 Ἀλλὰ
907 2345 1028 2398 καθ’
1057 2344 1272 2414 ἡμέραν
1319 2345 1378 2395 οὔ
1423 2343 1710 2412 παύσομαι
1747 2341 1824 2410 τῷ

249 2436 372 2506 Θιῴ
402 2438 861 2508 προσευχόμενος,
893 2436 1260 2504 προσπίπτων
1303 2434 1398 2486 καὶ
1440 2434 1695 2501 δεόμενος
1726 2433 1824 2500 τῆς

251 2529 386 2598 παρ’
445 2528 608 2581 αὑτοῦ
669 2526 931 2592 ἀληθινῆς
979 2523 1259 2592 σωτηρίας
1324 2524 1528 2591 τυχεῖν.
1585 2523 1654 2573 Σὺ
1724 2523 1824 2586 δὲ,

264 2620 610 2686 ’Δγριππίνε,
639 2617 888 2686 ματαίοις
921 2614 1163 2678 εἰδώλοις
1189 2612 1584 2684 προστετηκὼς
1611 2613 1704 2664 καὶ
1732 2614 1824 2665 τὸν

250 2709 379 2764 νοῦν
419 2708 788 2779 σεσυλημένος
827 2709 920 2762 τὸν
973 2710 1055 2772 εἰς
1108 2706 1440 2775 θεογνωσίαν
1482 2722 1540 2758 σε
1598 2705 1826 2758 ’ἐλκοντα

251 2801 408 2870 παρὰ
457 2799 551 2853 τοῦ
583 2803 791 2871 πατρός
839 2818 932 2854 σου
967 2800 1062 2854 τοῦ
1093 2801 1330 2865 Σατανᾶ,
1373 2799 1465 2850 καὶ
1495 2799 1629 2862 ὅλως
1661 2796 1827 2851 αὑτοῦ

251 2892 569 2960 γενόμενος,
627 2894 724 2945 καὶ
762 2894 842 2948 είς
877 2891 977 2961 τὴν
1017 2891 1135 2943 ὁδὸν
1184 2891 1281 2959 τῆς
1337 2890 1480 2960 ζωῆς
1525 2891 1703 2942 ἐλθεῖν
1755 2889 1829 2959 μὴ

253 2982 580 3052 βουλόμενος
607 2985 684 3042 είς
719 2981 887 3033 αἰῶνα
918 2981 1066 3049 παρὰ
1095 2980 1187 3030 τοῦ
1214 2981 1346 3032 θεοῦ
1373 2981 1465 3031 τοῦ
1502 2979 1830 3048 βοηθοῦντός

257 3092 361 3142 μου
385 3073 751 3144 τιμωρηθήσῃ
786 3071 858 3134 ὼς
890 3070 1193 3139 ὲνυὸρίζων
1223 3072 1350 3132 τοὺς
1384 3070 1606 3132 δούλους
1636 3068 1826 3134 αὑτοῦ,

1917 607 2049 660 Deus
2079 623 2260 659 eorum
2300 607 2338 636 ”
2365 606 2386 657 ?
2416 604 2534 658 Tibi
2565 621 2695 674 ergo
2721 605 2948 670 placeat,
2981 621 3013 657 ο
3081 605 3310 659 Domine
3358 609 3486 661 Jesu

1912 696 2166 756 Christe,
2199 707 2377 768 utego
2415 697 2648 751 famulus
2681 707 2825 760 tuus,
2890 696 3126 764 perfecte
3185 699 3488 753 adversarii

1913 790 2183 859 eﬂugiens
2220 789 2584 859 tyrannidem,
2617 804 2742 840 cum
2770 789 2993 841 audacia
3015 797 3065 840 et
3102 788 3292 842 ﬁducia
3327 792 3490 844 sislar

1916 893 2042 937 ante
2068 893 2220 935 tuum
2267 881 2506 935 tribunal
2546 881 2814 944 terribile,
2845 882 2945 934 hoc
2982 885 3210 948 pulchro
3235 882 3489 936 confecto

1917 974 2242 1027 certamine.
2277 971 2352 1026 Te
2386 973 2528 1025 enim
2561 972 2718 1026 decet
2747 981 2801 1025 et
2831 972 2882 1024 in
2937 971 3193 1026 Ecclesiis
3238 982 3291 1026 et
3341 974 3489 1027 omni

1917 1063 2037 1119 loco
2068 1074 2174 1118 tuae
2206 1064 2598 1118 dominationis
2649 1063 2844 1132 gloria,
2903 1063 3097 1124 honor,
3155 1064 3394 1131 potentia
3437 1072 3493 1117 et

1922 1155 2199 1222 maiestas,
2237 1169 2384 1226 nunc
2421 1162 2740 1222 etsemper,
2776 1161 2829 1206 et
2889 1153 2942 1206 in
3009 1153 3204 1206 sarcula
3271 1156 3494 1207 swculo-

1921 1261 2062 1298 rum.
2115 1245 2182 1298 Et
2213 1256 2333 1299 cum
2393 1245 2546 1298 multi
2573 1245 2879 1298 audiissent
2909 1287 2922 1309 ,
2973 1244 3164 1305 Amen.
3205 1256 3384 1298 motus
3413 1257 3494 1299 est

1919 1336 2070 1390 locus
2113 1336 2352 1401 basilica:
2383 1352 2397 1389 :
2434 1346 2584 1389 etne
2625 1336 2703 1389 sic
2748 1336 2969 1404 quidem
3025 1336 3292 1391 intellexit
3331 1338 3493 1391 miser

1918 1433 2269 1501 Agrippiuus.
2305 1433 2448 1500 quod
2479 1433 2736 1485 Christus
2765 1434 2813 1485 ei
2849 1433 3020 1486 ferret
3083 1435 3368 1495 auxilium,
3401 1435 3496 1488 sed

1919 1522 2057 1574 dixit
2091 1522 2140 1572 ei
2171 1540 2180 1572 :
2220 1519 2410 1588 Impie,
2437 1537 2533 1573 cur
2558 1536 2616 1573 es
2647 1520 2782 1573 adeo
2817 1533 3012 1574 etnotae
3053 1525 3270 1584 mentis,
3311 1533 3365 1574 et
3388 1538 3492 1575 non

1922 1611 2096 1682 parcis
2135 1619 2225 1663 tuo
2249 1611 2490 1679 corpori,
2528 1625 2650 1663 cum
2685 1610 2737 1664 id
2771 1612 2950 1664 videas
2979 1611 3142 1663 variis
3173 1612 3349 1665 modis
3371 1621 3481 1664 tant

1922 1705 2117 1757 acerbe
2149 1703 2426 1756 cruciari?
2459 1703 2595 1756 Pare
2624 1717 2753 1772 ergo
2802 1703 2958 1767 mihi,
2999 1713 3052 1757 et
3079 1703 3325 1757 sacriﬁca
3393 1704 3497 1758 diis

1926 1797 2368 1860 intemeratis,ne
2399 1797 2538 1849 male
2569 1796 2842 1849 moriaris.
2880 1798 3118 1850 Sanctus
3141 1796 3293 1850 Plato
3324 1798 3492 1850 dixit:

1852 1860 1894 1918 Β
1927 1888 2036 1940 Dixi
2066 1886 2162 1942 tibi
2195 1903 2360 1956 saepe,
2394 1887 2526 1955 quin
2564 1887 2728 1939 etiam
2763 1901 2912 1940 nunc
2949 1887 3042 1939 tibi
3081 1888 3224 1952 dico,
3262 1903 3347 1940 me
3378 1903 3498 1942 esse

1925 1979 2013 2032 Dei
2049 1981 2337 2043 cultorem,
2381 1995 2480 2032 nec
2516 1990 2574 2034 ut
2637 1980 2761 2048 ejus
2817 1980 3035 2033 decreta
3092 1980 3358 2042 deseram.
3413 1996 3499 2034 me

1922 2071 2162 2135 possein
2218 2072 2464 2123 animum
2499 2073 2782 2134 inducere,
2838 2087 2939 2124 nec
2998 2079 3056 2123 ut
3105 2086 3200 2125 eos
3253 2072 3499 2136 adorem,

1920 2161 2012 2228 qui
2071 2167 2276 2213 temere
2343 2175 2542 2220 nomen
2610 2161 2812 2214 habent
2876 2165 3124 2225 deorum,
3171 2173 3500 2216 suntautem

1923 2251 2225 2303 adulterina
2251 2260 2304 2304 et
2323 2251 2655 2304 exsecranda
2674 2251 2987 2305 simulacra.
3013 2252 3120 2313 Sed
3149 2267 3254 2304 non
3275 2254 3502 2306 cessabo

1926 2343 1979 2396 in
2007 2343 2122 2398 dies
2150 2342 2367 2398 assidue
2430 2341 2538 2396 Deo
2574 2358 2694 2397 meo
2735 2344 3020 2411 procidere
3074 2354 3126 2399 et
3168 2361 3292 2400 eum
3324 2361 3502 2412 orare,

1928 2445 1987 2490 ut
2019 2437 2252 2489 salutem
2269 2441 2337 2490 ab
2371 2451 2436 2488 eo
2469 2451 2796 2504 consequar.
2835 2435 2916 2490 Tu
2951 2447 3163 2502 autent,
3205 2439 3506 2507 Agrippino

1929 2537 2183 2597 tyranne,
2211 2528 2364 2581 vanis
2391 2526 2582 2580 atﬁxus
2642 2529 2970 2591 simulacris,
3002 2539 3057 2581 et
3110 2545 3142 2583 a
3212 2541 3366 2598 patre
3414 2543 3506 2584 tuo

1926 2617 2122 2672 Satana
2139 2619 2380 2687 privatus
2395 2628 2595 2680 mente,
2616 2634 2735 2686 quae
2766 2629 2817 2672 te
2845 2620 3179 2674 trahebatad
3209 2623 3297 2674 Dei
3321 2623 3508 2692 cogni-

1928 2707 2157 2772 tionem,
2190 2718 2246 2763 et
2274 2718 2420 2763 totus
2452 2709 2704 2764 redactus
2739 2711 2792 2764 in
2825 2712 2943 2782 ejus
2980 2721 3326 2783 potestatem,
3355 2723 3409 2767 et
3440 2714 3508 2768 ad

1927 2800 2071 2856 viam
2105 2803 2229 2856 vitae
2266 2803 2456 2856 nolens
2490 2803 2808 2867 ascendere,
2848 2806 2901 2858 in
2928 2815 3192 2859 aeternum
3257 2806 3507 2874 punieris

1930 2907 1959 2946 a
1988 2892 2231 2961 Deo,'qui
2259 2894 2389 2947 mihi
2417 2894 2523 2948 fert
2553 2910 2730 2963 opem.
2787 2895 2960 2960 Quem
3019 2899 3350 2951 contumelia
3397 2897 3514 2951 am.

1929 2983 2098 3046 ciens,
2131 2985 2248 3052 ejus
2278 3001 2465 3039 servos
2495 2987 2659 3040 variis
2729 2989 3015 3042 tormentis
3050 2989 3289 3056 subjieis,
3325 2991 3512 3044 existi-

1929 3088 2088 3126 mans
2121 3082 2171 3127 te
2205 3085 2538 3129 mutaturum
2574 3094 2760 3130 eorum
2791 3081 2992 3132 bonum
3030 3081 3080 3134 in
3116 3081 3282 3135 Deum
3313 3096 3513 3151 propo-

264 3164 518 3232 οἰόμενος
544 3162 866 3231 μεταϐαλεῖν
912 3163 1090 3213 αὐτῶν
1151 3162 1250 3232 τὴν
1297 3162 1375 3224 είς
1431 3160 1563 3214 Θεὸν
1618 3159 1829 3232 ἀγαθὴν
1857 3191 1901 3248 C
1933 3165 2123 3220 silum.

259 3256 608 3325 προαίρεσιν.

332 3349 432 3402 1Γ’.
482 3349 840 3419 Ἀγριππῖνος
871 3346 1000 3416 ἔφη’
1029 3348 1154 3410 Ἴδε,
1181 3348 1428 3409 Πλάτων,
1462 3347 1562 3398 ὅσα
1588 3362 1644 3397 σε
1671 3343 1832 3398 εἴασα

257 3443 636 3512 φλυαρίσαντα
694 3439 1112 3509 μωρολογῆσαιο
1182 3437 1321 3504 πλὴν
1361 3438 1409 3488 εί
1461 3436 1554 3488 καὶ
1611 3435 1834 3498 ἀνάξιος

258 3534 532 3603 ὑπάρχεις
565 3533 672 3584 τῶν
704 3529 836 3598 παρ’
868 3529 1024 3598 ἡμῶν
1045 3529 1218 3596 λόγων
1245 3528 1336 3582 διὰ
1382 3529 1484 3599 τὴν
1511 3527 1835 3599 θρασύτητὰ

258 3641 357 3677 σου
393 3626 486 3676 καὶ
520 3621 900 3689 ἀμετάϐλητον
953 3620 1182 3692 καρδίαν
1207 3638 1220 3650 ⁶
1249 3622 1477 3674 ἄκουσον
1509 3622 1645 3690 ὅπερ
1687 3620 1832 3687 λέγω

260 3731 383 3767 σοι.
412 3711 679 3774 Πολλάκις
736 3712 908 3765 πολλὰ
940 3713 1158 3779 ἀκήκοα
1213 3711 1440 3764 τοιαῦτα
1499 3713 1605 3764 τῶν
1640 3703 1831 3780 ὅμολο-

258 3803 504 3873 γούντων
535 3804 624 3856 τὸν
656 3803 961 3865 Γαλιλαῖον,
1004 3807 1098 3855 καὶ
1123 3802 1298 3864 οὐδεὶς
1334 3802 1591 3858 ἀνέλυσεν
1626 3805 1688 3853 ὲκ
1731 3803 1837 3852 τῶν

257 3893 411 3963 ἱμῶν
435 3893 638 3963 χειρῶν
673 3892 804 3955 ζῶν,
831 3894 880 3943 εἰ
911 3892 987 3960 μὴ
1018 3891 1248 3960 ἐπείσθη
1272 3891 1366 3944 καὶ
1387 3891 1610 3945 ἔθυσεν.
1645 3891 1709 3945 El
1743 3886 1836 3943 οῦν

265 3987 343 4054 μὴ
371 3985 546 4046 θέλεις
597 3984 929 4054 ἀνασχέσθαι
977 4002 1076 4054 μου
1137 3985 1231 4036 καὶ
1281 3983 1442 4036 θῦσαι
1472 3986 1611 4044 ,τοῖς
1671 3983 1834 4050 θεοῖς,

264 4080 427 4148 βλέπε
465 4077 510 4129 τί
549 4078 768 4146 μέλλεις
799 4078 1027 4144 πάσχειν
1053 4092 1066 4106 ο
1103 4078 1196 4128 καὶ
1228 4076 1335 4145 γὰρ
1393 4075 1565 4128 πολλὰ
1611 4075 1839 4143 βασανι-

265 4173 468 4242 στήρια
519 4168 775 4240 μένουσίν
836 4184 920 4220 σε.
968 4167 1029 4218 ’0
1091 4167 1243 4233 ἅγιος
1279 4166 1373 4218 τοῦ
1431 4166 1567 4218 Θεοῦ
1625 4168 1839 4236 μάρτυς

267 4266 494 4318 Πλάτων
527 4262 765 4329 γελάσας
796 4256 950 4312 εἶπεν
978 4274 989 4286 ’
1031 4258 1240 4324 Ἀολιεν
1268 4259 1360 4311 καὶ
1382 4257 1721 4328 ταλαίπωρίν
1746 4261 1841 4312 καὶ

269 4353 648 4421 μισάνθρωπε,
688 4352 781 4401 καὶ
812 4350 1082 4418 ἁνήμερε,
1118 4350 1213 4400 καὶ
1264 4350 1441 4418 πάσης
1493 4350 1839 4418 παρανομίας

268 4441 502 4510 ἀρχηγὲ,
525 4441 774 4508 ἀλλότριε
800 4440 892 4492 τοῦ
920 4439 1075 4503 Θεοῦ,
1099 4439 1192 4491 καὶ
1223 4440 1472 4506 ὑπηρέτα
1489 4437 1583 4488 τοῦ
1607 4439 1838 4503 Σατανᾶ,

2004 3341 2142 3394 Xlll.
2166 3341 2503 3411 Agrippinus
2537 3345 2672 3398 dixit
2701 3361 2714 3397 :
2746 3345 2903 3411 Vide,
2946 3345 3122 3408 Plato,
3157 3362 3319 3416 quam
3346 3345 3514 3400 multa

1933 3434 2032 3489 sivi
2063 3442 2114 3488 te
2142 3443 2437 3505 nugantem
2467 3434 2633 3488 stulta
2661 3435 2864 3490 dicere.
2901 3435 3005 3500 Sed
3034 3436 3136 3491 etsi
3164 3437 3239 3491 sis
3261 3438 3517 3507 indignus

1935 3526 2136 3581 nostris
2171 3527 2519 3581 sermonibus
2551 3536 2772 3597 propter
2805 3537 2952 3582 tuam
2991 3528 3276 3603 audaciam
3335 3538 3389 3582 et
3419 3545 3517 3582 cor

1935 3618 2291 3682 immutabile,
2347 3619 2474 3673 audi
2533 3619 2676 3687 quod
2787 3619 2884 3671 tibi
2941 3619 3103 3671 dico:
3149 3619 3301 3687 Smpe
3335 3621 3517 3677 audivi

1936 3710 2100 3761 multa
2148 3711 2418 3777 ejusmodi
2473 3713 2538 3764 ab
2575 3711 2642 3764 iis
2685 3712 2776 3781 qui
2843 3711 3177 3771 conﬁtentur
3206 3711 3514 3776 Galtlzeum,

1938 3815 2038 3852 nec
2072 3801 2214 3855 ullus
2250 3802 2478 3856 recessit
2503 3801 2659 3880 vivus
2699 3818 2726 3855 a
2769 3804 2906 3859 meis
2953 3805 3229 3866 manibus,
3260 3803 3362 3855 nisi
3397 3820 3518 3871 per-

1938 3904 2134 3944 suasus
2181 3892 2254 3946 sit
2297 3899 2354 3946 et
2410 3893 2754 3948 sacriﬁcarit.
2812 3892 2870 3946 Si
2925 3908 3054 3964 ergo
3101 3909 3211 3947 non
3247 3895 3326 3948 vis
3383 3896 3518 3949 mihi

1941 3998 2145 4036 morem
2179 3999 2392 4052 gerere,
2449 3993 2502 4037 et
2555 3985 2658 4037 diis
2704 3985 3037 4049 sacriﬁcare,
3089 3987 3210 4039 vide
3259 3987 3389 4056 quid
3446 3986 3524 4041 sis

1940 4089 2227 4142 passurus.
2257 4073 2334 4128 Te
2365 4075 2510 4129 enim
2535 4077 2703 4146 multa
2741 4087 2963 4131 manent
3000 4079 3377 4143 tormenta,,si
3410 4095 3520 4133 non

1939 4164 2214 4217 audiveris
2233 4182 2318 4217 me
2340 4162 2431 4218 tibi
2453 4167 2851 4220 consulentem.
2876 4167 3109 4220 Sanctus
3127 4179 3307 4221 autem
3322 4170 3520 4224 Christi

1941 4254 2457 4323 Inartyrl’latodixit
2483 4273 2494 4307 :
2523 4253 2713 4307 Infelix
2749 4258 3139 4317 etinhumane,
3179 4267 3231 4310 et
3273 4260 3524 4315 homines

1944 4347 2153 4400 habens
2174 4347 2318 4407 odio,
2336 4357 2591 4400 etauetor
2608 4364 2668 4398 ae
2685 4349 2937 4416 princeps
2954 4349 3130 4402 oninis
3150 4348 3469 4418 iniquitatis.
3493 4368 3523 4406 a

1945 4437 2052 4489 Deo
2083 4439 2260 4490 aliene
2288 4448 2338 4489 et
2376 4439 2625 4490 minister
2651 4437 2884 4498 Satauie,
2943 4449 2997 4490 et
3057 4441 3227 4493 hwres
3270 4443 3406 4510 ignis
3431 4461 3524 4512 ge-

271 4535 366 4584 καὶ
396 4535 491 4601 τῆς
527 4532 753 4599 γεέννης
779 4530 874 4580 τοῦ
935 4530 1106 4598 πυρὸς
1138 4527 1468 4596 κληρονόμε,
1525 4529 1619 4579 καὶ
1655 4529 1832 4600 πάσης
1872 4537 1915 4592 D

1872 4537 1915 4592 ι)
1949 4528 2163 4593 lienam,
2190 4541 2243 4582 et
2275 4529 2438 4599 digne
2488 4530 2635 4583 omni
2661 4530 2908 4598 suplicio,
2939 4545 3047 4582 non
3077 4546 3160 4582 me
3205 4541 3408 4586 terrent
3437 4543 3523 4594 tua

268 4628 448 4694 δεινῆς
479 4624 751 4684 κολάσεως
806 4623 947 4687 ἄξιε,
976 4622 1035 4672 οὐ
1072 4620 1320 4672 πείθουσί
1356 4636 1420 4689 με
1457 4622 1505 4672 ol
1538 4621 1683 4689 λόγοι
1717 4637 1833 4674 σου·

268 4720 315 4770 εἰ
351 4716 514 4785 γειρὸ
546 4716 676 4784 ὲμὸς
726 4714 1004 4781 Δεσπότης
1052 4713 1286 4783 Χριστὸς
1337 4713 1400 4764 τὸ
1453 4713 1648 4764 ἑαυτοῦ
1703 4710 1843 4782 αἷμα

268 4809 486 4878 ἐξέχεεν
551 4809 691 4878 ὑπὲρ
733 4807 889 4876 ἐμοῦ,
927 4808 1012 4858 ἵνα
1047 4805 1157 4856 ἀπὸ
1229 4807 1408 4872 πάσης
1461 4806 1691 4875 ἀνομίας
1753 4809 1844 4858 τὸν

268 4902 476 4968 κόσμον
506 4898 672 4949 αὑτοῦ
703 4897 1074 4966 λυτρώσηται,
1129 4897 1284 4965 πόσῳ
1339 4897 1545 4966 μᾶλλον
1600 4899 1760 4965 ἡμεῖς
1797 4899 1844 4949 οἱ

269 4989 588 5060 ἁμαρτωλοὶ
611 4988 901 5058 ὀφείλομεν
931 4988 1300 5059 ἀποθνήσκειν
1336 4991 1477 5061 ὑπὲρ
1530 4991 1716 5055 αὑτοῦ,
1757 4991 1842 5042 ἵνα

272 5085 376 5136 κΞιν
400 5083 490 5136 διὰ
523 5082 711 5134 τούτου
735 5083 1083 5152 εὐγνώμονες

272 5177 545 5246 Δεσπῦτῃ.

1169 5083 1426 5152 ὀφθῶμεν
1458 5083 1533 5153 τῷ
1592 5085 1845 5154 ὑμετέρῳ

349 5270 445 5324 IA'.
501 5270 559 5321 Ὀ
584 5270 638 5322 δὲ
679 5270 1040 5341 ⁹εδικίριπττλνος
1074 5267 1413 5338 προσέταξεν
1451 5269 1847 5338 λωροτομηυῆ-

274 5377 366 5414 ναι
402 5363 560 5413 αὑτὸν
584 5363 754 5412 εἰπών
781 5378 792 5391 ·
853 5363 913 5414 El
945 5362 1054 5432 ἄρα
1114 5361 1376 5430 βοηθήσει
1431 5361 1594 5414 αὐτὸν
1626 5361 1653 5410 ὁ
1713 5362 1847 5425 Θεὸς

273 5451 364 5520 ἐφ’
402 5444 446 5517 ᾧ
476 5453 704 5516 ἐλπίζει,
739 5452 844 5504 τῶν
885 5454 940 5504 δὲ
969 5453 1265 5521 βασιλικῶν
1294 5453 1592 5518 διατάξεων
1628 5453 1848 5505 καὶτῶν

275 5543 561 5615 ἡμετέρων
601 5545 1039 5611 προσταγμάτων
1074 5544 1465 5612 καταφρονῶν.
1507 5544 1616 5595 Καὶ
1639 5546 1664 5595 ὁ
1690 5542 1847 5608 ἅγιος

281 5636 511 5688 Πλάτων
566 5633 806 5696 ἀκούσας
847 5634 1019 5687 ταῦτα
1072 5629 1268 5686 εἶπεν·
1329 5633 1704 5685 ’Λναιδέετατε
1759 5633 1850 5684 καὶ

387 5815 428 5848 ⁸⁸
467 5811 606 5867 Psal.
640 5828 751 5880 xxi,
787 5813 871 5880 ll,
912 5813 991 5866 l2.
1140 5813 1182 5842 ¹³
1207 5813 1350 5867 Psal.
1385 5828 1610 5876 Lxxrm,
1644 5811 1724 5864 l0.

1948 4622 2134 4685 verba,
2171 4638 2271 4674 nec
2297 4622 2457 4675 mina:
2482 4623 2612 4674 mihi
2644 4623 2998 4690 persuadent.
3037 4621 3183 4675 Meus
3220 4625 3366 4677 enim
3426 4624 3529 4677 Do-

1949 4713 2131 4766 minus
2161 4727 2257 4779 pro
2289 4727 2372 4764 me
2391 4729 2548 4764 suum
2575 4713 2765 4765 eﬂndit
2806 4715 3147 4781 sanguinem,
3176 4724 3234 4766 ut
3265 4717 3524 4768 mundum

1949 4803 2244 4856 redimeret
2277 4803 2344 4855 ab
2369 4803 2514 4855 omni
2540 4803 2860 4870 iniquitate:
2901 4815 3107 4872 quanto
3174 4809 3349 4874 magis
3425 4825 3528 4861 nos

1950 4902 2266 4962 peccatores
2299 4895 2564 4947 debemus
2588 4896 2820 4963 pl‘OlpSO
2849 4897 3006 4954 mori,
3072 4907 3126 4949 ut
3158 4899 3237 4948 rel
3275 4913 3370 4963 per
3423 4896 3527 4952 hoc

1948 4985 2084 5054 grati
2110 4994 2164 5038 et
2227 4984 2477 5040 beneﬁcii
2533 5002 2802 5039 memores
2835 4986 3232 5053 conspiciamur
3305 4991 3529 5041 Domino

1951 5087 2137 5138 nostro
2165 5075 2290 5129 Jesu
2314 5074 2554 5129 Christo.

2023 5267 2164 5321 XIV.
2199 5266 2447 5322 Vicarius
2484 5277 2662 5321 autem
2701 5268 3035 5338 Agrippinus
3067 5281 3187 5319 cum
3229 5265 3341 5317 haec
3374 5265 3529 5318 audi-

1953 5360 2140 5425 visset,
2229 5369 2282 5413 et
2336 5375 2532 5430 magno
2607 5363 2788 5413 lurore
2855 5368 2999 5412 esset
3072 5356 3333 5425 percitus,
3368 5357 3534 5424 jussit

1953 5466 2075 5504 eum
2142 5450 2272 5503 credi
2348 5450 2499 5515 loris,
2560 5452 2788 5504 dicens:
2825 5449 3114 5509 Videamus
3169 5463 3236 5500 an
3287 5448 3426 5500 Deus
3465 5447 3534 5500 sit

1956 5545 2004 5596 ei
2063 5557 2219 5610 Opem
2277 5541 2508 5605 laturus,
2578 5544 2631 5597 in
2664 5559 2771 5611 quo
2830 5555 3062 5609 sperans
3159 5538 3534 5608 imperatorias

1958 5633 2378 5688 constitutiones
2408 5637 2782 5688 eonleinnitct
2813 5644 2996 5687 nostra
3046 5632 3216 5701 jussa.
3302 5628 3534 5684 Sanctus
