4226 6436
729 363 836 428 419

2056 353 2334 414 ΜΕΝΞῙΞ
2372 352 2662 412 JULlUS.

3869 349 3976 412 £20

726 493 906 536 autem
945 481 1110 542 Plato,
1135 480 1219 533 his
1247 477 1466 537 auditis,
1495 476 1633 529 dixit
1669 489 1683 526 :
1714 471 2196 542 lmpudentissime
2244 481 2297 524 et
2328 479 2367 532 Α

2328 479 2367 532 Α
2403 469 2714 537 μιαρώτατε
2752 465 2900 518 κύων
2945 465 3036 517 καὶ
3069 462 3320 532 βασάνων
3370 463 3674 535 κακουργὲ,
3701 466 3972 534 ἐπινοητὰ

735 573 1159 628 sceleratissime
1183 571 1353 634 canis,
1385 582 1647 621 novorum
1679 574 2069 619 tormentorum
2106 563 2296 616 inven-

729 677 814 721 tor
853 677 906 719 et
937 665 1271 733 excogitator
1307 662 1602 731 Agrippino
1647 678 1658 712 :
1708 657 2098 712 convenienter
2151 657 2296 708 enim

727 769 822 813 tuo
843 758 1007 811 animi
1029 758 1208 811 studio
1232 765 1285 810 et
1310 755 1561 808 instituto
1581 753 1680 805 fuit
1701 752 1766 804 ab
1797 751 1952 804 initio
1971 750 2063 803 tibi
2101 763 2296 801 nomen

727 850 1063 919 impositum.
1102 849 1172 901 Es
1190 847 1332 899 enim
1357 845 1582 916 agrestis
1608 843 1826 912 quidam
1849 843 2026 909 lupus,
2054 849 2106 892 et
2137 839 2299 891 etfre-

727 951 886 994 natus
911 951 1165 1006 tanquam
1192 952 1364 1004 equus
1394 935 1707 995 indomitus,
1775 949 1869 986 eos
1957 931 2300 1001 praecipitans

727 1033 820 1101 qui
878 1039 1181 1098 sequuntur
1234 1028 1606 1097 impudentem
1656 1034 1710 1078 et
1759 1025 2076 1078 sceleratam
2157 1032 2297 1074 tuam

728 1132 986 1178 mentem.
1033 1122 1193 1174 Miser
1223 1130 1277 1173 et
1345 1118 1554 1176 infelix,
1599 1131 1734 1170 esne
1789 1116 1924 1168 adeo
1993 1113 2191 1167 stultus
2248 1122 2300 1164 et

728 1216 1013 1284 insipiens,
1045 1221 1100 1267 et
1129 1220 1438 1266 excaecatus
1495 1225 1520 1260 τι
1556 1222 1708 1276 patre
1751 1217 1844 1260 tuo
1889 1205 2135 1259 Satana?
2182 1201 2299 1254 Non

726 1309 900 1367 vides,
927 1302 1384 1373 quemadmodum
1440 1297 1691 1352 Christus
1748 1296 1874 1348 mihi
1916 1297 1966 1347 in
2022 1293 2300 1362 prioribus

724 1389 897 1450 adfuit
933 1393 1349 1454 tentationibus,
1376 1400 1432 1445 et
1463 1405 1606 1442 nunc
1646 1404 1859 1456 quoque
1900 1387 2078 1448 adem,
2115 1387 2301 1438 levans

724 1504 876 1543 meos
933 1487 1166 1549 labores,
1222 1496 1278 1538 et
1343 1498 1540 1536 curans
1607 1483 1880 1550 plagarum
1935 1488 2112 1542 notas,
2181 1491 2301 1545 quae

716 1579 753 1634 'a
786 1591 836 1634 te
869 1581 999 1633 mihi
1034 1578 1452 1644 imprimuntur;
1501 1584 1575 1636 et,
1609 1582 1667 1626 ut
1719 1572 1883 1626 semel
1921 1572 2116 1631 dicam,
2157 1584 2299 1621 nun-

723 1687 883 1740 quam
916 1669 1134 1736 reliquit
1157 1682 1251 1720 eos
1284 1666 1373 1734 qui
1403 1665 1505 1732 ipsi
1539 1663 1822 1740 serviunt?
1857 1661 1960 1714 Fac
1981 1677 2107 1729 ergo
2137 1675 2299 1727 quam

725 1761 1011 1816 celerrime
1061 1775 1121 1813 ea
1162 1773 1280 1827 quae
1335 1767 1425 1810 tuo
1472 1737 1664 1809 sedent
1708 1755 1909 1815 animo,
1961 1761 2016 1806 ut
2066 1767 2158 1821 per
2193 1763 2303 1804 tor-

2415 562 2735 628 Ἀγριππίνε
2766 561 2776 608 !
2807 557 2942 624 προς
2967 556 3075 623 γὰρ
3111 555 3209 625 τὴν
3237 557 3559 624 προαίρεσιν
3584 559 3680 624 τὴν
3707 556 3764 620 ἐξ
3795 559 3977 626 ἀρχῆς

2402 649 2631 718 ἐπετέθη
2665 666 2745 700 σοι
2769 650 2864 700 καὶ
2902 649 2959 698 τὸ
2996 648 3165 716 όνομα
3189 662 3201 676 ”
3237 649 3428 716 ἄγριος
3466 648 3576 718 γὰρ
3611 667 3693 710 τις
3718 646 3975 718 καθάπερ

2402 744 2565 802 ἵππος
2597 743 2882 809 ὑπάρχεις,
2921 741 3254 808 ἀχαλίνωτος
3289 741 3602 809 κρεμνέζων
3629 742 3755 802 τοὺς
3777 741 3972 804 ἑξακο-

2402 833 2728 894 λουοοῦντας
2751 835 2815 901 τῇ
2850 832 3120 900 μιαιφόνῳ
3145 850 3236 884 σου
3267 832 3481 901 γνώμῃ.
3504 831 3771 885 Τοσοῦτον
3797 835 3976 902 ύπὰρο

2403 942 2516 994 χεις
2553 924 2741 992 ἄφρων
2770 924 2862 975 καὶ
2896 923 3214 991 ἐτυφλώθης
3242 923 3392 993 παρά
3432 924 3527 995 ,τοῦ
3581 925 3795 992 πατρός
3855 942 3972 988 σου,

2403 1017 2496 1068 τοῦ
2522 1019 2752 1077 Σατανᾶ.
2781 1018 2876 1069 καὶ
2898 1017 2992 1084 οὐχ
3021 1018 3150 1086 όρᾷς
3179 1017 3290 1078 πῶς
3329 1018 3421 1068 καὶ
3454 1019 3508 1068 ὲν
3539 1019 3653 1078 τοῖς
3685 1017 3974 1085 προτέροις

2402 1111 2648 1178 παρέστη
2691 1125 2816 1178 μοι·
2855 1109 2949 1160 καὶ
2984 1111 3040 1159 ἐν
3071 1110 3182 1169 τοῖς
3214 1107 3496 1175 δευτέροις
3523 1109 3579 1160 δὲ
3621 1110 3974 1178 παρέστηκεν

2400 1203 2426 1253 ό
2455 1201 2708 1270 Χριστὸς,
2742 1201 3113 1267 ἐπικουφίζων
3140 1201 3268 1261 τοὺς
3301 1202 3500 1258 πόνους
3527 1202 3621 1252 καὶ
3645 1200 3972 1268 θεραπεύων

2400 1293 2526 1352 τοὺς
2561 1292 2712 1360 παρὰ
2745 1293 2827 1343 σοί
2858 1307 2947 1359 μοι
2977 1293 3313 1357 γενομένους
3346 1295 3453 1343 τῶν
3479 1293 3706 1361 πληγῶν
3733 1293 3934 1353 τόπους
3957 1307 3970 1321 ·

2404 1386 2495 1436 καὶ
2531 1384 2718 1446 ἁπλῶς
2747 1383 2876 1451 ἐρῶ,
2909 1383 3172 1435 οὐδέποτε
3202 1385 3611 1453 καταλιμπάνει
3641 1388 3770 1445 τοὺς
3802 1382 3972 1436 αὐτοῦ

2400 1475 2638 1537 δούλους.
2667 1476 2814 1528 Ποίει
2841 1474 2933 1528 οὖν
2983 1476 3049 1527 τὰ
3084 1476 3474 1545 παριστάμενα
3523 1493 3604 1529 σοι
3635 1479 3691 1527 ἐν
3737 1477 3971 1538 τούτοις,

2405 1570 2490 1621 ἵνα
2525 1569 2616 1619 καὶ
2648 1567 2734 1620 διὰ
2763 1568 2870 1620 τῶν
2902 1566 3156 1636 βασάνων
3207 1569 3317 1620 τῶν
3365 1569 3834 1636 προσφερομένων
3881 1585 3973 1636 μοι

2404 1663 2630 1715 καὶτῶν
2665 1663 2942 1730 αἰκισμῶν
2978 1660 3168 1732 γνώσῃ
3204 1662 3296 1714 τὸν
3359 1659 3660 1728 βοηθοῦντα
3712 1659 3970 1728 Χριστὸν,

2403 1754 2494 1807 τὸν
2525 1753 2676 1823 παρὰ
2705 1755 2804 1823 τῆς
2841 1753 2937 1822 σῆς
2965 1753 3246 1822 Θεομάχου
3272 1752 3520 1824 γλώττης
3549 1751 3642 1804 νῦν
3677 1751 3973 1821 ὑϐριζόμεο

725 1863 928 1917 menta,
966 1869 1085 1921 quae
1143 1851 1271 1903 mihi
1322 1847 1649 1909 inferuntur,
1705 1855 1760 1900 et
1809 1846 2057 1914 indignas
2095 1843 2298 1912 plagas,
2334 1852 2374 1906 Β

2334 1852 2374 1906 Β
2405 1862 2514 1898 νον.
2559 1845 2698 1908 Ἐγὼ
2730 1845 2838 1913 γὰρ
2875 1845 2981 1912 ἔχω
3007 1844 3104 1913 τὴν
3131 1843 3296 1896 αὑτοῦ
3323 1844 3571 1912 βοήθειαν
3600 1841 3972 1911 συνεργοῦσάν

723 1957 1015 2011 cognoscas
1053 1941 1331 1993 Christum
1384 1937 1512 1989 mihi
1544 1951 1701 2005 opem
1753 1937 1912 1997 ferre,
1966 1935 2057 2003 qui
2097 1950 2125 1987 a
2175 1945 2290 1998 tua,

723 2047 842 2102 qua:
869 2049 989 2086 cum
1022 2032 1131 2085 Deo
1158 2037 1380 2099 pugnat,
1425 2029 1605 2096 lingua
1646 2041 1791 2080 nunc
1825 2027 2056 2079 aﬂicitur
2102 2037 2293 2080 contu-

2406 1953 2520 2006 μοι,
2563 1937 2656 1987 καὶ
2691 1934 2752 1987 οὐ
2781 1933 3168 2004 φοϐηθήσομαι
3223 1951 3326 1987 σου·
3349 1935 3448 1996 τὰς
3484 1934 3719 1996 ἀπειλὰς
3753 1934 3845 1985 xui.
3877 1933 3973 1993 τὰς

2399 2027 2690 2098 τιμωρίας.

724 2128 904 2183 melia.
933 2125 1042 2196 Ego
1074 2125 1218 2179 enim
1251 2139 1466 2194 semper
1501 2125 1710 2178 habens
1743 2137 1920 2192 opem.
1955 2137 2072 2190 quas
2102 2123 2168 2177 ab
2192 2138 2255 2177 eo
2279 2123 2410 2176 mihi
2437 2124 2629 2190 fertur,
2661 2139 2768 2178 non
2796 2124 2998 2178 timebo
3039 2134 3158 2177 tuas
3194 2123 3391 2185 minas,
3431 2137 3611 2190 neque
3645 2121 3826 2174 varios
3852 2128 3973 2172 tuos

727 2219 1022 2273 cruciatus.

796 2309 912 2363 XV.
951 2310 1182 2363 Ministri
1210 2318 1391 2362 autem
1422 2310 1639 2362 Satanae
1687 2308 1793 2361 cito
1823 2307 2071 2360 fecerunt
2126 2308 2296 2375 impe-

728 2412 868 2463 rata,
934 2409 989 2454 et
1038 2400 1441 2468 quamprimum
1521 2408 1772 2465 tanquam
1833 2398 2126 2450 inanimum
2170 2412 2295 2450 eum

734 2501 1020 2561 tangentes
1064 2499 1319 2553 statuam,
1367 2490 1537 2542 sancti
1582 2490 1824 2543 membra
1868 2489 2296 2543 conscindebant

730 2582 1620 2649 lmmisericorditer,incipientes
1643 2582 1710 2635 ab
1743 2582 2003 2635 humeris.
2064 2582 2298 2634 Sanctus

728 2686 912 2728 autem
939 2674 1090 2726 Plato
1118 2673 1330 2727 dicebat
1369 2690 1380 2726 :
1417 2672 1739 2739 Exspectans
1769 2676 2064 2739 exspectavi
2116 2675 2295 2724 Domi-

730 2779 872 2826 num,
926 2773 972 2816 et
1018 2764 1240 2815 intendit
1289 2762 1416 2813 mihi
1476 2771 1522 2812 et
1572 2762 1834 2813 exaudivit
1879 2761 2297 2825 deprecationem

730 2873 901 2909 meam
961 2857 1023 2908 ¹⁵.
1099 2856 1298 2908 Omnes
1359 2867 1538 2908 autem
1611 2855 1702 2922 qui
1779 2870 1899 2908 eum
1964 2854 2300 2922 aspit-iehant

731 2966 872 3019 aegre
920 2950 1411 3018 ferebantpropter
1448 2951 1494 3001 ei
1549 2949 1754 3001 illatum
1800 2949 2123 3004 cruciatum.
2173 2948 2299 3002 Erat

735 3041 880 3092 enim
939 3039 1268 3107 Agrippinus
1343 3055 1502 3108 supra
1579 3040 1797 3093 modum
1869 3041 2203 3095 inhumanus
2244 3047 2300 3094 et

2473 2307 2572 2360 IE'.
2612 2307 2673 2358 Ol
2707 2305 2762 2358 δὲ
2801 2307 3072 2374 ὑπηρέται
3104 2307 3300 2359 θᾶττον
3351 2307 3570 2360 ἐποίουν
3623 2307 3691 2360 τά
3736 2323 3974 2376 προστα·

2400 2397 2600 2468 χθέντα
2653 2400 2838 2460 αὐτοῖς
2886 2400 2980 2450 καὶ
3038 2400 3176 2466 μετά
3234 2399 3432 2452 πολλοῦ
3493 2399 3586 2451 τοῦ
3643 2399 3972 2467 τάχους,ὼς

2399 2491 2607 2562 ἀψύχου
2643 2492 2954 2561 ἀνδριάντος
2982 2492 3302 2559 ἁπτόμενοι,
3326 2492 3568 2561 ἀνηλεῶς
3595 2491 3659 2543 τὰ
3686 2490 3778 2543 τοῦ
3815 2492 3972 2554 ἀξίου

2400 2585 2740 2650 κατέτεμνον
2770 2583 2904 2652 μέλη
2947 2583 3055 2634 ἀπὸ
3091 2583 3197 2633 τῶν
3228 2583 3396 2650 ὤμων
3453 2584 3778 2654 ἀρξάμενοι.
3832 2584 3889 2637 '0
3916 2585 3972 2636 δὲ

2404 2675 2559 2741 ἆγιος
2609 2675 2834 2726 Πλάτων
2886 2675 3103 2742 ἔλεγεν·
3165 2675 3496 2743 Ὑπομένων
3549 2676 3844 2742 ὑπέμεινα
3870 2679 3974 2726 τεν

2405 2767 2642 2833 Κύριον,
2677 2767 2773 2819 καὶ
2819 2769 3166 2834 προσέσχεν
3195 2785 3294 2835 μοι
3324 2767 3418 2820 καί
3454 2767 3822 2835 εῑσήκουσεν
3866 2765 3972 2833 τῆς

2406 2857 2669 2925 δεήσεως
2705 2877 2845 2927 μου.
2882 2860 2989 2912 Καὶ
3043 2859 3289 2920 ἅπαντες
3337 2863 3385 2912 οἱ
3421 2860 3754 2929 Θεωροῦντες
3810 2861 3971 2913 αὑτὸν

2406 2947 2809 2998 ἀπεδυσπέτουν
2838 2947 2924 2998 διὰ
2948 2950 3042 3016 τὴν
3069 2949 3344 3016 τιμωρίαν
3376 2949 3474 3018 τὴν
3508 2949 3970 3019 προσενεχθιῖσαν

2407 3035 2556 3105 αὐτῷ
2584 3052 2594 3064 ’
2625 3030 2698 3105 ἦν
2730 3037 2834 3106 γὰρ
2865 3036 2891 3086 ό
2938 3036 3291 3104 Ἀγριππῖνος
3319 3037 3767 3108 ὑπερϐαλλόντως
3802 3041 3971 3091 ἀπαν-

733 3127 896 3195 plane
940 3127 1106 3180 ferus.
1163 3127 1424 3196 Egregius
1467 3143 1592 3181 vero
1631 3129 1833 3182 Christi
1880 3131 2081 3182 athleta
2127 3130 2298 3194 Plato,
2329 3125 2374 3186 C

2329 3125 2374 3186 C
2410 3128 2646 3197 θρωπος.
2691 3129 2749 3180 Ὀ
2769 3129 2822 3180 δὲ
2855 3131 3099 3195 γενναῖος
3123 3129 3362 3200 ἀθλητὴς
3384 3133 3477 3184 τοῦ
3509 3133 3745 3200 Χριστοῦ
3781 3132 3967 3199 ὥσπερ

735 3230 990 3288 tanquam
1021 3220 1184 3273 turris
1214 3221 1456 3287 quaedam
1504 3237 1623 3289 qua:
1653 3223 1916 3288 pulsatur,
1945 3221 2299 3274 inconcussus

733 3327 964 3365 manens
987 3321 1040 3365 et
1057 3312 1312 3365 immotus
1335 3322 1559 3382 prapter
1576 3328 1727 3366 suam
1750 3312 1905 3366 ﬁdem
1925 3313 1975 3365 in
1998 3313 2295 3378 Christum,

735 3405 790 3458 in
807 3407 1009 3458 somnis
1028 3406 1426 3473 quodammodo
1446 3406 1683 3473 torqueri
1705 3407 2005 3460 videbatur.
2029 3406 2137 3460 Hoc
2154 3409 2299 3459 enim

735 3504 1064 3548 tormentum
1096 3511 1207 3546 non
1234 3494 1551 3558 formidans,
1600 3511 1776 3564 neque
1811 3498 1878 3549 ab
1914 3511 1978 3549 eo
2038 3496 2298 3565 obstupe-

736 3585 935 3648 factus,
960 3601 1068 3638 non
1105 3586 1275 3640 solum
1303 3587 1496 3655 pusillo
1533 3597 1586 3643 et
1616 3587 1823 3656 abjecto
1857 3589 2036 3641 animo
2060 3603 2163 3641 non
2186 3601 2300 3640 ces-

734 3680 846 3732 sit:
887 3681 981 3732 sed
1015 3695 1071 3732 se
1126 3680 1419 3732 ostendens
1448 3681 1870 3747 magnanimum,
1907 3681 2075 3732 lorum
2130 3695 2295 3734 unum

735 3783 768 3821 e
804 3783 904 3821 suo
937 3768 1105 3822 latere
1144 3771 1388 3824 evulsum
1422 3786 1484 3823 ex
1537 3771 1599 3825 iis
1633 3786 1751 3839 quae
1807 3772 2024 3825 lictores
2075 3787 2140 3824 ex
2181 3773 2299 3838 ejus

735 3872 971 3927 corpore
1027 3859 1444 3919 abscindebant,
1500 3861 1726 3927 projeeit.
1776 3871 1901 3912 ante
1950 3862 2301 3930 tribunalju-

735 3949 895 4010 dicis,
960 3950 1148 4003 dicens
1207 3966 1220 4003 :
1284 3948 1738 4004 lnhumanissime
1791 3958 1843 4003 et
1886 3952 2138 4005 omnibus
2171 3951 2299 4006 feris

735 4039 952 4103 saevior,
980 4048 1118 4103 esto,
1141 4055 1236 4092 cor
1285 4048 1436 4092 tuum
1497 4049 1579 4092 est
1632 4040 1768 4093 adeo
1825 4049 2172 4106 excaecatum,
2239 4047 2298 4094 ut

735 4131 907 4185 Deum
937 4145 1346 4199 nonagnoscas,
1370 4132 1458 4198 qui
1495 4130 1562 4183 ad
1624 4145 1776 4183 suam
1838 4146 1939 4183 nos
1997 4133 2122 4184 fecit
2168 4134 2301 4184 ima-

736 4223 914 4292 ginem
960 4243 974 4276 :
1035 4222 1305 4290 quomodo
1336 4237 1441 4275 non
1490 4223 1764 4276 misereris
1793 4224 2050 4291 corporis,
2105 4223 2296 4278 iisdem

737 4316 936 4383 quibus
965 4299 1042 4376 tu,
1070 4314 1288 4368 obnoxii
1332 4315 1797 4383 perpessionibus,
1833 4316 1975 4382 quod
2030 4320 2298 4369 membra-

738 4407 833 4458 tim
871 4405 1280 4459 conscinditur:
1317 4407 1513 4458 sedtibi
1539 4416 1619 4459 est
1643 4407 1900 4474 voluptati
1933 4410 2296 4462 membrorum

2402 3235 2485 3280 τις
2517 3219 2722 3286 πύργος
2771 3219 3099 3287 βαλλόμενος
3153 3222 3246 3271 καὶ
3292 3223 3588 3283 ἀσάλευτος
3645 3225 3828 3289 μένων
3873 3226 3969 3272 καὶ

2403 3309 2823 3378 ἀμετακίνητος,
2873 3310 2931 3361 ἐν
2957 3309 3190 3376 ὀνείροις
3222 3310 3396 3363 ἐδόκει
3427 3312 3820 3381 βασανίζεσθαι
3850 3329 3860 3340 '
3898 3312 3968 3380 μὴ

2401 3401 2675 3464 δειλιάσας
2709 3403 2815 3470 γὰρ
2841 3403 2941 3469 τὴν
2974 3401 3208 3470 βάσανον
3250 3399 3454 3472 ταύτην
3505 3405 3640 3473 μηδὲ
3683 3405 3967 3458 καταπλα-

2403 3498 2519 3564 γεὶς
2552 3499 2639 3550 ὑπ’
2669 3499 2860 3567 αὐτῆς,
2889 3501 2948 3552 οὐ
2989 3501 3151 3569 μόνον
3175 3502 3273 3554 οὐκ
3303 3503 3565 3557 ἐνέδωκεν
3595 3506 3964 3577 ὀλιγωρήσας,

2402 3590 2536 3641 ἀλλά
2573 3592 2679 3659 γὰρ
2716 3594 2807 3642 καὶ
2843 3593 3326 3661 μεγαλοψυχήσας,
3357 3595 3533 3663 λὼρον
3567 3597 3662 3646 ἕνα
3708 3599 3961 3650 ἀποσπα-

2403 3699 2502 3744 σας
2537 3682 2598 3733 ἐκ
2635 3683 2731 3751 τῆς
2784 3683 2949 3734 αὐτοῦ
3009 3684 3249 3753 πλευρᾶς
3303 3683 3360 3736 ὃν
3416 3687 3464 3737 οί
3517 3686 3703 3756 δήμιοι
3741 3687 3966 3755 ἔτεμνον

2403 3771 2509 3822 ἀπὸ
2541 3770 2636 3822 τοῦ
2680 3772 2933 3840 σώματος
2961 3773 3149 3837 αὑτοῦ,
3179 3772 3403 3844 ἔρριψεν
3448 3775 3554 3843 πρδ
3594 3774 3686 3827 τοῦ
3720 3774 3968 3844 βήματος

2401 3861 2492 3913 τοῦ
2521 3863 2776 3913 δικαστοῦ
2804 3863 2977 3928 λέγων
3002 3878 3015 3890 ⁸
3073 3864 3560 3930 Ἀσυμπαθέστατε
3618 3867 3712 3918 καὶ
3748 3871 3967 3920 παντων

2402 3953 2604 4024 Θηρίων
2651 3953 2976 4023 ἀγριώτατε,
3001 3957 3046 4024 ἡ,
3062 3955 3257 4026 καρδία
3288 3973 3378 4008 σου
3405 3957 3577 4018 οὕτως
3610 3958 3965 4027 πεπώρωται,

2401 4047 2604 4099 καὶτὸν
2637 4045 2769 4098 Θεὸν
2794 4048 2891 4099 οὐκ
2921 4049 3328 4115 ἐπιγινώσκεις,
3363 4048 3454 4100 τὸν
3486 4047 3580 4100 καὶ
3614 4049 3799 4101 εἰκόνα
3830 4050 3965 4101 ἰδίαν

2400 4139 2547 4207 ἡμᾶς
2582 4142 2922 4209 πεποιηκότα
2980 4141 3098 4204 πῶς
3148 4141 3270 4193 οὐδὲ
3326 4141 3386 4192 τὸ
3432 4142 3767 4208 ὁμοιοπαθὲς
3810 4142 3968 4209 σῶμα

2399 4231 2687 4299 οἰκτείρεις
2723 4232 2862 4284 κατά
2897 4234 3060 4302 μέρος
3090 4233 3287 4300 τέμνον
3309 4247 3322 4261 ⁶
3353 4232 3545 4299 τέρπει
3582 4248 3640 4282 σε
3669 4233 3700 4301 ἡ
3726 4232 3835 4281 τῶν
3873 4247 3968 4298 με·-

2401 4323 2508 4374 λῶν
2539 4341 2638 4392 μου
2677 4326 2996 4390 κατακοπὴς
3027 4324 3212 4375 Ταῦτα
3250 4323 3301 4374 δὲ
3322 4321 3487 4388 λέγω,
3522 4322 3617 4391 οὐχ
3640 4321 3713 4382 ὠς
3747 4321 3965 4388 φεύγων

2402 4414 2460 4467 τὸ
2491 4417 2628 4486 ὑπὲρ
2677 4415 2963 4478 εὐσεϐείας
3004 4415 3319 4479 ἀποθανεῖν,
3355 4413 3492 4468 ἀλλὰ
3527 4413 3622 4484 τὴν
3681 4412 3779 4482 σὴν
3819 4413 3968 4482 ὠμό-

743 4512 984 4550 meorum
1008 4496 1265 4549 dissectio
1297 4496 1320 4550 ?
1365 4496 1488 4548 Haec
1541 4505 1721 4550 autem
1778 4498 1918 4561 dico,
1982 4512 2089 4550 non
2115 4499 2298 4566 ut‘qui
2329 4498 2380 4558 D
2408 4527 2412 4538 ι

2329 4498 2380 4558 D
2408 4524 2543 4574 τητα
2573 4509 2738 4559 πᾶσιν
2773 4509 2942 4560 ποιῶν
2974 4507 3278 4577 κατάδηλον
3305 4525 3319 4538 δ
3351 4507 3471 4557 ἐπεὶ⁵
3504 4505 3621 4567 πῶς
3678 4504 3845 4570 ἡδέως
3879 4505 3967 4556 δ;ἀ

742 4593 942 4664 fugiam
985 4595 1120 4646 mori
1173 4609 1269 4661 pro
1319 4593 1657 4661 pictate,sed
1710 4593 2084 4645 crudelitatem
2154 4598 2300 4641 tuam

737 4697 797 4740 et
834 4685 1286 4739 inhumanitatem
1338 4686 1556 4738 reddam
1615 4685 1868 4738 omnibus
1933 4680 2296 4734 manifestam.

741 4775 851 4845 Ego
885 4777 1026 4830 cnim
1061 4787 1282 4846 propter
1312 4777 1587 4829 Christum
1618 4791 1796 4827 meum
1847 4775 2077 4827 libenter
2129 4774 2302 4843 patior

743 4867 927 4919 omnia
955 4867 1110 4929 mala,
1150 4883 1266 4932 qum
1305 4867 1434 4917 mihi
1465 4883 1490 4918 a
1528 4875 1577 4917 te
1631 4862 1963 4923 inferuntur,
1982 4870 2036 4914 et
2072 4862 2302 4914 libenter

742 4960 985 5013 sustineo
1003 4958 1249 5011 dolorum
1272 4958 1647 5017 acerbitatem,
1685 4965 1743 5008 ut
1778 4955 1828 5007 in
1877 4949 2057 5007 futuro
2106 4954 2303 5004 saeculo

739 5055 999 5102 aeternam
1047 5047 1320 5099 inveniam
1363 5047 1624 5115 requiem.
1672 5045 1748 5097 Tu
1790 5055 1990 5106 autem,
2044 5060 2075 5096 ο
2111 5045 2303 5096 crude-

743 5138 948 5190 lissime
989 5148 1042 5189 et
1089 5138 1478 5190 imtnanissime
1529 5139 1710 5200 homo,
1764 5143 1983 5203 acet-pta
2030 5134 2168 5201 pelle
2198 5135 2302 5186 mei

741 5231 1013 5297 corporis,
1060 5245 1176 5283 eam
1233 5230 1373 5282 habe
1433 5238 1621 5282 testem
1664 5242 1769 5284 tuze
1825 5225 2147 5296 impietatis,
2186 5240 2302 5292 qua:

743 5329 797 5375 te
825 5321 988 5373 mittit
1025 5321 1089 5373 ad
1143 5330 1504 5382 atteritum,et
1529 5322 1668 5388 quod
1743 5335 2022 5388 nunquam
2081 5317 2300 5377 desinit,

744 5414 1092 5483 supplicium,
1140 5428 1261 5466 cum
1319 5415 1623 5468 simulacris
1673 5415 1779 5468 tuis
1828 5423 1881 5465 et
1940 5410 2300 5466 dzemonibus.

744 5509 890 5563 Dixit
922 5507 1256 5576 Agrippinus
1291 5525 1303 5558 :
1347 5509 1544 5561 Cur.cs
1574 5508 1860 5578 insipiens,
1888 5517 1942 5561 et
1972 5508 2098 5561 odio
2135 5507 2302 5559 habes

742 5612 895 5663 tuum
922 5613 1194 5669 corpus,o
1226 5599 1398 5664 Plato,
1425 5609 1478 5654 et
1505 5615 1614 5656 non
1645 5615 1823 5668 curas,
1859 5601 2004 5669 quod
2041 5601 2304 5656 intestina

854 5772 895 5802 "
926 5769 1063 5823 Psal.
1100 5785 1224 5836 cxx,
1256 5771 1305 5835 l,
1334 5769 1388 5824 2.

2404 4603 2494 4650 τὸν
2548 4600 2781 4668 Χριστὸν
2817 4600 3009 4667 πάσχω
3059 4600 3154 4649 καὶ
3207 4599 3273 4648 τὰ
3311 4597 3462 4665 παρά
3517 4595 3609 4646 σοῦ
3660 4598 3968 4664 ἐναγόμενα

2406 4688 2664 4757 ὑπομένω
2696 4687 2793 4758 τὴν
2843 4687 2950 4738 τῶν
3006 4685 3184 4738 πόνων
3224 4683 3508 4751 δεινότητα
3537 4683 3598 4734 οὐ
3625 4682 3835 4749 φεύγω,
3884 4683 3968 4734 ἵνα

2404 4771 2460 4830 ἓν
2495 4781 2570 4848 τῷ
2605 4779 2853 4848 μέλλοντι
2905 4779 3058 4831 αἶῶνι
3100 4779 3200 4848 τὴν
3225 4777 3409 4830 ἄνεσιν
3444 4777 3623 4843 εθρω⁹
3663 4775 3724 4826 σὺ
3759 4773 3816 4825 δὲ
3863 4775 3970 4826 ἀπο

2405 4873 2690 4940 ηνέστατε,
2723 4871 3016 4941 δεξάμενος
3065 4872 3163 4940 τὴν
3213 4871 3306 4922 τοῦ
3345 4871 3594 4939 σώματός
3641 4887 3740 4938 μου
3785 4867 3967 4937 δορὰν,

2409 4967 2662 5033 μάρτυρα
2723 4966 2822 5032 τῆς
2876 4963 3130 5024 ἀσεϐείας
3172 4962 3337 5031 ἔχεις,
3386 4961 3714 5030 πέμπουσαν
3762 4955 3824 5008 σε
3894 4958 3968 5021 εἰς

2405 5057 2631 5108 αἰωνίαν
2659 5056 2756 5105 καὶ
2791 5055 3151 5124 ἀτελεύτητον
3182 5054 3406 5106 κόλασιν
3439 5054 3576 5122 μετά
3596 5053 3704 5105 τῶν
3730 5051 3966 5103 εἰδώλων

2406 5166 2519 5202 σου,
2565 5150 2918 5216 ’Λγριππίνος
2953 5150 3086 5218 ἔφη·
3129 5149 3288 5200 Ίνατί
3318 5147 3575 5208 ἀσύνετος
3607 5143 3676 5208 εἷ,
3711 5145 3807 5198 καὶ
3838 5143 3963 5212 ἑμί-

2407 5257 2574 5307 σησας
2607 5242 2665 5292 τὸ
2715 5243 2910 5292 ἑαυτοῦ
2948 5242 3128 5310 σῶμα,
3180 5242 3276 5292 καὶ
3326 5241 3384 5292 οὔ
3429 5237 3738 5309 φροντίζεις
3789 5235 3871 5288 ὅτι
3906 5234 3966 5286 τὰ

2406 5334 2613 5398 ἔγκατά
2668 5349 2758 5387 σου
2794 5333 2878 5386 διὰ
2911 5335 3016 5386 τῶν
3069 5334 3320 5402 πλευρῶν
3356 5351 3451 5384 σου
3498 5333 3592 5383 σὺν
3651 5334 3715 5398 τῇ
3779 5331 3966 5398 κόπρῳ

2407 5427 2648 5493 φέρεται,
2706 5428 2818 5478 ἀλλ’
2876 5426 2956 5478 ἔτι
3000 5428 3092 5478 καὶ
3144 5426 3237 5477 νῦν
3285 5425 3636 5492 ἀναισθητεῖς
3669 5438 3680 5449 ⁸
3743 5423 3878 5490 πρὸς
3911 5422 3964 5471 δὲ

2405 5507 2635 5584 τούτοις,
2700 5519 2796 5570 οὐκ
2847 5518 3133 5588 ἀρκεσθεὶς
3185 5520 3296 5578 τοῖς
3351 5517 3663 5585 εἰρημένοις
3724 5531 3842 5576 σου,
3874 5511 3963 5566 νῦν

2406 5609 2505 5661 οὐκ
2533 5611 2751 5663 ἐπαύσω
2775 5610 2895 5674 τοὺς
2921 5609 3070 5671 θεοὺς
3098 5607 3396 5678 ἐνυϐρίζων
3436 5609 3524 5660 καὶ
3561 5604 3876 5675 παροξύνων
3907 5605 3958 5656 τὸ
