4226 6436
278 404 382 466 421

1547 409 1718 466 VITA
1767 408 1826 467 S.
1873 409 2268 468 PLATONIS.

3422 406 3525 469 422

278 520 474 587 σεμνδν
522 519 894 590 δικπτῆρεον·
947 522 1005 572 ’0
1064 523 1216 587 ἅγιος
1280 521 1504 574 Πλάτων
1557 516 1749 572 εἷπεν-
1789 522 1851 579 Et

1922 572 1926 580 .
1959 531 2046 576 tua
2072 540 2168 592 per
2193 526 2283 576 tua
2304 523 2467 576 latera
2500 522 2745 579 feruntur
2763 537 2884 575 cum
2921 530 3162 574 stercore
3191 535 3205 573 :
3233 519 3324 574 sed
3354 521 3529 575 adhuc

273 614 385 677 ἐγὼ
413 610 584 672 οὕτως
613 613 875 674 τοιαύτας
907 614 1011 664 ὑπο
1063 613 1156 665 σοῦ
1195 614 1372 674 δεινὰς
1420 614 1691 680 τιμωρίας
1742 633 1843 665 πα-

273 703 382 753 θὼν
416 701 682 770 ὑϐριστὴς
719 704 992 771 καλοῦμαι
1025 708 1118 756 καὶ
1171 704 1516 772 βλάσερημος,
1569 704 1630 754 σὺ
1680 705 1706 754 ὁ
1751 705 1846 757 £1:—

276 793 428 858 άγων
451 794 707 856 τοιαύτας
744 796 1010 862 βασάνους
1045 795 1284 862 ὀφείλεις
1318 796 1507 862 φονεὺς
1539 796 1596 844 ἐν
1621 799 1730 856 τοῖς
1755 796 1845 862 ἕρ-

268 900 388 950 γοις
416 885 694 952 δειχθῆναι
730 889 824 938 καὶ
856 885 1176 952 βλάσφημος
1211 888 1266 936 έν
1293 888 1403 946 τοῖς
1438 885 1643 949 λόγοις.
1687 885 1744 937 Ὀ
1777 885 1833 937 δὲ

283 976 640 1044 Ἀγριππῖνος
679 977 782 1043 ἔφη
808 992 823 1006 ⁸
849 977 984 1037 Τοὺς
1014 977 1168 1038 θεοὺς
1195 977 1288 1029 καὶ
1337 979 1462 1039 τοὺς
1509 978 1842 1046 αὐτοκράτο-

270 1085 372 1136 ρας
397 1068 563 1120 πολλὰ
588 1069 879 1135 ἐνυϐρίσας
897 1069 991 1119 καὶ
1021 1069 1118 1135 ἐμὲ
1139 1069 1198 1119 οῦ
1228 1069 1436 1137 μικρῶς
1459 1070 1837 1136 ει-εοιροργίζεις⁹

265 1155 386 1212 οἶδα
416 1162 496 1210 ὃτι
522 1160 677 1211 τοῦτο
720 1163 908 1222 ποιεῖς,
947 1161 1031 1212 ἵνα
1057 1161 1142 1213 διὰ
1179 1162 1378 1229 τάχους
1407 1179 1464 1212 σε
1496 1162 1836 1214 ἀποκτείνωο

268 1251 380 1317 ἐγὼ
407 1251 462 1302 δὲ
495 1252 814 1320 χειροτέρας
844 1253 1112 1320 βασάνους
1163 1253 1518 1322 προσενέγκω
1568 1254 1661 1303 καὶ
1699 1252 1840 1304 κατὰ

270 1345 436 1410 μέρος
468 1344 732 1396 ὰναλώσω
771 1362 848 1402 σε,
880 1347 972 1397 ὲαν
1015 1347 1086 1414 μὴ
1120 1345 1350 1412 πεισθῇς
1400 1346 1492 1396 καὶ
1527 1346 1697 1414 θύσῃς
1725 1349 1838 1408 τοῖς

265 1434 562 1500 ἀκράντοις
597 1435 756 1488 θεοῖε.
804 1435 862 1488 Ὀ
897 1435 1053 1500 ἅγιος
1085 1434 1177 1487 τοῦ
1211 1435 1346 1487 Θεοῦ
1383 1437 1593 1504 μάρτυς
1644 1432 1796 1488 εἶπεν
1820 1453 1834 1466 ·

269 1522 536 1584 Πολλάκις
573 1540 653 1574 σοι
686 1523 839 1575 εἷπον
861 1526 956 1576 καὶ
987 1525 1079 1576 νῦν
1106 1527 1281 1592 λέγων
1317 1529 1376 1577 οὐ
1413 1528 1713 1595 παύσομαι,
1746 1528 1836 1596 Μὴ

267 1614 471 1683 ἀπείλῃ
506 1633 592 1682 μοι
631 1616 832 1682 λόγοις,
880 1619 994 1670 ἁ“ίλ⁹
1049 1619 1233 1685 ἔργοις
1260 1619 1432 1684 δεῖξον
1486 1623 1564 1682 είς
1597 1621 1696 1687 ἐμὲ
1735 1622 1837 1682 τὰς

267 1703 554 1771 βασάνους,
580 1707 664 1758 ἵνα
696 1710 939 1778 γνωσθῇς
975 1712 1144 1762 ποιῶν
1172 1711 1228 1761 τὸ
1257 1712 1472 1778 θέλημα
1504 1711 1596 1762 τοῦ
1627 1712 1834 1778 πατρὸς

264 1800 490 1859 σου,τοῦ
521 1802 735 1852 Σατανᾶ
766 1803 855 1852 καὶ
885 1802 976 1852 τοῦ
1013 1803 1414 1870 αὑτοκράτορός
1441 1819 1555 1854 σου”
1582 1803 1834 1867 ἐξουσέαν

1955 632 2098 668 nunc
2121 632 2334 684 quoque
2366 631 2424 668 es
2455 617 2610 668 nullo
2671 631 2832 668 sensu
2859 615 3114 682 praeditus
3141 631 3154 671 ;
3190 623 3382 680 praeter
3414 615 3527 665 liuvc

1953 719 2137 761 autem
2169 724 2275 762 non
2309 716 2600 761 contentus
2629 708 2694 760 iis
2722 724 2840 775 quae
2879 707 3023 761 dicta
3052 714 3199 768 sunt,
3227 721 3334 757 non
3401 720 3524 758 ces-

1955 801 2083 853 sasti
2117 815 2262 852 nunc
2288 799 2419 851 deos
2442 799 2715 851 incessere
2747 797 3112 856 contumeliis,
3145 804 3199 849 et
3253 810 3522 848 veneran-

1954 891 2080 941 dum
2118 907 2296 942 meum
2330 891 2541 942 irritare
2587 889 2872 957 judicium.
2930 889 3162 940 Sanctus
3195 888 3344 940 Plato
3394 887 3528 938 dixit

1951 981 2242 1034 subridens
2280 998 2291 1032 :
2353 979 2406 1034 Si
2460 997 2581 1050 ego,
2619 981 2711 1048 qui
2756 988 2832 1032 tot
2869 979 3139 1031 cruciatus
3175 987 3226 1030 et
3260 977 3522 1045 supplicia

1948 1089 2067 1128 sum
2109 1091 2136 1126 a
2172 1083 2220 1126 te
2248 1088 2464 1141 passus,
2531 1073 2963 1126 contumeliosus
3017 1085 3179 1122 vucor
3211 1080 3263 1121 et
3301 1067 3521 1122 maledi-

1948 1180 2087 1219 cus:
2127 1175 2178 1217 tu
2220 1168 2311 1234 qui
2343 1181 2401 1219 ea
2453 1166 2584 1219 mihi
2639 1165 2826 1225 infers,
2865 1179 3049 1216 revera
3079 1173 3133 1214 et
3168 1163 3324 1216 factis
3357 1161 3522 1213 debes

1948 1257 2054 1311 dici
2079 1258 2367 1326 parricida,
2409 1265 2464 1311 et
2515 1257 2696 1310 verbis
2730 1254 3043 1309 maledicus.
3084 1255 3226 1306 Dixit
3273 1251 3527 1321 Agrippi-

1945 1365 2052 1403 nus
2083 1365 2094 1399 :
2124 1350 2255 1402 deos
2287 1359 2340 1402 et
2373 1351 2731 1417 imperatores
2761 1348 2869 1415 jam
2905 1361 3047 1414 saepe
3082 1345 3264 1398 inultis
3294 1341 3522 1395 alfecisti

1949 1441 2320 1501 contumeliis,
2345 1451 2396 1492 et
2421 1441 2486 1493 ad
2547 1440 2680 1493 iram
2732 1454 2816 1491 me
2853 1453 2957 1490 non
3016 1453 3206 1506 parum
3238 1447 3522 1504 provocas.

1944 1531 2067 1587 Scio
2095 1542 2278 1585 autent
2310 1542 2360 1586 te
2382 1532 2483 1584 hoc
2512 1531 2711 1593 facere,
2736 1540 2794 1583 ut
2829 1539 2879 1581 te
2913 1545 3072 1596 quam
3099 1529 3330 1595 primum
3369 1523 3542 1574 orci--

1941 1627 2100 1691 dam;
2153 1635 2250 1695 ego
2276 1636 2455 1678 autem
2491 1625 2586 1676 tibi
2642 1631 2909 1676 tormenta
2953 1620 3181 1674 inferam
3218 1617 3522 1672 acerbiora,

1939 1730 1993 1774 et
2017 1728 2067 1772 te
2092 1736 2186 1787 per
2203 1731 2383 1785 partes
2405 1732 2744 1780 consumam,
2767 1716 2872 1768 nisi
2899 1715 3029 1766 mihi
3052 1712 3318 1781 parueris.
3345 1718 3396 1761 et
3441 1708 3527 1758 in-

1943 1810 2221 1865 temeratis
2247 1809 2349 1862 diis
2393 1807 2806 1862 sacrifieaveris.
2847 1807 3077 1858 Sanctus
3103 1811 3304 1868 martyr
3321 1795 3521 1852 Christi

264 1892 375 1959 γὰρ
414 1893 557 1960 ἔχεις
584 1892 678 1943 τοῦ
714 1892 966 1960 σώματός
1011 1911 1134 1960 μου,
1167 1894 1264 1961 τῆς
1314 1894 1370 1944 δὲ
1407 1893 1588 1963 ψυχῆς
1619 1897 1645 1946 ὁ
1676 1895 1830 1957 Θεὸς.

1940 1900 2077 1952 dixit
2118 1901 2309 1954 Plato:
2342 1899 2495 1967 Srepe
2547 1897 2641 1951 tibi
2681 1897 2814 1960 dixi,
2865 1905 2918 1948 et
2951 1909 3138 1946 rursus
3165 1894 3307 1946 dico.
3341 1899 3394 1943 ct
3419 1901 3527 1939 non

266 1985 496 2039 cessabo
534 1984 714 2037 dicere
754 2001 766 2035 :
802 1984 874 2036 Ne
918 1985 1124 2036 minare
1167 1985 1368 2049 verbis,
1405 1987 1496 2038 sed
1531 1988 1706 2054 reipsa
1742 1988 1791 2038 in
1832 2004 1916 2040 me
1939 1992 2166 2044 ostende
2191 2001 2482 2053 tormenta,
2518 1999 2574 2043 ut
2597 1988 2940 2058 cognoscaris
2968 1985 3170 2039 faciens
3198 1983 3528 2036 voluntatem

266 2080 436 2148 patris
464 2079 537 2133 tui
568 2079 778 2131 Satanae
801 2088 853 2130 et
875 2077 947 2129 tui
975 2078 1356 2146 imperatoris;
1380 2077 1544 2132 habes
1568 2080 1734 2142 enim,
1758 2089 1814 2133 ut
1842 2083 1990 2149 prius
2011 2084 2142 2146 dixi,
2171 2092 2491 2152 potestatem
2520 2083 2622 2135 mei
2647 2083 2914 2150 corporis,
2939 2080 3133 2132 anim-.2
3161 2091 3335 2129 autem
3365 2074 3520 2129 Deus.

331 2172 444 2239 ις’.
477 2173 534 2224 Ὀ
552 2173 604 2223 δὲ
627 2172 979 2238 ’Λγριτῖττῖνος
996 2170 1166 2222 ταῦτα
1187 2171 1422 2232 ἀκούσας
1440 2169 1616 2222 εἶπεν·
1640 2175 1849 2235 Ἕγνως

266 2267 368 2334 ἤδη
403 2268 466 2332 τῇ
500 2266 664 2332 πείρα
688 2264 772 2314 δια
803 2262 912 2312 τῶν
943 2262 1190 2329 βασάνων
1214 2263 1289 2329 (α)
1323 2262 1428 2314 τῶν
1455 2263 1848 2332 ἐπενεχθέντων

270 2374 362 2425 μοι
402 2355 552 2423 παρὰ
593 2354 684 2405 σοῦ
711 2395 725 2416 ,
765 2353 843 2402 ὅτι
880 2351 1002 2403 οὔτε
1037 2352 1127 2404 τοῦ
1168 2352 1416 2419 σώματος
1457 2373 1556 2424 μου
1596 2357 1847 2423 φείδομαι

265 2448 356 2499 δια
394 2448 488 2513 τὴν
521 2444 657 2513 πρὸς
689 2445 778 2494 τὸν
805 2443 936 2494 Θεόν
972 2461 1072 2510 μου
1109 2444 1390 2495 εὐσέϐειαν
1415 2486 1428 2507 ,
1467 2446 1720 2514 φοϐηθεὶς
1753 2449 1846 2499 τοῦ

265 2535 589 2606 ἐπουρανίου
618 2534 880 2604 βασιλέως
917 2535 975 2586 ea
1019 2535 1380 2604 πρόσταγμα’
1405 2539 1523 2588 τότε
1564 2537 1851 2605 Ἀγριππῖ-

265 2647 357 2691 νος
404 2629 687 2679 ἐκέλευσεν
731 2629 892 2679 αὐτὸν
926 2627 1425 2695 άναρτηθένταέίς
1454 2627 1513 2679 τὸ
1559 2626 1711 2691 ξύλον
1754 2631 1848 2680 ἐπί

265 2720 520 2772 τοσοῦτον
556 2719 808 2781 ξέεσθαι,
847 2717 983 2768 ὥστε
1019 2717 1078 2768 τὸ
1114 2711 1252 2785 αἷμα
1288 2717 1452 2769 αὑτοῦ
1491 2719 1580 2769 ἐπὶ
1615 2719 1714 2782 τὴν
1747 2722 1848 2786 γῆν

266 2811 546 2878 ὲκχεῖσθαι
575 2828 586 2840 ·
617 2810 710 2860 καὶ
745 2813 770 2861 ὁ
800 2808 975 2877 κῆρυξ
1019 2809 1149 2862 ἐϐόα
1173 2812 1318 2877 φωνῇ
1349 2812 1559 2880 μεγάλῃ
1585 2827 1599 2840 ⁸
1631 2811 1827 2871 Θῦσον,

269 2905 516 2965 Πλάτων,
552 2903 642 2952 καὶ
667 2899 894 2970 ἁπολὺη.
924 2900 1028 2951 Τοῦ
1061 2900 1114 2951 δὲ
1149 2901 1302 2966 ἁγίου
1339 2899 1622 2960 Πλάτωνος
1647 2900 1842 2967 ἀρνου-

271 2996 437 3063 μένου
470 2996 561 3044 καὶ
593 2995 664 3061 μὴ
703 2993 1028 3062 βουλομένου
1059 2991 1254 3055 θῦσαι,
1289 2992 1574 3043 ἐκέλευσεν
1609 2992 1847 3056 ὀγκίνοις

266 3087 368 3146 τὰς
419 3087 647 3152 παρειάς
691 3086 854 3136 αὐτοῦ
899 3085 1136 3148 ξέσθαι,
1182 3085 1319 3136 ὥστε
1366 3085 1559 3154 μηκέτι
1620 3086 1844 3152 ὁρᾶσθαι

267 3175 563 3242 πρόσωπον
606 3175 944 3243 ἀνθρώπινον
966 3216 978 3238 ,
1017 3177 1102 3227 διὰ
1141 3175 1202 3225 τὸ
1237 3177 1592 3244 γυμνωθῆναι
1624 3176 1690 3228 τὰ
1718 3177 1851 3229 ὀστᾶ

274 3285 468 3320 αυτου.

2040 2176 2180 2229 XVI.
2211 2177 2305 2229 llis
2331 2176 2548 2238 auditis,
2576 2175 2712 2227 dixit
2765 2172 3092 2241 Agrippinus
3133 2187 3146 2223 :
3183 2169 3299 2223 Jam
3355 2183 3530 2235 expe-

1953 2268 2149 2320 rientia
2183 2267 2482 2335 cognovisti
2521 2274 2924 2333 pertormenta.
2968 2263 3108 2330 quod
3145 2277 3245 2313 nec
3288 2260 3528 2326 philoso-

1952 2358 2060 2426 pho
2108 2358 2324 2424 quidem
2357 2356 2565 2409 Platoni
2619 2356 2979 2424 pepercissent
3021 2361 3241 2420 propter
3295 2352 3518 2404 deorum

1954 2450 2407 2511 benevolentiam,
2429 2450 2624 2502 timens
2651 2449 2860 2516 jussum
2895 2445 3258 2513 imperatoris.
3285 2444 3516 2498 Sanctus

1957 2542 2045 2595 Dei
2083 2550 2282 2609 martyr
2319 2540 2468 2590 Plato
2503 2540 2634 2592 dicit
2667 2558 2677 2590 :
2709 2539 3020 2606 Cugnovisti
3051 2539 3160 2604 jam
3196 2547 3249 2588 tu
3288 2549 3523 2602 quoque,

1952 2647 1984 2686 ο
2015 2642 2261 2701 tyranne,
2294 2631 2626 2699 experiemia
2658 2644 2753 2697 per
2787 2638 3058 2682 tormenta
3113 2643 3232 2696 quae
3262 2627 3387 2678 mihi
3415 2641 3443 2678 a
3476 2634 3527 2678 te

1954 2732 2081 2778 sunt
2109 2723 2276 2783 illata,
2321 2723 2464 2791 quod
2506 2722 2724 2790 corpori
2771 2736 2890 2773 meo
2913 2735 3020 2772 non
3077 2734 3242 2786 parco
3299 2727 3524 2785 propter

1954 2817 2210 2884 pietatem
2280 2816 2333 2868 in
2397 2816 2563 2867 Deum
2609 2829 2810 2877 meum,
2872 2793 3069 2866 timens
3109 2814 3321 2880 jussum
3366 2810 3528 2878 Regis

1952 2905 2207 2959 caelestis.
2238 2903 2567 2972 Agrippinus
2598 2916 2776 2957 autem
2809 2919 2931 2956 cum
2966 2903 3078 2955 haec
3111 2901 3426 2958 audivisset,
3471 2907 3526 2952 et

1957 2997 2144 3051 fuisset
2177 3011 2374 3066 magno
2406 2996 2591 3048 furore
2628 2996 2890 3064 percitus,
2922 2994 3081 3062 jussit
3115 3009 3235 3045 eum
3273 2994 3322 3044 in
3381 2990 3533 3058 ligno

1957 3105 2283 3157 suspensum
2328 3088 2534 3142 tamdiu
2563 3088 2716 3148 czedi,
2757 3086 2931 3138 donec
2967 3099 3158 3136 omnes
3187 3085 3302 3151 ejus
3331 3094 3524 3134 carnes

1957 3181 2120 3238 simul
2146 3197 2268 3235 cum
2292 3182 2554 3249 sanguine
2582 3179 2635 3231 in
2668 3187 2865 3230 terram
2886 3177 3319 3230 eﬂ'underentur.
3341 3171 3525 3226 Pra‘co

1883 3267 1924 3324 C
1959 3280 2141 3323 autem
2181 3286 2371 3340 magna
2404 3285 2534 3323 voce
2577 3268 2846 3320 clamabat
2884 3283 2898 3319 :
2939 3264 3219 3326 Sacrifica,
3261 3263 3432 3322 Plato,
3470 3265 3531 3310 et

269 3360 505 3413 solveris
547 3374 572 3412 a
603 3359 852 3413 vinculis.
881 3359 1014 3413 Cum
1048 3374 1177 3412 vero
1207 3369 1430 3412 sanctus
1471 3357 1621 3415 Plato
1655 3370 1879 3427 negaret
1921 3375 1979 3412 se
2011 3360 2464 3421 sacrificaturum,
2495 3359 2659 3427 jussit
2695 3369 2956 3427 tyrannus
2998 3357 3151 3408 llnt'iS
3187 3352 3376 3406 terreis
3405 3353 3526 3420 ejus

269 3468 441 3522 genas
472 3454 699 3519 discerpi
738 3468 798 3508 ac
828 3453 1042 3506 laniari.
1077 3454 1221 3506 Adeo
1254 3463 1433 3506 autem
1469 3463 1594 3507 sunt
1635 3453 1869 3520 laniataa,
1903 3463 1962 3507 ut
1999 3452 2164 3507 facies
2193 3452 2428 3507 hominis
2452 3467 2557 3505 non
2593 3459 2912 3504 cerneretur
2939 3447 3191 3517 amplius,
3231 3455 3517 3516 prOpterea

268 3545 415 3619 quod
450 3558 626 3600 essent
655 3549 775 3614 ejus
811 3563 929 3599 ossa
969 3549 1126 3615 plane
1158 3549 1382 3599 nudata.

343 3643 442 3697 iZ'.
499 3641 555 3693 '0
594 3641 649 3692 δὲ
703 3641 1056 3706 ’Λγριππῖνος
1093 3640 1376 3691 ἐκέλευσεν
1424 3642 1583 3693 αὐτὸν
1621 3643 1726 3694 ἀπὸ
1757 3641 1850 3694 τοῦ

271 3735 430 3801 ξύλου
484 3733 894 3802 κατενεχθῆναι,
950 3734 1040 3786 καὶ
1099 3735 1233 3803 πρὸς
1265 3733 1427 3787 αὑτὸν
1485 3729 1670 3786 εἶπενο
1708 3735 1852 3785 Παν-

272 3831 450 3891 άθλιε,
486 3828 536 3878 τί
577 3827 882 3896 προσδοκᾷς
913 3826 1137 3884 λοιπόνς
1205 3826 1385 3894 πάσης
1418 3828 1525 3897 γὰρ
1565 3829 1661 3896 τῆς
1690 3827 1853 3896 δορᾶς

273 3939 372 3974 σου
433 3918 797 3985 ἀποδαρείσης
860 3920 951 3969 καὶ
1010 3918 1118 3969 τῶν
1175 3919 1374 3972 ὀστέων
1432 3920 1852 3987 γυμνωθέντων,

273 4010 512 4078 ἀνάσχου
537 4025 647 4076 μοι,
671 4007 762 4057 καὶ
782 4007 986 4059 παῦσαι
1014 4009 1108 4075 τῆς
1135 4008 1392 4077 τοιαύτης
1416 4009 1738 4077 φιλοσοφίας
1765 4011 1854 4062 καὶ

276 4103 440 4155 θῦσον
481 4102 591 4161 τοῖς
629 4097 792 4161 θεοῖς,
820 4099 914 4150 καὶ
957 4099 1030 4166 μὴ
1072 4099 1297 4164 ἐπίμενε
1337 4103 1399 4167 τῇ
1446 4101 1710 4166 ἀντιθέσει
1745 4101 1853 4151 τῶν

274 4190 452 4257 λόγων
511 4185 737 4248 τούτων,
807 4184 892 4236 ἵνα
954 4185 1027 4254 μὴ
1087 4186 1255 4246 κακὸς
1313 4185 1498 4248 κακῶς
1553 4187 1854 4258 ἀποθάνῃς.

288 4284 348 4346 Ὀ
383 4282 590 4351 μάρτυς
620 4274 802 4331 εἶπενο
827 4277 891 4329 Τί
925 4277 1223 4347 προσδοκᾷς
1248 4277 1433 4346 ἕτερον
1461 4279 1678 4331 ἀκούειν
1701 4281 1732 4350 ἢ
1759 4281 1856 4350 τὴν

278 4375 467 4428 πίστιν
494 4371 586 4426 τοῦ
611 4372 815 4440 Κυρίου
853 4389 953 4440 μου
992 4370 1164 4440 Ἰησοῦ
1201 4369 1474 4441 Χριστοῦ;
1506 4374 1602 4442 τῆς
1629 4373 1736 4442 γὰρ
1774 4373 1857 4425 δο-

282 4468 381 4536 ρᾶς
424 4481 523 4532 μου
562 4462 925 4531 άποδαρείσης
968 4463 1061 4514 καὶ
1101 4463 1206 4514 τῶν
1243 4463 1444 4516 ὀστέων
1491 4481 1593 4534 μου
1632 4481 1852 4532 γυμνω-

2031 3643 2195 3698 XVII.
2234 3645 2526 3713 Postquam
2559 3653 2736 3696 autem
2767 3642 2928 3710 juSsit
2954 3641 3280 3710 Agrippinus
3303 3656 3423 3692 eum
3457 3641 3525 3694 de

1957 3733 2104 3801 ligno
2132 3734 2350 3802 deponi,
2389 3735 2522 3785 dixit
2549 3735 2598 3784 ei
2637 3751 2648 3784 :
2688 3730 3078 3794 Infelicissime,
3120 3730 3250 3797 quid
3310 3732 3376 3784 de
3416 3747 3524 3784 ete-

1959 3833 2075 3880 tero
2105 3835 2407 3891 exspectas,
2436 3839 2556 3876 cum
2597 3823 2665 3876 sit
2700 3833 2810 3876 tota
2845 3833 2932 3876 tua
2976 3839 3101 3876 caro
3130 3825 3428 3883 exeoriata,
3464 3831 3518 3875 et

1959 3917 2158 3970 nudata
2189 3924 2312 3968 sunt
2363 3916 2534 3968 ossa?
2594 3913 2793 3968 Morem
2829 3913 2958 3966 mihi
2993 3929 3137 3982 gere,
3187 3923 3242 3966 et
3275 3928 3425 3967 cessa
3458 3915 3523 3966 ab

1958 4009 2060 4062 liae
2092 4023 2228 4061 vana
2264 4007 2622 4077 philosophia,
2650 4015 2704 4061 et
2733 4007 2836 4061 diis
2861 4005 3125 4068 sacrifica,
3161 4014 3215 4059 et
3244 4020 3310 4057 ne
3341 4003 3516 4072 persi-

1959 4109 2068 4154 stas
2100 4101 2152 4152 in
2187 4100 2286 4152 hac
2330 4101 2616 4152 verborum
2656 4099 3026 4159 contentione,
3075 4113 3142 4149 ne
3181 4098 3354 4148 malus
3385 4095 3521 4149 male

1961 4206 2168 4259 pereas.
2212 4189 2353 4243 Dixit
2383 4199 2632 4261 martyr:
2680 4189 2821 4255 Quid
2866 4197 3230 4258 exspectas,o
3277 4198 3523 4258 tyranne,

1960 4298 1988 4336 a
2018 4298 2105 4336 me
2138 4283 2282 4335 aliud
2321 4285 2531 4344 audire,
2581 4284 2683 4334 nisi
2717 4283 2876 4335 fidem
2937 4283 3147 4333 Domini
3191 4283 3360 4332 nostri
3392 4279 3524 4332 Jesu

1961 4376 2165 4432 Christi
2198 4375 2423 4428 ?Carne
2451 4373 2598 4427 enim
2632 4388 2754 4427 mea
2784 4375 3057 4428 exeoriata
3088 4382 3142 4428 et.
3175 4373 3394 4426 nudatis
3433 4386 3524 4424 os-

1962 4472 2134 4530 sibus,
2173 4468 2386 4530 adsum,
2445 4476 2504 4521 ut
2541 4466 2714 4526 vides.
2751 4481 2874 4520 cum
2925 4467 3129 4535 majore
3165 4465 3412 4518 audacia.
3466 4464 3522 4518 Si

281 4558 519 4616 θέντων,
564 4552 1032 4623 θαρσαλεώτερος,
1068 4552 1142 4614 ὠς
1189 4555 1348 4623 ὁρᾷς,
1389 4555 1470 4606 σοὶ
1505 4556 1848 4624 παρέστηκα.

1922 4582 1930 4621 ι
1961 4579 2090 4634 ergo
2124 4562 2218 4615 tibi
2257 4566 2423 4612 restat
2446 4559 2646 4627 aliquid
2675 4559 2842 4619 aliud,
2872 4559 3014 4626 quod
3044 4557 3168 4609 mihi
3203 4558 3359 4610 debet
3386 4557 3521 4616 fieri.

282 4650 347 4702 ΕΞ
397 4647 576 4699 τοίνυν
626 4643 977 4695 ὑπολείπεται
1008 4643 1196 4713 ἔτερόν
1237 4660 1317 4695 σοι
1369 4645 1604 4712 ὀφείλειν
1634 4648 1714 4707 είς
1757 4647 1856 4715 ἐμὲ

282 4736 654 4808 παραχθῆναι,
691 4735 835 4787 ποίει
870 4735 926 4785 ὲν
958 4735 1111 4802 τάχει
1145 4733 1171 4785 ὃ
1207 4733 1407 4802 βούλει.
1450 4735 1506 4786 Ὀ
1535 4734 1590 4786 δὲ
1633 4735 1857 4805 ’Λγριπ-

282 4833 440 4892 πῖνος
477 4829 760 4896 θαυμάσας
795 4825 893 4893 τὴν
929 4826 1366 4894 καρτεροψυχίαν
1406 4827 1496 4878 τοῦ
1535 4828 1812 4896 μάρτυρος
1837 4868 1852 4894 ,

283 4922 575 4975 ἐκέλευσεν
607 4918 768 4970 πάλιν
803 4917 964 4970 αὐτὸν
1000 4918 1370 4983 ἀναρτηθῆναι
1405 4920 1496 4968 καὶ
1523 4919 1739 4981 ξέεσθαι
1778 4921 1857 4982 είς

284 5016 386 5075 τάς
421 5011 664 5079 ἀγκάλας
709 5009 804 5063 καὶ
837 5009 913 5071 είς
946 5009 1011 5060 τὰ
1045 5009 1348 5078 σπλάγχνα.
1388 5009 1445 5060 '0
1478 5009 1532 5061 δὲ
1577 5009 1730 5078 ἆγιος
1761 5011 1854 5062 τοῦ

283 5106 426 5159 Θεοῦ
461 5105 667 5173 μάρτυς
694 5098 847 5155 εἶπεν
867 5119 878 5134 ⁸
909 5096 1064 5168 Ἶιρα
1091 5102 1232 5166 τοὺς
1253 5103 1597 5170 ὀφλαλμούς
1623 5121 1739 5170 μου
1771 5105 1848 5166 εἰς

283 5199 359 5252 τὰ
392 5198 521 5264 ὅρη,
547 5196 685 5249 ὅθεν
714 5196 846 5260 ἥξει
879 5196 916 5261 ἡ
943 5194 1192 5258 ,βοήθειὰ
1220 5211 1362 5262 μου,
1390 5197 1482 5248 καὶ
1515 5195 1583 5246 τὰ
1609 5195 1754 5264 ἑξῆς.
1797 5196 1856 5246 Ὀ

281 5292 344 5344 δὲ
384 5291 738 5357 Ἀγριπττῖνος
762 5287 865 5354 ἔφη
891 5304 902 5316 ·
945 5288 1149 5338 Ἀνόσιε
1184 5289 1277 5338 καὶ
1320 5287 1420 5354 τῆς
1458 5287 1565 5339 τῶν
1598 5287 1735 5339 θεῶν
1770 5287 1858 5337 εὑ-

290 5381 516 5448 μενείας
552 5377 830 5445 άλλότριε,
864 5377 1048 5446 ἐπειδὴ
1090 5377 1268 5430 ἔδωκά
1300 5394 1380 5430 σοι
1415 5378 1747 5448 παρρησίαν,
1788 5377 1862 5445 μὴ

286 5471 528 5532 κολάσας
563 5487 618 5521 σε
655 5469 793 5522 κατὰ
827 5469 982 5537 λόγον
1005 5510 1019 5533 ,
1053 5470 1380 5537 φθέγγεσθαι
1416 5470 1618 5538 τολμᾷς
1649 5469 1854 5522 ἀθετῶν

400 5588 441 5618 ¹³
471 5584 612 5639 Psal.
635 5600 733 5638 cxx
786 5584 836 5648 4,
861 5585 915 5638 2.

1957 4654 2042 4705 fac
2077 4652 2186 4704 cito
2221 4650 2365 4718 quod
2408 4650 2509 4702 vis.
2545 4651 2699 4703 Tunc
2755 4649 2954 4718 impius
2999 4648 3332 4718 Agrippinus
3376 4663 3524 4701 mar-

1957 4742 2087 4812 tyris
2114 4740 2391 4795 admirans
2419 4738 2817 4802 fortitudinem,
2839 4739 3003 4806 jussit
3036 4753 3160 4791 eum
3199 4754 3385 4791 rursus
3407 4753 3526 4793 sus-

1955 4832 2115 4902 pendi
2152 4833 2203 4884 iu
2238 4832 2404 4900 ligno,
2435 4839 2489 4884 et
2523 4829 2885 4884 vehementer
2930 4829 3047 4894 ejus
3101 4829 3231 4881 eaidi
3283 4829 3437 4880 ulnas
3469 4838 3523 4881 et

1959 4926 2227 4979 femorum
2274 4923 2394 4990 ejus
2445 4922 2808 4974 latitudinem.
2845 4919 2918 4974 Ita
2981 4923 3226 4975 fecerunt
3284 4920 3521 4981 lictores,

1953 5033 2077 5071 eum
2111 5017 2377 5071 cadentes
2417 5015 2592 5083 spatio
2631 5014 2790 5067 trium
2824 5016 3101 5067 horarum.
3147 5012 3291 5064 Dixit
3339 5019 3518 5065 autem

1955 5119 2174 5170 sanctus
2204 5108 2400 5162 Christi
2441 5118 2674 5177 martyr:
2710 5104 3092 5159 chut‘ioculos
3125 5122 3258 5157 meos
3294 5107 3346 5156 in
3376 5120 3524 5154 mon-

1957 5209 2050 5263 tes,
2081 5201 2215 5252 unde
2265 5200 2426 5252 veniet
2484 5199 2746 5251 auxilium
2809 5213 3000 5249 meum.
3044 5196 3310 5247 Auxilium
3348 5211 3518 5246 meum

1958 5309 1989 5344 a
2050 5291 2286 5353 Domino,
2332 5291 2420 5358 qui
2485 5292 2605 5357 fecit
2661 5288 2844 5340 cwlum
2905 5299 2954 5340 et
3018 5297 3217 5338 terram
3253 5286 3316 5341 ’⁸.
3379 5286 3521 5337 Dixit

1960 5381 2337 5451 Agrippinus:
2406 5380 2574 5446 [inpie
2637 5389 2689 5432 et
2747 5395 2774 5431 a
2839 5377 3218 5431 benevolentia
3293 5377 3517 5429 deorum

1963 5473 2160 5536 aliene,
2193 5473 2446 5540 quoniam
2475 5470 2594 5524 dedi
2621 5471 2716 5524 tibi
2749 5470 3017 5532 fiduciam,
3045 5485 3150 5522 non
3187 5479 3235 5522 te
3269 5466 3517 5536 puniens,

362 5706 438 5769 (al
473 5704 678 5774 Desunt
706 5700 951 5774 quaedam
984 5703 1148 5774 verba
1174 5709 1396 5774 propter
1438 5703 1851 5774 homceotcleutn

1937 5722 2075 5774 qute,
2124 5705 2200 5758 sic
2231 5705 2505 5758 restituo:
2569 5703 2691 5756 Ὀτι
2719 5704 2837 5755 οὐδὲ
2880 5701 3183 5774 φιλοσόφου
3234 5700 3518 5774 ῌλάτωνος

287 5773 681 5843 ιφειόόμην-ἂν
711 5773 796 5824 δια
832 5772 928 5839 τὴν
958 5771 1074 5843 τῶν
1099 5772 1234 5822 θεῶν
1269 5772 1480 5843 εὖνοιαν
1510 5773 1764 5838 φοῦηθέὶς
1797 5778 1852 5827 τὸ
1879 5769 1968 5826 τοῦ
1996 5776 2395 5842 αὐτοκράτορος
2437 5776 2790 5843 πρόσταγμα·
2823 5774 2848 5824 ὁ
2873 5773 2925 5825 δὲ
2961 5775 3112 5839 ἇγιος
3140 5769 3274 5823 Θεοῦ
3301 5771 3519 5842 μάρτυς

288 5840 708 5898 Πλάτωννείπεν
731 5859 741 5873 ·
776 5843 985 5909 Ἕγκως
1019 5840 1117 5911 ἤδη
1149 5843 1241 5894 καὶ
1277 5842 1338 5894 σὺ
1369 5843 1453 5895 διὰ
1479 5844 1582 5897 τῶν
1617 5843 1889 5908 βασάνων.
1931 5845 2081 5901 Enn.
2113 5840 2275 5900 Pntt.
