4226 6436
735 397 844 460 423

2057 387 2338 449 MENSIS
2370 387 2671 450 IULIUS.

3875 390 3979 451 424

743 519 802 561 ut
864 520 958 575 par
989 513 1124 564 erat,
1178 504 1345 556 audes
1404 518 1547 556 nunc
1579 505 1752 572 loqui,
1819 504 2030 557 violans
2093 503 2304 571 jussum
2337 501 2412 557 A'

2337 501 2379 557 Α
2410 500 2472 552 τὰ
2504 501 2904 570 προστάγματα
2933 500 3041 552 τῶν
3064 500 3325 568 βασιλέων
3361 500 3533 555 Θῦσον
3563 504 3674 565 τοῗς
3697 503 3860 566 Θεοῖς,
3893 507 3987 556 καὶ

745 594 1172 666 imperatorum?
1211 594 1338 648 Liba
1359 609 1486 663 ergo
1514 596 1636 654 diis.
1682 605 1734 649 et
1766 602 1816 649 te
1874 595 2174 648 dimittam.
2215 593 2306 645 Di-

741 693 819 747 xit
851 699 1072 746 sanctus
1094 689 1246 744 Plato
1281 689 1376 742 :Si
1421 703 1539 751 nos,
1592 691 1682 758 qui
1716 689 1800 756 pie
1847 688 2014 741 Deum
2058 687 2308 746 colimus,

742 784 1019 854 punimur,
1052 793 1110 837 ut
1142 783 1236 851 qui
1267 782 1647 835 existimemur
1687 781 1854 848 impii,
1889 796 1984 833 vos
2018 780 2107 849 qui
2140 778 2310 831 Deum

740 878 1068 939 abhorretis,
1128 887 1181 930 et
1225 891 1450 942 corpus,
1506 875 1650 943 quod
1707 886 1791 930 est
1843 875 2059 937 iisdem,
2113 874 2312 943 quibus

738 984 857 1028 vos.
890 969 1186 1023 obnoxium
1221 967 1684 1036 perpessionibus,
1722 966 2225 1021 immisericorditcr
2258 974 2311 1019 ct

739 1055 961 1124 indigne
985 1055 1537 1126 cazditis:quoutodo
1593 1057 1986 1109 damnabimiui
2044 1057 2097 1109 in
2161 1056 2311 1124 justo

742 1143 834 1198 Dei
857 1145 1084 1216 judicio,
1120 1146 1172 1198 in
1207 1146 1315 1210 die,
1356 1145 1407 1198 in
1444 1161 1547 1214 qua
1588 1146 1852 1214 judicabit
1895 1146 2040 1200 Deus
2095 1145 2306 1199 occulta

738 1236 1022 1291 hominum
1058 1239 1167 1290 u"?
1201 1238 1342 1292 Dixit
1365 1239 1731 1309 Agrippinus:
1757 1238 1892 1293 Fero
1916 1249 1967 1292 te
1999 1239 2308 1307 loquentem

739 1330 1000 1384 audacter
1053 1339 1107 1383 et
1165 1331 1526 1385 confidenter.
1591 1332 1872 1394 Miserere,
1920 1346 1951 1383 ο
1986 1330 2310 1384 cltarissime

739 1421 912 1485 Plato,
963 1433 1066 1476 ture
1125 1424 1367 1477 ﬂorentis
1420 1423 1626 1489 artatis;
1673 1425 1775 1476 hoc
1809 1425 1952 1476 enim
2010 1421 2105 1475 tibi
2162 1421 2312 1475 dedit

739 1513 978 1575 fortuna,
1014 1529 1133 1582 qua:
1151 1524 1234 1567 est
1259 1515 1503 1571 eiusdem
1531 1516 1769 1568 nominis
1800 1532 1813 1580 ;
1842 1514 2047 1583 aspicio
2077 1512 2222 1566 enim
2258 1520 2310 1566 te

740 1607 897 1658 talem
931 1621 1050 1658 esse
1101 1605 1365 1669 futurum,
1396 1608 1573 1675 qualis
1621 1608 1709 1661 ille
1744 1607 1845 1660 fuit
1873 1604 2310 1674 sapientissimus

741 1701 912 1755 Plato.
975 1702 1108 1754 Nam
1171 1718 1293 1756 cum
1359 1703 1552 1755 fuisset
1614 1700 1869 1766 princeps
1931 1693 2305 1762 philosophiae,

2414 591 2631 643 ἀπολύω
2661 609 2739 643 σε.
2782 592 2842 650 'U
2871 591 3022 657 ἅγιος
3057 592 3276 644 Πλάτων
3308 588 3460 644 εἶπεν
3481 611 3493 623 ο
3515 594 3588 667 ~Ei
3615 597 3776 662 ἡμεῖς
3805 594 3990 651 0:063-

2415 681 2632 745 εούντες
2674 683 2876 735 άνὸσιοι
2919 683 3304 752 ύπονοούμενοι
3350 684 3704 750 κολαζόμεοα,
3741 687 3855 746 πῶς
3901 703 3988 737 σοι

2415 774 2874 842 καταδικασθῆναι
2910 773 2996 846 οἴῃ
3030 775 3085 826 ὲν
3117 777 3181 842 τῇ
3219 774 3586 845 δικαιοκρισίᾳ
3625 775 3718 826 τοῦ
3751 776 3884 829 Θεοῦ
3924 778 3984 826 ἐν

2415 869 2475 933 τῇ
2511 867 2712 934 ἡμέρα,
2741 869 2795 918 ἐν
2896 869 3071 937 κρινεῖ
3099 867 3126 917 ὁ
3162 866 3291 928 Θεὸς
3317 868 3383 919 τὰ
3409 870 3623 936 κρυπτά
3649 868 3756 919 τῶν
3780 868 3988 936 ἀνθρώ-

2414 973 2569 1021 πων;
2619 959 2974 1024 Ἀγριππῖνος
3013 958 3114 1026 ἔφη
3141 973 3155 988 ·
3207 958 3494 1026 ’Λνέχομαί
3536 977 3630 1010 σου
3673 961 3985 1028 παρρησιαο

2415 1047 2662 1115 ζομένου,
2698 1048 2984 1118 οἰκτείρων
3007 1065 3099 1099 σου
3126 1051 3224 1116 τῆς
3253 1048 3468 1118 ἡλικίας
3499 1051 3641 1110 νέον,
3668 1049 3734 1100 δι’
3769 1052 3832 1118 ἦν
3860 1051 3988 1116 ἐχα-

2425 1140 2608 1208 ρίσατό
2645 1157 2725 1192 σοι
2760 1139 3080 1208 ὁμωνυμίαν
3112 1141 3142 1207 ἡ
3173 1140 3307 1211 τύχη
3333 1155 3346 1170 °
3378 1143 3469 1192 καὶ
3498 1144 3606 1210 γὰρ
3635 1141 3874 1194 τοιοῦτὸν
3927 1158 3982 1192 σε

2413 1233 2630 1285 ἔσεσθαι
2665 1231 2970 1303 προσδοκῶ,
3011 1229 3120 1295 οἷος
3158 1235 3365 1294 ἐκεῖνος
3402 1235 3427 1284 ὁ
3465 1235 3688 1285 Πλάτων
3714 1249 3727 1261 ·
3773 1232 3986 1299 φιλοσο-

2417 1325 2545 1393 φίας
2565 1325 2670 1393 γὰρ
2695 1325 2936 1393 ἀρχηγὸς
2959 1323 3217 1391 γεγονὼς,
3243 1323 3310 1375 τὰ
3328 1325 3434 1376 τῶν
3460 1324 3595 1376 θεῶν
3622 1326 3987 1389 συνεστήσατο

2414 1416 2656 1483 δόγματα
2682 1456 2697 1480 ,
2730 1418 2809 1470 διὸ
2843 1417 2935 1469 καὶ
2970 1418 3129 1484 λόγου
3171 1415 3367 1469 πολλοῦ
3408 1417 3736 1486 μεταδίδωμί
3772 1434 3854 1468 σοι
3889 1417 3988 1467 καὶ

2415 1509 2620 1561 εὐνοεῖν
2663 1525 2721 1560 σε
2753 1510 2845 1561 ἐπὶ
2880 1512 2989 1571 τοῖς
3019 1511 3159 1572 Θεοῖς
3192 1508 3545 1577 συμϐουλεύω
3575 1511 3666 1560 καὶ
3701 1509 3985 1561 ἀνελέσθαι

2416 1615 2474 1650 σε
2501 1597 2594 1660 τὸν
2624 1598 2808 1665 νόμον,
2841 1598 2898 1649 ὃν
2933 1600 2982 1649 οἱ
3017 1599 3418 1668 αὐτοκράτορες
3450 1598 3660 1650 ἔθεντο·
3694 1597 3984 1668 πεισθῆναι

2416 1692 2471 1743 δὲ
2510 1693 2602 1745 καὶ
2633 1694 2750 1754 ταῖς
2783 1693 2942 1760 ἐμαῖς
2975 1694 3380 1761 παραινέσεσιν.
3417 1695 3477 1745 Et
3507 1694 3561 1746 δὲ
3602 1691 3675 1762 μὴ
3706 1692 3984 1760 πεισθεὶς,

738 1792 964 1846 deorum
1015 1794 1267 1864 dogmata
1299 1793 1607 1848 constituit.
1659 1789 2025 1854 Quamobrem
2067 1786 2302 1854 benigno
2335 1830 2376 1886 Β

2335 1830 2376 1886 Β
2413 1783 2644 1850 γίνωσκε
2681 1783 2763 1835 ὅτι
2797 1784 3104 1850 ἀναγκάσαι
3146 1799 3204 1835 σε
3234 1783 3339 1851 ἔχω
3371 1784 3644 1852 διαφόροις
3682 1785 3775 1836 καὶ
3824 1798 3983 1850 στρε-

740 1891 918 1935 tecum
950 1884 1156 1951 loquor,
1182 1893 1235 1937 et
1260 1884 1484 1938 consqu
1513 1892 1570 1935 ut
1597 1881 1670 1935 sis
1708 1880 1973 1949 benignus
2007 1877 2059 1930 in
2096 1877 2228 1929 deos
2267 1893 2280 1927 :

737 1981 791 2026 et
815 1974 957 2044 leges
993 1977 1280 2045 suscipias,
1307 1991 1442 2044 quas
1474 1974 1575 2043 ipsi
1631 1973 1872 2026 tulerunt
1925 1971 2300 2038 imperatores,

736 2075 791 2117 ct
819 2068 955 2122 meis
995 2084 1188 2135 pareas
1220 2065 1781 2123 admonitionibus.Si
1818 2064 1947 2118 IIIIIlI
1984 2072 2161 2115 autem
2196 2076 2302 2112 non

745 2156 1017 2219 parueris,
1052 2158 1193 2210 scias
1215 2167 1420 2224 aperte,
1458 2157 1574 2210 fore
1619 2164 1674 2206 ut
1711 2169 1810 2222 ego
1870 2163 1919 2207 te
1950 2165 2135 2217 cogam
2203 2149 2304 2202 hoc

2423 1874 2728 1942 ὀλωτέραις
2758 1873 3052 1944 τιμωρίαις
3081 1873 3238 1933 τοῦτο
3266 1873 3508 1942 ποιῆσαι,
3538 1873 3611 1934 ὼς
3631 1873 3985 1942 ψευδώνυμον

2413 1966 2647 2034 ὀφθέντα
2719 1965 3000 2028 Πλάτωνος
3065 1966 3157 2018 τοῦ
3221 1967 3484 2034 μεγίστην
3545 1965 3862 2033 φιλοσοφίαν
3925 1965 3986 2014 ἐν

2414 2058 2721 2124 ἀνθρώποις
2751 2059 3133 2128 κτησαμένου,
3181 2057 3494 2128 ἀγνώμονος
3540 2075 3632 2111 σου
3681 2057 3986 2128 δειχθέντος

2413 2150 2540 2218 περὶ
2571 2150 2694 2210 τους
2726 2148 2900 2211 Θιούς.

736 2242 918 2299 facere
949 2247 1181 2302 diversis
1225 2258 1279 2302 et
1309 2249 1516 2302 acerbis
1549 2248 1851 2318 suppliciis,
1885 2256 1942 2299 ut
1979 2245 2068 2314 qui
2107 2243 2242 2297 falso
2275 2242 2349 2295 sis
2389 2243 2690 2311 appellatus
2745 2242 2894 2295 Plato
2929 2261 2940 2295 :
2974 2243 3112 2312 ejus,
3146 2243 3390 2312 inquam,
3444 2244 3663 2298 nomine
3695 2253 3978 2312 suscepto.

738 2339 826 2407 qui
863 2341 1005 2394 inter
1026 2342 1275 2398 homines
1305 2345 1589 2398 maximam
1623 2345 1722 2398 sibi
1752 2343 1962 2412 paravit
2005 2337 2424 2409 phil050pltiam,
2481 2353 2604 2391 cum
2632 2348 2690 2389 tu
2737 2337 2790 2388 in
2826 2339 2956 2391 deos
2988 2340 3229 2408 ingratus
3266 2338 3523 2394 evaseris.

813 2432 1000 2488 XVIII.
1038 2435 1242 2488 Christi
1276 2448 1455 2490 autem
1509 2453 1683 2492 .verus
1719 2453 1782 2489 ac
1805 2449 2094 2505 germanus
2141 2432 2302 2485 miles

740 2522 888 2576 Plato
913 2523 1048 2578 dixit
1090 2542 1103 2578 :
1147 2527 1312 2580 Valde
1344 2543 1594 2598 magnum
1619 2527 1983 2581 soloecismum
2037 2525 2300 2588 admittis,

738 2632 770 2671 ο
802 2617 1120 2687 Agrippine,
1151 2634 1340 2673 errans
1368 2620 1420 2673 iu
1481 2621 1728 2673 veritate.
1786 2619 1918 2672 Nam
1977 2634 2100 2672 cum
2151 2619 2303 2686 pater

740 2717 865 2762 tuus
895 2708 1129 2762 Satanas
1160 2711 1229 2764 ab
1259 2712 1412 2764 initio
1475 2710 1637 2764 fuerit
1685 2711 2050 2779 perniciosus,
2106 2709 2302 2761 merito

744 2811 800 2853 tu
833 2815 1070 2869 quoque,
1102 2801 1188 2869 qui
1222 2817 1278 2855 es
1315 2803 1430 2872 ejus
1459 2802 1727 2866 minister,
1759 2802 1890 2856 facis
1923 2800 1970 2853 ei
2024 2800 2297 2859 similiter,

737 2899 794 2942 et
818 2898 870 2942 te
901 2889 955 2942 in
987 2891 1106 2958 ejus
1138 2907 1360 2945 exerces
1390 2892 1718 2946 actionibus.
1779 2886 2092 2943 Darmonum
2156 2889 2300 2941 enim

740 2980 1013 3034 fortunam
1078 2983 1294 3035 invehis
1329 2983 1380 3034 in
1421 2982 1667 3036 homines
1691 2981 2049 3045 Christianos,
2082 2981 2171 3051 qui
2207 2996 2305 3035 nec

739 3071 885 3126 ferre
915 3073 1132 3142 quidem
1150 3083 1377 3144 possunt
1403 3076 1589 3129 audire
1622 3075 1822 3144 aliquid
1858 3075 2142 3144 ejusmodi.
2165 3073 2296 3127 Sum

737 3178 868 3232 ergo
894 3166 1140 3233 ejusdem
1179 3169 1413 3236 quidem
1445 3171 1702 3228 nominis,
1751 3168 1910 3233 cujus
1963 3167 2111 3218 Plato
2147 3184 2159 3218 :
2205 3165 2297 3218 sed
2333 3205 2374 3264 Ο

739 3270 848 3308 non
882 3271 1000 3309 sum
1041 3258 1232 3310 iisdem
1265 3259 1511 3314 moribus
1532 3259 1816 3326 praeditus.
1847 3257 1992 3321 Quos
2015 3257 2156 3310 enim
2189 3272 2304 3310 mo-

739 3361 827 3400 res
855 3362 961 3400 non
1002 3349 1364 3418 conjungunt,
1403 3364 1471 3402 ne
1527 3365 1724 3403 nomen
1763 3350 1982 3418 quidem
2044 3364 2137 3403 eos
2166 3364 2301 3403 con-

735 3437 907 3499 ciliat,
928 3453 1104 3507 neque
1125 3441 1272 3493 locus
1297 3441 1528 3510 capulat,
1553 3441 1654 3494 nisi
1677 3443 1847 3495 solum
1879 3441 2073 3509 pictas.
2097 3440 2300 3506 Quam-

737 3529 925 3581 obrem
985 3530 1130 3582 nulla
1191 3532 1244 3583 in
1282 3532 1354 3582 rei
1378 3531 1425 3583 ei
1471 3532 1662 3584 similis
1692 3547 1807 3583 sum
1864 3532 2037 3594 Plato,
2079 3539 2302 3599 praeter-

736 3636 896 3688 quam
922 3621 974 3674 in
1000 3622 1114 3676 solo
1130 3622 1367 3676 nomine:
1399 3623 1504 3676 hoc
1527 3631 1706 3676 autem
1731 3623 1861 3675 mihi
1891 3623 2033 3691 piam
2061 3631 2298 3675 mentem

737 3730 1018 3782 nunquam
1047 3715 1244 3783 poterit
1267 3716 1484 3768 laedere.
1545 3713 1610 3767 Et
1667 3731 1764 3784 ego
1812 3715 2029 3784 quidem
2070 3730 2300 3770 exerceo

736 3821 881 3869 eam,
914 3819 1031 3872 qua:
1057 3815 1137 3858 est
1173 3805 1224 3858 in
1251 3806 1488 3869 Chrism,
1527 3807 1922 3876 pIIIIUSOPItialn
1963 3825 1976 3860 :
2016 3808 2160 3862 illius
2200 3823 2299 3861 au-

738 3906 843 3949 tem
883 3896 1222 3964 phil050pbia
1258 3906 1337 3951 est
1392 3897 1531 3963 apud
1577 3895 1742 3947 Deum
1802 3913 1982 3969 meum
2050 3898 2296 3950 stultitia.

739 3986 1011 4053 Scriptum
1041 3998 1125 4038 est
1163 3988 1306 4038 enim
1333 4003 1345 4036 :
1381 3986 1610 4038 Perdant
1634 3975 1948 4052 sapientiam
1980 3989 2296 4056 sapientum,

735 4087 785 4132 ει
837 4079 1166 4150 prudentiam
1198 4077 1512 4146 prudentum
1541 4077 1752 4130 abolebo
1783 4078 1845 4132 “.
1897 4078 2031 4132 Nam
2070 4080 2296 4133 deorum

735 4175 1008 4241 dogmata,
1041 4187 1160 4238 quae
1188 4171 1297 4232 ille,
1334 4181 1392 4222 ut
1423 4170 1580 4233 dicis,
1637 4171 1840 4238 posuit,
1877 4181 2001 4224 sunt
2055 4170 2200 4225 falsa:
2247 4181 2300 4226 ct

737 4262 875 4314 ficta:
917 4261 1127 4322 fabulae,
1182 4274 1300 4328 quae
1325 4260 1716 4312 adumbrantur
1741 4261 2064 4328 deceptione
2093 4262 2297 4314 daemo-

736 4370 888 4418 num,
960 4355 1055 4420 qui
1108 4353 1307 4406 animis
1357 4351 1594 4405 afferunt
1651 4353 1954 4415 interitum,
1997 4361 2050 4406 et
2110 4357 2299 4407 verbo-

735 4459 853 4496 rum
916 4444 1112 4496 astutia
1151 4454 1354 4496 vestras
1387 4453 1601 4496 mentes
1629 4454 1982 4508 excmcantes,
2017 4445 2299 4500 abducunt

734 4553 762 4589 a
811 4537 1159 4605 simplicitate
1218 4535 1364 4601 fidei,
1399 4551 1518 4603 quae
1547 4545 1631 4588 est
1659 4537 1708 4587 in
1741 4535 2035 4589 Christum.

804 4627 945 4682 XIX.
981 4629 1267 4696 Postquam
1324 4637 1504 4681 autem
1531 4639 1800 4681 cessasset
1866 4628 2009 4697 loqui
2072 4641 2294 4699 martyr,

734 4722 850 4789 ejus
917 4721 1135 4788 quidem
1175 4735 1434 4788 responso
1484 4719 1897 4788 obstupefactus
1937 4721 2293 4789 Agrippinus,

735 4811 932 4863 mansit
971 4820 1171 4870 mutus,
1211 4826 1315 4862 non
1341 4811 1523 4863 valens
1551 4810 1598 4863 ei
1631 4810 1978 4876 respondere.
2040 4813 2173 4864 Cum
2200 4826 2294 4863 au-

740 4915 844 4957 tem
879 4904 1036 4971 paulo
1065 4910 1185 4970 post
1215 4901 1616 4970 jussisseteum
1651 4901 1716 4954 de
1743 4902 1888 4969 ligno
1923 4901 2147 4968 deponi,
2201 4917 2291 4970 ag-

740 5005 956 5062 gressus
985 5001 1062 5044 est
1095 5007 1216 5044 eum
1247 5007 1434 5044 rursus
1492 4990 1701 5043 blandis
1740 4991 1920 5045 verbis
1973 4993 2290 5058 admouere,

738 5085 816 5138 sic
864 5081 1050 5136 dicens
1086 5097 1098 5133 :
1160 5081 1265 5150 Ego
1296 5083 1360 5134 de
1417 5092 1632 5145 caetero,
1669 5099 1700 5135 ο
1751 5083 1922 5145 Plato,
1968 5083 2109 5152 quod
2146 5084 2210 5136 ad
2243 5094 2293 5138 te

733 5175 946 5244 quidem
988 5174 1198 5236 attinet,
1233 5189 1349 5226 smn
1389 5174 1543 5242 plane
1587 5175 1966 5230 animidubius
2028 5194 2128 5231 nec
2180 5179 2292 5234 scio

730 5265 858 5334 quid
915 5265 1137 5321 debeam
1191 5265 1387 5318 facere.
1437 5263 1541 5329 Qui
1577 5266 1758 5334 itaque
1789 5275 1838 5319 te
1900 5269 2082 5323 multis
2134 5270 2288 5324 aﬂ'eci

726 5355 1085 5416 cruciatibus,
1113 5370 1212 5409 nec
1243 5356 1532 5423 quidquam
1566 5357 1740 5420 effeci,
1765 5368 1818 5410 et
1854 5358 2074 5411 adhibui
2137 5361 2289 5414 blan-

725 5444 909 5507 ditias,
932 5452 986 5498 et
1021 5445 1124 5498 hoc
1147 5444 1277 5496 nihil
1321 5442 1544 5513 profuit,
1580 5460 1725 5497 nunc
1753 5446 1914 5498 statui
1941 5447 2143 5514 aliquot
2173 5448 2289 5503 dies

731 5535 825 5589 tibi
854 5535 1170 5590 concedere.
1206 5536 1363 5590 Forte
1409 5552 1532 5590 cum
1577 5537 1653 5589 sic
1711 5539 1995 5604 agnoveris
2030 5539 2100 5599 id,
2143 5540 2284 5608 quod

723 5625 927 5681 esttibi
965 5626 1116 5691 utile,
1151 5627 1290 5680 hanc
1314 5635 1456 5681 tuam
1489 5629 1766 5698 relinques
1802 5629 2181 5696 pervicaciam,
2234 5640 2286 5684 ct

833 5802 875 5835 "
906 5802 1062 5858 Rom.
1093 5820 1152 5868 tt,
1191 5803 1275 5860 16.
1385 5808 1425 5864 ”.
1461 5806 1561 5862 Isa.
1605 5821 1748 5875 xxtx,
1776 5807 1835 5862 14
1865 5823 1878 5875 ;
1911 5825 1924 5862 ι
1953 5809 2074 5864 Cor.
2114 5811 2268 5878 [,19.

2476 2428 2578 2484 IH'.
2621 2429 2678 2483 Ὀ
2696 2431 2752 2484 δὲ
2771 2430 2937 2493 ὅντως
2961 2431 3180 2501 γνήσιος
3201 2430 3292 2483 τοῦ
3315 2430 3547 2501 Χριστοῦ
3573 2429 3819 2501 μαθητὴς
3844 2431 3986 2483 ma-

2403 2539 2510 2573 των
2542 2516 2692 2574 εἶπεν
2719 2537 2734 2554 ο
2784 2521 3135 2585 Σολοικίζεις,
3186 2522 3527 2591 Ἀγριππῖνε,
3575 2519 3776 2587 σφόδρα
3810 2517 3987 2584 σφαλ-

2403 2613 2627 2682 λόμενος
2656 2630 2720 2666 πε
2733 2614 2782 2680 pi.
2814 2615 2911 2681 τὴν
2943 2613 3198 2683 ἀλήθειαν
3217 2629 3232 2644 ·
3259 2611 3356 2678 τού
3381 2611 3487 2678 γὰρ
3528 2610 3730 2676 πατρός
3760 2624 3854 2660 σου
3886 2606 3984 2659 τοῦ

2404 2706 2616 2757 Σατανᾶ
2657 2705 2934 2772 λυμεῶνος
2968 2705 3353 2772 τυγχάνοντος,
3388 2701 3610 2761 εἰκότως
3641 2699 3733 2750 καὶ
3767 2699 3833 2750 σὺ
3881 2700 3985 2750 αύ-

2409 2792 2502 2842 τοῦ
2541 2793 2801 2860 ὑπάρχων
2837 2792 3143 2860 ὑπουργὸς,
3173 2791 3240 2842 τὰ
3286 2791 3444 2859 ὃμοια
3477 2789 3623 2856 αύτῴ
3656 2788 3984 2856 διαπράττει

2411 2881 2502 2932 καὶ
2531 2882 2626 2942 τὰς
2680 2881 2905 2951 πράξεις
2963 2879 3126 2934 αὑτοῦ
3184 2881 3450 2952 μελετᾷς’
3484 2880 3652 2949 τύχην
3675 2881 3784 2949 γὰρ
3838 2896 3983 2949 παρ-

2409 2967 2679 3034 εισφέρεις
2736 2968 3008 3038 δαιμόνων
3077 2970 3388 3040 ἀνθρώποις
3442 2971 3787 3040 Χριστιανοίς
3867 2971 3982 3030 τοῖς

2418 3060 2551 3130 μηδὲ
2579 3060 2806 3114 ἀκοῦσαί
2841 3080 2893 3114 τι
2925 3062 3163 3116 τοιοῦτον
3206 3063 3552 3133 ἀνεχομένοις
3589 3063 3735 3114 ποτέ.
3769 3061 3981 3115 Οὐκοῦν

2404 3147 2690 3216 ὁμώνυμός
2721 3153 2834 3218 είμι
2859 3152 3162 3219 Πλάτωνος,
3191 3153 3490 3224 ὁμότροπος
3509 3153 3562 3206 δὲ
3581 3153 3680 3205 οὐκ
3707 3153 3823 3220 είμί
3846 3167 3859 3180 ·
3884 3150 3981 3210 οὓς

2407 3239 2512 3309 γὰρ
2555 3239 2616 3293 οὐ
2663 3241 2922 3296 συνάπτει
2951 3245 3169 3314 τρόπος,
3217 3244 3331 3296 οὐδὲ
3376 3243 3546 3312 ὄνομα
3592 3244 3814 3306 τούτους
3853 3260 3982 3297 συν-

2407 3329 2605 3398 ίστησι.
2640 3333 2697 3383 Ὀ
2759 3333 2815 3384 δὲ
2837 3334 3034 3401 τρόπος
3089 3331 3403 3399 συζευγνύει
3424 3369 3438 3393 ,
3468 3332 3616 3398 εἰμὴ
3642 3331 3802 3400 μόνον
3828 3335 3983 3384 eicio

2405 3422 2546 3489 ϐεια,
2575 3421 2715 3474 ὥστε
2748 3423 2823 3485 είς
2856 3423 3007 3476 οὐδὲν
3034 3411 3223 3482 ἐοικώς
3249 3423 3364 3491 είμι
3387 3423 3654 3487 Πλάτωνι,
3689 3425 3736 3474 εἰ
3771 3424 3845 3492 μὴ
3878 3427 3981 3492 μό-

2405 3529 2492 3564 νον
2524 3513 2663 3565 κατὰ
2686 3513 2743 3564 τὸ
2772 3513 2941 3582 ὄνομα
2968 3512 3125 3566 τοῦτο
3154 3512 3353 3583 βλάψαι
3387 3530 3490 3582 μου
3521 3513 3610 3566 τὸν
3644 3512 3842 3581 εὐσεϐῆ
3888 3515 3978 3564 λου

2403 3603 2600 3672 γισμὸν
2657 3603 2717 3656 ού
2771 3604 2994 3658 δύναται
3052 3605 3308 3660 πώποτεο
3370 3604 3690 3674 φιλοσοφίαν
3750 3603 3859 3672 γαρ
3919 3606 3975 3654 ἐν

2401 3695 2622 3766 Χριστῷ
2647 3697 3002 3766 μετέρχομαιο
3040 3697 3142 3767 ἠδὲ
3174 3698 3378 3752 ἐκείνου
3408 3696 3694 3766 φιλοσοφία
3723 3694 3875 3764 παρὰ
3899 3695 3974 3762 τῷ

2401 3787 2520 3857 Θεῷ
2553 3789 2732 3858 μωρία
2759 3791 2907 3841 ἐστὶν
2939 3790 3030 3839 καὶ
3068 3789 3342 3850 ἀπωλείας
3369 3789 3624 3857 πρόξενος
3654 3791 3763 3848 τοῖς
3798 3787 3972 3838 πειθο-

2406 3877 2588 3944 μένοις
2646 3879 2782 3944 αὐτῇ
2820 3892 2833 3905 ’
2865 3877 3177 3945 γέγραπται
3229 3877 3337 3943 γάρ
3364 3889 3377 3902 ·
3412 3874 3644 3928 Ἀπολῶ
3705 3875 3819 3938 τὴν
3866 3891 3972 3926 σο-

2403 3967 2549 4034 φίαν
2578 3965 2696 4019 τῶν
2724 3965 2950 4034 σοφῶν,
2994 3965 3089 4019 καί
3125 3965 3236 4034 τὴν
3274 3966 3530 4020 σύνεσιν
3556 3963 3672 4016 τῶν
3701 3965 3974 4019 συνετῶν

2401 4059 2696 4126 ἀθετήσω.
2730 4059 2810 4114 Τὰ
2853 4060 2960 4130 γὰρ
2994 4060 3238 4129 δόγματα
3270 4059 3376 4114 τῶν
3411 4059 3546 4112 θεῶν
3575 4058 3611 4114 ἂ
3659 4059 3722 4112 σὺ
3769 4059 3968 4127 λέγεις,

2401 4153 2602 4212 ἐκεῖνος
2632 4150 2782 4201 ἔθετο
2807 4150 2995 4219 μύθοις
3019 4151 3267 4219 ψευδέσιν
3295 4149 3387 4201 καὶ
3412 4150 3849 4218 πεπλανημένοις
3871 4165 3884 4179 ·
3909 4153 3970 4217 τῇ

2402 4242 2509 4308 γὰρ
2542 4241 2723 4308 ἀπάτη
2755 4241 2861 4291 τῶν
2893 4242 3161 4309 ῖαιμόνων
3192 4242 3298 4291 τῶν
3315 4242 3668 4309 ψυχοψοὸρων
3704 4259 3969 4307 στοιχεια-

2402 4331 2644 4399 ζόμενος,
2697 4331 2790 4383 καὶ
2847 4329 3045 4391 πάντες
3087 4333 3134 4382 oi.
3179 4332 3299 4382 κατ’
3346 4334 3504 4384 αὑτὸν
3550 4331 3873 4398 τυφλοῦντες
3903 4336 3970 4384 ti

2401 4423 2648 4490 νοήματα
2688 4422 2840 4492 ὑμῶν
2878 4421 2964 4474 διὰ
3005 4425 3100 4486 τῆς
3140 4423 3481 4492 πανουργίας
3521 4423 3629 4474 τῶν
3665 4422 3836 4490 λόγων
3865 4425 3970 4476 ἀπὸ

2401 4513 2496 4581 τῆς
2527 4512 2824 4582 ἁπλότητος
2854 4515 2952 4581 τῆς
2988 4514 3065 4576 είς
3096 4514 3185 4566 τὸν
3222 4514 3453 4583 Χριστὸν
3482 4515 3793 4585 ἀπήγαγον.

2467 4623 2566 4678 ΙΘ’.
2597 4626 2747 4678 Μετὰ
2783 4626 2837 4678 δὲ
2883 4625 2938 4676 τὸ
2961 4625 3267 4678 παύσασθαι
3287 4627 3374 4678 τὸν
3408 4629 3658 4697 μάρτυρα
3682 4627 3966 4687 λαλοῦντα,

2400 4716 2534 4785 πρὸς
2567 4716 2663 4784 μὲν
2693 4717 2870 4782 ὀλίγον
2903 4717 3195 4782 ἐκπλαγεὶς
3233 4714 3264 4766 δ
3301 4716 3654 4785 Ἀγριππῖνος
3697 4720 3796 4786 τὴν
3830 4721 3967 4770 ἁπο-

2399 4824 2575 4871 κρισινν
2604 4807 2763 4858 αὑτοῦ
2795 4807 2985 4874 ἔμενεν
3013 4807 3144 4867 τέως
3161 4806 3529 4874 ἀποκριθῆναι
3555 4809 3628 4876 μὴ
3646 4808 3966 4875 δυνάμενος.

2396 4897 2576 4965 Βραχὺ
2602 4896 2655 4949 δὲ
2676 4895 2932 4958 κελεύσας
2957 4895 3171 4949 ἀπὸτοῦ
3198 4897 3354 4960 ξύλου
3373 4897 3532 4947 αὑτὸν
3557 4899 3964 4969 κατενεχθῆναι,

2393 4990 2715 5058 ἐπεχείρησε
2763 4989 2919 5042 πάλιν
2943 4990 3122 5056 λόγοις
3161 4991 3525 5052 ἐπαινετικοίς
3567 4991 3772 5043 πείθειν
3803 4994 3965 5046 αὑτὸν

2392 5080 2562 5146 λέγων
2585 5097 2596 5109 ·
2662 5080 2798 5145 Ἐγὼ
2839 5079 3043 5143 λοιπὸν,
3078 5081 3322 5141 Πλάτων,
3357 5081 3542 5149 ἁπορεῦ
3591 5083 3654 5132 τὰ
3688 5087 3814 5149 περὶ
3871 5083 3962 5136 σοῦ

2397 5175 2490 5226 καὶ
2530 5172 2627 5224 οὐκ
2660 5167 2775 5223 οἶδα
2805 5172 2854 5225 τί
2884 5173 3080 5240 ὀφείλω
3101 5164 3520 5242 διαπράξασθαι.
3546 5175 3698 5228 Ἐπεὶ
3741 5172 3834 5227 οὖν
3873 5178 3962 5229 καὶ

2391 5261 2656 5330 τιμωρίας
2685 5261 2879 5322 πολλὰς
2906 5264 3204 5330 ἐπήγαγον,
3249 5265 3339 5314 καὶ
3369 5264 3521 5318 οὐδὲν
3561 5264 3722 5316 πλέον
3763 5267 3959 5334 ἤνυσα,

2391 5355 2482 5405 καὶ
2506 5355 2788 5416 κολακείας
2819 5354 3151 5422 προσέθηκα,
3186 5357 3277 5408 καὶ
3316 5357 3434 5407 οὐδὲ
3463 5355 3633 5419 οὕτως
3672 5358 3956 5427 ὡφέλησα,

2394 5447 2486 5498 νύν
2515 5447 2831 5514 ἐσκεψάμην
2863 5446 3096 5497 ἐνδοῦναί
3124 5464 3203 5498 σοι
3233 5448 3441 5515 ἡμέρας
3474 5449 3655 5509 τινὰς,
3691 5450 3819 5510 ἴσως
3859 5453 3959 5503 κᾶν

2393 5539 2564 5602 οὕτως
2620 5543 2859 5608 ἐπιγνῳς
2903 5540 2961 5590 τὸ
3006 5540 3424 5609 συμφέρον,καὶ
3471 5541 3809 5610 καταλείψας
3858 5543 3956 5609 τὴν

2395 5632 2640 5701 ἔνστασίν
2674 5649 2763 5684 σου
2799 5629 2999 5700 ταύτην
3031 5631 3344 5694 ποοσέλθοι;
3373 5635 3482 5694 τοῖς
3511 5631 3607 5703 τὴν
3631 5633 3955 5703 οἰκουμένην
