4226 6436
749 379 853 439 427
2079 387 2360 448 MENSIS
2399 390 2696 453 IULIUS.
3904 389 4021 449 4‘28

751 495 892 549 beati
937 495 1177 551 Platonis
1214 498 1458 570 reliquiae
1494 510 1730 570 acceptze
1781 518 1810 555 a
1858 501 2215 564 Christianis,
2252 502 2513 574 depositae
2567 505 2793 561 fuerunt
2831 505 2890 561 in
2922 505 3117 562 eodem
3149 509 3293 572 loco,
3362 507 3456 577 qui
3503 507 3708 564 dicitur
3755 504 4024 574 Campus.

744 591 1166 650 Consummatus
1229 605 1412 651 autem
1480 595 1583 651 fuit
1644 608 1866 654 sanctus
1917 608 1974 654 et
2036 600 2310 670 gloriosus
2368 612 2600 674 martyr,
2651 604 2807 659 Plato
2862 588 3234 666 beatissimus,
3293 603 3498 656 mensis
3547 598 3872 654 Novembris
3916 597 4023 650 de-

745 687 888 741 cimo
946 698 1160 756 octavo,
1216 698 1482 761 regnante
1542 691 1777 745 Domino
1833 702 2024 746 nostro
2077 690 2209 747 Jesu
2269 691 2489 750 Christo
2531 713 2544 750 :
2579 695 2666 751 cui
2699 697 2868 766 gloria
2902 705 2958 752 et
3007 696 3256 766 potentia
3299 696 3356 748 in
3400 692 3602 750 szecula
3664 690 4021 745 saeculorum.

745 785 940 840 Amen.

1255 907 3977 936 m-W

751 912 1250 938 m-

1843 1039 2950 1158 ΥΠΟΜΝΗΜΑΤΑ

1144 1249 1372 1334 ΤΩΝ
1448 1250 1787 1335 ΑΓΙΩΝ
1864 1250 2164 1334 ΕΠΤΑ
2228 1247 2656 1335 ΠΑΙΔΩΝ
2731 1251 2813 1334 Τ.

1942 1250 2164 1334 ΠΤΑ
2228 1247 2656 1335 ΠΑΙΔΩΝ
2731 1248 2958 1334 ΤΩΝ
3035 1247 3177 1332 ΕΝ
3252 1239 3611 1330 ΕΦΕΣΩ

1657 1417 1861 1469 ΠΕΡΙ
1936 1417 2094 1468 ΤΗΣ
2158 1413 2746 1470 ΑΝΑΣΤΑΣΕΩΣ
2824 1414 3132 1467 ΛΥΤΩΝ.

1073 1651 1927 1748 COMMENTABII
2050 1654 2512 1742 SEPTEM
2637 1647 3654 1742 ADOLESCENTIUM

1826 1833 1964 1906 QUI
2025 1833 2306 1894 EPHESI
2365 1831 2924 1895 DORMIERUNT.

1293 1989 1490 2052 (Latine
1523 2003 1600 2052 ap.
1636 1988 1833 2038 Surium
1868 1987 1927 2036 ad
1974 1986 2090 2036 Julii
2119 1985 2207 2043 27;
2257 1983 2427 2034 Graece
2459 1996 2519 2033 ex
2549 1985 2656 2034 cod.
2682 1999 2773 2035 ms.
2806 1985 2962 2045 Paris,
3002 1999 3052 2034 n.
3079 1984 3216 2047 “85,
3239 1998 3351 2036 διες.
3377 1987 3467 2049 xi.)

804 2207 843 2262 1.
881 2207 1130 2262 Tenente
1183 2205 1347 2260 Decio
1390 2204 1623 2258 Romani
1675 2203 1889 2274 imperii
1930 2203 2321 2274 principatum,
2355 2213 2400 2268 Α

2355 2213 2400 2268 Α
2499 2208 2577 2261 Α’.
2621 2207 2890 2275 Ἐγένετο,
2920 2207 3304 2275 βασιλεύοντος
3369 2208 3558 2261 Δεκίου
3592 2209 3692 2278 τῆς
3723 2209 3832 2260 τῶν
3877 2209 4012 2261 Ῥω-

734 2299 948 2359 accidit.
984 2307 1043 2352 ut
1076 2298 1191 2368 ipse
1223 2313 1289 2352 ex
1314 2297 1654 2368 Cartagenna
1685 2296 1903 2350 civitate
1935 2295 1986 2348 in
2017 2297 2320 2366 Ephesum,

733 2393 906 2445 multo
946 2391 1131 2445 furore
1169 2391 1432 2459 percitus,
1462 2389 1840 2444 descenderet.
1876 2389 2029 2442 Tunc
2058 2390 2238 2443 omnis
2265 2391 2325 2443 ﬁ-

733 2485 923 2538 nitima
973 2483 1119 2553 regio
1170 2483 1223 2536 in
1257 2497 1375 2535 eam
1430 2483 1618 2536 urbem
1661 2483 1944 2544 convenit,
1989 2488 2048 2534 ut
2086 2481 2236 2534 vanis
2270 2492 2323 2535 et

735 2575 883 2628 falsis
907 2574 1012 2627 diis
1036 2574 1364 2626 immolaret.
1401 2573 1603 2627 Eorum
1627 2587 1777 2634 vero,
1816 2572 1908 2641 qui
1932 2572 2133 2626 Christi
2163 2571 2320 2627 ﬁdem

736 2668 1129 2738 sequebantur,
1200 2666 1459 2720 Ecclesiae
1515 2665 1776 2734 dispersae
1821 2674 1968 2720 sunt.
2025 2664 2321 2719 Christiani

734 2764 879 2815 enim
940 2770 1049 2814 tam
1103 2759 1433 2821 sacerdotes,
1492 2773 1652 2826 quam
1693 2758 1839 2820 laici,
1876 2757 2194 2810 metuebant
2242 2765 2322 2823 ty-

735 2854 888 2907 ranni
924 2862 1225 2921 aspectum.
1251 2850 1356 2916 Qui
1394 2865 1517 2904 cum
1542 2850 1818 2919 ingressus
1851 2859 1994 2902 esset
2019 2847 2318 2916 Ephesum,

734 2948 915 3001 animo
963 2948 1106 3000 elato
1162 2946 1217 2999 in
1269 2944 1445 2998 media
1484 2943 1620 2998 urbe
1677 2941 1844 3011 coepit
1883 2941 2024 2995 idola
2066 2941 2319 3011 erigere:

733 3054 964 3106 cumque
1004 3037 1110 3088 illis
1161 3043 1305 3089 totus
1341 3043 1485 3089 esset
1546 3035 1814 3096 addictus,
1863 3033 2123 3102 praecepit
2167 3031 2318 3085 urbis

732 3127 1106 3197 optimatibus,
1147 3135 1208 3178 ut
1239 3126 1394 3178 vanis
1431 3124 1536 3176 illis
1576 3124 1680 3175 diis
1709 3137 1894 3174 secum
1929 3135 2035 3172 una
2070 3120 2320 3174 victimas

732 3220 1016 3272 olierrcnt.
1053 3218 1242 3284 itaque
1288 3214 1632 3267 victimarum
1663 3211 1925 3282 sanguine
1960 3211 2073 3264 loca
2107 3211 2194 3264 illa
2230 3225 2316 3264 re-

732 3310 1041 3378 plebantur,
1091 3317 1147 3361 et
1192 3321 1384 3362 omnes
1429 3305 1600 3359 turbze
1641 3304 1876 3372 undique
1923 3303 1988 3356 ad
2024 3302 2316 3367 idolorum,

732 3419 852 3471 qua:
883 3412 1038 3454 erant
1074 3400 1294 3469 Ephesi.
1333 3398 1702 3451 celebritatem
1742 3395 2113 3451 conﬂuebant.
2150 3397 2316 3450 Fama

731 3493 877 3546 enim
921 3508 1014 3562 per
1048 3492 1181 3547 ﬁnes
1220 3491 1360 3544 illius
1426 3489 1664 3556 regionis
1706 3489 2108 3557 divulgabatur,
2167 3487 2316 3554 quod

2431 2300 2609 2367 μαίων
2633 2300 2834 2368 ἀρχῆς,
2871 2298 3156 2351 κατελθεῖν
3189 2299 3350 2352 αὑτὸν
3375 2301 3431 2350 ἐν
3451 2300 3687 2369 πρώτοις
3710 2302 3817 2354 ἀπὸ
3852 2303 4010 2369 Καρε-

2427 2389 2661 2456 θαγένης
2699 2391 2799 2458 τῆς
2857 2390 3061 2452 πόλεως
3115 2391 3172 2442 ὲν
3235 2391 3448 2461 Ἐφέσῳ
3497 2397 3553 2446 έν
3595 2395 3776 2465 πολλῷ
3819 2395 4006 2463 θυμῷ.

2426 2481 2674 2552 Συνὴχθη
2727 2480 2781 2533 δὲ
2826 2482 2974 2534 πᾶσα
3011 2482 3042 2552 ή
3079 2481 3387 2550 περίχωρος
3440 2484 3536 2535 τοῦ
3587 2486 3752 2537 τόπου
3789 2488 4006 2538 ἐκείνου

2423 2575 2503 2635 είς
2527 2574 2627 2636 τὰς
2657 2573 2847 2635 θυσίας
2872 2572 2979 2624 τῶν
3031 2573 3278 2644 ματαίων
3321 2572 3480 2628 θεῶν.
3520 2575 3583 2625 Αἱ
3628 2573 3682 2625 δὲ
3711 2575 4005 2642 ἐκκλησίαι

2423 2663 2530 2716 τῶν
2591 2663 2800 2715 πιστῶν
2854 2664 3374 2734 διεσκορπίσθησαν,
3401 2666 3492 2716 καὶ
3523 2666 3572 2716 oi
3613 2667 3777 2733 ἱερεῖς
3831 2668 3925 2715 καὶ
3956 2666 4003 2716 οί

2423 2759 2742 2827 Χριστιανοὶ
2769 2761 2860 2810 καὶ
2898 2760 3004 2820 πᾶς
3043 2759 3069 2810 ὁ
3097 2756 3447 2826 φιλόχριστος
3489 2757 3617 2817 λαὸς
3650 2756 4004 2824 ἐφοϐήθησαν

2424 2850 2632 2919 σφόδρα
2684 2851 2792 2902 ἀπὸ
2823 2847 3117 2916 προσώπου
3155 2849 3250 2900 τοῦ
3289 2849 3576 2917 τυράννου.
3607 2849 3737 2901 Ὅτε
3769 2845 3860 2902 οὖν
3888 2853 4004 2901 εἱσ-

2423 2941 2584 3009 mea,
2621 2942 2809 3001 Δέκιος
2840 2943 2865 2991 ό
2903 2940 3152 3008 βασιλεὺς
3186 2943 3263 3003 είς
3303 2941 3557 3008 Ἔρεσον,
3585 2941 3774 3014 ὑψώθη
3807 2943 3836 3010 ὴ
3868 2960 4004 3012 καρ.

2421 3032 2509 3083 δία
2534 3031 2721 3089 αὑτοῦ,
2746 3032 2839 3082 καὶ
2871 3032 3071 3101 ἤρξατο
3096 3033 3400 3102 οἰκοδομεῖν
3429 3033 3591 3095 ναοὺς
3619 3036 3730 3095 τοῖς
3758 3035 4004 3097 εἰδώλοις

2423 3125 2482 3175 ὲν
2513 3125 2654 3195 μέσῃ
2683 3130 2747 3196 τῇ
2785 3127 2960 3177 πόλει·
2996 3127 3088 3179 καὶ
3113 3128 3201 3179 ὅτε
3234 3125 3462 3198 ἐξεχύθη
3497 3131 3552 3178 ἐν
3583 3127 3656 3197 τῷ
3691 3128 4003 3196 ἑλληνισμῷ

2421 3219 2543 3270 τότε
2569 3219 2904 3287 παρήγγειλε
2945 3221 3056 3282 τοῖς
3080 3218 3320 3288 πρώτοις
3347 3219 3444 3287 τῆς
3468 3220 3672 3280 πόλεως
3702 3216 3851 3271 θύειν
3880 3221 4003 3288 μετ’

2421 3309 2583 3362 αὑτοῦ
2615 3312 2723 3370 τοῖς
2760 3311 3009 3376 ματαίοις
3058 3309 3235 3370 θεοῖς’
3294 3312 3387 3359 καὶ
3437 3309 3610 3368 οὕτως
3659 3311 3888 3376 ὲμόλυνε
3937 3312 4002 3362 τὰ

2423 3398 2652 3465 σώματα
2680 3399 2859 3448 αὐτῶν
2887 3401 2942 3448 ἐν
2975 3398 3052 3465 τῷ
3074 3399 3266 3466 αἵματι
3297 3399 3403 3449 τῶν
3436 3399 3656 3461 θυσιῶν,
3696 3402 3789 3450 καὶ
3821 3402 4000 3453 πάντα

2419 3489 2488 3541 τὰ
2543 3488 2722 3558 πλήθη
2778 3489 3072 3558 συνήγοντο
3123 3489 3229 3542 ἀπὸ
3272 3489 3501 3543 ἑκάστου
3552 3491 3719 3543 τόπου
3766 3491 3847 3552 είς
3872 3494 4001 3553 τοὺς

734 3554 946 3637 scilicet.
987 3582 1336 3636 victimarum
1384 3554 1543 3632 nidor
1578 3591 1640 3631 ex
1677 3576 1808 3630 urbe
1843 3554 2020 3630 media
2053 3575 2106 3628 in
2145 3576 2313 3629 altum
2353 3554 2392 3606 Β

2353 3554 2392 3606 Β
2419 3584 2580 3646 ναοὺς
2786 3554 3019 3635 εἰδώλων
3069 3583 3189 3636 τότε
3235 3583 3402 3636 ὄντων
3445 3586 3502 3638 ὲν
3553 3584 3765 3654 Ἐφέσῳ
3792 3601 3805 3614 ο
3839 3585 3933 3637 καὶ
3972 3587 4003 3636 ὀ

735 3668 1032 3740 prosiliret.

804 3956 871 4008 ιι.
897 3955 1034 4008 Cum
1075 3951 1241 4020 igitur
1263 3949 1405 4004 diem
1455 3947 1655 4004 festum
1690 3962 1913 4004 suorum
1954 3948 2179 4004 deorum
2209 3947 2312 4004 De-

736 4047 854 4107 cius
884 4054 1083 4116 ageret,
1119 4054 1277 4112 atqnc
1319 4043 1490 4110 ipsius
1515 4043 1670 4110 jussu
1719 4045 1973 4095 universa
2017 4042 2312 4097 multitudo

737 4143 803 4197 ob
830 4153 945 4192 eam
974 4137 1343 4189 celebritatem
1378 4133 1442 4186 ad
1469 4132 1666 4201 templa
1700 4130 1966 4186 idolorum
2008 4149 2126 4202 quae
2157 4143 2313 4189 erant

737 4231 956 4298 Ephesi,
989 4243 1052 4282 ex
1085 4226 1336 4281 omnibus
1366 4224 1497 4280 locis
1523 4226 1746 4296 impigre
1776 4225 2092 4289 conﬂueret,
2118 4243 2182 4282 ac
2209 4227 2313 4282 diis

735 4323 940 4387 libaret,
973 4335 1203 4389 cumque
1238 4327 1348 4372 tota
1377 4318 1464 4371 illa
1518 4318 1648 4370 urbs
1693 4316 1963 4370 sacriﬁcia
2019 4319 2308 4381 redoleret,

733 4415 917 4470 ﬁdeles
958 4413 1207 4471 homines
1251 4412 1432 4463 tristes
1459 4419 1637 4472 erant,
1674 4408 1832 4462 iidem
1865 4417 1918 4461 et
1940 4409 2009 4461 ab
2040 4409 2308 4465 idolorum

730 4505 1029 4560 cnlt0ribus
1055 4501 1519 4572 Opprimebantur.
1548 4501 1734 4568 itaque
1758 4501 1950 4568 partim
1979 4515 2309 4572 persequen-

730 4599 860 4652 tiunt
893 4612 984 4650 ora
1016 4595 1316 4665 fugiebant.
1351 4608 1418 4646 ne
1450 4592 1833 4660 comprehendi
1879 4604 2138 4662 possent:
2179 4612 2309 4666 par-

731 4691 822 4742 tim
860 4702 979 4741 sesc
1011 4684 1379 4739 occultabant.
1418 4681 1617 4736 Tribus
1670 4692 1852 4735 autem
1893 4683 2085 4738 diebus
2122 4697 2306 4754 postea

731 4781 1029 4848 imperator
1069 4778 1305 4832 edictum
1336 4777 1654 4846 praeposuit,
1694 4785 1753 4828 ut
1786 4775 2079 4831 Christiani
2116 4795 2307 4834 omnes

2419 3675 2626 3736 καπνὸς
2653 3675 2760 3727 τῶν
2795 3675 2980 3727 κακῶν
3013 3676 3349 3743 περιέσπασε
3381 3679 3507 3738 τοὺς
3529 3678 3780 3742 πολλοὺς,
3813 3680 3908 3731 καὶ
3938 3679 3999 3729 τδ

2421 3769 2608 3827 σκότος
2633 3767 2778 3834 καὶὴ
2805 3768 3001 3818 κνίσσα
3028 3767 3136 3816 τῶν
3169 3767 3372 3818 θυσιῶν
3402 3768 3580 3819 αὐτῶν
3608 3763 3679 3818 ὦν
3704 3769 3862 3820 ἔθυον
3886 3775 3999 3834 τοῖς

2421 3859 2673 3928 ματαίοις
2698 3856 2937 3920 εἰδώλοις
2961 3856 3244 3910 ἀνέϐαινεν
3275 3858 3338 3908 ὲκ
3373 3858 3546 3928 μέσης
3580 3860 3675 3926 τῆς
3707 3860 3938 3921 πόλεως.

2488 3948 2564 4005 B'.
2605 3950 2691 4012 Ὠς
2727 3946 2819 4004 οὖν
2861 3949 3060 4020 ἑορτὴν
3117 3949 3367 4002 ἐπετέλει
3401 3952 3428 4002 ὁ
3455 3950 3645 4012 Δέκιος
3681 3952 3793 4012 τοῖς
3854 3953 3998 4015 θεοῖς

2414 4043 2605 4107 αὐτοῦ,
2635 4043 2890 4096 ἐκέλευσε
2931 4045 3042 4096 πᾶν
3075 4043 3136 4096 τὺ
3170 4041 3376 4112 πλῆθος
3419 4043 3752 4113 συναχθῆναι
3783 4045 3862 4107 είς
3897 4045 3996 4112 τὴν

2415 4136 2608 4205 ἑορτὴν
2645 4136 2754 4188 τῶν
2779 4135 2950 4188 θεῶν’
2987 4137 3110 4190 τότε
3141 4139 3439 4205 συνήγοντο
3474 4138 3645 4188 πολλὰ
3684 4137 3862 4208 πλήθη
3903 4139 3998 4204 ἀφ’

2416 4229 2647 4282 ἑκάστου
2704 4231 2872 4281 τόπου
2931 4231 3010 4292 εἰς
3058 4231 3184 4291 τοὺς
3233 4229 3397 4290 ναοὺς
3448 4231 3556 4281 τῶν
3598 4229 3833 4282 εἰδώλων
3888 4231 3996 4284 τῶν

2410 4321 2585 4375 ὅντων
2609 4323 2667 4375 ὲν
2703 4321 2853 4391 μέσῳ
2877 4322 2976 4391 τῆς
3016 4322 3247 4384 πόλεως,
3269 4321 3364 4373 καὶ
3406 4320 3630 4373 ἔσπενδε
3656 4324 3769 4384 τοῖς
3811 4323 3955 4386 θεοῖς
3974 4341 3992 4358 ι

2415 4415 2696 4478 ἒπώζεσεν
2727 4415 2784 4468 δὲ
2822 4417 2972 4468 πᾶσα
3004 4415 3035 4484 ὴ
3065 4413 3218 4478 πόλις
3271 4416 3378 4468 ἀπὸ
3415 4416 3524 4469 τῶν
3584 4416 3812 4479 θυσιῶν,
3846 4419 3995 4486 μέγα

2411 4509 2468 4561 δὲ
2506 4510 2700 4571 πένθος
2741 4512 2964 4577 κατεῖχε
2998 4509 3123 4570 τοὺς
3155 4511 3412 4573 πιστοὺς,
3462 4509 3557 4562 καὶ
3604 4508 3994 4562 ἐταπεινοῦντο

2413 4600 2521 4653 ἀπὸ
2554 4601 2662 4652 τῶν
2694 4599 3121 4666 εἱδωλολατρῶν.
3147 4601 3257 4651 Καὶ
3284 4599 3514 4668 ἔφευγον
3554 4603 3648 4654 καὶ
3683 4603 3994 4656 ἐκάλυπτον

2412 4688 2479 4744 τὰ
2511 4691 2777 4758 πρόσωπα
2816 4688 3014 4752 αὐτῶν,
3039 4689 3133 4740 καὶ
3158 4689 3322 4752 πολὺς
3356 4690 3657 4759 στεναγμὸς
3705 4691 3802 4744 καὶ
3830 4691 3994 4760 ὀδυρ-

2417 4785 2513 4852 μὸς
2542 4786 2795 4853 κατεῖχεν
2850 4783 3070 4848 αὐτοὺς,
3101 4785 3211 4836 ἀπὸ
3265 4783 3557 4855 προσώπου
3606 4784 3700 4836 τοῦ
3735 4784 3990 4837 διώκτου.

735 4883 1058 4942 caperentur
1083 4889 1095 4922 ι
1127 4886 1234 4939 quo
1252 4879 1496 4938 tempore
1516 4869 1745 4938 gentiles
1763 4884 1826 4921 ac
1854 4867 2025 4923 Judaei
2047 4872 2308 4939 urgebant
2337 4899 2382 4959 ο

2337 4899 2382 4959 c
2415 4879 2524 4929 Καὶ
2554 4879 2619 4947 τῇ
2653 4878 2837 4948 ἡμέρα
2865 4881 2930 4948 τῇ
2966 4879 3127 4948 τρίτῃ
3155 4880 3442 4931 ἐκέλευσεν
3474 4881 3501 4931 ό
3537 4877 3795 4948 βασιλεὺς
3848 4878 3995 4945 ἐξαί-

736 4966 956 5019 militcs.
979 4961 1186 5017 Passim
1219 4961 1382 5033 igitur
1405 4960 1695 5014 Christiani
1735 4961 1988 5016 homines
2017 4965 2308 5016 traheban-

733 5067 820 5111 tur
852 5057 919 5111 ad
949 5056 1154 5116 turbas,
1188 5069 1307 5122 qme
1340 5053 1394 5105 in
1432 5068 1602 5106 unum
1628 5053 1806 5106 locum
1835 5063 2214 5108 convenerant
2253 5064 2311 5107 ut

2410 4987 2546 5039 φνης
2581 4971 2909 5039 κατέχεσθαι
2943 4972 3067 5032 τοὺς
3089 4969 3468 5040 Χριστιανούς.
3515 4972 3576 5023 Oi
3613 4971 3668 5022 δὲ
3704 4969 3990 5048 Ἕλληνες,

2409 5065 2504 5114 καὶ
2538 5064 2586 5115 οἱ
2634 5064 2881 5116 Ἰουδαῖοι
2929 5064 3230 5117 ἐκολλῶντο
3280 5067 3395 5127 τοῖς
3461 5064 3845 5135 στρατιώταις,
3898 5069 3992 5116 καὶ

731 5167 838 5205 una
900 5164 1022 5203 cum
1091 5147 1420 5216 imperatore
1485 5143 1644 5198 idolis
1704 5145 2098 5200 sacriﬁcarent.
2157 5147 2309 5201 Tunc

2408 5158 2513 5210 ἀπὸ
2547 5159 2656 5209 τῶν
2681 5157 2866 5210 οἰκιῶν
2898 5158 2991 5210 καὶ
3029 5159 3138 5212 τῶν
3173 5157 3380 5211 πόλεων
3411 5159 3608 5227 ἔσυρον
3639 5159 3734 5210 καὶ
3759 5159 3989 5222 ἐξέϐαλε

728 5241 975 5298 nonnulli
1020 5248 1287 5294 tormenta
1336 5238 1713 5304 formidantes,
1749 5238 2071 5295 excidebant
2107 5257 2136 5294 a
2181 5239 2306 5305 ﬁde,

727 5345 781 5390 et
832 5348 1016 5388 coram
1070 5332 1224 5386 turba
1273 5329 1358 5383 illa
1397 5330 1582 5384 miseri
1627 5331 1692 5384 ad
1735 5331 2004 5386 idolorum
2036 5334 2301 5389 sacriﬁcia

727 5428 1076 5484 decidebant.
1119 5427 1185 5480 At
1229 5425 1319 5495 qui
1353 5442 1417 5478 ex
1461 5425 1643 5479 animo
1684 5424 1882 5479 Christi
1921 5425 2079 5480 ﬁdem
2116 5443 2308 5497 seque-

727 5526 947 5587 bantur,
982 5537 1103 5575 t-um
1133 5520 1382 5574 audirent
1422 5519 1633 5587 aliquos
1667 5519 1847 5587 lapsos
1878 5519 2050 5574 fuisse
2092 5522 2305 5577 illorum

727 5633 915 5671 casum
956 5629 1284 5683 magnopere
1317 5612 1591 5673 dolentes,
1648 5612 1980 5665 miserorum
2020 5613 2302 5667 hominum

726 5717 937 5768 animas
977 5713 1250 5781 lugebant,
1287 5709 1378 5778 qui
1425 5717 1648 5778 propter
1689 5711 1893 5761 metum
1933 5708 1998 5761 ad
2035 5709 2302 5762 idolorum

726 5805 986 5861 sacriﬁcia
1008 5803 1214 5872 delapsi
1242 5801 1474 5855 fuerant.
1503 5799 1827 5867 Quicunque
1863 5815 1990 5854 vero
2022 5815 2084 5854 ex
2115 5816 2302 5854 corum

2407 5249 2497 5302 λον
2535 5249 2660 5311 τοὺς
2691 5252 3073 5318 Χριστιανοὺς,
3096 5253 3188 5304 καὶ
3219 5250 3392 5304 ὤθουν
3424 5251 3624 5313 αὐτοὺς
3653 5251 3794 5319 μετὰ
3827 5254 3988 5304 ἀπει-

2412 5343 2639 5412 λῆς,καὶ
2681 5343 3018 5413 προσέφερον
3041 5346 3179 5412 πρὸς
3207 5346 3338 5407 τοὺς
3378 5345 3568 5412 ὄχλους
3607 5344 3992 5414 συνηγμένους

2410 5435 2504 5487 καὶ
2563 5436 2789 5498 θύοντας
2844 5439 2958 5497 τοῖς
3020 5435 3262 5493 είδώλοις
3317 5437 3429 5504 ἅμα
3455 5433 3532 5502 τῷ
3567 5436 3802 5505 βασιλεῖ.
3838 5438 3901 5488 Οί
3933 5437 3991 5488 δὲ

2411 5524 2801 5594 δειλαινόμενοι
2821 5529 2916 5589 τὰς
2934 5528 3202 5596 βασάνους
3223 5527 3539 5581 ώλίσθαινον
3559 5530 3652 5581 καὶ
3672 5527 3902 5579 ἔπιπτον
3926 5528 3991 5578 ὲκ

2409 5618 2500 5670 τοῦ
2519 5621 2664 5681 υἱοὺς
2684 5615 2822 5671 εἶναι
2842 5621 2938 5690 τῆς
2962 5621 3196 5683 πίστεως
3221 5623 3407 5684 εἰςτὰς
3424 5621 3611 5682 θυσίας
3628 5621 3737 5673 τῶν
3755 5621 3990 5672 εἰδώλων

2411 5709 2721 5780 ἔμπροσθεν
2760 5712 2852 5764 τοῦ
2903 5715 3060 5783 ὄχλου
3091 5732 3103 5744 ·
3142 5714 3190 5765 οἱ
3221 5714 3276 5766 δὲ
3325 5716 3644 5783 Χριστιανοὶ
3687 5715 3988 5775 ἀκούοντες

2409 5804 2586 5856 ταῦτα
2622 5806 3086 5875 ἐστενομςωροῦντο
3115 5810 3204 5860 καὶ
3236 5807 3495 5861 ἐπένθουν
3544 5809 3642 5870 τὰς
3670 5807 3849 5876 ψυχὰς
3880 5810 3988 5859 τῶν
