4226 6436
274 430 389 493 ζῖθ

1391 440 1489 521 DE
1530 435 1824 498 SEPTEM
1863 434 2457 502 DORMIENTIBUS.

3416 453 3518 511 430

261 552 683 623 δειλαινομένων
723 556 1189 625 προσχωρούντων
1239 558 1317 620 είς
1356 557 1454 621 τὰς
1494 556 1687 617 θυσίας
1738 553 1847 607 τῶν
1878 557 1922 613 Α

1845 557 2177 613 ιΑηυῐηρτο
2234 558 2287 609 in
2350 558 2552 613 Christi
2614 562 2717 616 fide
2772 565 3079 617 stabiliores
3117 567 3316 621 inventi
3372 581 3514 636 sunt,

262 642 523 708 είδώλων,
566 645 615 697 οί
650 644 706 697 δὲ
740 646 1066 717 εὐρεθέντες
1110 649 1313 718 ἑδραῖοι
1344 650 1401 701 ἐν
1444 648 1510 719 τῇ
1552 647 1737 700 πίστει
1781 646 1841 697 ἐν

259 734 343 802 τῷ
376 736 556 807 καιρῷ
600 737 817 806 ἐκείνῳ,
861 738 1155 808 ἑστήκασιν
1199 738 1294 790 ἐπὶ
1332 738 1430 809 τήν
1482 738 1688 807 πέτραν
1742 737 1841 806 τῆς

263 828 505 891 πίστεως
542 830 738 898 ἀκλινῆ
771 831 862 883 τὸν
925 830 1187 899 λογισμὸν
1231 829 1473 899 ἔχοντες,
1497 829 1594 885 καὶ
1631 828 1706 900 μὴ
1742 846 1840 897 φο·

263 919 361 970 εού
372 937 524 988 μενοι
550 922 646 985 τὰς
678 922 908 985 ἀπειλὰς
931 922 1041 975 τῶν
1067 923 1369 992 τυράννων,
1395 922 1677 992 δεχόμενοι
1704 922 1761 975 δέ
1785 922 1842 973 ἐν

260 1010 344 1079 τῷ
372 1012 585 1081 σώματι
614 1012 793 1066 αὐτῶν
815 1014 882 1066 τά
916 1014 1043 1084 βέλη
1065 1015 1162 1067 τοῦ
1187 1014 1452 1085 πονηροῦ,
1472 1015 1565 1068 καὶ
1584 1014 1653 1068 τὰ
1679 1012 1841 1067 λοιπὰ

261 1098 663 1171 βασανιστήρια
694 1102 962 1169 γενναίως
994 1104 1291 1174 ὑπέφερον.

338 1192 409 1246 l".
432 1194 498 1245 Al
530 1194 586 1244 δέ
620 1195 825 1263 σάρκες
851 1196 960 1249 τῶν
987 1196 1163 1264 ἁγίων
1184 1196 1571 1249 ἐταπεινοῦντο
1602 1195 1709 1250 ὑπὸ
1729 1196 1840 1249 τῶν

264 1282 538 1353 βασάνων,
562 1287 653 1336 καὶ
673 1286 743 1337 τα
764 1287 976 1354 αἵματα
997 1291 1060 1340 ἐκ
1084 1288 1191 1340 τῶν
1212 1288 1392 1357 μελῶν
1438 1289 1618 1342 αὐτῶν
1646 1289 1839 1360 ἔρρεεν

261 1374 357 1424 ἐπὶ
374 1375 472 1440 τὴν
494 1374 620 1442 γῆν,
640 1376 734 1428 καὶ
758 1377 846 1429 ἐπ’
866 1376 979 1431 ἄνω
997 1380 1107 1430 τῶν
1128 1379 1357 1450 πύργων
1376 1381 1594 1433 καὶτῶν
1611 1380 1837 1450 τειχέων

260 1464 361 1529 τῆς
382 1464 612 1528 πόλεως,
633 1467 937 1536 ἐκρέμαντο
957 1469 1025 1521 τὰ
1046 1469 1275 1539 σώματα
1296 1470 1408 1524 τῶν
1430 1472 1603 1539 ἁγίων
1626 1488 1639 1501 ·
1657 1472 1755 1544 τὰς
1782 1472 1840 1525 δὲ

258 1555 506 1622 κεφαλὰς
531 1558 713 1610 αὐτῶν
736 1560 1021 1614 ἐκόντευον
1062 1565 1158 1616 ἐπὶ
1191 1562 1344 1627 ξύλον
1376 1564 1690 1635 ἔμπροσθεν
1727 1565 1836 1618 τῶν

264 1646 452 1698 πυλῶν
484 1648 582 1717 τῆς
608 1650 836 1716 πόλεως,
857 1654 949 1705 καί
971 1655 1020 1706 οἱ
1058 1654 1315 1723 κόρακες,
1340 1655 1435 1707 καὶ
1457 1657 1506 1707 oi
1527 1655 1720 1723 γῦπες,
1746 1657 1841 1709 καὶ

258 1738 329 1790 τὰ
356 1739 539 1809 πλήθη
554 1740 662 1794 τῶν
688 1745 950 1797 πετεινῶν
968 1744 1233 1798 ἐκύκλουν
1254 1746 1441 1798 ἐπάνω
1466 1746 1575 1799 τῶν
1593 1746 1838 1817 τειχέων,

260 1830 358 1884 καὶ
380 1832 680 1900 κατήσθιον
700 1834 768 1887 τὰ
798 1836 1029 1903 σώματα
1064 1836 1175 1889 τῶν
1205 1838 1378 1903 ἁγίων
1407 1839 1725 1908 μαρτύρων,
1746 1839 1839 1891 καὶ

260 1920 459 1983 πένθος
496 1923 638 1991 μέγα
670 1927 886 1993 κατεῖχε
912 1927 1038 1988 τοὺς
1056 1930 1281 1989 πιστοὺς
1324 1929 1465 2000 ὑπὲρ
1508 1931 1609 1998 τῆς
1634 1930 1835 1999 τόλμης
1869 1908 1915 1967 Β

256 2013 485 2082 ταύτης.
514 2014 702 2077 Οὕτως
748 2013 815 2088 ἦν
845 2022 871 2071 ὁ
893 2020 1046 2085 ἀγὼν
1089 2021 1285 2091 μεστὸς
1309 2023 1477 2092 φόὸου
1505 2025 1615 2086 τοῖς
1639 2024 1837 2092 ὁρῶσιν

258 2105 450 2157 αὐτόν.
472 2106 623 2175 Αὕτη
646 2104 713 2179 ἦν
735 2112 767 2179 ή
793 2112 993 2185 ἀπειλὴ
1024 2114 1056 2184 ή
1082 2114 1491 2186 πεπληρωμένη
1518 2116 1749 2169 Θανάτου
1767 2117 1835 2186 ἢν

255 2195 307 2245 οἱ
335 2196 576 2264 οὐράνιοι
600 2202 694 2255 καὶ
715 2203 765 2254 οί
784 2203 1017 2272 ἐπίγειοι
1045 2206 1387 2275 ἐθαύμασαν,
1407 2208 1456 2258 οἱ
1493 2208 1629 2261 λίθοι
1671 2209 1831 2260 ἐπέν-

258 2290 391 2340 θουν
412 2288 511 2357 τὴν
539 2289 714 2361 θλίψιν
741 2294 842 2366 τὴν
876 2297 1198 2368 γενομένην.
1229 2300 1338 2352 Καὶ
1388 2299 1445 2351 αἱ
1495 2299 1695 2370 ἀγοραὶ
1733 2304 1835 2373 τῆς

254 2380 467 2445 πόλεως
494 2384 793 2441 ἐκακοῦντο
817 2390 881 2440 ἐκ
912 2389 1020 2443 τῶν
1052 2390 1348 2461 συρμάτων
1374 2391 1483 2445 τῶν
1511 2393 1693 2464 μελῶν
1719 2396 1831 2447 τῶν

258 2472 434 2539 ἁγίων
483 2475 595 2529 τῶν
644 2479 962 2549 συρομένων
1012 2484 1201 2536 ἐπάνω
1250 2486 1453 2539 αὐτῶν.
1506 2490 1732 2557 Δάκρυα
1777 2489 1832 2543 δέ

255 2566 436 2633 πικρὰ
462 2568 830 2635 κατεφέροντο
856 2570 1103 2622 ἀπὸιτῶν
1130 2573 1429 2642 ὀφθαλμῶν
1460 2577 1535 2627 τῶ
1599 2578 1829 2643 πιστῶν,

253 2657 345 2709 ὅτε
385 2656 614 2710 ἔϐλεπον
641 2660 707 2709 τὰ
738 2658 967 2726 σώματα
994 2659 1103 2711 τῶν
1135 2662 1306 2728 ἁγίων
1338 2664 1623 2734 ἐρῤιμένα,
1648 2670 1740 2720 καὶ
1766 2671 1834 2721 τὰ

254 2748 391 2815 γένη
422 2748 528 2798 τῶν
556 2747 820 2800 πετεινῶν
856 2751 1215 2805 κατεσθίοντα
1244 2754 1405 2811 αὑτά.
1434 2756 1594 2810 Ποῖον
1638 2758 1833 2822 πένθος

253 2836 449 2899 τούτου
490 2841 676 2907 μεῖζον
705 2837 810 2913 ἦν;
846 2844 917 2895 ’Ἠ
950 2847 1101 2907 ποῖος
1137 2848 1337 2915 τρόπος
1382 2850 1575 2903 τούτου
1603 2851 1839 2923 σκληρός-

251 2943 414 2996 τερος
440 2922 507 2999 ἦν
532 2945 547 2993 ;
577 2929 706 2982 Ὀτε
742 2934 790 2983 οἱ
840 2934 1024 2985 πιστοὶ¹
1069 2934 1305 3003 ἔφευγον
1336 2937 1433 2989 καὶ
1491 2940 1590 3000 τάς
1643 2922 1835 3014 χεῖρας

254 3021 395 3087 πρὸς
428 3024 520 3073 τὸν
571 3022 704 3073 θεὸν
752 3020 922 3091 ὕψουν
975 3025 1224 3093 δεόμενοι
1259 3029 1411 3091 ὅπως
1464 3031 1737 3097 ῥυσθῶσιν
1770 3038 1833 3087 ἐκ

252 3114 367 3166 τῶν
394 3114 591 3183 χειρῶν
618 3114 712 3168 τοῦ
740 3117 1155 3187 τυραννοῦντος,
1176 3119 1413 3191 πατέρες
1439 3124 1504 3176 τὰ
1535 3125 1638 3178 ἴδιοι
1666 3128 1835 3195 τέκνα

1944 656 2181 700 mentem
2216 661 2380 719 atque
2418 653 2798 722 cogitationem
2841 656 3046 709 ﬁrmam
3100 672 3514 723 conservantes,

1942 756 2121 810 neque
2170 743 2382 811 tyranni
2414 746 2587 798 minas
2626 746 3062 812 extimescentes,
3113 751 3205 804 sed
3255 755 3523 821 nequissi—

1942 832 2017 885 mi
2055 832 2257 886 diaboli
2302 834 2404 888 tela
2433 835 2548 890 suis
2577 838 2902 903 corporibus
2951 840 3183 894 libenter
3231 847 3515 915 excipien-

1945 934 2045 989 tes,
2097 927 2375 994 cruciatus
2413 943 2605 984 omnes
2638 930 2762 985 farti
2798 933 2981 987 animo
3019 936 3383 1005 perferebant.

2015 1185 2108 1240 Ill.
2148 1184 2331 1255 Itaque
2386 1198 2697 1242 sanctorum
2756 1200 3050 1260 martyrum
3103 1205 3297 1246 carnes
3335 1194 3519 1249 multis

1942 1281 2218 1349 variisque
2261 1281 2544 1336 tormentis
2575 1281 2973 1348 lacerabantur,
3012 1283 3083 1339 ita
3116 1292 3175 1338 ut
3210 1299 3270 1338 ex
3305 1286 3515 1341 illorum

1942 1375 2261 1429 vulneribus
2304 1375 2505 1429 multus
2540 1376 2761 1445 sanguis
2788 1375 3071 1430 deflueret.
3116 1376 3358 1442 Quorum
3392 1395 3516 1436 cor-

1944 1481 2073 1534 pora
2102 1466 2155 1519 in
2178 1466 2328 1520 urbis
2355 1467 2625 1521 mmnibus
2655 1484 2717 1522 ac
2746 1469 2989 1523 turribus
3012 1472 3513 1538 suspendebantur.

1943 1559 2122 1627 capita
2169 1574 2297 1611 vero
2351 1560 2487 1627 palis
2534 1559 2711 1623 allixa,
2758 1562 3111 1631 erigebantur
3154 1574 3279 1617 ante
3310 1576 3515 1634 portas.

1943 1647 2125 1715 Itaque
2172 1648 2342 1712 corvi,
2395 1651 2641 1705 vultures
2692 1661 2745 1705 et
2790 1653 3057 1721 ejusmodi
3119 1669 3271 1716 aves,
3314 1658 3516 1711 mmnia

1944 1737 2033 1792 illa
2060 1740 2482 1802 circumdantes,
2520 1752 2832 1796 sanctorum
2866 1752 3165 1814 martyrum
3194 1760 3391 1804 carnes
3427 1749 3514 1802 di-

1945 1834 2239 1890 laniabant.
2285 1836 2415 1901 Quae
2456 1850 2544 1889 res
2593 1836 2916 1892 Christianis
2964 1839 3277 1895 hominibus
3317 1858 3517 1897 macro.

1946 1941 2060 1979 rem
2100 1926 2378 1981 afferebat.
2434 1928 2561 1982 Tale
2596 1940 2914 1999 tantumque
2944 1942 3220 1987 certamen
3272 1935 3519 2002 proposi-

1947 2028 2061 2072 tum
2114 2019 2401 2082 erathis,
2460 2020 2549 2088 qui
2608 2020 2807 2075 Christi
2880 2022 3039 2076 fidem
3091 2023 3516 2080 conﬁtebantur.

1946 2111 2105 2165 Tales
2154 2120 2313 2167 erant
2349 2111 2509 2167 mina:
2556 2112 2779 2169 terroris
2823 2114 3016 2184 plenze,
3061 2117 3313 2172 omnibus
3361 2118 3519 2186 plane

1943 2202 2341 2258 formidolosa:
2380 2204 2514 2259 tales
2580 2221 2857 2270 aerumnae,
2908 2206 3114 2274 lapides
3192 2207 3305 2262 fere
3373 2210 3519 2279 ipsos

1944 2304 2372 2351 commoventes.
2431 2294 2754 2348 Sanctorum
2809 2305 3106 2365 martyrum
3160 2299 3518 2355 cadaveribus

1942 2388 2091 2442 urbis
2122 2387 2311 2457 platea:
2348 2388 2784 2442 coarctabantur.
2820 2386 3046 2442 Flebant
3090 2399 3270 2443 autem
3312 2391 3517 2451 ﬁdeles.

1944 2479 2087 2548 quod
2119 2487 2303 2532 sancta
2328 2477 2419 2532 illa
2438 2493 2663 2547 corpora
2695 2478 2750 2532 in
2789 2479 2947 2534 terris
2977 2478 3211 2549 dejecta,
3274 2481 3520 2540 viderent

1946 2584 1975 2623 a
2018 2570 2331 2624 volucribus
2395 2570 2643 2623 lacerari.
2712 2567 2929 2634 Quaaso,
2978 2571 3249 2639 quodnam
3310 2574 3520 2629 facinus

1944 2670 2227 2728 tantopere
2268 2660 2593 2713 dolendum?
2642 2659 2775 2725 Quae
2817 2660 2992 2714 credes
3036 2662 3112 2717 sic
3157 2663 3412 2719 immanis
3465 2676 3519 2719 et

1942 2752 2181 2807 acerba?
2212 2753 2363 2806 Tunc
2392 2751 2692 2804 Christiani
2734 2751 3005 2817 homines,
3043 2753 3294 2810 manibus
3328 2755 3381 2809 in
3409 2772 3521 2813 cm-

1944 2845 2055 2899 lutn
2111 2844 2329 2907 erectis,
2365 2844 2731 2912 precabantur
2777 2842 2971 2908 Deum,
3010 2854 3067 2898 ut
3114 2846 3462 2915 eriperentur
3488 2865 3520 2905 ο

1946 2937 2198 2992 manibus
2234 2936 2468 3008 tyranni.
2502 2934 2688 2991 Patres
2714 2935 2877 3000 filios,
2933 2935 3026 2990 ﬁlii
3066 2945 3249 3007 patres
3285 2940 3520 3010 abnege-

1942 3029 2095 3084 bant.
2140 3028 2491 3082 Calamitates
2524 3029 2654 3098 ipsa:
2693 3029 3059 3083 amicissimos
3105 3030 3250 3086 viros
3285 3046 3313 3083 a
3344 3047 3401 3086 se
3432 3033 3506 3086 vi.

1942 3119 2125 3173 cissim
2168 3118 2565 3187 disjnngebant.
2601 3120 2667 3170 At
2705 3120 2778 3187 (l)
2814 3119 3212 3174 Maximilianus
3238 3158 3254 3183 ,
3287 3121 3516 3179 Jambli.

255 3206 527 3275 ἠρνοῦντο
552 3221 565 3235 ⁸
591 3209 794 3277 ὁμοίως
826 3213 919 3263 καὶ
954 3213 1124 3268 τέκνα
1162 3216 1285 3278 τοὺς
1316 3219 1528 3271 ἑαυτῶν
1558 3222 1825 3291 πατέρας,
1866 3234 1906 3292 c

1866 3234 1906 3292 ο
1942 3228 2058 3276 cus,
2116 3211 2399 3277 Martinus,
2451 3210 2707 3275 Joannes,
2762 3210 3073 3284 Dionysius,
3125 3212 3516 3271 Exacustadius

256 3296 406 3367 φίλοι
437 3298 607 3367 φίλων
638 3301 938 3370 ἐσχίζοντο,
967 3303 1071 3355 ὑπὸ
1104 3306 1200 3374 τῆς
1241 3304 1474 3375 θλίψεως
1527 3313 1628 3379 τῆς
1681 3328 1833 3377 γενο-

256 3390 451 3461 μένης.
490 3393 924 3463 Μαξιμιλλιανὸς
955 3396 1012 3449 δὲ
1042 3398 1134 3450 καὶ
1182 3394 1512 3470 ἰάμὸλιχος’,
1536 3404 1632 3456 xal
1675 3404 1833 3472 Map-

253 3486 421 3547 τίνος,
454 3486 549 3536 καὶ
594 3486 867 3555 Ἰωάννης,
901 3489 996 3541 καὶ
1037 3488 1339 3555 Διονύσιος,
1371 3494 1463 3545 καὶ
1511 3494 1833 3558 Ἐξακοστο-

251 3575 459 3636 διανὸς,
484 3577 578 3627 καὶ
638 3579 975 3643 Ἀντωνῖνος,
1018 3580 1215 3642 οἵτινες
1250 3585 1342 3634 καὶ
1376 3581 1516 3652 ἦσαν
1547 3588 1749 3656 ἑδραῖοι
1776 3594 1834 3645 ἐν

251 3668 322 3733 τῇ
384 3665 566 3719 πίστει
617 3668 712 3721 τοῦ
746 3669 1011 3737 Χριστοῦ,
1061 3670 1425 3741 βαστάζοντες
1460 3677 1527 3729 τὰ
1559 3679 1707 3748 πάθη
1737 3683 1831 3735 τοῦ

252 3761 495 3831 Χριστοῦ
533 3765 589 3815 ὲν
615 3767 691 3836 τῷ
721 3768 932 3835 σώματι
958 3770 1157 3822 αὐτῶν·
1185 3771 1420 3839 ὁρῶντες
1470 3774 1537 3827 τὰ
1563 3776 1825 3846 γινόμενα

1939 3312 1999 3357 et
2014 3303 2344 3367 Antoninus,
2373 3302 2536 3356 simul
2563 3312 2867 3366 versantes,
2903 3319 3202 3373 omnesque
3228 3307 3428 3374 pariter
3464 3308 3515 3360 in

1936 3395 2140 3450 Christi
2179 3396 2283 3449 lide
2314 3395 2558 3455 stabiles,
2598 3405 2651 3446 et
2679 3393 2882 3447 Christi
2913 3396 3195 3462 passiones
3230 3397 3284 3449 in
3319 3413 3516 3466 corpo-

1936 3486 2087 3541 ribus
2132 3485 2248 3539 suis
2300 3494 2596 3552 gestantes,
2637 3500 2761 3539 cum
2815 3485 3061 3541 viderent
3105 3502 3225 3556 qua;
3270 3490 3517 3557 quotidie

1938 3589 2127 3635 contra
2160 3578 2503 3634 Christianos
2529 3578 2897 3644 efficerentur,
2924 3579 3075 3644 ﬂetu,
3108 3582 3333 3651 gemitu,
3363 3582 3511 3651 jeju-

1940 3676 2045 3730 niis
2090 3689 2154 3728 ac
2194 3675 2447 3743 precibus
2496 3673 2713 3728 assidue
2744 3687 2803 3727 se
2846 3672 3315 3727 communiebant.
3347 3674 3517 3726 Erant

1938 3778 2116 3821 autem
2159 3768 2453 3822 illustrium
2482 3768 2723 3818 virorum
2766 3774 2819 3818 et
2855 3764 3176 3835 optimatum
3213 3763 3363 3817 urbis
3397 3765 3508 3817 lilii.

254 3862 380 3915 καθ’
419 3864 656 3934 ἑκάστην
691 3864 904 3934 ἡμέραν
953 3865 1167 3917 ἔκλαιον
1204 3868 1298 3920 καὶ
1327 3869 1635 3936 ἐστέναζον,
1662 3878 1753 3927 καὶ
1783 3878 1814 3946 ή
1843 3876 2029 3945 ὅρασις
2061 3878 2160 3946 τῆς
2198 3876 2372 3947 ὅψεως
2422 3874 2603 3930 αὐτῶν
2634 3872 2933 3941 ἠλλοιοῦτο,
2977 3872 3068 3925 καὶ
3109 3872 3385 3935 νηστείαις
3416 3874 3510 3924 καί

253 3963 591 4027 προσευχαῖς
620 3956 758 4027 ἦσαν
787 3962 1328 4030 προσκαρτεροῦντες
1352 3961 1443 4016 διὰ
1472 3969 1691 4037 παντός,
1726 3973 1915 4044 ἐπειδὴ
1957 3977 2068 4028 τῶν
2126 3975 2384 4043 ἐμφανῶν
2438 3971 2530 4025 τοῦ
2571 3971 2859 4033 παλατίου,
2890 3969 2983 4022 καὶ
3015 3968 3122 4022 τῶν
3154 3969 3383 4041 πρώτων
3409 3973 3508 4043 τῆς

252 4052 461 4112 πόλεως
488 4045 627 4119 ἦσαν
652 4052 840 4105 τέκνα.

325 4144 404 4199 Δ’.
450 4145 539 4198 Ἐν
564 4145 620 4199 δέ
646 4145 722 4215 τῷ
755 4145 931 4217 καιρῷ
959 4147 1016 4199 ἐν
1052 4140 1098 4215 ᾧ
1129 4148 1484 4219 συνήθροιζεν
1512 4154 1540 4206 ὁ
1578 4153 1830 4223 βασιλεὺς

250 4238 325 4293 τὰ
353 4238 536 4309 πλήθη
567 4240 646 4301 cl;
676 4237 774 4310 τὴν
804 4239 999 4293 θυσίαν
1017 4240 1124 4291 τῶν
1158 4241 1403 4308 ματαίων
1426 4242 1685 4310 εἰδώλων,
1709 4246 1831 4300 τότε

253 4335 584 4389 ὑπέστελλον
610 4334 836 4396 ἑαυτοὺς
862 4334 911 4386 οί
936 4332 1082 4401 ἅγιοι
1108 4326 1257 4387 οῦτοι
1280 4341 1373 4388 καὶ
1399 4338 1722 4405 είσήρχοντο
1749 4341 1831 4402 εἰς

252 4424 354 4496 τὴν
395 4424 743 4490 Ἐκκλησίαν,
766 4425 858 4477 καὶ
885 4423 1114 4477 ἔπιπτον
1145 4426 1239 4478 ἐπὶ
1271 4428 1371 4495 τὴν
1397 4425 1523 4493 γῆν.
1551 4427 1662 4487 Καὶ
1696 4426 1831 4497 χοῦν

254 4516 487 4569 ιῦαλλον
535 4517 626 4567 ἐπὶ
657 4516 756 4577 τὰς
795 4516 1041 4583 κεφαλὰς
1088 4517 1295 4581 αὐτῶν,
1338 4519 1432 4569 καὶ
1470 4516 1685 4571 ἔκλαιον
1737 4520 1831 4572 καὶ

253 4607 548 4669 ἐστέναζον
580 4604 813 4658 ἐνώπιον
837 4605 930 4657 τοῦ
971 4605 1128 4658 Θεοῦ.
1154 4607 1620 4676 Παρετηρήσαντο
1650 4608 1707 4661 δὲ
1731 4610 1831 4664 αὑ-

255 4702 385 4761 τοὺς
414 4699 465 4749 οί
506 4696 927 4765 συμπράκτορες
976 4695 1178 4759 αὐτῶν,
1218 4698 1300 4750 ὃτι
1328 4699 1384 4751 ἐν
1408 4698 1487 4768 τῷ
1524 4700 1703 4771 καιρῷ
1735 4701 1832 4769 τῆς

257 4792 450 4854 θυσίας
479 4788 587 4843 τῶν
619 4787 757 4841 θεῶν
787 4786 1094 4858 ἀνεχώρουν
1117 4791 1197 4857 είς
1222 4788 1320 4860 τὴν
1353 4790 1683 4861 Ἐκκλησίαν
1722 4792 1832 4844 τῶν

256 4883 496 4944 πιστῶν,
523 4883 617 4935 καὶ
648 4880 725 4945 ὡς
748 4881 991 4951 ἐξητεῖτο
1022 4879 1251 4942 ἕκαστος
1285 4880 1379 4934 τοῦ
1412 4880 1573 4936 θῦσαι
1598 4880 1832 4935 ἐνώπιον

254 4972 368 5024 τῶν
388 4971 545 5025 θεῶν.
578 4973 854 5036 Ἐλθόντις
877 4974 926 5025 οί
945 4974 1392 5041 παρατηροῦντες
1408 4974 1603 5037 αὐτοὺς
1632 4968 1787 5027 εἷπον
1812 4988 1829 5007 ο

256 5064 513 5124 Βασιλεῖ),
542 5065 619 5127 είς
653 5069 778 5149 τοῦς
812 5067 1016 5129 αἰῶνας
1068 5063 1217 5135 ζῆθι,
1243 5068 1307 5121 σὺ
1340 5069 1467 5129 τοὺς
1500 5069 1579 5131 είς
1615 5069 1833 5137 μακρὰν

256 5160 563 5228 ἀπέχοντας
636 5158 1023 5228 προσεγγίζεις
1070 5159 1134 5227 τῇ
1164 5156 1326 5228 θυσίᾳ
1375 5158 1484 5211 τῶν
1539 5157 1701 5225 θεῶν,
1741 5160 1834 5212 καὶ

258 5250 373 5310 ἰδοὺ
399 5253 448 5303 οί
470 5234 796 5320 ’ἐγγίζοντές
847 5267 929 5304 σοι
966 5249 1369 5320 καταφρονοῦσι
1398 5250 1501 5320 τῆς
1551 5252 1830 5321 βασιλείας

258 5359 357 5396 σου
374 5353 402 5375 ⁸
427 5346 520 5395 καὶ
552 5346 621 5398 τὰ
650 5343 1049 5413 προστάγματά
1071 5360 1167 5396 σου
1190 5343 1587 5414 άκυροῦσι,καὶ
1612 5344 1829 5414 μακρὰν

256 5437 403 5491 αὐτὰ
429 5432 567 5489 ιῐναι
590 5437 880 5509 ήγοῦνται,
912 5436 1009 5489 καὶ
1034 5438 1100 5503 τῇ
1135 5434 1403 5507 θρησκείᾳ
1423 5434 1532 5488 τῶν
1561 5436 1827 5505 Χριστια-

254 5527 365 5583 νῶν
387 5528 729 5601 λατρεύουσι.
752 5526 1176 5599 Μαξιμιλλιανὸς
1198 5528 1254 5579 δὲ
1280 5523 1347 5597 ἦν
1364 5529 1478 5591 υίὸς
1515 5528 1615 5582 τοῦ
1651 5528 1828 5601 ἐπάρ-

256 5639 378 5694 χου.
417 5626 509 5674 καί
547 5621 765 5693 πρῶτος
810 5621 1013 5685 αὐτῶν,
1040 5622 1135 5672 καὶ
1162 5619 1214 5671 οἱ
1247 5620 1455 5687 ἑταῖροι
1490 5620 1657 5672 αὐτοῦ
1688 5614 1828 5691 ἦσαν

254 5715 468 5787 πρῶτοι
495 5716 553 5765 ἐν
582 5718 701 5777 ταῖς
721 5713 1031 5781 στρατείαις
1047 5712 1154 5764 τῶν
1175 5709 1566 5764 διαδαλλόντων
1597 5709 1821 5772 αὐτούς.

333 5852 409 5921 (ι)
440 5848 981 5912 Maximilianns,etc.
1010 5847 1125 5900 Alia
1160 5848 1382 5921 nomina
1436 5846 1599 5921 habet
1626 5842 1831 5921 Grego-

258 5918 380 5977 rius
418 5921 775 5983 Turonensis,
818 5923 903 5974 cui
931 5920 1206 5975 consentit
1257 5918 1695 5986 Martyrologiqu
1736 5918 1839 5969 Ru-

2003 4161 2094 4217 ιγ.
2133 4162 2268 4217 Cum
2321 4177 2453 4217 vero
2495 4162 2795 4231 imperator
2852 4158 3039 4214 turbas
3098 4156 3382 4230 gentilium
3438 4161 3507 4217 ad

1933 4254 2179 4309 inanium
2251 4254 2515 4309 idolorum
2567 4251 2831 4307 sacriﬁcia
2904 4261 3310 4321 congregasset,
3375 4263 3507 4309 tunc

1935 4347 2109 4403 sancti
2168 4345 2290 4410 viri,
2352 4360 2489 4415 quos
2553 4343 2713 4413 paulo
2771 4351 2901 4398 ante
2972 4342 3398 4405 nominavimus.
3450 4346 3507 4400 in

1939 4456 2105 4494 unum
2132 4440 2313 4495 locum
2349 4444 2744 4503 convenerunt,
2782 4436 3055 4506 simulque
3078 4436 3142 4491 ad
3168 4433 3509 4495 Christiano-

1939 4548 2059 4586 rum
2091 4534 2377 4587 ecclesiam
2402 4532 2653 4601 ingressi,
2688 4540 3096 4600 prostraverunt
3121 4546 3179 4586 se
3207 4533 3259 4585 in
3286 4541 3508 4593 terram,

1936 4634 1991 4680 et
2023 4625 2247 4695 pulvere
2304 4622 2481 4693 capita
2525 4637 2623 4675 sua
2671 4629 3122 4690 conspergentes,
3170 4631 3297 4674 ante
3337 4621 3505 4676 Deum

1936 4719 2170 4788 gemitus
2198 4726 2255 4772 et
2278 4716 2547 4788 lacrymas
2590 4712 2968 4769 effundebant.
3003 4710 3154 4778 Quod
3194 4727 3317 4767 cum
3359 4712 3506 4768 lace-

1939 4819 2082 4874 rent,
2129 4808 2403 4863 ohservati
2444 4815 2575 4861 sunt
2608 4822 2636 4860 a
2669 4806 3106 4876 speculatoribus
3163 4806 3495 4875 quibusdam

1935 4901 2080 4970 quod
2119 4900 2328 4954 scilicet
2354 4909 2598 4969 tempore
2626 4897 2741 4961 illo,
2776 4911 2885 4967 quo
2936 4896 3202 4952 sacriﬁcia
3242 4898 3345 4954 diis
3375 4899 3507 4953 offe-

1937 4993 2218 5055 rebantur,
2249 4991 2354 5062 ipsi
2382 4990 2449 5046 ad
2482 4989 2921 5045 Christianorum
2952 4988 3241 5043 ecclesiam
3286 4993 3507 5042 secede-

1936 5095 2078 5142 rent.
2128 5085 2377 5152 Cumque
2418 5082 2615 5152 singuli
2655 5082 2945 5151 diligenter
2973 5080 3420 5151 exquirerentur,
3449 5092 3506 5135 nt

1934 5178 2037 5234 diis
2067 5175 2452 5237 sacriﬁcarent,
2480 5181 2833 5229 accesserunt
2858 5173 2949 5243 qui
2976 5173 3228 5227 homines
3255 5173 3377 5227 illos
3408 5174 3507 5228 ob-

1938 5278 2309 5333 servaverant,
2352 5277 2406 5323 et
2436 5267 2750 5337 imperatori
2793 5268 3084 5322 dixerunt:
3127 5265 3301 5323 Vives.
3338 5267 3507 5336 impe-

1939 5372 2104 5424 rator,
2151 5372 2356 5415 aeterno
2391 5369 2656 5427 tempore.
2687 5356 2771 5412 Tu
2802 5373 2920 5429 eos,
2963 5357 3054 5427 qui
3084 5357 3241 5429 longe
3284 5358 3503 5418 absimr,

1936 5452 2084 5522 00ng
2127 5450 2406 5505 sacriﬁciis
2460 5459 2657 5518 praesto
2706 5465 2847 5512 esse,
2901 5458 2957 5502 et
3003 5447 3094 5520 qni
3149 5464 3315 5519 prepe
3356 5461 3503 5506 sunt.

1935 5551 2291 5600 contemnunt
2320 5540 2607 5610 imperium
2640 5550 2814 5605 tuum,
2840 5540 3063 5608 etiussa
3091 5550 3177 5594 tua
3214 5555 3310 5608 pro
3336 5540 3506 5596 nihilo

1936 5635 2163 5697 faciunt,
2238 5630 2673 5686 Christianorum
2743 5630 3096 5685 observantes
3166 5630 3499 5701 religionem.

1936 5727 2063 5780 Erat
2113 5730 2292 5778 autem
2358 5723 2761 5779 Maximilianus
2781 5722 2855 5792 (2)
2876 5722 2993 5793 ipse
3042 5724 3288 5794 prmsidis
3342 5719 3501 5787 filius,

1940 5856 2270 5990 manu”
2289 5909 2646 5967 Maximianus
2667 5908 2874 5981 Primus
2904 5909 3046 5964 im"
3073 5914 3356 5979 maﬂyres'
