4226 6436
732 419 832 483 431

2056 418 2339 479 MENSlS
2373 420 2675 480 JULIUS.

3878 409 3989 474 43?

733 541 863 594 item
918 535 1009 589 alii
1067 533 1387 605 cumprimis
1437 521 1676 591 illustres
1725 537 1779 590 in
1838 538 2098 592 exercitu.
2159 537 2386 600 TuncA

2344 545 2386 600 Α
2416 537 2546 591 Τότε
2574 537 2806 599 Δέκιοςό
2839 535 3089 605 βασιλεὺς
3129 531 3730 603 ὀργισθεὶς,ὲκὲλε·.ισεν
3753 517 3993 598 ἀχθῆναι

737 631 929 686 Decius
964 629 1278 698 imperator,
1320 629 1399 683 ira
1445 631 1706 699 percitus,
1744 631 1864 685 illos
1898 631 1965 686 ad
1994 647 2051 685 se
2101 633 2315 686 vinctos

733 721 856 776 duci
911 721 1096 790 jussit.
1139 719 1348 784 Quibus
1407 721 1629 776 ductis:
1692 720 1889 787 Quare,
1952 723 2148 792 inquit,
2205 739 2313 778 nou

743 811 1116 882 permansistis
1165 811 1472 875 nobiscum,
1513 821 1570 865 ut
1607 812 1710 866 diis
1777 813 2180 881 sacriliearetis,
2223 815 2316 883 qui

735 913 905 960 totum
939 903 1127 957 orbem
1166 910 1434 955 terrarum
1476 905 1540 957 ad
1586 904 1692 957 sibi
1724 905 2083 959 obediendum
2109 921 2313 960 couvo-

735 994 968 1047 carunt?
998 994 1252 1048 Accedite
1284 994 1465 1064 igitur,
1499 1005 1552 1048 et
1594 995 1837 1050 debitum
1865 997 1968 1051 diis
1992 998 2317 1054 sacrificium

736 1085 956 1148 oerrte,
1020 1084 1475 1153 quemadmodum
1531 1098 1723 1140 omnes
1779 1086 1958 1141 facere
2018 1103 2316 1142 consueve—

735 1184 884 1230 runt.
949 1173 1103 1228 Tunc
1163 1174 1559 1232 lllaximilianus
1615 1181 1895 1248 respondit
1943 1194 1958 1232 :
2013 1180 2314 1242 Habemus,

736 1265 1052 1335 imperator,
1084 1266 1250 1320 Deum
1286 1266 1335 1318 iu
1370 1269 1520 1322 cmlis
1553 1268 1911 1334 habitantem,
1960 1272 2115 1340 cujus
2146 1273 2315 1340 gloria

735 1357 931 1410 caelum
969 1364 1021 1410 et
1066 1365 1206 1410 terra
1238 1357 1397 1427 plena
1422 1369 1526 1421 est,
1552 1359 1640 1412 cui
1670 1360 1996 1414 sacrificium
2020 1362 2318 1415 confessio-

735 1446 820 1500 nis
858 1453 1064 1500 uostrte
1112 1447 1307 1500 oerrre
1349 1448 1495 1502 soliti
1542 1465 1754 1516 sumus,
1811 1459 1972 1519 atque.
2006 1463 2314 1506 nostrarum

737 1539 1045 1592 orationum
1095 1538 1353 1593 libamine
1392 1554 1574 1594 coram
1625 1541 1734 1596 Deo
1781 1544 2115 1597 exsultamus
2168 1545 2314 1598 omni

739 1639 1004 1698 tempore.
1050 1629 1159 1684 Nos
1187 1629 1602 1686 enim‘nidorem
1646 1647 1709 1687 ac
1762 1632 1969 1686 fumum
2013 1646 2315 1690 vestrorum

739 1720 1128 1774 sacrificiorum
1156 1720 1271 1775 istis
1305 1720 1461 1776 idolis
1493 1739 1600 1776 non
1639 1723 1937 1788 offerimus,
1973 1727 2318 1797 quandoqui-

739 1811 860 1864 dem
905 1819 1122 1866 nostras
1157 1813 1366 1866 animas
1404 1812 1728 1867 labefactare
1765 1815 2034 1867 uolumus.

810 2114 876 2170 ν.
920 2112 1018 2168 His
1057 2112 1278 2179 auditis,
1300 2111 1494 2168 Decius
1536 2128 1646 2167 non
1681 2114 1917 2184 amplius
1946 2115 2092 2184 loqui
2125 2115 2312 2179 voluit,

741 2208 836 2263 sed
876 2207 1040 2278 jussit
1070 2205 1336 2260 militares
1372 2219 1537 2259 zonas
1568 2205 1635 2260 ab
1671 2205 1750 2260 eis
1778 2204 1999 2260 auferri.
2033 2205 2202 2278 Cujus
2236 2207 2314 2261 rei

739 2314 959 2356 causam
1005 2312 1123 2351 esse
1171 2297 1327 2363 dixit,
1374 2298 1518 2367 quod
1559 2299 1781 2351 deorum
1825 2299 2078 2367 potentiae
2123 2298 2316 2351 adver-

742 2386 919 2441 sarios
972 2386 1119 2455 ipsos
1153 2386 1611 2454 deprehenderat.
1665 2387 1932 2441 Pranerea
1960 2388 2079 2441 illos
2117 2402 2145 2440 a
2184 2388 2316 2441 deo-

741 2488 861 2526 rum
925 2471 1298 2527 munificentia
1369 2471 1732 2540 repellendos,
1785 2481 1949 2539 atque
1993 2474 2060 2528 ab
2099 2472 2314 2540 imperii

742 2564 928 2620 militia
965 2563 1153 2634 procul
1184 2562 1447 2618 arcendos
1479 2578 1599 2618 esse
1631 2563 1897 2628 decrevit,
1921 2562 2093 2633 quoad
2117 2577 2315 2632 oppor-

743 2669 872 2711 tune
919 2654 986 2709 de
1035 2655 1250 2709 illorum
1298 2655 1560 2723 religione
1614 2654 1893 2724 inquirere
1937 2663 2144 2724 posset.
2196 2655 2314 2710 Non

739 2749 886 2802 enim
923 2763 1136 2816 aequum
1171 2748 1340 2802 videri
1376 2748 1478 2802 sibi
1546 2749 1742 2814 aiebat,
1792 2749 2005 2803 illorum
2051 2750 2316 2818 juventu-

742 2853 850 2897 tem
889 2839 1177 2894 tormentis
1223 2841 1502 2895 consumi:
1554 2842 1738 2910 itaque
1786 2841 2159 2896 misericordia
2201 2857 2318 2896 mo-

743 2944 854 2986 tum
901 2933 1161 3000 temporis
1213 2933 1446 3000 spatium
1483 2947 1540 2987 se
1588 2933 1700 2986 illis
1758 2932 2080 2996 concedere,
2127 2943 2185 2987 ut
2231 2935 2316 2988 in-

744 3036 890 3080 terea
941 3024 1348 3093 resipiscerent,
1390 3023 1456 3077 ad
1497 3026 1624 3078 deos
1673 3034 2098 3090 reverterentur,
2145 3035 2201 3081 et
2241 3027 2320 3081 vi-

745 3127 950 3171 \‘crcnt.
1015 3115 1138 3170 Haec
1187 3116 1325 3170 dixit
1367 3116 1685 3184 imperator,
1727 3126 1783 3171 et
1836 3119 2090 3186 praecepit
2123 3119 2318 3172 ferreis

2422 631 2637 694 αὐτοὺς,
2668 629 2759 682 καὶ
2804 631 2891 682 ὅτε
2929 626 3380 698 προσηνέχθησαν
3416 624 3646 677 ἐνώπιον
3689 621 3878 684 αὐτοῦ,
3907 620 3993 673 ἔτι

2420 725 2526 776 τῶν
2552 721 2801 790 δακρύων
2831 723 2888 773 ὲν
2915 725 3024 783 τοῖς
3078 719 3380 787 ὀφθαλμοῖς
3418 717 3594 768 αὐτῶν
3624 713 3815 776 ὅντων,
3839 713 3992 781 λέγει

2421 817 2603 877 αὐτοῖς
2642 813 2829 876 Δέκιος
2860 815 2887 864 ὁ
2922 812 3178 882 βασιλεύς
3212 827 3227 841 ·
3263 809 3412 862 Διατί
3439 809 3537 861 οὐκ
3568 809 3817 876 ὲμείνατε
3870 807 3990 876 μεθ’

2422 908 2578 978 ἡμῶν
2616 909 2696 969 είς
2727 907 2826 975 τὴν
2866 906 3059 958 Θυσίαν
3101 903 3209 957 τῶν
3258 902 3420 965 θεῶν,
3449 902 3648 961 οἵτινες
3688 904 3872 952 πᾶσαν
3893 900 3992 967 τὴν

2420 1002 2745 1069 οἰκουμένην
2802 995 3239 1069 προσκαλοῦνται
3293 995 3430 1066 πρὸς
3477 993 3704 1054 ἑαυτούς
3734 1007 3746 1021 ⁸
3775 994 3866 1044 καὶ
3895 991 3992 1044 νῦν

2422 1092 2747 1162 προσέλοετε
2797 1092 2893 1143 καὶ
2925 1090 3128 1142 θύσατε
3179 1091 3275 1158 τὴν
3315 1086 3814 1158 κεχρεωστημένην
3859 1087 3992 1154 ἡμῖν

2421 1187 2609 1238 ουσίαν
2643 1189 2754 1248 τοῖς
2787 1184 2947 1247 Θεοῖς,
2977 1183 3160 1245 καθῶς
3185 1183 3446 1251 ἐποίησαν
3467 1183 3665 1241 πάντες
3699 1181 3748 1231 οἱ
3781 1178 3994 1246 ἄνθρω-

2421 1297 2533 1330 ποι.
2561 1279 2694 1330 Τότε
2749 1276 3183 1345 Μαξιμιλλιανὺς
3218 1275 3562 1343 ἀποκριθεὶς,
3588 1268 3744 1326 εἶπεν
3781 1270 3860 1341 τῷ
3895 1273 3992 1339 βα-

2423 1371 2560 1424 σιλεῖ
2579 1388 2592 1402 ο
2630 1371 2866 1440 Ἔχομεν
2895 1369 3026 1421 Θεὶν
3054 1354 3115 1422 ἓν
3149 1367 3226 1436 τῷ
3261 1365 3502 1436 οὐρανῷ,
3530 1365 3557 1416 ὁ
3586 1364 3812 1433 οὐρανὸς
3841 1365 3938 1415 καὶ
3962 1363 3993 1430 ἡ

2420 1464 2490 1532 γῆ
2525 1462 2887 1532 πεπλήρωται
2934 1460 3033 1526 τῆς
3072 1455 3232 1526 δόξης
3266 1457 3455 1519 αὑτοῦ,
3499 1455 3594 1507 καὶ
3640 1454 3786 1522 αὐτῷ
3821 1469 3993 1522 προσ-

2423 1557 2663 1624 φέρομεν
2724 1553 2822 1624 τὴν
2876 1552 3126 1622 κρυπτὴν
3178 1549 3370 1602 θυσίαν
3405 1547 3508 1616 τῆςὶ
3551 1546 3995 1615 ὲξομολογήσεως

2421 1649 2596 1719 ἡμῶν,
2620 1648 2714 1700 καὶ
2745 1649 2802 1700 ὲν
2835 1649 2898 1717 τῇ
2929 1645 3133 1715 σπουδῇ
3168 1646 3264 1714 τῆς
3311 1644 3554 1712 δεήσεως
3586 1641 3744 1710 ἡμῶν
3785 1641 3993 1707 ἐμφαι-

2422 1741 2625 1812 νὸμεθα
2655 1740 2885 1792 ἐνώπιον
2933 1737 3101 1790 αὑτοῦ
3148 1736 3465 1797 διαπαντός.
3520 1733 3713 1802 Ἡμεῖς
3739 1733 3852 1801 γὰρ
3889 1735 3993 1798 τὴν

2425 1835 2614 1886 κνῖσαν
2649 1832 2743 1884 τοῦ
2781 1830 2993 1884 καπνοῦ
3043 1830 3144 1900 τὴν
3190 1826 3632 1899 μεμολυσμένην,
3679 1824 3996 1894 ἔμπροσθεν

2419 1925 2651 1978 εἰδώλων
2677 1942 2770 1978 σου
2809 1924 2870 1977 οὗ
2913 1921 3320 1994 προσφέρομεν,
3355 1920 3475 1972 οὐδὲ
3515 1921 3628 1987 γᾲρ
3683 1906 3994 1986 μολῦνομεν

2416 2017 2513 2088 τὴν
2535 2017 2904 2084 καθαριότητα
2922 2015 3030 2067 τῶν
3048 2015 3233 2084 ψυχῶν
3263 2013 3418 2082 ἡμῶν
3445 2012 3541 2064 καὶ⁸
3562 2009 3670 2062 τῶν
3697 2009 3992 2076 σωμάτων,

2483 2107 2563 2161 E'.
2613 2109 2750 2160 Τότε
2813 2107 3006 2168 Δέκιος
3061 2106 3121 2158 οὐ
3178 2104 3429 2173 διελέχθη
3483 2102 3816 2170 ἀμφοτέροις
3854 2101 3993 2170 ἄμα,

2417 2201 2554 2254 ἀλλὰ
2587 2200 2802 2253 κελεύει
2843 2200 3084 2269 κοπῆναι
3115 2199 3213 2261 τὰς
3249 2197 3426 2261 ζώνας
3463 2197 3658 2248 αὐτῶν.
3693 2197 3804 2249 Καὶ
3845 2197 3994 2260 λέγει

2418 2295 2552 2363 πρὸς
2579 2293 2779 2355 αὐτούς
2800 2308 2813 2325 '
2847 2292 3066 2360 Ἐπειδὴ
3093 2285 3251 2358 εῦρον
3270 2292 3412 2360 ὑμᾶς
3431 2289 3706 2351 ἐναντίους
3730 2287 3870 2340 κατὰ
3893 2291 3992 2356 τῆς

2417 2387 2700 2454 δυνάμεως
2729 2387 2834 2437 τῶν
2860 2385 3020 2448 θεῶν,
3061 2384 3148 2436 διὰ
3177 2383 3338 2435 τοῦτο
3371 2384 3465 2435 και
3492 2383 3652 2450 ὑμεῖς
3697 2381 3992 2450 ἀλλοτριω-

2419 2478 2648 2548 θήσεσθε
2677 2479 2774 2544 τῆς
2809 2477 2988 2530 αὐτῶν
3011 2475 3431 2546 μεγαλειότητος
3449 2477 3545 2527 καὶ
3568 2475 3666 2542 τῆς
3693 2473 3989 2542 στρατείας

2416 2571 2512 2640 τῆς
2550 2569 2829 2640 βασιλείας
2856 2568 3038 2636 ἡμῶν,
3087 2568 3192 2629 ἓως
3219 2560 3280 2620 οὗ
3306 2564 3456 2618 λάϐω
3486 2565 3681 2633 καιρὸν
3728 2566 3826 2617 atati.
3853 2564 3990 2637 μετὰ

2416 2661 2742 2731 δοκιμασίας
2799 2642 3314 2730 ὲπεροίσηθήσεσθε,
3376 2656 3508 2726 περὶ
3563 2656 3662 2725 τῆς
3715 2655 3883 2724 οὔσης
3936 2657 3994 2708 ὲν

2418 2755 2546 2823 ὑμῖν
2579 2752 2900 2824 θρησκείας·
2927 2753 2986 2803 οὺ
3011 2751 3121 2820 γὰρ
3154 2750 3366 2802 δίκαιόν
3417 2751 3571 2800 ἐστιν
3621 2748 3786 2812 εὐθὺς
3839 2752 3992 2804 ἀπω-

2417 2846 2606 2899 λέσθαι
2633 2847 2728 2916 τὴν
2762 2845 2991 2915 νεότητα
3025 2844 3178 2914 ὑμῶν
3203 2844 3298 2895 καὶ
3333 2841 3574 2913 μαράναι
3619 2842 3718 2904 τὰς
3771 2842 3988 2910 ἡλικίας

2420 2939 2576 3008 ὑμῶν
2611 2942 2667 2991 ἐν
2694 2939 2971 3000 ποικίλαις
3004 2937 3260 3007 βασάνοις
3291 2952 3304 2968 ο
3335 2937 3447 3004 ἐγὼ
3476 2936 3585 3006 γὰρ
3616 2936 3991 3006 συμπαθήσας

2417 3032 2610 3102 δίδωμι
2649 3031 2782 3100 ὑμῖν
2811 3031 3026 3101 καιρὸν,
3057 3031 3206 3092 ὅπως
3232 3030 3290 3081 ὲν
3318 3028 3467 3096 αὑτῷ
3496 3027 3852 3096 σοφισθέντες
3876 3029 3995 3080 ἐπι-

2421 3124 2688 3193 στρέψητε
2719 3124 2814 3176 καὶ
2870 3123 3128 3192 ζήσεσθε.
3187 3122 3320 3173 Τότε
3362 3122 3651 3174 ἐκέλευσεν
3679 3124 3705 3173 ὁ
3737 3121 3992 3190 βασιλεὺς

742 3209 971 3261 vinculis
1017 3208 1228 3260 illorum
1262 3207 1398 3261 colla
1441 3207 1562 3259 exui
1584 3248 1597 3271 ,
1635 3218 1796 3275 atque
1827 3226 1854 3259 ιι
1885 3223 1984 3261 suo
2023 3219 2317 3276 conspectu
2345 3245 2388 3303 ο

2345 3245 2388 3303 c
2421 3218 2632 3280 Δέκιος,
2657 3215 2751 3268 καὶ
2777 3217 2989 3285 ὲπῇραν
3023 3216 3090 3267 τὰ
3113 3214 3270 3267 κλοιὰ
3301 3215 3369 3267 τὰ
3395 3215 3590 3284 σιδηρὰ
3625 3217 3687 3268 ὲκ
3712 3215 3824 3268 τῶν
3861 3232 3990 3286 τρα-

744 3299 1029 3352 removeri.
1059 3297 1213 3351 Tunc
1243 3296 1432 3351 Decius
1462 3297 1515 3350 in
1547 3298 1679 3351 alias
1718 3298 1878 3352 urbes
1907 3299 2180 3367 profectus
2211 3311 2312 3366 est,

746 3402 801 3445 ut
826 3390 1023 3444 laceret
1051 3405 1168 3459 qua:
1203 3389 1256 3443 in
1284 3390 1463 3443 animo
1493 3390 1743 3455 habebat,
1773 3406 1837 3445 eo
1864 3401 2039 3446 tamen
2065 3393 2314 3458 consilio,

747 3494 802 3540 ut
855 3483 1129 3552 Ephesum
1175 3490 1465 3549 repeteret.
1518 3479 1702 3550 Itaque
1750 3484 1952 3537 sanctis
1997 3483 2148 3548 viris,
2177 3499 2314 3552 quos

741 3574 1000 3635 diximus,
1053 3575 1378 3626 concessum
1413 3570 1590 3625 fuerat
1630 3572 1698 3625 ab
1745 3573 2095 3640 imperatore;
2133 3583 2190 3626 ut
2219 3589 2316 3642 per

741 3669 949 3738 aliquot
977 3666 1095 3720 dies
1127 3665 1298 3719 libere
1327 3664 1530 3718 versari
1567 3673 1812 3733 possent.

814 3871 899 3926 Vl.
936 3869 1070 3928 Cum
1112 3869 1277 3941 igitur
1304 3877 1668 3941 opportunum
1698 3876 1911 3940 tempus
1948 3869 2308 3934 invenissent,

741 3976 795 4021 et
821 3966 872 4019 iu
893 3964 1096 4020 Christi
1125 3965 1228 4017 fide
1253 3977 1604 4033 perseverare
1632 3962 2063 4023 constituissent,
2088 3962 2314 4031 justitise

741 4057 998 4126 operibus
1044 4055 1470 4110 incumbebant:
1521 4068 1756 4121 cumque
1803 4068 1998 4106 aurum
2034 4063 2089 4106 et
2122 4067 2315 4122 argen-

744 4160 857 4204 tum
888 4162 952 4201 ex
979 4145 1218 4214 paternis
1257 4145 1602 4199 facultatibus
1642 4143 2006 4216 collegissent,
2058 4145 2314 4215 pauperi-

743 4241 843 4293 bus
894 4237 1118 4292 multam
1163 4238 1458 4307 pecuniam
1513 4236 1938 4292 distribuerunt:
1978 4247 2033 4290 et
2067 4237 2210 4290 inter
2254 4251 2313 4291 sc

742 4333 1027 4389 consilium
1076 4333 1348 4396 ineuntes,
1395 4332 1633 4388 vicissim
1672 4347 1730 4386 se
1759 4331 1845 4385 his
1879 4333 2063 4385 verbis
2115 4329 2313 4385 adhor-

742 4427 996 4482 tabautur
1032 4441 1046 4477 :
1089 4421 1419 4475 Secedamus
1462 4436 1755 4491 parumper
1800 4421 1868 4474 ab
1912 4421 2011 4475 bac
2062 4423 2214 4486 urbe,
2259 4432 2311 4478 et

740 4517 1032 4568 subeamus
1061 4514 1378 4584 speluncam
1410 4513 1554 4567 illam
1590 4528 1858 4584 magnam,
1889 4530 2007 4582 quae
2047 4516 2221 4583 vergit
2243 4513 2315 4567 ad.

2425 3309 2606 3379 χὴλων
2658 3309 2858 3371 αὐτῶν,
2911 3309 3002 3359 καὶ
3051 3307 3304 3374 ἐξέϐαλον
3339 3309 3537 3369 αὐτοὺς
3577 3308 3638 3360 ἐκ
3695 3308 3994 3377 προσώπου

2421 3402 2516 3454 τοῦ
2573 3401 2858 3470 βασιλέως.
2914 3401 3050 3452 Τότε
3076 3397 3169 3451 οὖν
3196 3401 3223 3450 ὁ
3254 3399 3448 3461 Δέκιος
3507 3398 3736 3468 ἐξῆλθεν
3774 3403 3854 3462 εἰς
3897 3402 3992 3459 τὰς

2423 3495 2589 3555 ἄλλοις
2629 3493 2834 3554 πόλεις,
2871 3491 3160 3560 πληρῶσαι
3190 3492 3250 3543 τὸ
3282 3491 3496 3560 θέλημα
3533 3491 3701 3544 αὑτοῦ
3745 3495 3842 3545 καὶ
3901 3495 3994 3546 οῦ-

2422 3599 2530 3646 τως
2554 3582 2642 3634 ἐπ’
2671 3582 2919 3636 ἀνελθεῖν
2962 3583 3040 3643 είς
3072 3566 3308 3651 Ἔφεσδν
3341 3585 3438 3653 τὴν
3463 3585 3619 3637 πόλιν
3651 3586 3708 3637 ἐν
3743 3585 3896 3655 αὐτῷ
3923 3589 4003 3660 τῷ

2412 3672 2582 3744 ’θυμῷ
2624 3676 2724 3741 τῆς
2776 3671 3066 3736 ἀλαζονίας
3129 3673 3317 3734 αὑτοῦ,
3350 3674 3472 3724 τότε
3526 3671 3616 3725 οὖν
3675 3675 3832 3744 ἐδόθη
3882 3680 3994 3739 τοῖς

2422 3767 2597 3833 ἁγίοις
2635 3765 2840 3828 ἔνδοσις
2882 3766 3102 3833 ἡμερῶν
3137 3764 3286 3832 παρὰ
3323 3763 3417 3814 τοῦ
3454 3764 3743 3832 βασιλέως.

2492 3861 2583 3923 τῖ’.
2611 3857 2883 3915 Λαϐόντες
2935 3855 3028 3907 οῦν
3058 3855 3250 3925 καιρὸν
3281 3856 3328 3907 oi
3363 3856 3536 3923 ἅγιοι,
3571 3856 3901 3925 ἐπλήρωσαν
3931 3858 3997 3909 τὰ

2419 3949 2556 4019 ἔργα
2589 3950 2686 4016 τῆς
2727 3947 3080 4016 δικαιοσύνης
3105 3949 3162 4000 ἐν
3194 3951 3257 4018 τῇ
3292 3949 3475 4001 πίστει
3525 3947 3728 4011 αὐτῶν,
3773 3953 3866 4001 καὶ
3898 3950 3995 4003 λα-

2420 4041 2609 4105 ϐάντες
2641 4040 2863 4110 χρυσίον
2888 4040 2984 4093 καὶ
3012 4039 3276 4110 ἀργύριον
3299 4041 3362 4091 ὲκ
3382 4041 3488 4092 τῶν
3521 4041 3758 4106 γονικῶν
3789 4042 3995 4106 αὐτῶν,

2420 4135 2677 4190 διεδίδουν
2705 4135 3234 4203 τοῖςνπτωχοῖςπότε
3260 4134 3559 4200 ὲσκέψαντο
3593 4135 3710 4204 μετ’
3743 4132 3998 4206 ἀλλήλων

2419 4230 2515 4280 καὶ
2545 4223 2720 4280 εἷπον.
2754 4225 3214 4297 Ἀποχωρίσωμεν
3245 4226 3468 4290 ἑαυτοὺς
3493 4227 3676 4293 ὀλίγον
3717 4231 3812 4280 καὶ
3846 4231 3998 4292 ἐξέλ-

2421 4320 2602 4391 οωμεν
2629 4321 2692 4374 ὲκ
2718 4319 2818 4391 τῆς
2849 4320 3060 4382 πόλεως
3086 4319 3313 4389 ταύτης,
3342 4321 3436 4372 καὶ
3466 4319 3800 4391 ἀπέλθωμεν
3832 4325 3916 4384 είς
3936 4323 3996 4377 τὸ

2420 4417 2682 4486 σπήλαιον
2721 4415 2782 4466 τὸ
2827 4415 2973 4484 μέγα
3019 4414 3080 4467 τὸ
3109 4413 3167 4466 δν
3200 4413 3258 4479 ἐξ
3304 4413 3582 4468 ἀνατολῶν
3629 4419 3729 4486 τῆς
3762 4417 3993 4479 πόλεως.
4010 4397 4022 4410 Ἰ

2420 4509 2530 4560 Καὶ
2567 4505 2849 4577 δεηθῶμεν
2903 4508 3021 4559 ἐκεῖ
3081 4504 3174 4558 τοῦ
3209 4505 3343 4559 Θεοῦ
3387 4506 3548 4575 ἡμῶν
3585 4509 3726 4576 μετὰ
3757 4511 3999 4579 ἡσυχίας

739 4607 1041 4660 Orientem.
1098 4604 1212 4658 lllic
1262 4605 1448 4673 quiete
1505 4605 1774 4667 viventes,
1833 4604 2002 4657 Dettm
2058 4616 2305 4658 nostrum
2335 4607 2408 4667 Di

2335 4600 2673 4667 Βάκτενῶς,
2724 4602 2816 4654 καὶ
2876 4600 3297 4672 εὐτρεπίσωμεν
3348 4599 3575 4662 ἑαυτοὺς
3629 4600 3870 4654 ἐνώπιον
3899 4601 3993 4653 τοῦ

737 4699 962 4752 attentis
991 4707 1045 4752 et
1077 4696 1314 4750 assiduis
1355 4697 1606 4765 precibus
1637 4710 1877 4756 oremus,
1917 4704 1972 4747 ut
2008 4695 2140 4748 tales
2169 4696 2309 4750 efl'tci

740 4796 1015 4859 possimus
1072 4789 1164 4858 qni
1218 4796 1345 4842 ante
1394 4788 1606 4859 tyranni
1666 4796 1946 4858 aspectum
2001 4797 2312 4842 constanter

737 4898 881 4939 stare
935 4883 1253 4936 valeamus:
1307 4898 1484 4950 neque
1550 4882 1868 4934 desinamus
1936 4881 2026 4933 Dei
2084 4882 2308 4951 gloriam

739 4977 1074 5037 collaudare,
1137 4984 1193 5029 ut
1244 4973 1387 5026 Deus
1438 4971 1555 5041 ipse
1613 4986 1715 5041 ope
1762 4987 1858 5024 sua
1915 4987 2013 5024 nos
2068 4973 2309 5040 adjuvet,

743 5081 850 5137 quo
899 5078 1099 5120 rectam
1159 5067 1278 5135 ejus
1339 5064 1746 5120 confessionem
1813 5079 2115 5126 servemus,
2153 5078 2311 5117 coro-

745 5173 979 5229 nauique
1059 5156 1204 5212 illam
1273 5157 1640 5226 incorruptam
1713 5156 1797 5210 his
1876 5166 2154 5223 paratam,
2219 5156 2311 5226 qui

745 5253 862 5320 ejus
920 5251 1077 5305 fidem
1141 5249 1478 5314 custodiunt,
1528 5256 1584 5302 et
1627 5246 1904 5302 Christum
1949 5257 2308 5318 agnoverunt,

743 5341 990 5407 accipere
1070 5343 1360 5411 possimus.
1430 5340 1613 5408 Itaque
1663 5357 1786 5396 cum
1844 5350 2052 5396 tantum
2104 5343 2311 5413 argenti

742 5431 1124 5503 sumpsissent,
1152 5443 1421 5500 quantum
1452 5432 1557 5487 illis
1601 5433 1667 5486 ad
1713 5443 1989 5501 sumptum
2021 5435 2152 5491 satis
2189 5449 2312 5490 esse

739 5536 943 5592 posset,
977 5526 1342 5579 ascenderunt
1381 5525 1435 5576 i.n
1463 5525 1775 5593 speluncam
1814 5527 1867 5578 in
1909 5535 2089 5579 monte
2129 5525 2308 5593 sitam,

739 5626 918 5679 (mons
949 5617 1154 5669 Oelilou
1211 5615 1537 5686 appellatur)
1557 5633 1663 5684 quo
1695 5619 1749 5670 in
1797 5619 1916 5672 loco
1952 5619 2151 5673 multos
2195 5619 2311 5676 dies

739 5716 1138 5776 transegerunt,
1204 5709 1371 5761 Deum
1444 5708 1624 5777 ipsum
1685 5716 1924 5772 orantes,
1982 5721 2035 5764 et
2080 5712 2309 5766 salutem

740 5810 1043 5849 animarum
1113 5813 1334 5850 suarum
1396 5813 1614 5867 semper
1679 5799 1747 5852 ab
1817 5814 1883 5852 eo
1949 5803 2307 5868 postulantes.

742 5884 999 5938 Jamblico
1053 5899 1251 5949 autem,
1284 5891 1373 5958 qui
1422 5893 1671 5945 omnibus
1727 5893 1848 5946 aliis
1878 5903 1995 5947 crat
2038 5907 2164 5951 natu
2209 5897 2308 5950 uii-

2411 4696 2676 4764 τνράννου
2713 4694 3086 4763 παραστῆναι,
3117 4693 3189 4762 μὴ
3226 4691 3320 4744 οῦν
3367 4693 3708 4762 ἀργήσωμεν
3757 4695 3868 4744 ἀπὸ
3900 4694 3998 4760 τῆς

2409 4786 2717 4853 δοξολογίας
2745 4786 2838 4837 τοῦ
2879 4785 3037 4837 Θεοῦ.
3069 4785 3177 4837 Καὶ
3226 4787 3288 4836 τὸ
3335 4787 3554 4853 θέλημα
3586 4785 3756 4836 αὑτοῦ
3791 4787 3999 4856 ποιήτη

2413 4878 2532 4948 μεθ’
2568 4877 2724 4946 ἡμῶν
2758 4877 2785 4926 ὁ
2818 4861 3044 4945 Κύριος,
3097 4881 3193 4930 καὶ
3247 4877 3638 4947 πληρώσωμεν
3687 4877 3789 4946 τὴν
3823 4879 3998 4947 καλὴν

2409 4970 2702 5040 ὁμολογίαν
2749 4969 2910 5040 ἡμῶν
2951 4970 3186 5023 ἐνώπιον
3224 4970 3323 5023 τοῦ
3359 4973 3652 5040 τυράννου,
3687 4973 3782 5024 καὶ
3817 4972 3995 5025 λάϐω-

2413 5085 2514 5137 μεν
2552 5067 2644 5121 τδν
2671 5068 2996 5136 ἀμάραντον
3033 5066 3303 5134 στέφανον
3334 5067 3426 5119 τὸν
3452 5067 3861 5136 ἡτοιμασμένον
3887 5071 4000 5130 τοῖς

2410 5163 2624 5220 πιστοῖς
2653 5162 2748 5212 καὶ
2790 5160 3159 5226 ἐπεγνωκόσι.
3187 5161 3297 5211 Καὶ
3326 5159 3587 5221 λαϐόντες
3610 5147 3760 5228 ¹μετὰ
3801 5162 3996 5227 χεῖρας

2410 5252 2672 5324 ἀργύριον
2690 5269 2713 5303 ε
2725 5253 2770 5314 ίς
2787 5253 2944 5320 λόγον
2960 5255 3060 5321 τῆς
3070 5251 3316 5321 δαπάνης
3330 5252 3528 5316 αὐτῶν,
3546 5251 3825 5320 ἀνέϐησαν
3841 5255 3920 5315 εἰς
3938 5255 3999 5304 τὸ

2413 5347 2676 5416 σπήλαιον
2698 5346 2756 5398 τὸ
2773 5345 2832 5398 ὃν
2853 5347 2910 5400 ὲν
2931 5347 3006 5415 τῷ
3020 5347 3134 5416 ὄρει
3153 5345 3230 5417 τῷ
3248 5346 3525 5416 λεγομένῳ
3550 5346 3785 5416 Μοχλὸς,
3808 5350 3904 5400 καὶ
3922 5349 4001 5400 δι-

2410 5440 2544 5508 ῆγον
2570 5439 2688 5489 ἐκεῖ
2710 5438 2912 5500 πολλὰς
2932 5438 3147 5507 ἡμέρας
3169 5437 3599 5508 προσευχόμενοι
3619 5442 3714 5492 καὶ
3747 5439 3998 5507 δεόμενοι

2410 5528 2504 5580 τοῦ
2537 5527 2670 5580 Θεοῦ
2715 5527 2802 5580 διὰ
2855 5529 3078 5592 παντὸς,
3125 5530 3268 5597 ὑπὲρ
3322 5529 3419 5597 τῆς
3469 5531 3746 5598 σωτηρίας
3785 5531 3993 5583 αὐτῶν.

2423 5619 2726 5689 Ἰάμϐλιχον
2740 5619 2794 5672 δὲ
2814 5613 3077 5687 νεώτερον
3091 5620 3220 5670 ὄντα
3238 5619 3331 5671 καὶ
3352 5620 3722 5688 δυνατώτερον
3744 5625 3839 5674 καὶ
3858 5621 3993 5688 φρύ-

2411 5731 2589 5783 νιμον,
2615 5712 2802 5777 ἔταξεν
2824 5712 3093 5764 διακονεῖν
3110 5713 3311 5776 αὐτοῖς’
3341 5712 3436 5765 καὶ
3463 5713 3550 5764 ὅτε
3570 5715 3882 5783 κατήρχετο
3910 5713 3995 5774 εἰς

2413 5807 2508 5875 τὴν
2549 5808 2700 5858 πόλιν
2727 5804 2967 5873 ιίίλλλαοσε
2999 5808 3067 5857 τὰ
3109 5806 3306 5876 ἱμάτια
3329 5804 3496 5859 αὐτοῦ
3521 5806 3592 5869 ὡς
3625 5804 3864 5872 πτωχος,
3892 5805 3994 5856 καὶ

2417 5896 2690 5967 ἐλάμϐανε
2750 5894 2869 5963 μεθ’
2913 5895 3110 5950 ἑαυτοῦ
3175 5895 3444 5967 ἀργύριον
3491 5898 3584 5952 καὶ
3643 5893 3814 5947 ἐδίδου
3875 5896 3992 5959 τοῖς
