4226 6436
257 430 366 497 433

1292 412 1296 415 ’
1354 441 1450 502 DE
1493 440 1787 500 SEPTEM
1833 434 2444 502 oonmmurmus.

3407 433 3510 498 434

260 556 499 623 πτωχοῖς
554 557 612 619 ἐξ
652 557 839 625 αὐτοῦ,
902 558 992 611 καὶ
1041 557 1276 626 ἠκροᾶτο
1323 556 1375 607 τί
1417 557 1637 621 ἐλέγετο
1668 556 1725 607 ἐν
1761 555 1838 624 τῷ
1871 563 1910 615 Α

1959 570 2060 619 ιον,
2098 565 2151 608 et
2198 552 2464 608 obeundis
2521 548 2840 605 ministeriis
2906 549 3080 619 aptior
3130 557 3294 617 atque
3353 563 3515 617 expe—

261 643 513 715 παλατὶῳ
575 646 665 697 τοῦ
728 648 1012 718 βασιλέως.
1049 649 1158 702 Καὶ
1214 646 1388 710 οὕτως
1441 648 1683 717 ἠγόραζε
1739 647 1834 716 τὴν

256 736 450 805 χρείαν
485 739 664 791 αὐτῶν
701 743 794 794 καὶ
847 743 1132 811 ἀνῆρχετο,
1163 740 1514 808 ἀναγγέλλων
1549 740 1729 801 αὐτοῖς
1766 740 1833 790 τὰ

255 822 534 894 λεγόμενα
571 829 662 878 καὶ
703 830 1058 898 πραττόμενα
1093 829 1214 882 κατ’
1252 829 1432 881 αὐτῶν
1461 831 1515 881 ἐν
1552 827 1630 895 τῷ
1658 828 1831 879 παλα-

257 914 360 984 τὶῳ
390 918 483 970 τοῦ
519 918 807 987 βασιλέως.

1943 646 2129 711 ditior,
2202 646 2516 716 impositum
2575 643 2678 698 fuit
2744 642 3048 714 negotium,
3111 650 3170 694 ut
3221 642 3274 695 in
3323 642 3513 696 urbem

1939 738 2315 800 descenderet,
2367 747 2421 795 et
2451 738 2494 791 si
2535 737 2664 807 quid
2720 735 2834 789 ﬁeri
2871 751 3008 805 opus
3053 741 3220 797 esset,
3271 733 3386 802 ipse
3442 733 3516 786 la-

1939 837 2108 883 ceret.
2169 831 2298 884 Erat
2358 839 2540 884 autem
2606 828 2826 898 juvenis
2885 828 2973 881 ille
3034 826 3189 880 valde
3249 827 3512 897 prudens.

1937 920 2123 990 itaque
2182 937 2303 975 cum
2356 921 2421 975 ad
2493 921 2677 975 urbem
2735 917 3120 981 descendebat,
3179 933 3243 971 ne
3302 916 3515 987 agnosci

263 1023 466 1080 posset,
507 1025 707 1070 vestem
764 1018 1026 1083 mutabat,
1085 1031 1138 1074 et
1183 1036 1320 1073 unus
1359 1018 1553 1088 aliquis
1604 1033 1633 1072 e
1685 1031 1912 1070 numero
1946 1011 2322 1071 mendicor'um
2361 1017 2646 1070 videbatur
2680 1034 2691 1068 :
2743 1028 2976 1082 cumque
3016 1013 3299 1081 pecuniam
3333 1025 3514 1065 secum

261 1104 512 1169 haberet,
546 1116 752 1176 partem
789 1110 1020 1179 aliquam
1067 1113 1392 1181 pauperibus
1421 1108 1781 1165 distribuebat
1814 1126 1826 1162 :
1864 1109 2024 1164 dabat
2071 1110 2228 1164 etiam
2289 1124 2531 1179 operam,
2567 1117 2624 1162 ut
2664 1106 3116 1165 subauscultaret,
3157 1103 3410 1172 quidnam
3453 1103 3516 1157 de

263 1198 588 1268 imperatore
625 1203 913 1258 diceretur.

333 1293 406 1346 χ’.
434 1296 540 1345 Καὶ
571 1296 696 1364 μεθ’
723 1299 932 1368 ἡμέρας
955 1299 1130 1363 τινας,
1184 1299 1487 1371 ἐπανῆλθεν
1516 1303 1544 1354 ὁ
1581 1301 1834 1371 βασιλεὺς

263 1385 452 1446 Δέκιος
479 1386 559 1449 εἰς
597 1388 848 1454 Ἔφεσον,
880 1391 968 1442 καὶ
1023 1396 1367 1462 παραχρῆμα
1421 1395 1672 1447 ἐκέλευσε
1706 1389 1833 1457 τοῦς

264 1475 516 1541 πρώτους
548 1478 644 1546 τῆς
694 1480 920 1543 πόλεως,
974 1483 1060 1536 ἵνα
1088 1487 1200 1545 τοῖς
1236 1503 1300 1537 πε
1315 1487 1366 1553 pi.
1411 1487 1709 1557 ’Λχιλείδην
1742 1489 1836 1541 καὶ

261 1569 374 1628 τοῖς
427 1569 663 1639 ἑταίροις
687 1573 881 1636 ἀὺτοῦ,
913 1574 1122 1638 θυσίαις
1148 1578 1418 1630 ἐπιτελεῖν
1451 1582 1564 1641 τοῖς
1590 1581 1839 1648 ματαίοις

263 1658 535 1722 εἰδώλοις,
590 1665 720 1731 περὶ
785 1666 964 1718 αὐτῶν
1025 1669 1132 1738 γὰρ
1175 1669 1519 1739 ἐνεθυμεῖτο.
1566 1672 1675 1724 Καὶ
1733 1672 1839 1742 γὰρ

270 1745 573 1815 ἐγνώριζεν
606 1751 826 1813 αὐτούς.
888 1755 995 1805 Καὶ
1028 1756 1169 1808 οὕτω
1218 1759 1630 1830 κατεσχέθησαν
1659 1763 1707 1815 οῖ
1752 1782 1837 1815 πι-

265 1839 386 1890 στοὶ
415 1841 561 1910 φόϐῳ
588 1843 826 1912 μεγάλῳ,
853 1847 943 1897 καὶ
964 1849 1124 1910 αὐτὸς
1147 1849 1197 1900 δὲ
1217 1852 1488 1921 Διομήδης
1513 1855 1540 1904 ὁ
1569 1859 1660 1907 καὶ
1694 1856 1840 1926 Ἰάμ-

2015 1302 2125 1358 \‘li.
2165 1302 2292 1357 Post
2322 1302 2529 1373 aliquot
2569 1301 2682 1356 dies
2716 1301 2878 1354 rediit
2902 1298 3203 1368 imperator
3239 1295 3430 1350 Decius
3465 1295 3518 1347 in

1945 1380 2133 1452 urbem
2167 1398 2490 1466 Ephesum:
2538 1406 2588 1451 et
2615 1395 2798 1449 statim
2843 1393 3007 1462 jussit
3052 1392 3342 1461 optima-tes
3398 1403 3518 1442 cum

1944 1489 2027 1543 his
2067 1491 2157 1558 qui
2201 1490 2526 1544 Achilliden)
2576 1488 2962 1557 sequebantur,
2995 1495 3049 1538 et
3077 1483 3196 1536 aliis
3223 1481 3315 1550 qui
3366 1487 3525 1533 erant

1943 1581 2072 1646 illic,
2104 1581 2368 1634 sacrificia
2406 1581 2558 1634 vanis
2597 1580 2753 1633 idolis
2786 1578 2985 1631 aliene
3019 1591 3032 1627 :
3069 1575 3134 1629 de
3178 1573 3327 1627 falsis
3377 1570 3522 1625 enim

1943 1675 2046 1730 diis
2090 1674 2202 1728 suis
2241 1682 2357 1727 erat
2402 1673 2557 1725 valde
2608 1670 2894 1733 sollicitus,
2929 1683 3052 1722 cum
3104 1662 3525 1719 eorumvanita-

1945 1776 2051 1821 tem
2083 1782 2193 1820 non
2225 1772 2595 1836 cognosceret.
2644 1762 3006 1828 Quamobrem
3042 1757 3363 1814 Christianae
3403 1753 3525 1808 fidei

1945 1870 2243 1916 sectatores
2295 1860 2487 1915 timore
2541 1875 2734 1930 magno
2781 1856 3173 1912 adiciebantur.
3229 1853 3353 1907 "rec
3399 1866 3524 1905 cum

266 1928 454 1996 ϐλιχος
481 1931 719 1994 ἀκούσας
747 1934 941 2002 ταῦτα,
972 1938 1161 2007 ἐξῆλθε
1187 1941 1283 2009 τῆς
1309 1942 1519 2007 πολεως
1551 1945 1690 2015 ἔχων
1723 1948 1840 2017 μεθ’
1878 1918 1910 1972 Β

1959 1952 2239 2007 lamblicus
2268 1953 2588 2015 audivisset,
2623 1965 2874 2020 egressus
2901 1960 3072 2004 estex
3118 1947 3272 2010 urbe,
3324 1959 3528 2014 paucos

267 2018 467 2070 ἑαυτοῦ
495 2021 710 2088 ὀλίγους
745 2025 968 2093 ἄρτους,
994 2030 1087 2080 καὶ
1111 2030 1278 2101 ἀνέϐη
1313 2033 1391 2094 εἰς
1419 2033 1476 2085 τὸ
1512 2035 1636 2105 ὅρος
1670 2038 1728 2088 ὲν
1767 2040 1844 2108 τῷ

268 2110 540 2199 σπηλαίῳ,
569 2113 700 2165 ὅπου
730 2111 869 2186 ἦσαν
905 2120 952 2171 οἱ
983 2120 1186 2192 ἑταῖροι
1215 2125 1402 2177 αὐτοῦ’
1431 2128 1522 2180 καὶ
1549 2128 1845 2200 διηγήσατο

267 2202 460 2266 αὐτοῖς
485 2205 553 2257 τὰ
577 2208 704 2277 περὶ
750 2209 850 2279 τῆς
877 2213 1085 2266 εἰσόδου
1115 2215 1208 2268 τοῦ
1238 2220 1505 2289 τυράννου
1536 2222 1593 2274 ὲν
1623 2221 1702 2291 τῷ
1735 2239 1842 2275 πα-

265 2294 462 2365 λατίῳ,
492 2299 582 2350 καὶ
606 2301 688 2353 ὅτι
719 2303 1063 2376 ὲξῃῖήθησαν
1094 2309 1235 2377 μετᾶ
1269 2311 1377 2365 τῶν
1411 2313 1845 2385 πολιτευομένων

270 2387 537 2441 εἰσελθεῖν
565 2393 658 2444 καὶ
688 2393 846 2446 θῦσαι
895 2397 1126 2450 ἐνώπιον
1170 2402 1356 2464 αὑτοῦ,
1383 2407 1478 2457 καὶ
1510 2407 1847 2473 ἀκούσαντες

271 2483 450 2537 ταῦτα
478 2487 680 2554 σφόδρα
706 2487 1075 2558 ἐφοϐήθησαν,
1107 2495 1200 2545 καὶ
1243 2496 1551 2565 ἐδεήθησαν
1590 2502 1682 2552 τοῦ
1711 2503 1845 2554 Ε)εοῦ

275 2578 415 2642 μετὰ
441 2577 709 2648 κλαυθροῦ
756 2582 852 2632 καὶ
911 2586 1220 2656 στεναγμοῦ
1286 2591 1542 2659 μεγάλου.
1584 2595 1848 2661 ’Λναστας

272 2669 332 2719 δὲ
355 2670 647 2740 Διομήδης,
667 2674 979 2747 παρέθηκεν
1005 2679 1233 2734 ἐνώπιον
1246 2685 1425 2739 αὐτῶν
1443 2689 1741 2757 τράπεζαν,
1758 2692 1851 2746 καὶ

279 2762 405 2824 τοὺς
440 2762 640 2830 ἄρτους
672 2765 764 2829 οὓς
797 2770 1034 2842 ἠγόρασε
1066 2776 1156 2828 τοῦ
1189 2779 1514 2846 μεταλαϐεῖν
1537 2783 1732 2845 αὐτοὺς
1760 2785 1870 2837 καῖ

277 2857 730 2928 ἐνδυναμωθῆναι
802 2864 939 2932 πρὸς
982 2867 1073 2918 τὸν
1123 2869 1362 2939 πόλεμον
1424 2872 1516 2926 τοῦ
1564 2877 1848 2944 τυράννου,

275 2951 415 3018 ὁμοῦ
447 2951 502 3004 δὲ
533 2952 907 3008 καθεσθέντων
957 2960 1135 3010 αὐτῶν
1165 2964 1221 3013 ἐν
1263 2963 1413 3035 μέσῳ
1457 2965 1549 3018 τοῦ
1583 2967 1851 3037 σπηλαίου

282 3041 579 3107 μετέλαϐον
613 3045 840 3112 τροφῆς,
865 3049 990 3116 περὶ
1017 3049 1223 3117 δυσμὰς
1252 3051 1404 3122 ἡλίου
1425 3070 1437 3082 '
1466 3058 1540 3119 ὡς
1577 3053 1670 3109 οὖν
1695 3059 1856 3113 ἐκαθ-

280 3132 466 3194 έζοντο
524 3133 852 3205 λυπούμενοι
883 3139 976 3192 καὶ
1007 3141 1324 3209 ὁμιλοῦντες
1346 3144 1614 3215 ἀλλήλοις,
1635 3150 1858 3204 ἐνύστα-

1946 2059 2114 2112 panes
2144 2059 2330 2099 secum
2375 2044 2575 2109 ferens,
2617 2055 2670 2098 et
2699 2043 2765 2097 ad
2808 2043 3007 2096 montis
3048 2041 3383 2110 speluncam,
3437 2035 3535 2091 ubi-

1946 2140 2102 2185 eraut
2140 2133 2295 2196 socii,
2331 2148 2582 2186 reversus
2610 2142 2708 2186 est.
2761 2129 3012 2184 Narravit
3051 2128 3369 2190 Jamblicus,
3408 2139 3529 2195 quae

1948 2224 2001 2278 in
2063 2225 2274 2294 tyranni
2334 2225 2537 2293 palatio
2589 2224 2652 2276 ad
2708 2223 2826 2290 ejus
2876 2224 3182 2292 ingressum
3257 2218 3525 2280 audierat,

1949 2324 2003 2365 et
2045 2313 2503 2382 quemadmodum
2545 2311 2754 2382 (ιιιιοεὶιί
2797 2310 3009 2365 fuerant
3058 2320 3112 2364 et
3151 2309 3276 2378 ipsi,
3315 2318 3372 2362 ut
3420 2323 3526 2361 una

1951 2421 2073 2458 cum
2104 2406 2223 2460 aliis
2264 2406 2496 2470 civibus,
2543 2412 2812 2477 prmsente
2854 2404 3200 2473 imperatore,
3251 2398 3527 2453 sacriﬁca-

1952 2506 2092 2550 rent.
2143 2499 2238 2552 llis
2291 2500 2512 2564 auditis,
2583 2500 2880 2553 timuerunt
2930 2496 3030 2561 illi,
3068 2506 3124 2549 et
3181 2494 3352 2548 multo
3404 2507 3527 2546 cum

1951 2587 2152 2657 gemitu
2185 2603 2246 2641 ac
2283 2590 2532 2660 lacrymis
2575 2589 2743 2642 Deum
2804 2588 3006 2658 precati
3061 2595 3207 2639 sunt.
3266 2583 3528 2653 Apposita

1951 2689 2035 2734 est
2083 2679 2246 2750 igitur
2294 2681 2400 2734 illis
2449 2697 2635 2735 mensa
2681 2690 2735 2735 et
2791 2695 2982 2750 panes,
3053 2693 3192 2746 Quos
3235 2674 3530 2732 Jamblicus

1954 2783 2180 2838 emerat,
2219 2782 2277 2826 ut
2307 2773 2485 2827 cibum
2539 2783 2818 2827 sumerent
2889 2783 2942 2827 ct
2978 2773 3044 2827 ad
3092 2771 3302 2843 tyranni
3355 2776 3548 2822 certa-‘

1956 2882 2080 2920 men
2117 2867 2495 2921 sustinendum
2549 2865 2912 2937 promptiores
2968 2862 3179 2918 fierent.
3223 2859 3533 2915 Consedere

1955 2959 2122 3028 igitur
2170 2960 2224 3011 in
2262 2961 2437 3012 media
2507 2961 2789 3028 spelunca,
2847 2968 2902 3013 ct
2965 2958 3079 3012 sole
3121 2955 3405 3010 occidente
3459 2950 3533 3005 ci-

1955 3049 2082 3104 bum
2135 3057 2507 3118 sumpserunt.
2545 3049 2679 3102 Cum
2743 3064 2871 3103 vero
2922 3049 3103 3101 tristes
3161 3046 3436 3106 sederent,
3483 3053 3538 3096 et

1959 3143 2100 3199 inter
2131 3159 2188 3198 se
2219 3143 2681 3212 colloquerentur,
2731 3140 2968 3196 dormire
3026 3147 3339 3210 cmperunt;
3383 3144 3536 3192 erant

279 3229 380 3292 ξαν
409 3227 500 3278 καὶ
527 3229 1000 3302 ἁπεκοιμήθησαψ
1021 3231 1161 3305 ἦσαν
1183 3236 1290 3308 γὰρ
1312 3241 1358 3291 οἱ
1385 3239 1654 3311 ὀφθαλμοὶ
1680 3245 1857 3298 αὐτῶν
1883 3248 1910 3310 (

1959 3236 2105 3289 enim
2139 3251 2326 3290 eorum
2378 3236 2518 3291 oculi
2564 3244 2785 3306 pr0pter
2819 3249 3105 3290 mcerorem
3161 3231 3389 3304 gravati.

287 3322 656 3394 βεὸαρημένοι
692 3328 796 3380 ἁπδ
829 3329 927 3398 τῆς
948 3328 1125 3397 λύπης
1150 3333 1245 3402 τῆς
1271 3331 1441 3404 οὔσης
1474 3334 1528 3387 ὲν
1556 3337 1625 3406 τῇ
1655 3337 1856 3409 καρδία

281 3433 484 3471 αυτων.

358 3508 514 3561 Η’.”Ο
531 3509 581 3560 5‘:
603 3510 900 3580 οἰκτίρμων
927 3513 1018 3565 καί
1035 3532 1068 3581 φ
1081 3514 1410 3584 ιλανθρωπος
1426 3519 1577 3587 Θεὸς,
1593 3524 1618 3575 ὁ
1632 3523 1861 3577 πάντοτε

285 3602 684 3671 προνοούμενος
714 3606 819 3656 τῶν
843 3603 1042 3657 δούλων
1081 3608 1266 3673 αὑτοῦ,
1295 3608 1633 3678 προσέταξεν
1659 3617 1860 3680 αὐτοὺς

286 3695 470 3745 θανεῖν
533 3693 623 3745 τὸν
683 3697 895 3748 αἰνετὸν
929 3697 1158 3750 θάνατον
1203 3702 1295 3753 καὶ
1352 3706 1610 3772 χρηστὸν,
1671 3706 1860 3760 ἕνεκεν

283 3783 394 3834 τῶν
423 3784 726 3854 μελλόντων
761 3790 1244 3846 ἀποκαλύπτεσθαι
1277 3794 1589 3866 θαυμάτων.
1626 3799 1733 3853 Καὶ
1764 3801 1864 3854 οὐκ

287 3878 518 3948 ᾔσθοντο
567 3883 695 3950 περὶ
750 3885 848 3952 τῆς
903 3889 1228 3954 κοσμήσεως
1283 3890 1377 3941 τοῦ
1435 3890 1605 3942 ὕπνου
1662 3894 1861 3949 αὐτῶν.

293 3971 404 4022 Καὶ
430 3970 598 4032 οὕτως
625 3973 888 4044 ἐκοιμήθη
902 3991 996 4025 σαν
1022 3977 1110 4026 ἐπὶ
1129 3979 1224 4045 τῆς
1244 3978 1363 4044 γῆς,
1391 3979 1416 4030 ὁ
1446 3979 1518 4043 ὡς
1539 3981 1704 4046 ὕπνος
1729 3985 1862 4038 καθ-

288 4064 570 4131 ημερινός,
598 4068 686 4117 καὶ
707 4066 996 4119 ἀπέδωκαν
1026 4069 1119 4130 τὰς
1145 4069 1321 4139 ψυχὰς
1358 4073 1556 4128 αὐτῶν.
1600 4077 1686 4139 Ὠς
1723 4078 1867 4131 ἔστιν

287 4159 320 4224 ὴ
349 4156 629 4226 δοξολογία
660 4161 716 4212 ἐν
744 4160 820 4230 τῷ
858 4161 1086 4233 στόματι
1137 4164 1342 4232 αὐτῶν,
1383 4169 1473 4222 καὶ
1500 4169 1560 4220 τὸ
1600 4171 1867 4241 ἀργύριον

292 4248 320 4299 ὃ
345 4244 411 4318 ἦν
441 4251 497 4303 ὲν
524 4254 634 4315 τοῖς
696 4253 1003 4322 βαλαντὶοις
1027 4257 1228 4322 αὐτῶν,
1273 4255 1342 4330 ἧν
1372 4261 1501 4330 παρ’
1528 4261 1712 4327 αὐτοῖς
1738 4265 1867 4320 ἔνθα

289 4337 434 4412 ἦσαν
466 4346 705 4414 κείμενοι
745 4348 837 4400 ἐπὶ
882 4349 980 4417 τὴν
1033 4349 1156 4419 γῆν.
1187 4353 1263 4423 Τῇ
1292 4352 1346 4403 δὲ
1372 4353 1498 4423 ἑξῆς
1543 4355 1709 4408 ἕωθεν
1767 4358 1867 4409 ἐπ-

293 4440 784 4507 εζήτησεναυτους
825 4442 850 4492 ὁ
894 4440 1170 4510 βασιλεὺς,
1225 4446 1428 4515 μεταξὺ
1485 4446 1596 4501 τῶν
1640 4449 1869 4520 πρώτων

294 4531 391 4582 καὶ
419 4530 525 4580 τῶν
567 4530 1000 4602 πολιτευομένων
1034 4537 1089 4587 ὲν
1115 4539 1277 4590 παντὶ
1306 4539 1458 4609 τόπῳ
1489 4542 1585 4608 τῆς
1635 4543 1866 4609 πόλεως,

296 4625 394 4674 καὶ
424 4624 522 4691 οὐχ
554 4624 877 4698 εὑρέθησαν.
948 4629 1056 4682 Καὶ
1089 4625 1240 4682 εἶπεν
1271 4631 1297 4682 ὁ
1332 4631 1586 4700 βασιλεὺς
1619 4637 1731 4698 τοῖς
1768 4655 1869 4706 με·
1904 4614 1950 4672 D

296 4718 553 4784 γιστέισιν
584 4719 748 4771 αὑτοῦ
781 4735 794 4771 '.
828 4721 969 4775 Πολὺ
1006 4721 1280 4792 ἐλυπήθην
1302 4724 1388 4776 δια
1421 4724 1517 4795 τὴν
1551 4725 1728 4797 θλῖψιν
1764 4727 1872 4781 τῶν

297 4810 598 4864 νεανίσκων
638 4813 882 4875 ἐκεῖνων,
903 4815 983 4866 ὅτι
1013 4815 1177 4869 τέκνα
1212 4816 1481 4889 λαμπρῶν
1502 4820 1595 4873 καὶ
1626 4823 1873 4890 μεγάλων

296 4900 462 4974 ἦσαν,
503 4905 597 4955 καὶ
647 4905 919 4958 ὑπέλαϐον
957 4909 1035 4961 ὅτι
1076 4910 1106 4979 ἡ
1161 4909 1408 4979 βασιλεία
1457 4913 1614 4982 ἡμῶν
1644 4914 1872 4985 ὁργίσθη

298 4996 425 5046 κατ’
462 4996 661 5058 αὐτῶν,
688 4996 780 5049 διὰ
809 4998 905 5068 τὴν
945 5001 1200 5055 ἀσέϐειαν
1230 5003 1327 5072 τῆς
1364 5003 1731 5075 παραϐάσεως
1781 5008 1876 5061 αὖ-

299 5089 412 5138 τῶν
468 5091 564 5159 τῆς
609 5090 916 5162 ἔμπροσθέν
965 5111 1065 5162 μου
1102 5111 1114 5124 ·
1165 5099 1256 5149 καὶ
1295 5099 1326 5167 ἡ
1372 5098 1753 5171 φιλανθρωπία
1782 5103 1874 5156 τοῦ

303 5181 538 5250 κράτους
565 5184 720 5252 ἡμῶν
743 5184 802 5234 οὗ
834 5189 1166 5255 μνησικακεῖ
1193 5193 1301 5253 τοῖς
1353 5193 1750 5260 παραϐαίνουσι
1783 5196 1876 5247 καὶ

300 5275 696 5343 ἐπιστρέφουσι
737 5278 872 5346 πρὸς
919 5283 1044 5344 τοὺς
1100 5282 1350 5351 εὐμενεῖς
1392 5285 1568 5347 θεούς.
1614 5288 1876 5359 ’Λπεκρὶ-

303 5371 480 5438 θησαν
511 5369 568 5421 δὲ
598 5371 645 5422 οἱ
682 5371 885 5442 πρῶτοι
913 5373 1010 5440 τῆς
1064 5374 1289 5437 πόλεως,
1321 5378 1411 5428 καὶ
1437 5374 1588 5430 εἷπον
1616 5378 1691 5448 τῷ
1724 5379 1878 5449 βασι-

301 5463 389 5514 λεῖ
409 5477 420 5489 ·
451 5463 582 5529 Περὶ
614 5464 837 5517 ἐκείνων
859 5463 968 5515 τῶν
991 5467 1405 5537 νεωτέριυντῶν
1433 5471 1776 5536 ἀποστατῶν,
1803 5475 1879 5543 μὴ

319 5556 453 5608 Ξστω
483 5556 538 5605 ἐν
600 5556 744 5626 λύπῃ
775 5557 835 5608 τὸ
884 5559 1080 5629 κράτος
1111 5577 1225 5626 σου,
1290 5562 1477 5633 ἐπειδὴ
1510 5565 1694 5634 ἀκμὴν
1728 5569 1784 5618 ὲν
1814 5570 1878 5636 τῇ

305 5646 556 5715 προτέρᾳ.
598 5645 775 5698 αὐτῶν
798 5649 1046 5720 ἀγνωσία
1073 5651 1420 5718 τυγχάνουσι.
1459 5653 1569 5707 Καὶ
1617 5654 1692 5717 ὡς
1721 5656 1884 5724 ἠκού-

307 5757 484 5808 σαμεν
517 5741 724 5791 ἐκεῖνον
749 5741 838 5791 τὸν
871 5744 1062 5809 καιρὸν
1095 5744 1186 5795 τὶν
1225 5742 1467 5797 δωθέντα
1497 5747 1683 5809 αὐτοῖς
1715 5766 1880 5816 μετα-

306 5836 474 5895 νοεῖν,
509 5834 568 5884 ἐν
589 5831 736 5901 αυτῷ
765 5832 963 5901 μᾶλλον
992 5834 1258 5902 ἐκάθηντο
1276 5835 1612 5904 πληροῦντες
1633 5840 1690 5890 τὸ
1717 5841 1884 5893 κακὸν

315 5922 532 5990 θέλημα
567 5925 766 5978 αὐτῶν.
799 5925 904 5977 Καὶ
938 5926 1130 5980 ἔλαϐον
1160 5927 1465 5996 τὸχρνσίον
1496 5932 1587 5981 καὶ
1623 5931 1680 5982 τὸ
1707 5933 1879 5999 ἀργή-

2035 3520 2168 3575 Vlll.
2213 3521 2276 3574 At
2310 3520 2549 3574 clemens
2585 3534 2646 3572 ac
2694 3519 2962 3589 benignus
3009 3517 3172 3580 Deus,
3217 3516 3307 3586 qui
3361 3516 3535 3588 servis

1965 3614 2079 3667 suis
2145 3628 2359 3682 semper
2423 3610 2689 3680 providet,
2748 3608 2876 3663 fecit
2951 3609 3071 3662 illos
3133 3608 3324 3662 mortis
3372 3623 3541 3678 genus

1964 3705 2229 3774 quoddam
2279 3705 2450 3764 obire,
2490 3718 2548 3756 ut
2576 3720 2673 3772 per
2716 3717 2809 3757 eos
2839 3700 3098 3755 miracula
3148 3699 3394 3770 quaedam
3448 3714 3544 3767 op-

1965 3809 2194 3872 portuna
2230 3798 2439 3853 ﬁerent.
2472 3797 2657 3868 Itaque
2691 3813 2814 3851 cum
2852 3813 3046 3866 sopore
3078 3811 3268 3850 onmes
3302 3792 3545 3861 corsupti

1968 3902 2171 3958 essent,
2223 3893 2277 3946 in
2335 3901 2479 3946 terra
2518 3892 2762 3960 iacentes
2826 3889 3100 3955 obierunt,
3155 3889 3366 3942 animas
3421 3901 3548 3941 suas

1969 3989 2080 4043 Deo
2108 3988 2421 4052 recidentes,
2456 3993 2511 4040 et
2540 3985 2778 4042 divinam
2812 3983 3033 4055 gloriam
3076 3981 3545 4037 concelebrantes.

1968 4077 2265 4148 Argentum
2299 4086 2501 4141 autem,
2528 4075 2672 4144 quod
2705 4075 2980 4129 habebant
3007 4075 3056 4127 in
3092 4073 3203 4128 suis
3232 4071 3544 4140 marsupiis,

1970 4168 2111 4237 apud
2162 4167 2279 4221 illos
2326 4182 2391 4220 eo
2430 4168 2482 4220 in
2529 4169 2665 4231 loco,
2722 4167 2775 4220 in
2826 4181 2933 4235 quo
2961 4165 3233 4236 jacebant,
3265 4163 3547 4219 remansit.

1972 4260 2237 4316 Postridie
2289 4275 2448 4315 mane
2508 4260 2804 4331 imperator
2858 4258 3003 4314 inter
3049 4258 3344 4328 optimates
3387 4255 3551 4324 jussit

1974 4356 2168 4409 iterum
2210 4365 2417 4424 septem
2453 4354 2574 4409 illos
2603 4355 2975 4410 adolescentes
3010 4351 3238 4422 requiri.
3286 4349 3386 4418 Qui
3423 4364 3548 4405 cum

1974 4465 2080 4503 non
2111 4449 2511 4509 invenirentur,
2544 4448 2610 4501 ad
2641 4448 2928 4516 optimates
2958 4461 3254 4502 conversus
3285 4463 3296 4497 :
3333 4443 3554 4514 Magno-

1974 4557 2124 4611 pere,
2178 4540 2373 4610 inquit,
2426 4540 2584 4595 doleo
2621 4551 2842 4610 propter
2887 4540 3291 4597 adulescentum
3333 4537 3549 4589 illorum

1977 4634 2333 4697 calamitates,
2369 4649 2433 4688 eo
2461 4634 2602 4702 quod
2639 4632 2939 4688 illustribus
2967 4642 3019 4684 ct
3050 4631 3208 4683 claris
3237 4629 3552 4698 parentibus

1978 4729 2079 4782 orti
2143 4736 2288 4781 sunt.
2343 4726 2548 4794 Opinor
2609 4725 2752 4779 enim
2795 4724 2934 4787 illos,
2999 4724 3289 4780 arbitratus
3339 4724 3554 4793 imperii

1977 4820 2145 4874 nostri
2188 4817 2522 4887 majestatem
2561 4817 2663 4873 sibi
2704 4818 2858 4871 valde
2907 4817 3101 4871 iratam
3143 4831 3284 4881 esse,
3335 4825 3555 4886 propter

1977 4912 2192 4982 pictatis
2252 4921 2454 4966 nostra:
2506 4911 2824 4980 religionem
2880 4911 2947 4962 ab
3003 4909 3081 4962 eis
3123 4909 3398 4970 violatam,
3453 4923 3553 4961 au—

1977 5005 2199 5073 fugisse.
2239 5003 2344 5057 Sed
2381 5003 2594 5073 imperii
2627 5002 2798 5058 nostri
2827 5001 3131 5074 benignitas
3167 5016 3277 5056 non
3327 5006 3555 5055 succen-

1979 5105 2058 5150 set
2111 5097 2193 5148 his
2231 5096 2322 5166 qui
2366 5095 2714 5166 resipiscunt,
2766 5107 2820 5151 et
2854 5096 2920 5150 ad
2971 5096 3195 5150 deorum
3245 5103 3552 5146 nostrorum

1979 5188 2322 5242 clementiam
2356 5189 2565 5242 animos
2599 5189 2883 5242 reducunt.
2919 5187 3043 5241 Haec
3069 5185 3206 5240 dixit
3239 5185 3567 5253 imperator.

1979 5281 2076 5334 Cui
2137 5281 2422 5350 eptimates
2477 5281 2878 5348 responderunt
2912 5299 2924 5334 :
2964 5279 3118 5344 Quod
3164 5277 3228 5331 ad
3266 5277 3389 5332 illos
3423 5277 3558 5333 ado-

1981 5374 2244 5428 lescentes
2273 5372 2511 5442 pertinet
2554 5373 2830 5444 religionis
2861 5373 3188 5435 desertores,
3222 5369 3434 5439 imperii
3481 5369 3556 5424 tui

1984 5467 2237 5534 majeslas
2276 5481 2618 5536 nequaquam
2654 5465 2853 5532 doleat,
2891 5480 3066 5534 neque
3109 5462 3405 5533 resipuisse
3441 5462 3558 5518 illos

1984 5558 2294 5621 arbitretur,
2333 5558 2510 5612 adhuc
2559 5557 2702 5612 enim
2741 5557 2794 5610 in
2829 5557 3053 5627 pristina
3109 5569 3205 5608 sua
3255 5554 3557 5625 ignorantia

1985 5660 2418 5721 perseverant,et
2475 5661 2536 5705 ut
2592 5650 2919 5714 audivimus,
2985 5663 3051 5703 eo
3107 5648 3221 5720 ipso
3291 5657 3554 5716 tempore.

1986 5746 2126 5816 quod
2157 5747 2291 5818 ipsis
2326 5747 2699 5817 przescriptum
2747 5747 2848 5800 fuit
2879 5745 2945 5800 ad
2977 5745 3293 5800 mutandum
3337 5739 3559 5796 consili-

1988 5854 2097 5903 um,
2160 5839 2549 5906 pertinaciores
2623 5837 2774 5898 facti,
2835 5837 3161 5891 obstinatam
3226 5835 3555 5886 voluntatem

1991 5929 2244 5982 retinent.
2277 5929 2482 5995 ,ltaque
2533 5937 2814 5994 argentum
2874 5935 2925 5978 et
2981 5940 3172 5977 aurum
3233 5922 3560 5998 pauperibus
