4226 6436
283 429 390 493 437

1383 441 1481 499 DE
1523 439 1820 501 SEPTEM
1873 441 2471 506 DORMIENTIBUS.

3446 442 3549 504 438

280 544 465 613 κοστῷ
497 544 669 614 ὀγδόῳ
700 546 811 601 ιτει
867 548 966 618 τῆς
1008 550 1293 619 βασιλείας
1327 554 1519 618 αὐτοῦ,
1562 556 1859 624 ἐπεφοίτη-

1967 570 2089 610 cum
2129 556 2382 628 religiose
2412 556 2793 613 etChristiane
2831 558 3142 628 imperaret.
3192 569 3549 612 surrexerunt

277 650 384 688 σαν
409 636 556 700 τινὲς
600 637 712 689 τῶν
768 640 1067 709 αίρετικῶν
1130 643 1450 714 βουλόμενοι
1500 647 1862 702 διασκεδάσαι

276 725 378 795 τὴν
399 727 700 782 ἀνάστασιν
725 730 832 782 τῶν
865 733 1101 802 νεκρῶν,
1131 734 1198 803 ἢν
1236 737 1264 788 6
1293 737 1530 804 Χριστὸς
1567 740 1863 809 ἐχαρίσατο

277 819 345 886 τῇ
378 817 511 888 ἁγίᾳ
560 819 725 871 αὑτοῦ
798 820 1118 892 Ἐκκλησία.
1160 826 1223 877 Οί
1257 825 1315 879 δὲ
1379 827 1773 900 εἰδωλολάτραι
1811 831 1859 882 οἱ

279 911 704 978 στρατευόμενοι
756 912 815 965 ἐν
846 912 926 980 τῷ
987 913 1262 986 παλατίῳ,
1325 918 1567 988 διωγμὸν
1625 922 1859 991 φανερὸν

272 998 498 1052 ἐποίουν
554 1001 900 1054 κατενώπιον
955 1002 1051 1058 τοῦ
1110 1005 1393 1076 βασιλέως,
1454 1011 1546 1062 καὶ
1598 1012 1647 1062 οί
1698 1011 1859 1080 δῆθεν

275 1091 608 1160 καλούμενοι
661 1092 956 1148 ἐπίσκοποι
995 1099 1330 1164 ἀγαπῶντες
1379 1101 1731 1170 διαστρέφειν
1762 1103 1857 1165 τὰς

273 1184 433 1245 ὁδοὺς
493 1187 704 1254 Κυρίου
766 1189 867 1252 τὰς
924 1189 1186 1253 εὐθείας,
1259 1191 1460 1254 πολλὰς
1513 1195 1855 1264 παραϐάσεις

272 1274 551 1331 ἐδείκνυον
586 1278 645 1332 ἐν
675 1283 794 1342 ταῖς
844 1281 941 1334 τοῦ
990 1281 1127 1334 Θεοῦ
1187 1284 1507 1354 ἐκκλησίαις
1544 1302 1558 1317 ο
1590 1283 1659 1357 ἦν
1717 1287 1774 1339 δὲ
1825 1288 1852 1340 ὁ

272 1373 575 1438 κορυφαῖος
643 1375 824 1428 αὐτῶν
864 1385 962 1430 καὶ
1009 1382 1229 1434 πάντων
1279 1381 1386 1434 τῶν
1439 1383 1626 1435 κακῶν
1653 1383 1849 1452 αἴτιος,

265 1459 550 1531 Θεόδωρος
585 1465 613 1516 6
645 1466 945 1532 ἐπίσκοπος
984 1471 1188 1538 αίγεῶν
1222 1472 1324 1542 τῆς
1353 1474 1564 1538 πόλεως
1595 1476 1713 1546 ἅμα
1737 1477 1847 1531 τῶν

269 1553 372 1603 σὺν
404 1554 555 1622 αὑτῴ
589 1555 786 1623 ὄντων,
819 1561 921 1614 οὐκ
946 1561 1277 1631 ὀφειλόντων
1307 1565 1674 1636 ὀνομάζεσθαι
1704 1569 1762 1619 ἐν
1783 1571 1847 1639 τῇ

267 1643 440 1713 βίϐλῳ
455 1647 626 1719 ταύτῃ
639 1651 846 1722 ἐπειδὴ,
869 1654 1095 1720 ἐδίωξαν
1113 1657 1213 1723 τὴν
1233 1658 1560 1728 Ἐκκλησίαν
1579 1660 1669 1711 τοῦ
1689 1660 1846 1715 Θεοῦ.

276 1734 340 1787 '0
374 1735 429 1788 δὲ
462 1737 718 1806 βασιλεὺς
738 1742 1020 1808 Θεοδόσιος
1047 1746 1168 1798 καθ’
1204 1749 1442 1818 ἑκάστην
1465 1751 1524 1803 ἐν
1553 1754 1617 1820 τῇ
1643 1751 1848 1822 διανοίᾳ

263 1827 545 1890 ἐθελοῦτο,
604 1834 698 1885 καὶ
736 1834 916 1887 ἐδέετο
973 1839 1112 1905 μετᾶ
1154 1839 1406 1909 δακρύων
1461 1842 1718 1894 ἱκετεύων
1753 1843 1845 1894 τὸν

262 1918 422 1980 Θεὸν,
464 1921 679 1988 βλέπων
709 1924 1182 1998 ταλαντευομένην
1209 1930 1305 2000 τὴν
1334 1932 1514 1984 πίστιν
1546 1933 1649 1985 τῶν
1674 1933 1844 1998 ἁγίων

274 2006 639 2077 Ἐκκλησιῶν.
701 2014 860 2078 Τινὲς
893 2018 1001 2084 γάρ
1024 2019 1206 2087 ἔλεγον
1237 2023 1316 2074 ὅτι
1351 2026 1448 2076 οὐκ
1498 2024 1613 2076 ἔστι
1661 2026 1842 2096 παρά-

261 2097 460 2168 κλησις
480 2105 592 2166 τοῖς
624 2109 864 2175 νεκροῖς·
895 2108 1046 2162 ἄλλοι
1079 2112 1136 2164 δὲ
1169 2112 1356 2180 ἔλεγον
1384 2117 1464 2167 ὅτι
1499 2117 1558 2167 τὸ
1590 2110 1750 2185 σῶμα
1780 2118 1841 2170 τὸ

261 2192 576 2247 παλαιωθέν
633 2200 729 2252 καλ⁵
781 2202 1083 2268 ἀφανισθὲν
1146 2206 1238 2257 καὶ
1299 2207 1725 2277 διασκορπισθὲν
1779 2211 1840 2262 οὐ

263 2284 696 2354 παραδαλείται,
747 2291 862 2344 ἀλλ’
911 2295 1126 2366 ἡψυχὴ
1173 2299 1308 2368 αὕτη
1349 2300 1485 2371 μόνη
1545 2301 1843 2372 δέχεταιτὸ

267 2382 575 2453 μυστήριον
602 2386 702 2457 τῆς
730 2389 1048 2460 ἀφθαρσίας
1080 2395 1174 2447 καὶ
1197 2394 1361 2464 ζωῆς.
1398 2398 1505 2449 Καὶ
1533 2399 1843 2472 ἐπλανήθη-

264 2487 369 2524 σαν
389 2474 446 2525 ὲν
468 2477 583 2536 τοῖς
626 2483 878 2546 ματαίοις
944 2484 1122 2535 αὐτῶν
1176 2486 1374 2553 λόγοις,
1409 2491 1504 2541 καὶ
1526 2492 1626 2542 οὐκ
1658 2493 1844 2544 ἐνεθυ-

266 2566 522 2633 μήθησαν
581 2571 636 2619 ἐν
697 2572 933 2637 ἑαυτοῖς,
979 2575 1064 2626 ὅτι
1105 2577 1304 2644 βρέφος
1332 2579 1586 2632 οὐδέποτε
1625 2584 1833 2654 ἐκυήθη

259 2655 322 2704 ἐν
363 2656 541 2726 κοιλία
597 2663 801 2731 μητρδς
848 2665 1016 2717 αὑτοῦ
1074 2667 1203 2720 ἄνευ
1237 2673 1462 2741 σαρκὸς,
1520 2673 1642 2726 οὕτε
1677 2676 1840 2747 ἐξέϐη

261 2746 402 2815 σὰρξ
428 2749 556 2802 ἄνευ
580 2751 641 2804 ἐκ
701 2756 914 2827 μήτρας
967 2761 1146 2830 ψυχῆς
1179 2761 1440 2834 ζωτικῆς.
1481 2767 1591 2820 Καὶ
1640 2746 1840 2823 ἔϐυσαν

257 2839 364 2902 τὰς
418 2843 594 2907 ἀκοὰς
613 2847 718 2898 τῶν
746 2849 998 2903 διανοιῶν
1047 2855 1226 2908 αὐτῶν
1252 2855 1344 2908 τοῦ
1386 2858 1458 2927 μὴ
1484 2861 1712 2912 ἀκοῦσαι
1747 2861 1839 2913 τοῦ

255 2933 422 2998 λόγου
457 2938 657 3005 Κυρίου
692 2943 939 3003 είπόντος
964 2946 1067 3007 ὅτι,
1118 2948 1499 3002 Ἀκούσονται
1531 2955 1582 3004 οὶ
1621 2953 1840 3018 ἐντοῖς

253 3032 573 3095 μνημείοις
630 3031 738 3099 τῆς
784 3036 991 3103 φωνῆς
1042 3039 1149 3090 τοῦ
1191 3041 1322 3094 ΥΙοῦ
1348 3043 1450 3096 τοῦ
1481 3044 1796 3112 ἀνθρώπου
1823 3065 1836 3079 ⁸

259 3123 357 3171 καὶ
381 3121 540 3174 πάλιν
574 3122 743 3191 λέγει·
788 3130 1014 3183 Πολλοί
1045 3131 1160 3184 τῶν
1187 3136 1602 3191 καθευδόντων
1633 3141 1700 3193 ἐκ
1729 3140 1840 3210 γῆς

1965 651 2182 721 quidam
2236 653 2505 717 haeretici,
2569 654 2660 724 qui
2688 655 2960 724 negabant
2990 661 3329 708 mortuorum
3363 667 3565 706 resuro-

1962 745 2380 816 rectionem(l),
2440 763 2602 815 quam
2664 748 2913 803 Christus
2960 748 3077 816 ipse
3127 746 3181 800 in
3217 761 3310 799 sua
3360 757 3546 801 sancta

1962 835 2203 892 Ecclesia
2233 838 2460 892 ﬁrmiter
2492 839 2639 894 credi
2688 840 2880 894 voluit.
2916 837 3116 892 Milites
3154 839 3300 892 enim
3327 840 3545 908 quidam

1963 930 2228 985 idolorum
2255 932 2514 994 cultores,
2552 947 2675 985 cum
2710 936 2764 986 in
2804 931 3001 1002 palatio
3050 932 3397 1002 imperatoris
3427 948 3547 985 ver-

1961 1027 2234 1085 sarentur,
2277 1031 2517 1090 apertam
2558 1015 2999 1090 persecutionem
3027 1023 3289 1077 adversus
3329 1022 3548 1090 aliquos

1958 1113 2103 1180 apud
2136 1115 2516 1181 imperatorem
2550 1125 2988 1168 commoverunt.
3049 1113 3191 1179 Quin
3230 1114 3391 1168 etiam
3429 1114 3546 1183 epi-

1958 1205 2109 1271 sc0pi
2145 1205 2569 1272 quidam‘rcctas
2601 1205 2691 1259 Dei
2717 1206 2938 1260 semitas
2969 1215 3284 1275 pervertere
3317 1205 3542 1273 cupien-

1955 1304 2054 1359 tes,
2090 1294 2145 1348 in
2184 1297 2432 1352 ecclesiis
2498 1299 2790 1352 multarum
2847 1295 3355 1368 praevaricationum
3391 1308 3546 1351 erant

1955 1397 2224 1442 auctores.
2262 1389 2506 1454 Quorum
2563 1391 2816 1460 princeps
2878 1391 3240 1446 etmalorum
3297 1389 3540 1443 omnium

1956 1491 2118 1548 caput
2141 1480 2442 1534 habebatur
2472 1480 2796 1537 Theodorus
2824 1481 3199 1554 [Eginensium
3233 1482 3540 1551 episcopus.

1950 1573 2114 1627 simul
2134 1587 2255 1626 cum
2287 1573 2352 1626 iis
2384 1588 2519 1642 quos
2549 1589 2743 1628 secum
2767 1574 3034 1629 habebat:
3067 1574 3158 1642 qui
3188 1589 3254 1626 ne
3279 1573 3544 1626 nominari

1949 1664 2171 1733 quidem
2205 1664 2554 1729 debent,cum
2591 1663 2687 1719 Dei
2737 1665 3036 1734 Ecclesiam
3080 1664 3373 1734 persecuti
3423 1663 3544 1718 fue-

1955 1755 2090 1809 rint.
2139 1757 2528 1826 Atimperator
2579 1757 2923 1814 Theodosius
2961 1760 3015 1812 in
3041 1758 3156 1813 dies
3203 1759 3373 1828 magis
3419 1772 3546 1826 per-

1902 1846 1919 1914 ,
1951 1849 2272 1903 turbabatur
2299 1865 2362 1902 ac
2384 1851 2623 1914 dolebat,
2659 1868 2780 1907 cum
2826 1861 3137 1906 sanctarum
3176 1850 3542 1906 Ecclesiarum

1949 1937 2109 1992 ﬁdem
2139 1937 2488 1992 ﬂuctuantem
2518 1939 2746 1994 videret.
2783 1941 2969 2009 Itaque
3013 1956 3040 1993 a
3094 1941 3204 1993 Deo
3252 1941 3372 2008 ipso
3425 1941 3543 2008 ejus

1950 2025 2073 2079 mali
2098 2026 2434 2080 curationem
2466 2027 2741 2096 poscebat.
2775 2024 2941 2083 Erant
2972 2028 3140 2091 enim.
3171 2028 3261 2098 qui
3291 2028 3539 2082 dicerent

1949 2110 2179 2174 mortuis
2210 2120 2523 2174 hominibus
2551 2121 2980 2176 consolationem
3019 2121 3220 2175 nullam
3273 2121 3533 2176 futuram.

1946 2211 2050 2263 Alii
2126 2211 2467 2264 aIIirmabant
2540 2226 2743 2278 corpus
2807 2221 3078 2265 vetustate
3134 2222 3538 2281 consumptum,

1946 2301 2126 2371 ipsum
2187 2301 2403 2373 quidem
2462 2301 2890 2357 consolationem
2940 2303 3144 2357 nullam
3198 2304 3536 2370 habiturum,

1947 2398 2043 2453 sed
2073 2398 2242 2455 solam
2267 2399 2505 2453 animam
2544 2399 2870 2455 immortalis
2913 2400 3039 2454 vitze
3094 2400 3417 2470 participem
3453 2398 3538 2453 fu-

1945 2505 2145 2546 turam.
2175 2492 2454 2560 Ejusmodi
2487 2492 2738 2546 homines
2761 2493 2914 2546 vanis
2938 2493 3293 2562 Opinionibus
3320 2493 3537 2561 decepti

1944 2584 2020 2636 sic
2051 2585 2324 2647 errabant,
2353 2597 2532 2650 neque
2562 2584 3071 2637 animadvertebant
3117 2583 3384 2636 infantem
3413 2597 3543 2649 pue-

1943 2689 2061 2729 rum
2102 2689 2380 2742 nunquam
2423 2675 2476 2726 in
2509 2686 2700 2728 ventre
2728 2673 2916 2728 matris
2944 2673 3115 2728 fuisse
3169 2673 3290 2728 sine
3349 2688 3537 2738 carne,

1942 2783 2121 2835 neque
2156 2781 2377 2821 carnem
2423 2782 2454 2819 e
2500 2767 2656 2820 vulva
2697 2766 2895 2822 exiisse
2949 2765 3070 2819 sine
3123 2765 3306 2819 anima
3365 2765 3533 2822 vitali.

1944 2860 2076 2915 Item
2110 2861 2425 2915 claudentes
2456 2860 2651 2915 mentis
2686 2859 2874 2914 oculos
2899 2899 2914 2924 ,
2939 2873 3119 2913 sacras
3153 2857 3382 2911 Litteras
3426 2872 3536 2910 non

1943 2953 2381 3014 considerabant,
2403 2952 2668 3020 lnquibus
2695 2953 2960 3020 scriptum
2981 2963 3101 3005 est:
3134 2951 3384 3012 Audient,
3437 2951 3531 3018 qui

1942 3052 2060 3098 sunt
2096 3043 2150 3096 in
2177 3044 2546 3104 monumentis,
2572 3059 2743 3097 vocem
2776 3041 2910 3095 Filii
2929 3044 3154 3096 hominis
3186 3052 3234 3095 et
3272 3045 3442 3095 vivent
3478 3044 3491 3072 '
3518 3060 3533 3106 ;

1945 3147 1998 3191 et
2024 3137 2129 3190 alio
2156 3138 2275 3190 loco
2306 3153 2319 3190 :
2348 3133 2410 3188 Et
2435 3135 2585 3188 multi
2629 3136 2691 3188 de
2728 3135 2794 3189 iis
2836 3135 2925 3204 qui
2980 3135 3247 3187 dormiunt
3286 3135 3340 3185 in
3383 3142 3537 3186 terra:

257 3216 554 3283 χωμάτων
577 3221 1078 3292 ἐξεγερθήσονται
1103 3244 1116 3257 ·
1153 3230 1245 3280 καὶ
1305 3230 1467 3282 πάλιν
1495 3233 1834 3301 γέγραπταν
1867 3271 1875 3308 γ

1946 3233 2177 3297 pulvere,
2203 3229 2526 3296 evigilabunt
2559 3245 2574 3284 :
2608 3228 2702 3283 alii
2731 3230 2786 3282 in
2816 3236 2978 3282 vitam
3030 3239 3308 3292 (uernam,
3359 3236 3410 3280 et
3437 3225 3534 3279 alii

272 3308 422 3363 Ἰδοὺ
461 3313 573 3381 ἐγὼ
607 3316 825 3387 ἀνοίγω
875 3321 946 3374 τὰ
993 3322 1269 3392 μνήματα
1302 3325 1490 3394 ὑμῶν,
1519 3326 1614 3379 καὶ
1643 3327 1838 3392 ἐξάξω

255 3403 419 3470 ὑμᾶς
443 3404 510 3457 ἐκ
536 3405 652 3458 τῶν
675 3408 892 3475 τάρων,
911 3415 1060 3478 λαός
1081 3435 1219 3483 μου.
1245 3418 1371 3469 Οἱδὲ
1393 3420 1660 3487 αἱρετικοὶ
1677 3420 1838 3473 ἐπλα-

262 3495 510 3562 νήθησαν
537 3497 644 3549 ἀπὸ
671 3500 768 3568 τῆς
810 3502 931 3554 ὀδοῦ
967 3508 1062 3573 τῆς
1093 3506 1258 3575 ζωῆς,
1292 3511 1387 3560 καὶ
1436 3511 1707 3581 ἔστρεψαν
1737 3514 1835 3585 τὴν

255 3584 574 3655 γλυκύτητα
589 3589 687 3658 τῆς
701 3593 959 3657 πίστεως,
982 3597 1061 3655 είς
1078 3597 1301 3666 πικρίαν
1315 3599 1421 3651 τῶν
1434 3600 1618 3670 ψυχῶν
1633 3604 1832 3658 αὐτῶν.

1949 3322 2000 3373 in
2031 3321 2366 3388 opprobrium
2396 3323 2456 3385 ²;
2512 3335 2637 3373 cum
2671 3319 2799 3374 illud
2843 3322 3004 3374 etiam
3037 3321 3090 3373 in
3141 3321 3220 3374 eis
3270 3320 3531 3388 scriptum

1947 3416 2287 3471 inveniatur:
2331 3414 2462 3469 Ecce
2493 3432 2584 3485 ego
2641 3419 2880 3484 aperiam
2929 3417 3173 3484 sepulcra
3229 3425 3401 3469 vestra
3433 3455 3446 3479 ,
3483 3424 3531 3468 et

1946 3514 2164 3565 educam
2216 3527 2301 3563 vos
2359 3511 2422 3564 de
2492 3510 2745 3578 sepulcris
2805 3511 3022 3571 vestris,
3077 3508 3261 3579 papula
3320 3525 3463 3561 meus
3489 3508 3530 3562 ³.

1946 3603 2073 3657 Haec
2120 3612 2248 3658 sunt
2304 3603 2612 3658 divinarum
2661 3603 2986 3656 Litterarum
3039 3601 3372 3656 testimonia.
3425 3599 3532 3654 Sed

255 3679 502 3736 haeretici
557 3681 807 3740 homines
847 3702 876 3740 a
928 3699 1075 3742 recta
1130 3690 1256 3746 vitae
1309 3694 1497 3749 semita
1557 3695 1838 3752 deviantes
1899 3698 2252 3762 aberrabant,
2326 3710 2380 3753 et
2427 3697 2547 3752 ﬁdei
2606 3697 2979 3752 sinceritatem
3029 3696 3267 3765 obliquis
3305 3710 3528 3756 suarum

253 3772 561 3827 animarum
591 3777 1006 3845 cogitationibus
1028 3785 1430 3851 perverti-bant.

328 3864 426 3919 IB'.
471 3868 530 3918 '0
565 3867 618 3919 δέ
652 3869 907 3936 βασιλεὺς
957 3877 1241 3937 Θεοδόσιος
1286 3882 1536 3937 ἐλυπεῖτο
1569 3886 1664 3937 καλ⁸
1711 3885 1839 3938 ἐκά-

254 3957 392 4024 θητο
454 3959 545 4011 ἐπὶ
609 3963 818 4016 σάκκου
877 3966 971 4018 καὶ
1027 3968 1227 4022 σποδοῦ
1264 3972 1322 4024 ἐν
1357 3973 1435 4042 τῷ
1496 3977 1710 4047 ταμείῳ
1740 3978 1836 4031 τοῦ

253 4047 517 4112 κοιτῶνος
551 4050 744 4106 αὐτοῦ·
777 4055 805 4106 6
828 4054 882 4107 δέ
906 4055 1159 4127 ἐλεήμων
1188 4058 1319 4124 Θεὸς
1346 4063 1373 4115 6
1406 4063 1484 4135 μὴ
1514 4063 1839 4135 βουλόμενος

252 4140 556 4197 ἁπολὲσθαί
583 4162 705 4198 τινα
738 4147 846 4200 άπὸ
872 4151 969 4219 τῆς
995 4151 1116 4204 ὁδοῦ
1170 4153 1272 4223 τῆς
1329 4156 1569 4221 πίστεως
1605 4176 1620 4191 ο
1656 4160 1683 4212 6
1713 4157 1838 4227 βου-

253 4233 487 4302 λόμενος
513 4237 778 4304 ἐπιφᾶναι
806 4239 863 4292 τὸ
899 4243 1209 4314 μυστήριον
1239 4245 1339 4314 τῆς
1377 4248 1544 4302 αὐτοῦ
1599 4249 1839 4304 ἀναστά-

257 4342 424 4390 σεως,
451 4328 700 4384 ἐνέϐαλεν
732 4331 815 4391 είς
840 4332 936 4403 τὴν
983 4335 1215 4406 καρδίαν
1260 4339 1470 4394 ἀδολίου
1502 4341 1594 4394 τοῦ
1627 4343 1836 4414 Κυρίου

253 4418 352 4470 τοῦ
379 4419 541 4488 δρους
578 4421 815 4487 ἐκείνου,
849 4425 907 4478 ἐν
935 4417 978 4492 ᾧ
1007 4424 1075 4499 ἦν
1100 4429 1162 4482 τὸ
1212 4433 1478 4504 σπήλαιον
1508 4435 1642 4489 ὅπου
1695 4432 1837 4508 ἦσαν

2015 3881 2110 3937 ΧΠ
2139 3925 2152 3937 .
2205 3881 2501 3953 Imperator
2532 3883 2696 3953 igitur
2732 3882 3077 3937 Theodosius
3108 3897 3226 3937 eam
3257 3898 3371 3936 rem
3405 3897 3519 3937 mo-

1944 3977 2079 4032 leste
2109 3975 2335 4040 ferebat,
2377 3976 2447 4029 ob
2471 3976 2632 4045 idque
2661 3990 2894 4031 moerore
2917 3973 3271 4028 afﬁciebatur.
3324 3975 3524 4029 Verum

1945 4084 2067 4122 cum
2105 4067 2564 4122 clementissimus
2599 4067 2744 4122 Deus
2786 4067 3059 4122 neminem
3118 4066 3251 4121 velit
3309 4081 3341 4119 ε
3400 4065 3525 4119 ﬁdei

1949 4160 2037 4215 via
2079 4168 2351 4214 errantem
2403 4159 2602 4231 perire,
2647 4158 2774 4214 fecit
2802 4168 2861 4214 ut
2910 4159 3332 4213 resurrectionis
3378 4175 3522 4228 mys—

1945 4253 2142 4310 terium
2174 4253 2429 4308 omnibus
2459 4251 2761 4324 pateﬁeret.
2792 4251 3018 4306 Immisit
3061 4253 3206 4306 enim
3266 4253 3318 4304 in
3358 4268 3516 4305 men-

1946 4354 2051 4399 tem
2079 4345 2356 4414 cujusdam
2391 4345 2647 4407 hominis,
2674 4345 2764 4413 qui
2791 4344 3074 4399 dicebatur
3124 4344 3367 4408 Adolius,
3398 4345 3517 4414 ejus

1944 4437 2145 4493 montis
2172 4445 2224 4491 et
2253 4437 2528 4507 spelunca:
2569 4435 2845 4500 dominus,
2891 4437 2985 4491 ubi
3046 4438 3215 4490 sancti
3259 4444 3526 4508 martyres

255 4513 655 4602 κεκοιμημένοι
687 4519 734 4569 οξ
760 4517 905 4587 άγιοι
966 4520 1270 4592 μάρτυρες,
1313 4527 1669 4598 οἰκοδομῆσαι
1700 4530 1837 4601 μάν·
1865 4541 1875 4601 ]

1946 4531 2298 4596 dormierant,
2325 4540 2383 4584 ut
2411 4531 2548 4584 ovile
2578 4531 2849 4599 quoddam
2885 4532 2997 4585 suis
3025 4530 3327 4600 pecudibus
3389 4545 3521 4582 con-

255 4601 392 4671 δραν
433 4603 542 4654 τῶν
567 4605 904 4676 θρεμμάτων
951 4611 1141 4677 αὐτοῦ,
1214 4615 1310 4669 καὶ
1343 4617 1391 4669 οί
1441 4617 1618 4674 δοῦλοι
1669 4621 1838 4675 αὐτοῦ

1941 4633 2194 4682 strueret.
2256 4625 2394 4692 Ejus
2418 4625 2578 4695 igitur
2622 4624 2762 4677 servi
2796 4639 2899 4676 una
2945 4639 3068 4676 cum
3119 4623 3201 4676 his
3253 4622 3342 4691 qui
3370 4622 3523 4691 operi

256 4694 378 4764 ἀμα
401 4695 512 4750 τῶν
547 4699 817 4768 ἐργατῶν,
851 4704 1067 4757 ἐκύλιον
1084 4705 1268 4770 λίθους
1298 4711 1378 4772 εἰς
1412 4709 1509 4782 τὴν
1551 4713 1839 4784 οἰκοδομὴν

1946 4713 2186 4770 iaciendo
2209 4694 2493 4778 vacabant,
2522 4713 2726 4783 lapides
2752 4731 2847 4784 pro
2876 4715 3106 4770 aedificio
3142 4731 3208 4769 ex
3249 4714 3368 4783 eius
3388 4729 3522 4782 spe-

255 4791 321 4840 ἐκ
357 4793 456 4858 τῆς
513 4791 683 4861 θύρας
709 4793 804 4846 τοῦ
832 4798 1121 4867 σπηλαίου.
1157 4799 1291 4853 Τότε
1328 4803 1714 4874 προστάγματι
1743 4805 1837 4859 τοῦ

256 4882 470 4948 Κυρίου
496 4885 655 4953 ἡμῶν
673 4886 848 4954 Ἰησοῦ
884 4889 1125 4959 Χριστοῦ
1161 4892 1330 4965 ἑδώθη
1364 4894 1478 4966 ζωὴ
1510 4899 1624 4960 τοῖς
1659 4897 1836 4966 ἁγίοις

255 4975 490 5037 ἐκείνοις
553 4982 668 5043 τοῖς
692 4980 843 5034 οὖσιν
866 4983 923 5036 ἐν
965 4985 1045 5055 τῷ
1087 4986 1356 5055 σπηλαίῳ,
1406 4989 1501 5041 καὶ
1532 4989 1564 5058 ἡ
1593 4989 1745 5060 φωνὴ
1800 4993 1834 5060 ἡ

257 5067 536 5120 καλέσασα
567 5068 658 5120 τὸν
716 5071 969 5144 Λάζαρον
1003 5079 1067 5129 ὲκ
1122 5076 1216 5131 τοῦ
1252 5081 1521 5149 μνημείου
1557 5084 1648 5134 καὶ
1676 5101 1836 5152 χαρι-

257 5160 473 5231 σαμένη
494 5181 506 5194 ·
529 5161 676 5233 αύτῷ
720 5166 820 5234 τὴν
874 5167 1040 5239 ζωὴν,
1080 5172 1245 5234 αὐτός
1305 5175 1452 5226 ἐστιν
1481 5177 1507 5227 6
1535 5176 1834 5247 παρασχὼν

254 5248 353 5301 καὶ
374 5250 588 5315 τούτοις
619 5255 732 5317 τοῖς
758 5257 936 5324 ἁγίοις
963 5259 1182 5331 πνεῦμα
1209 5263 1376 5334 ζωῆς.
1410 5265 1522 5317 Καὶ
1547 5268 1834 5340 ἐξανέστη-

257 5354 361 5430 σαν
398 5342 492 5393 καὶ
527 5337 790 5400 ἐκάθισαν
839 5349 896 5402 ἐν
951 5352 1295 5420 ἀγαλλιάσει,
1339 5359 1431 5410 καὶ
1469 5357 1543 5419 ὡς
1574 5337 1832 5430 ἐνόμισα-ν

257 5428 382 5482 καθ’
418 5430 659 5505 ἐκάστην
709 5439 943 5510 ἡμέραν.
1017 5442 1354 5506 Ἠσπάζοντο
1387 5428 1831 5520 ἀλλήλους,-διότι

259 5520 403 5586 εἶδος
435 5523 758 5594 νικρώσεως
793 5533 894 5586 οὐκ
942 5535 1195 5603 ἐφαίνετο
1246 5539 1302 5590 ὲν
1337 5543 1518 5604 αὐτοῖς
1547 5559 1559 5572 ³
1595 5544 1664 5596 τὰ
1723 5547 1833 5616 γὰρ

1939 4809 2111 4864 luncas
2141 4810 2281 4863 ostio
2311 4808 2682 4864 revolvebam.
2717 4807 2868 4864 Tunc
2907 4808 3120 4863 Domini
3163 4807 3335 4863 nostri
3392 4806 3525 4861 .Iesu

1938 4900 2142 4956 Christi
2203 4901 2358 4971 jussu
2412 4903 2615 4956 sanctis
2647 4901 2751 4954 illis
2796 4901 2948 4964 viris,
3001 4902 3091 4969 qui
3149 4901 3201 4952 in
3265 4898 3523 4969 spelunca

1947 4995 2299 5055 dormierant,
2324 4994 2429 5046 vita
2483 4993 2732 5049 restituta
2760 5002 2862 5056 est,
2899 5002 2955 5046 et
2996 5009 3094 5046 vox
3122 4993 3232 5057 illa,
3269 5008 3387 5062 quae
3417 4990 3523 5046 La-

1946 5103 2127 5141 zarum
2160 5102 2189 5141 e
2227 5098 2579 5142 monumento
2630 5087 2909 5150 excitavit,
2966 5087 3152 5142 eadem
3214 5093 3270 5138 ct
3320 5086 3523 5141 sanctis

1944 5171 2268 5251 martyribus
2338 5181 2461 5234 vita:
2519 5179 2764 5249 spiritum
2820 5181 3074 5234 restituit.
3150 5177 3523 5234 Surrexerunt

1945 5275 2125 5350 igitur,
2155 5281 2208 5324 et
2243 5272 2412 5325 Dcum
2442 5270 2722 5325 laudantes
2766 5272 3149 5335 consederunt,
3179 5279 3232 5324 ct
3262 5270 3520 5339 quemado

1942 5365 2160 5418 modum
2196 5363 2435 5432 quotidie
2458 5371 2871 5428 consueverant,
2933 5378 2991 5417 se
3028 5361 3265 5417 vicissim
3323 5364 3524 5418 saluta-

1940 5455 2090 5520 bant,
2150 5456 2404 5526 quoniam
2453 5457 2660 5510 nullum
2704 5456 2761 5510 in
2817 5455 2896 5511 eis
2932 5457 3146 5527 signum
3203 5456 3520 5522 exsistebat,

1941 5562 2005 5601 ex
2038 5563 2144 5617 quo
2185 5559 2430 5604 mortuos
2479 5564 2538 5604 se
2581 5548 2750 5604 fuisse
2797 5548 3039 5620 judicare
3082 5556 3342 5619 possent:
3395 5562 3522 5603 nam

333 5697 413 5771 (ι)
446 5697 579 5755 Vide
608 5701 898 5764 Baronium
936 5711 987 5766 in
1049 5715 1191 5770 notis
1236 5714 1303 5770 ad
1356 5715 1791 5788 Martyrologium
1831 5721 1933 5776 hoc
1959 5721 2067 5775 die.

371 5860 388 5890 ⁸
429 5858 586 5919 Joan.
624 5881 672 5932 v,
698 5863 786 5921 εδ.

928 5870 945 5899 ²
979 5869 1287 5936 υθυ1.11,ὖ.
1329 5880 1343 5904 τ
1387 5878 1577 5937 Ezerh.
1641 5897 1841 5938 xxxvii,
1873 5880 1960 5932 Η,
