4226 6436
788 412 892 474 439

2101 418 2381 478 MENSIS
2416 419 2708 480 JULlUS.

3929 423 4034 487 440

790 533 844 577 et
877 536 1053 579 vestes
1091 528 1224 582 tales
1253 538 1429 592 erant,
1463 530 1649 598 quales
1673 542 1727 582 et
1760 538 1941 591 antea,
1977 544 2135 598 quam
2185 533 2354 586 obiis-
2384 539 2427 588 A

2384 539 2427 588 A
2463 534 2651 602 ἱμάτια
2673 533 2854 586 αὐτῶν
2885 534 3076 604 ὥσπερ
3103 529 3246 603 ἦσαν
3263 531 3605 605 ἐνδεδυμένοι
3653 537 3759 607 πρὸ
3784 536 3881 590 τοῦ
3927 538 4029 590 αὖ·-

788 622 911 671 sent
933 631 948 668 :
973 630 1201 684 corpora
1233 616 1392 670 etiam
1430 619 1546 687 ipsa
1576 618 1859 681 ﬂorebant,
1885 618 2209 674 hilaritatem
2243 632 2353 690 prae

786 721 846 757 se
875 702 1137 759 ferentia:
1167 705 1395 774 denique
1425 707 1556 762 tales
1577 716 1753 770 erant,
1783 718 1842 762 ιιι
1868 709 1910 762 si
1940 708 2110 778 pridie
2141 708 2350 778 vesperi

785 814 1031 852 somnum
1075 800 1383 868 ccepissent,
1423 810 1476 853 et
1522 799 1778 868 postridie
1833 815 1993 854 mane
2047 798 2350 870 experrecti

783 889 1245 944 fuissent.Adbuc
1263 895 1412 946 etde
1446 890 1713 946 idolorum
1766 892 2149 961 superstitione
2200 891 2348 947 solli-

782 981 894 1044 citi,
931 994 958 1034 a
995 982 1157 1036 Decio
1185 984 1511 1053 imperatore
1552 999 1611 1038 se
1658 983 1858 1053 inquiri
1921 985 2344 1038 existimabant:

780 1067 849 1120 ob
887 1068 1052 1135 idque
1121 1068 1288 1122 multa
1343 1084 1469 1123 cura
1502 1069 1702 1135 allecti,
1751 1071 2029 1126 vertebant
2063 1072 2245 1126 oculos
2280 1074 2344 1127 ad

778 1157 1096 1212 Jamblicum
1113 1168 1533 1227 procuratorem,
1566 1169 1620 1213 et
1635 1159 1702 1214 ab
1721 1173 1787 1213 eo
1817 1160 1999 1214 denuo
2013 1163 2341 1229 qurerebant,

779 1266 1023 1318 quanam
1049 1252 1217 1320 pridie
1239 1254 1449 1321 vesperi
1479 1252 1777 1307 audivisset
1795 1252 1860 1307 de
1881 1252 2010 1318 ipsis
2037 1253 2342 1310 incivitate.

779 1343 987 1408 Quibus
1014 1343 1311 1399 Jamblicus
1354 1345 1660 1413 respondit:
1697 1344 2159 1410 Quemadmodum
2195 1346 2348 1400 vobis

776 1433 887 1487 dixi
923 1434 1037 1488 beri
1066 1433 1302 1500 vesperi,
1334 1442 1386 1488 et
1415 1449 1514 1488 nos
1546 1450 1650 1488 una
1691 1449 1812 1490 cum
1861 1434 2084 1503 reliquis
2137 1434 2346 1489 civibus

777 1524 990 1593 quaesiti
1017 1525 1239 1592 fuimus,
1271 1526 1452 1580 utdiis
1496 1526 1902 1581 immolaremus
1945 1541 2125 1580 coram
2169 1526 2344 1596 impe-

781 1624 1002 1669 ratore:
1062 1615 1155 1685 qui
1220 1615 1322 1670 nisi
1366 1618 1486 1686 ejus
1539 1617 1713 1686 jussui
1766 1616 2341 1685 obtemperaverimus,

2458 630 2584 688 τοῦς
2615 625 2948 695 κοιμηθῆναι
2979 627 3074 681 καὶ
3100 627 3427 694 ἀναστῆναι,
3456 625 3627 691 οὕτως
3663 623 3807 698 ἦσαν
3840 630 4032 684 ἐπάνω

2457 717 2655 771 αὐτῶν.
2673 719 2781 771 Καὶ
2812 719 2878 771 τὰ
2901 717 3129 784 σώματα
3160 719 3342 772 αὐτῶν
3364 714 3504 788 ἦσαν
3532 719 3743 790 ἀνθηρὰ
3767 721 3864 774 καὶ
3895 739 4029 787 (pat-

2454 808 2558 876 θρὰ
2586 809 2682 860 καὶ
2719 806 2892 870 οὕτως
2919 804 3060 878 ἦσαν
3093 808 3168 870 ὡς
3211 806 3572 879 κοιμηθέντες
3624 809 3732 861 ἀπὸ
3781 811 3881 879 ὀψέ
3929 812 4027 864 καὶ

2456 899 2778 969 ἐγερθέντες
2821 899 3057 968 πρωῖας,
3087 898 3304 968 ἔχοντες
3349 899 3448 970 τὴν
3487 901 3748 969 φροντίδα
3790 901 3890 952 καὶ
3925 903 4024 971 τὴν

2455 990 2632 1060 λύπην
2654 994 2751 1060 τῆς
2772 991 3242 1059 είδωλολατρείας,
3262 993 3356 1044 xal.
3385 991 3693 1060 ἐλογίζοντο
3721 993 3805 1046 ὅτι
3832 994 4024 1056 Δέκιος

2452 1082 2480 1135 ὁ
2508 1082 2758 1152 βασιλεὺς
2778 1081 3031 1153 ἐπιζητεῖ
3058 1079 3275 1145 αὐτούς.
3306 1082 3415 1137 Καὶ
3445 1084 3502 1135 ἐν
3543 1083 3722 1152 πολλῷ
3753 1086 3903 1155 φόνῳ
3932 1087 4024 1137 καὶ

2449 1177 2621 1245 ἀγῶνι
2648 1175 2914 1246 ὑπῆρχον,
2947 1175 3042 1228 καὶ
3065 1175 3370 1246 ἐπέϐλεψαν
3409 1176 3563 1246 πρὸς,
3591 1173 3903 1246 Ἰάμϐλιχον
3933 1176 4021 1230 τὸν

2449 1268 2738 1337 οἰκονόμον
2773 1268 2954 1322 αὐτῶν
2981 1310 2994 1331 ,
3025 1269 3121 1320 καὶ
3153 1267 3524 1339 ἐπηρώτησαν
3551 1270 3714 1322 αὐτὸν
3745 1271 3881 1341 περὶ
3913 1271 4020 1323 τῶν

2452 1357 2796 1427 λαλουμένων
2819 1359 2916 1427 est
2943 1360 3000 1411 ἐν
3029 1361 3094 1428 τῇ
3122 1359 3308 1425 πόλει,
3334 1359 3429 1412 καὶ
3463 1354 3616 1411 εἶπεν
3655 1361 3840 1424 αὐτοῖς
3869 1361 4018 1430 Ἰἀμο

2450 1449 2656 1517 ϐλιχος,
2695 1448 2883 1518 ὥσπερ
2938 1451 3199 1519 προεῖπον
3234 1452 3382 1520 ὑμῖν,
3405 1451 3486 1503 ὅτι
3539 1451 3894 1520 ἐζητήθημεν
3921 1453 4016 1522 6ψέ

2445 1540 2586 1610 μετὰ
2635 1540 2744 1593 τῶν
2797 1541 3236 1610 πολιτευομένων
3286 1541 3544 1596 ἐπιθύσαι
3591 1545 3704 1606 τοῖς
3763 1543 4010 1608 εἰδώλοις

2443 1632 2674 1684 ἐνώπιον
2706 1631 2798 1686 τοῦ
2839 1633 3123 1702 βασιλέως,
3163 1635 3256 1686 καὶ
3293 1634 3404 1687 ίδοῦ
3461 1635 3828 1704 ἐντεθύμηται
3867 1636 4014 1688 κακὰ

778 1712 1042 1759 tormenta
1072 1720 1130 1760 se
1162 1707 1322 1761 nobis
1349 1707 1636 1761 allaturum
1666 1705 1966 1761 constituit.
1996 1704 2134 1773 Quid
2161 1715 2339 1762 autem
2375 1694 2415 1750 Β
2445 1745 2447 1754 ι

1846 1705 1966 1761 ιιιὶῑ.
1996 1704 2134 1773 QUid
2161 1715 2339 1762 alllelu
2375 1694 2415 1750 Β
2445 1723 2574 1792 περὶ
2606 1723 2761 1792 ἡμῶν
2787 1740 2799 1754 ·
2839 1694 2890 1775 τί
2919 1694 3134 1794 ποιήσεί
3163 1723 3220 1776 δὲ
3247 1724 3346 1776 οὐκ
3379 1720 3515 1778 οἶδα.

775 1794 1019 1849 tacturus
1043 1797 1132 1858 sit,
1176 1796 1378 1850 nescio.

845 1881 983 1938 Xlll.
1005 1883 1154 1940 Tunc
1173 1886 1452 1955 respondit
1471 1885 1866 1944 Maximilianus
1893 1889 2000 1962 (2):
2028 1889 2202 1961 Agite,
2236 1889 2342 1944 fra-

775 1986 908 2039 tres.
949 1979 1117 2047 parati
1144 1981 1312 2034 simus
1353 1980 1565 2049 prodire
1607 1982 1662 2035 in
1701 1993 2052 2052 conspectum
2106 1984 2341 2051 impera-

777 2069 907 2124 toris
935 2069 1076 2125 illius
1106 2071 1362 2125 terribilis
1387 2080 1442 2124 et
1489 2071 1601 2124 veri
1638 2072 1730 2126 Dei
1762 2071 2133 2136 Jesquristi,
2165 2089 2342 2144 neque

773 2161 1062 2215 timeamus
1089 2162 1370 2216 mortalem
1407 2162 1568 2217 istum
1624 2165 2029 2228 imperatorem.
2077 2164 2157 2219 Tu
2188 2181 2337 2230 vero,

771 2253 1072 2317 Jamblice,
1138 2255 1206 2310 da
1275 2270 1495 2326 Operam
1563 2266 1622 2311 ut
1673 2268 1894 2326 paretur
1957 2259 2114 2312 nobis
2186 2260 2340 2314 cibus

771 2346 838 2401 ad
871 2342 1058 2400 libram
1093 2350 1468 2405 constitutam.
1506 2351 1701 2418 Accipe
1730 2360 2034 2419 argentum,
2060 2351 2340 2422 ingredere

773 2438 826 2490 in
859 2439 1067 2502 urbem,
1103 2454 1222 2493 eme
1259 2455 1424 2510 panes
1460 2441 1693 2496 multos:
1741 2441 1898 2510 pauci
1936 2441 2083 2495 enim
2125 2441 2342 2495 fuerunt

771 2543 910 2596 quos
944 2529 1060 2583 beri
1125 2531 1334 2600 vesperi
1392 2532 1644 2595 attulisti,
1703 2532 1773 2586 ob
1830 2531 1992 2600 idque
2048 2531 2337 2587 esurimus.

770 2617 970 2675 Eadem
1013 2637 1176 2690 Opera
1235 2623 1436 2699 discas,
1503 2623 1631 2693 quid
1689 2624 1881 2680 Decius
1929 2626 2227 2696 imperator
2272 2627 2338 2681 de

769 2707 930 2766 nobis
962 2713 1234 2767 decernat.
1265 2713 1585 2784 Cogitabam
1607 2715 1750 2770 enim
1781 2731 1839 2771 se
1867 2725 2023 2770 nocte
2055 2715 2337 2786 superiore

768 2802 1046 2866 cubuisse,
1105 2814 1162 2859 et
1218 2807 1480 2875 postridie
1532 2822 1694 2862 mane
1749 2817 2094 2877 experrectos
2145 2807 2333 2862 fuisse.

770 2892 927 2950 Tunc
963 2897 1126 2966 igitur
1159 2898 1299 2952 bene
1324 2914 1481 2953 mane
1520 2897 2098 2967 surrexitJamblicus,
2134 2911 2188 2956 et
2247 2918 2337 2954 ar-

761 2997 987 3057 gentum
1015 2989 1326 3058 sumpsitex
1367 2990 1576 3058 loculis,
1619 2992 2071 3059 quemadmodum
2103 3007 2333 3048 consue-

766 3086 937 3132 verat.
974 3078 1101 3132 Erat
1123 3086 1304 3133 autem
1342 3091 1562 3135 moneta
1593 3082 1678 3134 illa
1710 3092 1894 3137 vetere
1915 3092 2043 3135 nota
2069 3082 2331 3151 impressa

763 3183 886 3238 quae
917 3169 1111 3237 partim
1143 3170 1526 3240 quadraginta,
1557 3173 1752 3241 partim
1779 3173 2055 3241 sexaginta
2079 3189 2330 3229 nummo-

766 3274 892 3332 rum,
920 3260 1093 3327 pretio
1128 3260 1469 3328 pendebatur
1501 3272 1741 3316 veterum
1774 3263 2162 3332 imperatorum
2193 3275 2329 3318 tem-

763 3331 1006 3417 poribus,
1041 3365 1160 3404 eum
1202 3352 1372 3406 sancti
1407 3352 1592 3406 viride
1631 3351 1828 3421 quibus
1860 3353 2023 3406 verba
2080 3351 2331 3419 faeir'nus,

765 3439 915 3509 prius
981 3442 1254 3496 vivebant.
1321 3441 1702 3499 Prmterierant
1755 3453 1932 3497 autem
1993 3444 2222 3495 trecenti
2279 3453 2334 3497 et.

763 3533 1100 3600 septuaginta
1165 3535 1292 3586 anni
1345 3551 1409 3587 ex
1463 3551 1568 3602 quo
1617 3534 1948 3590 dormierant
2026 3548 2197 3601 usque
2266 3532 2331 3587 ad

765 3624 905 3679 diem
940 3639 1046 3694 quo
1075 3637 1512 3681 resurrexerunt.

837 3812 988 3867 XIV.
1024 3810 1158 3864 Cum
1195 3809 1354 3878 igitur
1406 3809 1690 3873 illuxisset,
1746 3811 1877 3865 exiit
1922 3809 2211 3867 Jamblicus
2263 3829 2324 3866 cx

767 3906 1044 3974 spelunca,
1079 3914 1132 3959 et
1167 3904 1299 3962 vidit
1324 3904 1530 3974 lapides
1564 3915 1688 3957 ante
1732 3906 2044 3973 speiuncam
2097 3905 2324 3976 positos,

761 4010 923 4068 atque
945 3999 1252 4067 obstupuit:
1314 3997 1446 4050 nihil
1475 3998 1620 4051 enim
1655 3996 1722 4052 de
1757 3997 2025 4069 lapidibus
2080 3997 2186 4053 illis
2237 4015 2351 4055 co--

760 4101 1041 4162 gnovemt.
1090 4090 1430 4145 Descendens
1489 4099 1670 4144 autem
1718 4091 1785 4146 de
1835 4103 2039 4158 monte,
2105 4092 2330 4147 timebat

761 4181 1128 4238 deambulare.
1155 4182 1338 4251 Itaque
1366 4182 1417 4235 in
1452 4182 1536 4235 via
1565 4191 1711 4235 totus
1735 4182 2056 4252 trepidabat,
2081 4193 2330 4238 metuens

771 4276 830 4330 in
861 4276 1049 4330 urbem
1085 4276 1318 4345 ingredi,
1344 4291 1410 4330 ne
1432 4291 1538 4346 quo
1564 4275 1724 4330 modo
1754 4284 2161 4344 agnosceretur,
2185 4286 2237 4330 et
2258 4274 2326 4330 ad

2514 1889 2609 1942 II".
2632 1887 2763 1942 Τότε
2781 1889 3053 1959 ἀπεκρίθη
3070 1888 3496 1960 allegemus;
3519 1889 3611 1943 xui
3635 1885 4009 1953 εἷπεναύτοξ·

2445 1980 2711 2048 Ἀδελφοί,
2778 1981 3007 2048 ἑτοίμως
3047 1980 3242 2050 ἔχομεν
3278 1981 3617 2050 παραστῆναι
3650 1980 3883 2034 ἐνώπιον
3916 1981 4010 2032 τοῦ

2446 2073 2710 2142 βασιλέως
2743 2071 2950 2124 ἐκείνου
2978 2072 3073 2124 τοῦ
3128 2071 3358 2141 φοϐεροῦ
3387 2072 3479 2124 καὶ
3505 2072 3734 2141 φρικτοῦ
3768 2071 4010 2141 Χριστοῦ

2439 2165 2532 2218 τοῦ
2573 2163 2830 2232 ἀληθινοῦ
2864 2164 2998 2216 Θεοῦ
3030 2165 3212 2234 ἡμῶν,
3265 2165 3360 2217 καὶ
3398 2162 3472 2234 μὴ
3504 2163 3869 2233 δειλιάσωμεν
3901 2167 4012 2218 ἀπὺ

3407 2275 3419 2288 ·
3453 2253 3607 2309 εἶπεν
3644 2256 3701 2308 δὲ
3742 2257 3837 2310 καὶ
3875 2257 4012 2325 πρὸς

2453 2348 2754 2414 Ἰάμϐλιχον
2785 2347 2929 2407 ὅπως
2962 2348 3238 2414 ἑτοιμάσει
3277 2349 3456 2408 αὐτοῖς
3483 2348 3578 2415 τὴν
3601 2348 3807 2416 τροφὴν
3833 2348 4014 2401 αὐτῶν

2441 2431 2519 2502 εἷς
2549 2439 2647 2508 τὴν
2670 2438 2984 2510 ὡρισμένην
3028 2439 3200 2510 ὤραν,
3232 2442 3327 2491 καὶ
3352 2434 3522 2490 εἶπεν·
3561 2438 3708 2490 Λάϐε
3741 2439 4012 2507 ἀργύριον

2439 2534 2496 2585 ἐν
2543 2535 2662 2594 ταῖς
2721 2532 2876 2602 χερσί
2930 2549 3023 2584 σου
3094 2533 3189 2583 καὶ
3238 2531 3447 2584 εἴσελθε
3493 2529 3572 2593 είς
3600 2530 3698 2601 τὴν
3730 2530 3888 2582 πόλιν
3919 2529 4012 2581 καὶ

2438 2625 2707 2696 ἀγόρασον
2763 2625 3058 2695 περισσοὺς
3110 2621 3332 2694 ἄρτους,
3385 2625 3466 2676 ὅτι
3518 2623 3687 2692 ὀλίγοι
3751 2617 3890 2693 ἦσαν
3918 2622 4012 2686 οὓς

2438 2713 2675 2786 ἤνεγκας
2708 2716 2965 2784 ἑσπέρας,
2996 2717 3090 2768 καὶ
3146 2717 3254 2768 ἰδοὺ
3299 2714 3599 2783 πεινῶμεν,
3648 2715 3743 2766 καὶ
3781 2715 3921 2784 μάθε
3958 2715 4011 2766 τί

2437 2806 2743 2859 ἐντέλλεται
2784 2807 2911 2876 περὶ
2942 2805 3097 2876 ἡμῶν
3120 2807 3309 2867 Δέκιος
3352 2807 3378 2858 ὁ
3413 2805 3686 2876 βασιλεὺς,
3717 2804 3861 2857 οὓτω
3902 2805 4011 2872 γὸρ

2436 2896 2683 2966 ἐνόμιζον
2719 2898 2799 2950 ὅτι
2862 2898 2961 2967 τὴν
3018 2897 3186 2950 νύκτα
3221 2898 3436 2968 ἐκείνην
3485 2895 3864 2967 ἐκοιμήθησαν
3917 2898 4012 2947 καὶ

2437 2987 2756 3056 ἀνέστησαν.
2791 2989 2994 3040 Ἔωθεν
3019 2987 3074 3039 δὲ
3104 2989 3339 3050 ἀναστὰς
3381 2987 3686 3056 Ίάμϐλιχος
3713 2987 3912 3041 ἐλαϐεν
3949 2987 4011 3040 τὸ

2437 3077 2700 3147 ἀργύριον
2743 3078 2806 3128 ὲκ
2854 3078 2958 3128 τῶν
3011 3076 3315 3145 βαλαντίων
3356 3078 3558 3143 αὐτῶν,
3593 3077 3777 3139 καθὼς
3813 3079 4010 3132 εἴωθεν

2435 3169 2542 3221 ἀπὸ
2571 3169 2668 3238 τῆς
2709 3171 2928 3238 μονίτας
2961 3169 3058 3239 τῆς
3094 3172 3567 3239 μεμονετευμένης
3591 3172 4009 3239 τεσσαράκοντα

2435 3259 2689 3329 νουμίων,
2729 3259 2946 3328 καὶτῆς
2993 3261 3159 3328 ἄλλης
3195 3261 3416 3329 μονίτας
3446 3261 3708 3328 ἐξήκοντα
3763 3261 4009 3328 νουμίων

2432 3355 2529 3422 τῆς
2559 3349 2725 3420 οὔσης
2762 3353 2820 3403 ἐν
2853 3354 2970 3413 ταῖς
3034 3351 3268 3420 ἡμέραις
3321 3353 3430 3404 τῶν
3455 3351 3699 3420 ἀρχαίων
3736 3352 4006 3421 βασιλέων

2433 3441 2538 3492 τῶν
2571 3440 2738 3492 ὅντων
2770 3442 2826 3494 ἐν
2857 3444 2965 3506 τοῖς
3016 3443 3228 3512 χρόνοις
3283 3443 3396 3497 τῶν
3455 3443 3627 3512 ἁγίων
3669 3445 3877 3498 τούτων
3926 3447 4007 3499 ὅτι

2431 3531 2487 3583 ἐν
2542 3531 2686 3602 αὖτῷ
2744 3533 2820 3604 τῷ
2877 3535 3053 3605 καιρῷ
3106 3535 3317 3605 ἐφάνη,
3365 3534 3460 3588 καὶ
3515 3532 3661 3604 εἶχον
3710 3538 4006 3605 τριακόσια

2440 2257 2531 2308 τοῦ
2562 2255 2800 2325 ψθαρτοῦ
2846 2257 3038 2308 τοῦτου
3104 2256 3367 2324 βασιλέως

2432 3627 2800 3700 ἐϐδομήκοντα
2859 3629 2952 3682 δύο
2986 3632 3077 3700 ἔτη
3111 3631 3213 3692 ἕως
3264 3633 3382 3682 ὅτου
3451 3628 3854 3700 ἐξυπνίσθησαν
3910 3632 4006 3682 καὶ

2433 3722 2734 3787 ἀνέστησαν
2764 3723 2809 3772 οἱ
2842 3720 2988 3787 ἅγιοι
3015 3722 3223 3782 παῖδες.

2505 3809 2603 3866 1Δ’.
2633 3813 2761 3865 Ὅτε
2791 3813 2843 3864 δὲ
2880 3815 3096 3880 ἐγενετο
3125 3811 3306 3882 ἡμέρα
3335 3811 3557 3882 ἐξῆλθεν
3597 3811 3908 3883 Ἰαμὸλιχος
3939 3813 4005 3865 ἐκ

2432 3904 2520 3959 τοῦ
2547 3904 2809 3976 σπηλαίου
2837 3905 2928 3958 καὶ
2953 3903 3087 3957 εἶδεν
3108 3906 3232 3968 τοὺς
3254 3899 3430 3968 λίθους
3446 3907 3734 3974 κειμένους
3760 3906 4004 3974 ἔμπροσ-

2431 3999 2520 4051 θεν
2551 3996 2645 4050 τοῦ
2685 3997 2947 4066 σπηλαίου
2979 3998 3071 4048 καὶ
3100 3996 3398 4063 ἐξεπλάγη,
3431 3996 3707 4064 οὐδὲνγὰρ
3728 3990 4002 4063 ἐγίνωσκε

2431 4091 2555 4159 περὶ
2585 4089 2786 4154 αὐτῶν,
2821 4087 3088 4157 κατῆλθεν
3105 4086 3160 4140 δὲ
3188 4086 3293 4140 ἀπὸ
3322 4088 3415 4139 τοῦ
3438 4087 3598 4158 ὅρους
3629 4089 3723 4141 καὶ
3751 4088 4003 4154 ἐφοϐεῖτο

2432 4182 2755 4250 περιπατεῖν
2802 4181 2858 4233 ἐν
2887 4183 2951 4251 τῇ
3007 4180 3111 4252 ὀδῷ
3164 4179 3260 4233 τοῦ
3313 4181 3578 4233 εἰσελθεῖν
3633 4182 3689 4231 ὲν
3719 4184 3783 4249 τῇ
3825 4181 4000 4240 πόλει,

2431 4272 2675 4342 ἐφοϐεῖτο
2694 4274 2798 4344 γὰρ
2833 4275 2906 4343 μή
2941 4291 3056 4334 πως
3091 4272 3310 4340 γνωσθῇ
3343 4273 3447 4323 ὑπὸ
3493 4289 3638 4335 τινος
3671 4273 3768 4325 καὶ
3820 4273 4004 4343 ἐμφα-

759 4366 1140 4435 imperalorem
1206 4365 1425 4421 Deciqu
1490 4369 1700 4423 vinetus
1758 4370 2077 4434 duceretur;
2128 4368 2326 4438 quippe
2365 4379 2406 4434 ο

2365 4369 2551 4436 υνίση
2609 4368 2736 4436 περὶ
2786 4365 2974 4428 αὑτοῦ,
3013 4364 3106 4418 καὶ
3161 4365 3524 4434 κατασχόντες
3574 4366 3999 4435 παραδώσουσιν

761 4459 1044 4529 ignorabat
1095 4460 1211 4530 ejus
1272 4461 1484 4530 tyranni
1530 4476 1651 4515 ossa
1706 4461 1761 4514 in
1788 4461 2038 4530 sepulcro
2090 4462 2330 4528 putrefa-

757 4562 844 4606 cta
874 4567 1015 4606 esse.
1041 4551 1173 4605 Cum
1207 4569 1335 4606 vero
1365 4554 1418 4606 in
1453 4553 1638 4609 urbem
1672 4554 2060 4624 ingrederetur,
2089 4561 2140 4608 et
2166 4567 2329 4607 vene-

759 4642 940 4696 randae
982 4643 1157 4697 crucis
1201 4643 1412 4713 signum
1475 4657 1596 4699 ante
1649 4645 1796 4699 urbis
1853 4655 2030 4714 portas
2086 4655 2325 4699 erectum

761 4717 1000 4794 vidisset.
1061 4736 1139 4788 sic
1201 4735 1500 4803 obstupuit,
1539 4744 1592 4789 ul
1624 4751 1652 4788 a
1685 4745 1864 4790 mente
1890 4738 1998 4791 fere
2031 4737 2320 4793 exciderit:

761 4836 924 4896 atque
983 4829 1036 4881 in
1094 4842 1473 4897 quamcunque
1540 4837 1743 4898 partem
1801 4828 1992 4882 oculos
2046 4831 2320 4893 vertisset,

763 4931 945 4972 rerum
1001 4923 1241 4974 novitate
1302 4921 1600 4988 perculsus,
1649 4920 1818 4990 magis
1887 4919 2321 4988 obstupesocbat.

759 5009 1090 5063 Accessitad
1119 5010 1276 5062 aliam
1321 5011 1468 5063 urbis
1499 5020 1728 5077 portam,
1764 5020 1817 5061 et
1846 5005 1950 5061 illic
1987 5009 2146 5062 etiam
2200 5026 2324 5062 cru-

759 5116 874 5154 cem
923 5103 1090 5168 ipsam
1159 5115 1318 5170 supra
1372 5116 1556 5154 muros
1606 5109 1838 5154 erectam
1885 5099 2035 5154 vidit.
2079 5099 2323 5168 Cumque

759 5207 948 5244 omnes
977 5201 1159 5260 portas
1202 5193 1444 5256 obiisset,
1501 5195 1818 5247 venerandre
1864 5195 2042 5249 crucis
2096 5194 2319 5264 figuram

756 5284 1186 5354 aSpiciens,pr;e
1217 5295 1434 5354 stupore
1486 5294 1669 5339 mutus
1739 5289 1910 5340 factus
1972 5295 2072 5340 est.
2133 5287 2318 5354 Itaque

756 5387 877 5424 cum
920 5372 984 5424 ad
1011 5375 1234 5441 primam
1285 5372 1428 5428 illam
1483 5385 1691 5442 portam
1740 5389 1797 5428 se
1856 5378 2191 5435 contulisset,
2247 5378 2319 5429 ita

754 5479 936 5517 secum
969 5463 1325 5534 loquebatur:
1355 5465 1610 5533 quidnam
1645 5466 1744 5519 hoc
1777 5467 1894 5519 est?
1941 5467 2066 5521 Heri
2108 5469 2316 5537 vesperi

757 5548 917 5622 huius
975 5555 1154 5611 erucis
1213 5555 1425 5626 signum
1487 5557 1538 5610 in
1604 5557 1839 5611 latibulis
1875 5560 2208 5622 servabatur,
2265 5571 2318 5611 et

754 5660 896 5698 nunc
925 5647 1182 5715 apertein
1219 5649 1386 5717 ipsius
1428 5647 1576 5701 urbis
1625 5648 1826 5704 foribus
1886 5660 2124 5703 erectum
2165 5649 2313 5704 vide-

826 5833 899 5907 ρ)
934 5833 1056 5889 Vide
1090 5833 1376 5889 Bat'onittm
1408 5835 1493 5890 ubi
1536 5847 1715 5905 supra.

2433 4460 2594 4511 αὑτὸν
2625 4458 2702 4525 τῷ
2751 4456 2976 4527 βασιλεῖ,
3027 4457 3122 4510 καὶ
3173 4458 3273 4511 οὐκ
3330 4458 3446 4528 ᾔδει
3476 4460 3556 4509 ὅτι
3583 4454 3726 4526 ἦσαν
3757 4459 3824 4509 τα
3867 4459 4004 4510 ὀστᾶ

2429 4552 2521 4606 τοῦ
2549 4551 2819 4624 τυράννου
2860 4554 2916 4606 ἐν
2967 4553 3045 4624 τῷ
3083 4553 3205 4624 ἅδῃ.
3243 4555 3352 4606 Καὶ
3386 4553 3472 4604 ὅτε
3506 4550 3748 4620 ἔφθασεν
3781 4552 3807 4603 ὁ
3845 4551 4002 4620 ἰαμο

2427 4647 2607 4716 ὀλιχος
2638 4647 2714 4710 εἰς
2737 4650 2835 4715 τὴν
2891 4647 3043 4699 πόλιν
3093 4646 3348 4708 ἀτενίσας
3380 4641 3519 4698 εἶδεν
3569 4647 3659 4696 τὸν
3697 4645 3870 4696 τύπον
3905 4646 3998 4694 τοῦ

2427 4738 2606 4806 τιμίου
2648 4735 2878 4803 σταυροῦ
2931 4735 3284 4803 πεπηγμένον
3339 4733 3481 4786 κατὰ
3535 4733 3640 4782 τῶν
3680 4732 3871 4782 πυλῶν
3902 4731 3998 4799 τῆς

2429 4827 2657 4888 πόλεως,
2688 4827 2778 4878 καὶ
2807 4825 3000 4889 ἐξέστη
3036 4825 3092 4875 ἐν
3127 4826 3190 4894 τῇ
3226 4824 3437 4892 διανοίᾳ.
3466 4821 3654 4874 αὑτοῦ.
3721 4823 3831 4875 Καὶ
3869 4839 3993 4876 κατ-

2425 4917 2568 4969 ενόει
2598 4909 2694 4970 ὧδε
2717 4933 2810 4968 και
2835 4910 2932 4969 ὦδε
2956 4916 3044 4966 καὶ
3070 4915 3452 4984 ἐξεπλήττετο,
3496 4914 3697 4982 ὁμοίως
3730 4914 3785 4965 δὲ
3827 4915 3998 4966 ἀπελ-

2426 5011 2534 5062 θὼν
2564 5009 2656 5064 καὶ
2679 5012 2759 5071 εἰς
2783 5009 2879 5079 τὴν
2911 5007 3080 5077 ἄλλην
3113 5007 3289 5077 πύλην
3312 5005 3408 5077 τῆς
3437 5007 3663 5070 πόλεως,
3709 5003 3854 5058 εἶδεν
3896 5009 3999 5055 κὰρ

2425 5105 2574 5153 κεῖσε
2614 5100 2845 5169 σταυρὸν
2877 5098 3229 5168 πεπηγμὲνον
3282 5100 3466 5152 ἐπάνω
3493 5099 3659 5168 αὐτῆς
3691 5099 3785 5148 καί
3833 5096 3996 5149 ἐθαύ-

2427 5195 2617 5263 μαζον,
2652 5194 2743 5246 καὶ
2770 5192 3072 5262 περιελθὼν
3106 5192 3231 5255 ὅλας
3255 5193 3354 5271 't/it;
3386 5192 3578 5254 πύλας,
3635 5183 3797 5254 εὗρεν
3840 5184 3997 5253 οἶιτος

2423 5289 2512 5338 τὸν
2562 5286 2729 5340 τύπον
2775 5285 2868 5337 τοῦ
2926 5286 3109 5355 τιμίου
3166 5284 3426 5351 σταυροῦ,
3484 5285 3574 5334 καὶ
3625 5283 3816 5334 ἵστατο
3850 5284 3995 5344 ἐνεὶς

2421 5378 2857 5446 ἐκπληττόμενος
2900 5377 2993 5430 ἐπὶ
3014 5375 3244 5438 τούτοιςο
3289 5377 3418 5426 Ὅτε
3443 5372 3533 5426 οὖν
3567 5367 3732 5444 ἦλθεν
3765 5366 3863 5424 ἑπῖ
3896 5375 3996 5441 τὴν

2421 5456 3031 5537 πρώτην,’διελογίζετο
3069 5469 3127 5520 ἐν
3173 5465 3369 5533 ἐαυτῷ,
3400 5465 3492 5518 καὶ
3522 5465 3708 5530 ἔλεγεν
3736 5479 3749 5490 ·
3787 5463 3855 5516 Τί
3891 5465 3996 5532 ἄρα

2419 5561 2536 5612 ἐστι
2566 5561 2721 5613 τοῦτο
2749 5560 2808 5612 τὸ
2871 5563 3097 5631 σημεῖον
3148 5557 3241 5610 τοῦ
3277 5557 3507 5629 σταυροῦ
3545 5559 3625 5608 ὅτι
3659 5556 3905 5624 ἑσπέρας
3937 5552 3994 5603 ἐν

2421 5651 2494 5722 τῷ
2525 5650 2750 5723 κρυπτῴ
2783 5648 2878 5722 ἦν,
2937 5654 3029 5706 καὶ
3060 5649 3151 5705 νῦν
3205 5650 3610 5722 πεφανέρωται,
3655 5650 3797 5718 μετὰ
3857 5645 3995 5712 παῤ·
