4226 6436
236 422 341 486 441

1325 431 1418 488 DE
1457 428 1759 488 SEPTEM
1800 427 2403 490 DORMIENTIBUS.

3370 419 3472 481 442

221 537 425 609 ρησίας
464 536 558 591 ἐπὶ
584 536 693 590 τῶν
717 535 903 591 πυλῶν
929 539 1028 609 τῆς
1071 539 1301 604 πόλεως,
1335 541 1520 607 ἔλεγεν
1555 541 1612 593 δέ
1643 542 1701 593 ἐν
1728 542 1796 609 τῇ

1901 553 2040 592 mus.
2082 537 2289 592 Verene
2329 540 2429 592 hoc
2454 538 2631 599 video,
2654 551 2720 589 an
2748 534 2944 604 spectri
2970 533 3197 601 alicujus
3223 532 3474 586 illusione

219 626 436 698 διανοίᾳ
471 625 638 680 αὐτοῦ
712 627 844 697 μήτι
900 628 1089 699 ὅραμά
1131 630 1248 681 ἐστι
1307 628 1500 696 τοῦτος
1539 631 1692 683 Μετὰ
1745 630 1802 682 δὲ

219 716 400 771 ταῦτα
434 716 613 770 λαϐὼν
644 717 844 788 Θάρσος
870 719 1147 773 ἐσκέπασε
1179 719 1277 791 τὴν
1328 721 1575 791 κεφαλὴν
1633 722 1801 774 αὑτοῦ

221 808 320 861 καὶ
349 808 603 879 εἰσῆλθεν
651 811 734 873 είς
791 812 890 880 τὴν
946 812 1123 877 πόλιν,
1180 812 1276 865 καὶ
1327 814 1530 882 ἤκουσε
1589 812 1803 866 πολλῶν

221 901 499 970 λεγόντων
536 902 632 955 καὶ
656 903 968 972 ὀμνυόντων
999 905 1058 957 ἐν
1092 903 1168 978 τῷ
1195 904 1421 974 ὀνόματι
1463 905 1557 957 τοῦ
1592 905 1800 976 Κυρίου

221 994 384 1062 ἡμῶν
424 994 600 1062 Ἰησοῦ
648 993 908 1062 Χριστοῦ,
946 994 1042 1047 καὶ
1075 995 1170 1050 νῦν
1219 996 1429 1064 ἑκάστη
1459 996 1682 1064 γλῶσσα
1713 1015 1802 1050 τε·

220 1085 501 1154 τράνωται
529 1088 587 1138 ἐν
616 1085 788 1154 αὐτῷ,
809 1085 978 1139 πάλιν
1006 1087 1064 1140 δὲ
1094 1087 1281 1156 ἔλεγεν
1314 1089 1370 1140 ἐν
1415 1087 1618 1157 ἐαυτῷ,
1655 1088 1797 1156 τάχα

221 1177 326 1228 οὐκ
355 1175 506 1229 ἐστιν
546 1176 684 1246 αὕτη
728 1177 761 1236 ὴ
797 1177 952 1240 πόλις
990 1179 1224 1247 Ἔφεσος
1248 1180 1391 1232 διατί
1415 1180 1482 1232 τὰ
1525 1178 1802 1246 οἰκήματα

222 1269 400 1335 αὐτῆς
439 1268 586 1320 ἐστὶν
646 1266 1052 1338 ἐνηλλαγμένα,
1096 1272 1191 1322 καὶ
1232 1272 1264 1339 ἡ
1308 1269 1588 1329 διάλεκτος
1631 1269 1801 1336 αὐτῆς

219 1359 576 1426 δεδιδαγμένη
602 1358 659 1409 ἐν
689 1357 766 1427 τῷ
797 1359 1037 1429 Χριστῷ,
1072 1361 1167 1413 καὶ
1196 1361 1365 1427 ἀλλην
1383 1360 1539 1413 πόλιν
1555 1360 1654 1413 οὐκ
1683 1355 1801 1412 οἶδα

219 1449 374 1517 εἰμὴ
422 1450 628 1517 ταύτην
668 1451 863 1520 μόνην.
924 1453 1036 1505 Καὶ
1099 1452 1554 1522 περιερχόμενος,
1611 1450 1799 1522 ἠρώτα

217 1539 345 1590 τινα
399 1540 507 1593 τῶν
564 1541 806 1595 πολιτῶν
863 1543 1061 1611 λέγων,
1117 1544 1233 1612 πῶς
1293 1545 1602 1612 καλεῖταιῆ
1646 1544 1801 1606 πόλις

218 1633 363 1700 αὕτη
392 1650 402 1661 ·
433 1635 461 1684 ό
489 1633 545 1686 δὲ
579 1630 734 1688 εἶπεν
763 1651 777 1665 '
811 1636 958 1705 Αὕτη
1017 1637 1254 1706 Ἔφεσός
1308 1639 1424 1690 ἐστι
1462 1653 1475 1666 ·
1514 1636 1605 1688 καὶ
1648 1632 1800 1688 εἶπεν

231 1723 541 1793 Ἰάμϐλιχός
577 1728 704 1794 παρ’
728 1726 904 1794 ὀλίγον
945 1728 1087 1796 Ἐγὼ
1117 1728 1461 1796 ἐπελαθόμην
1510 1728 1603 1779 καὶ
1634 1726 1798 1779 ἐπλα-

219 1816 398 1885 νήθην
432 1820 488 1869 ἐν
522 1817 599 1888 τῷ
647 1818 730 1870 νοΐ
777 1835 902 1886 μου,
947 1819 1062 1870 ἀλλ’
1095 1819 1298 1881 ἐξέλθω
1351 1819 1414 1869 ἐκ
1442 1816 1540 1883 τῆς
1587 1816 1798 1880 πόλεως

220 1907 435 1977 ταύτης
469 1909 541 1975 μή
588 1925 701 1970 πως
735 1907 1013 1978 πλανηθῶ.

1903 627 2183 697 decipior?
2213 628 2345 682 Cum
2385 629 2498 681 haec
2537 627 2762 689 diceret,
2804 633 2859 679 et
2888 625 3064 679 crucis
3091 625 3314 694 figuram
3351 622 3477 675 ubi-

1902 735 2007 789 que
2063 719 2224 772 ﬂxam
2272 719 2499 782 videret,
2531 719 2712 770 animo
2739 718 2908 786 magis
2938 714 3274 778 conﬁrmato;
3305 714 3354 765 in
3387 730 3477 765 ur—

1903 811 2022 865 bem
2056 823 2241 879 aperto
2282 810 2455 878 capite
2488 809 2762 877 ingressus
2791 817 2893 862 est.
2963 805 3206 874 Cumque
3267 805 3476 874 longius

1904 902 2548 975 progrederetur,audivit
2569 901 2765 955 multos
2785 917 2878 972 per
2903 899 3030 953 Jesu
3049 899 3248 953 Christi
3265 912 3471 952 nomen

1898 996 2103 1064 jurare.
2141 995 2318 1058 Quare
2378 991 2541 1062 magis
2595 991 2918 1060 perculsus:
2976 989 3115 1054 Quid
3171 991 3285 1042 haec
3341 991 3471 1051 sint,

1904 1085 2098 1155 inquit,
2136 1086 2347 1154 ignoro.
2382 1082 2508 1136 Heri
2550 1082 2758 1151 vesperi
2793 1097 2954 1137 nemo
3004 1081 3170 1134 libere
3192 1080 3471 1132 Christum

1902 1176 2234 1237 nominabat,
2264 1185 2320 1228 et
2353 1190 2501 1228 nunc
2536 1183 2640 1228 tam
2666 1171 2849 1227 multis
2911 1173 3109 1243 linguis
3161 1171 3362 1225 Christi
3385 1187 3482 1222 nn-

1903 1283 2030 1323 men
2057 1267 2395 1322 celebratur?
2422 1267 2630 1319 Rursus
2667 1280 2848 1319 secum
2902 1264 3197 1332 ambigens.
3226 1263 3442 1316 dicebat
3465 1279 3476 1314 :

1905 1357 2158 1412 Fortasse
2194 1356 2380 1411 urbem
2400 1357 2679 1425 Ephesum
2711 1372 2816 1410 non
2856 1354 3031 1413 video,
3065 1352 3322 1422 quoniam
3362 1352 3480 1420 eius

1904 1451 2130 1506 aedificia
2159 1453 2384 1505 omnino
2407 1461 2610 1505 mutata
2645 1459 2791 1510 sunt,
2827 1458 2881 1503 et
2941 1448 3111 1516 ipsius
3144 1447 3345 1514 lingua,
3376 1445 3479 1497 alia

1909 1541 2151 1611 quaedam
2187 1551 2268 1594 est
2300 1541 2548 1594 Chistum
2594 1539 2816 1593 edocta:
2867 1537 3009 1604 quod
3078 1536 3127 1586 in
3175 1535 3318 1586 nulla
3376 1533 3476 1584 alia

1907 1636 2037 1688 urbe
2062 1633 2173 1686 lieri
2203 1633 2307 1687 vidi
2342 1633 2467 1697 ,nisi
2501 1633 2556 1686 in
2583 1632 2682 1685 hac
2727 1630 2858 1683 sola.
2909 1628 3232 1697 Progressus
3294 1625 3477 1693 igitur,

1901 1727 2143 1794 qua-sivit
2166 1741 2194 1779 a
2221 1726 2454 1794 quodam
2485 1724 2620 1797 cive,
2652 1739 2758 1790 quo
2796 1720 3012 1775 nomine
3042 1720 3167 1772 urbs
3200 1720 3285 1773 illa
3320 1735 3478 1772 voca-

1905 1831 2091 1873 retur:
2127 1817 2390 1886 Ephesus,
2422 1816 2595 1885 inquit
2625 1816 2734 1876 ille,
2765 1816 2874 1866 haec
2909 1821 3156 1865 iocatur.
3218 1809 3332 1862 Non
3389 1824 3499 1863 cre-

1842 1902 1881 1956 Β
1914 1910 2050 1964 didit
2101 1909 2417 1972 Jamblicus,
2479 1908 2572 1963 sed
2635 1921 2816 1960 secum
2865 1905 3140 1974 cogitans:
3192 1901 3478 1967 Deceptus,

218 1999 416 2065 inquit,
445 2011 592 2050 certe
618 2011 760 2061 sum,
796 1997 1038 2052 locorum
1069 1997 1288 2062 oblitus,
1350 2004 1569 2066 totaque
1620 2006 1801 2051 mente
1857 1999 2133 2052 aberrans.
2183 1997 2500 2051 Exeundmn
2540 1997 2702 2066 igitur
2758 1994 2889 2049 mihi
2941 2001 3024 2048 est
3066 2008 3132 2048 ex
3187 1991 3285 2046 hac
3325 1991 3476 2054 urbe,

216 2109 289 2147 ne
323 2091 487 2160 magis
510 2107 709 2146 errem-

294 2180 396 2234 lE'.
428 2182 515 2244 Ὠς
553 2181 645 2234 οὖν
669 2183 725 2234 ἐν
759 2181 940 2252 πολλῷ
969 2182 1121 2251 φόϐῳ
1149 2182 1242 2236 καὶ
1277 2183 1487 2254 ἀγωνία
1505 2179 1595 2253 ἦν,
1626 2184 1804 2253 βουλό-

219 2291 384 2346 μενος
435 2273 669 2337 ἐξελθεῖν
701 2275 763 2326 ἐκ
786 2276 885 2345 τῆς
913 2275 1148 2338 πόλεως,
1193 2275 1469 2346 προσῆλθε
1511 2277 1647 2346 πρὸς
1676 2277 1802 2340 τοὺς

214 2367 636 2437 πιπράσκοντας
689 2367 816 2429 τοὺς
873 2366 1072 2437 ἄρτους
1098 2367 1390 2436 ἀγοράσαι,
1425 2367 1520 2419 καὶ
1554 2367 1806 2420 ἐκϐαλὼν

216 2461 509 2530 ἀργύριον,
571 2459 768 2510 ἔδωκεν
827 2458 1012 2518 αὐτοῖς
1056 2470 1072 2485 ⁶
1106 2459 1261 2509 αὐτοὶ
1294 2459 1348 2509 δὲ
1393 2458 1655 2521 λαϐόντες
1706 2477 1807 2532 καὶ

214 2553 421 2615 ἰδόντες
448 2551 544 2618 τὴν
579 2549 800 2618 μονίταν
818 2549 899 2600 ὃτι
937 2549 1151 2618 μεγάλη
1171 2544 1238 2612 ἦν
1270 2548 1365 2600 καὶ
1392 2548 1788 2618 ἐνηλλαγμένη,

210 2643 534 2711 ἐθαύμασαν
559 2641 654 2693 καὶ
671 2639 920 2709 ἀλλήλοις
934 2640 1283 2694 ἐπεδείκνυον
1317 2640 1507 2710 αὐτὴν,
1531 2642 1626 2692 καί
1648 2655 1789 2708 παρ-

211 2733 348 2803 ῆλθε
383 2733 470 2785 διὰ
500 2731 690 2784 πασῶν
718 2735 826 2786 τῶν
842 2733 1121 2803 καθεδρῶν
1159 2733 1267 2785 τῶν
1303 2732 1630 2786 πωλούντων
1661 2731 1789 2794 τοὺς

206 2827 436 2895 ἄρτους,
466 2826 560 2878 καὶ
592 2824 914 2894 ἐψιθύριζον
956 2826 1076 2892 μετ’
1108 2826 1357 2896 ἀλλήλων
1405 2826 1501 2879 καὶ
1555 2824 1790 2877 ἔϐλεπον

208 2922 290 2982 εἰς
312 2920 404 2972 τὸν
452 2918 756 2986 Ἰάμϐλιχον
778 2919 870 2968 καὶ
900 2911 1082 2968 εἷπον·
1112 2912 1278 2978 Οὗτος
1314 2916 1585 2986 θησαυρὸν
1605 2910 1783 2983 εὗρεν,

209 3011 310 3063 καὶ
364 3011 479 3085 ἐστι
533 3009 744 3061 πολλῶν
803 3009 960 3064 ἐτῶν.
1013 3008 1068 3061 Ὀ
1104 3008 1158 3060 δὲ
1225 3009 1531 3078 Ἰάμϐλιχός
1571 3007 1786 3075 βλέπων

208 3107 336 3163 τοῦς
389 3101 754 3170 προσέχοντας
824 3098 975 3169 αὐτῷ
1028 3098 1437 3169 ψιθυρίζοντας,
1493 3097 1735 3166 ἐφοϐήθη
1766 3114 1780 3129 ο

208 3194 434 3262 ἐνόμιζε
480 3193 591 3263 γαρ
640 3194 722 3246 ὃτι
779 3190 1076 3262 ἐγνώριζον
1125 3192 1286 3246 αὑτὸν
1333 3193 1427 3245 καὶ
1497 3189 1780 3260 βούλονται

210 3285 546 3353 παραδοῦναι
576 3286 736 3338 αὑτὸν
759 3287 933 3357 Δεκίῳ
954 3286 1030 3355 τῷ
1059 3285 1288 3355 βασιλεῖ,
1324 3283 1509 3337 πολλοὶ
1531 3284 1588 3336 δέ
1611 3299 1786 3353 προσ·

211 3381 444 3450 ἠρχοντο
467 3379 827 3447 ἐμϐλέποντες
862 3381 940 3443 εἰς
968 3380 1024 3431 τὸ
1067 3380 1359 3447 πρόσωπον
1387 3378 1572 3442 αὑτοῦ,
1601 3379 1694 3430 καὶ
1715 3377 1789 3440 ώς

210 3471 430 3522 ἵσταντο
476 3469 803 3537 κατέχοντες
862 3470 1026 3520 αὑτὸν
1076 3471 1134 3521 ἐν
1199 3470 1350 3535 μέσῳ
1395 3470 1498 3535 τῆς
1552 3469 1784 3536 ἀγορᾶς,

211 3560 552 3628 συνέδραμεν
608 3560 762 3628 ὄχλος
799 3559 967 3623 πολὺς
1015 3559 1110 3614 καὶ
1134 3558 1357 3630 ἐξῆλθεν
1381 3559 1585 3625 ὁλόγος
1635 3552 1788 3619 οὗτος

209 3647 354 3699 κατὰ
406 3649 582 3700 πᾶσαν
635 3648 732 3718 τὴν
756 3647 912 3702 πόλιν
941 3648 1205 3718 λεγόντων
1241 3649 1322 3702 ὅτι
1359 3647 1680 3718 Κατεσχέθη
1707 3666 1786 3712 τις

209 3739 430 3800 νεανίας
472 3740 648 3810 εὑρὼν
696 3741 994 3811 θησαυρόν.
1053 3743 1164 3794 Καὶ
1211 3741 1580 3811 συνήχθησαν,
1605 3741 1788 3792 ἐπάνω

210 3834 376 3885 αὑτοῦ
418 3833 575 3903 ὄχλος
625 3836 790 3897 πολὺς
839 3836 1139 3902 φάσκοντες
1165 3850 1176 3864 ·
1232 3830 1404 3895 Οὗτος
1439 3835 1467 3884 ό
1500 3832 1786 3902 ἄνθρωπος

212 3923 362 3994 ξένος
383 3926 520 3988 ἐστὶ,
556 3926 647 3977 καὶ
680 3925 941 3978 οὐδέποτε
969 3926 1151 3991 ἴδομεν
1188 3926 1370 3978 αὐτόν.
1400 3924 1509 3977 Καὶ
1541 3923 1786 3992 ὴτένιζον

211 4021 291 4080 εἰς
322 4017 382 4069 τδ
426 4017 722 4086 πρόσωπον
772 4017 964 4070 αὐτοῦ.
1028 4018 1139 4070 Kal.
1183 4015 1435 4068 ἐϐούλετο
1485 4015 1786 4086 Ἰάμϐλιχός

211 4109 605 4177 ἀπολογεῖσθαι
648 4109 835 4173 αὐτοῖς
880 4110 962 4163 ὃτι
1013 4109 1111 4178 οὐχ
1143 4106 1269 4178 εὗρε
1328 4108 1628 4180 θησαυρὸν,
1681 4110 1777 4159 καὶ

211 4203 314 4256 ὑπὸ
345 4204 441 4270 τῆς
491 4203 807 4272 ἐκπλήξεως
835 4204 1194 4273 συνεχόμενος
1221 4203 1320 4254 οὐκ
1360 4203 1547 4271 ἴσχυσε
1571 4215 1583 4229 ⁸
1613 4215 1784 4268 προσ-

209 4293 352 4362 έχων
401 4293 456 4346 δὲ
506 4295 864 4362 περιεσκόπει
917 4295 998 4356 εἰς
1040 4294 1132 4346 τὸν
1173 4293 1352 4362 ὖχλον,
1408 4294 1502 4345 καὶ
1538 4291 1649 4344 οὐδ’
1691 4292 1787 4344 ἕνα

213 4388 575 4454 ἐπεγίνωσκε,
606 4389 699 4440 καὶ
728 4388 833 4455 γὰρ
861 4385 1113 4455 λαμπρὸν
1157 4385 1251 4438 καὶ
1278 4385 1583 4454 περιφανὲς
1629 4384 1787 4453 γένος

207 4478 358 4547 εἶχεν
380 4484 438 4532 ἐν
481 4481 560 4549 τῷ
581 4480 835 4550 παλατίῳ
873 4477 1126 4546 Ἐφέσου,
1182 4479 1277 4529 καὶ
1319 4476 1498 4539 καθὼς
1536 4477 1787 4546 ἐνόμιζεν

2017 2185 2112 2239 XV
2141 2223 2155 2239 .
2217 2185 2351 2239 Cum
2379 2200 2505 2254 ergo
2545 2185 2911 2239 sollicitudine
2961 2200 3150 2253 magna
3207 2191 3482 2236 teneretur

1904 2289 1962 2334 et
2004 2278 2148 2332 illinc
2178 2278 2328 2333 exire
2373 2277 2554 2341 vellet,
2590 2276 2741 2345 prius
2778 2276 2944 2330 voluit
2976 2290 3142 2343 panes
3187 2288 3391 2334 emere,
3426 2283 3480 2325 et

1905 2381 2189 2440 argentum
2244 2369 2494 2438 sumpsit,
2557 2376 2617 2421 ut
2665 2367 2896 2437 pretium
2961 2368 3134 2420 daret.
3194 2366 3295 2432 Qui
3348 2381 3479 2420 vero

1907 2481 2100 2533 panem
2131 2464 2503 2526 vendiderant,
2550 2476 2671 2516 cum
2715 2471 2986 2514 monetam
3037 2460 3190 2513 illam‘
3231 2472 3479 2527 magnam

1905 2568 1962 2610 et
2011 2557 2277 2609 diversam
2340 2554 2623 2614 vidissent,
2687 2552 2862 2606 mirati
2907 2562 3053 2612 sunt,
3116 2559 3171 2603 et
3239 2549 3478 2605 vicissim

1896 2664 2013 2703 eam
2047 2646 2145 2702 sibi
2174 2645 2550 2700 ostendebant.
2602 2644 2706 2697 Per
2773 2657 2964 2697 manus
3028 2642 3196 2710 igitur
3257 2640 3474 2704 tradita,

1896 2752 2111 2796 moneta
2175 2739 2265 2793 illa
2325 2753 2423 2808 per
2495 2750 2686 2792 omnes
2739 2737 2830 2806 qui
2895 2748 3092 2806 panem
3143 2734 3472 2797 vendebant,

1898 2833 2137 2889 transiit.
2186 2832 2289 2898 Qui
2312 2831 2552 2885 vicissim
2594 2831 2647 2883 in
2697 2844 2882 2885 aurem
2940 2829 3371 2893 insusurrantes,
3423 2837 3480 2883 et

1899 2925 2223 2978 Jan'iblieum
2271 2923 2566 2987 intuentes,
2621 2921 2877 2976 dicebant
2916 2939 2929 2974 :
2965 2922 3103 2976 Vere
3159 2922 3319 2975 homo
3377 2919 3478 2973 iste

1895 3017 2212 3074 thesaurum
2246 3013 2476 3075 invenit,
2501 3022 2736 3065 veterem
2761 3012 2909 3064 illum
2936 3012 3176 3079 quidem,
3206 3021 3261 3064 et
3293 3011 3479 3065 multis

1893 3107 2090 3162 abhinc
2172 3105 2328 3159 annis
2391 3103 2752 3159 reconditum.
2813 3098 3112 3154 Jamblicus
3171 3115 3297 3154 cum
3357 3100 3474 3154 illos

1888 3214 2234 3255 susurrantes
2259 3199 2486 3262 videret,
2510 3197 2674 3266 cmpit
2704 3196 2894 3249 timere
2931 3195 3310 3249 :existimabat
3331 3193 3474 3248 enim

1895 3308 1953 3346 se
1980 3291 2046 3344 ab
2104 3289 2208 3341 illis
2256 3289 2498 3357 agnosci,
2551 3296 2606 3338 et
2661 3285 2811 3337 Decii
2865 3285 3093 3352 imperio
3155 3283 3474 3336 tradendum

1896 3399 2034 3441 esse.
2062 3381 2197 3437 Cum
2227 3395 2357 3434 vero
2393 3379 2548 3434 multi
2591 3377 2972 3439 accessissent,
3000 3385 3056 3430 et
3092 3375 3209 3446 ejus
3244 3375 3472 3428 formam

1897 3491 2232 3545 nequaquam
2264 3486 2586 3544 cognoscere
2604 3479 2850 3542 possent,
2883 3470 2937 3523 in
2970 3468 3150 3522 medio
3177 3467 3293 3521 loro
3317 3466 3472 3520 illum

1894 3567 2234 3624 detinebant.
2285 3565 2473 3634 Itaque
2527 3564 2701 3619 turba:
2750 3563 2932 3617 multa:
2983 3561 3380 3623 conﬂuxerunt,
3420 3569 3475 3614 et

1897 3672 2075 3710 sermo
2109 3656 2198 3708 hic
2226 3669 2322 3722 per
2347 3662 2513 3705 totam
2543 3652 2817 3704 civitatem
2853 3649 3101 3717 vulgatus
3127 3658 3227 3712 est,
3259 3648 3473 3701 adoles-

1894 3757 2105 3802 centem
2135 3743 2423 3815 quemdam
2454 3740 2907 3812 comprehensum
2961 3741 3148 3804 fuisse,
3206 3739 3295 3808 qui
3355 3739 3474 3793 the-

1894 3852 2114 3893 saurum
2140 3837 2438 3891 invenerat.
2459 3834 2656 3888 Turba:
2681 3842 2861 3887 autem
2881 3832 2945 3887 ad
2967 3847 3090 3886 eum
3113 3840 3472 3900 congregatae,

1897 3934 2191 3988 dicebant:
2223 3931 2393 3985 Homo
2417 3930 2518 3982 iste
2557 3927 2871 3998 peregrinus
2904 3935 3004 3987 est,
3039 3937 3212 3990 neque
3238 3937 3472 3991 unquam

1897 4026 2047 4078 illum
2099 4022 2351 4075 vidimus.
2405 4019 2536 4073 Haec
2596 4018 2865 4080 dicebant,
2910 4024 2964 4069 et
3018 4013 3240 4068 intentis
3277 4014 3469 4079 oculis,

1896 4113 2066 4182 magis
2097 4111 2373 4181 magisque
2405 4111 2582 4179 ipsum
2621 4107 2994 4162 intuebantur.
3041 4104 3267 4171 Volebat
3324 4101 3474 4156 Jam-

1894 4203 2066 4258 blicus
2087 4217 2306 4257 causam
2336 4215 2489 4254 suam
2515 4211 2700 4268 agere,
2723 4197 2865 4266 quod
2887 4195 3082 4248 falsum
3115 4203 3282 4254 esset,
3325 4198 3469 4261 quod

1895 4295 1961 4349 de
1989 4293 2275 4348 thesauaro
2306 4290 2522 4343 invento
2563 4287 2844 4342 dicerent:
2876 4283 2972 4339 sed
3025 4292 3247 4352 stupore
3283 4281 3473 4334 deten-

1899 4397 2003 4448 tus,
2041 4385 2094 4438 id
2125 4384 2300 4436 facere
2326 4397 2436 4435 non
2470 4388 2701 4450 poterat.
2736 4377 2980 4444 Cumque
3029 4389 3225 4432 omnes
3284 4373 3474 4427 turbas

1897 4475 2363 4546 circumSpiceret,
2418 4473 2692 4527 neminem
2744 4471 3087 4541 agnoscebat,
3155 4477 3209 4520 et
3265 4465 3468 4518 nemini

206 4569 288 4618 ὅτι
318 4568 556 4635 ἑσπέρας
621 4570 858 4635 γνωστὸς
919 4565 985 4638 ἦν
1019 4569 1153 4620 πᾶσι
1207 4567 1300 4620 καὶ
1351 4567 1519 4620 ἐωθεν
1548 4568 1655 4620 οὐδ’
1693 4568 1787 4620 ἕνα

1899 4578 2058 4625 notus
2092 4578 2228 4632 erat,
2277 4568 2402 4620 licet
2423 4565 2574 4626 claro
2595 4572 2650 4618 et
2687 4561 2879 4616 illustri
2909 4573 3104 4629 genere
3133 4556 3271 4626 apud
3293 4553 3472 4625 Ephe-

205 4659 588 4728 ἐπιγινώσκων
645 4661 973 4728 ἐθαύμαζεν,
1028 4663 1125 4715 καὶ
1153 4661 1226 4724 ώς
1257 4659 1566 4731 ἐξεστηκὼς
1618 4677 1787 4730 προσ-

209 4756 358 4822 εῖχεν
390 4755 470 4815 εἰς
534 4751 627 4804 τὸν
679 4750 836 4820 ὄχλον
876 4751 1004 4804 ἰδεῖν
1030 4751 1119 4802 τὸν
1151 4754 1369 4822 πατέρα
1390 4752 1554 4805 αὐτοῦ
1586 4751 1619 4820 ἢ
1663 4751 1786 4804 τινὰ.

205 4847 318 4896 τῷν
345 4844 610 4912 ἀδελφῶν.
630 4843 724 4896 καὶ
749 4843 862 4896 οὐδ’
884 4836 963 4906 εἷς
997 4841 1240 4912 ὑπῆρχεν
1271 4841 1330 4907 ἐξ
1358 4843 1506 4896 αὑτῶ
1521 4861 1570 4897 ν.

1890 4677 2008 4716 sum
2040 4670 2200 4715 natus
2249 4666 2415 4713 esset.
2458 4656 2796 4724 Quapropter
2822 4650 3184 4706 admiratione
3243 4648 3472 4702 maxima

1885 4753 2249 4816 detinebatur,
2294 4749 2437 4820 quod
2492 4745 2666 4816 pridie
2736 4743 2949 4813 vesperi
3006 4741 3257 4796 omnibus
3310 4749 3474 4793 notus

1885 4845 2098 4907 luisset,
2161 4853 2217 4899 et
2268 4839 2528 4912 postridie
2581 4853 2739 4893 mane
2795 4835 3073 4891 neminem
3145 4838 3468 4901 agnosceret

207 4942 440 4993 omnino
479 4948 531 4992 et
561 4939 675 5007 ipse
716 4939 950 5006 ignotus.
985 4937 1151 4992 Dabat
1179 4952 1398 5007 operam
1440 4948 1498 4993 ut
1550 4939 1690 4994 inter
1728 4939 1939 4994 turbam
1981 4941 2126 4995 illam
2159 4949 2363 5010 patrem
2400 4935 2482 4990 vel
2515 4936 2748 5004 aliquem
2776 4949 2846 4989 ex
2877 4929 3134 4985 fratribus
3178 4927 3472 4994 inveniret»,

211 5048 392 5100 neque
419 5047 740 5102 quemquam
776 5033 1011 5086 videbat.

287 5124 403 5190 lC.".
430 5127 566 5195 ξιότε
621 5124 866 5194 ἐγνώσθη
903 5129 929 5177 ό
960 5127 1114 5195 λόγος
1139 5127 1195 5180 ἐν
1238 5129 1337 5200 ὅλῃ
1367 5132 1432 5198 τῇ
1486 5129 1639 5181 πόλει
1692 5131 1786 5182 καὶ

211 5221 317 5280 ἕως
348 5219 442 5269 τοῦ
479 5219 857 5272 ἐπισκοπείου.
887 5218 1102 5291 Εὑρέθη
1133 5220 1188 5274 δέ
1217 5225 1311 5274 καὶ
1363 5223 1788 5291 κατοικονομίαν

215 5311 351 5366 Θεοῦ
403 5312 495 5362 καὶ
544 5314 572 5364 ό
619 5310 935 5376 ἀνθύπατος
997 5315 1097 5383 τῆς
1161 5314 1374 5378 πόλεως
1424 5316 1545 5368 κατ’
1618 5315 1789 5386 αὐτὴν

214 5408 316 5475 τὴν
343 5402 493 5472 ὥραν
523 5405 895 5476 ἀνερχόμενος
928 5405 1065 5475 πρὸς
1095 5408 1185 5460 τὸν
1218 5411 1545 5464 ἐπίσκοπον.
1578 5410 1687 5463 Kal
1716 5410 1791 5475 ὡς

213 5494 580 5564 διελογίζοντο
603 5498 732 5567 περὶ
764 5499 860 5551 τοῦ
897 5498 1179 5571 θησαυροῦ
1215 5500 1462 5573 ἐγνώσθη
1493 5505 1524 5573 ἡ
1557 5504 1794 5557 ἀνάστα-

219 5609 305 5655 σις
327 5591 436 5642 τῶν
467 5589 679 5658 νεκρῶν
729 5591 866 5644 πᾶσι
919 5595 1036 5657 τοῖς
1095 5592 1268 5657 λαοῖς,
1337 5597 1432 5649 καὶ
1495 5595 1790 5650 ἐκέλευσαν

221 5686 366 5751 μετὰ
403 5685 581 5751 πάσης
615 5684 1030 5754 φιλανθρωπίας
1076 5686 1421 5756 φυλαχθῆναι
1486 5690 1576 5740 τὸν
1613 5691 1783 5742 νεανία

219 5793 350 5827 σκον
383 5780 472 5836 καὶ
523 5775 806 5845 ἐνεχθῆναι
849 5778 988 5848 πρὸς
1022 5780 1248 5844 αὐτοὺς,
1283 5781 1473 5851 ἔχοντα
1512 5782 1572 5836 τὸ
1621 5783 1790 5852 ἀργύ-

207 5867 398 5955 -ριονδ
452 5873 779 5944 ἐπεφέρετο,
841 5871 1035 5934 καὶὼς
1093 5871 1273 5932 εἷλκον
1331 5877 1424 5931 τὸν
1482 5876 1790 5948 Ἰάμϐλιχον

1962 5129 2100 5184 XVI.
2132 5127 2286 5182 Tunc
2313 5143 2376 5184 ea
2397 5143 2482 5183 res
2511 5143 2606 5196 per
2631 5132 2794 5179 totam
2822 5124 3009 5178 urbem
3038 5121 3274 5191 vulgata,
3300 5131 3473 5187 usque

1892 5224 1957 5277 ad
1982 5220 2219 5291 episcopi
2245 5236 2406 5276 aures
2425 5217 2690 5288 pervenit.
2716 5217 2902 5271 Divina
2926 5228 3142 5285 quoque
3172 5210 3474 5266 Providen-

1897 5315 1966 5369 tia
1995 5313 2194 5366 fae-tum
2225 5323 2330 5379 est,
2363 5320 2420 5365 ut
2445 5309 2563 5379 ejus
2591 5310 2740 5364 urbis
2770 5306 3055 5378 proconsul
3084 5303 3170 5357 illa
3204 5303 3319 5372 ipsa
3340 5301 3472 5356 hora

1895 5407 2192 5465 veniretad
2224 5407 2560 5477 episcopum.
2596 5403 2698 5470 Qui
2725 5403 2852 5457 dum
2877 5400 3082 5454 diceret
3102 5397 3169 5453 de
3191 5397 3469 5458 thesauro,

1899 5517 2060 5572 quem
2081 5502 2149 5555 ab
2184 5500 2520 5554 adolescente
2551 5496 2642 5550 illo
2662 5497 2940 5550 inventum
2969 5489 3256 5561 cogitabat,
3290 5503 3352 5540 ea
3386 5501 3474 5540 res

1899 5598 2044 5662 fecit,
2105 5607 2164 5650 ut
2218 5603 2552 5649 mortuorum
2589 5589 2916 5647 resurrectio
2958 5595 3166 5658 pateret
3196 5585 3470 5639 omnibus.

1898 5690 2187 5745 Jusserunt
2215 5686 2360 5742 enim
2413 5695 2518 5741 tam
2573 5683 2883 5756 proconsul,
2947 5694 3108 5748 quant
3162 5681 3469 5746 episcopus,

1897 5783 2292 5838 adolescentem
2321 5780 2465 5837 illum
2518 5777 2746 5847 benigne
2774 5783 3058 5830 tractatum
3091 5769 3372 5830 custodiri,
3419 5778 3472 5820 et

1899 5876 1964 5930 ad
1988 5892 2043 5930 se
2068 5874 2189 5930 duci
2217 5889 2336 5929 cum
2374 5881 2616 5941 argento,
2644 5867 2788 5937 quod
2817 5880 2998 5921 secum
3049 5863 3301 5918 habebat.
3333 5861 3467 5915 Cum
