4226 6436
762 401 870 463 “3

2079 410 2362 470 MENSIS
2402 412 2694 476 IULIUS.

3922 424 4033 486 με

766 513 930 584 igitur
953 513 1249 568 Jamhlicus
1304 516 1370 572 ad
1403 515 1688 572 ecclesiam
1739 521 2065 588 traheretur,
2121 523 2343 590 putabat

2450 528 2526 588 είς
2558 530 2657 595 τὴν
2718 531 3019 599 ἐκκλησίαν
3078 532 3335 600 ἐνόμιζεν
3375 533 3458 587 ὅτι
3511 535 3648 602 πρὸς
3689 536 3879 588 Δέκιον
3936 541 4032 590 τὸν

767 606 832 659 ad
862 605 1085 660 Decium
1144 607 1528 675 imperatorem
1571 625 1629 664 se
1659 611 1817 665 trahi.
1879 613 2062 682 Itaque
2119 615 2225 669 huc
2285 624 2340 669 et

767 696 894 749 illuc
921 696 1412 765 circumspiciebat,
1448 708 1506 754 ut
1535 701 1766 770 aliquem
1824 720 2048 758 suorum
2101 706 2336 773 videret,

765 783 848 836 vel
881 787 1436 853 consanguineorum,
1463 789 1544 841 vel
1574 804 1761 844 eorum
1798 793 1996 862 quibus
2041 805 2199 850 notus
2226 796 2342 852 fue-

764 885 866 928 rat.
899 875 1310 930 Adolescentem
1362 879 1433 932 ita
1481 881 2012 952 circumspicientem
2065 890 2241 954 turba,
2282 899 2341 944 ut

763 965 1014 1019 insanum
1061 969 1315 1036 aliquem,
1368 971 1660 1027 irridebat:
1715 976 1896 1045 itaque
1942 980 2231 1033 violentius
2274 981 2340 1036 ad

763 1058 1049 1112 ecclesiam
1106 1061 1501 1128 impellebatur.
1574 1064 1690 1119 Jam
1753 1083 1884 1122 vero
1947 1073 2237 1139 proconsul
2285 1083 2340 1129 et

765 1149 1075 1218 Stephanus
1136 1155 1426 1223 episc0pus
1502 1169 1779 1213 monetam
1838 1161 1982 1214 illam
2043 1164 2094 1217 in
2145 1182 2338 1222 manus

761 1250 1027 1308 sumptam
1059 1243 1430 1310 inspicientes,
1451 1248 1877 1304 admirabantur.
1918 1252 2070 1308 Tunc
2105 1271 2337 1323 procon-

761 1330 844 1384 sul
889 1329 1214 1386 Jamblicum
1277 1336 1652 1403 interrogans:
1710 1342 1963 1403 Ubinam,
2018 1346 2212 1415 inquit,
2254 1361 2338 1404 est

761 1420 1071 1482 thesaurus,
1098 1439 1256 1491 quem
1282 1426 1533 1482 invenisti
1554 1432 1574 1483 ?
1595 1430 1803 1486 Moneta
1826 1435 1972 1488 enim
1998 1437 2109 1490 hinc
2154 1455 2184 1492 e
2218 1441 2337 1496 the-

759 1524 919 1562 sauro
974 1513 1234 1581 subrepta
1315 1527 1417 1570 est.
1474 1518 1713 1583 Minime,
1786 1524 1959 1591 inquit
2014 1526 2330 1597 Jamblicus,

760 1600 1073 1655 thesaurum
1100 1605 1302 1670 inveni,
1340 1611 1796 1676 quemadmodum
1817 1631 1900 1670 me
1930 1633 2019 1672 vos
2051 1621 2334 1679 insimula—

761 1692 850 1745 tis.
933 1695 1067 1747 lllud
1124 1711 1290 1749 unum
1364 1710 1512 1754 certo
1567 1704 1700 1766 scio,
1771 1722 1834 1760 ex
1903 1713 2145 1777 paternis
2198 1717 2332 1772 meis

759 1787 1008 1853 pecuniis
1044 1796 1328 1857 argentum
1361 1792 1464 1847 hoc
1491 1809 1633 1857 esse,
1670 1798 1788 1864 ejus
1824 1813 2052 1855 monetae
2082 1813 2208 1857 nota
2235 1807 2332 1858 im-

2445 616 2672 683 βασιλέα
2755 621 2986 688 ἄγουσιν
3031 623 3220 676 αὐτόν.
3254 624 3364 676 Καὶ
3388 628 3750 694 περιεσκόπει
3789 620 3891 680 ὧδε
3930 630 4032 681 καὶ

2441 703 2544 762 ὧδε
2611 711 2743 764 ἰδεῖν
2785 715 2907 766 τινὰ
2938 716 3047 768 τῶν
3076 715 3222 768 ἰδίων
3252 717 3418 770 αὐτοῦ
3453 719 3549 772 καὶ
3575 720 3893 788 γνωρίμων,
3921 723 4022 773 καὶ

2443 800 2471 852 6
2500 800 2655 869 ὄχλος
2719 804 2992 872 κατεγέλα
3041 808 3209 859 αὐτοῦ
3269 809 3365 861 καὶ
3415 798 3737 876 προσεῖχον’
3769 809 3923 878 αὐτῷ
3953 810 4027 873 ὡς

2445 895 2636 964 μωρῷ,
2673 895 2769 947 καὶ
2819 896 2962 948 οὕτω
3029 901 3166 967 μετά
3204 900 3346 968 βίας,
3407 901 3581 955 ὤθουν
3611 902 3774 953 αὐτον
3812 905 3891 964 εἰς
3922 905 4023 971 τὴν

2443 988 2759 1058 ἐκκλησίαν.
2812 989 2872 1042 Ὀ
2903 992 2960 1044 δὲ
3013 992 3322 1056 ἀνθύπατος
3375 995 3473 1048 καὶ
3535 995 3808 1063 Στέφανος
3842 996 4027 1048 661:!-

2442 1093 2666 1142 σκοπος,
2702 1081 2960 1144 λαϐόντες
3027 1087 3160 1154 παρ’
3211 1085 3375 1138 αὐτοῦ
3424 1087 3483 1138 τὸ
3537 1086 3825 1156 ἀργύριον,
3887 1082 4026 1137 εἶξον

2439 1172 2535 1223 καὶ
2568 1171 2908 1240 ἐθαύμαζον.
2929 1174 3064 1226 Τότε
3099 1175 3467 1245 ἀποκριθεὶςό
3494 1177 3834 1238 ἀνθύπατος,
3866 1172 4022 1228 εἶπεν

2440 1262 2575 1331 πρὸς
2596 1263 2686 1315 τὸν
2720 1263 3044 1332 Ἰάμὸλιχον,
3083 1266 3190 1318 Ποῦ
3214 1268 3361 1319 ἐστιν
3389 1268 3416 1319 6
3447 1268 3718 1337 θησαυρ⁵ις
3749 1269 3810 1320 δν
3839 1259 3900 1320 εὖ
3913 1284 4022 1335 ρες,

2439 1355 2628 1426 ἐπειδὴ
2669 1358 2729 1409 τὸ
2778 1357 3042 1427 ἀργύριον
3085 1359 3111 1411 ὃ
3145 1360 3457 1428 βαστάζεις,
3511 1360 3567 1425 ἐξ
3609 1362 3774 1413 αὐτοῦ
3838 1363 4026 1414 ἐστιν’

2449 1441 2756 1511 Ἰάμϐλιχος
2803 1441 2987 1496 εἶπενο
3025 1446 3309 1516 Θησαυρὸν
3373 1448 3471 1515 μὲν
3526 1449 3786 1501 οὐδέποτε
3843 1447 4025 1519 εὗρον,

2437 1533 2619 1594 καθὼς
2698 1537 3052 1605 κατηγορεῖτὲ
3105 1556 3242 1606 μου,
3306 1539 3423 1592 ἀλλ’
3478 1536 3594 1592 οῖδα
3638 1540 3750 1606 ἐγὼ
3807 1544 3891 1595 ὃτι
3922 1545 4028 1595 τῶν

2437 1625 2722 1696 πατρικῶν
2749 1643 2850 1694 μου
2877 1629 3016 1691 ἐστὶ,
3046 1631 3140 1682 καὶ
3171 1632 3268 1699 τῆς
3306 1633 3649 1700 συναλλαγῆς
3680 1635 3782 1702 τῆς
3810 1636 4026 1697 πόλεως

2436 1716 2674 1786 ὑπάρχει
2723 1718 2782 1770 τὸ
2842 1720 3127 1791 ἀργύριον,
3181 1723 3265 1785 τίς
3306 1723 3360 1777 δέ
3415 1726 3561 1776 ἐστιν
3597 1727 3624 1777 6
3656 1726 4020 1792 πειρασμδςὸ

2441 1809 2798 1877 συμῦεὸηκώς
2825 1828 2912 1878 μοι
2937 1812 3051 1877 νῦν,
3086 1813 3186 1866 οὐκ
3208 1810 3346 1868 οἶδα.
3377 1817 3483 1869 Καὶ
3508 1815 3534 1866 6
3559 1815 3874 1875 ἀνθύπατος
3895 1816 4027 1883 ἔφη·

760 1891 1027 1943 pressum,
1055 1896 1172 1948 qua:
1194 1882 1316 1934 huic
1372 1885 1490 1936 urbi
1552 1889 1810 1944 consueta
1874 1901 1974 1947 est.
2031 1894 2133 1948 Sed
2191 1908 2339 1955 certe

2447 1875 2615 1954 Πύθεν
2661 1875 2778 1965 εἷ,ὁ
2809 1875 2864 1954 6.1:
2940 1875 3242 1973 Ἰάμϐλιχος
3293 1907 3653 1976 ἀπεκρίνατο,
3703 1907 3790 1969 Ὡς
3823 1907 4022 1973 νομίζα

759 1969 948 2030 miror,
983 1986 1156 2038 neque
1192 1976 1427 2042 cogitare
1479 1992 1721 2045 possum,
1776 1983 2047 2039 undenam
2111 1993 2339 2047 tentatio

762 2059 877 2112 haec
930 2063 1069 2114 mihi
1101 2064 1382 2120 acciderit.
1421 2071 1498 2121 Ad
1547 2070 1660 2124 hate
1720 2089 1962 2140 praeses:
2027 2081 2334 2146 ljndenam,

761 2150 964 2218 inquit,
991 2169 1048 2207 es
1076 2157 1174 2207 tu?
1207 2158 1284 2210 llli
1320 2169 1500 2212 autem
1550 2169 1828 2232 respondit
1858 2168 2198 2230 Jamblicus:
2257 2178 2336 2232 Ex

760 2242 862 2295 hac
901 2244 1051 2308 urbe,
1093 2255 1148 2300 ut
1205 2249 1418 2316 opinor,
1483 2267 1581 2320 ego
1617 2272 1760 2310 sum.
1817 2261 1937 2323 Quo
1974 2274 2126 2331 patre
2153 2271 2339 2322 natus?

762 2336 937 2404 inquit
971 2355 1193 2408 praeses.
1275 2343 1441 2396 Estne
1502 2348 1723 2414 aliquis,
1770 2353 1862 2419 qui
1922 2366 1975 2407 te
2033 2364 2338 2426 agnoscat?

761 2426 969 2488 Veniat,
1002 2441 1055 2482 et
1095 2434 1462 2492 testimonium
1503 2440 1647 2493 dicat
1703 2459 1800 2512 pro
1835 2453 1904 2508 te,
1952 2457 2006 2501 et
2053 2451 2337 2507 credemus

758 2518 878 2572 tibi.
915 2519 1138 2574 Protulit
1168 2524 1465 2584 Jamblicus
1498 2533 1664 2599 patris
1718 2547 1772 2589 et
1826 2537 2052 2592 fratrum
2115 2558 2334 2598 suorum

760 2610 975 2663 nomina
1023 2628 1244 2683 :neque
1304 2623 1588 2690 quisquam
1651 2641 1892 2690 noverat,
1945 2647 2081 2698 quos
2113 2633 2333 2688 diceret.

763 2697 901 2751 Tum
931 2717 1170 2768 praeses:
1216 2705 1592 2782 Vera,inquit,
1630 2732 1736 2770 non
1786 2731 1933 2782 sunt,
2006 2737 2125 2790 quae
2181 2725 2335 2780 dicis.

758 2788 883 2845 Haec
919 2796 1149 2850 audiens
1174 2799 1493 2871 Jamhlicus,
1536 2810 1807 2876 perplexo
1840 2821 1957 2864 erat
1989 2814 2188 2879 animo,
2222 2833 2323 2872 nec

758 2884 966 2940 habens
1011 2891 1138 2956 quid
1193 2897 1567 2962 responderet,
1616 2901 1827 2957 silebat.
1877 2906 2044 2970 Quem
2093 2924 2214 2962 cum
2268 2912 2337 2964 ita

758 2975 1069 3043 perplexum
1103 2981 1309 3037 tristem
1334 2985 1572 3041 vidisset:
1595 2989 1873 3054 Fortasse,
1892 2996 2088 3064 inquit,
2115 2999 2338 3054 insanus

760 3076 880 3127 est.
915 3070 1001 3124 alii
1053 3071 1336 3129 dicebant:
1393 3078 1740 3150 Nequaquam
1787 3086 2008 3142 insanus
2068 3103 2170 3152 est,
2243 3094 2336 3146 sed

763 3157 1027 3213 insaniam
1054 3166 1290 3229 simulat,
1331 3171 1642 3236 utpericula
1669 3173 1911 3243 eti'ugiat.
1944 3180 2333 3236 Acerbioribus
2365 3209 2405 3267 ρ

761 3250 942 3304 verbis
1004 3269 1204 3321 praeses
1258 3257 1580 3329 increpans:
1613 3264 1725 3328 Qua
1747 3267 1975 3333 ratione,
2030 3270 2226 3340 inquit,
2291 3287 2341 3332 te

762 3339 902 3396 ferre
950 3362 1252 3412 possumus.
1297 3363 1387 3405 aut
1412 3354 1505 3406 tibi
1537 3358 1777 3421 credere,
1829 3371 2111 3430 argenturm
2138 3366 2239 3421 hoc
2273 3386 2339 3424 ex

758 3438 1000 3503 paternis
1041 3441 1287 3507 pecuniis
1335 3445 1399 3499 ad
1463 3454 1514 3501 te
1571 3452 1906 3516 pervenisse,
1952 3470 2074 3507 cum
2127 3473 2340 3513 moneta

762 3527 875 3580 haec
913 3530 1346 3599 exinscriptionc
1375 3546 1424 3588 et
1463 3548 1586 3590 nota
1646 3543 1930 3609 signiﬁcet,
1958 3545 2098 3613 quod
2129 3557 2340 3605 trecen-

757 3619 830 3670 tis
867 3629 919 3674 et
943 3625 1214 3690 octoginta
1248 3628 1405 3681 annis
1434 3639 1561 3685 ante
1588 3648 1689 3688 nos
1715 3634 1896 3700 fuerit,
1929 3653 1993 3694 ac
2024 3643 2340 3712 priusquam

763 3710 957 3765 Decius
996 3717 1308 3782 imperaret,
1358 3737 1531 3788 neque
1586 3726 1688 3778 ulla
1723 3744 1788 3780 ex
1840 3741 1992 3797 parte
2034 3734 2224 3790 similis
2277 3739 2347 3791 sit

761 3802 858 3866 illi,
895 3819 1015 3870 quae
1048 3820 1193 3859 nunc
1223 3809 1276 3860 in
1331 3811 1463 3864 urbe
1515 3814 1886 3883 impenditur?
1916 3820 2053 3876 Num
2095 3838 2346 3893 parentes

759 3899 832 3946 ita
876 3906 1103 3957 veteres.
1136 3910 1188 3954 et
1225 3911 1353 3958 ante
1381 3914 1653 3963 trecentos
1683 3927 1856 3967 annos
1895 3915 2105 3984 genitos
2147 3919 2345 3975 habere

753 3999 910 4053 potes
947 3999 1024 4053 tu,
1054 3992 1144 4059 qui
1186 3996 1504 4053 adolescens
1543 4004 1645 4055 es?
1681 4007 1759 4058 An
1803 4018 1960 4075 putas
1994 4020 2044 4064 te
2074 4011 2154 4065 sic
2188 4022 2340 4067 astu-

753 4079 871 4128 tum
921 4094 1058 4141 esse,
1090 4093 1150 4136 ut
1204 4100 1362 4141 senes
1418 4099 1472 4142 et
1527 4089 1813 4160 Ephesium
1863 4100 2011 4154 urbis
2069 4103 2338 4173 sapientes

757 4169 1035 4239 decipias?
1071 4176 1164 4230 His
1198 4177 1266 4232 de
1305 4183 1670 4253 causisjubeo
1706 4196 1758 4243 te
1783 4188 1838 4242 in
1871 4193 2084 4248 vincula
2113 4199 2335 4270 conjici.

2445 1996 2508 2046 ἐκ
2554 1996 2654 2060 τῆς
2705 1996 2914 2059 πόλεως
2965 1996 3193 2066 ταύτης.
3254 1998 3347 2050 καὶ
3396 2002 3422 2050 6
3464 1999 3774 2061 ἀνθύπατος
3821 1997 3980 2052 εἶπεν
4012 2015 4032 2033 ο

2443 2090 2728 2150 Υίὺςτίνος
2749 2084 2818 2147 εἴ,
2846 2091 2876 2159 ἢ
2911 2090 2995 2151 τίς
3031 2107 3088 2142 σε
3119 2067 3375 2156 γινώσκει
3408 2091 3664 2153 ἐνταῦθα,
3695 2092 3866 2144 ἐλθὼν
3890 2096 4035 2163 μαρ-

2440 2182 2666 2248 τυρήσει
2727 2182 2855 2250 περὶ
2905 2180 3023 2243 σοῦ,
3056 2183 3149 2234 καὶ
3184 2182 3514 2253 πιστεύομεν
3545 2201 3647 2237 σοι.
3680 2182 3816 2237 Τότε
3877 2186 4034 2253 Ίάμ-

2441 2267 2623 2334 ὄλιχος
2676 2263 2833 2318 εἶπεν
2909 2269 3009 2334 τὴν
3063 2273 3445 2338 προσηγορίαν
3504 2273 3600 2325 τοῦ
3673 2273 3885 2340 πατρὸς
3925 2277 4025 2334 καὶ

2439 2357 2547 2409 τῶν
2610 2357 2861 2426 ἀδελφῶν
2928 2360 3142 2420 αὐτοῦ,
3260 2361 3354 2413 καὶ
3404 2363 3581 2425 οὐδεὶς
3643 2365 4030 2430 ἰπεγίνωσκεν

2440 2447 2654 2509 αὐτούς.
2704 2449 3048 2515 Ἀποκριθεὶς
3073 2449 3128 2501 δὲ
3149 2451 3175 2502 ὀ
3199 2451 3507 2514 ἀνθύπατος
3527 2449 3700 2506 εἶπεν.
3732 2452 3847 2506 Ούκ
3877 2457 4020 2524 ἀλη-

2440 2539 2691 2603 θεύεις,ὁ
2718 2541 2773 2593 δὲ
2816 2542 3124 2611 Ἰάμϐλιχος
3152 2543 3528 2612 ἀπορούμενος
3569 2545 3807 2611 ἕστηκεν
3868 2547 4020 2612 ἡσύ-

2439 2633 2642 2701 χάζων.
2674 2632 2780 2684 Καί
2827 2650 2970 2695 τινες
3008 2634 3209 2696 ἰδόντες
3259 2636 3420 2687 αὐτον
3453 2638 3509 2688 ὲν
3546 2637 3774 2705 τοιαύτῃ
3810 2636 4030 2708 ἀθυμίᾳ

2441 2721 2591 2774 εἷπον
2628 2738 2640 2752 °
2674 2723 2824 2792 Τάχα
2881 2723 3063 2792 μωρὸς
3101 2726 3247 2776 ἐστιν
3273 2739 3289 2754 ⁸
3326 2725 3474 2778 ἄλλοι
3525 2725 3582 2776 δὲ
3614 2727 3823 2792 ἔλεγον,
3880 2729 4028 2793 Οὖχὶ

2441 2815 2574 2866 ἀλλά
2624 2819 3024 2884 προσποιεῖται,
3083 2817 3230 2878 ὅπως
3278 2816 3447 2886 ῥυσθῇ
3506 2819 3568 2869 ὲκ
3615 2817 3712 2885 τῆς
3765 2817 4024 2886 ἀνάγκης

2439 2907 2660 2977 ταύτης,
2713 2909 2826 2961 ὁδὲ
2873 2909 3186 2972 ἀνθύπατος
3228 2910 3521 2980 αὐστηρῶς
3581 2910 3729 2980 αὖτῷ
3787 2911 4025 2964 ἐπαπειο

2439 2996 2745 3066 λησάμενος
2774 2993 2927 3050 εἶπεν
2951 3015 2962 3028 '
2997 2999 3117 3060 Πῶς
3152 2999 3518 3067 ἀνατχὼμεθα
3555 3002 3649 3051 καὶ
3707 3000 4025 3052 πιστεύσω·

2444 3089 2542 3157 μέν
2598 3107 2680 3141 σοι
2749 3091 2829 3142 ὅτι
2887 3090 2947 3142 τὸ
2977 3090 3243 3161 ἀργύριον
3279 3093 3437 3144 τοῦτο
3460 3092 3568 3144 τῶν
3615 3091 3887 3159 πατρώων
3923 3108 4022 3143 σου

2441 3183 2619 3235 ἐστίν’
2645 3185 2727 3237 ὅτι
2760 3185 2790 3254 ὴ
2830 3185 3024 3253 μονίτα
3058 3184 3195 3253 αὕτη
3247 3185 3398 3256 δηλοῖ
3425 3188 3484 3237 ὲκ
3515 3186 3614 3254 τῆς
3649 3185 4022 3252 ἐπικειμένης

2444 3277 2580 3345 αὐτῇ
2617 3280 2837 3343 γραφῆς
2861 3278 2954 3329 καὶ
2978 3277 3296 3344 σφραγῖδος,
3335 3276 3442 3328 ἀπὸ
3473 3276 3810 3346 τριακοσίων
3866 3276 4025 3326 εὕδοι

2449 3371 2692 3438 μήκοντα
2741 3369 2875 3419 ἐτῶν
2935 3369 3224 3437 ὑπάρχειν,
3274 3367 3365 3420 καὶ
3414 3369 3497 3420 ὅτι
3550 3368 3668 3419 ἐστὶ
3695 3371 3806 3437 προ
3829 3368 4028 3419 Δεκίου

2444 3461 2537 3513 τοῦ
2560 3461 2843 3529 βασιλέως,
2874 3463 2966 3514 καὶ
2998 3462 3097 3514 οὐκ
3146 3461 3379 3532 suam,
3435 3463 3525 3513 καὶ
3561 3460 3829 3513 οὐκέστιν
3859 3463 4028 3530 ὁμοία

2447 3552 2585 3623 αὕτη
2613 3556 2643 3622 ἡ
2682 3555 2874 3623 μονίτα
2902 3556 2994 3607 καὶ
3013 3555 3110 3623 τῆς
3137 3553 3563 3620 πολιτευομένης
3585 3553 3700 3615 νῦν,
3729 3557 3786 3604 ἐν
3879 3558 4030 3607 ἔστιν

2445 3645 2476 3716 ἦ
2512 3648 2656 3709 δόσις
2691 3651 2786 3700 καὶ
2816 3649 3061 3715 ἡκλῆσις
3085 3647 3174 3698 τοῦ
3208 3646 3421 3719 καιροῦ.
3453 3646 3669 3697 τούτου.
3696 3647 3788 3714 Μὴ
3821 3649 3885 3698 ἐκ
3918 3649 4030 3698 τῶν

2445 3740 2860 3810 παρῳχημένων
2882 3740 2974 3792 καὶ
3005 3739 3115 3790 τῶν
3143 3741 3418 3792 τοσούτων
3445 3739 3653 3808 χρόνων
3679 3739 4031 3808 ὑπάρχουσιν

2441 3834 2489 3884 οἱ
2518 3835 2699 3899 γονεῖς
2748 3849 2840 3883 σου
2878 3834 2977 3898 ⁹ὅτι
3004 3835 3066 3884 σὺ
3106 3831 3224 3894 νέος
3269 3829 3344 3884 ὢν
3375 3831 3540 3904 βούλῃ
3587 3832 3863 3898 πλανῆσαι
3899 3833 4030 3893 τοὺς

2442 3926 2704 3994 γέροντας
2733 3926 2828 3978 καὶ
2863 3925 3058 3992 σοφοὺς
3096 3925 3341 3992 Ἑφέσου.
3386 3926 3483 3977 Διά
3509 3925 3670 3976 τοῦτο
3703 3924 4031 3992 ἐντέλλομαι

2443 4017 2538 4069 νῦν
2596 4019 2673 4080 είς
2703 4019 2874 4087 δεσμὰ
2905 4019 2997 4070 καὶ
3043 4017 3314 4086 μάστιγας
3343 4019 3436 4070 καὶ
3468 4017 3678 4086 θλίψεις
3712 4018 4033 4086 παραδοθῆ-

2447 4108 2532 4161 ναί
2558 4126 2639 4173 σε,
2672 4110 2774 4174 ἓως
2812 4104 2872 4162 οὗ
2929 4112 3293 4181 ὁμολογήσῃς,
3329 4109 3430 4162 ποῦ
3497 4112 3644 4162 ἔστιν
3675 4110 3702 4160 6
3744 4110 4028 4184 θησαυρρς

2445 4197 2619 4266 οὗτος.

751 4273 813 4318 et
842 4266 1063 4332 ﬂagellis
1095 4274 1388 4338 verberari,
1423 4280 1598 4336 donec
1636 4285 1965 4353 conﬁtearis,
2011 4266 2232 4347 ubinam
2260 4294 2330 4348 sit
2363 4293 2650 4352 thesaurus
2681 4299 2804 4353 iste.

834 4361 970 4416 XVII
992 4404 1006 4419 .
1041 4365 1164 4420 Haec
1197 4371 1425 4432 audiens
1454 4373 1766 4440 Jamblicus,
1791 4390 1843 4434 et
1877 4385 2094 4449 timens,
2139 4387 2334 4446 faciem

762 4455 813 4507 in
845 4465 1040 4510 terrain
1073 4466 1387 4528 prostravit.
1420 4476 1474 4521 et
1514 4470 1598 4523 his
1630 4471 1810 4527 verbis
1842 4473 1957 4528 illos
1981 4479 2178 4534 atratus
2209 4493 2329 4539 est:

2520 4391 2619 4446 lZ'.
2663 4394 2852 4447 Ταῦτα
2895 4393 3135 4457 ἀκούσας
3199 4393 3513 4463 Ἰάμὸλιχος
3562 4393 3703 4446 πάνυ
3752 4394 4029 4464 ἐφοϐήθη,

2445 4484 2540 4537 καὶ
2565 4483 2758 4537 ἔπεσεν
2791 4487 2882 4538 ἐπὶ
2914 4488 3210 4552 πρόσωπον
3240 4483 3478 4537 ἐνώπιον
3501 4483 3690 4549 αὑτοῦ,
3725 4488 3821 4539 καὶ
3849 4483 4030 4540 εἶπεν·

759 4547 957 4602 Precor
1020 4566 1136 4614 vos,
1199 4564 1257 4607 ut
1287 4557 1416 4610 mihi
1480 4576 1587 4615 non
1619 4566 1912 4633 gravemini
1949 4569 2152 4635 dicere,
2189 4576 2333 4642 quod

759 4642 1055 4687 nuatsiern:
1088 4647 1265 4687 omnia
1300 4649 1444 4687 anim
1475 4651 1642 4687 Ιίιιιηιο
1669 4658 2134 4687 ιιη1.;ο-ηη..ι-,.--....
2163 4665 2304 4687 ιη---

2443 4575 2647 4643 Δέομαι
2697 4576 2870 4645 ὑμῶν,
2902 4547 3082 4644 κύριοί
3115 4592 3238 4643 μου,
3271 4574 3595 4644 ὁμολογήσω
3638 4547 3788 4646 ὑμῖν,
3833 4582 4032 4643 Δέκιος

753 4642 1056 4705 quaesiero:
1088 4647 1266 4698 omnia
1300 4649 1444 4702 enim
1475 4651 1642 4706 libere
1669 4658 2136 4717 vobis~confessus
2163 4665 2332 4722 fuero.

757 4730 952 4786 Decius
988 4734 1308 4803 imperator,
1346 4741 1436 4808 qui
1499 4754 1615 4797 erat
1663 4746 1717 4800 in
1768 4749 1868 4803 hac
1920 4754 2069 4819 urbe,
2108 4758 2331 4826 Vivitne,

756 4826 996 4876 annon?
1030 4824 1106 4878 Ad
1151 4827 1265 4881 haec
1298 4828 1612 4900 Stephanus
1664 4839 1985 4908 episcopus:
2048 4844 2164 4899 Non
2229 4824 2333 4913 est,

757 4914 950 4982 inquit,
985 4917 1079 4981 ﬁli,
1122 4923 1212 4985 qui
1236 4923 1397 4977 hodie
1429 4928 1481 4980 in
1515 4929 1616 4983 hac
1657 4936 1879 5000 regione
1934 4935 2128 4992 Decius
2161 4940 2337 5009 impe-

751 5013 905 5059 rator
939 5013 1270 5065 nominetur.
1301 5015 1453 5071 Tunc
1500 5017 1825 5080 Jamblicus:
1885 5029 2093 5095 Venite,
2132 5048 2334 5100 quasso,

755 5114 992 5163 mecum,
1023 5111 1076 5154 et
1133 5108 1418 5162 ostendam
1483 5113 1637 5169 vohis
1692 5117 1745 5170 in
1814 5121 2069 5188 spelunca
2141 5129 2336 5180 montis

755 5189 963 5245 Ochlon
996 5194 1174 5248 socios
1206 5213 1375 5261 meos,
1408 5215 1466 5257 ut
1490 5206 1558 5258 ah
1588 5207 1690 5261 illis
1728 5211 1949 5267 discatis
1977 5232 2162 5270 verum
2194 5233 2332 5283 esse,

757 5285 902 5349 quod
927 5287 1068 5341 dico.
1098 5289 1259 5345 Certe
1287 5295 1399 5348 scio
1430 5299 1496 5349 ah
1526 5301 1853 5370 imperatore
1890 5306 2050 5364 Decio
2083 5328 2180 5366 nos
2207 5314 2337 5379 illuc

756 5368 987 5441 fvgisse:
1014 5389 1173 5442 quem
1207 5380 1430 5435 Decium
1466 5394 1519 5436 et
1549 5368 1646 5456 ego
1671 5391 1787 5444 lteri
1813 5397 2022 5462 vesperi
2062 5399 2114 5450 in
2151 5401 2333 5455 urbem

754 5463 1033 5534 Ephesum
1067 5467 1458 5538 ingredientem
1488 5477 1617 5532 vidi.
1655 5481 1732 5537 Sit
1762 5496 1941 5541 autem
1991 5505 2164 5545 necne
2206 5494 2334 5551 urbs

757 5556 860 5612 ista
892 5561 1161 5630 Ephesus,
1194 5556 1397 5624 nescio.
1427 5571 1580 5629 Tunc
1597 5576 1883 5647 episcopus
1925 5583 2234 5653 Stephanus
2280 5587 2331 5641 in

759 5663 879 5703 eam
911 5655 1295 5724 cogitationem
1325 5662 1566 5728 veniens,
1597 5667 1740 5736 quod
1777 5668 1918 5722 Deus
1956 5690 2052 5740 per
2076 5675 2331 5744 juvenem

760 5745 910 5800 illum
938 5749 1134 5813 aliquid
1163 5754 1240 5805 eis
1301 5756 1548 5810 revelare
1616 5761 1814 5816 vellet:
1861 5761 2077 5831 Eamus,
2139 5770 2330 5837 inquit,

762 5850 817 5891 et
848 5839 1144 5896 videamus.
1181 5846 1481 5917 Statimque
1503 5852 1790 5924 episc0pus
1812 5866 1861 5911 et
1893 5861 2177 5925 proconsul
2209 5877 2329 5918 cum

2445 4669 2473 4720 6
2505 4666 2759 4734 βασιλεὺς
2783 4671 2809 4718 ὁ
2839 4667 2914 4719 ὣν
2942 4669 2999 4718 ὲν
3030 4670 3094 4736 τῇ
3130 4665 3281 4719 πόλει
3314 4669 3511 4741 ταύτῃ,
3547 4671 3761 4723 ἵσταται
3802 4673 3908 4732 ἕως
3930 4677 4031 4724 τοῦ

2445 4757 2562 4822 νῦν,
2590 4759 2620 4828 ἢ
2653 4757 2736 4823 ob;
2773 4757 3040 4822 ’Λκούσας
3059 4759 3113 4812 δὲ
3141 4759 3315 4814 ταῦτα
3347 4763 3619 4830 Στέφανος
3654 4765 3679 4813 6
3717 4764 4032 4828 ἀγιὼτατος

2444 4849 2764 4912 ἐπίσκοπος,
2797 4847 2948 4902 εἶπεν
2975 4851 3146 4918 αὐτῷ·
3182 4852 3407 4913 Τέκνον,
3443 4853 3543 4904 οὒκ
3579 4851 3730 4904 ἔστιν
3758 4856 3815 4906 ἐν
3854 4857 3919 4922 τῇ
3953 4860 4027 4925 τῇ

2447 4942 2686 5011 σήμερον
2709 4944 2998 5012 λεγόμενος
3023 4943 3274 5013 βασιλεὺς
3308 4946 3655 5007 Δέκιος-τότε
3691 4949 4030 5011 ἀποκριθεὶς

2458 5035 2766 5105 Ίάμδλιχος
2790 5034 2963 5097 εἶπεν,
2988 5035 3088 5090 Διὰ
3114 5038 3274 5092 τοῦτο
3298 5038 3488 5107 δέομαι
3515 5040 3689 5109 ὑμῶν,
3718 5040 3874 5092 δεῦτε
3904 5043 4029 5109 μετ’

2444 5129 2600 5198 ἐμοῦ,
2641 5131 2734 5181 καὶ
2787 5127 3020 5182 δεικνύω
3071 5130 3199 5199 ὑμῖν
3240 5131 3368 5195 τοὺς
3409 5132 3664 5201 ἑταίρους
3712 5151 3817 5201 μου
3851 5136 3910 5188 ὲν
3944 5135 4029 5202 τῷ

2445 5223 2699 5294 σπηλαίῳ
2735 5223 2811 5291 τῷ
2835 5225 2948 5276 ὄντι
2984 5227 3040 5278 ἑν
3066 5224 3143 5291 τῷ
3169 5224 3287 5295 ὄρει
3323 5227 3529 5296 μοχλῷ,
3571 5228 3666 5279 καὶ
3706 5230 4028 5294 μανθάνετε

2444 5317 2572 5386 παρ’
2592 5316 2772 5370 αὐτῶν
2791 5316 2865 5380 ὡς
2885 5318 3042 5384 κάγὼ
3075 5312 3213 5382 οἶδα,
3247 5320 3327 5372 ὃτι
3359 5318 3469 5370 ἀπὸ
3492 5320 3787 5390 προσώπου
3821 5325 4026 5376 Δεκίου

2440 5407 2534 5459 τοῦ
2571 5396 2835 5476 βασιλέως
2866 5407 3224 5479 πεφεύγαμεν
3268 5411 3451 5462 ἐκεῖσε
3478 5453 3492 5478 ,
3549 5413 3704 5475 κάγὼ
3743 5408 3889 5466 εἶδον
3921 5414 4028 5481 ὀιῖνὲ

2441 5497 2520 5557 εἰς
2568 5496 2667 5565 τὴν
2718 5497 2877 5551 πόλιν
2933 5497 3172 5564 Ἔφεσον
3220 5500 3315 5552 τὸν
3363 5502 3576 5557 Δέκιον.
3633 5503 3696 5555 Et
3733 5500 3831 5558 οὖν
3876 5503 4024 5572 αὕτη

2442 5593 2588 5643 ἐστὶν
2619 5594 2650 5661 ἡ
2691 5591 2848 5653 πόλις
2889 5591 3143 5659 Ἔφεσος,
3175 5592 3275 5644 οὐκ
3300 5589 3444 5649 οἴδα.
3472 5596 3608 5647 Τότε
3644 5598 3670 5649 6
3705 5594 4028 5662 ἀγιὼτατος

2444 5685 2718 5751 Στέφανος
2746 5686 2772 5736 6
2797 5684 3100 5746 ἐπίσκοπος
3129 5686 3443 5757 ἐνεθυμήθη
3472 5688 3528 5739 ὲν
3551 5691 3616 5759 τῇ
3650 5686 3886 5757 διανοίᾳ,
3925 5690 4026 5741 καὶ

2442 5771 2628 5828 εἶπεν·
2673 5776 3041 5846 Ἀποκάλυψίν
3071 5795 3191 5831 τινα
3212 5781 3389 5842 6856;
3429 5780 3681 5849 βούλεται
3725 5779 3863 5843 ἡμῖν
3912 5797 4029 5849 φα-

2442 5869 2672 5929 νερὼσαι
2711 5872 2950 5938 σήμερον
2984 5871 3073 5926 διὰ
3099 5872 3192 5925 τοῦ
3232 5873 3518 5926 νεανίσκου
3546 5870 3769 5924 τούτου·
3819 5876 3910 5926 καὶ
3957 5877 4026 5948 δὴ
