4226 6436
181 538 400 611 (ἐφοίτα
427 536 532 607 γὰρ

173 633 240 686 οὐ
275 635 396 701 σιγῇ
430 632 742 700 παρελθεῖν,
768 630 903 684 ἀλλὰ
923 631 990 682 δι’
1021 631 1246 700 ἐρεύνης
1264 631 1329 683 τά
1349 631 1553 685 ἐκείνου
1584 633 1752 683 ποιεῖ.

181 726 310 778 σθαι
369 725 882 794 προσκαλεσάμενος)
939 725 1032 777 καὶ
1091 725 1223 777 ὅπου
1261 723 1346 788 εἴη
1378 726 1468 776 καὶ
1505 723 1625 776 ὅθεν
1661 725 1755 776 καὶ

177 819 351 872 τᾶλλα
383 818 722 886 διερωτῶντα
767 817 826 871 00,
872 816 976 885 μὴν
1025 815 1158 866 ἀλλά
1204 815 1297 866 καὶ
1332 815 1408 884 τῷ
1444 815 1753 884 διδασκάλῳ

177 908 488 977 ἐπισκῆψαι
542 909 676 977 πρὸς
709 908 870 978 τάχος
905 907 1064 960 αὑτὸν
1109 907 1208 974 τὴν
1266 900 1518 976 ἰατρικὴν
1572 907 1752 958 πᾶσαν

177 1002 579 1070 ἐκμελετῆσαι·
605 1000 745 1075 ἥσθη
783 1000 887 1069 γὰρ
915 998 1006 1049 ἐπὶ
1037 997 1112 1063 τῷ
1147 997 1312 1050 αὑτοῦ
1346 998 1464 1066 mea
1496 999 1662 1066 ἀρετῇ
1697 1013 1751 1048 τε

177 1097 245 1163 τῇ
276 1094 413 1165 άλλῃ
447 1096 536 1146 καὶ
574 1092 790 1163 ἔκρινεν
813 1091 954 1158 ἔχειν
990 1092 1194 1142 ἐκεῖνον
1229 1091 1306 1151 είς
1337 1089 1401 1141 τά
1441 1089 1704 1160 βασίλεια.

255 1188 326 1239 l".
355 1188 486 1238 Κατ’
520 1189 692 1240 ἐκεῖνο
721 1185 777 1242 δέ
809 1182 1000 1253 καιροῦ
1041 1182 1351 1252 πρεσϐύτης
1392 1198 1474 1244 τις
1509 1180 1749 1249 τοῦνομα

190 1278 492 1349 Ἑρμόλαος
522 1280 574 1329 ἐν
608 1276 864 1343 δωματίῳ
892 1277 996 1327 τινί
1024 1276 1120 1327 σὺν
1141 1277 1234 1327 καὶ
1263 1274 1442 1335 ἄλλοις
1471 1271 1583 1341 ἃμα
1613 1273 1750 1340 Χρι-

179 1374 417 1431 στιανοῖς
450 1368 824 1437 κρυπτόμενος
851 1363 916 1439 ἦν
944 1366 1124 1435 (τοῦτο
1143 1367 1250 1436 γάρ
1267 1363 1399 1418 ότοῦ
1421 1364 1750 1433 κρατοῦντος

177 1462 344 1529 φόϐος
375 1459 697 1526 ἐποίει).’¹ος
725 1458 956 1516 ἀπιόντα
982 1459 1068 1509 τὸν
1099 1455 1465 1509 Παντολέοντα
1503 1455 1582 1516 είς
1615 1454 1753 1507 διδα-

177 1554 379 1603 σκάλου
413 1549 682 1619 θεώμενος
718 1559 810 1602 και
851 1550 926 1619 τῷ
960 1547 1192 1618 θύραθεν
1225 1548 1478 1618 ὀστράκῳ
1497 1547 1586 1601 τὸν
1619 1547 1752 1599 εῖσω

175 1642 654 1711 ἐγκαλυπτόμενον
725 1642 1071 1711 μαργαρίτην
1135 1640 1436 1706 κατανοῶν,
1501 1640 1646 1700 ὅπως
1693 1655 1752 1690 τε

177 1731 290 1808 εἶχε
345 1738 665 1805 κινήματος,
713 1736 862 1797 ὃπως
899 1733 1208 1804 βλέμματος
1237 1735 1330 1786 καὶ
1365 1733 1438 1794 ὡς
1477 1733 1525 1784 οἱ
1554 1731 1754 1798 ὀφθαλ-

179 1824 274 1894 μοὶ
310 1824 456 1893 αὺτῴ
489 1825 693 1893 ἥμερον
721 1824 908 1893 ἐώρων
942 1826 1034 1878 καὶ
1081 1825 1314 1894 γαληνόν
1341 1840 1354 1854 ’
1386 1821 1560 1876 ταῦτα
1605 1824 1751 1875 ἐκεῖ·

1333 424 1510 483 νιΤΑ
1551 423 1612 485 S.
1653 424 2321 488 PANTELEEMONIS.

569 537 646 599 εἰς
673 535 736 589 τὰ
771 535 1016 605 βασίλεια
1041 535 1116 607 τῷ
1140 535 1752 607 διδασκάλῳέπόμενος)
1786 546 1828 600 Α
1862 553 2093 608 sequens
2138 554 2238 607 ma;

1786 546 1828 600 Α
1862 553 2093 608 sequens
2138 537 2482 609 magistrum)
2539 551 2644 590 non
2686 533 2903 590 silentio
2939 532 3261 605 prmterierit
3298 552 3308 588 :
3347 537 3441 588 sed

3337 421 3442 484 450

1858 645 1982 684 eum
2016 645 2323 693 accersens,
2356 630 2422 684 de
2463 630 2579 699 ipso
2611 627 2936 698 inquisierit.
2969 627 3253 695 cujusnam
3295 635 3444 680 esset

1862 721 2024 784 filius,
2053 730 2106 775 et
2137 722 2304 786 unde,
2340 730 2394 776 et
2427 722 2528 775 alia
2591 719 2858 792 rogaverit
2894 737 2905 772 :
2935 720 3064 789 quin
3093 719 3256 772 etiam
3301 735 3442 787 prae-

1859 814 2062 882 ccptori
2120 813 2464 871 mandaverit
2506 813 2752 875 ut'eum,
2806 829 2966 882 quam
3015 812 3278 868 citissime
3323 811 3438 864 fieri

1860 915 2064 976 posset,
2127 909 2180 961 iu
2232 908 2380 962 omni
2441 917 2718 963 exerceret
2780 905 3231 973 medicinazejus
3292 902 3434 956 enim

1859 1000 2106 1055 moribus
2133 1009 2187 1052 et
2242 999 2372 1054 ﬂore
2422 999 2640 1056 Virtutis
2692 999 3089 1063 delectabatur,
3144 1006 3198 1050 et
3248 1001 3439 1051 statuit

1858 1089 2006 1146 illum
2041 1094 2239 1148 habere
2271 1097 2323 1147 in
2357 1096 2520 1164 regia.

1928 1182 2018 1238 Ill.
2056 1185 2148 1239 lllo
2195 1198 2375 1241 autem
2411 1196 2651 1256 tempore
2708 1187 2925 1256 quidam
2962 1202 3126 1240 senex
3185 1185 3440 1255 religione

1860 1274 2231 1344 Christianus,
2271 1280 2491 1333 nomine
2518 1280 2856 1342 Hermolaus,
2893 1287 3010 1333 erat
3061 1280 3358 1333 absconsus
3389 1280 3439 1331 in

1856 1369 2087 1438 quadam
2122 1370 2450 1426 domuncula
2485 1388 2607 1428 cum
2647 1373 2768 1426 aliis
2826 1372 3150 1427 Christianis
3186 1372 3260 1440 (id
3293 1373 3438 1426 enim

1868 1463 2098 1518 faciebat
2158 1475 2336 1521 metus
2412 1467 2800 1537 imperatoris).
2873 1466 2975 1532 Qui
3049 1481 3173 1520 cum
3231 1466 3440 1520 videret

1861 1556 2246 1613 Pantoleonem
2260 1569 2477 1613 euntem
2496 1562 2558 1614 ad
2576 1567 3047 1630 praeceptorem,et
3061 1567 3282 1611 externa
3303 1567 3439 1611 testa

1859 1650 2313 1706 animadverteret
2333 1652 2495 1706 celari
2519 1653 2889 1721 margaritam,
2912 1649 3266 1705 considerans
3293 1650 3442 1716 quis-

1859 1757 1983 1796 nam
2019 1753 2164 1797 esset
2191 1744 2310 1813 ejus
2343 1745 2606 1807 incessus,
2639 1743 2758 1812 quis
2787 1753 2986 1800 motus.
3016 1742 3138 1810 quis
3161 1751 3440 1810 aspectus,

1861 1847 2062 1904 quanta
2081 1845 2225 1890 esset
2241 1837 2360 1904 ejus
2383 1837 2662 1891 oculorum
2681 1835 2945 1890 serenitas
2963 1842 3014 1888 et
3039 1835 3398 1902 tranquillitas
3425 1850 3441 1900 ;

177 1931 270 1976 νος
325 1916 467 1983 ὁρῶν
513 1916 607 1966 καὶ
670 1915 859 1984 ῶσπερ
909 1915 1032 1966 τινὰ
1083 1916 1280 1982 εὐγενῆ
1342 1915 1528 1977 ἵππον,
1559 1907 1670 1964 οἷον
1704 1913 1752 1964 οἱ
1784 1939 1831 1999 Β

1784 1939 1831 1999 Β
1867 1923 2003 1987 haec,
2037 1923 2282 1992 inquam,
2318 1938 2440 1978 cum
2475 1923 2562 1976 ille
2609 1923 2841 1986 videret,
2900 1934 2974 1982 et,
3023 1922 3162 1974 sicut
3215 1937 3443 1991 genero-

175 2006 306 2076 περὶ
337 2006 508 2057 ταῦτα
547 2006 731 2068 δεινοὶ,
759 2009 851 2056 καί
885 2005 962 2056 ἔτι
1001 2005 1177 2056 πῶλον
1220 2005 1348 2056 ὄντα
1376 2004 1570 2071 κρίνας
1629 2004 1750 2075 ἄρι-

178 2114 306 2149 στον
344 2097 581 2162 ἔσεσθαι,
603 2097 760 2164 γνούς
781 2115 842 2149 τε
875 2097 962 2150 διά
995 2096 1084 2149 τοῦ
1120 2097 1276 2164 ᾁγίου
1315 2095 1650 2165 Πνεῦματος,
1671 2096 1754 2147 ὃτι

182 2190 376 2252 σκεῦος
404 2190 634 2260 ἐκλογῆς
659 2190 957 2259 ὀφθήσεται
990 2189 1133 2242 κατά
1159 2188 1390 2253 Παῦλον,
1428 2190 1571 2257 μέγα
1603 2191 1755 2240 ἐποιο

178 2283 308 2337 οῦτο
337 2285 430 2336 καὶ
465 2283 660 2336 πολλοῦ
716 2283 872 2336 τοῦτο
932 2283 1084 2350 ἠξίου
1116 2281 1176 2334 τδ
1233 2281 1490 2352 τοιαύτην
1547 2283 1753 2339 ἐκεῖνον

181 2379 667 2448 ἀγρεῦσαιψυχήν.
703 2378 840 2430 [Ιοτέ
893 2377 1022 2446 γοῦν
1077 2376 1346 2446 παριόντα
1381 2373 1757 2443 προσκαλεσά-

186 2487 370 2538 μενος,
392 2469 652 2521 εἰσελθεῖν
686 2468 831 2520 ἔνδον
864 2469 1014 2535 ἠξίου
1055 2471 1111 2519 ἐν
1146 2462 1188 2534 ᾧ
1221 2468 1422 2530 ἐκεῖνος
1453 2465 1756 2535 ἐκρύπτετο

181 2564 440 2634 δωματίῳ
467 2564 563 2622 καὶ
593 2562 647 2623 ὃς
689 2561 861 2631 εἰσῄει
893 2561 987 2613 καὶ
1021 2560 1249 2629 πλησίον
1290 2561 1450 2611 αὺτὲν
1500 2574 1756 2626 παρακα-

184 2657 496 2724 θισάμενος,
531 2656 717 2723 ἠρώτα
750 2655 900 2722 γένος
952 2671 1008 2704 τε
1059 2655 1152 2704 καὶ
1193 2653 1432 2720 πατέρας
1457 2652 1547 2702 καὶ
1574 2652 1756 2706 ὁποῖον

181 2749 484 2811 ἀσπάζοιτο
512 2745 673 2808 σέϐας
706 2747 800 2798 καὶ
840 2745 962 2814 ἑξῆς
992 2745 1215 2797 ἕκαστα.
1238 2744 1346 2796 Καὶ
1385 2745 1411 2795 0
1437 2742 1755 2798 Παντολέων

181 2841 348 2903 εὐθὺς
403 2840 618 2894 ᾶπαντα
672 2839 806 2908 πρὸς
845 2838 1101 2908 ἀλήθειαν
1149 2837 1479 2904 καταλέγει,
1505 2835 1598 2887 καὶ
1621 2835 1693 2896 ὡς
1724 2835 1758 2904 ἡ

186 2933 286 3002 μέν
320 2933 501 3003 μήτηρ
537 2931 800 2984 ἀποθάνοι
834 2930 935 3005 ήδη
966 2930 1034 2981 τά
1085 2928 1428 3000 Χριστιανῶν
1468 2928 1757 3001 σεϐομένη,

182 3026 212 3076 0
238 3025 423 3092 πατὴρ
450 3025 503 3075 δε
535 3022 641 3086 ζῶν
668 3022 895 3090 τέθνηκε
925 3021 1022 3090 τὴν
1053 3021 1326 3089 Ἑλλήνων
1373 3019 1575 3088 μετιὼν
1627 3019 1760 3090 θρη-

185 3118 397 3170 σκείαν.
429 3112 561 3167 Εἶτα
591 3115 618 3166 0
665 3115 978 3184 πρεσϐύτης
1037 3114 1295 3185 προσθείς
1319 3131 1332 3144 ο
1360 3113 1529 3175 A010;
1556 3112 1637 3175 δὲ,
1663 3113 1761 3165 παῖ

185 3211 342 3272 καλὲ,
370 3208 494 3282 εφη,
535 3211 683 3270 τίνος
737 3208 937 3279 μέρους
990 3201 1130 3260 εἶναι
1161 3206 1342 3276 βούλει
1395 3204 1487 3258 καὶ
1524 3206 1756 3273 ποτέρου

1858 2029 1977 2070 sum
2015 2017 2302 2085 quemdam
2351 2031 2548 2083 equum
2585 2014 2642 2077 ii,
2677 2012 2766 2082 qui
2807 2025 2993 2065 tenent
3033 2011 3223 2064 harmn
3260 2030 3440 2067 rerum

1857 2105 2169 2167 scientiam,
2226 2103 2440 2159 etiamsi
2483 2105 2552 2160 sit
2587 2102 2763 2156 adhuc
2801 2103 2998 2170 pullus,
3050 2101 3294 2169 judicant
3328 2102 3440 2156 fure

1857 2193 2118 2262 Optimum
2159 2202 2300 2246 :aut
2343 2207 2406 2245 ex
2473 2203 2657 2246 tenera
2721 2193 2898 2245 adhuc
2950 2194 3131 2260 planta
3190 2194 3440 2247 arborem

1855 2295 2033 2354 aptam
2089 2283 2156 2336 ad
2189 2283 2424 2338 fructum
2460 2301 2471 2336 :
2510 2285 2854 2352 cognovisset
2900 2301 2994 2352 per
3024 2286 3272 2354 spiritum
3307 2285 3441 2343 fore,

1860 2391 1916 2432 ut
1989 2375 2144 2432 Pauli
2227 2377 2497 2432 sententia
2582 2387 2904 2430 cerneretur
2968 2393 3062 2430 vas
3132 2377 3439 2439 electionis,

1859 2473 2037 2543 magni
2093 2472 2333 2526 ducebat
2389 2479 2448 2524 et
2496 2471 2714 2540 plurimi
2750 2472 2852 2525 hoc
2895 2469 3145 2534 faciebat,
3187 2471 3231 2525 si
3283 2471 3441 2524 talem

1859 2565 2002 2618 illam
2028 2575 2253 2620 venatus
2283 2573 2430 2618 esset
2481 2565 2735 2619 animam.
2767 2565 2900 2618 Cum
2935 2580 3058 2618 eum
3097 2567 3278 2633 itaque
3307 2582 3446 2632 pran-

1861 2663 2161 2708 lereunletn
2198 2655 2491 2722 aliquando
2513 2656 2877 2720 accersiisset,
2915 2659 3145 2727 rogavit,
3175 2668 3233 2710 ut
3263 2658 3443 2727 ingre-

1859 2743 2078 2796 deretur
2113 2744 2167 2796 in
2207 2744 2350 2796 illam
2416 2744 2469 2796 in
2500 2759 2603 2812 qua
2634 2744 2856 2808 latebat,
2894 2745 3304 2800 domunculam.
3352 2746 3444 2800 llle

1858 2846 2036 2890 autem
2098 2836 2373 2907 ingressus
2407 2845 2508 2890 est.
2568 2835 2740 2900 Quem
2803 2851 2926 2890 cum
2995 2852 3164 2906 prOpe
3226 2841 3445 2893 fecisset

1860 2931 2069 2994 sedere,
2101 2929 2310 3000 rogarit
2350 2929 2416 2982 de
2450 2943 2669 2999 genere,
2702 2937 2756 2982 et
2791 2928 3132 2998 parentibus,
3165 2939 3219 2982 et
3250 2930 3441 2999 cujus-

1860 3038 1983 3076 nam
2015 3032 2161 3076 esset
2199 3022 2493 3092 religionis,
2514 3031 2566 3075 et
2598 3021 2855 3091 deinceps
2897 3023 3127 3092 singula.
3150 3023 3442 3077 Pantoleon

1861 3129 1990 3170 vero
2025 3114 2207 3168 statim
2234 3113 2414 3166 omnia
2459 3114 2642 3174 refert,
2679 3120 2736 3165 ut
2790 3112 2864 3164 rei
2922 3113 3157 3166 habebat
3193 3115 3391 3168 veritas
3425 3132 3438 3166 :

1861 3219 1909 3262 et
1943 3207 2085 3279 quod
2118 3217 2287 3261 mater
2319 3205 2536 3276 quidem
2564 3206 2675 3276 jam
2711 3214 2858 3259 esset
2897 3213 3132 3272 mortua,
3168 3222 3288 3275 qua:
3327 3217 3444 3260 erat

184 3301 531 3372 σεϐάσματος
552 3319 565 3370 ;
594 3302 702 3355 Καὶ
719 3304 745 3354 0
766 3299 1077 3353 ῙΙαντολέων
1097 3313 1110 3326 ·
1149 3297 1210 3350 'H
1233 3298 1332 3368 μὲν
1357 3297 1562 3366 μήτηρ,
1587 3290 1758 3359 εἶπεν,
1787 3293 1828 3350 C

1787 3293 1828 3350 C
1867 3302 2122 3371 religione
2174 3301 2480 3355 Christiana
2511 3318 2523 3365 ;
2562 3308 2714 3370 pater
2747 3311 2926 3353 autem
2965 3300 3150 3353 vivens
3186 3300 3257 3353 sit
3295 3315 3440 3352 mor-

185 3399 269 3452 ἔτι
329 3396 593 3468 περιοῦσα
657 3397 769 3455 τοῖς
795 3397 978 3458 αὐτοῖς
1029 3410 1096 3463 με
1153 3390 1444 3452 συνθέσθαι
1500 3389 1756 3459 παρῄνει,

183 3492 322 3561 ὅπερ
355 3492 417 3561 δὴ
454 3490 549 3543 καλ.
575 3489 737 3552 αὐτὸς
763 3488 1078 3557 ἠϐουλόμην
1099 3504 1113 3519 ο
1141 3490 1166 3537 0
1189 3486 1244 3538 δὲ
1297 3484 1484 3554 πατὴρ
1520 3483 1616 3544 ᾆτε
1666 3482 1759 3535 καὶ⁵

188 3585 410 3657 μείζονα
443 3583 541 3650 τὴν
578 3585 729 3651 ἰσχὺν
764 3583 924 3649 ἔχων,
949 3584 1013 3650 τῇ
1053 3579 1216 3631 αὑτοῦ
1267 3579 1558 3646 προσέχειν
1590 3579 1762 3648 ἀναγ-

184 3679 347 3740 κάζει
383 3676 674 3744 θρησκεία,
731 3672 853 3724 ἐπεὶ
899 3673 990 3723 καὶ
1023 3669 1275 3739 βούλεται
1310 3671 1420 3730 τοῖς
1455 3668 1548 3719 τοῦ
1584 3667 1759 3719 παλαι

186 3770 308 3824 τίου
365 3770 513 3839 ἡμᾶς
576 3763 936 3832 ἐντάξαι.Τίς
959 3764 1015 3817 δὲ
1048 3764 1112 3834 ἦν
1162 3762 1403 3832 μετέρχῃ
1456 3760 1760 3813 παιδείανὸ

187 3863 507 3936 πρεσϐύτης
544 3863 741 3934 φησίνς
788 3858 1141 3921 Ἀσκληπιοῦ,
1173 3857 1301 3928 ἔφη,
1327 3860 1420 3910 καὶ
1466 3854 1763 3922 Ἱπποκρά-

184 3975 312 4019 τους
353 3957 518 4025 τέχνη
569 3956 662 4006 καὶ
718 3951 981 4019 Γα>.ηνοῦ.
1006 3950 1174 4003 Τοῦτο
1208 3953 1315 4021 γὰρ
1368 3947 1567 4018 καὶτῷ
1594 3946 1761 4018 πατρί

187 4065 294 4119 μου
318 4046 507 4101 δοκοῦν
536 4063 548 4076 '
584 4043 717 4097 ἀλλά
742 4048 833 4096 καὶ
861 4043 1062 4103 αὑτὸςό
1088 4041 1406 4102 διδάσκαλός
1437 4057 1501 4109 με
1523 4040 1761 4112 βεϐαιῶν

184 4137 568 4209 πάρεστιν,ὼς
598 4137 645 4188 εἰ
686 4135 894 4205 ταύτην
946 4134 1174 4202 μάθοιμι
1228 4132 1495 4202 ἀκριϐῶς,
1537 4131 1760 4195 δυνατὸς

185 4232 332 4287 εἶναι
379 4231 556 4284 πᾶσαν
601 4226 947 4300 ἀνθρὼπίνην
995 4225 1176 4279 ἰᾶσθαι
1224 4227 1377 4278 νόσον
1428 4223 1521 4277 καὶ
1556 4223 1760 4286 παντὸς

183 4326 393 4389 πάθους
461 4323 817 4394 ἰσχυροτέραν
865 4317 1267 4393 προϐάλλεσθαι
1319 4319 1562 4394 ταύτηνο
1611 4318 1704 4370 καὶ
1733 4319 1760 4370 0

196 4418 524 4488 Ἑρμόλαος,
569 4415 821 4484 ἀςορμάς
853 4415 953 4484 ήδη
1002 4415 1096 4466 καὶ
1131 4413 1422 4482 σπέρματα
1468 4410 1618 4480 παρὰ
1650 4409 1761 4470 τῶν

187 4511 401 4562 ἐκείνου
424 4508 596 4576 λόγων
617 4504 817 4566 λαϐὼν,
835 4505 1087 4575 καθάπερ
1111 4505 1336 4578 ἀγγείου
1364 4502 1542 4571 τυχὼν
1569 4501 1758 4566 καλοῦ,

1864 3401 2008 3457 tuus,
2051 3392 2332 3462 gentilium
2389 3405 2622 3460 sequens
2695 3391 3164 3458 superstitionem.
3241 3389 3444 3444 Deinde

1862 3500 1986 3541 cum
2023 3484 2313 3554 adjecisset
2345 3497 2507 3538 senex
2537 3500 2551 3538 :
2585 3480 2666 3535 Tu
2697 3491 2900 3542 autem,
2940 3481 3080 3535 bone
3122 3480 3214 3542 ﬁli,
3257 3482 3446 3549 cujus-

1860 3593 1986 3632 nam
2019 3577 2099 3632 vis
2129 3592 2248 3632 esse
2279 3575 2468 3645 partis,
2503 3584 2557 3630 et
2599 3573 2770 3627 utrius
2800 3571 3108 3642 religionis?
3139 3569 3442 3624 Pantoleon

1860 3667 2233 3728 verozblater
2294 3668 2534 3738 quidem,
2603 3665 2796 3734 inquit,
2855 3679 2978 3716 cum
3045 3673 3194 3716 esset
3266 3663 3448 3718 adhuc

1861 3769 2157 3831 superstes,
2230 3761 2420 3826 suasit,
2491 3768 2550 3813 ut
2625 3756 2922 3811 assentircr
2990 3755 3107 3824 ejus
3178 3757 3444 3825 religioni,

1860 3854 2004 3924 quod
2041 3852 2259 3922 quidem
2317 3851 2446 3904 mihi
2485 3850 2728 3919 placebat
2763 3867 2774 3912 ;
2807 3859 2959 3916 pater
2988 3858 3191 3907 autem,
3239 3857 3298 3899 ut
3353 3846 3445 3916 qui

1861 3947 1932 4003 sit
1961 3946 2178 4011 fortior,
2226 3945 2370 4016 cogit
2394 3960 2478 3999 me
2518 3941 2764 4013 religioni
2815 3955 2926 3996 sua:
2983 3941 3112 3992 dare
3172 3954 3390 4007 Operam
3429 3957 3443 4000 ;

1865 4043 1976 4096 vult
2025 4041 2169 4095 enim
2201 4054 2286 4093 me
2343 4037 2547 4091 referre
2601 4036 2656 4089 in
2713 4047 2996 4087 numerum
3059 4030 3443 4100 palatinorum.

1862 4131 2120 4199 Quaenam
2152 4145 2281 4185 vero
2336 4136 2546 4192 estea,
2599 4123 2683 4180 cui
2734 4123 2945 4186 studes,
3017 4122 3339 4189 disciplina?
3373 4123 3448 4175 ait

1862 4243 2026 4283 senex
2091 4243 2103 4278 :
2167 4221 2485 4290 A‘Jseulapii,
2556 4217 2752 4288 inquit,
2825 4225 2880 4270 et
2951 4214 3317 4284 Hippocratis,
3389 4229 3446 4278 ct

1863 4317 2072 4374 Galeni.
2137 4315 2271 4368 Nam
2315 4315 2416 4366 hoc
2479 4324 2696 4381 quoque
2735 4307 2909 4362 visum
2977 4316 3062 4360 est
3108 4305 3246 4373 patri
3302 4322 3444 4358 meo.

1862 4412 2004 4479 Quin
2035 4409 2196 4464 etiam
2231 4408 2345 4477 ipse
2373 4404 2529 4458 nobis
2586 4399 2871 4457 aﬂirmavit
2905 4394 3181 4469 magister,
3211 4397 3352 4466 quod
3398 4397 3443 4450 si

1862 4519 1981 4559 eam
2049 4509 2299 4555 accurate
2359 4495 2622 4557 didicero,
2696 4501 2888 4562 potero
2945 4504 3140 4544 curare
3224 4504 3439 4543 onmem

185 4604 249 4655 τὸ
278 4604 422 4654 θεῖον
472 4602 573 4671 τῆς
627 4599 863 4662 πίστεως
895 4597 1066 4669 μύρον
1117 4597 1377 4667 ἐμϐαλεῖν
1431 4595 1604 4665 ἠξίου.
1652 4597 1760 4649 Καὶ
1794 4634 1842 4693 D

1794 4634 1842 4693 υ
1866 4596 2113 4652 morbum
2146 4594 2442 4646 humanum
2474 4597 2525 4643 et
2563 4603 2706 4652 eam,
2761 4597 2820 4640 ut
2852 4584 3150 4646 fortiorem,
3205 4584 3440 4651 objicere

185 4693 444 4764 πείσθητί
481 4711 571 4762 μοι
599 4737 614 4757 ,
645 4693 1041 4762 ἔφη,κάλλιστε
1100 4689 1419 4756 νεανίσκων,
1463 4690 1557 4744 καί
1593 4690 1762 4762 γνῶθι

185 4774 272 4843 ὅτι
303 4789 371 4842 τά
415 4784 744 4856 Ἀσκληπιοῦ
770 4785 942 4838 ταῦτα
971 4784 1065 4839 καὶ¹
1103 4782 1500 4853 Ἱπποκράτους
1535 4783 1628 4835 καὶ
1662 4781 1763 4835 Γα-

187 4881 354 4951 ληνοῦ
395 4879 568 4952 μικρά
596 4878 688 4932 καὶ
722 4876 866 4948 πρὸς
916 4879 1110 4949 μικρὸν
1155 4878 1268 4938 τοῖς
1300 4877 1606 4947 χριομένοις
1639 4874 1764 4946 βοη-

189 4975 306 5028 θεῖν
335 4976 558 5027 δύναται
585 4990 597 5003 ·
634 4971 770 5026 ἀλλά
802 4973 895 5024 καὶ
930 4971 1042 5023 θεοὶ
1073 4969 1225 5023 αὑτοὶ
1253 4968 1347 5030 οὓς
1381 4968 1599 5022 σέϐεται
1639 4969 1761 5020 Μα-

193 5069 445 5136 ξιμιανὸς
476 5065 632 5134 μῦθοι
663 5066 809 5118 κενοὶ
845 5067 1187 5134 κουψοτέρων
1231 5062 1408 5114 ἀκοῶν
1449 5061 1763 5129 κλέμματα,

192 5161 430 5229 ὠφελεῖν
463 5160 519 5212 δὲ
550 5157 700 5210 οὐδὲν
735 5159 794 5209 10
829 5156 1091 5226 παράπαν
1118 5157 1431 5226 δυνάμενοι,
1476 5153 1590 5204 ἀλλ’
1612 5155 1637 5206 0
1668 5153 1765 5220 μό-

192 5269 282 5315 νος
310 5252 516 5320 ἀληθὴς
540 5247 671 5312 Θεὸς
699 5249 726 5301 0
759 5248 1011 5318 Χριστὸς,
1046 5250 1122 5309 είς
1151 5247 1208 5310 ὃν
1249 5247 1547 5308 πιστεύσας
1600 5245 1763 5307 αὑτοῦ

195 5345 361 5417 μόνου
392 5345 454 5410 τῇ
487 5343 766 5412 ἐπικλήσει
800 5341 942 5393 ἅπαν
975 5341 1186 5409 νόσημα
1219 5339 1538 5406 φυγαδεύων
1567 5337 1685 5408 ἔσῃ,
1709 5337 1767 5398 ὃς

193 5436 419 5506 τυφλοῖς
455 5433 554 5500 μὲν
585 5435 718 5502 φῶς,
751 5435 961 5503 νεκροῖς
1009 5434 1066 5486 δέ
1101 5433 1418 5493 ἀνάστασιν,
1462 5432 1683 5504 λεπροῖς
1709 5430 1765 5482 δὲ

196 5530 468 5597 κάθαρσιν
501 5526 832 5598 ἐδωρήσατο,
859 5527 951 5579 καὶ
1003 5525 1062 5587 ὃς
1095 5529 1217 5590 τοὺς
1271 5523 1374 5576 ὑπὸ
1416 5522 1764 5596 Μαξιμιανοῦ

199 5619 710 5695 προσκυνουμένους
742 5621 999 5688 δαίμονας
1029 5618 1172 5687 λόγῳ
1215 5619 1364 5688 μόνῳ
1407 5617 1500 5670 καὶ
1541 5616 1769 5684 ἐπιτάγ-

202 5735 335 5786 ματι
354 5714 610 5782 ἐξήλαυνε
629 5712 736 5763 τῶν
751 5713 1072 5784 ἀνθρώπων,
1095 5706 1154 5764 οὗ
1197 5714 1289 5764 καὶ
1315 5712 1407 5762 τοῦ
1432 5711 1766 5783 κρασπέδου

199 5811 339 5876 γυνὴ
370 5808 621 5876 ἁψαμένη
647 5803 738 5856 τοῦ
767 5804 984 5873 ἱματίου
1018 5807 1105 5874 ὀχε
1119 5805 1234 5865 τοὺς
1256 5803 1486 5873 αἵματος
1510 5805 1595 5870 ἐφ’
1625 5805 1766 5864 ὅλοις

196 5899 408 5953 δώδεκα
441 5902 653 5971 χρόνοις
681 5899 899 5970 ῥέοντας
934 5900 1091 5963 εὐθὺς
1122 5900 1338 5971 ἔστησε.
1377 5899 1483 5950 Καὶ
1515 5899 1564 5950 τί
1597 5898 1675 5953 δεῖ
1700 5895 1764 5949 τὰ

1867 4691 2039 4748 cuivis
2069 4686 2358 4742 aﬂectiorri.
2417 4683 2733 4736 Hermolaus
2762 4689 2942 4732 autem
2977 4693 3043 4730 ex
3090 4679 3232 4729 illius
3265 4677 3443 4729 verbis

1865 4786 2150 4841 occasione
2199 4790 2418 4849 accepta
2448 4785 2502 4833 et
2557 4773 2787 4841 semine,
2824 4781 3078 4841 tanquam
3137 4769 3440 4840 pulcherri-

1866 4895 2014 4934 mum
2075 4887 2266 4934 nactus
2317 4855 2736 4941 receptaculum,
2791 4865 2956 4934 capit
3009 4864 3252 4919 divinum
3319 4861 3440 4918 ﬁdei

1865 4974 2125 5029 ﬂuentum
2185 4971 2236 5022 in
2294 4967 2344 5019 id
2398 4963 2673 5018 effundere
2708 4958 2921 5014 :Creile
2955 4956 3110 5022 mihi,
3173 4957 3381 5017 dicens,
3415 4973 3446 5009 ο

1865 5064 2068 5133 Optime
2122 5059 2459 5120 adolescens,
2493 5067 2618 5110 vera
2670 5050 2894 5112 dicenti,
2953 5048 3074 5100 Haec
3128 5045 3442 5114 Aiscnlapii,

1866 5152 2207 5225 Hippocratis
2265 5157 2319 5202 et
2344 5145 2527 5201 Galcni
2548 5157 2710 5213 parva
2732 5148 2955 5203 sunt,et
2975 5152 3165 5208 parum
3218 5147 3447 5204 possunt

1869 5248 2125 5319 prodesse
2186 5241 2251 5297 iis
2278 5240 2369 5310 qui
2401 5238 2481 5292 eis
2511 5243 2756 5290 utuntur.
2814 5231 2953 5298 Quin
2983 5232 3144 5284 etiam
3193 5229 3265 5281 dii
3325 5227 3444 5296 ipsi,

1868 5355 2000 5410 quos
2027 5337 2156 5392 colit
2186 5331 2563 5392 Maximianus,
2589 5336 2717 5381 sunt
2745 5339 2880 5378 vana
2911 5322 3131 5376 omnino
3155 5319 3354 5378 fabula,
3395 5330 3450 5372 et

1870 5407 2130 5481 leviorum
2151 5419 2410 5476 mentium
2434 5415 2703 5485 deccptio.
2738 5412 2889 5468 Unus
2909 5421 3089 5464 autem
3126 5407 3272 5460 solus
3291 5421 3450 5460 verus

1871 5518 2010 5573 Deus
2039 5526 2120 5572 est
2147 5514 2394 5569 Christus
2429 5529 2440 5564 :
2473 5511 2526 5564 in
2552 5523 2712 5578 quem
2752 5505 2798 5559 si
2837 5499 3154 5560 credideris.
3189 5499 3306 5564 ejus
3339 5497 3450 5552 sola

1871 5610 2211 5666 invocatione
2256 5619 2448 5658 omnes
2492 5603 2710 5657 morbos
2755 5597 2929 5652 solves
2966 5602 3019 5648 et
3073 5591 3281 5662 fugabis
3316 5609 3327 5642 :
3361 5590 3451 5658 qui

1871 5707 2026 5762 caecis
2056 5702 2271 5772 quidem
2302 5701 2500 5760 lucem,
2535 5695 2764 5750 mortuis
2813 5701 2995 5746 autem
3044 5690 3236 5750 vitam,
3272 5686 3455 5752 lepro-

1873 5804 1951 5855 sis
1998 5800 2143 5853 dedit
2198 5795 2615 5866 purgationem:
2650 5791 2741 5858 qui
2789 5801 2885 5840 eos
2918 5785 3008 5855 qui
3046 5800 3073 5835 a
3131 5779 3453 5833 Maximiano

1874 5894 2191 5959 adorantur,
2227 5890 2519 5952 daemones,
2553 5883 2666 5939 solo
2706 5881 2870 5938 verbo
2927 5888 2980 5933 et
3034 5877 3188 5946 jussu
3244 5870 3453 5942 expulit
