4226 6436
200 427 316 492 453

1338 426 1517 488 νΙΤΑ
1555 427 1617 487 S.
1663 422 2328 486 PANTELEEMONIS.

3361 432 3468 495 454

197 540 344 610 νόσῳ
375 537 564 610 βαρείᾳ
603 537 1040 609 κατειλημμένον
1069 537 1471 609 περιοδεύοντες
1501 534 1642 610 ἦμεν
1668 536 1778 606 ἐγώ

1880 538 2032 608 gravi
2091 539 2285 593 morbo
2322 537 2679 602 laborantem,
2735 537 2968 608 profecti
3016 555 3234 598 eramus
3289 559 3389 615 ego
3421 557 3474 603 et

199 649 263 685 τε
299 634 391 686 καὶ
420 634 447 685 6
480 631 828 696 διδάσκαλος*
859 634 952 684 καὶ
987 631 1109 686 ἐπεὶ
1139 631 1216 701 τῷ
1249 632 1470 702 βασιλεῖ
1494 625 1651 696 οὗτος
1685 650 1777 686 κε-

199 725 536 796 χαρισμένος
559 720 626 794 ἦν
663 727 756 778 καὶ
795 724 1074 795 φροντίδος
1107 725 1191 777 ὅτι
1228 725 1428 794 πολλῆς
1471 725 1643 790 ἄξιος,
1678 726 1780 780 οὐκ

195 812 268 886 ἦν
302 815 509 869 ἐκεῖθεν
545 816 678 884 ἡμῖν
712 816 770 868 τὸ
801 815 1099 883 ἀποστῆναι
1136 814 1340 886 ῥᾴδιον,
1378 816 1516 870 ἀλλά
1543 816 1780 870 διετελέ-

198 923 376 975 σαμεν
415 906 618 967 ταύτας
658 905 721 974 δὴ
759 906 856 967 τὰς
902 906 1045 957 ἑπτὰ
1083 906 1356 974 παρόντες
1405 907 1639 976 ἡμέρας.
1673 907 1778 970 ἕως

196 998 452 1068 καθαρᾶς
483 1000 689 1060 ἐκεῖνος
734 997 1007 1050 ἀπέλαυσε
1062 997 1294 1064 ὑγιείας.
1320 997 1504 1051 Ταῦτα
1555 997 1779 1066 εἴρηκεν

194 1091 260 1143 οὗ
299 1091 622 1159 φιλοψευδὴς
671 1087 766 1153 ὢν,
814 1089 930 1141 ἀλλ’
975 1089 1280 1158 οἰκονομῶν
1319 1091 1378 1140 ἐν
1423 1089 1602 1158 κρίσει
1652 1091 1779 1153 τοὺς

195 1181 392 1248 λόγους
421 1197 434 1211 ο
478 1181 731 1250 ἔστιγὰρ
772 1181 859 1233 ὅτε
902 1182 993 1234 καὶ
1031 1180 1091 1233 τὸ
1121 1180 1315 1249 ψεῦδος
1366 1182 1734 1251 προτιμητέον
1761 1196 1778 1214 ο

198 1273 259 1324 οὐ
297 1271 442 1325 κατὰ
474 1289 526 1324 τι
552 1272 780 1338 φαῦλον,
808 1275 902 1324 καὶ
934 1271 1292 1341 ἀνελεύθερον
1321 1273 1778 1342 σπουδαζόμενον,

199 1364 339 1417 ἁλλά
363 1365 485 1417 κατ’
514 1364 832 1434 οἰκονομίαν
863 1364 1158 1433 ἐπαινετὴν
1212 1365 1706 1435 προσκρινόμενον.

273 1456 366 1523 (Γ.
389 1457 576 1528 Ταύτῃ
601 1475 683 1508 τοι
717 1456 808 1508 καὶ
837 1456 936 1526 τὴν
975 1455 1241 1510 ἐπιοῦσαν
1291 1458 1430 1528 πρὸς
1481 1460 1574 1512 τὸν
1629 1459 1780 1513 διδά-

205 1550 409 1601 σκαλον
441 1549 781 1615 Εὐφρόσυνον
816 1548 1074 1615 γεγονὼς,
1102 1552 1223 1605 ἐπεὶ
1248 1553 1495 1614 κάκεῖνος
1524 1553 1593 1604 τά
1619 1553 1779 1622 ὅμοια

199 1642 382 1709 ἤρετο,
403 1639 791 1709 παραπλησίαν
815 1639 1013 1693 δέδωκε
1033 1643 1126 1694 καὶ
1157 1643 1307 1712 αὐτῷ
1332 1645 1430 1711 τὴν
1455 1643 1776 1710 ἀπολογίαν.

208 1729 267 1781 Ὀ
319 1730 520 1798 πατὴρ,
553 1730 750 1798 λέγων,
784 1733 954 1799 ἁγρον
998 1733 1249 1801 ὠνήσατο
1305 1734 1400 1785 καὶ
1435 1734 1626 1786 τοῦτον
1676 1733 1777 1804 ἐμὲ

197 1822 536 1890 παραλαϐεῖν
593 1825 1004 1891 προσετρέψατρ
1027 1841 1040 1854 ·
1071 1819 1240 1895 οὗπερ
1282 1826 1381 1877 οὐκ
1410 1821 1476 1895 ἦν
1529 1842 1618 1894 μοι
1646 1827 1780 1878 ἀπο-

199 1911 393 1980 στῆναι
424 1913 607 1981 σχολὴ,
631 1911 735 1976 ’ἐως
768 1917 942 1965 πάντα
983 1914 1052 1965 τὰ
1094 1916 1258 1967 αὑτοῦ
1294 1916 1568 1984 ἐπόψομαι
1609 1935 1778 1987 προσ-

197 2004 431 2070 εχόντως
459 2044 473 2064 ,
506 2005 597 2054 καὶ
627 1999 705 2064 οἷς
750 2004 1032 2073 προσῆκον
1067 2006 1276 2057 ἐκείνου
1320 2007 1417 2075 τὴν
1454 2008 1776 2076 ἐπιμέλειαν

199 2095 508 2161 ἐγχειρίσω.
532 2095 733 2147 Πολλοῦ
760 2098 867 2163 γὰρ
899 2096 1049 2158 ἄξιος
1081 2089 1238 2160 οὗτος
1283 2098 1380 2148 καὶ
1425 2098 1600 2150 οὐδενὶ
1631 2099 1776 2166 ἄλλῳ

196 2189 496 2254 κτημάτων
533 2187 1038 2256 παραὸαλλόμενος.
1073 2187 1242 2240 Τοῦτο
1269 2189 1327 2240 δὲ
1363 2189 1517 2256 ἔλεγε
1563 2192 1660 2261 τὴν
1683 2190 1776 2243 τοῦ

197 2280 342 2330 θείου
377 2278 751 2347 βαπτίσματος
780 2280 1232 2349 ὑπαινιττόμενος
1266 2285 1450 2353 χάριν.
1487 2284 1690 2352 Ἔργον
1719 2285 1776 2336 δὲ

197 2371 436 2421 ἐποιεῖτο
474 2371 569 2422 καὶ
622 2371 742 2422 λίαν
795 2373 1053 2439 ἐπιμελὲς
1087 2375 1396 2442 ἀποστῆσαι
1430 2376 1530 2444 τῆς
1565 2377 1777 2446 πλάνης

195 2463 291 2514 τὸν
342 2463 556 2531 πατέρα
612 2463 777 2515 αὑτοῦ
819 2465 913 2516 καὶ
958 2466 1246 2517 συνθέσθαι
1280 2470 1347 2537 τῇ
1384 2467 1636 2538 εὐσεϐείᾳ
1673 2446 1779 2520 σίας

202 2557 548 2626 ρασκευὰσαι
598 2557 756 2625 χρέος
807 2558 887 2608 ὅτι
948 2557 1184 2623 μάλιστα
1244 2558 1610 2611 δασαπόόοτον
1649 2561 1769 2612 υίοῦ

198 2651 338 2718 πρὸς
372 2651 582 2713 πατέρα
617 2651 716 2716 τῆς
758 2651 838 2709 είς
877 2649 936 2699 τὸ
969 2645 1107 2700 εἶναι
1137 2649 1382 2716 δηλονότι
1435 2655 1775 2722 παραγωγῆς

198 2741 496 2808 φιλοτίμως
532 2741 820 2792 ἀποδοῦναι
856 2741 1172 2803 σπουδὰςων
1211 2744 1303 2795 καὶ
1333 2744 1424 2794 τὸν
1463 2746 1603 2797 κατά
1643 2749 1772 2817 σαρ-

197 2851 274 2886 κα
305 2835 640 2903 γεγενηκότα
683 2834 769 2886 διὰ
804 2833 1108 2902 πνεύματος
1166 2836 1530 2905 ἀναγεννῆσαι
1587 2837 1772 2907 βουλό-

201 2942 386 2995 μενος.
410 2928 568 2979 Ὅθεν
603 2929 663 2978 οὐ
687 2929 894 2980 διέλιπε
927 2928 1108 2996 σοιρῶς
1141 2930 1305 2982 αὑτὸν
1342 2930 1527 2983 ὑπιὼν
1551 2932 1774 2997 πεύσεις

195 3036 259 3070 τε
310 3021 609 3088 προτείνων
654 3021 753 3072 οὐκ
809 3022 1064 3085 εὐλύτους
1115 3025 1211 3074 καὶ
1247 3022 1393 3075 οὕτω
1431 3025 1776 3078 διασαλεύειν

195 3112 298 3175 τὴν
330 3113 623 3178 Θρησκείαν
644 3115 805 3163 αὑτοῦ
827 3117 1187 3180 πειρώμενος.
1211 3115 1272 3164 Τί
1294 3133 1420 3168 ποτε
1445 3119 1573 3186 γὰρ.
1596 3117 1771 3184 ἔλεγε,

195 3206 246 3254 Ol
281 3205 410 3263 θεοὶ,
471 3204 737 3270 πάτερ,οί
787 3207 883 3270 μὲν
943 3205 1001 3266 εξ
1046 3207 1216 3272 ἀρχῆς
1256 3209 1535 3272 ἱστάμενοι
1568 3210 1647 3260 ἔτι
1683 3214 1774 3263 καὶ

197 3296 298 3350 νῦν
338 3296 604 3360 ἵστανται,
634 3296 901 3366 μηδέποτε
924 3296 1192 3366 καθέδρας
1226 3298 1556 3366 μνησθέντες
1580 3320 1592 3364 ;
1621 3302 1773 3354 ’Ὀσοι

195 3390 255 3443 ει
311 3391 575 3460 κάθηνται
616 3391 796 3458 πάλιν,
843 3391 988 3444 οὕτω
1019 3392 1107 3445 δια
1157 3395 1360 3456 παντὸς
1415 3395 1636 3462 μένουσι
1683 3394 1776 3445 καὶ

197 3483 457 3535 οὐδέποτε
492 3483 753 3555 ὤφθησαν
807 3484 1173 3546 ἀναστάντες
1209 3484 1427 3536 Τούτων
1461 3487 1554 3537 καὶ
1599 3485 1775 3537 ἄλλων

196 3575 409 3643 ὁμοίων
455 3580 480 3627 ὁ
513 3578 695 3644 πατὴρ
754 3576 1011 3636 ἀκούσας,
1041 3578 1261 3637 ἀπόρως
1329 3573 1441 3646 εἶχε
1496 3579 1630 3647 πρὸς
1679 3577 1776 3644 τὴν

199 3666 452 3718 ἐπίλυσιν
483 3671 576 3718 καὶ
605 3667 704 3734 ἤδη
736 3668 864 3736 περὶ
896 3666 1022 3726 τοὺς
1069 3668 1263 3728 αὐτοὺς
1309 3669 1646 3719 διεσέσειστο
1682 3671 1776 3722 καὶ

200 3755 520 3826 ὑπέρψυχρος
560 3752 650 3827 ἦν,
705 3759 841 3826 ὅπερ
874 3764 900 3808 6
928 3757 1243 3808 Παντολέων
1275 3755 1416 3826 ὀρῶν
1467 3757 1774 3822 ἐμεγάλυνε

197 3849 295 3900 τοῦ
327 3848 564 3919 Χριστοῦ
595 3848 654 3900 τὸ
689 3848 860 3916 ὄνομα
901 3847 997 3900 καὶ
1045 3849 1270 3917 χάριτας
1305 3846 1453 3918 αὑτῷ
1485 3847 1773 3916 ὡμολόγει,

198 3941 282 3992 ὃτι
308 3945 446 4002 τέως
478 3940 607 4007 γοῦν
641 3938 1014 4003 ὲπιδοιάζοντα
1045 3939 1208 4008 ἔθηκε
1248 3939 1340 3990 τὸν
1368 3939 1530 3991 αὑτοῦ
1563 3943 1776 4010 πατέρα

200 4033 299 4085 καὶ
338 4027 389 4097 (δ’
424 4049 586 4098 φησιν
631 4031 789 4098 Ὠσηὲ
819 4034 846 4081 6
872 4030 1033 4095 θεῖος)
1058 4032 1350 4098 μερίζοντα
1377 4031 1626 4099 καρδίαν,
1653 4032 1777 4084 ὅθεν

198 4121 326 4173 οὐδὲ
359 4119 580 4188 ἑώρακα
605 4119 671 4171 τὰ
696 4119 793 4188 τὴν
819 4118 1084 4186 προλαδοῦ
1096 4134 1192 4170 σαν
1223 4120 1511 4192 συνήθειαν
1536 4122 1777 4193 δαψιλῶς

198 4215 267 4266 αὑ
280 4215 363 4265 τὸν
399 4215 607 4282 προσφέ
620 4229 798 4282 ροντῆ
813 4212 910 4276 τὰς
945 4211 1156 4273 θυσίας.

273 4307 350 4361 Ζ’.
379 4307 666 4376 Βονληθεὶς
692 4303 783 4358 οὖν
813 4307 908 4375 τὴν
935 4307 1160 4376 πρώτην
1180 4307 1467 4376 συντρίψαι
1504 4310 1596 4360 καὶ
1641 4309 1778 4362 καθ-

197 4403 343 4455 ελεῖν
386 4404 453 4454 τι
489 4402 583 4454 τοῦ
633 4402 839 4472 πατρὸς
894 4402 1089 4453 εἴδωλα
1145 4402 1315 4454 πολλά
1348 4402 1478 4454 ὄντα
1516 4404 1666 4471 παρά
1698 4403 1776 4472 τῷ

199 4493 370 4552 αὑτοῦ
400 4494 638 4557 κοιτῶνι,
667 4497 888 4562 ἐπέσχε,
909 4495 985 4563 μὴ
1036 4495 1368 4563 παροργίσαι
1410 4494 1731 4563 βουλόμενος
1758 4510 1773 4525 ·

1884 629 2162 700 magister,
2218 639 2274 684 et
2306 631 2560 699 quoniam
2619 631 2664 686 is
2712 642 2829 686 erat
2887 642 3072 702 gratus
3132 635 3473 706 imperatori,

1884 731 1939 776 et
1993 723 2191 793 dignus
2237 723 2392 794 cujus
2436 739 2628 794 magna
2673 740 2802 779 cura
2850 738 3151 795 gereretur,
3201 745 3310 783 non
3357 741 3473 787 erat

1883 814 2108 867 omnino
2142 813 2298 868 facile
2328 815 2485 868 nobis
2519 815 2666 868 illinc
2716 817 2997 884 recedere,
3028 819 3121 872 sed
3181 831 3474 889 perpetuos

1883 910 2090 969 septem
2116 901 2234 954 dies
2264 901 2372 955 illic
2412 901 2612 956 fuimus
2644 913 2964 971 praesentes,
2989 906 3164 960 donec
3195 907 3284 960 ille
3324 910 3473 962 sani-

1885 1003 2046 1048 tatem
2075 1010 2262 1063 puram
2294 1004 2376 1049 est
2402 1005 2748 1049 consecutus.
2788 996 2912 1051 Haec
2943 998 3098 1061 dixit,
3143 1016 3252 1054 non
3282 1001 3473 1057 dicens

1882 1087 2249 1151 mendacium,
2322 1088 2418 1140 sed
2488 1089 2712 1156 mystice
2795 1091 2959 1144 verba
3035 1092 3357 1160 dispensans
3417 1097 3473 1146 in

1879 1175 2087 1244 judicio
2119 1177 2456 1241 (ECOIIOIIIitE,
2507 1192 2616 1231 non
2675 1188 2856 1234 autem
2907 1179 3035 1236 mali
3089 1182 3315 1251 alicujus
3340 1198 3474 1236 con-

1882 1266 1990 1322 silii
2013 1283 2198 1322 causa.

1950 1454 2039 1509 VI.
2073 1454 2262 1510 Itidem
2299 1471 2420 1511 cum
2481 1457 2729 1527 sequenti
2782 1473 2997 1529 quoque
3027 1460 3116 1515 die
3146 1461 3385 1516 venisset
3409 1464 3473 1518 ad

1880 1547 2199 1616 magistrum
2267 1548 2686 1620 Euphrosynum
2757 1552 3037 1621 (quoniam
3101 1554 3189 1607 ille
3258 1571 3476 1624 quoque

1879 1638 2068 1691 eadem
2103 1638 2504 1708 interrogavit),
2536 1640 2602 1693 ad
2658 1656 2782 1694 eum
2818 1643 2978 1695 simili
3017 1660 3146 1698 usus
3195 1652 3277 1699 est
3314 1660 3477 1698 excu-

1880 1733 2141 1786 satione:
2191 1731 2372 1795 Pater,
2443 1732 2653 1799 dicens,
2713 1736 2842 1788 emit
2899 1747 3169 1806 agrum,et
3227 1753 3312 1791 me
3352 1755 3476 1792 eum

1879 1824 2040 1891 jussit
2088 1823 2356 1893 accipere,
2398 1839 2429 1876 a
2470 1839 2578 1894 quo
2616 1839 2726 1880 non
2764 1835 2847 1880 est
2881 1828 3012 1880 milii
3074 1831 3245 1882 otium
3299 1831 3478 1884 disce-

1883 1916 2067 1980 dendi,
2117 1917 2288 1971 donec
2318 1917 2436 1987 ejus
2477 1919 2656 1972 omnia
2713 1929 2918 1972 attente
2969 1920 3258 1988 inspexero
3286 1963 3300 1986 ,
3329 1932 3382 1976 et
3413 1925 3477 1976 iis

1881 2008 2078 2077 quibus
2134 2018 2372 2075 oportet,
2411 2024 2598 2063 curam
2665 2011 2809 2064 illius
2861 2011 3150 2066 tradidero.
3191 2008 3288 2066 Est
3325 2015 3474 2067 enim

1880 2102 2057 2172 magni
2090 2101 2248 2170 pretii
2279 2117 2291 2166 ;
2328 2110 2378 2155 et
2412 2103 2502 2170 qui
2540 2118 2660 2156 cum
2693 2104 2838 2157 nulla
2869 2106 2972 2159 alia
3001 2117 3177 2174 potest
3236 2107 3477 2163 conferri

1881 2197 2247 2264 possessione.
2316 2193 2429 2249 [Ioc
2487 2211 2616 2250 vero
2683 2198 2920 2260 dicebat,
3010 2200 3172 2252 tacite
3238 2205 3477 2259 innitens

1879 2288 2105 2356 gratiam
2148 2289 2332 2342 divini
2373 2290 2931 2360 baptismatis.Porro
2983 2300 3163 2346 autem
3215 2310 3472 2362 magnum

1877 2380 2168 2436 adhibebat
2228 2383 2467 2435 studium
2531 2393 2586 2438 et
2638 2384 2994 2452 diligentiam,
3053 2398 3109 2440 ut
3164 2399 3372 2456 patrem
3406 2390 3475 2442 ab

1877 2487 2062 2526 errore
2093 2474 2406 2538 abduceret,
2441 2486 2490 2529 et
2529 2477 2784 2536 efﬁceret.
2818 2488 2875 2531 ut
2932 2479 3119 2547 pietati
3174 2484 3475 2535 assentire-

1878 2571 1986 2626 tur,
2029 2579 2153 2618 eum
2211 2569 2300 2634 qui
2339 2567 2514 2635 ipsum
2545 2581 2812 2637 genuerat
2857 2572 3157 2623 secundum
3227 2587 3462 2642 carnem,

1877 2655 1991 2724 ipse
2023 2673 2117 2724 per
2175 2656 2426 2726 spiritum
2479 2660 2706 2713 studens
2758 2675 3100 2730 regenerare.
3150 2662 3270 2728 Quo
3326 2667 3470 2718 circa

1886 2760 2164 2814 nunquam
2222 2749 2460 2802 cessavit
2516 2751 2690 2819 ipsum
2767 2754 3044 2819 sapienter
3127 2756 3364 2823 aggredi,
3417 2765 3473 2808 et

1875 2850 2179 2905 proponere
2243 2839 2721 2910 interrogationes,
2790 2859 2908 2912 qua:
2941 2860 3046 2897 non
3113 2845 3270 2900 facile
3333 2847 3470 2901 solvi

1875 2940 2118 2996 possent,
2170 2941 2221 2984 et
2250 2932 2330 2984 sic
2377 2933 2494 3001 ejus
2547 2935 2600 2986 in
2633 2935 2794 2988 falsos
2842 2936 2974 2989 deos
3027 2941 3470 3004 superstitionem

1876 3025 2060 3073 conari
2113 3024 2432 3078 dissolvere.
2459 3024 2701 3087 Quanam
2740 3027 2884 3081 enim
2916 3028 2982 3081 de
3021 3045 3205 3093 causa,
3233 3030 3468 3093 dicebat,

1877 3127 1908 3164 ο
1939 3122 2112 3180 pater,
2156 3115 2247 3180 qui
2281 3120 2346 3165 ab
2383 3116 2545 3168 initio
2581 3118 2802 3184 quidem
2847 3120 3081 3182 stabant,
3113 3135 3258 3173 nunc
3293 3122 3470 3174 adhuc

1803 3239 1846 3299 C
1885 3213 2054 3270 stant,
2133 3205 2352 3258 sedendi
2420 3221 2696 3276 nunquam
2763 3212 3071 3264 inaniores?
3140 3213 3469 3280 Quicunque

1889 3309 2072 3350 autem
2100 3315 2287 3353 rursus
2322 3300 2534 3363 sedent,
2567 3301 2644 3354 sic
2672 3311 2893 3354 manent
2929 3313 3212 3371 perpetuo,
3246 3314 3302 3358 et
3331 3319 3465 3358 nun-

1884 3404 2042 3456 quam
2065 3392 2162 3443 visi
2188 3407 2409 3459 surgere
2432 3394 2452 3443 ?
2474 3393 2595 3445 Haec
2621 3404 2672 3447 et
2697 3395 2796 3447 alia
2823 3391 3017 3448 similia
3043 3409 3192 3465 pater
3218 3398 3466 3460 audiens,

1891 3474 2175 3536 haesitabat
2209 3483 2263 3535 in
2301 3498 2487 3536 eorum
2521 3485 2810 3548 solutione,
2837 3497 2890 3538 et
2915 3487 3024 3555 jam
3061 3491 3115 3538 in
3147 3504 3242 3540 sua
3269 3489 3336 3543 de
3366 3490 3469 3545 diis

1887 3575 2143 3643 Opinione
2210 3577 2539 3639 Iabescebat,
2581 3586 2636 3632 et
2694 3587 2810 3631 erat
2864 3578 3116 3646 ancipitis
3156 3580 3466 3635 sententia.

1885 3668 2038 3734 Quod
2067 3669 2282 3738 quidem
2311 3669 2502 3722 videns
2538 3670 2856 3732 Pantolcon,
2885 3667 3081 3723 Christi
3124 3687 3320 3725 nomen
3348 3688 3468 3726 ma~

1885 3762 2005 3831 gnis
2036 3762 2284 3816 laudibus
2310 3762 2589 3825 elIerebat,
2610 3769 2666 3813 et.
2699 3775 2920 3831 magnas
2949 3762 2995 3814 ei
3029 3763 3218 3832 agebat
3247 3761 3464 3833 gratias.

1885 3852 2027 3919 quod
2065 3864 2271 3919 patrem
2307 3865 2464 3902 suum
2513 3852 2703 3902 saltem
2753 3849 3075 3904 reddidisset
3109 3852 3463 3914 dubitantem,

1885 3953 1940 3998 et
1975 3944 2138 4013 (quod
2169 3943 2386 3997 divinus
2411 3943 2488 3995 ait
2515 3940 2685 3996 Oseas
2713 3944 2755 4013 ¹)
2789 3957 2884 3996 eor
2923 3943 3276 3995 dividentem.
3311 3943 3455 4007 Quo-

1885 4041 2028 4093 circa
2080 4054 2180 4092 nec
2231 4053 2354 4092 eum
2418 4037 2653 4100 videbat,
2682 4043 2742 4089 ut
2791 4035 3020 4103 solebat,
3077 4036 3381 4107 frequentia
3408 4045 3465 4090 et

1884 4132 2089 4202 Optima
2117 4130 2436 4183 offerentem
2469 4129 2756 4184 sacrificia.

1971 4315 2077 4372 VII.
2152 4317 2286 4375 Cum
2336 4318 2515 4386 itaque
2563 4316 2738 4386 primo
2786 4315 3048 4370 voluisset
3077 4324 3362 4372 conterere
3408 4326 3464 4370 et

1884 4410 2163 4464 destruere
2219 4410 2388 4478 patris
2421 4408 2728 4470 simulacra,
2770 4424 2888 4474 qua:
2921 4409 2972 4461 in
3032 4408 3152 4479 ejus
3207 4409 3461 4464 cubiculo

1886 4513 2042 4560 erant
2072 4502 2262 4560 multa,
2295 4514 2354 4552 se
2388 4499 2677 4554 continuit.
2711 4501 2760 4553 Is
2781 4501 2925 4554 enim
2962 4500 3226 4553 honorare
3250 4510 3457 4569 patrem

203 4584 410 4636 πολλοῦ
450 4588 561 4653 γὰρ
598 4584 762 4651 ἐτίμα
806 4586 867 4635 τὸ
902 4586 1117 4653 πατέρα
1148 4587 1335 4656 τιμᾷν.
1372 4587 1562 4653 Ἔλεγε
1598 4587 1776 4648 δὲ,ὃτι

1885 4597 2061 4666 magni
2096 4591 2574 4648 faciel)at.Diccbat
2597 4592 2740 4644 enim
2769 4603 2784 4649 :
2814 4589 2925 4661 Ego
2951 4606 3074 4645 eum
3101 4592 3276 4658 potius
3297 4593 3457 4644 indu-

199 4676 385 4728 πειθοῖ
439 4676 640 4744 μᾶλλον
699 4675 861 4728 αὑτὸν
915 4679 1187 4746 ἐπάξομαι
1240 4680 1332 4729 καὶ
1375 4680 1650 4750 ἐπιεικείᾳ
1701 4680 1777 4748 τῷ

197 4767 427 4837 Χριστῷ
492 4766 805 4831 πιστεῦσαι,
850 4771 944 4822 καὶ
991 4767 1161 4832 οὕτως
1214 4767 1539 4839 ἀμφοτέροις
1601 4769 1773 4832 ἔσται,

198 4860 380 4913 ταῦτα
407 4861 757 4913 καταϐαλεῖν.
777 4865 873 4913 Διά
899 4861 1058 4914 τοῦτο
1091 4861 1185 4913 καὶ
1210 4863 1238 4912 ὁ
1266 4864 1363 4931 τὴν
1388 4862 1609 4932 ἐντολὴν
1655 4862 1776 4924 δοὺς

201 4954 422 5021 πατέρα
458 4955 647 5024 τιμᾷν,
675 4951 774 5021 τῆς
803 4952 1005 5021 πολλῆς
1023 4953 1226 5022 ταύτης
1257 4953 1544 5017 εὺλαὸεἰας
1569 4956 1777 5007 ἐκεῖνον

199 5043 659 5112 ἀποδειξάμενος,
705 5044 961 5114 ἀφορμὴν
1045 5046 1319 5114 παρέσχεν
1373 5045 1706 5114 ἐπιτηδείαν,
1739 5047 1772 5115 ἡ

201 5138 296 5188 καὶ
326 5137 418 5189 τὸν
451 5134 618 5188 αὐτοῦ
650 5139 864 5202 πατέρα
896 5135 1113 5205 ὁμαλῶς
1149 5135 1292 5188 οὕτω
1336 5137 1430 5189 καὶ
1459 5138 1638 5206 ἠπίως
1683 5154 1774 5188 πις-

201 5226 432 5281 στεῦσαι
461 5228 753 5296 πεποίηκε,
773 5229 1024 5281 κάκεῖνον
1044 5227 1238 5282 ἑαυτοῦ
1258 5229 1451 5297 μισθοῦ
1471 5230 1594 5281 ὅσου
1610 5232 1772 5282 κατέ-

199 5335 370 5391 στησε
402 5319 682 5389 πρόξενον.
707 5318 889 5372 Ταῦτα
921 5321 1028 5389 γὰρ
1059 5319 1428 5391 ὲνθυμωμένῳ
1462 5321 1539 5389 τῷ
1571 5323 1771 5375 Παντο-

197 5413 379 5466 λέοντι
405 5412 802 5482 προσέρχονταί
841 5429 984 5474 τινες
1026 5415 1539 5484 χειραγωγούμενον
1573 5417 1770 5482 τυςλον

195 5505 558 5574 ἐπαγόμενοι.
594 5506 872 5575 meum;
916 5502 1008 5559 οὖν
1043 5507 1141 5576 τὴν
1193 5507 1384 5576 θύραν,
1411 5507 1772 5562 ἐπυνθάνοντο

194 5601 244 5651 εί
272 5575 464 5668 παρὼν
495 5599 579 5666 εἴη
614 5599 926 5654 Παντολέων
954 5616 979 5652 ο
1009 5575 1207 5669 ἰατρός.
1235 5575 1514 5662 Μαθόντες
1539 5602 1594 5652 δὲ
1628 5618 1770 5669 παρ-

190 5696 357 5762 εῖναι.
407 5695 748 5764 προσέμενον
788 5712 801 5726 ·
843 5694 1022 5758 κα“ι,ὂς
1069 5694 1331 5761 ἀκούσας,
1382 5697 1516 5766 μετά
1566 5695 1768 5764 πολλῆς

268 5855 287 5884 ’
319 5851 462 5911 Osee
495 5871 549 5914 τι.
584 5856 637 5910 Ξ.

1880 4703 2000 4741 eam
2034 4684 2404 4753 persuasione,
2440 4682 2769 4747 Ienitathue
2799 4689 2852 4733 et
2892 4681 3306 4737 mansuetudine
3342 4681 3458 4734 etii-

1880 4780 2043 4838 ciam,
2076 4785 2132 4827 ut
2168 4772 2384 4825 Christo
2414 4771 2601 4824 credat
2635 4787 2648 4824 :
2683 4782 2739 4824 et
2761 4772 2840 4825 sic
2888 4771 3149 4826 ambobus
3181 4786 3242 4825 ea
3274 4772 3457 4833 licebit

1880 4869 2137 4939 dejicere.
2169 4867 2235 4921 Et
2262 4865 2382 4919 ideo
2413 4864 2478 4925 is,
2518 4864 2606 4932 qui
2638 4875 2844 4933 patrem
2871 4869 3127 4936 praecepit
3164 4867 3452 4930 honorare,

1883 4961 2028 5016 illius
2064 4975 2309 5029 magnam
2356 4959 2689 5028 amplectens
2725 4956 2979 5025 pietatem
3013 4970 3191 5027 aptam
3228 4961 3457 5028 prabttit

1880 5054 2246 5114 occasionem,
2276 5066 2395 5119 qute
2428 5051 2574 5112 fecit,
2600 5061 2656 5103 ut
2683 5050 2800 5119 ejus
2823 5061 2973 5120 pater
2995 5050 3150 5117 plane
3174 5059 3226 5102 et
3245 5049 3450 5119 placide

1875 5147 2123 5203 crederet
2154 5163 2165 5197 :
2197 5153 2251 5197 et
2281 5143 2610 5212 procuravit,
2631 5151 2689 5195 ut
2717 5143 2806 5195 ille
2836 5157 3084 5211 magnam
3111 5141 3210 5196 sibi
3240 5155 3460 5209 pararet

1887 5236 2211 5289 mercedem.
2251 5233 2374 5286 Περ
2400 5247 2521 5285 cum
2555 5230 3155 5299 cogitaretPantoleon,
3188 5233 3454 5287 accedunt

1883 5327 2122 5397 quidam,
2160 5341 2382 5386 caecum,
2411 5324 2501 5394 qui
2528 5339 2689 5377 manu
2725 5324 3033 5391 deducitur,
3069 5324 3400 5380 adducentes
3434 5345 3446 5384 ;

1879 5421 2014 5475 Cum
2045 5420 2188 5474 fores
2223 5429 2402 5472 autem
2433 5419 2761 5487 pulsassent,
2809 5420 3068 5487 rogabant
3120 5433 3189 5472 an
3235 5421 3452 5474 adesset

1881 5508 2175 5564 Pantaleon
2211 5509 2470 5562 medicus.
2500 5507 2636 5562 Cum
2668 5522 2795 5562 vero
2820 5509 3009 5564 adesse
3037 5509 3449 5578 intellexissent,

1876 5603 2279 5672 exspectabant.
2313 5601 2402 5653 Ille
2430 5609 2608 5656 autem
2643 5616 2765 5656 cum
2796 5601 3076 5666 audiisset,
3116 5618 3237 5658 cum
3274 5607 3450 5659 maxi-

1877 5710 1965 5749 mo
2030 5695 2206 5748 studio
2257 5691 2553 5764 egreditur,
2609 5703 2812 5765 patrem
2863 5710 3078 5766 quoque
3098 5697 3256 5754 simul
3295 5712 3448 5753 assu-
