4226 6436
748 398 846 462 451

2077 390 2365 452 MENSIS
2405 393 2700 457 IULIUS.

3915 403 4030 462 452

749 506 818 568 ab
845 505 1159 564 hominibus
1195 525 1205 561 :
1241 506 1398 578 cujus
1420 507 1584 562 etiam
1620 503 1929 560 vestimenti
1958 503 2194 571 ﬁmbria,
2220 522 2342 561 eum

2449 509 2662 562 ἐκείνου
2695 508 2908 578 λέγειν;
2937 512 3049 564 ἴσον
3070 515 3176 583 γάρ
3210 516 3358 567 ἐστιν
3383 516 3610 585 ψάμμον
3641 533 3698 567 τε
3736 520 3963 587 μετρεῖν
3995 520 4028 590 ἦ

749 619 867 656 eam
921 602 1096 656 solum
1138 601 1403 671 tetigisset
1436 599 1653 662 mulier,
1707 600 1884 653 statim
1933 599 2070 654 stitit
2124 600 2342 654 canales

750 694 1050 762 sanguinis,
1111 694 1199 760 qui
1247 692 1539 746 duodecim
1595 705 1767 745 annos
1817 691 2059 762 integros
2089 690 2336 744 ﬂuxerat.

749 788 813 840 Et
845 787 972 856 quid
1007 801 1142 856 opus
1187 795 1292 849 est,
1326 801 1414 840 res
1465 785 1610 839 illius
1645 783 1867 840 dicere?
1899 783 2125 853 perinde
2181 785 2328 837 enim

748 887 849 938 est,
885 893 947 930 ac
1001 891 1241 941 arenam,
1284 875 1487 939 stellas,
1545 881 1599 928 et
1665 887 1815 943 aquae
1871 876 2050 944 guttas
2081 872 2338 936 dimetiri,

747 970 865 1038 ejus
897 969 1161 1021 miracula
1231 981 1552 1020 enumerare
1616 973 1672 1019 et
1726 964 2010 1033 magnalia.
2073 964 2142 1018 Et
2196 979 2342 1020 nunc

746 1077 962 1131 quoque
983 1061 1135 1114 adest
1171 1060 1282 1113 suis
1313 1058 1528 1128 adiutor
1561 1056 2018 1126 inexpugnabilis,
2053 1056 2341 1114 consolans

748 1156 802 1210 in
828 1154 1106 1218 molestiis,
1134 1153 1363 1207 dilatatis
1385 1153 1440 1206 in
1460 1150 1754 1205 atllietione
1773 1168 1786 1203 :
1808 1149 1861 1204 in
1887 1150 2073 1211 rebus,
2098 1150 2342 1217 inquam,

746 1251 1007 1311 adversis,
1046 1258 1101 1302 et
1167 1248 1233 1302 iis
1279 1263 1401 1316 quae
1464 1254 1659 1312 prmter
1716 1255 1955 1300 nostram
2014 1241 2344 1295 voluntatem

744 1342 1020 1404 accidunt,
1045 1356 1232 1411 preces
1259 1339 1482 1392 minime
1513 1344 1854 1405 exspectans,
1887 1334 1980 1389 sed
2015 1334 2349 1403 praeveniens

2440 601 2674 670 ἀστέρας
2706 602 2835 671 χόας
2868 620 2928 655 τε
2963 605 3236 676 θαλάττης
3290 611 3385 661 καὶ
3415 609 3484 660 τὰ
3538 608 3704 661 αὑτοῦ
3761 609 4031 679 θαύματα

2439 692 2533 743 καὶ
2572 692 2841 760 μεγαλεῖα
2896 693 3241 764 ἐξαριθμεῖν⁹
3271 696 3326 758 ὃς
3350 699 3444 748 καὶ
3499 697 3593 748 νῦν
3629 703 3858 767 πάρεστι
3913 703 4032 761 τοῖς

2440 783 2607 836 αὑτοῦ
2637 784 2865 848 δούλοις,
2904 788 3189 858 σύμμαχός
3224 806 3281 840 τε
3319 791 3411 842 καὶ
3451 789 3642 859 βοηθὸς
3665 792 3898 859 ἄμαχος,
3935 808 4032 842 πα-

2443 877 2695 946 ρακαλῶν
2725 881 2783 930 ὲν
2811 878 3029 942 λύπαις,
3079 880 3367 933 πλατύνων
3417 883 3474 933 ὲν
3525 883 3726 951 θλίψει,
3773 888 3828 935 ὲν
3863 901 4028 951 περι-

2443 970 2634 1021 στάσει
2663 969 2758 1023 καὶ
2791 970 2900 1021 τῶν
2934 972 3250 1042 ἀϐουλήτων
3292 975 3592 1042 ἀπαγωγῇ,
3628 974 3702 1042 μὴ
3731 977 4026 1042 ἀναμένων

2442 1061 2542 1130 τὴν
2577 1061 2784 1131 δέησιν,
2824 1064 2939 1115 ἀλλ’
2967 1066 3135 1134 αὐτὴν
3175 1066 3500 1134 προφοάνωι
3528 1067 3630 1134 τὴν
3664 1065 3760 1134 τῆς
3798 1068 4024 1133 καρδίας

2444 1155 2875 1224 ἑτοιμασίαν,οὐ
2936 1156 3040 1224 μὴν
3101 1158 3237 1211 ἀλλὰ
3279 1161 3371 1209 καὶ
3407 1159 3520 1218 τοῖς
3551 1157 3714 1209 αὑτὸν
3757 1156 4029 1223 φοϐουμέ-

2446 1261 2557 1306 νοις
2589 1246 2815 1315 μείζονα
2845 1247 2876 1316 ἦ
2914 1249 3122 1311 ἐκεῖνος
3151 1249 3366 1319 ἔδρασε,
3390 1250 3647 1317 παρέχων
3670 1249 3771 1300 θαν
3786 1265 4027 1317 31100.:-

2450 1340 2588 1403 γεῖν,
2620 1335 2738 1390 εἶτα
2772 1341 2863 1391 καὶ
2906 1339 3051 1409 ζωὴν
3090 1341 3434 1421 δωρούμενος
3463 1343 3708 1396 αἰωνίαν.

745 1435 924 1499 ipsum
975 1449 1188 1502 quoque
1227 1441 1435 1486 motum
1493 1431 1692 1484 cordis.
1749 1428 1853 1493 Qui
1905 1426 2064 1481 etiam
2121 1427 2188 1480 iis
2236 1429 2324 1496 qui
2385 1429 2560 1496 ipsum
2620 1431 2868 1501 diligunt,
2945 1435 3150 1501 majora
3215 1452 3375 1505 quam
3433 1438 3545 1506 ipse
3597 1437 3747 1501 fecit,
3781 1436 4031 1506 prmbens

744 1521 987 1577 facienda
1018 1522 1298 1585 miracula,
1325 1523 1492 1576 donat
1515 1520 1711 1575 deinde
1734 1519 1917 1584 vitam,
1950 1533 2068 1588 qua:
2116 1517 2322 1570 nullum
2362 1519 2522 1574 habet
2548 1521 2732 1577 ﬁnem.

822 1618 907 1672 IV.
941 1616 1067 1670 Haec
1122 1617 1287 1671 verba
1341 1631 1462 1669 cum
1522 1613 1846 1677 Pantoleon,
1885 1621 2138 1681 tanquam
2197 1612 2338 1664 bona

746 1719 912 1771 terra,
945 1715 1109 1761 corde
1159 1707 1461 1774 accepisset
1516 1714 1570 1758 et
1617 1703 2006 1765 abscondisset,
2059 1703 2334 1767 credebat,

746 1812 800 1854 et
831 1816 956 1853 vera
989 1813 1108 1852 esse
1137 1798 1435 1868 judicabat,
1479 1805 1533 1850 et
1566 1795 1634 1849 ab
1665 1795 1744 1850 eis
1775 1796 2000 1848 omnino
2041 1793 2334 1863 pendebat,

747 1901 801 1947 et
828 1893 1065 1946 suaviter
1096 1891 1148 1943 in
1179 1890 1256 1944 eis
1288 1889 1667 1951 meditabatur,
1700 1896 1754 1941 et
1783 1888 1997 1941 dicebat
2029 1886 2336 1948 Hermolao,

746 2001 805 2038 se
837 2001 897 2039 ea
930 2000 1071 2054 sape
1105 1983 1376 2036 audivisse
1411 1997 1439 2033 a
1475 1991 1669 2044 matre,
1704 1989 1758 2031 et
1795 1980 1992 2032 vidisse
2024 1993 2144 2031 eam
2181 1993 2342 2030 oran-

748 2092 878 2142 tem,
926 2088 980 2131 et
1028 2076 1218 2134 Deum,
1256 2089 1417 2144 quem
1472 2075 1584 2142 ipse
1637 2070 1913 2142 praedicat,
1970 2071 2336 2124 invocantem.

747 2170 972 2224 Volebat
1003 2176 1181 2223 autem
1208 2171 1320 2222 hzec
1347 2182 1564 2235 quoque
1586 2181 1686 2220 suo
1715 2165 1976 2235 magistro
2007 2164 2337 2234 signiﬁcare.

747 2262 999 2328 Quotidie
1035 2275 1161 2327 ergo
1190 2261 1306 2313 ibat
1351 2258 1643 2312 Pantoleon
1687 2257 1752 2311 ad
1799 2271 2008 2321 senem,
2043 2265 2095 2310 et
2123 2272 2180 2309 se
2223 2254 2344 2323 pul-

748 2354 895 2408 chris
944 2353 1028 2405 liis
1087 2350 1301 2403 fluentis
1356 2349 1661 2403 oblectabat
1717 2357 1772 2402 et
1825 2348 1889 2401 ad
1937 2362 2120 2400 veram
2182 2348 2341 2399 ﬁdem

747 2447 1002 2516 paulatim
1035 2444 1460 2497 conﬁrmabatur
1491 2459 1503 2493 :
1537 2451 1590 2494 et
1627 2440 1691 2492 ad
1732 2441 2050 2508 magistrum
2105 2439 2343 2507 quotidie

747 2538 1040 2597 ventitans,
1075 2551 1185 2589 non
1239 2535 1388 2604 prius
1435 2535 1652 2588 domum
1705 2533 1934 2594 redibat,
1991 2546 2152 2600 quam
2218 2547 2343 2586 suas

748 2646 909 2685 aures
960 2629 1289 2683 oblectasset
1343 2627 1524 2680 verbis
1573 2625 1738 2681 senis.
1803 2625 2108 2694 Aliquando
2164 2625 2344 2694 itaque

749 2736 1029 2779 revertens
1067 2738 1097 2775 a
1131 2730 1481 2791 prmceptore,
1525 2735 1645 2772 eum
1705 2734 1893 2792 parum
1933 2735 1962 2773 a
1990 2719 2074 2773 via
2124 2729 2345 2788 propter

748 2834 905 2872 usuin
940 2817 1171 2886 aliquem
1193 2815 1538 2878 declinasset,
1569 2813 1717 2866 videt
1746 2812 2007 2865 infantem
2045 2823 2342 2866 mortuum,

747 2927 907 2982 quem
951 2909 1314 2963 momorderat
1344 2909 1549 2975 vipera,
1584 2915 1640 2958 et
1672 2907 1842 2974 ipsam
1900 2905 2132 2958 belluam
2177 2919 2344 2974 prepe

748 3019 870 3058 eum
889 3009 1212 3062 stantem,et
1241 2999 1404 3053 veluti
1431 2997 1829 3061 ostendentem,
1858 2997 2106 3066 quisnam
2141 2998 2342 3051 caadem

749 3091 986 3151 fecisset.
1050 3093 1184 3147 Eum
1214 3108 1363 3161 ergo,
1392 3106 1514 3144 cum
1548 3090 1599 3141 id
1647 3089 1888 3155 vidisset,
1925 3089 2119 3143 invasit
2165 3089 2343 3152 timor,

2517 1614 2588 1667 Δ’.
2620 1617 2804 1670 Ταῦτα
2838 1619 2865 1671 ὁ
2897 1619 3238 1678 Παντολέων,
3283 1621 3471 1690 ὥσπερ
3513 1624 3580 1690 γῆ
3614 1623 3818 1692 ἀγαθὴ,
3843 1627 3909 1677 τὰ

2450 1724 2598 1775 ματα
2629 1713 2708 1769 είς
2755 1712 2977 1780 καρδίαν
3008 1713 3338 1781 παραλαῆὼν
3370 1716 3462 1766 καὶ
3498 1719 3734 1783 κρύψας,
3772 1719 4032 1771 ἐπίστευέ

2443 1814 2501 1849 τε
2533 1801 2624 1850 καὶ
2674 1800 2851 1870 ἀληθῆ
2907 1803 3123 1871 ἔκρινεν
3160 1799 3301 1855 εἶναι
3336 1809 3428 1856 καί
3476 1806 3611 1867 ὅλως
3652 1810 3834 1857 αὐτῶν
3874 1812 4038 1876 ἐξήρ-

2443 1907 2573 1960 τητο
2609 1895 2698 1943 καὶ
2750 1892 2980 1962 μελέτην
3006 1891 3118 1964 εἶχε
3149 1894 3321 1948 ταῦτα
3365 1897 3622 1963 γλυκεῖαν
3665 1897 3822 1963 ἔλεγέ
3854 1916 3910 1949 τε
3942 1900 4036 1950 καὶ

2444 1984 2596 2049 παρὰ
2625 1984 2722 2051 τῆς
2763 1986 2968 2054 μητρὸς
3003 1989 3142 2039 αὐτὰ
3191 1989 3454 2051 πολλάκις
3503 1990 3738 2042 ἀκοῦσαι
3795 2009 4038 2060 προσευ-

2445 2075 2680 2140 χομένην
2709 2089 2766 2123 τε
2801 2075 2972 2143 αὐτὴν
3019 2078 3153 2146 ὀρᾷν
3178 2080 3267 2128 καὶ
3292 2078 3350 2129 ὃν
3383 2082 3444 2130 σὺ
3477 2084 3768 2148 κηρύττεις
3801 2083 4040 2134 ἐπιϐοω-

2447 2163 2616 2234 μένην
2669 2163 2838 2217 Θεόν·
2885 2167 3146 2235 ἠϐούλετο
3174 2171 3228 2222 δὲ
3283 2171 3358 2240 τῷ
3401 2172 3519 2223 διδα
3561 2173 3709 2240 κάλῳ
3771 2176 4035 2242 γνώριμα

2443 2255 2616 2310 ταῦτα
2651 2257 2840 2311 θέσθαι
2863 2276 2877 2290 ο
2918 2262 3132 2330 ἡμέρας
3162 2263 3256 2314 οὖν
3288 2265 3522 2332 ἑκάστης
3571 2266 3734 2335 ἀπῄει
3765 2269 3791 2317 6
3827 2268 4040 2318 Dav-:0-

2443 2349 2579 2402 λέων
2613 2353 2745 2419 πρὸς
2772 2354 2864 2404 τὸν
2920 2356 3234 2424 πρεσϐύτην
3265 2361 3356 2410 καί
3419 2363 3525 2410 τῶν
3575 2361 3759 2411 καλῶν
3816 2362 4036 2413 τούτων

2446 2442 2654 2510 ἐτρύφα
2688 2444 2945 2513 ναμάτων
2976 2451 3069 2499 καὶ
3103 2450 3236 2516 πρὸς
3269 2452 3366 2519 τὴν
3410 2452 3612 2520 εὐσεϐῆ
3650 2454 3833 2504 πίστιν
3885 2455 4037 2506 κατὰ

2450 2536 2646 2604 μικρὸν
2675 2539 2992 2607 ἐστηρίζετο
3035 2544 3130 2594 καὶ
3179 2544 3315 2611 πρὸς
3359 2543 3448 2594 τὸν
3502 2545 3820 2596 διδάσκαλον
3854 2547 3910 2597 δὲ
3940 2549 4036 2602 διὰ

2447 2630 2623 2698 πάσης
2652 2631 2839 2696 ἐφοίτα
2875 2637 2968 2684 καὶ
2988 2635 3046 2686 οὐ
3084 2636 3350 2703 πρότερον
3379 2638 3562 2689 οἴκαδε
3587 2637 3838 2706 ἐπανῄει,
3867 2640 3914 2688 εί
3950 2639 4036 2706 μὴ

2444 2719 2542 2781 τὰς
2569 2724 2738 2784 ἀκοὰς
2770 2725 3018 2792 ηΰφρανε
3053 2731 3146 2780 καὶ
3173 2731 3284 2788 τοῖς
3313 2729 3518 2798 ῥήμασι
3553 2730 3645 2781 τοῦ
3676 2731 3992 2801 πρεσϐύτου
4020 2747 4037 2761 ⁸

2448 2813 2578 2864 ποτὲ
2609 2816 2789 2867 τοίνυν
2816 2819 2923 2868 ἀπὸ
2952 2817 3045 2870 τοῦ
3071 2819 3389 2874 διδασκάλου
3419 2823 3764 2890 Εὐφροσύνου
3790 2826 4039 2876 ἐπανιὼν

2448 2903 2542 2955 καὶ
2577 2906 2773 2974 μικρὸν
2798 2907 2899 2973 τῆς
2951 2910 3070 2963 ὀδοῦ
3127 2913 3270 2965 κατά
3301 2931 3350 2965 τι
3378 2915 3579 2976 δεῆσαν
3623 2916 3904 2979 ἐκκλίνας,
3929 2921 4041 2987 ὁρᾷ

2448 2997 2658 3051 παιδίον
2693 3001 2783 3052 ὑπ’
2817 3003 3031 3074 ἐχίδνης
3069 3006 3401 3076 δεδηγμένον
3430 3011 3523 3061 καὶ
3552 3010 3818 3079 τεθνηκός
3855 3027 3868 3039 ·
3900 3012 4043 3064 αὖτὸ

2448 3104 2506 3139 τε
2539 3092 2596 3141 τὸ
2626 3091 2814 3161 θηρίον
2847 3097 3013 3163 ἐγγύς
3050 3115 3152 3149 που
3191 3102 3366 3170 παρὸν
3396 3104 3488 3152 καὶ
3517 3103 3706 3173 ὧσπερ
3742 3106 3834 3156 τὸν
3866 3109 4041 3172 φονέα

751 3198 806 3243 et
846 3187 1077 3241 secessit
1118 3184 1416 3254 paululum.
1462 3183 1665 3235 Deinde
1707 3196 1831 3233 cum
1883 3196 2069 3233 rursus
2117 3181 2343 3248 scipsum

2459 3180 2607 3245 ὅστις
2644 3186 2728 3255 εἴη
2790 3185 3015 3256 εὔδηλον
3049 3189 3329 3242 καθιστάν·
3365 3192 3539 3245 ίδὸντα
3585 3191 3677 3246 οὖν
3720 3195 3886 3263 φόϐος
3921 3193 4041 3251 εἷλε

750 3281 1077 3347 collegisset,
1114 3287 1197 3330 est
1253 3288 1525 3337 reversus,
1587 3281 1640 3326 et
1687 3271 1834 3326 stetit
1882 3271 2033 3338 juxta
2090 3287 2345 3341 puerum.

749 3357 1033 3427 Iudicabat
1060 3370 1202 3424 enim
1246 3368 1347 3422 hoc
1402 3381 1523 3420 esse
1570 3366 1842 3418 sutltciens
1894 3365 2104 3433 signum
2159 3379 2347 3418 eorum

751 3483 873 3535 quae
924 3480 1088 3518 senex
1131 3464 1366 3523 dixerat,
1413 3459 1456 3512 si
1501 3474 1628 3512 vera
1673 3464 1860 3510 essent
1896 3454 2132 3526 :Surget
2178 3458 2345 3512 enim,

752 3559 955 3628 inquit,
1012 3572 1147 3626 puer
1200 3555 1319 3623 ejus
1381 3553 1569 3617 Verbo,
1627 3558 1680 3603 et
1743 3550 1793 3603 id
1860 3550 2093 3618 patietur
2147 3546 2345 3599 bellua:

752 3653 894 3720 quod
920 3652 1019 3720 ipsi
1052 3649 1198 3702 fecit.
1233 3645 1349 3702 Hoc
1381 3647 1428 3698 ei
1467 3645 1520 3698 in
1552 3650 1788 3697 mentem
1819 3638 1990 3699 venit,
2024 3646 2075 3689 et
2097 3637 2348 3705 precibus

752 3744 965 3813 petivit,
998 3751 1052 3792 et
1082 3739 1239 3790 simul
1298 3737 1444 3787 visus
1497 3742 1580 3785 est
1618 3729 1797 3784 infans
1850 3729 2028 3788 vivus,
2084 3738 2138 3781 et
2170 3728 2347 3783 bellua

753 3842 990 3892 mortua,
1018 3837 1071 3883 et
1104 3842 1223 3898 quae
1257 3827 1398 3893 apud
1430 3841 1548 3882 eam
1586 3833 1724 3886 erat,
1757 3837 1819 3875 ea
1847 3835 1966 3889 quae
1988 3821 2346 3891 intelligentia

754 3922 1206 3994 apprehenditur,
1293 3917 1472 3970 bellua
1534 3913 1705 3967 multo
1786 3913 1956 3981 magis
1997 3912 2207 3981 perdita
2293 3919 2344 3965 et

754 4027 968 4072 enecta.

823 4135 888 4190 ν.
921 4135 1052 4187 Cum
1093 4131 1158 4188 ad
1192 4129 1583 4201 perfectionem
1617 4140 1745 4195 ergo
1798 4123 1921 4177 ﬁdei
1963 4123 2016 4176 in
2064 4121 2344 4177 Christum

753 4229 830 4288 sic
865 4227 1200 4298 pervenisset
1229 4223 1548 4283 Pantoleon,
1583 4220 1764 4275 statim
1797 4219 2012 4286 aspexit
2038 4217 2092 4270 in
2147 4219 2342 4271 cmlum

755 4320 994 4380 externis
1015 4317 1207 4379 oculis,
1239 4323 1294 4371 et
1345 4314 1472 4378 Deo,
1508 4312 1601 4382 qui
1657 4326 1779 4364 eum
1825 4317 2110 4364 vocaverat
2139 4323 2168 4364 a
2195 4318 2344 4361 tene-

754 4411 868 4466 bris
908 4408 1166 4463 interitus
1225 4405 1296 4461 ad
1347 4405 1521 4460 lucem
1574 4402 1838 4464 veritatis,
1889 4400 2168 4458 benedixit
2216 4414 2339 4453 cum

757 4503 926 4557 multa
957 4501 1126 4554 animi
1184 4499 1591 4568 tranquillitate.
1643 4494 1844 4546 Deinde
1874 4508 1996 4548 cum
2041 4494 2184 4545 ferre
2229 4506 2337 4543 non

755 4603 941 4663 posset
986 4591 1251 4657 lanitium,
1300 4591 1365 4642 ad
1397 4602 1582 4642 senem
1630 4584 1844 4641 accedit
1889 4583 2259 4648 Hermolaum,
2299 4597 2353 4642 et

756 4689 982 4756 exponit
1029 4687 1080 4740 id
1109 4686 1252 4756 quod
1307 4682 1596 4744 acciderat,
1647 4689 1703 4735 et
1750 4679 2120 4734 venerandum
2172 4678 2239 4731 ab
2286 4693 2352 4731 eo

754 4781 892 4852 petit
924 4780 1276 4849 baptismum.
1305 4775 1396 4830 llle
1426 4782 1606 4828 autem
1636 4772 1864 4841 (sciebat
1914 4772 2060 4822 enim
2090 4769 2351 4839 quidnam

755 4872 972 4928 cuinam
1005 4870 1251 4940 largitur)
1288 4870 1344 4923 in
1377 4869 1478 4924 hoc
1507 4866 1741 4920 libenter
1806 4863 2057 4927 inseruit,
2098 4871 2153 4917 et
2199 4877 2345 4926 eum,

754 4965 845 5034 qui
884 4970 1002 5017 erat
1049 4960 1170 5013 luce
1208 4958 1426 5028 dignus,
1486 4955 1671 5008 divino
1723 4953 1934 5024 perﬁcit
1998 4953 2345 5022 baptismate-

754 5057 892 5112 Cum
950 5070 1078 5110 vero
1136 5062 1346 5122 septem
1414 5047 1529 5102 dies
1591 5049 1876 5104 mansisset
1931 5045 2076 5115 apud
2142 5059 2348 5109 senem,

755 5145 1061 5218 poculentis
1123 5144 1295 5213 ipsius
1377 5141 1559 5196 verbis
1620 5153 1715 5192 cor
1780 5138 1898 5206 ejus
1951 5136 2228 5207 irrigatur,
2297 5150 2352 5196 et

754 5241 1018 5312 pingueﬁt
1053 5236 1253 5301 anima,
1296 5245 1592 5307 venterque
1623 5229 1822 5290 divinis
1856 5229 2110 5299 impletur
2171 5226 2347 5281 ﬂumi-

754 5335 939 5391 nibus.
973 5332 1170 5402 Sicque
1198 5328 1336 5385 vixit
1393 5328 1494 5381 sub
1518 5327 1661 5381 bono
1706 5322 1924 5395 spiritu,
1979 5322 2164 5376 multis
2217 5335 2351 5375 con-

755 5435 1005 5482 servatus
1036 5424 1245 5478 utilitas
1270 5427 1327 5475 et
1358 5418 1708 5471 illuminatio.
1736 5414 1871 5469 Cum
1933 5413 2124 5468 fuisset
2171 5421 2347 5466 autem

753 5519 870 5574 dies
901 5526 1148 5579 octavus,
1179 5514 1325 5569 venit
1349 5511 1417 5567 ad
1469 5518 1698 5580 patrem.
1732 5507 1825 5562 llle
1858 5521 1986 5561 vero
2023 5520 2037 5557 :
2077 5503 2177 5558 Ubi
2204 5518 2346 5565 eras,

755 5613 956 5680 inquit,
1020 5609 1118 5673 ﬁli,
1171 5607 1446 5676 prioribus
1480 5601 1691 5663 diebus,
1723 5607 1777 5652 et
1827 5613 1912 5652 me
1951 5595 2229 5666 conjecisti
2291 5595 2346 5658 in

755 5717 1008 5772 magnam
1043 5698 1212 5753 animi
1247 5691 1653 5766 aegritudinem?
1697 5690 1970 5758 Numquid
2022 5689 2116 5743 tibi
2151 5687 2348 5740 accidit

755 5794 959 5862 aliquid
997 5803 1194 5863 praeter
1224 5785 1728 5859 exspectationem?
1765 5783 1814 5838 ls
1837 5796 1964 5835 vero
1998 5799 2010 5834 :
2040 5781 2118 5835 Ad
2151 5795 2342 5848 quem-

756 5888 902 5950 dam,
945 5887 1138 5956 iuquit,
1197 5901 1264 5940 ex
1314 5884 1380 5939 iis
1411 5881 1501 5950 qui
1552 5887 1842 5935 versantur
1894 5875 1949 5929 in
2014 5873 2137 5930 aula
2178 5871 2342 5943 regia,

2454 3276 2542 3328 καὶ
2568 3278 2761 3346 μικρὸν
2796 3279 3069 3349 ὑπεχώρει
3093 3299 3106 3311 ’
3139 3277 3256 3336 εἶτα
3287 3284 3448 3337 πάλιν
3481 3287 3671 3339 ἑαυτοῦ
3707 3290 4040 3354 γενόμενος,

2452 3368 2681 3438 ἐπανῄει
2739 3372 2832 3423 καὶ
2883 3371 2962 3440 τῷ
3020 3375 3219 3442 παιδίῳ
3267 3377 3601 3445 παρίσταται
3639 3379 3872 3448 ’ἔκρινε
3927 3387 4044 3451 γὰρ

2452 3457 2720 3528 αὔταρκες
2751 3464 2973 3531 σημεῖον
3001 3465 3159 3517 τοῦτο
3200 3466 3310 3518 τῶν
3353 3468 3444 3518 τοῦ
3477 3470 3786 3536 πρεσϐύτου
3835 3473 4040 3538 λόγων.

2451 3550 2683 3622 ὀφθῆναι
2711 3555 2757 3607 εί
2782 3556 3024 3625 ἀψευδὼς
3057 3559 3232 3628 ἔχοιεν
3250 3574 3261 3585 '
3286 3562 3650 3629 ἀναστήσεται
3682 3565 3792 3633 γὰρ
3819 3565 3880 3616 τὸ
3910 3583 4044 3616 παι-

2449 3643 2580 3709 δίον,
2605 3648 2732 3716 ἕςρη,
2756 3650 2832 3717 τῷ
2863 3651 3026 3702 αὑτοῦ
3055 3656 3262 3722 ῥήματι
3286 3655 3380 3706 καὶ
3411 3654 3468 3705 τὸ
3505 3656 3693 3726 θηρίον
3717 3658 3744 3709 ὃ
3769 3659 4043 3726 δέδρακ;·θ

2450 3739 2645 3803 ἐκεῖνο,
2671 3745 2940 3795 πείσεται.
2960 3743 3128 3794 Τοῦτο
3145 3747 3222 3804 είς
3245 3745 3366 3797 νοῦν
3397 3763 3451 3797 τε
3479 3746 3635 3798 ἔλαϐε
3666 3754 3757 3800 καὶ
3775 3751 3845 3799 δι’
3867 3753 4042 3820 εὐχῆς

2450 3830 2619 3900 ᾔτησε
2646 3835 2737 3885 καὶ
2759 3833 2872 3902 ἆμα
2893 3834 3074 3904 ὼρᾶτο
3093 3835 3201 3898 ζὼν
3223 3836 3284 3886 τὸ
3304 3837 3530 3902 παιδίον,
3558 3840 3584 3888 6
3602 3839 3701 3907 θὴρ
3731 3841 4040 3909 τεθνηκὼς,

2447 3923 2476 3974 δ
2505 3924 2695 3992 νοητός
2727 3941 2785 3975 τε
2817 3924 2950 3994 παρ’
2984 3927 3163 3997 ἑαυτῷ
3195 3927 3297 3998 θὴρ
3324 3930 3542 3999 καὶτῆς
3567 3932 3826 3995 ἀπεδείας
3853 3937 4044 4006 πατὴρ

2449 4015 2608 4086 (πῆρ)
2655 4016 2835 4089 πολλῷ
2885 4019 3047 4071 πλέον
3119 4019 3417 4085 ἀπολωλὼς
3467 4024 3558 4074 καὶ
3608 4024 4040 4096 διεφθαρμένος.

2521 4107 2798 4176 Ε’.Ταύτη
2848 4109 3135 4178 τοιγαροῦν
3162 4112 3189 4162 6
3225 4113 3537 4166 Παντολέων
3572 4116 3651 4176 είς
3682 4118 3781 4185 τὴν
3829 4119 4045 4179 {siad-

2445 4214 2583 4266 τητα
2613 4199 2709 4268 τῆς
2740 4199 2881 4252 κατά
2932 4201 3167 4269 Χριστὸν
3218 4204 3458 4262 πίστεως
3497 4209 3868 4272 καταντήσας,
3893 4204 4043 4258 εἶδεν

2447 4292 2608 4355 εὐθὺς
2643 4294 2720 4354 είς
2751 4299 2841 4345 τον
2869 4296 3098 4362 οὐρανὸν
3128 4297 3237 4355 τοῖς
3268 4294 3374 4358 ἔξω
3403 4294 3517 4364 ἅμα
3557 4297 3650 4350 καὶ
3689 4300 3800 4358 τοῖς
3829 4299 4044 4350 ἔσωθεν

2448 4383 2754 4453 ὀφθαλμοῖς
2804 4385 3023 4438 καὶτὸν
3090 4374 3400 4440 καλέσαντα
3453 4384 3586 4444 Θεὸν
3647 4392 3751 4441 ἀπὸ
3786 4389 3878 4441 τοῦ
3938 4394 4043 4459 τῆς

2455 4476 2730 4540 ἀπωλείας
2764 4477 2988 4540 σκότους
3021 4479 3102 4540 είς
3127 4478 3188 4532 τὸ
3229 4479 3434 4547 φέγγος
3471 4481 3569 4545 τῆς
3607 4480 3863 4547 ἀληθείας
3895 4487 4045 4550 μετὰ

2459 4570 2657 4640 πολλῆς
2689 4570 2900 4638 εὐλόγει
2951 4572 3050 4640 τῆς
3087 4573 3377 4639 εὐθυμίας.
3427 4569 3561 4624 Εἶτα
3595 4573 3692 4640 οὐχ
3723 4567 3834 4636 οἷός
3861 4590 3922 4626 τε
3963 4576 4040 4626 ὡν

2457 4653 2642 4735 φ’έρειν
2675 4665 2772 4735 τὴν
2806 4665 3024 4734 ἡδονὴν,
3065 4665 3141 4732 τῷ
3179 4665 3458 4736 πρεσσύτῃ
3508 4669 3794 4735 πρόσεισιν
3832 4668 4042 4736 Ἐρμο⁴

2455 4757 2567 4824 λάῳ
2595 4758 2686 4808 καὶ
2721 4757 2779 4808 τὸ
2801 4756 3024 4824 γεγονὸς
3051 4755 3327 4827 ἐξηγεῖται
3353 4761 3450 4813 καὶ
3476 4760 3536 4811 τὸ
3566 4760 3708 4810 θεῖον
3729 4761 3874 4809 αἰτεῖ
3900 4759 4044 4830 παρ’

2454 4848 2620 4900 αὑτοῦ
2651 4846 2953 4918 βάπτισμα.
2986 4848 3044 4902 '0
3077 4850 3132 4902 δὲ
3166 4850 3302 4918 (ᾔδει
3331 4853 3438 4917 γὰρ
3462 4845 3574 4900 οἷον
3599 4849 3696 4918 οἴῳ
3717 4851 4044 4920 χαρίζεται)

2454 4941 2690 5012 ἄσμενος
2755 4942 2978 5013 ἀσμένῳ
3031 4943 3298 5011 ὑπηρετεῖ
3370 4944 3463 4994 καὶ
3503 4942 3631 5012 θείῳ
3684 4943 4047 5014 βαπτίσματι

2452 5036 2544 5089 τὸν
2582 5037 2679 5089 τοῦ
2717 5038 2893 5104 φωτὸς
2942 5036 3090 5100 ἀξιον
3124 5035 3343 5089 τελειοῖ.
3389 5035 3562 5088 Ἐπτά
3603 5037 3659 5087 δὲ
3710 5039 3934 5104 ἡμέρας
3971 5040 4048 5109 τῷ

2453 5130 2671 5201 γέροντι
2722 5129 3088 5198 παραμείνας,
3134 5132 3246 5192 τοῖς
3299 5128 3548 5196 ποτίμοις
3620 5127 3784 5180 αὑτοῦ
3851 5129 4049 5198 λόγοις

2453 5223 2678 5292 ἄρδεται
2728 5219 2826 5294 τὴν
2886 5220 3137 5292 καρδίαν,
3211 5220 3488 5274 πιαίνεται
3526 5222 3627 5286 τὴν
3674 5221 3876 5290 ψυχὴν,
3945 5228 4049 5290 τὴν

2453 5314 2659 5368 κοιλίαν
2696 5313 2958 5383 ποταμῶν
3013 5313 3172 5366 θείων
3232 5312 3484 5380 ἔμπλεως
3565 5311 3792 5379 γίνεται.
3843 5314 4052 5376 υῦτως

2456 5407 2563 5459 ὑπὸ
2595 5404 2672 5474 τῷ
2703 5405 2897 5476 ἀγαθῷ
2949 5402 3225 5472 πνεύματι
3278 5402 3373 5470 ἔζη
3409 5401 3622 5464 πολλοῖς
3660 5402 3911 5470 ὠφέλεια
3953 5404 4054 5453 xxi

2453 5497 2735 5567 φωτισμδς
2769 5495 3229 5565 συντηρούμενος⁹
3268 5494 3483 5562 ἡμέρας
3521 5493 3577 5546 δὲ
3612 5495 3923 5562 γενομένης
3968 5494 4056 5560 ὀγ-

2449 5591 2600 5660 δόης,
2644 5587 3059 5657 καταλαμόἀνει
3094 5587 3230 5655 πρὸς
3263 5586 3354 5636 τὸν
3388 5588 3626 5654 πατέρα.
3660 5588 3766 5638 Καὶ
3798 5585 3856 5645 ὃς
3881 5600 3893 5610 ·
3937 5586 4052 5637 Ποῦ

2449 5679 2537 5754 ἧς,
2565 5683 2775 5745 τέκνον,
2802 5681 2898 5743 τὰς
2927 5680 3032 5749 πρὸ
3061 5679 3156 5730 τοῦ
3184 5679 3414 5748 ἡμέρας,
3438 5682 3624 5746 φησιν,
3645 5678 3736 5728 καί
3765 5693 3827 5740 με
3867 5679 4054 5746 πολλῇ

2452 5774 2775 5847 περιεΰαλες
2805 5774 2989 5844 ὀδύνῃ,
3017 5773 3089 5841 μή
3125 5769 3205 5822 σοί
3230 5789 3287 5824 τε
3319 5774 3426 5825 τῶν
3449 5772 3729 5839 ἀδοκήτων
3765 5769 4052 5840 συμϐαίη,

2467 5872 2525 5923 Ὀ
2558 5869 2641 5921 δέ·
2679 5869 2904 5938 Ἀνδρα,
2947 5866 3074 5937 ἔφη,
3118 5863 3225 5916 τῶν
3259 5865 3386 5932 περὶ
3443 5863 3508 5914 τὰ
3563 5861 3808 5928 βασίλεια
3844 5861 4058 5922 ὅντων,
