4226 6436
196 419 312 485 453

1334 416 1512 479 νΙΤΑ
1551 417 1613 477 S.
1659 411 2323 475 PANTELEEMONIS.

3357 419 3464 481 454

193 534 341 603 νόσῳ
371 531 560 603 βαρείᾳ
599 529 1036 601 κατειλημμένον
1064 527 1467 600 περιοδεύοντες
1496 525 1638 600 ἦμεν
1664 526 1774 596 ἐγώ

1879 528 2027 598 gravi
2087 527 2281 582 morbo
2318 525 2674 589 laborantem,
2731 523 2964 595 profecti
3013 542 3230 585 eramus
3285 545 3385 602 ego
3417 543 3469 588 et

195 643 260 679 τε
295 627 388 679 καὶ
416 627 442 678 ὁ
475 624 825 688 διδάσκαλος’
856 625 948 676 καὶ
983 623 1106 678 ἐπεὶ
1135 622 1212 692 τῷ
1245 622 1466 693 βασιλεῖ
1490 615 1647 687 οὗτος
1680 640 1773 676 κε-

195 719 533 789 χαρισμένος
555 713 622 788 ἦν
659 718 752 771 καὶ
790 716 1071 786 φροντίδος
1103 716 1187 768 ὅτι
1224 716 1425 785 πολλῆς
1466 716 1638 780 ἄξιος,
1673 716 1775 770 οὐκ

191 805 266 880 ἦν
299 809 505 862 ἐκεῖθεν
541 809 674 877 ἡμῖν
708 807 766 860 τὸ
797 807 1096 875 ἀποστῆναι
1133 805 1336 878 ῥᾴδιον,
1375 807 1513 861 ἀλλὰ
1539 806 1776 860 διετελέ-

195 917 372 969 σαμεν
411 899 615 960 ταύτας
654 898 718 968 δὴ
757 898 853 958 τὰς
899 897 1042 949 ἐπτὰ
1080 897 1352 966 παρόντες
1401 897 1636 967 ἡμέρας,
1670 897 1775 961 ἕως

193 992 448 1062 καθαρᾶς
480 993 686 1052 ἐκεῖνος
731 989 1004 1042 ἀπέλαυσε
1059 988 1291 1056 ὑγιείας.
1317 988 1501 1042 Ταῦτα
1552 988 1776 1057 εἴρηκεν

192 1085 259 1137 οὐ
296 1083 618 1152 φιλοψευδὴς
667 1080 762 1146 ὢν,
811 1081 927 1134 ἀλλ’
972 1081 1277 1149 οἰκονομῶν
1317 1082 1375 1131 ἐν
1419 1079 1600 1149 κρίσει
1649 1080 1777 1142 τοὺς

193 1175 390 1241 λόγους
418 1191 431 1204 ο
475 1173 728 1242 ἔστιγὰρ
769 1173 856 1224 ὅτε
899 1174 990 1226 καὶ
1029 1172 1088 1225 τὸ
1118 1171 1313 1240 ψεῦδος
1363 1172 1731 1241 προτιμητέον
1759 1186 1775 1203 ³

196 1267 257 1317 οὐ
295 1265 440 1318 κατά
471 1283 523 1316 τι
549 1265 778 1331 φαῦλον,
806 1267 900 1316 καὶ
932 1263 1290 1332 ἀνελεύθερον
1318 1263 1776 1332 σπουδαζόμενον,

197 1358 336 1410 ἀλλὰ
361 1357 482 1410 κατ’
512 1356 830 1426 οἰκονομίαν
862 1355 1157 1424 ἐπαινετὴν
1210 1355 1704 1426 προσκρινὸμενον.

270 1449 363 1516 ς’.
387 1451 574 1520 Ταύτῃ
599 1467 682 1500 τοι
715 1449 806 1501 καὶ
835 1447 935 1518 τὴν
972 1446 1239 1502 ἐπιοῦσαν
1290 1449 1428 1520 πρὸς
1479 1451 1572 1502 τὸν
1627 1449 1779 1503 διδά-

204 1543 407 1595 σκαλον
439 1543 779 1608 Εὐφρόσυνον
814 1540 1072 1607 γεγονὼς,
1101 1543 1221 1596 ἐπεὶ
1247 1543 1494 1605 κάκεῖνος
1522 1542 1592 1595 τὰ
1617 1544 1778 1612 ὅμοια

197 1636 381 1702 ἤρετο.
401 1632 790 1701 παραπλησίαν
814 1631 1012 1684 δέδωκε
1031 1634 1124 1685 καὶ
1156 1634 1306 1703 αύτῷ
1331 1635 1428 1702 τὴν
1454 1634 1774 1700 ἀπολογίαν.

207 1723 264 1775 '0
317 1723 520 1791 πατὴρ,
552 1723 749 1790 λέγων,
783 1725 952 1791 ἀγρὸν
996 1723 1248 1792 ὠνήσατο
1305 1725 1400 1776 καὶ
1433 1724 1625 1777 τοῦτον
1675 1723 1776 1794 ἐμὲ

196 1815 534 1884 παραλαϐεῖν
591 1816 1002 1883 προσετρέψατο
1026 1832 1040 1846 ·
1071 1810 1239 1886 οὗπερ
1281 1817 1381 1868 οὐκ
1409 1811 1475 1886 ἦν
1528 1832 1617 1884 μοι
1645 1818 1778 1868 ἀπο-

197 1904 392 1973 στῆναι
424 1905 606 1973 σχολὴ,
630 1903 734 1968 ἕως
767 1909 942 1957 πάντα
982 1906 1051 1956 τὰ
1094 1907 1257 1958 αὑτοῦ
1293 1907 1568 1974 ἐπόψομαι
1607 1924 1778 1976 προσ-

195 1997 431 2064 εχὸντως
458 2037 472 2057 ,
505 1998 597 2046 καὶ
627 1992 704 2057 οἷς
750 1996 1031 2064 προσῆκον
1066 1997 1276 2049 ἐκείνου
1320 1998 1416 2066 τὴν
1454 1999 1776 2066 ἐπιμέλειαν

197 2088 507 2154 ἐγχειρίσω.
532 2088 732 2139 Πολλοῦ
760 2090 867 2155 γὰρ
898 2088 1048 2150 ἄξιος
1081 2080 1238 2151 οὗτος
1283 2089 1380 2140 καὶ
1425 2089 1599 2141 οὐδενὶ
1631 2089 1776 2156 ἄλλη)

195 2182 496 2248 κτημάτων
533 2179 1038 2249 παραϐαλλόμενος.
1073 2179 1243 2232 Τοῦτο
1269 2180 1327 2231 δὲ
1363 2180 1517 2247 ἔλεγε
1563 2181 1660 2250 τὴν
1683 2180 1776 2233 τοῦ

197 2273 342 2324 θείου
377 2271 752 2340 βαπτίσματος
780 2272 1232 2340 ὑπαινιττόμενος
1267 2275 1450 2344 χάριν.
1487 2274 1690 2342 Ἔργον
1720 2275 1776 2326 δὲ

197 2365 436 2414 ἐποιεῖτο
474 2364 570 2414 καὶ
623 2363 743 2415 λίαν
796 2365 1054 2432 ἐπιμελὲς
1088 2366 1396 2433 ἀποστῆσαι
1431 2366 1531 2434 τῆς
1566 2367 1777 2438 πλάνης

197 2457 291 2507 τὸν
343 2456 556 2523 πατέρα
613 2456 778 2508 αὑτοῦ
820 2456 914 2509 καὶ
959 2458 1247 2508 συνθέσθαι
1281 2461 1348 2528 τῇ
1385 2457 1638 2528 εὐσεϐείᾳ
1674 2437 1780 2510 τία-

204 2550 549 2619 ρασκευάσαι
600 2549 757 2618 χρέος
809 2551 888 2600 ὅτι
950 2548 1185 2615 μάλιστα
1245 2549 1611 2602 δυσαπόδοτον
1649 2551 1770 2602 υἱοῦ

199 2644 339 2712 πρὸς
373 2644 583 2706 πατέρα
619 2642 718 2708 τῆς
760 2643 838 2702 εἰς
878 2641 938 2691 τὸ
970 2636 1108 2692 εἶναι
1138 2641 1382 2708 δηλονότι
1436 2645 1776 2712 παραγωγῆς

200 2734 499 2802 φιλοτίμως
534 2733 822 2784 ἀποδοῦναι
857 2733 1174 2794 σπουδάζων
1212 2736 1306 2786 καὶ
1335 2735 1425 2786 τὸν
1464 2737 1605 2787 κατὰ
1644 2739 1774 2808 σάρ-

199 2845 275 2880 κα
305 2827 641 2896 γεγενηκότα
685 2827 770 2879 διὰ
806 2825 1110 2894 πνεύματος
1168 2827 1532 2896 άναγεννῆσαι
1589 2828 1774 2896 βουλό-

204 2935 388 2990 μενος.
412 2921 570 2972 Ὅθεν
605 2921 665 2970 ού
689 2921 895 2972 διέλιπε
929 2920 1110 2988 σοσῶς
1143 2921 1307 2973 αὐτὸν
1345 2921 1518 2973 ὑπιὼν
1554 2921 1776 2987 πεύσεις

197 3029 261 3064 τε
312 3014 611 3081 προτείνων
657 3015 756 3066 οὐκ
812 3014 1066 3077 εὐλύτους
1117 3016 1213 3066 καὶ
1250 3013 1396 3065 οὕτω
1434 3016 1778 3068 διασαλεύειν

198 3106 300 3170 τὴν
333 3106 626 3172 θρησκείαν
646 3107 808 3156 αὑτοῦ
830 3109 1190 3172 πειρώμενος.
1213 3107 1275 3155 Τί
1297 3124 1422 3159 ποτε
1448 3108 1576 3176 γάρ.
1599 3107 1774 3174 ἔλεγε,

1880 618 2158 689 magister,
2213 627 2270 672 et
2302 619 2556 688 quoniam
2615 618 2660 673 is
2708 629 2825 673 erat
2883 629 3068 689 gratus
3128 622 3470 692 imperatori,

1881 721 1935 766 et
1989 712 2187 782 dignus
2233 712 2388 782 cujus
2433 727 2625 782 magna
2669 727 2798 767 cura
2847 725 3148 782 gereretur,
3197 731 3306 769 non
3353 727 3470 773 erat

1879 804 2104 856 omnino
2138 802 2294 857 facile
2325 803 2482 856 nobis
2516 802 2662 856 illinc
2712 803 2994 870 recedere,
3025 806 3118 859 sed
3177 816 3471 876 perpetuos

1879 900 2086 959 septem
2113 890 2230 943 dies
2261 890 2369 944 illic
2410 890 2609 944 fuimus
2641 900 2960 958 przesentcs,
2986 892 3160 946 donec
3192 894 3281 947 ille
3321 896 3470 948 sani-

1882 993 2044 1037 tatem
2072 999 2259 1052 puram
2291 993 2372 1037 est
2399 993 2746 1037 consecutus.
2785 984 2909 1038 Htec
2940 985 3095 1048 dixit,
3141 1002 3250 1040 non
3280 987 3470 1042 dicens

1879 1076 2247 1140 mendacium,
2319 1076 2415 1129 sed
2485 1077 2709 1144 mystice
2792 1078 2956 1132 verba
3032 1079 3355 1146 dispensans
3415 1083 3470 1132 in

1876 1164 2084 1233 judicio
2116 1165 2454 1229 oeconomiae,
2504 1180 2614 1219 non
2674 1176 2854 1221 autem
2904 1167 3032 1223 mali
3087 1169 3313 1238 alicujus
3337 1183 3472 1222 con-

1880 1256 1987 1311 silii
2011 1272 2196 1311 causa.

1948 1443 2037 1499 Vl.
2071 1443 2260 1499 Itidem
2297 1460 2418 1500 cum
2479 1445 2727 1515 sequenti
2780 1460 2995 1516 quoque
3025 1447 3114 1502 die
3144 1447 3382 1502 venisset
3407 1450 3472 1503 ad

1878 1537 2198 1605 magistrum
2265 1537 2684 1608 Euphrosynum
2755 1540 3035 1608 (quoniam
3099 1540 3188 1593 ille
3256 1557 3473 1609 quoque

1877 1627 2067 1681 eadem
2102 1627 2503 1697 interrogavit),
2535 1627 2600 1681 ad
2657 1644 2780 1681 eum
2817 1630 2977 1682 simili
3016 1647 3144 1684 usus
3193 1638 3276 1685 est
3313 1646 3476 1684 exeu-

1879 1722 2140 1775 satione:
2190 1719 2372 1784 Pater,
2442 1721 2652 1786 dicens,
2712 1724 2841 1776 emit
2898 1733 3168 1793 agrum,et
3226 1740 3310 1777 me
3352 1740 3474 1777 eum

1877 1813 2039 1880 jussit
2087 1812 2355 1882 accipere,
2397 1827 2427 1864 a
2469 1828 2576 1882 quo
2615 1827 2725 1868 non
2763 1823 2846 1867 est
2880 1815 3011 1868 milii
3073 1819 3244 1870 etiam
3297 1818 3477 1870 disce-

1882 1905 2067 1970 dendi,
2117 1906 2288 1959 donec
2317 1907 2436 1975 ejus
2477 1906 2656 1960 omnia
2712 1916 2916 1960 attente
2967 1907 3256 1975 inSpexero
3285 1949 3298 1972 ,
3328 1918 3381 1962 et
3411 1911 3476 1962 iis

1881 1997 2077 2066 quibus
2133 2007 2372 2064 oportet,
2411 2013 2597 2050 curam
2664 1999 2808 2052 illius
2860 1999 3149 2053 tradidero.
3190 1995 3287 2053 Est
3325 2000 3473 2053 enim

1879 2091 2056 2160 magni
2089 2090 2247 2159 pretii
2279 2106 2291 2154 ;
2328 2099 2379 2144 et
2412 2091 2502 2158 qui
2540 2105 2659 2143 cum
2693 2091 2838 2144 nulla
2869 2093 2972 2146 alia
3000 2103 3177 2161 potest
3236 2093 3477 2149 conferri

1881 2186 2248 2253 possessione.
2316 2181 2429 2237 lloc
2488 2199 2616 2237 vero
2683 2185 2919 2248 dicebat,
3011 2187 3171 2240 tacite
3237 2192 3477 2244 innitens

1879 2277 2106 2346 gratiam
2149 2278 2333 2330 divini
2374 2278 2739 2348 baptismatis.
2765 2279 2931 2331 Porro
2983 2288 3163 2332 autem
3215 2296 3472 2348 magnum

1877 2370 2168 2426 adhibebat
2229 2371 2468 2423 studium
2532 2381 2586 2426 et
2639 2372 2995 2440 diligentiam,
3053 2385 3109 2426 ut
3165 2385 3372 2443 patrem
3406 2376 3475 2428 ab

1878 2477 2063 2515 errore
2093 2463 2407 2526 abduceret,
2442 2474 2491 2517 et
2529 2465 2784 2524 ediceret.
2818 2475 2876 2518 ut
2933 2466 3120 2534 pietati
3175 2470 3475 2521 assentire-

1880 2560 1987 2615 tur,
2030 2569 2154 2607 eum
2212 2557 2301 2623 qui
2341 2556 2514 2623 ipsum
2547 2568 2813 2625 genuerat
2857 2559 3158 2610 secundum
3227 2573 3462 2627 carnem,

1879 2645 1992 2714 ipse
2023 2661 2118 2713 per
2177 2645 2426 2714 spiritum
2480 2647 2706 2700 studens
2759 2663 3101 2717 regenerare.
3151 2648 3270 2714 Quo
3328 2653 3471 2704 circa

1887 2749 2166 2803 nunquam
2223 2738 2461 2790 cessavit
2518 2738 2692 2807 ipsum
2769 2741 3046 2806 sapienter
3129 2742 3365 2810 aggredi,
3418 2750 3474 2793 et

1877 2839 2181 2895 proponere
2245 2828 2722 2898 interrogationes,
2792 2847 2910 2899 qua:
2943 2847 3048 2884 non
3115 2831 3271 2886 facile
3335 2833 3472 2887 solvi

1877 2929 2120 2986 possent,
2172 2931 2222 2973 et
2252 2921 2332 2973 sic
2379 2921 2496 2989 ejus
2549 2922 2602 2973 in
2635 2922 2796 2974 falsos
2845 2923 2976 2976 deos
3028 2927 3471 2992 superstitionem

1878 3014 2062 3063 conari
2116 3012 2434 3066 dissolvere.
2460 3012 2703 3076 Quanam
2742 3014 2886 3068 enim
2918 3015 2985 3068 de
3023 3031 3207 3078 causa,
3235 3016 3470 3079 dicebat,

1880 3116 1911 3153 ο
1941 3112 2114 3169 pater,
2158 3103 2248 3169 qui
2283 3109 2349 3154 ab
2385 3104 2546 3156 initio
2584 3105 2804 3172 quidem
2849 3106 3084 3169 stabant,
3115 3122 3260 3159 nunc
3295 3109 3472 3160 adhuc

198 3200 249 3249 οξ
283 3198 413 3256 θεοὶ,
473 3196 740 3263 πάτερ,οί
789 3199 886 3262 μὲν
947 3197 1004 3258 ἐξ
1049 3198 1218 3264 ἀρχῆς
1259 3199 1538 3263 ἱστάμενοι
1571 3200 1650 3250 ἔτι
1686 3204 1776 3252 καὶ

1888 3203 2057 3259 stant,
2135 3193 2355 3246 sedendi
2421 3210 2699 3263 nunquam
2765 3198 3073 3251 memores?
3142 3199 3472 3266 Quicunque

200 3289 301 3344 νῦν
341 3290 607 3353 ἵστανται,
638 3288 904 3358 μηδέποτε
927 3288 1195 3358 καθέδρας
1229 3289 1595 3358 μνησθέντες,
1625 3292 1776 3344 Ὅσοι

199 3384 258 3438 ει
314 3385 578 3453 κάθηνται
620 3384 800 3450 πάλιν,
846 3383 991 3437 οὕτω
1022 3383 1110 3436 διά
1161 3386 1363 3447 παντὸς
1418 3386 1640 3452 μένουσι
1687 3383 1780 3435 καὶ

200 3477 461 3529 οὐδέποτε
495 3475 756 3547 ὧᾳοησαν
811 3476 1176 3538 ἀναστάντες
1213 3475 1431 3527 Τούτων
1465 3477 1558 3527 καὶ
1602 3475 1779 3526 ἄλλων

200 3569 413 3637 ὁμοίων
458 3573 483 3620 ὁ
517 3571 698 3637 πατὴρ
758 3567 1014 3628 ἀκούσας,
1045 3570 1265 3628 ἀπόρως
1333 3563 1444 3637 εἶχε
1500 3568 1634 3638 πρὸς
1682 3567 1780 3634 τὴν

204 3660 456 3711 ἐπίλυσιν
487 3663 580 3710 καί
609 3659 708 3727 ἤδη
741 3660 868 3728 περὶ
901 3658 1026 3718 τοὺς
1072 3660 1267 3720 αὐτοὺς
1313 3659 1650 3709 διεσέσειστο
1686 3661 1780 3711 καὶ

205 3749 524 3819 ﬁxed/expc;
564 3745 654 3819 ἦν,
709 3751 845 3818 ὅπερ
878 3756 904 3800 ὸ
933 3748 1247 3800 Παντολέων
1279 3746 1420 3816 ὁρῶν
1472 3747 1778 3812 ἐμεγάλυνε

202 3842 300 3894 τοῦ
332 3841 568 3912 Χριστοῦ
600 3840 659 3892 τὸ
693 3841 864 3909 ὄνομα
906 3839 1002 3892 καλ⁵
1050 3840 1275 3908 χάριτας
1310 3836 1457 3907 αὑτῷ
1490 3837 1777 3906 ὡμολόγει,

203 3935 287 3985 ὅτι
313 3938 451 3994 τὲως
483 3933 611 4000 γοῦν
645 3930 1018 3995 ἐπιδοιάζοντα
1049 3931 1212 3999 έθηκε
1253 3931 1345 3982 τὸν
1373 3929 1534 3981 αὑτοῦ
1567 3933 1780 4000 πατέρα

204 4027 304 4078 καὶ
342 4020 393 4091 (δ’
429 4041 590 4092 φησιν
636 4022 794 4090 Ὠσηὲ
825 4026 851 4074 ὀ
877 4021 1038 4086 θεῖος)
1063 4023 1355 4088 μερίζοντα
1382 4022 1631 4089 καρδίαν,
1658 4021 1782 4074 ὅθεν

203 4115 330 4166 οὐδὲ
364 4112 585 4182 ἑώρακα
610 4113 676 4164 τὰ
702 4111 798 4180 τὴν
823 4110 1198 4178 προλαϐοῦσαν
1228 4111 1516 4183 συνήθειαν
1541 4112 1782 4182 δαψιλῶς

203 4207 273 4260 αὑ
285 4208 369 4258 τὸν
404 4223 509 4276 προ
520 4207 804 4274 σφέροντα,
817 4204 915 4268 τὰς
951 4202 1161 4264 Θυσίας.

275 4300 356 4355 Z'.
385 4301 672 4369 Βουληθεὶς
698 4296 789 4351 οὖν
818 4299 914 4367 τὴν
941 4298 1164 4368 πρώτην
1186 4297 1473 4366 συντρίψαι
1509 4300 1601 4351 καὶ
1646 4299 1783 4352 καθ-

203 4397 349 4449 ελεῖν
391 4397 459 4447 τὰ
494 4395 588 4447 τοῦ
638 4395 845 4464 πατρὸς
901 4394 1095 4445 εἴδωλα
1151 4393 1320 4445 πολλὰ
1354 4393 1484 4445 ὄντα
1522 4393 1672 4461 παρὰ
1705 4393 1782 4462 τῷ

204 4487 376 4546 αὑτοῦ
405 4487 644 4549 κοιτῶνι,
673 4489 895 4554 ἐπέσχε,
916 4487 990 4554 μὴ
1042 4487 1374 4555 παροργίσαι
1416 4484 1736 4554 βουλόμενος
1764 4499 1779 4515 ο

1892 3298 2074 3339 autem
2103 3303 2290 3341 rursus
2325 3288 2536 3350 sedent,
2570 3289 2647 3341 sic
2674 3298 2895 3341 manent
2932 3299 3214 3358 perpetuo,
3249 3302 3304 3344 et
3334 3306 3468 3344 nun-

1887 3393 2045 3445 quam
2067 3381 2165 3432 visi
2192 3395 2412 3448 surgere
2435 3382 2455 3431 ?
2477 3381 2598 3433 Haec
2623 3391 2676 3434 et
2700 3382 2798 3434 alia
2825 3379 3019 3435 similia
3046 3396 3194 3452 pater
3221 3384 3469 3446 audiens,

1894 3463 2178 3525 haesitabat
2212 3471 2266 3523 in
2304 3486 2490 3524 eorum
2525 3473 2812 3535 solutione,
2840 3484 2893 3525 et
2918 3475 3027 3541 jam
3065 3477 3118 3525 in
3150 3490 3246 3526 sua
3273 3475 3339 3529 de
3369 3476 3472 3530 diis

1891 3564 2147 3632 Opinione
2213 3565 2543 3626 lahescebat,
2585 3573 2640 3619 et
2697 3573 2813 3618 erat
2868 3564 3119 3633 ancipitis
3160 3565 3468 3621 sententiae.

1889 3657 2042 3723 Quod
2070 3658 2286 3727 quidem
2315 3658 2506 3710 videns
2542 3657 2860 3719 Pantaleon,
2889 3654 3084 3710 Christi
3128 3673 3324 3711 nomen
3353 3673 3472 3711 ma-

1889 3751 2009 3820 gnis
2040 3751 2288 3804 laudibus
2314 3750 2593 3813 ederebat,
2613 3757 2670 3800 et
2703 3761 2923 3818 magnas
2953 3749 2998 3800 ei
3033 3749 3222 3818 agebat
3251 3748 3467 3818 gratias.

1889 3841 2031 3908 quod
2070 3853 2275 3908 patrem
2311 3853 2468 3890 suum
2517 3840 2707 3889 saltem
2757 3835 3079 3890 reddidisset
3112 3838 3467 3900 dubitantem,

1889 3942 1945 3987 et
1979 3933 2142 4002 (quod
2174 3931 2390 3985 divinus
2415 3931 2492 3984 ait
2519 3928 2690 3984 Oseas
2717 3931 2760 4000 ')
2793 3944 2888 3983 cor
2928 3930 3280 3982 dividentem.
3316 3928 3459 3993 Quo-

1890 4030 2033 4082 circa
2085 4042 2186 4080 nec
2235 4040 2358 4080 eum
2422 4025 2657 4088 videbat,
2687 4031 2746 4077 ut
2795 4023 3024 4091 solebat,
3081 4022 3385 4093 lrequentia
3413 4030 3469 4076 et

1889 4121 2094 4191 optima
2123 4119 2441 4172 offerentem
2474 4117 2762 4172 sacriﬁcia.

1977 4305 2082 4360 νη.
2158 4305 2292 4364 Cum
2341 4306 2519 4374 itaque
2568 4304 2743 4374 primo
2791 4301 3054 4357 voluisset
3083 4310 3367 4357 conterere
3413 4313 3469 4356 et

1889 4399 2169 4454 destruere
2225 4399 2394 4467 patris
2427 4397 2734 4458 simulacra,
2776 4411 2894 4461 qua:
2927 4396 2978 4448 in
3038 4395 3158 4466 ejus
3212 4395 3466 4450 cubiculo

1891 4502 2047 4550 erant
2077 4491 2268 4549 multa,
2301 4502 2360 4541 se
2394 4487 2683 4542 continuit.
2717 4488 2766 4540 ls
2787 4488 2931 4541 enim
2968 4487 3232 4540 honorare
3255 4496 3463 4555 patrem

207 4578 416 4630 πολλοῦ
456 4581 568 4645 γὰρ
605 4576 768 4644 ἐτίμα
813 4577 873 4627 τὸ
909 4578 1124 4644 πατέρα
1154 4577 1342 4647 τιμᾷν.
1378 4577 1568 4643 Ἔλεγε
1604 4577 1776 4639 δὲ,ὃτι

1891 4585 2068 4656 magni
2102 4579 2580 4637 faciebat.Dicebat
2603 4579 2747 4631 enim
2775 4591 2790 4636 :
2820 4577 2931 4648 Ego
2957 4593 3080 4631 eum
3106 4578 3282 4645 potius
3303 4579 3463 4631 indu-

205 4670 391 4722 πειθοῖ
445 4668 646 4738 μᾶλλον
706 4667 868 4721 αὑτὸν
922 4670 1193 4737 ἐπάξομαι
1246 4671 1339 4720 καὶ
1381 4671 1656 4740 ἐπιεικείᾳ
1708 4670 1784 4738 τῷ

204 4761 434 4830 Χριστῷ
498 4759 812 4823 πιστεῦσαι,
857 4762 950 4815 καὶ
997 4759 1167 4824 οὓτως
1221 4758 1545 4830 ἀμφοτέροις
1607 4759 1779 4822 ἔσται,

205 4854 386 4906 ταῦτα
414 4853 764 4907 καταϐαλεῖν.
783 4856 880 4905 Διὰ
906 4852 1064 4905 τοῦτο
1099 4852 1192 4905 καὶ
1216 4854 1244 4904 ὁ
1273 4855 1370 4922 τὴν
1395 4852 1616 4922 ἐντολὴν
1661 4852 1783 4914 δοὺς

209 4947 430 5014 πατέρα
465 4947 654 5016 τιμᾷν,
683 4943 780 5014 τῆς
810 4944 1013 5013 πολλῆς
1031 4945 1233 5013 ταύτης
1264 4943 1551 5007 εὑλαόείας
1577 4946 1784 4998 ἐκεῖνον

206 5037 666 5105 ἀποδειξάμενος,
713 5036 968 5106 ἀφορμὴν
1052 5038 1326 5106 παρέσχεν
1380 5036 1714 5104 ἐπιτηδείαν,
1746 5037 1779 5105 ἢ

208 5132 304 5182 καὶ
335 5130 426 5182 τὸν
459 5126 624 5181 αὑτοῦ
657 5131 871 5194 πατέρα
903 5127 1121 5198 ὁμαλῶς
1156 5127 1300 5179 οὕτω
1343 5129 1437 5179 καὶ
1467 5129 1646 5197 ἠπίως
1691 5144 1782 5178 πι-

209 5219 441 5274 στεῦσαι
468 5220 761 5289 πεποίηκε,
781 5222 1032 5272 κάκεῖνον
1052 5219 1246 5274 ἑαυτοῦ
1266 5219 1458 5288 μισθοῦ
1479 5220 1602 5271 ὅσου
1618 5222 1780 5273 κατέ-

207 5328 380 5384 στησε
411 5312 690 5382 πρόξενον.
715 5311 896 5364 Ταῦτα
929 5313 1036 5381 γὰρ
1067 5311 1436 5382 ἐνθυμωμένῳ
1470 5312 1547 5380 τῷ
1579 5314 1778 5364 Παντο-

205 5407 388 5460 λέοντι
414 5405 810 5476 προσέρχονταί
849 5421 992 5466 τινες
1033 5405 1547 5476 χειραγωγούμενον
1582 5407 1779 5472 τυφλὸν

203 5498 565 5567 ἐπαγόμενοι.
602 5499 880 5568 Κόψαντες
925 5493 1016 5550 οὖν
1051 5498 1149 5568 τὴν
1202 5498 1392 5566 θύραν,
1419 5497 1780 5552 ἐπυνθάνοντο

203 5595 254 5644 εἰ
281 5569 472 5661 παρὼν
503 5592 586 5660 εἴη
623 5592 935 5646 Παντολέων
963 5608 988 5644 ο
1017 5591 1216 5660 ἰατρός.
1244 5592 1522 5652 Μαθόντες
1548 5592 1603 5643 δὲ
1637 5608 1778 5660 παρ-

199 5690 366 5756 εῖναι,
417 5689 757 5758 προσέμενον
797 5704 810 5718 ·
852 5686 1031 5750 καὶός
1078 5685 1340 5752 ἀκούσας,
1390 5687 1525 5757 μετὰ
1575 5685 1777 5754 πολλῆς

277 5849 297 5878 ⁹
329 5845 471 5904 Osee
504 5863 558 5909 ῖς,
593 5849 646 5903 2.

1887 4692 2006 4730 eam
2040 4672 2411 4742 persuasione,
2446 4671 2775 4735 lenitathue
2805 4677 2858 4720 et
2898 4667 3312 4722 mansuetudine
3349 4667 3464 4720 eiii-

1887 4769 2049 4828 ciam,
2082 4775 2140 4816 ut
2174 4760 2391 4814 Christo
2421 4759 2607 4812 credat
2642 4775 2655 4812 :
2689 4769 2745 4812 et
2768 4759 2846 4812 sic
2895 4757 3155 4812 ambobus
3187 4773 3249 4812 ea
3280 4759 3464 4818 licebit

1887 4859 2144 4928 dejicere.
2175 4855 2242 4910 Et
2269 4853 2389 4908 ideo
2420 4852 2485 4913 is,
2524 4852 2613 4920 qui
2645 4862 2851 4921 patrem
2877 4854 3134 4924 pra>cepit
3171 4853 3458 4915 honorare,

1890 4951 2036 5005 illius
2071 4963 2316 5018 magnam
2363 4947 2697 5016 amplectens
2733 4944 2987 5012 pietatem
3020 4956 3198 5014 aptam
3235 4947 3464 5015 praebuit

1887 5043 2254 5102 occasionem,
2283 5054 2403 5108 qnze
2435 5038 2581 5101 fecit,
2607 5048 2664 5091 ut
2690 5038 2806 5106 ejus
2829 5048 2980 5107 pater
3003 5036 3158 5104 plane
3181 5045 3233 5089 et
3251 5035 3457 5105 placide

1883 5137 2131 5193 crederet
2161 5152 2172 5185 :
2204 5142 2258 5186 et
2288 5131 2618 5201 procuravit,
2639 5139 2697 5183 ut
2724 5130 2812 5182 ille
2842 5144 3092 5198 magnam
3119 5128 3218 5182 sibi
3248 5141 3466 5196 pararet

1894 5225 2219 5278 mercedem.
2258 5223 2383 5274 Haec
2407 5235 2529 5273 cum
2562 5217 3163 5286 cogitaretPantoleon,
3196 5219 3461 5272 accedunt

1891 5316 2130 5386 quidam,
2168 5329 2390 5375 czccum,
2419 5312 2510 5381 qui
2536 5326 2696 5364 manu
2733 5311 3041 5377 deducitur,
3077 5311 3408 5366 adducentes
3441 5331 3454 5368 :

1887 5411 2022 5464 Cum
2052 5409 2196 5463 fores
2231 5417 2411 5461 autem
2441 5407 2769 5475 pulsassent,
2816 5407 3076 5474 rogabant
3128 5420 3198 5459 an
3243 5407 3460 5460 adesset

1889 5497 2183 5553 Pantaleon
2219 5497 2478 5551 medicus.
2509 5496 2644 5550 Cum
2677 5510 2803 5550 vero
2828 5496 3018 5551 adesse
3046 5496 3457 5564 intellexissent,

1885 5591 2288 5662 exspectabant.
2321 5589 2411 5642 Ille
2439 5597 2616 5645 autem
2652 5604 2773 5643 cum
2805 5588 3085 5652 audiisset,
3125 5605 3246 5645 cum
3282 5593 3458 5645 maxi-

1886 5699 1974 5739 mo
2039 5684 2215 5737 studio
2267 5680 2562 5752 egreditur,
2617 5690 2821 5753 patrem
2872 5697 3088 5753 quoque
3107 5683 3265 5740 simul
3304 5698 3457 5739 assu-
