4226 6436
755 401 866 471 455

2078 398 2359 464 MENSIS
2399 400 2691 462 IULIUS.

3922 401 4028 462 456

760 531 935 573 mens.
966 516 1096 568 Cum
1128 520 1305 568 autem
1350 512 1572 568 vidisset
1600 528 1825 580 caecum,
1857 514 2065 585 rogavit
2118 528 2356 584 quonam

2462 511 2606 582 ἐξῄει
2635 512 2731 580 τῆς
2757 510 3012 581 σπουδῆς,
3039 510 3373 580 παραλαϐὼν
3405 513 3518 582 ἅμα
3564 513 3653 566 καὶ
3690 516 3777 566 τὸν
3802 516 4041 585 πατέρα,

759 622 896 678 opus
964 607 1211 662 haberet.
1267 606 1361 660 Ille
1413 621 1585 659 vero:
1624 605 1790 669 Luce,
1841 606 2036 675 inquit,
2087 622 2193 676 qua
2233 621 2355 659 sum

761 701 1026 770 privatus,
1080 708 1135 752 et
1184 713 1289 768 qua
1338 697 1474 750 nihil
1535 707 1616 752 est
1671 696 1985 755 hominibus
2036 697 2354 767 jucundius.

760 791 1127 846 Misericordia
1162 807 1289 863 ergo
1322 801 1506 846 motus
1563 806 1696 845 mea:
1749 791 2097 856 calamitatis,
2142 792 2230 858 da,
2289 808 2358 846 ne

761 884 842 937 sic
900 883 1074 936 vivam
1135 882 1475 951 imperfecte,
1530 892 1583 936 et
1635 883 1798 936 veluti
1829 899 1894 937 ex
1951 884 2176 937 dimidio
2211 902 2226 939 :
2264 884 2359 938 sed

763 975 971 1027 videam
1006 974 1193 1036 solem,
1233 974 1440 1027 videam
1478 975 1695 1028 coelum.
1727 973 1858 1028 Nam
1902 990 2000 1028 nos
2030 975 2247 1043 quidem
2280 976 2360 1030 sic

764 1065 1031 1126 viventes,
1060 1062 1198 1115 nihil
1223 1062 1535 1117 diﬂ‘erimus
1571 1064 1638 1117 ab
1669 1064 1733 1116 iis
1759 1065 1850 1132 qui
1878 1071 2005 1116 sunt
2042 1064 2184 1133 apud
2226 1065 2362 1117 infe-

769 1171 880 1212 ros.
939 1156 1160 1209 Etcum
1229 1155 1518 1209 facultates
1572 1171 1764 1210 omnes
1825 1155 2052 1210 medicis
2114 1156 2363 1229 praebue-

767 1248 961 1309 rimus,
1015 1248 1290 1301 modicum
1321 1263 1538 1327 quoque
1589 1249 1795 1315 lumen,
1851 1249 1995 1318 quod
2046 1259 2164 1302 erat
2210 1249 2364 1304 nobis

769 1339 1065 1409 reliquum,
1122 1340 1406 1394 amisimus
1440 1359 1452 1394 :
1487 1341 1590 1393 hoc
1653 1341 1828 1394 solum
1857 1355 1888 1393 a
1921 1341 2195 1408 przeclaris
2261 1341 2364 1394 illis

771 1433 997 1486 medicis
1026 1432 1285 1494 assecuti,
1313 1431 1458 1500 quod
1485 1447 1608 1488 cum
1667 1431 2014 1486 facultatibus
2051 1431 2170 1485 luce
2226 1447 2365 1500 quo-

769 1542 875 1596 que
906 1527 1076 1580 simus
1135 1526 1355 1595 privati.
1416 1523 1716 1578 Pantoleon
1774 1533 1953 1577 autem
1991 1522 2168 1577 :Cum
2221 1523 2363 1587 aliis,

771 1615 970 1684 inquit,
1002 1615 1229 1668 medicis
1261 1625 1381 1668 tuas
1413 1614 1627 1668 dederis
1692 1613 1999 1677 facultates,
2048 1624 2104 1668 et
2159 1615 2364 1668 nullam

773 1709 1049 1774 acceperis
1075 1707 1385 1770 utilitatem,
1413 1707 1457 1760 si
1486 1722 1673 1760 rursus
1711 1707 2012 1775 aspexeris,
2044 1707 2175 1776 quid
2231 1707 2366 1761 mihi

774 1798 963 1853 dabis?
994 1799 1087 1851 llle
1121 1813 1249 1851 vero
1282 1815 1298 1852 ι
1328 1799 1457 1862 Quae
1494 1810 1638 1862 sunt,
1671 1799 1867 1865 inquit,
1901 1797 2106 1866 reliqua
2139 1813 2204 1851 ex
2235 1799 2371 1852 meis

773 1890 1146 1954 facultatibus,
1199 1891 1477 1944 exsolvam
1523 1899 1776 1960 prompto
1825 1897 1881 1943 et
1928 1889 2093 1946 alacri
2166 1891 2368 1945 animo.

779 1977 981 2033 Deinde
1031 1980 1328 2035 Pantaleon
1362 1994 1378 2032 :
1414 1980 1623 2034 Donum
1679 1979 1920 2051 quidem,
1979 1982 2176 2052 inquit,
2232 1984 2372 2039 lucis

774 2086 873 2140 per
899 2087 997 2125 nos
1028 2072 1122 2126 tibi
1149 2074 1296 2128 dabit
1350 2074 1508 2128 Pater
1541 2072 1812 2128 luminum
1851 2095 1862 2130 :
1893 2085 1948 2129 tu
2001 2085 2202 2141 autem,
2253 2092 2372 2146 quae

776 2164 908 2217 mihi
942 2180 1001 2218 es
1029 2166 1326 2233 pollicitus,
1358 2167 1515 2223 vade.
1547 2178 1602 2219 et
1625 2166 1690 2219 da
1717 2168 2069 2236 pauperibus.

847 2256 986 2309 Vill.
1052 2257 1176 2312 “mc
1215 2274 1339 2312 cum
1405 2258 1666 2313 audiisset
1713 2269 1883 2329 pater.
1940 2276 2064 2315 eum
2117 2277 2146 2315 a
2194 2271 2372 2331 coepto

778 2349 1078 2404 abducebat
1113 2368 1125 2403 :
1173 2349 1314 2415 Noli,
1349 2352 1558 2417 dicens,
1583 2368 1613 2404 0
1638 2353 1980 2418 charissime,
2015 2369 2083 2407 ne
2123 2362 2179 2406 tu
2207 2355 2370 2407 etiam

778 2439 1076 2494 irridearis.
1110 2441 1251 2506 Quid
1303 2445 1449 2496 enim
1503 2445 1625 2512 plus
1676 2445 1899 2513 poteris,
1951 2459 2111 2512 quam
2165 2445 2372 2514 priores

777 2533 1018 2587 medici?
1064 2534 1365 2589 Pantoleon
1425 2544 1606 2590 autem
1649 2535 1880 2602 :Nemo,
1930 2537 2124 2606 inquit,
2167 2553 2229 2591 ex
2257 2539 2374 2593 aliis

777 2626 1007 2680 medicis
1038 2627 1141 2680 scit
1192 2627 1338 2682 hunc
1385 2628 1660 2683 hominem
1698 2638 1951 2693 tractare,
1997 2640 2057 2684 ut
2104 2645 2203 2701 ego
2250 2647 2370 2684 sum

781 2727 1134 2773 tractaturus.
1159 2718 1383 2773 Multum
1411 2721 1558 2772 enim
1592 2721 1815 2774 interest
1853 2723 1996 2775 inter
2021 2736 2136 2788 eos,
2165 2733 2218 2777 et
2247 2739 2370 2778 eum

781 2809 873 2878 qui
907 2825 1009 2862 nos
1031 2810 1236 2864 docuit.
1268 2809 1403 2865 Cum
1431 2819 1675 2880 putasset
1707 2821 1888 2868 autem
1921 2824 2076 2884 pater
2105 2830 2229 2868 eum
2261 2816 2374 2868 hanc

783 2900 983 2955 dixisse
1007 2901 1074 2955 de
1103 2900 1502 2973 Euphrosyno;
1546 2904 1696 2957 illum
1723 2919 1964 2972 quoque,
2021 2904 2224 2971 inquit,
2273 2905 2371 2969 fili,

779 2994 942 3046 audio
965 2994 1020 3046 in
1048 2993 1150 3048 hoc
1183 2995 1424 3049 curando
1457 3010 1612 3049 suam
1654 2994 1970 3049 adhibuisse
2005 2995 2364 3065 diligentiam,

780 3089 837 3134 et
894 3081 1031 3133 nihil
1053 3083 1706 3150 profecisse.‘Pantolcon
1753 3100 1881 3141 vero
1914 3103 1929 3140 :
1959 3086 2242 3157 Exspecta,
2287 3090 2373 3143 in—

2470 603 2615 656 Ἴδὼν
2645 598 2738 656 οῦν
2773 603 2861 656 τὸν
2899 604 3103 671 τυφλὸν
3159 604 3283 655 ὅτου
3344 603 3515 656 δέοιτο
3545 604 3829 672 ἐπηρώτα.
3864 605 3927 658 Ὀ
3951 605 4042 658 δέ·

2459 688 2533 747 Οῦ
2562 694 2865 764 ἐστέρημαι
2897 695 3095 762 φωτὸς,
3141 693 3315 762 ἔλεγε,
3341 698 3435 746 καὶ
3466 687 3525 746 οὗ
3559 696 3722 764 μηδὲν
3752 697 3909 766 ἥδιον
3959 698 4048 754 ἀντ

2461 785 2698 855 θρώποις
2727 802 2741 818 ⁸
2768 787 2913 838 ἔλεον
2938 788 3118 838 τοίνυν
3151 785 3332 839 λαϐὼν
3365 803 3467 854 μου
3502 791 3602 856 τῆς
3635 790 3944 857 συμφορᾶς,
3965 788 4047 849 ἰὸς

2461 879 2602 933 οὕτω
2639 879 2713 950 μὴ
2741 879 2947 941 ἀτελῶς
2983 879 3081 948 ζῇν
3110 881 3203 932 καὶ
3232 872 3342 932 οἷον
3383 879 3441 943 ἐξ
3467 881 3745 948 ἡμισείας,
3764 881 3883 931 ἀλλ’
3914 883 4047 951 opsita

2461 972 2634 1041 ἦλιον,
2668 971 2741 1034 ὼς
2767 971 2861 1024 νῦν
2895 987 2952 1038 γε
2984 971 3136 1022 οὐδὲν
3165 971 3365 1032 ζῶντες
3395 973 3556 1042 ἡμεῖς
3576 972 3686 1023 τῶν
3710 974 3764 1022 ὲν
3788 972 3892 1044 ᾄδῃ
3915 973 4048 1024 διεν-

2462 1065 2761 1133 ηνόχαμεν.
2790 1064 2973 1116 Πάντα
3027 1061 3138 1132 γὰρ
3170 1063 3237 1115 τὰ
3272 1063 3401 1114 ὄντα
3438 1064 3644 1135 ἰατροῖς
3672 1081 3818 1133 παρα
3833 1066 4049 1132 σχόντες

2463 1156 2556 1210 καὶ
2590 1156 2624 1224 ἢ
2659 1155 3002 1224 περιελίπετο
3046 1155 3247 1224 μᾶλλον
3312 1155 3536 1224 μετρίαν
3575 1157 3748 1224 αὐγὴν
3775 1156 4046 1207 ἀπολέσα-

2468 1265 2588 1319 μεν.
2610 1246 2782 1299 Τοῦτο
2809 1247 2917 1299 τῶν
2953 1248 3134 1300 καλῶν
3182 1247 3408 1300 ἐκείνων
3462 1248 3664 1318 ἰατρῶν
3709 1249 4045 1315 ἁπονάμενςι

2464 1341 2524 1393 τὸ
2571 1340 2899 1410 στερηθῆναι
2941 1342 3039 1408 τῆς
3092 1340 3285 1401 οὐσίας
3348 1338 3486 1408 μετὰ
3520 1339 3612 1392 τοῦ
3666 1339 4045 1407 φωτόςΛίαὶῢ

2424 1488 2425 1491 η
2468 1431 2784 1486 Παντολέων
2813 1447 2822 1459 ·
2851 1429 2975 1491 Τοῖς
3019 1431 3116 1499 μὲν
3149 1431 3331 1494 ἄλλοις
3379 1433 3603 1500 ἰατροῖς,
3647 1431 3775 1500 ἔφη,
3818 1431 3887 1482 τέι
3922 1430 4049 1482 ὅντα

2466 1524 2589 1585 δοὺς
2642 1522 2898 1592 οὒδεμιᾶς
2949 1519 3264 1583 ἀπελαύσας
3298 1521 3588 1590 ὠφελείας,
3633 1523 3755 1591 ἐμοὶ
3794 1522 3851 1573 δὲ
3905 1522 3955 1571 τί
3986 1521 4046 1571 ἂν

2469 1618 2781 1687 ἀναϐλέψας
2839 1617 3190 1687 παράσχοις;
3224 1616 3335 1670 Καὶ
3363 1615 3445 1680 ὃς,
3493 1617 3574 1667 Ti
3607 1614 4045 1684 περιλειφθέντα,

2472 1709 2613 1776 εἷπε,
2639 1712 2738 1780 τῆς
2762 1711 2952 1774 οὐσίας
3001 1710 3296 1779 προθύμως
3347 1708 3656 1761 καταϐαλῶ.
3691 1703 3824 1759 Εἶτα
3851 1711 3876 1759 ὁ
3902 1708 4045 1758 Παν-

2473 1807 2705 1858 τολέωνο
2761 1804 2870 1871 Τὴν
2923 1805 3019 1872 μὲν
3067 1803 3163 1856 τοῦ
3239 1804 3440 1875 φωτὲς,
3487 1801 3848 1871 ἔφη,δωρεαν
3878 1802 3904 1850 ὁ
3943 1801 4047 1851 τῶν

2479 1899 2670 1968 φώτων
2701 1898 2894 1964 Πατὴρ
2917 1896 3046 1958 Θεὸς
3074 1897 3139 1948 δι’
3171 1897 3329 1966 ἡμῶν
3359 1896 3512 1949 ἔσται
3545 1914 3626 1949 σοι
3649 1895 4010 1966 χαριούμενος
4033 1910 4046 1924 ·

2477 1991 2542 2042 συ
2573 1989 2648 2053 δὲ,
2675 1990 2706 2043 ἃ
2745 1988 2869 2057 ἐμοὶ
2909 1989 3245 2058 ὲπηγγείλω,
3281 1990 3568 2060 πορευθεὶς
3615 1991 3811 2057 πένησι
3867 1988 4047 2056 παρὰ·

2477 2099 2628 2152 σχον.

2546 2245 2629 2296 ῐῘ’.
2666 2241 2885 2296 Τούτων
2929 2245 2956 2295 ὁ
2994 2245 3177 2314 πατὴρ
3227 2242 3464 2306 ἀκούων,
3511 2241 3723 2309 ἀπῆγεν
3755 2240 3919 2293 αὑτὸν
3955 2244 4047 2294 τοῦ

2475 2337 2920 2406 ἐγχειρήματος·
2972 2337 3065 2404 Μὴ
3112 2336 3268 2402 σύγε.
3312 2337 3558 2404 φίλτατε.
3607 2335 3804 2403 λέγων,
3856 2335 3930 2406 μὴ

2476 2428 2688 2496 γέλωτα
2723 2426 2928 2494 ὖφλοις.
2971 2428 3035 2478 Τί
3076 2427 3184 2496 γὰρ
3217 2427 3280 2477 ἂν
3319 2427 3480 2478 πλέον
3519 2427 3626 2477 τῶν
3666 2427 4051 2495 προλαϐόντων

2479 2517 2678 2589 ἰατρῶν
2717 2517 2881 2580 αὐτὸς
2915 2517 3172 2588 δυνηθῇς.
3215 2517 3322 2569 Καὶ
3355 2519 3382 2570 ὁ
3419 2518 3736 2569 Παντολέων
3766 2535 3777 2546 ·
3822 2519 3911 2578 Ὠς
3945 2519 4051 2582 ἐγὼ

2476 2612 2761 2680 βούλομαι,
2818 2609 2946 2679 ἔφη,
2986 2609 3066 2680 τῷ
3099 2609 3254 2677 ἀνδρὶ
3292 2608 3427 2678 τῷδε
3472 2608 3806 2677 χρήσασθαι,
3875 2607 4050 2667 οὐδεὶς

2473 2703 2581 2754 τῶν
2620 2701 2794 2756 ἄλλων
2839 2703 3130 2755 ἐπίσταται
3164 2701 3401 2772 {arpi-3w
3448 2702 3585 2754 πολὺ
3629 2703 3739 2770 γὰρ
3782 2701 3842 2752 τὸ
3886 2701 4047 2768 μέσον

2475 2801 2654 2854 αὐτῶν
2689 2817 2748 2853 τε
2794 2800 2887 2851 καὶ
2929 2799 3024 2850 τοῦ
3075 2799 3220 2867 ἡμᾶς
3264 2797 3731 2867 μαθητεύσαντος.
3783 2795 3955 2855 Δόξαν
3994 2797 4048 2848 δὲ

2473 2894 2550 2962 τῷ
2593 2893 2760 2962 πατρὶ
2787 2889 2950 2942 αὑτοῦ
2978 2891 3105 2961 περὶ
3135 2890 3491 2959 Εὐφροσυνου
3534 2889 3707 2942 ταῦτα
3737 2889 4048 2960 εἰρηκέναι³

2474 2985 2766 3048 Κάκεῖνον,
2802 2978 2974 3046 εἶπεν,
3005 2984 3239 3053 ἀκήκοα,
3274 2983 3492 3048 τέκνον,
3527 2983 3846 3053 ἐπιμελείας
3892 2983 4048 3049 ἀξιῶ-

2478 3094 2572 3128 σαι
2600 3077 2690 3128 τὸν
2722 3075 2892 3147 ἄνδρα
2925 3076 3018 3129 καὶ
3048 3077 3217 3147 μηδὲν
3255 3078 3414 3130 πλέον
3448 3079 3663 3148 ὀνῆσαι.
3713 3078 3772 3130 Ὀ
3813 3079 3870 3132 δὲ
3908 3081 4050 3132 Παν-

780 3172 920 3242 quit,
955 3186 1130 3243 pater,
1164 3184 1219 3230 et
1250 3176 1364 3245 ipsa
1394 3191 1480 3230 res
1514 3175 1796 3231 indicabit.
1828 3175 1953 3230 Hazc
1978 3191 2100 3230 cum
2131 3179 2369 3243 dixisset.

2481 3169 2717 3223 τολέων·
2754 3167 3088 3240 Ἐπίμεινον,
3118 3170 3242 3239 ἔφη,
3273 3173 3468 3240 πάτερ,
3502 3171 3597 3222 καὶ
3642 3171 3774 3222 αὐτὸ
3804 3171 3967 3235 δείξει
3997 3171 4051 3223 τδ

781 3274 838 3319 ct
868 3267 996 3321 caeci
1025 3268 1213 3320 oculos
1243 3267 1529 3336 tetigisset,
1573 3275 1628 3320 et
1667 3281 1919 3336 magnum
1945 3266 2148 3324 Christi
2178 3285 2374 3327 nomen

782 3366 1053 3424 vocasset,
1087 3368 1141 3414 et
1167 3360 1233 3414 ab
1258 3361 1377 3429 ipso
1400 3357 1652 3429 precibus
1676 3359 1922 3430 petiisset
1956 3361 2099 3416 illius
2137 3366 2376 3420 curatio-

785 3469 937 3518 nem,
969 3456 1153 3510 statim
1211 3442 1286 3509 illi
1342 3454 1560 3523 quidem
1620 3454 1926 3518 oculorum,
1995 3456 2134 3523 patri
2193 3465 2374 3511 autem

786 3547 951 3600 solvit
1014 3547 1268 3601 tenebras
1332 3545 1648 3612 impietatis,
1711 3551 1766 3596 et
1821 3541 2000 3597 effecit
2058 3554 2116 3598 ut
2182 3555 2370 3616 aperte

785 3638 1146 3693 confiteretur
1189 3638 1442 3706 pietatem
1477 3652 1491 3690 :
1527 3636 1606 3689 vel
1665 3637 1846 3706 potius
1880 3651 2023 3691 caeo
2084 3637 2359 3708 duplicem

793 3730 943 3785 dedit
973 3730 1261 3784 medelam.
1297 3730 1489 3782 Carnis
1525 3731 1670 3780 enim
1725 3738 1780 3781 et
1814 3731 2008 3782 animm
2050 3731 2370 3785 excutiebat

787 3816 983 3878 oculis,
1026 3825 1082 3868 ut
1111 3815 1201 3884 qui
1233 3815 1647 3871 essetadorator
1668 3816 1957 3882 idolorum,
1992 3827 2046 3873 et
2073 3834 2168 3889 per
2194 3821 2369 3876 lucem

783 3910 893 3978 iam
953 3923 1265 3978 corpoream
1325 3917 1545 3975 apertos
1603 3910 1782 3962 cordis
1829 3910 2106 3965 habuisset
2164 3913 2371 3967 oculos.

794 4001 998 4055 Ambos
1056 4015 1204 4069 ergo,
1259 4015 1384 4052 cum
1441 3998 1822 4068 credidissent,
1878 4001 2066 4057 divino
2124 4003 2375 4075 dignatur

787 4091 1135 4164 baptismate,
1168 4099 1222 4145 et
1281 4091 1448 4147 refert
1479 4093 1535 4147 in
1589 4110 1887 4148 numerum
1951 4095 2214 4152 fidelium.
2268 4095 2374 4151 Sed

791 4199 898 4240 non
929 4199 994 4239 eo
1023 4199 1193 4255 usque
1223 4183 1341 4239 sisti
1387 4194 1606 4247 poterat
1670 4185 1937 4257 Eustorgii
1991 4189 2228 4244 studium
2261 4190 2378 4266 pie-

789 4282 936 4346 tatis,
989 4291 1047 4335 ut
1097 4281 1186 4351 qui
1226 4289 1368 4336 esset
1401 4290 1556 4352 pater
1610 4282 1794 4353 magni
1825 4281 2226 4341 Pantoleonis:
2279 4285 2374 4341 sed

787 4372 1131 4440 apertissime
1148 4373 1442 4428 ostendens
1472 4388 1530 4427 se
1566 4389 1808 4430 errorem
1844 4375 2044 4430 habere
2075 4375 2221 4442 odio,
2249 4393 2374 4433 cum

789 4463 1144 4519 contrivisset
1173 4464 1314 4519 idola
1362 4480 1481 4533 quae
1517 4474 1672 4520 erant
1729 4466 1785 4520 in
1819 4468 2094 4534 cubiculo,
2125 4484 2188 4523 ea
2245 4470 2376 4540 jacit

2482 3265 2735 3333 πρᾶγμα.
2775 3261 2959 3315 Ταῦτα
2994 3262 3164 3313 εἰπὼν
3188 3263 3281 3313 καὶ
3311 3264 3420 3312 τῶν
3448 3262 3745 3330 ὀφθαλμῶν
3779 3263 4050 3330 ἁλι-άμενος

2477 3354 2569 3407 τοῦ
2602 3355 2828 3422 τυφλοῦ,
2860 3358 2921 3405 τὸ
2958 3355 3100 3421 μέγα
3136 3371 3194 3405 τε
3229 3354 3399 3421 ὄνομα
3433 3353 3525 3404 τοῦ
3551 3353 3788 3423 Χριστοῦ
3823 3353 4052 3412 καλέσας

2488 3444 2583 3495 καὶ
2619 3444 2749 3511 παρ’
2799 3443 2965 3496 αὑτοῦ
3019 3444 3162 3496 ἴασιν
3215 3444 3612 3510 ἐπευξάμενος,
3649 3443 3813 3506 εὐθὺς
3865 3442 4052 3510 ἐκείνῳ

2481 3533 2672 3606 μὲνδτὸ
2711 3533 2819 3586 τῶν
2858 3534 3174 3605 ὀφθαλμῶν,
3224 3534 3302 3606 τῷ
3350 3537 3517 3606 πατρὶ
3561 3535 3617 3587 δὲ
3675 3536 3734 3587 τὸ
3790 3535 3891 3602 τῆς
3935 3536 4050 3586 ἀσε-

2486 3626 2637 3691 ϐείας
2685 3627 2843 3681 ἔλυσε
2903 3630 3092 3691 σκότος
3144 3629 3236 3681 καὶ
3291 3631 3505 3699 τρανῶς
3552 3629 3838 3700 ὁμολογεῖν
3889 3646 4048 3695 παρε-

2480 3717 2745 3768 σκεύασεν
2768 3718 2865 3785 τὴν
2891 3719 3201 3784 εὐσέϐειαν,
3240 3719 3440 3788 μᾶλλον
3467 3721 3520 3773 δὲ
3549 3722 3625 3791 τῷ
3652 3723 3836 3789 τυφλῷ
3860 3721 4050 3788 διπλῆν

2478 3807 2711 3877 παρέχει
2742 3808 2840 3876 τὴν
2878 3810 3022 3862 ἴασιν
3045 3827 3057 3838 ·
3095 3806 3162 3879 ἦν
3203 3812 3309 3880 γὰρ
3349 3813 3444 3863 καὶ
3479 3813 3681 3881 σαρκδς
3709 3803 3934 3880 ὄμματα
3962 3816 4048 3862 καὶ

2475 3901 2656 3972 ψυχῆς
2703 3903 3053 3968 τυφλώττων,
3107 3892 3201 3956 ἅτε
3256 3905 3349 3956 καὶ
3400 3905 3562 3966 assa;
3604 3904 3839 3956 εἰδώλων
3889 3922 4048 3974 προσ-

2479 3992 2723 4064 κυνητὴς
2750 3993 2840 4046 ὢν.
2877 3992 2986 4045 Καὶ
3017 3991 3102 4046 διὰ
3133 3992 3226 4045 τοῦ
3257 3992 3576 4061 σωματικοῦ
3601 3991 3778 4062 φωτὸς
3809 3993 3901 4043 καὶ
3931 3992 4049 4050 τοὺς

2475 4088 2573 4156 τῆς
2622 4088 2850 4156 καρδίας
2905 4089 3194 4155 διανοιγεὶς
3249 4087 3561 4156 ὀφθαλμούς
3592 4103 3605 4116 ·
3657 4086 4048 4146 πιστεύσαντας

2479 4181 2825 4248 ἀμφοτέρους
2879 4180 2972 4231 τοῦ
3034 4181 3176 4232 θείου
3232 4180 3609 4247 βαπτίσματος
3661 4177 3803 4241 ἀξιοί
3857 4180 3949 4231 καὶ
3989 4181 4048 4246 τῇ

2478 4272 2588 4323 τῶν
2627 4271 2840 4323 πιστῶν
2877 4270 3055 4341 μερίδι
3086 4269 3393 4323 συντάττει.
3434 4272 3542 4322 K'al.
3577 4271 3636 4321 οὐ
3676 4270 3836 4338 μέχρι
3864 4274 4048 4323 τούτου

2477 4363 2569 4416 τὸν
2617 4364 2951 4434 Εὑστόργιον
3002 4364 3198 4433 στῆσαι
3253 4364 3312 4416 τὸ
3363 4360 3682 4429 φιλευσεϐὲς
3724 4356 3813 4432 ἦν,
3858 4364 4050 4414 Παντο-

2479 4457 2693 4518 λέοντός
2717 4475 2777 4526 γε
2801 4439 2931 4509 ὄντα
2953 4458 3048 4508 τοῦ
3085 4456 3322 4526 μεγάλου
3347 4461 3561 4528 πατέρα
3581 4473 3595 4490 ο
3621 4457 3760 4511 ἀλλὰ
3782 4457 4049 4526 πρόδειξιν

790 4554 846 4610 in
909 4555 1140 4623 fossam,
1197 4563 1258 4610 ut
1297 4530 1418 4628 qua:
1451 4567 1639 4613 essent
1671 4557 1942 4614 oblivione
1991 4566 2048 4615 et
2081 4530 2369 4631 profundo

2454 4551 2688 4612 λικείνος
2731 4548 2824 4601 τοῦ
2869 4550 3100 4617 μισῆσαι
3146 4548 3245 4620 τὴν
3299 4551 3511 4622 πλάνην
3560 4550 3763 4620 ἀκριῖἧ
3799 4552 4049 4619 παρέχων

787 4666 917 4711 vere
949 4651 1134 4722 digna.

856 4827 951 4883 IX.
983 4826 1137 4884 Haud
1169 4828 1240 4883 ita
1273 4839 1525 4900 magnum
1555 4827 1845 4885 intercedit
1875 4829 2127 4900 spatium,
2159 4838 2215 4886 et
2254 4845 2372 4887 mo-

786 4924 925 4977 ritur
955 4931 1109 4993 pater
1136 4919 1505 4975 Pantoleonis.
1544 4920 1773 4976 Moritur
1797 4931 1978 4975 autem
2044 4932 2219 4978 morte
2251 4939 2373 4978 cor-

786 5013 934 5082 poris
969 5026 982 5070 :
1016 5029 1139 5067 nam
1171 5028 1201 5066 a
1229 5021 1403 5066 morte
1433 5012 1628 5065 animae
1664 5013 1772 5081 iam
1806 5020 1923 5067 erat
1948 5014 2171 5067 omnino
2229 5015 2368 5069 libe-

787 5114 938 5157 ratus
967 5119 1065 5174 per
1116 5103 1277 5157 fidem
1332 5112 1386 5156 et
1453 5103 1694 5157 divinum
1728 5102 2073 5172 baptismum.
2109 5104 2372 5168 Quocirca

786 5195 1083 5251 Pantoleon
1114 5211 1238 5252 cum
1296 5196 1592 5251 invenisset
1653 5206 1866 5266 tempus
1913 5212 2070 5267 opem
2111 5198 2252 5255 ferre
2281 5216 2375 5253 vo-

787 5288 1009 5352 luntati,
1066 5287 1304 5345 famulos
1342 5288 1560 5358 quidem
1597 5289 1846 5343 liberata
1894 5290 2176 5354 servitute,
2210 5301 2265 5346 et
2297 5293 2380 5346 eis

788 5379 920 5435 satis
947 5380 1094 5435 dedit
1132 5381 1415 5450 pecuniae:
1475 5380 1578 5434 alia
1616 5390 1797 5434 autem
1835 5382 2139 5436 habuerunt
2178 5399 2373 5439 manus

789 5485 1111 5539 pauperum.
1133 5471 1334 5527 Deinde
1351 5487 1446 5526 eos
1468 5473 1654 5535 etiam,
1673 5473 1767 5542 qui
1792 5485 1947 5526 erant
1966 5473 2020 5527 in
2040 5477 2368 5544 carceribus,

790 5569 846 5614 et
875 5562 967 5628 qui
1001 5565 1288 5617 tormentis
1317 5562 1653 5617 vexabantur
1697 5572 1752 5617 et
1784 5565 2010 5627 morbis,
2046 5565 2377 5623 circumiens

791 5654 1040 5719 curabat,
1070 5665 1124 5710 et
1151 5671 1213 5710 ea
1248 5657 1517 5726 praebens,
1555 5672 1675 5727 qua:
1714 5666 1870 5711 erant
1929 5660 2239 5714 necessaria
2269 5678 2282 5713 :
2318 5670 2372 5712 ut

793 5760 901 5798 non
966 5748 1139 5801 solum
1187 5748 1360 5802 morbi
1393 5749 1670 5803 videretur
1735 5752 2001 5813 medii-us,
2056 5752 2148 5807 sed
2214 5753 2374 5806 etiam

791 5839 1069 5908 egestatis.
1131 5839 1243 5906 Qua
1304 5855 1366 5893 ex
1429 5856 1484 5896 rc
1534 5842 1789 5910 quidnam
1842 5843 2077 5901 accidit?
2115 5843 2375 5898 Univer’sa

2477 4641 2546 4694 τὰ
2592 4642 2647 4693 ὲν
2687 4641 2762 4709 τῷ
2797 4640 3016 4692 κοιτῶνι
3066 4642 3364 4712 συντρίψας
3395 4642 3611 4705 εἴδωλα,
3644 4640 3718 4710 τῷ
3752 4640 3932 4711 βόθρῳ
3980 4640 4049 4692 δὶ-

2475 4735 2629 4796 δωσι,
2660 4733 2727 4784 τὰ
2749 4733 2919 4802 λήθης
2948 4733 3115 4798 ὅντως
3147 4737 3236 4788 καὶ
3264 4733 3426 4803 βυθοῦ
3453 4734 3597 4797 ἄξια.

2549 4827 2626 4880 θ’.
2678 4827 2751 4880 Οὐ
2782 4827 2915 4879 πολὺ
2949 4826 3009 4878 τὸ
3057 4830 3114 4879 ὲν
3150 4828 3298 4897 μέσῳ
3327 4828 3421 4879 καὶ
3463 4828 3492 4880 ὁ
3533 4828 3627 4882 τοῦ
3661 4830 4050 4895 Παντολέοντος

2479 4913 2633 4983 οὗτος
2668 4923 2845 4990 πατὴρ
2879 4920 3125 4988 θνήσκει,
3156 4918 3376 4988 θνήσκει
3398 4921 3454 4972 δὲ
3489 4921 3721 4975 θάνατον
3751 4902 4051 4994 τὸνισωμαλ

2480 5012 2653 5076 τικὺν,
2687 5011 2809 5065 ἐπεὶ
2850 5010 2943 5062 τοῦ
2985 5013 3084 5078 τῆς
3117 5011 3291 5081 ψυχῆς
3319 5011 3409 5063 διὰ
3434 5015 3533 5082 τῆς
3573 5014 3810 5078 πίστεως
3843 5017 4051 5076 πάντως

2483 5104 2696 5171 ἀνείθη,
2741 5103 2835 5155 καὶ
2876 5102 2968 5153 τοῦ
3019 5102 3165 5153 θείου
3199 5103 3599 5171 βαπτίσματος.
3638 5104 3807 5159 Ὅθεν
3857 5109 3882 5158 ὁ
3917 5107 4051 5160 Παν-

2490 5194 2689 5246 τολέων
2723 5193 2814 5245 τὸν
2862 5197 3055 5263 καιρδν
3092 5191 3270 5263 εὑρὼν
3318 5195 3744 5267 συμπράττοντα
3787 5198 3868 5271 τῷ
3904 5197 4050 5264 θελῇο

2489 5305 2641 5356 ματι,
2673 5286 2800 5348 τούς
2837 5285 2935 5352 μὲν
2976 5286 3194 5346 οἰκέτας
3229 5285 3423 5354 ἀφίησι
3456 5289 3553 5356 τῆς
3586 5287 3855 5353 δουλείας,
3903 5292 4049 5342 ἱκανᾶ

2485 5381 2748 5450 χρήματα
2799 5377 3247 5446 παρασχόμενος,
3305 5378 3473 5429 τᾶλλα
3546 5380 3601 5429 6':
3661 5383 3845 5448 χεῖρες
3915 5377 4048 5448 εἶχεν

2489 5471 2763 5540 πενήτων.
2801 5467 2932 5522 Εἶτα
2967 5470 3060 5520 καὶ
3094 5471 3218 5531 τοὺς
3252 5471 3310 5520 ἐν
3344 5468 3608 5537 φυλακαῖς
3658 5474 3752 5522 καὶ
3801 5470 4048 5540 βασάνοις

2485 5564 2718 5632 περιὼν,
2764 5560 3068 5630 ἐθεράπευε
3112 5560 3181 5611 τα
3227 5560 3510 5629 ἐπιτήδεια
3560 5562 3940 5629 παρεχόμενος
3969 5563 4048 5613 καὶ

2485 5653 2661 5715 διδοὺς
2700 5652 2838 5722 μετά
2872 5653 2972 5721 τῆς
3024 5651 3236 5721 ὑγιείας
3269 5651 3361 5702 καὶ
3397 5652 3494 5722 τὴν
3538 5651 3628 5704 τοῦ
3671 5654 3746 5722 μὴ
3797 5654 4047 5707 πένεσθαι

2487 5744 2807 5815 θεραπείαν,
2833 5743 2907 5807 ὡς
2943 5743 3143 5814 μικροῦ
3175 5744 3357 5795 πᾶσαν
3384 5745 3483 5811 τὴν
3521 5744 3676 5795 πόλιν
3718 5747 3921 5818 ἰατροί,
3953 5747 4050 5815 τοῖς

2486 5840 2668 5901 ἄλλοις
2704 5837 2912 5918 χαίριιν
2943 5838 3219 5903 είπόντας,
3265 5837 3342 5905 τῷ
3380 5839 3736 5889 (Ιαντολέοντι
3771 5837 4044 5910 προσιέναι
