4226 6436
271 431 374 498 461

1423 447 1594 508 νιτΑ
1632 449 1694 509 S.
1735 448 2387 519 PANTELEEMONIS.

3414 473 3519 536 462

271 544 525 617 ηγεῖσθαι
571 551 652 603 δεῖ
725 553 817 606 καὶ
849 554 1130 625 ἀλήθειαν.
1200 558 1341 612 Ἡδὲ
1393 562 1522 630 περὶ
1572 563 1633 614 τὸ
1689 562 1843 616 Θείον
1873 567 1916 626 Α

1873 567 1916 626 Α
1952 566 2109 621 iidem
2160 579 2215 624 et
2267 573 2579 628 veritatem.
2634 573 2690 629 in
2729 578 2898 634 Deum
2939 590 3120 636 autem
3168 583 3370 654 pietas,
3408 603 3515 658 qno

272 643 528 697 εὐσέϐεια
553 646 676 698 ὅσον
701 647 1031 718 ὑψηλοτέρα,
1058 650 1318 703 τοσοῦτον
1342 651 1451 720 ἄρα
1475 655 1568 706 καὶ
1601 657 1845 721 πλείονος

271 733 496 807 δεομένη
529 739 628 806 τῆς
657 741 964 810 ἀκριϐείας.
1013 744 1069 794 Ὀ
1096 745 1191 812 μὲν
1221 738 1314 798 οὖν
1346 746 1475 816 παρ’
1509 749 1645 818 ἐμοῦ
1679 769 1844 821 προσ⁶

268 844 600 898 κυνουμενος
640 834 870 901 οὐρανὸν
906 837 1152 905 ἐποίησε,
1177 838 1278 904 γῆν
1312 839 1610 910 ὑπέστησε,
1633 849 1845 913 νεκροῖς

266 922 590 986 ἀνάστασιν,
637 927 863 992 τυφλοῖς
910 929 1227 997 ἀνάϐλεψιν,
1272 931 1496 1001 λεπροῖς
1551 936 1839 1006 κάθαρσιν,

267 1016 626 1082 παρειμένοις
691 1018 994 1087 ἀνόρθωσιν
1025 1019 1295 1089 θελήματι
1359 1025 1506 1093 μόνῳ
1560 1028 1654 1079 καὶ
1703 1027 1842 1097 λόγῳ

266 1106 534 1174 παρέσχε.
567 1106 690 1158 Θεοὶ
721 1109 777 1160 δὲ
808 1113 855 1160 οἱ
886 1112 1018 1178 παρ’
1051 1111 1206 1180 ὑμῶν
1233 1110 1522 1182 λεγόμενοι
1555 1121 1648 1170 καὶ
1683 1121 1839 1173 σεϐό-

267 1212 423 1265 μενοι
455 1200 552 1250 οὐκ
584 1197 701 1252 οἶδα
753 1202 806 1252 εἴ
839 1217 892 1253 τι
936 1203 1180 1257 τοιοῦτον
1213 1201 1244 1276 ἢ
1284 1209 1613 1276 εἰργάσαντο
1641 1207 1671 1279 ἢ
1705 1214 1839 1276 ὅλως

262 1289 375 1340 εἰσὶ
440 1289 657 1342 δυνατοὶ
720 1293 1086 1360 ἐργάσασθαι.
1143 1299 1204 1349 El
1262 1298 1321 1351 δὲ
1374 1301 1570 1369 βούλει,
1617 1305 1708 1353 κάι
1743 1302 1837 1354 νῦν

261 1381 448 1442 αὐτοῖς
479 1383 791 1451 πράγμασι,
837 1384 1084 1452 βασιλεῦ,
1121 1389 1220 1458 τὴν
1250 1388 1481 1458 βάσανον
1514 1393 1712 1461 δῶμεν,
1748 1393 1837 1447 καὶ

259 1470 588 1541 παρελθέτω
623 1490 705 1535 τις
747 1475 982 1528 ἐνταῦθα
1027 1480 1135 1530 τῶν
1170 1481 1363 1533 ἀνίατα
1411 1483 1710 1538 νοσούντων
1745 1489 1836 1540 καὶ

257 1556 336 1614 ὧν
384 1565 698 1636 ἀνθρωπίνη
778 1571 943 1640 τέχνη
993 1575 1088 1623 καὶ
1161 1577 1280 1642 χεὶρ
1342 1573 1683 1644 ἀπαγορεύει
1735 1580 1836 1647 τὴν

257 1657 1032 1728 θεραπείαν,Παρελθέτωσαν
1057 1657 1109 1716 δὲ
1141 1669 1230 1716 καὶ
1255 1668 1301 1717 οἱ
1331 1685 1404 1718 πα
1417 1671 1462 1737 ρ’
1488 1668 1616 1738 ὑμῖν
1646 1672 1829 1742 ἱερεῖς.

255 1744 392 1802 Εἶτα
424 1752 746 1821 ἐπικλητέον
781 1756 1013 1816 ἐκείνοις
1049 1758 1149 1823 μὲν
1191 1757 1430 1826 πρώτοις
1464 1764 1590 1823 τοὺς
1623 1760 1835 1816 ἑαυτῶν

256 1840 438 1906 θεοὺς,
473 1845 594 1912 ἐμοὶ
639 1835 693 1897 δὲ
727 1849 817 1898 τὸν
853 1848 947 1899 ὑπ’
997 1848 1132 1917 ἐμοῦ
1179 1851 1580 1921 λατρευὸμενον
1630 1853 1744 1918 καὶ,
1774 1855 1832 1917 ὃς

1948 669 2033 713 est
2076 663 2370 730 excelsior,
2403 681 2467 720 eo
2499 669 2688 738 majori
2720 671 3057 739 perfectione
3085 685 3138 730 et
3170 678 3518 737 absolutione

1947 753 2173 823 indiget.
2232 757 2410 826 Atque
2464 760 2509 815 is
2568 762 2816 830 quidem,
2866 767 2958 836 qui
3013 782 3041 822 a
3097 786 3185 825 me
3229 773 3433 830 colitur
3463 785 3518 832 et

1942 845 2221 911 adoratur,
2267 852 2462 904 caelum
2502 852 2658 919 fecit,
2701 866 2898 912 terram
2929 863 3236 922 constituit.
3268 877 3516 923 mortuos

1943 938 2251 1006 suscitavit,
2296 945 2455 998 caecis
2494 947 2670 1000 visum
2716 952 2973 1018 reddidit,
3007 955 3254 1024 leprosos
3281 964 3512 1026 curavit,

1947 1033 2288 1101 paralyticos
2324 1040 2498 1092 erexit
2529 1059 2542 1094 :
2572 1041 2735 1111 idque
2765 1046 2878 1098 sola
2917 1047 3199 1105 voluntate
3233 1063 3286 1106 et
3321 1054 3513 1110 verbo.

1941 1121 2047 1186 Qui
2077 1137 2258 1180 autem
2288 1144 2315 1181 a
2346 1131 2499 1184 vobis
2530 1131 2792 1188 dicuntur
2823 1145 2878 1190 et
2906 1139 3166 1194 coluntur
3197 1143 3297 1209 dii,
3333 1148 3514 1204 nescio

1940 1232 2006 1268 an
2042 1220 2243 1288 aliquid
2272 1220 2377 1276 tale
2410 1223 2662 1290 fecerint,
2692 1239 2788 1283 aut
2815 1233 3028 1300 possint
3053 1237 3280 1292 omnino
3310 1239 3512 1294 facere.

1938 1305 2005 1360 Et
2047 1310 2095 1363 si
2134 1312 2288 1374 velis.
2328 1314 2377 1368 id
2414 1331 2560 1370 nunc
2609 1332 2664 1371 re
2713 1319 2831 1389 ipsa
2866 1326 3237 1392 experiamur.
3276 1331 3515 1384 Accedat

1941 1400 2049 1455 huc
2097 1406 2295 1473 aliquis
2345 1423 2406 1460 ex
2450 1409 2516 1463 iis
2552 1412 2641 1478 qui
2679 1413 2928 1470 laborant
2961 1419 3515 1481 immedicabiliter.et

1937 1507 2168 1560 quorum
2197 1499 2535 1554 curationem
2562 1503 2815 1573 desperat
2844 1521 2931 1561 ars
2957 1509 3189 1564 humana
3215 1519 3266 1565 et
3295 1527 3508 1568 manus.

1938 1586 2218 1643 Accedant
2254 1601 2437 1645 autem
2485 1596 2671 1659 etiam,
2724 1599 2818 1664 qui
2870 1610 2998 1654 sunt
3024 1604 3167 1672 apud
3201 1619 3298 1660 vos
3329 1621 3514 1662 sacer-

1938 1676 2116 1732 dotes.
2147 1679 2349 1735 Deinde
2389 1685 2457 1738 ab
2487 1686 2566 1740 eis
2601 1689 2821 1754 quidem
2857 1703 2982 1746 sunt
3015 1696 3249 1762 primum
3281 1699 3355 1752 dii
3391 1700 3512 1752 illo-

1936 1784 2056 1823 rum
2093 1771 2379 1828 invocandi
2414 1793 2427 1828 :
2472 1796 2498 1830 a
2531 1793 2616 1832 me
2651 1793 2832 1835 autem
2869 1801 2914 1838 IS
2953 1803 3114 1855 quem
3149 1792 3288 1844 colo.
3324 1793 3382 1845 Et
3418 1799 3509 1864 qui

1937 1865 2254 1920 nominatus
2298 1869 2547 1924 morbum
2592 1872 2882 1942 fugaverit,
2916 1879 2960 1932 is
2991 1879 3132 1934 Deus
3162 1884 3311 1937 solus
3350 1903 3510 1957 repn-

254 1936 326 1987 ἂν
365 1936 691 2004 ὀνομασθεὶς
728 1939 944 2006 φυγάδα
979 1939 1098 2010 θείη
1147 1943 1245 2011 την
1280 1944 1458 2008 νόσον,
1494 1939 1650 2007 οὗτος
1695 1947 1826 2007 Θεὸς
1865 1941 1903 1994 Β

2655 1936 2677 1942 -
2871 1936 2879 1940 .
3293 1936 3306 1937 κ
3350 1936 3478 1957 ν-τς-

1865 1941 1903 1994 Β
1936 1962 2078 2007 tctur
2108 1967 2162 2008 et
2192 1958 2401 2012 colatur
2434 1978 2448 2013 :
2479 1963 2613 2017 alios
2643 1977 2824 2019 autem
2859 1969 2911 2020 in
2948 1972 3144 2028 malam
3177 1991 3288 2028 rem
3318 1990 3510 2032 aman-

256 2028 420 2096 μόνος
451 2030 543 2080 καὶ
569 2031 872 2096 λογιζέσθω
901 2032 1074 2103 δήπου
1103 2033 1198 2085 καὶ
1227 2036 1544 2098 σεϐαζέσθω
1565 2051 1578 2064 ·
1617 2037 1744 2097 τοὺς
1771 2037 1826 2089 δὲ

249 2119 445 2182 ἄλλους
483 2120 743 2190 οἰμώζειν
780 2123 983 2192 ἐῶμεν,
1033 2127 1204 2194 λήθην
1249 2127 1428 2177 αὐτῶν
1464 2125 1684 2194 μακρὰν
1727 2143 1827 2177 κα⁹

249 2214 545 2280 ταχέιντες
571 2254 583 2266 .
613 2216 850 2282 Ἧρεσκε
884 2217 1054 2267 ταῦτα
1080 2218 1156 2283 τῷ
1189 2217 1417 2284 βασιλεῖ.
1453 2215 1587 2268 Θεοῦ
1621 2220 1728 2286 γὰρ
1757 2216 1827 2286 ἦν

247 2304 409 2356 τοῦτο
440 2307 535 2357 καὶ
578 2307 674 2373 τῆς
711 2307 922 2358 ἄνωθεν
965 2311 1225 2377 προνοίας
1273 2311 1584 2380 οἰκονομία,
1627 2312 1714 2363 ἴνα
1759 2312 1823 2379 δὴ

245 2392 317 2440 τὰ
346 2391 446 2456 τῆς
474 2392 713 2454 πίστεως
745 2396 841 2446 καὶ
872 2398 987 2458 τοῖς
1018 2397 1236 2469 ἐχθροῖς
1266 2401 1616 2470 ἀναμφίλογα
1727 2403 1825 2455 καὶ

245 2482 420 2543 οὕτως
451 2486 508 2535 ὲν
536 2485 612 2555 τῷ
656 2493 931 2557 προφανεῖ
963 2491 1163 2560 μᾶλλον
1198 2493 1475 2562 νικήσειεν
1502 2497 1531 2563 ἡ
1567 2495 1822 2566 ἀλήθεια.

317 2575 414 2631 ΙΔ’.
452 2581 677 2646 ’Ἀγεται
711 2583 889 2634 τοίνυν
941 2588 1020 2647 εἰς
1055 2587 1219 2652 μέσον
1277 2589 1608 2655 παρειμένος
1660 2590 1825 2657 ἀνὴρ,

243 2669 567 2740 κλινοπετὴς
597 2672 671 2724 ὢν
725 2675 818 2724 καὶ
853 2675 929 2742 τῷ
977 2677 1281 2745 παραμᾶνῳ
1337 2679 1568 2746 παρέσει
1625 2681 1822 2749 μικροῦ

244 2763 409 2814 πλέον
445 2766 544 2832 τῆς
576 2765 805 2832 ἐχούσης
833 2767 995 2817 αὑτὸν
1026 2767 1216 2836 κλίνης
1250 2768 1384 2839 μηδὲ
1415 2770 1683 2822 κινεῖσθαι
1731 2770 1821 2823 δυο

241 2856 499 2922 νάμενος.
537 2857 907 2926 Παρισταντες
949 2856 1042 2910 οὖν
1073 2861 1120 2911 οἱ
1152 2862 1259 2913 τῶν
1303 2863 1548 2929 ματαίων
1583 2864 1719 2916 θεῶν
1748 2866 1791 2915 is

243 2949 357 3016 ρεῖς
396 2965 454 2998 τε
479 2950 571 3001 καὶ
611 2949 783 3020 ἰατροὶ
815 2953 1193 3019 ματαιότατοι,
1223 2952 1271 3004 οῖ
1323 2955 1422 3021 μὲν
1467 2955 1817 3024 Ἀσκληπιὸν,

238 3041 290 3091 oi.
323 3041 376 3092 at:
415 3041 534 3103 Δία,
566 3045 611 3093 οξ
643 3043 696 3094 δὲ
739 3044 1024 3110 Ἄρτεμιν,
1078 3045 1228 3097 ἄλλοι
1265 3046 1317 3097 δὲ
1376 3047 1568 3109 ἄλλους
1622 3053 1821 3101 ἐπεκα-

238 3131 449 3194 λοῦντο,
505 3134 722 3202 ἀνόητοι
781 3137 1024 3202 ἀνοήτων
1086 3138 1262 3188 ἱκέται
1319 3139 1688 3207 δεικνύμενοι,
1726 3143 1818 3194 καὶ

241 3224 479 3288 μάλιστα
505 3225 563 3273 ὲν
592 3224 760 3287 οὕτως
793 3227 1012 3296 ὲκτὸπῳ
1049 3229 1140 3280 καὶ
1180 3231 1454 3299 ὑπερφυεῖ
1510 3233 1812 3300 πράγματι·

1933 2044 2147 2107 demus,
2177 2063 2272 2102 eos
2301 2067 2491 2121 magna
2521 2056 2819 2112 obruentes
2847 2059 3142 2119 oblivione.
3178 2067 3508 2124 Placuernnt

1932 2135 2047 2190 haec
2085 2139 2423 2208 imperatori.
2467 2147 2596 2202 Erat
2630 2153 2775 2204 enim
2807 2153 2909 2208 hoc
2949 2155 3039 2210 Dei
3070 2168 3123 2211 et
3157 2160 3354 2218 divina:
3388 2167 3507 2234 ejus

1929 2231 2291 2296 providentiae
2335 2241 2648 2304 consilium,
2685 2255 2744 2297 ut
2775 2248 2852 2302 sic
2887 2262 3031 2306 recta
3067 2254 3201 2310 ﬁdes
3237 2261 3318 2313 vel
3360 2231 3506 2332 apud

1930 2318 2079 2388 ipsos
2143 2323 2402 2382 inimicos
2456 2344 2603 2389 esset
2659 2337 2794 2390 citra
2849 2349 3306 2418 controversiam,
3341 2364 3396 2408 et
3450 2356 3502 2408 in

1928 2423 2122 2479 aperto
2159 2417 2332 2487 magis
2373 2419 2621 2480 vinceret
2671 2431 2896 2488 veritas.

1999 2571 2138 2629 XIV.
2166 2577 2473 2635 Addneitur
2501 2587 2686 2656 itaque
2705 2592 2755 2646 in
2778 2595 3015 2651 medium
3044 2600 3125 2652 vir
3152 2606 3501 2677 paralyticus,

1926 2665 2018 2731 qui
2046 2666 2155 2731 jam
2191 2669 2353 2739 longo
2387 2685 2633 2744 tempore
2688 2683 3054 2744 decumbebat
3094 2692 3148 2746 in
3197 2695 3358 2761 lecto,
3421 2711 3477 2754 et

1924 2758 2014 2823 qui
2058 2765 2447 2828 propemodum
2481 2783 2587 2821 non
2623 2785 2834 2838 poterat
2865 2782 3033 2849 magis
3067 2788 3292 2848 moveri.
3339 2804 3502 2857 quam

1923 2851 2173 2918 quicum
2221 2858 2439 2912 tenebat
2484 2860 2676 2919 lectus.
2723 2868 2858 2922 Cum
2909 2871 3090 2940 itaque
3138 2883 3500 2938 accessissent

1924 2957 2189 2999 vanorum
2231 2949 2454 3003 deorum
2488 2957 2822 3021 sacerdotes.
2864 2971 2918 3015 et
2951 2965 2986 3016 ii
3021 2967 3112 3035 qui
3147 2973 3347 3024 versati
3382 2975 3500 3029 fuea

1924 3046 2044 3089 rant
2098 3039 2150 3091 in
2209 3043 2498 3106 medicina,
2558 3049 2646 3102 alii
2699 3054 2918 3120 quidem
2952 3055 3354 3132 Esculapium.
3409 3069 3497 3122 alii

1921 3145 2052 3183 vero
2108 3130 2319 3196 Jovem,
2374 3139 2464 3190 alii
2513 3152 2692 3194 autem
2747 3145 2993 3211 Dianam,
3044 3151 3134 3206 alii
3184 3173 3312 3209 vero
3363 3161 3498 3218 alios

1923 3220 2056 3278 deos
2108 3224 2456 3297 invocabant,
2505 3244 2748 3291 amentes
2783 3240 2847 3292 iis
2893 3243 3057 3298 rebus
3100 3251 3494 3318 supplicantes.

239 3313 353 3364 ἴσον
387 3315 492 3382 γὰρ
521 3311 584 3383 ἦν
622 3318 685 3368 αὑ
699 3317 781 3368 τὸν
813 3320 1085 3388 ρᾳσθηναι
1114 3322 1209 3372 καὶ
1238 3325 1364 3383 τοὺς
1412 3322 1632 3376 ἐκείνων
1661 3325 1816 3388 θεοὺς
1847 3306 1888 3361 C

1847 3306 1888 3361 C
1924 3329 2045 3381 qua:
2082 3331 2264 3374 mente
2294 3331 2348 3375 et
2378 3338 2542 3378 sensu
2590 3341 2799 3392 carent.
2833 3343 2888 3388 et
2930 3341 3166 3395 maxime
3198 3343 3254 3396 in
3290 3361 3348 3400 re
3385 3357 3491 3401 tam

234 3408 494 3476 αἴσθησιν
528 3410 758 3479 (δεθῆναι
795 3414 887 3464 καὶ
923 3414 1081 3480 λόγον
1116 3417 1360 3484 ἔχοντας.
1416 3417 1546 3469 Τίνα
1608 3414 1700 3470 οὖν
1747 3415 1816 3471 τὰ

233 3499 409 3562 οὕτως
446 3501 635 3570 ἄφωνα
675 3505 763 3555 καὶ
815 3509 996 3573 amca,
1032 3508 1153 3560 τίνα
1187 3511 1450 3580 παρέχειν
1481 3511 1660 3574 ἄλλοις
1689 3512 1816 3581 ἡδύ-

237 3611 399 3645 ναντο
425 3595 743 3662 θεραπείανζ
772 3598 984 3649 Οὔκουν
1015 3601 1132 3652 οὐδὲ
1159 3605 1452 3670 παρέσχον,
1484 3605 1617 3655 ἀλλὰ
1646 3605 1813 3656 πολλὰ

233 3686 346 3738 τῶν
380 3688 685 3754 εἰρημένων
716 3692 1121 3759 αἰτησαμένων,
1156 3693 1287 3745 αὐτὸ
1311 3694 1470 3745 τοῦτο
1505 3696 1643 3761 ὅπερ
1675 3695 1812 3766 ἦσαν

233 3781 331 3827 καὶ
363 3780 473 3838 τοῖς
502 3778 773 3847 δεηθεῖσιν
799 3783 1106 3852 ἐφάνησαν.
1141 3781 1244 3845 Οὓς
1280 3787 1306 3836 ὁ
1333 3786 1648 3838 Παντολέων
1671 3789 1811 3856 ὀρῶν

233 3869 552 3938 μειδιάματι
583 3873 850 3941 εὐπρεπεῖ
881 3875 979 3945 τὴν
1015 3878 1412 3943 ματαιοπονίαν
1446 3880 1624 3932 αὐτῶν
1675 3883 1811 3950 ἐμυ-

230 3963 516 4030 κτήρισεν.
574 3965 724 4016 Ἐπεὶ
758 3966 814 4018 δὲ
875 3969 971 4018 καὶ
1006 3970 1165 4028 αὐτὸς
1196 3970 1294 4036 τὴν
1333 3973 1624 4041 ἐπίκλησιν
1678 3976 1808 4026 ἒπε-

225 4054 436 4121 τράπη,
464 4055 610 4121 αἴρει
640 4055 736 4123 μὲν
774 4057 832 4107 τὸ
859 4058 1012 4124 ὄμμα
1049 4060 1129 4120 εἰς
1157 4061 1250 4112 τὸν
1281 4062 1536 4128 οὐρανὸν,
1571 4079 1808 4116 συνανα-

225 4146 395 4195 τείνει
438 4144 494 4196 δὲ
545 4147 722 4216 τούτῳ
758 4151 850 4200 καὶ
881 4150 979 4220 τὴν
1004 4150 1267 4217 διάνοιαν,
1309 4155 1422 4219 καί,
1452 4157 1646 4222 Κύριε,
1689 4159 1806 4208 εισ-

224 4234 514 4298 ἀκουσον,
537 4239 660 4306 ἔφη,
691 4239 796 4306 τῆς
827 4243 1178 4310 προσευχῆς
1205 4263 1345 4312 μου,
1391 4248 1486 4299 καὶ
1517 4248 1553 4313 ἡ
1580 4251 1806 4316 κραυγή

218 4345 341 4395 μου
373 4335 524 4396 πρὸς
552 4333 624 4383 σὲ
656 4334 893 4406 ἐλθέτω·
922 4335 1007 4401 μὴ
1038 4335 1434 4406 ἀξίου-τρέψῃς
1484 4341 1550 4391 τὸ
1577 4343 1809 4407 πρόσω-

227 4425 348 4474 πόν
372 4439 489 4475 σου
516 4423 615 4476 ἀπ’
643 4425 817 4490 ἐμοῦ,
845 4421 968 4495 ἐνῇ
996 4425 1068 4479 ἂν
1090 4429 1279 4495 ἡμέρᾳ
1305 4433 1808 4498 θλίϐωμαικλῒνω·

225 4522 376 4588 πρός
404 4537 479 4586 με
510 4521 572 4572 τὸ
607 4516 715 4585 οὖς
746 4538 882 4575 σου·
911 4524 979 4575 ἐν
1081 4525 1156 4576 ἂν
1192 4528 1380 4594 ἡμέρῃ
1435 4528 1805 4581 ἐπικαλέσω-

216 4613 331 4678 [icti
350 4628 422 4665 σε
464 4613 615 4681 ταχὺ
665 4614 1013 4670 ἐπάκουσιῖν
1055 4635 1194 4685 μου,
1251 4622 1344 4671 καὶ
1391 4620 1561 4686 δεῖξον
1596 4624 1707 4684 τοῖς
1744 4639 1803 4674 σε
1837 4654 1880 4708 D

222 4704 478 4770 ἀγνοοῦσι
537 4709 629 4760 καὶ
682 4711 792 4770 τοῖς
855 4711 928 4779 μὴ
979 4705 1097 4763 οὖσι
1145 4710 1461 4778 σεϐομένοις
1505 4713 1667 4775 θεοῖς,
1721 4716 1802 4767 ὅτι

222 4799 404 4851 πάντα
454 4798 699 4863 δύνασαι,
759 4801 1013 4868 Βασιλεῖ),
1082 4802 1335 4855 ἀδυνατεῖ
1393 4805 1450 4857 δέ
1507 4823 1586 4858 σοι
1623 4807 1800 4861 οὐδέν.

221 4891 415 4953 Οὕτως
434 4891 552 4960 ’ἔφη
587 4891 678 4943 καὶ
710 4891 808 4960 τῆς
846 4893 1026 4963 χειρὸς
1053 4893 1332 4962 ἁψάμενος
1367 4892 1460 4946 τοῦ
1518 4896 1800 4964 κειμένου,

218 4988 316 5041 Ἐν
369 4989 446 5057 τῲ
484 4989 732 5054 ὀνόματι,
788 4989 959 5055 λέγει,
1001 4989 1239 5059 Χριστοῦ
1294 4990 1390 5042 τοῦ
1445 4991 1800 5062 ἀνορθοῦντος

215 5081 346 5140 τοὺς
379 5082 884 5149 κατερῤαγμένους,
917 5083 1075 5151 ὑγιὴς
1106 5083 1195 5135 ἔσο
1224 5085 1311 5134 καὶ
1338 5084 1505 5148 ὑγιῶς
1553 5086 1664 5144 τοῖς
1704 5085 1802 5151 μὲ-

213 5170 336 5222 λεσι
381 5171 684 5241 χρώμενος.
733 5171 897 5225 Εἶπεν
931 5175 1019 5225 καὶ
1051 5177 1077 5225 ὁ
1101 5175 1254 5241 λόγος
1283 5177 1359 5237 εἰς
1398 5175 1557 5244 ἔργον
1610 5174 1796 5242 ἐξέϐη,

215 5264 377 5329 καὶή
422 5265 577 5332 κλίνη
611 5265 704 5317 τὸν
761 5268 1093 5335 παρειμένον
1150 5267 1357 5327 οὐκέτι,
1395 5267 1508 5318 ἀλλ’
1537 5269 1584 5318 οἱ
1638 5268 1797 5329 πόδες

213 5350 363 5424 εἶχον
382 5357 576 5410 ἑαυτοῦ
601 5357 943 5428 θαρρούντως
966 5359 1218 5429 βαίνοντα
1243 5361 1335 5412 καὶ
1359 5359 1546 5435 σχεδὸν
1567 5359 1793 5430 ᾁττοντα

213 5451 313 5503 καὶ
347 5447 477 5499 εὐθὺ
509 5452 659 5503 οἴκου
692 5452 832 5520 μετά
880 5452 1088 5523 Θερμῆς
1146 5455 1276 5521 ὅσης
1333 5455 1429 5522 τῆς
1465 5452 1657 5522 ἡδονῆς
1695 5463 1792 5504 πο-

214 5541 536 5613 ρευόμενον.

1922 3421 2196 3474 magna.ct
2229 3429 2348 3478 qua:
2381 3431 2550 3482 usque
2579 3419 2712 3476 adeo
2742 3428 3035 3488 superabat
3068 3442 3338 3490 naturam.
3369 3438 3495 3493 Erat

1922 3500 2069 3552 enim
2104 3517 2258 3570 teque
2299 3505 2539 3573 difﬁcile,
2570 3521 2624 3562 et
2657 3512 2830 3580 ipsum
2867 3520 3275 3592 convalescere,
3311 3538 3368 3583 et
3408 3533 3493 3585 vi-

1918 3591 2033 3646 deri
2066 3593 2282 3649 illorum
2318 3597 2447 3653 deos
2481 3615 2644 3656 sensu
2677 3614 2732 3658 ct
2765 3608 2975 3663 ratione
3013 3591 3285 3679 praeditos.
3331 3620 3494 3685 Quaaa

1918 3701 2042 3739 nam
2097 3690 2241 3742 enim
2275 3692 2412 3746 adeo
2455 3705 2604 3748 muta
2633 3707 2685 3750 et
2715 3701 2883 3754 surda
2914 3716 3143 3770 possunt
3169 3710 3292 3765 aliis
3329 3715 3490 3770 ullam

1915 3781 2161 3845 prmbere
2194 3787 2585 3840 curationem?
2633 3788 2770 3859 Ergo
2817 3808 2920 3847 nec
2967 3799 3321 3864 praebuerunt
3351 3823 3362 3856 :
3391 3810 3488 3862 sed

1914 3887 2038 3926 cum
2075 3875 2241 3929 multa
2269 3878 2563 3946 petiissent
2589 3881 2628 3934 ii
2662 3885 2751 3951 qui
2789 3885 2922 3940 dicti
2961 3901 3113 3954 sunt,
3149 3891 3253 3950 hoe
3311 3895 3487 3964 ipsum

1913 3967 2057 4034 quod
2090 3979 2266 4030 erant,
2304 3981 2500 4038 nempe
2523 3972 2745 4040 lapides,
2779 3977 2845 4028 iis
2871 3980 2961 4044 qui
2998 3984 3280 4051 rogabant,
3303 3993 3490 4056 aperte

1913 4069 2309 4124 apparuerunt.
2363 4061 2635 4129 Rogantes
2686 4077 2869 4120 autem
2926 4070 3117 4125 videns
3166 4074 3485 4142 Pantoleon.

1913 4149 2132 4203 iuuncm
2185 4167 2373 4206 eorum
2420 4155 2661 4211 laborem
2715 4159 2915 4215 decore
2965 4165 3320 4231 subridendo,
3357 4171 3489 4226 sub-

1911 4243 2212 4296 sannavit.‘
2253 4243 2543 4314 Postquam
2578 4265 2708 4302 vero
2760 4251 2872 4320 ipse
2906 4271 3124 4324 quoque
3167 4259 3354 4326 jussus
3383 4263 3486 4316 fuit

1911 4334 2189 4401 invocare,
2240 4338 2380 4393 tullit
2413 4341 2633 4409 quidem
2672 4344 2723 4396 in
2771 4346 2968 4400 ctelum
2999 4350 3211 4416 oculos,
3247 4369 3368 4408 cum
3406 4355 3474 4409 iis

1909 4439 2089 4483 autem
2139 4431 2349 4487 extollit
2386 4449 2600 4496 vocem,
2669 4445 2744 4500 et,
2773 4438 3016 4504 Domine,
3063 4442 3257 4512 inquit,
3288 4450 3482 4501 exaudi

1909 4524 2204 4575 orationem
2247 4540 2441 4588 meam,
2492 4534 2542 4580 et
2586 4526 2788 4582 clamor
2815 4547 2959 4586 meus
2990 4536 3057 4586 ad
3099 4545 3147 4590 te
3175 4541 3372 4594 veniat.
3404 4542 3485 4596 Ne

1910 4626 2118 4670 avertas
2167 4618 2356 4688 faciem
2405 4630 2556 4672 mam
2594 4638 2627 4674 a
2675 4639 2799 4687 me;
2830 4625 2884 4675 in
2913 4641 3222 4697 quacunque
3251 4632 3336 4684 die
3381 4635 3484 4684 tri-

1909 4707 2078 4771 bulor,
2109 4709 2302 4761 inclina
2341 4711 2412 4762 ad
2444 4727 2525 4763 me
2558 4728 2744 4764 aurem
2773 4721 2942 4773 tuam.
2977 4716 3044 4770 In
3073 4734 3180 4786 qua
3207 4721 3293 4775 die
3331 4722 3484 4777 ἕηυο.

1907 4817 2092 4859 cavero
2113 4809 2181 4864 te.
2211 4805 2448 4857 celeriter
2474 4807 2669 4860 exaudi
2696 4824 2777 4863 me
2796 4809 2838 4877 ‘;
2870 4821 2924 4864 et
2949 4815 3178 4868 ostende
3213 4816 3279 4869 iis
3306 4820 3396 4886 qui
3429 4829 3481 4872 te

1908 4896 2182 4964 ignorant,
2233 4905 2287 4950 et
2338 4911 2435 4951 eos
2484 4899 2573 4967 qui
2629 4915 2738 4954 non
2793 4911 2941 4965 sunt,
2995 4905 3128 4961 deos
3183 4909 3391 4974 colunt.
3428 4913 3480 4970 te

1905 4988 2084 5048 omnia
2124 5003 2304 5055 posse,
2340 5004 2372 5040 o
2405 4987 2539 5050 Rex,
2566 5001 2653 5044 tua
2689 4997 2952 5061 potentia.
2983 4995 3127 5051 Nihil
3161 5009 3243 5053 est
3273 5013 3478 5064 autem.

1904 5083 2044 5148 quod
2077 5097 2104 5133 a
2141 5092 2192 5135 te
2226 5099 2333 5136 non
2373 5086 2547 5152 possit
2581 5087 2717 5139 tleri.
2754 5086 2844 5141 Sic
2875 5090 3016 5146 dixit
3046 5109 3060 5149 :
3090 5104 3299 5149 etcum
3342 5100 3480 5152 teri-

1905 5174 2071 5240 gissct
2119 5188 2341 5226 manum
2375 5177 2518 5246 ejus,
2556 5177 2650 5244 qui
2678 5179 2919 5246 jacebat,
2951 5183 3087 5239 dicit
3124 5202 3136 5236 :
3173 5187 3228 5240 In
3258 5191 3483 5243 nomine

1902 5264 2128 5326 Christi,
2158 5267 2249 5334 qui
2282 5266 2441 5338 erigit
2461 5283 2556 5322 eos
2573 5269 2664 5338 qui
2689 5279 2818 5324 sunt
2839 5272 3124 5339 confracti,
3148 5286 3269 5331 esto
3288 5295 3476 5344 sanus.

1906 5366 1962 5412 ct
1992 5372 2121 5412 sane
2157 5368 2309 5412 utere
2349 5360 2612 5414 membris
2636 5362 2765 5417 tuis.
2786 5365 2954 5429 Dixit,
2979 5376 3033 5421 et
3062 5368 3286 5424 verbum
3313 5373 3475 5427 cﬂeco

1907 5463 1993 5507 tus
2016 5466 2100 5508 est
2124 5463 2458 5508 consecutus
2488 5472 2500 5508 :
2528 5469 2705 5523 neque
2735 5456 2969 5525 amplius
3031 5457 3209 5515 lectus
3259 5466 3468 5535 paraly-

1911 5545 2101 5612 ticum,
2157 5547 2248 5601 sed
2270 5547 2389 5614 ejus
2423 5547 2589 5615 pedes
2615 5548 2979 5613 sustinebant.
3006 5553 3262 5609 audacter
3289 5555 3476 5626 ingre-

211 5638 478 5694 dientem.
518 5645 573 5689 et
606 5637 1001 5706 prepemodum
1077 5639 1444 5699 exsilientem,
1479 5648 1532 5691 et
1567 5639 1746 5692 statim
1782 5655 1903 5693 cum
1942 5653 2136 5709 magna
2170 5637 2443 5705 voluptate
2477 5639 2640 5694 domo
2667 5640 3060 5710 egredientem.

289 5730 386 5784 IE'.
417 5731 489 5785 Οὐ
523 5732 684 5801 μέχρι
708 5732 898 5784 τούτου
934 5731 999 5783 τὰ
1030 5733 1130 5802 τῆς
1162 5733 1456 5805 θεραπείας
1494 5733 1645 5804 ἔστη,
1676 5732 1791 5784 ἁλλ“

335 5897 517 5962 ‘Psal.
554 5923 627 5972 Cl,
664 5905 716 5973 ἓ,
753 5909 805 5962 5.

1975 5731 2084 5786 XV.
2117 5729 2301 5801 Neque
2338 5747 2462 5787 vero
2500 5734 2564 5786 ad
2610 5748 2733 5787 eum
2769 5748 2942 5803 usque
2973 5735 3218 5792 constitit
3239 5740 3472 5807 curatio,
