4226 6436
791 385 899 452 463

2111 396 2270 457 ΜΕΝ
2277 394 2393 458 SlS
2433 397 2726 465 IULIUS.

3939 413 4036 474 464

790 505 888 562 sed
931 507 1049 576 ipse
1091 504 1306 576 quidem
1342 521 1597 578 corpore,
1645 508 1802 564 multi
1832 519 2012 565 autem
2053 509 2143 565 alii
2177 512 2361 566 animo
2387 512 2438 572 Α

2387 512 2438 572 Δ
2465 512 2625 565 αὐτὸν
2666 514 2764 582 μὲν
2800 513 2940 568 κατά
2975 516 3158 586 σῶμα,
3197 517 3382 572 πολλοὶ
3412 519 3468 573 δὲ
3521 521 3670 575 ἄλλοι
3718 527 4040 593 παρειμένοι

790 599 1098 671 paralytici.
1135 608 1191 654 et
1236 600 1425 656 morbo
1466 601 1763 671 impietatis
1809 605 2076 669 enervati,
2120 620 2242 660 cum
2279 606 2355 659 vi-

786 694 998 750 dissent
1023 694 1168 763 quod
1205 694 1406 750 factum
1448 694 1650 760 fuerat,
1701 709 2060 752 surrexerunt
2104 707 2159 752 et
2189 699 2356 754 erecti

786 795 916 840 sunt
963 802 977 840 :
1009 793 1064 840 et
1101 797 1376 857 postremo
1409 788 1575 857 priori
1614 805 1800 842 errore
1834 791 2220 856 condemnato,
2263 809 2357 848 ve-

788 893 908 932 rum
948 877 1118 932 Deum
1169 878 1478 932 coluerunt.
1527 880 1618 935 Sic
1653 883 1798 936 enim
1836 882 2100 936 Dominus
2143 893 2198 938 et
2236 885 2356 939 illu-

783 973 954 1026 minat
985 985 1178 1034 cacas,
1214 981 1269 1027 et
1301 972 1403 1027 scit
1431 973 1640 1043 erigere
1671 974 2000 1033 confractus.
2033 979 2209 1047 Atque
2241 995 2357 1033 sce-

781 1061 984 1116 leratos
1036 1061 1254 1130 quidem
1307 1064 1622 1120 sacerdotes
1673 1075 1728 1120 et
1779 1068 2044 1129 medicos,
2105 1071 2197 1138 qui
2259 1087 2354 1126 sua

781 1168 976 1226 sponte
1012 1167 1170 1212 erant
1204 1157 1656 1222 immedicabiles,
1695 1178 1805 1216 non
1840 1165 2013 1217 subiit
2044 1166 2227 1220 lumen
2257 1182 2342 1222 ve-

779 1250 956 1304 ritatis
979 1267 992 1302 :
1018 1251 1111 1305 sed
1135 1266 1258 1304 cum
1284 1267 1314 1304 a
1344 1253 1498 1307 malis
1530 1253 1692 1308 rebus
1720 1255 1941 1310 liberari
1968 1272 2076 1309 non
2105 1269 2349 1328 possent,

767 1351 838 1395 ἰιι
876 1342 964 1411 qui
1015 1351 1200 1396 essent
1247 1343 1311 1396 iis
1344 1344 1434 1396 diu
1504 1346 1818 1411 assuefacti,
1901 1349 2229 1405 accedentes
2282 1354 2350 1406 ad

775 1432 1186 1498 Maximianum,
1250 1436 1318 1490 ad
1383 1437 1721 1492 iracundiam
1787 1453 2155 1505 provocarunt
2223 1459 2349 1498 eum

776 1525 1040 1581 adversus
1083 1537 1352 1582 sanctum.
1416 1527 1472 1582 Si
1513 1530 1708 1584 siveris
1744 1531 1892 1585 illum
1937 1533 2138 1597 vivere,
2195 1535 2345 1590 dice-

773 1618 926 1683 bant,
978 1628 1034 1674 et
1077 1619 1149 1672 dii
1199 1621 1360 1674 simul
1410 1621 1506 1675 tibi
1553 1623 1808 1691 peribunt
1843 1635 1897 1679 et
1943 1627 2209 1681 sacriﬁcia
2248 1646 2260 1680 :
2294 1637 2348 1682 et

769 1722 960 1780 aperte
1017 1711 1197 1764 fabula
1252 1723 1436 1766 nostra
1517 1715 1794 1768 videbitur
1847 1718 2036 1787 religio
2085 1728 2140 1773 et
2191 1735 2344 1774 sacra

771 1803 959 1872 orgia;
999 1801 1302 1856 Christiani
1355 1814 1538 1857 autem
1589 1821 1690 1861 nos
1727 1808 1946 1876 profuse
1980 1812 2254 1874 ridebunt,
2289 1823 2344 1868 et

2463 605 2556 656 καὶ
2577 604 2752 676 ψυχὴν
2781 609 2876 660 καλ⁵
2899 608 3158 672 ἀσεϐείας
3186 611 3345 664 πάθει
3375 615 3815 685 κατερραγμένοι
3856 618 3916 668 τὸ
3952 634 4041 685 γε·

2461 696 2615 762 γονὸς
2647 696 2995 767 θεασάμενοι,
3031 702 3340 772 ἀνέστησάν
3376 720 3434 757 τε
3478 707 3568 758 καὶ
3606 707 4038 778 ἀνωρθώθησαν,

2462 790 2554 841 καὶ
2600 791 2698 860 τῆς
2754 794 3032 864 προτέρας
3084 795 3291 866 πλάνης
3327 798 3498 853 πολλά
3551 802 3917 868 καταγνόντες
3949 805 4036 856 τὸν

2457 878 2664 948 ἀψευδῆ
2726 880 2858 934 Θεὸν
2899 883 3300 955 ἐσεϐάσθησαν.
3338 887 3463 952 Τοῖς
3519 894 3739 959 μιαροῖς
3799 893 3898 961 μὲν
3950 893 4038 947 οὖν

2461 968 2667 1038 ίερεῦσι
2697 973 2792 1023 καὶ
2820 972 3056 1035 ἀνιάτως
3101 975 3318 1044 ἔχουσιν
3352 980 3558 1048 ἰατροῖς
3607 979 4031 1034 ὲθελοκακοῦσιν

2455 1062 2554 1112 οὐκ
2587 1062 2764 1114 εἰσεδυ
2812 1065 2873 1116 τὸ
2908 1064 3112 1132 φέγγος
3140 1066 3239 1135 τῆς
3267 1069 3571 1135 εὐσεϐείας,
3595 1071 3733 1125 ἀλλά
3757 1073 4034 1125 δυσαπαλο

2454 1153 2666 1217 λάκτως
2702 1150 2849 1224 εἶχον
2905 1157 3014 1208 τῶν
3051 1159 3361 1229 μοχθηρῶν,
3392 1161 3467 1224 ὼς
3513 1163 3578 1217 ἂν
3611 1164 3706 1216 ἐπὶ
3739 1164 3874 1217 πολὺ
3909 1167 4029 1220 τού-

2451 1263 2577 1310 τους
2606 1249 3033 1317 συνειθισμένοι,
3059 1252 3179 1303 ὅθεν
3209 1253 3303 1306 καὶ
3334 1254 3408 1324 τῷ
3433 1255 3762 1327 Μαξιμιανῷ
3801 1260 4036 1329 προσελσ

2455 1340 2658 1403 Οόντες,
2690 1339 2988 1410 ὲξὼργιζον
3016 1343 3180 1397 αὑτὸν
3217 1345 3356 1396 κατὰ
3389 1344 3479 1399 τοῦ
3517 1348 3673 1414 ἁγίου
3706 1349 3826 1412 καὶ,
3850 1351 3910 1402 ΕΞ
3936 1351 4030 1420 ζῇν

2451 1431 2658 1484 ἐκεῖνον
2685 1434 2886 1496 ἐάσεις,
2921 1433 3125 1500 ελεγον,
3164 1437 3372 1506 οἴχεταί
3405 1455 3488 1490 σοι
3516 1438 3652 1507 μετά
3690 1444 3800 1492 τῶν
3829 1440 4031 1493 θυσιῶν

2450 1524 2543 1576 καὶ
2580 1527 2644 1577 τὰ
2666 1525 2827 1590 θεῶν,
2864 1527 2958 1578 καὶ
2992 1527 3160 1595 μῦθος
3190 1528 3450 1600 ἄντικρυς
3489 1531 3630 1594 δόξει
3661 1531 3935 1602 θρησκεία
3969 1549 4029 1584 τε

2451 1616 2693 1685 ἡμετέρα
2725 1619 2818 1668 καὶ
2852 1619 2972 1685 ἱερά
3005 1618 3186 1687 ὕργια,
3222 1620 3541 1688 Χριστιανοὶ
3567 1621 3622 1674 δὲ
3660 1623 3834 1676 πλατὺ
3862 1625 4023 1692 γελά-

2450 1722 2600 1758 σουσι
2639 1707 2760 1759 καθ’
2799 1707 2954 1778 ἡμῶν
2992 1713 3084 1762 καὶ
3117 1709 3419 1780 ἰσχύσουσι,
3456 1713 3550 1764 καὶ
3590 1712 3657 1763 τά
3696 1714 3881 1766 αὐτῶν
3931 1718 4024 1769 ἀν·

2449 1800 2602 1870 θήσει
2638 1800 2860 1871 μᾶλλον,
2894 1803 2987 1855 καὶ
3021 1804 3156 1856 πολὺ
3219 1806 3373 1857 ἔσται
3415 1805 3522 1857 τῶν
3552 1807 3850 1876 ἡμετέρων
3907 1810 4024 1859 ἑπι-

764 1907 859 1946 τεε
887 1892 1107 1946 illorum
1140 1894 1309 1964 magis
1337 1892 1628 1956 florebunt.
1660 1875 1908 1953 etierunt
1937 1903 2141 1957 nostris
2167 1904 2337 1959 multo
2378 1875 2416 1932 Β

2378 1875 2416 1932 Β
2445 1896 2806 1964 κρατὲστερα.
2841 1895 3028 1948 Ταῦτα
3079 1897 3354 1961 εἰπόντες,
3382 1897 3675 1962 ἀκούοντος
3706 1901 3902 1969 ἔτυχον
3933 1899 4025 1952 καὶ

769 1985 1084 2040 validiores.
1145 1986 1267 2040 Haec
1323 2003 1445 2041 cum
1497 1989 1787 2055 dixissent,
1848 1994 1936 2047 ille
1992 1995 2205 2049 facilem
2257 1998 2338 2051 eis

767 2095 953 2134 aurem
995 2079 1246 2148 prmbuit,
1277 2089 1331 2133 et
1360 2082 1558 2149 paruit.
1593 2083 1853 2137 Sanctum
1892 2086 2073 2154 itaque
2107 2091 2337 2143 accersit

769 2173 1088 2240 imperator.
1122 2181 1177 2225 et
1205 2181 1460 2240 tanquam
1493 2189 1670 2227 eseam
1703 2174 2057 2244 benignitatis
2087 2179 2135 2230 ei
2167 2179 2337 2248 impe-

767 2273 912 2319 rator
942 2265 1220 2333 porrigens
1249 2264 1674 2319 admonitionem
1701 2284 1714 2320 :
1742 2264 1913 2321 Crede
1944 2269 2098 2332 milii,
2133 2269 2332 2338 inquit,

766 2354 1086 2416 Pantoleon.
1121 2367 1175 2409 et
1210 2357 1313 2409 diis
1343 2356 1475 2410 offer
1505 2357 1853 2411 sacrificium.
1891 2364 1972 2411 An
2007 2375 2113 2412 non
2157 2362 2334 2421 vides.

766 2449 908 2519 quod
941 2450 1356 2518 quibuseunque
1387 2463 1494 2501 non
1518 2459 1601 2501 est
1633 2462 1974 2515 persuasum,
2007 2460 2064 2503 ut
2095 2450 2333 2506 facerent

765 2542 909 2613 quod
942 2542 1145 2596 dierum
1178 2540 1373 2602 fuerat,
1404 2540 1436 2593 ii
1471 2541 1789 2609 gravissima
1820 2540 2081 2609 supplicia
2109 2553 2161 2598 et
2185 2559 2330 2598 mor-

766 2645 877 2688 tem
943 2635 1255 2687 habuerunt
1317 2629 1716 2688 incredulitatis
1791 2635 2333 2689 remunerationem?

763 2725 967 2780 Horum
999 2733 1084 2779 est
1128 2725 1302 2787 testis,
1348 2725 1436 2794 qui
1481 2740 1658 2794 nuper
1700 2725 1899 2779 misere
1931 2729 2041 2780 vita
2087 2733 2332 2796 privatus

2448 2003 2516 2037 πε
2547 1986 2774 2053 θομένου
2805 1991 2917 2049 τοῖς
2962 1988 3298 2057 λεγομένοις.
3342 1991 3748 2045 Μετακαλείται
3791 1994 3970 2046 τοίνυν
3997 1993 4025 2044 6

2447 2077 2703 2146 βασιλεὺς
2747 2080 2837 2130 τὸν
2869 2079 3239 2132 Παντολεοντα
3270 2083 3362 2133 καὶ
3401 2084 3562 2134 οἱονεὶ
3605 2085 3798 2151 δέλεαρ
3832 2090 4024 2152 φιλανα-

2446 2166 2694 2236 Θρωπίας
2733 2171 2831 2237 τὴν
2861 2170 3181 2237 παραίνεσιν
3218 2171 3366 2240 αὐτῷ
3407 2173 3728 2241 προτείνω-ι’
3761 2175 4023 2244 Πείσθητί

2447 2277 2559 2329 μοι,
2591 2262 2764 2328 ἔλεγε,
2799 2262 3124 2328 Παντόλεον,
3161 2264 3255 2315 καὶ
3292 2264 3481 2316 θυσίαν
3520 2267 3856 2335 προσένεγκε
3913 2271 4023 2330 τοῖς

2443 2351 2604 2412 θεοῖς’
2643 2352 2674 2419 ἢ
2708 2353 2803 2418 οὐχ
2831 2354 2989 2421 ὁρᾷς,
3050 2353 3129 2405 ὅτι
3169 2355 3283 2405 ὅσοι
3317 2353 3473 2407 τοῦτο
3508 2357 3728 2424 ποιῆσαι
3785 2358 4028 2427 ἠπείθη-

2444 2459 2561 2508 σαν,
2623 2442 2933 2514 βαρυτάτας
2974 2444 3224 2508 κολάσεις
3261 2447 3353 2497 κα“ι
3404 2445 3633 2498 θάνατον
3693 2448 3854 2516 ἔσχον
3920 2449 4022 2517 τῆς

2442 2536 2722 2599 ἀπειθείας
2764 2538 3051 2602 ἀντίδοσιν;
3091 2538 3185 2590 καὶ
3242 2540 3454 2607 μάρτυς
3512 2539 3700 2591 τούτου
3729 2540 3756 2590 ὁ
3789 2540 3897 2608 πρὸ
3927 2559 4022 2609 μι-

2441 2629 2576 2696 κροῦ
2617 2629 2816 2690 ἀθλίως
2873 2629 2966 2681 τοῦ
3017 2630 3117 2700 ζῇν
3169 2631 3507 2701 ἀπορραγεὶς
3545 2633 3806 2700 Ἀνθιμος
3836 2633 3865 2682 ὁ
3922 2630 4020 2698 γέ-

2442 2740 2572 2792 ρων.
2613 2721 2752 2789 Ἐγὼ
2782 2723 2838 2774 δέ
2875 2740 2967 2774 σου
3002 2725 3236 2791 κήδομαι
3272 2724 3369 2792 τῆς
3404 2725 3652 2794 νεότητος
3678 2727 3772 2776 καὶ
3799 2725 3862 2777 οὐ
3891 2724 4021 2793 βού-

2439 2813 2599 2882 λομαι
2639 2813 2808 2876 οὕτως
2841 2814 3025 2876 κακῶς
3063 2814 3380 2868 ἀπολέσθαι.
3424 2816 3562 2868 Ἰσθι
3603 2819 3731 2886 γάρ,
3761 2818 3843 2868 ὅτι
3891 2817 4026 2868 πολ-

2437 2904 2525 2957 λαί
2562 2922 2621 2956 σε
2661 2906 2756 2957 καὶ
2817 2906 3049 2975 χαλεπαὶ
3086 2906 3412 2968 διαδέξονται
3475 2907 3693 2976 βάσανοι
3755 2908 3857 2978 τῆς
3917 2911 4020 2960 αὺ-

2436 2995 2537 3062 τῆς
2573 2995 2832 3065 ἐχόμενον
2858 2995 3162 3058 ἀπειθείας.

762 2830 865 2882 est.
901 2819 1190 2872 Anthinius
1241 2818 1330 2871 ille
1374 2834 1559 2872 senex.
1606 2818 1716 2885 Ego
1763 2827 1945 2874 autem
1981 2835 2166 2872 curam
2202 2838 2331 2890 gero

761 2920 869 2971 tuae
916 2909 1243 2979 juventutis,
1299 2923 1474 2976 neque
1529 2909 1651 2962 volo
1692 2917 1742 2961 te
1786 2919 1890 2961 tam
1934 2911 2074 2965 male
2124 2913 2326 2980 perire.

765 2996 915 3057 Scito
961 3001 1129 3064 enim,
1179 3000 1294 3054 fore
1330 3009 1389 3053 ut
1428 3011 1477 3053 te
1517 2999 1683 3053 multa
1731 3009 1785 3055 et
1826 3004 2008 3070 gravia
2051 3005 2327 3073 excipiant

761 3092 1050 3161 supplicia,
1085 3091 1127 3144 si
1165 3091 1412 3144 eamdem
1445 3091 1689 3157 sequaris
1719 3091 2163 3146 inobedientiam.

829 3182 968 3236 XVI.
1005 3183 1298 3236 Pantuleon
1335 3197 1482 3245 vero,
1536 3183 1710 3235 vitans
1755 3183 1970 3249 quidem
2002 3184 2327 3239 admonitio-

757 3291 876 3338 nes,
919 3284 1174 3344 tanquam
1212 3283 1450 3342 apertam
1486 3274 1751 3339 fraudein,
1784 3276 1959 3329 minas
1987 3286 2167 3330 autem
2200 3295 2329 3332 con-

758 3380 1031 3430 temnens.
1072 3379 1327 3435 tanquam
1361 3366 1491 3435 ipsis
1529 3367 1757 3420 somniis
1790 3367 2176 3424 imbecilliores
2207 3387 2218 3423 :
2249 3370 2326 3425 Ne

757 3462 1058 3518 existimes.
1094 3459 1291 3527 inquit,
1324 3475 1356 3512 ο
1389 3462 1707 3528 imperator,
1740 3461 1855 3514 fore
1888 3471 1945 3513 ut
1976 3478 2062 3515 me
2096 3479 2325 3529 persua—

756 3552 886 3606 deas
936 3550 1424 3614 admonitionibus,
1486 3564 1587 3602 nec
1645 3560 1701 3602 ut
1735 3565 1820 3604 me
1874 3552 2039 3605 minis
2093 3562 2318 3607 terrens.

755 3643 893 3710 Quid
925 3641 1069 3695 enim
1103 3656 1188 3695 me
1229 3641 1307 3694 vel
1343 3656 1410 3694 ex
1442 3641 1601 3695 bonis
1630 3643 1816 3695 mundi
1852 3644 2049 3710 capiet,
2085 3645 2169 3696 vel
2219 3652 2326 3697 ter-

753 3736 896 3790 rebit
928 3750 994 3786 ex
1024 3734 1184 3787 rebus
1217 3732 1574 3795 terribilibus,
1605 3735 1696 3800 qui
1727 3748 1832 3786 non
1870 3735 2044 3786 solum
2091 3744 2320 3788 mortem

752 3826 1071 3886 contemno,
1103 3824 1196 3878 sed
1227 3838 1344 3876 eam
1386 3824 1544 3875 etiam
1588 3825 1879 3891 optandam
1915 3824 2148 3877 arbitror
2192 3841 2320 3892 pro-

754 3929 872 3988 pter
920 3917 1244 3974 Christum?
1288 3915 1394 3970 Pro
1434 3931 1497 3970 eo
1547 3925 1726 3969 autem
1784 3925 2052 3970 tormenta
2111 3925 2320 3970 tantum

753 4013 909 4066 abest
952 4020 1012 4064 ut
1052 4011 1422 4070 extimescam,
1462 4018 1521 4061 ut
1559 4012 1722 4061 etiam
1765 4024 2020 4075 magnum
2063 4009 2318 4064 damnum

752 4104 1084 4164 existimem,
1136 4103 1180 4156 si
1210 4115 1317 4154 non
1369 4100 1479 4153 sitit
1514 4099 1664 4169 plura
1714 4109 1769 4152 et
1808 4100 2152 4170 gravissima,
2187 4114 2240 4153 et
2267 4102 2319 4154 in

753 4195 818 4249 iis
871 4195 1222 4249 clementiam
1267 4194 1460 4261 quavis
1491 4192 1812 4246 crudelitate
1843 4192 1983 4246 duco
2031 4208 2150 4247 esse
2197 4210 2318 4264 gra-

750 4292 978 4342 viorem.
1048 4285 1334 4357 Egregium
1381 4294 1530 4339 certe
1595 4285 1938 4349 Antliimum,
1997 4301 2107 4338 non
2173 4296 2229 4339 ut
2264 4298 2318 4340 tu

2506 3179 2628 3244 ις’.
2653 3178 2760 3231 Καὶ
2778 3179 2809 3237 ὁ
2833 3178 3151 3232 Παντολέων
3170 3179 3266 3242 τὰς
3298 3180 3396 3250 μὲν
3429 3182 3781 3251 παραινέσεις
3804 3183 3881 3247 ὡς
3913 3203 4017 3254 91-

2433 3271 2595 3340 νεράν
2628 3271 2842 3340 ἀπάτην
2873 3270 3157 3335 ἐκκλίνων,
3188 3273 3288 3334 τὰς
3315 3273 3542 3331 ἀπειλὰς
3571 3275 3624 3324 δὲ
3656 3274 3731 3335 ὡς
3785 3277 4014 3328 ἀσθενε-

2433 3364 2628 3428 στέρας
2659 3365 2754 3414 καὶ
2807 3363 3101 3431 ὀνειράτων
3142 3363 3508 3434 περιφρονῶν·
3545 3365 3694 3434 Μηδὲ
3743 3370 4014 3437 παραινέο

2432 3468 2598 3516 σεσιν,
2621 3451 3008 3522 ἒφη,βασιλεῦ,
3037 3453 3147 3506 οἴου
3181 3472 3249 3524 με
3282 3455 3518 3521 πείσειν,
3552 3463 3687 3526 μήτε
3723 3461 4016 3532 καταπλή-

2434 3543 2545 3608 ξειν
2572 3549 2686 3607 ταῖς
2713 3547 2986 3608 ἀπειλαῖς.
3012 3549 3075 3600 Τί
3105 3549 3210 3618 γὰρ
3241 3550 3272 3613 ἢ
3300 3545 3406 3599 τῶν
3429 3549 3520 3600 τοῦ
3551 3552 3761 3616 κόσμου
3786 3554 4011 3619 ἀγαθῶν

2428 3636 2732 3705 αἰρήσει,ἢ
2784 3638 2890 3686 τῶν
2923 3638 3169 3704 φοϐερῶν
3201 3637 3461 3701 δειδίξεται
3511 3638 3604 3688 τὸν
3659 3642 3759 3708 οὐχ
3818 3643 4012 3703 ἁπλῶς

2428 3727 2664 3779 θανάτου
2701 3730 3170 3799 καταφρονοῦντα,
3206 3730 3342 3783 ἀλλά
3384 3734 3472 3784 καὶ
3507 3734 3783 3802 μακάριον
3812 3737 4008 3791 τοῦτον

2428 3821 2520 3870 καὶ
2551 3822 2814 3887 ἐράσμιον
2847 3819 2986 3871 εἰναι
3023 3823 3112 3874 διὰ
3150 3822 3383 3891 Χριστὸν
3412 3825 3791 3893 λογιζόμενονς
3829 3830 3924 3890 τὰς
3948 3831 4009 3882 δὲ

2427 3909 2566 3980 ὑπὲρ
2597 3911 2760 3963 αὑτοῦ
2817 3911 3082 3982 βασάνους
3137 3913 3390 3967 τοσοῦτον
3439 3916 3630 3986 ἀπέχω
3677 3919 4008 3987 δεδοικέναι,

2425 4001 2566 4053 ὥστε
2595 4005 2686 4056 καὶ
2723 4005 2928 4072 ζημίαν
2981 4006 3040 4058 οὺ
3080 4011 3285 4076 μικρὰν
3319 4008 3554 4079 ἥγημαι,
3595 4011 3642 4063 εί
3675 4012 3751 4080 μὴ
3784 4014 4011 4076 πλείους

2426 4094 2536 4147 εἷεν
2564 4098 2654 4147 καὶ
2685 4097 3068 4166 χαλεπώταται
3129 4101 3222 4152 καὶ
3260 4102 3356 4170 τὴν
3403 4108 3531 4173 περὶ
3571 4106 3772 4168 ταύτας
3808 4109 4016 4176 φιλαν-

2426 4186 2674 4257 θρωπίαν
2703 4192 2878 4260 πάσης
2908 4192 3194 4262 ὠμότητος
3225 4195 3448 4266 τίθεμαι
3504 4197 3831 4267 βαρυτέραν·
3863 4203 4014 4270 ἀμέρ

2424 4279 2504 4333 λει
2555 4285 2656 4336 καλ⁵
2713 4284 2975 4352 ’Δνθιμον
3059 4287 3150 4338 τὸν
3193 4289 3374 4352 καλὸν,
3413 4290 3509 4360 οὐχ
3556 4291 3630 4352 ὡς
3688 4291 3752 4342 σὺ
3790 4292 4008 4356 ἄθλιον,

747 4383 1035 4443 miserum,
1085 4378 1182 4433 sed
1237 4377 1391 4431 valde
1451 4380 1616 4430 etiam
1669 4378 1886 4432 beatum
1933 4389 2055 4431 esse
2105 4378 2316 4446 judico.

2423 4375 2559 4426 ἀλλά
2595 4380 2688 4427 καὶ
2729 4378 2933 4447 σφόδρα
2967 4380 3238 4451 μακάριον
3270 4378 3408 4436 εἶναι
3435 4387 3607 4456 κρίνω
3639 4388 3734 4437 καὶ
3767 4389 3860 4439 τὸν
3899 4392 4005 4441 αὖ-

745 4483 805 4533 et
847 4473 966 4542 eius
1017 4481 1246 4526 mortem
1294 4468 1467 4524 cuivis
1528 4467 1649 4521 vita:
1688 4468 1941 4536 praefero,
2016 4471 2161 4538 quod
2223 4471 2312 4523 tali

2422 4469 2516 4520 τοῦ
2558 4469 2784 4523 Θάνατον
2822 4471 2965 4542 ζωῆς
3015 4477 3343 4547 προτίθεμαι
3387 4480 3587 4548 πάσης,
3641 4481 3723 4532 ὅτι
3768 4483 4007 4553 τοιούτῳ

745 4566 851 4620 line
890 4566 1052 4619 talem
1085 4562 1300 4616 ornavit
1330 4569 1692 4625 senectutem,
1724 4567 1779 4613 et
1812 4560 2031 4613 canitiei
2065 4561 2308 4613 alborem
2349 4574 2393 4631 ο

2349 4574 2393 4631 ο
2421 4558 2564 4612 τέλει
2596 4561 2654 4612 τὸ
2686 4563 2882 4632 σεμνὸν
2917 4565 3194 4635 ἐκόσμησε
3221 4569 3393 4636 γῆρας
3432 4568 3527 4619 καλ⁵
3559 4568 3860 4641 λευκότητα
3900 4589 4005 4626 πο-

739 4655 1005 4727 sanguine
1062 4651 1371 4707 cruentavit
1428 4653 1694 4723 martyrii.
1751 4650 1907 4718 Quod
1947 4653 1992 4707 si
2047 4653 2158 4720 ille,
2219 4656 2311 4724 qui

2423 4650 2543 4715 λιᾶς
2589 4654 2779 4724 αἵματι
2819 4657 3053 4724 ὲφοίνιξε
3094 4662 3422 4727 μαρτυρίου.
3475 4660 3536 4712 Εἰ
3567 4661 3623 4714 δὲ
3663 4665 3870 4728 ἐκεῖνος
3905 4667 4006 4720 οὗ·

741 4757 860 4804 erat
905 4756 1013 4802 tam
1042 4754 1315 4816 provecta:
1345 4745 1543 4807 aetatis,
1579 4745 1715 4798 adeo
1749 4745 1945 4799 fortem
1975 4755 2031 4800 et
2056 4757 2314 4801 constan~

2418 4762 2525 4808 τως
2573 4747 2793 4816 ἡλικίας
2840 4748 2999 4814 ἔχων,
3048 4749 3431 4822 οὕτωςὲφάνη
3481 4758 3833 4825 καρτερικὸς,
3891 4760 4005 4827 ἐμὲ

740 4853 848 4896 tem
881 4854 940 4893 se
968 4838 1229 4900 ostendit,
1260 4851 1365 4901 me,
1397 4836 1486 4905 qui
1521 4850 1643 4889 sum
1666 4836 1846 4891 adhuc
1870 4837 2100 4904 juvenili
2130 4848 2308 4897 aetate.

2415 4839 2508 4889 τὸν
2551 4836 2786 4889 ἐνταῦθα
2824 4838 3070 4908 νεότητος
3096 4839 3248 4907 ὄντα,
3276 4845 3425 4894 ποῖον
3485 4847 3543 4897 οὐ
3577 4850 3657 4897 δεῖ
3685 4848 3794 4897 τῶν
3824 4847 4001 4915 καλε-

739 4945 861 5000 ηιιιιτ
885 4944 996 4983 non
1026 4935 1248 4997 Oportet
1289 4926 1470 4996 gravia
1505 4927 1803 4991 sustinere,
1838 4934 1896 4979 ut
1928 4927 2141 4990 iisdem,
2192 4930 2314 4996 qui-

738 5025 843 5077 bus
889 5035 1074 5084 senex,
1119 5019 1336 5073 coronis
1380 5019 1573 5087 dignus
1608 5019 1845 5073 habear?
1870 5017 1989 5074 Non
2021 5034 2148 5089 ergo
2182 5036 2308 5088 per-

741 5115 1022 5176 suadebis.
1054 5127 1165 5167 non
1206 5109 1564 5182 expugnabis,
1601 5125 1712 5165 non
1753 5128 1854 5166 nos
1888 5114 1955 5167 ab
1998 5113 2097 5167 hac
2139 5115 2311 5168 abdu-

738 5226 828 5265 ces
869 5207 1218 5266 confessione
1269 5223 1282 5259 :
1335 5222 1442 5260 non
1496 5221 1591 5274 per
1630 5221 1784 5263 sacra
1835 5207 1968 5262 mihi
2013 5218 2066 5264 et
2124 5210 2314 5265 divina

738 5303 911 5370 signa,
960 5300 1171 5368 quibus
1200 5312 1300 5371 ego
1329 5297 1505 5351 factus
1550 5313 1671 5352 sum
1711 5300 1914 5354 certior
1954 5302 2021 5355 de
2056 5305 2306 5356 veritate.

738 5393 976 5448 Patriam
1003 5394 1152 5446 enim
1183 5393 1392 5460 pudore
1420 5391 1715 5453 aﬂecerim,
1748 5402 1800 5446 et
1833 5393 2042 5457 matris,
2073 5409 2192 5461 qua:
2221 5407 2306 5446 me

738 5489 970 5555 peperit,
1023 5481 1302 5552 pietatem,
1339 5498 1374 5536 a
1410 5498 1514 5551 qua
1569 5483 1621 5534 in
1661 5481 1727 5533 iis
1770 5498 1890 5549 qua:
1932 5483 1997 5535 ad
2045 5483 2302 5551 pietatem

739 5576 1032 5643 pertinent,
1079 5572 1307 5643 pulchre
1351 5572 1502 5639 prius
1549 5571 1624 5626 fui
1680 5571 2024 5637 informatus,
2077 5583 2131 5627 et
2178 5590 2301 5628 cum

734 5683 838 5735 qua
879 5666 936 5720 in
970 5667 1186 5721 teternis
1233 5665 1604 5721 tabernaculis
1646 5678 1881 5732 propero
1935 5670 2297 5733 requiescere.

734 5761 863 5814 Hanc
907 5762 1042 5815 dixit
1091 5759 1414 5825 Pantaleon,
1464 5768 1518 5814 et
1555 5759 1745 5830 paucis
1780 5760 2046 5823 ostendit,
2089 5762 2302 5830 qualem

741 5854 916 5910 virum
945 5854 1256 5910 olIendisset
1287 5854 1332 5910 is
1356 5855 1444 5925 qui
1477 5841 1543 5910 de
1571 5853 1799 5925 sceptris
1828 5863 1878 5910 et
1911 5854 2108 5909 throno
2142 5868 2198 5909 se
2224 5854 2304 5924 ja-

2417 4931 2534 4983 πῶν
2570 4930 2886 5000 ὑποστῆναι,
2927 4932 3009 4985 ἵνα
3049 4935 3156 4987 τῶν
3184 4938 3314 4988 ἴσων
3344 4938 3416 5007 τῷ
3459 4939 3683 5008 γέροντι
3700 4945 4003 5009 στεφάνων

2413 5022 2655 5087 ἀξιωοὠ;
2704 5023 2781 5075 Οὐ
2839 5024 3021 5077 τοίνυν
3054 5027 3285 5092 πείσεις,
3335 5030 3432 5097 οὐχ
3488 5031 3758 5100 αἱρήσεις,
3791 5037 3851 5085 ο)
3889 5038 3999 5104 τῆς

2414 5114 2704 5184 ὁμολογίας
2744 5114 2947 5187 ταύτης
2982 5121 3268 5187 ἐκστήσεις
3312 5121 3482 5190 ἡμᾶς,
3528 5121 3772 5191 βασιλεῦ,
3808 5124 3872 5175 οὐ
3915 5132 4002 5191 μά

2415 5215 2481 5263 τὰ
2522 5210 2642 5278 ἱερά
2675 5227 2766 5279 μοι
2810 5213 2905 5264 καὶ
2939 5213 3060 5264 θεῖα
3095 5213 3395 5283 μαρτύρια,
3433 5209 3512 5277 οἷς
3553 5213 3664 5282 ἐγὼ
3709 5215 4004 5289 πεπληρο-

2414 5299 2661 5368 φόρημαι
2699 5299 2798 5367 τὴν
2846 5300 3127 5371 ἀληθειαν·
3185 5303 3552 5374 αἰσχυναίμην
3609 5304 3717 5373 γὰρ
3776 5307 3842 5359 ἂν
3900 5315 4003 5364 καὶ

2412 5392 2645 5460 πατρίδα
2681 5391 2774 5442 καὶ
2805 5394 2900 5462 τῆς
2944 5392 3046 5462 ἐμὲ
3075 5394 3341 5464 τεκούσης
3377 5397 3585 5466 μητρὸς
3623 5402 3682 5450 τὸ
3708 5399 3998 5468 φιλόθεον.

2410 5479 2593 5555 παρ“ᾖ
2622 5500 2711 5552 μοι
2741 5484 2921 5548 καλῶς
2953 5487 3045 5537 καὶ
3069 5485 3134 5537 τά
3157 5485 3253 5554 τῆς
3278 5489 3557 5552 εὐσεϐείας
3581 5495 4001 5561 προσετυττώθη

2409 5578 2500 5628 καὶ
2540 5569 2675 5648 ᾗπερ
2707 5580 2761 5629 ἐν
2799 5581 3023 5647 σκηναῖς
3065 5581 3303 5642 αἰωνίοις
3329 5584 3810 5637 συναναπαύεσθαι
3846 5602 4000 5638 κατ-

2410 5670 2726 5738 επείγομαι.
2792 5672 2939 5737 Ἔφη
2979 5671 3152 5724 ταῦτα
3179 5677 3205 5726 ὁ
3233 5674 3574 5741 Παντολέων,
3613 5682 3703 5728 καί
3729 5676 3818 5727 δια
3851 5676 4002 5744 βραρ

2406 5763 2542 5833 χέων
2573 5761 2875 5826 ὑπέδειξεν,
2904 5762 3001 5833 οἴῳ
3032 5765 3459 5836 προσϐεϐληκὼς
3496 5764 3560 5838 ἦν
3587 5771 3612 5819 ὁ
3645 5767 3757 5828 τοῖς
3802 5769 3996 5835 σκήπο

2405 5874 2551 5927 τροις
2587 5858 2676 5910 καὶ
2699 5857 2772 5925 τῷ
2796 5857 2967 5929 Θρόνῳ
2996 5858 3526 5931 μεγαλαυχούμενος,
3548 5859 3638 5914 καὶ
3668 5861 3748 5915 ὅτι
3780 5861 3998 5921 ἐκεῖνον
