4226 6436
243 433 357 501 465

1374 438 1547 496 γιΤΑ
1588 440 1645 498 S.
1690 438 2351 500 PANTELEEMONIS.

3374 429 3487 498 9‘66

245 549 462 602 πείσειν
521 548 743 612 ἐλπίσας
799 549 1000 619 δικτύῳ
1034 547 1293 618 θηράσειν
1321 547 1494 618 alipta;
1524 548 1751 617 ἤλπισεν
1781 550 1811 619 ἥ
1845 557 1887 613 Α

1845 557 1887 613 Α
1917 548 2118 604 ctabat.
2166 548 2531 614 Quamobrem
2572 563 2694 603 cum
2727 548 2983 612 nesciret,
3023 567 3254 620 quanam
3300 565 3483 622 posset

241 642 406 694 ἁστδιν
437 639 575 693 ἑλεῖν
632 643 689 693 ἐν
730 642 978 711 νεφέλαις
1014 640 1473 710 ὑπεριπτάμενον.
1502 640 1665 693 Ὅθεν
1715 640 1808 692 καὶ

241 730 466 799 ἀπορῶν
496 730 586 783 τοῦ
639 732 867 795 πείθειν,
905 735 1096 802 πεῖραν
1143 731 1293 801 αὖτῷ
1327 730 1539 794 καθῆκε
1585 732 1685 800 τὴν
1721 731 1808 784 διὰ

238 817 350 868 τῶν
378 818 646 885 βασάνων,
684 819 711 872 ὃ
761 820 858 889 τῆς
893 819 1136 884 ἐξουσίας
1181 816 1266 889 ἦν,
1320 821 1442 890 οὐχὶ
1485 821 1584 889 τῆς
1619 819 1808 890 socia;

239 911 334 962 καὶ
365 912 462 980 τῆς
501 913 836 982 φρονήσεως.

311 1001 408 1056 lZ'.
445 1003 550 1055 Καὶ
582 1006 773 1073 πρῶτα
808 1004 906 1072 μὲν
937 1004 1092 1068 ξύλου
1113 1007 1396 1075 ἀπήρτητο
1443 1006 1537 1057 καὶ
1571 1006 1807 1076 σιδηροῖς

236 1095 262 1143 6
298 1095 508 1161 μάρτυς
534 1097 679 1160 ὄνυξι
709 1097 1010 1162 κατεξέετο·
1044 1099 1179 1168 πρὸς
1201 1099 1255 1150 δὲ
1288 1098 1382 1151 καὶ
1407 1098 1684 1166 λαμπάδες
1711 1115 1809 1149 πυ-

237 1187 332 1254 ρδς
362 1191 479 1249 ταῖς
511 1189 673 1240 αὑτοῦ
709 1189 968 1259 πλευραῖς
1000 1190 1342 1244 ὑπεκαίοντο.
1388 1190 1447 1245 Ὀ
1495 1191 1550 1244 δὲ
1582 1191 1640 1241 οὑ
1687 1193 1808 1253 ταῖς

238 1281 474 1347 πληγαῖς
505 1283 594 1332 καὶ
627 1285 743 1346 ταῖς
776 1287 1059 1346 καῦσεσιν,
1093 1285 1230 1336 ἀλλὰ
1258 1283 1335 1353 τῷ
1367 1284 1651 1354 δυναμένῳ
1678 1284 1804 1353 βοη-

236 1370 352 1424 θεῖν
384 1376 634 1442 προσεῖχε
670 1377 761 1426 καὶ
790 1375 850 1426 τὸ
881 1375 1033 1444 δμμα
1057 1374 1226 1444 αἴρων
1248 1375 1326 1437 εἰς
1352 1375 1602 1446 οὐρανὸν,
1635 1393 1801 1445 προσ-

240 1462 439 1529 ηύχετο
475 1464 566 1515 καὶ
621 1466 707 1517 διὰ
737 1466 894 1517 τοῦτο
924 1467 1103 1537 παρῆν
1129 1467 1290 1529 εὐθὺς
1316 1468 1344 1518 6
1396 1469 1680 1537 ῥυόμενοςο
1715 1471 1808 1520 καὶ

233 1551 261 1599 6
309 1551 543 1617 Χριστὸς
594 1556 651 1605 ἐν
687 1556 927 1625 σχήματι
968 1556 1270 1627 Ἐρμολάου
1321 1559 1607 1627 ἐπιφανεὶς
1661 1560 1808 1628 αὐτῷ

231 1641 329 1693 τοῦ
391 1643 717 1713 πρεσϐύτου,
769 1649 1101 1717 παρακαλῶν
1156 1646 1222 1720 ἦν
1253 1651 1396 1703 πάνυ
1428 1653 1664 1720 γνησίως
1716 1653 1808 1704 καὶ

233 1734 642 1804 ἀνακτώμενος·
685 1740 825 1805 Ἐγὼ
857 1743 964 1808 γάρ
991 1745 1106 1810 εἰμι
1136 1745 1271 1810 μετὰ
1304 1743 1416 1803 σοῦ,
1451 1744 1639 1814 ὥσπερ
1669 1747 1806 1814 πρό-

230 1842 392 1896 τερον
418 1829 518 1897 ἔφη
548 1833 660 1891 τοῖς
707 1833 1044 1894 ἀποστόλοις,
1095 1836 1151 1885 ὲν
1184 1836 1350 1886 πᾶσιν
1377 1829 1457 1896 οἷς
1490 1836 1712 1906 πάσχων
1740 1838 1806 1889 δι’

1920 643 2133 696 ratione
2187 641 2544 710 persuadere.
2591 650 2848 710 expertus
2896 652 2980 697 est
3022 657 3116 711 per
3161 651 3480 700 tormenta:

1916 731 2060 799 quod
2120 741 2237 784 erat
2305 731 2613 800 potestatis,
2680 747 2790 786 non
2845 742 3027 786 autem
3099 734 3377 804 sapientia:
3426 743 3483 791 et

1915 825 2239 892 prudentim.

1987 1004 2148 1060 XVII.
2199 1005 2264 1058 Et
2308 1007 2542 1075 primum
2586 1007 2808 1075 quidem
2861 1007 2914 1060 in
2960 1008 3104 1078 ligno
3146 1007 3248 1063 fuit
3283 1024 3483 1078 appen-

1915 1111 2031 1159 sus,
2086 1104 2139 1150 et
2190 1095 2382 1149 ferreis
2428 1103 2631 1166 martyr
2679 1096 2984 1150 laniabatur
3047 1099 3288 1166 ungulis.
3343 1099 3483 1154 Prte-

1920 1196 2063 1241 terea
2106 1198 2287 1242 autem
2333 1189 2472 1258 ignis
2496 1204 2713 1257 quoque
2760 1188 3035 1257 lampades
3079 1190 3341 1245 lateribus
3366 1193 3484 1262 ejus

1917 1281 2368 1334 admovebantur.
2403 1281 2496 1334 ille
2530 1296 2662 1334 vero
2690 1296 2797 1334 non
2843 1283 3012 1353 plagis
3055 1292 3110 1337 et
3150 1284 3481 1349 ustionibus,

1916 1371 2008 1425 sed
2064 1371 2113 1424 ei
2171 1373 2265 1439 qui
2334 1379 2511 1440 potest
2571 1387 2732 1441 opem
2802 1373 2966 1434 l'erre,
3031 1373 3368 1437 attendebat,
3430 1383 3486 1430 et

1916 1465 2101 1518 oculos
2152 1465 2206 1516 in
2262 1463 2458 1518 cwlum
2506 1465 2719 1527 tollens,
2771 1465 2980 1521 orabat.
3029 1467 3093 1520 Et
3139 1467 3260 1521 ideo
3300 1466 3482 1522 statim

1916 1553 2090 1608 adfuit
2144 1554 2423 1620 liberator,
2456 1564 2511 1609 et
2561 1555 2808 1610 Christus
2861 1571 3131 1624 apparens
3185 1557 3238 1610 in
3296 1557 3483 1611 habitu

1918 1647 2189 1702 llermolai
2237 1648 2404 1711 senis,
2451 1663 2576 1702 eum
2610 1664 2736 1702 vere
2765 1664 2828 1702 ao
2859 1665 3117 1716 germane
3159 1649 3482 1704 consolaba-

1916 1752 2007 1793 tur
2050 1751 2101 1793 et
2147 1739 2471 1793 recreabat:
2522 1741 2632 1808 Ego
2669 1740 2814 1793 enim
2861 1755 2979 1793 sum
3029 1751 3231 1805 tecum,
3271 1740 3480 1802 dicens,

1917 1830 1971 1883 in
2022 1832 2300 1895 omnibus,
2367 1832 2419 1884 in
2473 1832 2671 1900 quibus
2724 1842 2946 1901 propter
3003 1847 3089 1886 me
3143 1833 3377 1900 patiens,
3427 1841 3483 1886 to

230 1921 332 1989 ἐμὲ
369 1927 676 1993 καρτεριῖς·
727 1926 819 1975 καὶ
849 1925 929 1978 ὅτι
979 1927 1179 1997 παρῆν,
1226 1928 1450 1998 ἐγγὺςὴ
1511 1930 1803 1995 ἀπόδειξις.
1840 1916 1880 1969 Β

1840 1916 2127 1976 Bl'ortiter
2171 1925 2333 1992 geris.
2386 1923 2541 1987 Quod
2599 1932 2780 1979 autem
2839 1924 3080 1982 adesset.
3127 1939 3236 1975 non
3291 1925 3478 1991 procul

231 2012 387 2081 Ἅμα
412 2017 517 2083 γὰρ
572 2016 664 2066 καὶ
699 2016 754 2066 αἱ
783 2016 890 2069 τῶν
922 2019 1134 2087 δημέων
1171 2023 1429 2089 ’παρεῖντο
1468 2025 1671 2090 χεῖρες,
1709 2025 1803 2076 καὶ

229 2107 286 2156 αἱ
318 2106 593 2172 λαμπάδες
628 2108 969 2173 ὲσϐἐννυντο,
1000 2113 1091 2162 καὶ
1127 2114 1154 2161 6
1183 2110 1433 2177 βασιλεὺς
1465 2117 1554 2165 καὶ
1586 2115 1677 2167 τοῦ
1711 2133 1803 2168 κο-

226 2196 414 2258 λάζειν
438 2199 598 2249 πλέον
619 2199 895 2268 ἀπείχετο.
914 2201 1138 2255 Κελεύει
1160 2206 1450 2274 τοιγαροῦν
1479 2207 1640 2260 αὑτὸν
1666 2225 1799 2261 κατ-

224 2290 512 2359 ενεχθῆναι
564 2291 658 2344 τοῦ
695 2292 877 2358 ξύλου,
938 2295 1036 2347 οὐκ
1096 2297 1262 2349 ἐλεῶν
1296 2298 1514 2368 μᾶλλον,
1551 2301 1664 2353 ἀλλ’
1695 2303 1720 2354 ὅ
1750 2321 1803 2356 τι

227 2379 488 2446 πράξοιτο
527 2381 801 2452 διαπορῶν
833 2383 926 2434 καὶ
957 2386 1049 2436 τοῦ
1104 2385 1348 2450 πλείονος
1376 2390 1498 2457 τόγε
1527 2390 1658 2457 γοῦν
1697 2393 1800 2445 ὑπὸ

223 2469 327 2540 τῆς
361 2472 472 2524 ἄνω
518 2476 698 2543 χειρὸς
745 2477 1085 2544 εἰργόμενος.
1138 2475 1268 2531 Εἶτα
1309 2481 1594 2552 προσεχὼν
1626 2486 1796 2554 αὐτῷ,

224 2562 325 2626 Τίς
366 2565 397 2633 ἡ
440 2568 600 2634 τέχνη
637 2565 775 2636 αῦτη
815 2567 913 2633 τῆς
961 2569 1233 2634 γοητείας,
1267 2569 1440 2638 ἔλεγε,
1477 2574 1796 2639 Παντόλεον,

220 2653 256 2721 ἦ
290 2668 367 2703 σοι
398 2655 486 2704 καὶ
520 2655 616 2716 τὰς
651 2656 935 2724 λαμπάδας
966 2658 1155 2711 ἔσϐεσε
1189 2663 1279 2712 καὶ
1308 2666 1434 2723 τοὺς
1465 2650 1797 2736 δορυφόρους

222 2746 284 2795 ἐν
308 2745 497 2814 ἀτονία
521 2748 896 2817 κατέστησενς
939 2751 994 2803 Ὀ
1024 2753 1100 2803 δέ·
1141 2753 1204 2805 Ἡ
1233 2754 1356 2824 ἐμὴ,
1389 2754 1516 2826 ἔφη,
1547 2761 1794 2826 γοητεία,

221 2836 460 2905 Χριστός
487 2839 653 2902 ἐστιν,
689 2839 747 2902 ὃς
785 2845 874 2894 καὶ
905 2844 1237 2914 παρίσταταί
1265 2864 1352 2916 μοι
1390 2848 1560 2900 ταῦτα
1592 2849 1796 2920 διενερ⁴

220 2929 358 2994 γῶν.
417 2930 476 2982 ΕΞ
525 2931 617 2984 οὖν
654 2934 925 3001 μείζονας,
960 2940 985 2989 ὁ
1032 2937 1281 3005 βασιλεὺς
1321 2939 1492 3006 εἶπεν,
1525 2944 1795 3013 ἐπάξομαι

217 3020 320 3082 τάς
359 3021 643 3089 βασάνους,
688 3026 741 3076 τί
777 3044 900 3079 ποτε
957 3029 1213 3099 δράσειςς
1251 3033 1318 3083 Τί
1347 3034 1495 3098 ἄλλο,
1555 3039 1720 3105 φησιν
1771 3040 1798 3091 6

221 3112 459 3182 μάρτυς,
494 3114 524 3178 ἢ
561 3116 653 3165 καὶ
680 3113 842 3177 αὐτὸς
880 3119 1142 3184 μειζόνων
1178 3122 1473 3176 ἀπολαύσω
1504 3125 1610 3176 τῶν
1642 3129 1795 3180 ἀντι-

218 3205 460 3274 λήψεωνς
501 3206 735 3260 Ἢκουεν
771 3209 802 3278 ἡ
843 3212 1073 3281 πονηρία
1105 3215 1198 3265 καὶ
1234 3216 1430 3284 πεῖραν
1482 3216 1789 3285 ἐπήγαγεν·
1824 3251 1864 3307 C

215 3298 344 3350 οὔτε
383 3300 492 3369 γάρ
531 3303 806 3353 πιστεύειν
866 3303 979 3374 ᾔδει
1037 3307 1146 3367 τοῖς
1197 3306 1442 3373 ἀγαθοῖς,
1504 3309 1627 3362 οὔτε
1686 3311 1794 3364 τῶν

219 3389 574 3459 βλαπτόντων
624 3393 900 3464 ἀπείχετο.
966 3395 1246 3449 Ἐκέλευεν
1282 3394 1373 3451 οὖν
1409 3399 1613 3471 λέϐητα
1649 3404 1794 3474 σιδη-

219 3481 372 3550 ροῦν,
405 3475 448 3548 ᾧ
482 3482 727 3550 μόλιϐδος
760 3486 905 3551 ἐνῆν,
952 3489 1318 3556 παραχθῆναι,
1376 3493 1508 3559 πυρὶ
1542 3511 1597 3544 τε
1632 3496 1793 3548 αὐτὸν

214 3572 465 3625 κάτωθεν
489 3574 848 3627 ὑποκαὶεσθαι
879 3578 970 3629 καὶ
998 3578 1174 3647 τούτῳ
1201 3580 1289 3632 τὸν
1326 3582 1561 3653 ἀθλητὴν
1585 3587 1791 3655 ἐμϐλη-

214 3664 399 3734 θῆναι.
449 3665 598 3719 Ἐπεὶ
642 3667 696 3720 δὲ
729 3669 929 3739 σπουδῇ
984 3671 1044 3723 τὸ
1087 3672 1376 3727 κελευσθὲν
1412 3675 1627 3746 ἠνύετο,
1673 3678 1788 3737 ,ἀπο

214 3760 486 3828 αγὸμενος
518 3761 655 3829 πρὸς
679 3761 776 3830 τὴν
801 3763 1076 3832 τιμωρίαν
1100 3766 1126 3816 ὁ
1157 3765 1393 3834 μάρτυς,
1428 3767 1526 3837 τὴν
1559 3787 1791 3839 προσευο

211 3848 317 3920 χὴν
353 3851 516 3903 πάλιν
551 3851 626 3914 ῶς
660 3871 712 3906 τι
746 3853 1068 3925 σϐεστήριον
1095 3858 1190 3909 καὶ
1217 3860 1563 3929 παράκλησιν
1590 3863 1789 3926 ἱκανῶς

211 3939 518 4008 ἀναψύχειν
583 3942 747 3992 αὐτὸν
785 3943 1113 4014 δυναμένην,
1140 3946 1407 4014 λαμϐάνει
1438 3948 1515 4016 τῷ
1560 3950 1788 4018 στόματι

211 4033 310 4086 καὶ
343 4031 547 4103 ταύτην
590 4032 684 4085 τοῦ
718 4033 889 4087 δεινὸν
930 4037 1285 4101 ἀπειλοῦντος
1317 4041 1526 4093 ἐκείνου
1587 4044 1784 4113 κατῇδε

209 4125 460 4195 λέϐητος⁹
494 4126 899 4190 Εἱσάκουσον,
930 4131 961 4181 ὀ
988 4131 1151 4195 Θεὸς,
1185 4131 1391 4200 φωνῆς
1408 4152 1547 4202 μου,
1581 4135 1784 4203 λέγων,

209 4219 284 4271 ἐν
315 4216 395 4282 τῷ
434 4217 676 4273 δέεσθαι
705 4236 781 4290 με
816 4222 963 4289 πρθς
1013 4222 1106 4286 σὲ,
1160 4223 1279 4276 ἀπὸ
1337 4227 1525 4293 φόϐου
1573 4227 1787 4295 ἐχθροῦ

205 4310 429 4374 ἐξελοῦ
486 4311 600 4376 τὴν
633 4313 847 4379 ψυχήν
874 4331 1008 4381 μου.
1059 4316 1377 4369 Σκέπασόν
1407 4335 1481 4386 με
1522 4321 1640 4372 ἀπὸ
1673 4337 1786 4372 συ-

207 4400 485 4471 στροφῆς
532 4406 1050 4472 πονηρευομένων,
1096 4409 1213 4461 ἀπὸ
1251 4409 1523 4476 πλήθους
1557 4409 1786 4478 ἐργαζο-

203 4497 406 4565 μένων
433 4497 691 4551 ἀδικίαν.
734 4498 921 4561 Οὕτως
975 4499 1196 4568 ηὗξατο,
1238 4503 1333 4554 καὶ
1373 4501 1530 4568 αὖθις
1565 4507 1622 4558 ἐν
1653 4507 1783 4560 εῖδει

1907 2014 2080 2068 abfuit
2119 2016 2394 2084 probatio.
2424 2015 2556 2069 Nam
2598 2017 2760 2070 simul
2808 2018 2998 2070 laxatae
3031 2016 3252 2071 fuerunt
3285 2030 3479 2070 manus

1909 2109 2182 2174 lictorum,
2216 2109 2495 2163 exstinctae
2529 2125 2748 2179 quoque
2778 2118 2906 2164 sunt
2934 2109 3226 2176 lampades.
3246 2117 3301 2163 et
3334 2123 3363 2162 a
3390 2122 3482 2160 ca-

1905 2202 2154 2267 stigando
2210 2203 2475 2254 abstinuit
2526 2203 2842 2269 imperatur,
2876 2211 2932 2255 et
2982 2203 3139 2269 plane
3191 2201 3483 2255 dubitabat

1901 2292 2034 2360 quid
2067 2301 2272 2360 ageret.
2301 2290 2465 2346 Jubet
2499 2308 2628 2360 ergo
2660 2307 2784 2346 eum
2817 2292 3033 2346 demitti
3067 2292 3133 2346 de
3164 2292 3329 2362 ligno,
3367 2307 3476 2346 non

1903 2385 2049 2454 quod
2095 2385 2465 2448 misereretur,
2495 2386 2586 2440 sed
2617 2388 2795 2454 patius
2821 2387 2967 2456 quod
3011 2385 3168 2455 plane
3215 2387 3471 2451 nesciret,

1903 2477 2032 2546 quid
2072 2487 2276 2547 ageret.
2319 2477 2521 2530 Deinde
2557 2478 2777 2546 pr0pius
2829 2479 3099 2533 accedens
3151 2498 3162 2531 :
3213 2479 3475 2542 Quaenam

1903 2575 2006 2630 est,
2060 2567 2256 2634 inquit,
2309 2582 2342 2619 ο
2387 2565 2711 2628 Pantoleon,
2752 2581 2840 2620 ars
2887 2565 3304 2636 pra'st'igiarum,
3356 2581 3478 2634 qua}

1902 2658 1994 2710 tibi
2029 2659 2286 2712 exstinxit
2315 2659 2611 2726 lampades,
2644 2669 2697 2711 et
2730 2658 3055 2712 satellitibus
3082 2659 3222 2713 vires
3249 2667 3301 2712 et
3325 2658 3475 2728 vigo-

1900 2764 2015 2805 rem
2067 2749 2330 2805 abstulit?
2380 2750 2468 2803 Ille
2515 2762 2721 2814 autem,
2771 2749 3141 2818 Mcaa,inquit,
3193 2751 3479 2820 praestigias

1899 2848 1983 2894 est
2016 2839 2284 2900 Christus.
2313 2840 2400 2909 qui
2428 2839 2590 2892 etiam
2624 2839 2777 2891 adest
2809 2838 2940 2891 mihi
2975 2837 3090 2891 haec
3127 2851 3382 2905 operans.
3415 2836 3474 2890 Si

1898 2946 2047 2995 ergo,
2095 2931 2289 2999 inquit.
2327 2933 2531 2997 majora
2576 2930 2672 2984 tibi
2706 2939 2975 2983 tormenta
3017 2928 3278 3000 inﬂigam,
3314 2927 3474 2996 quid-

1898 3041 2021 3078 nam
2069 3025 2271 3080 l'acies?
2306 3023 2445 3091 Quid
2477 3027 2641 3088 aliud,
2677 3027 2850 3094 inquit
2882 3035 3108 3094 martyr,
3155 3039 3318 3092 quam
3357 3025 3473 3093 ipse

1897 3136 2114 3188 quoque
2149 3119 2387 3188 majores
2422 3134 2728 3186 consequar
2760 3116 3265 3175 remunerationes?
3301 3115 3471 3169 Audi~

1897 3211 1976 3264 \“it
2034 3210 2375 3278 improbitas,
2416 3218 2470 3263 et
2519 3208 2690 3262 voluit
2750 3209 3007 3278 experiri.
3073 3205 3260 3274 Neque
3319 3207 3470 3259 enim

1898 3300 2056 3353 bonis
2109 3310 2337 3353 noverat
2367 3302 2611 3362 credere,
2651 3314 2828 3368 neque
2870 3298 3181 3353 abstinebat
3213 3313 3244 3350 a
3289 3296 3465 3350 malis.

1894 3388 2062 3444 Jussit
2113 3407 2244 3461 ergo
2291 3390 2472 3444 aﬂ'erri
2531 3391 2763 3444 lebetem
2823 3391 3084 3453 ferreum,
3142 3389 3227 3443 cui
3287 3389 3470 3442 inerat

1897 3485 2204 3554 plumbum,
2242 3484 2528 3554 ipsumque
2574 3485 2702 3551 igne
2737 3482 2950 3536 inferne
2998 3481 3282 3544 succendi,
3323 3489 3378 3535 et
3410 3480 3464 3535 in

1894 3594 2018 3632 eum
2073 3579 2330 3632 athletam
2384 3578 2552 3648 inji‘ci.
2610 3577 2900 3645 Postquam
2936 3584 3119 3629 autem
3177 3575 3470 3643 dﬂigcnter

1895 3669 2095 3724 factum
2129 3680 2231 3729 est.
2282 3671 2425 3738 quod
2471 3671 2683 3737 jussum
2737 3667 2936 3730 iuerat,
3000 3683 3124 3721 eum
3173 3668 3465 3722 duceretur

1894 3770 2093 3829 martyr
2128 3761 2195 3816 ad
2235 3760 2593 3830 supplicium,
2633 3776 2824 3815 rursus
2859 3761 3164 3814 orationem
3204 3770 3465 3827 tanquam-

1893 3856 1957 3908 ad
2004 3855 2460 3923 exstinguendum
2498 3864 2888 3923 comparatam,
2923 3863 2978 3908 et
3007 3852 3457 3917 consolationem,

1891 3965 2009 4018 qua:
2058 3948 2188 4006 satis
2240 3949 2411 4018 possit
2462 3963 2586 4002 cum
2640 3947 2985 4018 refrigerare,
3042 3947 3208 4002 sumit
3251 3946 3304 3999 in
3341 3961 3459 4009 ore,

1890 4052 1944 4094 et
1992 4057 2110 4093 earn
2166 4042 2218 4093 in
2280 4039 2503 4095 terribili
2563 4041 2658 4094 illo
2712 4040 2910 4098 cecinit
2967 4040 3141 4095 lebete
3175 4057 3186 4092 :
3225 4037 3459 4102 Exaudi,

1893 4131 2048 4190 Deus,
2080 4147 2252 4184 vocem
2282 4147 2467 4194 meam,
2505 4131 2714 4191 dicens,
2747 4135 2870 4184 dum
2913 4148 3004 4185 ora
3039 4134 3107 4185 ad
3137 4141 3185 4185 te
3218 4147 3235 4186 :
3272 4132 3461 4185 timore

1889 4223 2090 4274 inimici
2145 4223 2308 4276 libera
2356 4223 2591 4274 aninmm
2631 4239 2825 4276 meam.
2876 4221 3096 4294 Protege
3149 4239 3228 4276 me
3263 4239 3295 4275 a
3336 4238 3461 4276 cort-

1888 4325 2041 4369 ventu
2075 4316 2505 4384 malignantium,
2540 4333 2571 4369 a
2604 4316 2944 4370 multitudine
2992 4319 3328 4384 operantium
3357 4318 3459 4370 ini-

1888 4408 2143 4474 quitatem
2187 4409 2231 4462 ⁵.
2277 4407 2367 4462 Sic
2408 4409 2601 4470 oravit,
2641 4418 2695 4462 et
2745 4425 2936 4464 rursus
2979 4407 3037 4462 in
3067 4407 3241 4464 forma
3281 4408 3457 4464 sancti

1886 4500 2037 4552 senis
2079 4497 2346 4553 Hermolai
2388 4500 2636 4555 Christus
2671 4504 2740 4554 ab
2776 4517 2840 4555 eo
2883 4502 3028 4556 visus
3077 4511 3182 4565 est;
3221 4511 3275 4556 et
3309 4502 3458 4556 lebe—

204 4587 303 4640 τοῦ
341 4588 488 4656 ἱεροῦ
525 4591 780 4659 γέροντος
821 4592 1122 4663 Ἐρμολὰου
1151 4595 1178 4646 6
1221 4595 1456 4663 Χριστὸς
1489 4598 1637 4665 αὐτῷ
1685 4616 1783 4650 κα-
1820 4592 1860 4642 Ι)

1820 4592 1860 4642 D
1891 4601 1998 4645 tem
2046 4606 2151 4647 una
2194 4606 2317 4645 cum
2355 4607 2421 4646 eo
2453 4601 2534 4645 est
2586 4594 2887 4663 ingressus,
2941 4602 2996 4647 et
3030 4593 3169 4662 ignis
3204 4593 3455 4664 protinus

207 4681 447 4751 θωρᾶτο,
473 4681 550 4751 τῷ
577 4683 765 4749 λέϐητι
791 4703 847 4736 τε
877 4687 974 4738 σὺν
1002 4686 1152 4756 αὐτῷ
1201 4688 1460 4754 ἐγκατὲδυ
1486 4691 1576 4742 καὶ
1593 4689 1650 4742 τὸ
1676 4690 1784 4760 πῦρ

205 4773 413 4836 εὐθέως
440 4772 828 4838 ἀπεσϐέννυτο,
853 4778 946 4828 καὶ
974 4780 1000 4830 6
1030 4779 1278 4845 μόλιϐδος
1310 4778 1391 4843 εἰς
1420 4781 1520 4850 τὴν
1547 4781 1784 4851 φυσικὴν

207 4863 526 4932 ψυχρότητα
561 4866 942 4935 μετεϐάλλετο.
983 4870 1092 4922 Καὶ
1132 4871 1298 4921 πάλιν
1333 4872 1470 4941 εὐχὴ
1513 4873 1666 4943 αὐτῷ
1690 4877 1783 4928 καὶ

204 4955 424 5024 ψαλμὸς
482 4959 623 5010 κατὰ
658 4962 851 5029 καιρὸν
889 4963 1065 5032 ᾔδετοο
1110 4963 1251 5028 Ἐγὼ
1294 4963 1443 5030 ατρὸς
1497 4963 1602 5018 τὸν
1635 4968 1783 5019 Θεὸν

203 5049 522 5118 ἐκέκραξα,
555 5051 650 5104 καὶ
688 5057 719 5105 ό
751 5054 964 5121 Κύριος
993 5055 1359 5121 εἰσήκουσέν
1389 5077 1527 5127 μου.
1569 5058 1779 5112 Ἑσπέ-

195 5160 314 5210 Fac
361 5146 456 5197 καὶ
515 5145 665 5212 πρωῒ
710 5147 806 5198 καὶ
843 5151 1209 5217 μεσημεριάς
1252 5150 1614 5221 διηγήσομαι
1678 5153 1776 5206 καὶ

201 5234 551 5303 ἀπαγγελῶ,
580 5237 677 5291 καὶ
705 5240 1124 5294 εἰσακούσεται
1151 5241 1258 5307 τῆς
1283 5241 1488 5309 φωνῆς
1514 5262 1652 5312 μου.

277 5325 388 5381 IH'.
433 5327 556 5378 Τῶν
610 5330 706 5398 μὲν
761 5333 1045 5401 παρόντων
1100 5335 1224 5391 τοὺς
1270 5335 1463 5398 ἄλλους
1528 5335 1774 5399 ἅπαντας

203 5420 470 5491 ἔκπληξις
507 5416 616 5490 εἶχε
639 5440 653 5455 ⁸
708 5423 865 5493 μόνος
898 5425 952 5476 δὲ
985 5428 1011 5477 6
1049 5426 1302 5495 βασιλείς
1333 5429 1436 5480 ὑπὸ
1467 5431 1564 5497 τῆς
1604 5429 1774 5498 αὐτῆς

202 5512 417 5580 πλάνης
448 5513 681 5584 ἰσχυρῶς
711 5515 908 5584 εἴχετο,
947 5519 1039 5570 καὶ
1066 5517 1222 5571 τοῦτο
1258 5516 1320 5589 ἦν
1343 5520 1429 5572 διά
1466 5521 1766 5589 μεριμνῶν,

204 5604 334 5674 ποίᾳ
360 5604 580 5658 κολάσει
608 5605 697 5658 τὸν
720 5607 810 5660 τοῦ
844 5611 1080 5677 Χριστοῦ
1111 5613 1366 5680 μάρτυρα
1393 5614 1769 5681 τιμωρήσαιτο

199 5696 294 5749 καὶ
329 5695 360 5765 ἦ
395 5697 726 5764 μεταθέσθαι
779 5699 878 5768 τῆς
928 5701 1206 5764 εὐσεϐείας
1266 5703 1440 5755 πείσει
1500 5703 1529 5771 ἦ
1585 5704 1767 5766 κακῶς

305 5895 326 5925 ⁸
361 5894 504 5952 Psal.
547 5913 694 5965 um,
737 5898 792 5967 ‘2,
831 5901 883 5957 5.
997 5903 1014 5932 ⁸
1044 5900 1186 5958 Psal.
1222 5920 1330 5974 ειν,
1371 5907 1451 5978 l7,
1486 5909 1567 5964 l8.

1885 4693 1970 4737 est
2007 4684 2336 4747 exstinctus,
2367 4693 2423 4739 et
2451 4683 2730 4753 plumbum
2763 4686 2815 4738 in
2852 4686 3151 4740 naturalem
3186 4693 3466 4741 mutatum.

1884 4782 1968 4826 est
2012 4775 2390 4843 (rigiditatem.
2443 4776 2506 4828 Et
2547 4792 2739 4830 rursus
2778 4779 2974 4838 oratio,
3008 4786 3063 4830 et
3090 4776 3329 4846 psalmus
3357 4791 3427 4847 op

1881 4871 2115 4935 portune
2145 4868 2213 4920 ab
2243 4881 2308 4920 eo
2343 4867 2642 4921 cauebatur
2673 4884 2686 4921 :
2739 4867 2852 4937 Ego
2880 4869 2952 4922 ad
3001 4867 3168 4924 Deum
3200 4871 3450 4932 clamavi.

1883 4968 1928 5011 et
1966 4957 2222 5014 Dominus
2257 4963 2523 5018 exaudivit
2558 4979 2657 5017 me.
2705 4959 2923 5032 Vespere
2952 4973 3000 5017 et
3033 4979 3183 5017 mane
3210 4973 3258 5017 et
3291 4966 3451 5017 meri-

1882 5052 1965 5104 die
1998 5053 2234 5104 narrabo
2267 5062 2316 5105 et
2367 5057 2718 5116 anmmtiabo,
2750 5067 2798 5107 et
2841 5058 3085 5109 exaudiet
3128 5057 3453 5131 deprecatio.

1879 5159 1994 5195 nem
2035 5143 2271 5197 meam.‘

1952 5342 2135 5398 XVIII;
2181 5346 2354 5415 Atque
2395 5361 2457 5401 ex
2500 5348 2565 5402 iis
2604 5349 2845 5417 quidem,
2882 5349 2973 5419 qui
3027 5350 3276 5416 aderant,
3317 5353 3450 5407 alios

1883 5452 2075 5490 omnes
2125 5437 2265 5506 cepit
2322 5439 2608 5494 admiratio
2651 5457 2665 5494 :
2717 5441 2865 5496 solus
2917 5451 3097 5496 autem
3153 5445 3447 5513 imperator

1889 5527 2057 5581 valide
2087 5528 2139 5580 in
2174 5543 2274 5581 suo
2304 5529 2459 5584 haesit
2491 5546 2676 5586 errore
2708 5550 2719 5586 :
2754 5531 2844 5600 qui
2886 5534 3028 5602 apud
3062 5549 3119 5587 se
3152 5535 3443 5604 cogitabat.

1882 5628 2116 5684 quonam
2181 5618 2448 5687 supplicio
2488 5618 2690 5675 Christi
2754 5621 2971 5690 puniret
3024 5633 3336 5695 martyrem,
3390 5636 3452 5678 et

1881 5717 1971 5762 aut
2015 5723 2138 5764 eum
2175 5725 2201 5764 a
2236 5709 2435 5781 pietate
2469 5714 2798 5779 traduceret,
2833 5723 2926 5771 aut
2959 5715 3097 5772 male
3129 5716 3235 5770 vita
3268 5714 3447 5787 priva-
