4226 6436
240 680 474 781 πρώτων
505 687 833 758 ἠξιωμένοις
869 698 1046 766 τιμῶν
1097 704 1451 772 συνταγῆναι,
1511 709 1804 780 πεισθῆναι

235 787 427 826 τουτον
482 785 945 847 παρασκευάσατε
996 790 1108 849 τοῖς
1163 791 1302 856 θεοῖς
1359 795 1538 850 θῦσαι.
1599 803 1660 854 Οί
1703 802 1801 856 δέ·

234 861 358 925 Πῶς
390 865 455 917 ἂν
485 869 642 922 τοῦτο
673 874 947 942 δράσειαν,
984 876 1156 944 εἶπον,
1195 887 1243 937 οἱ
1279 888 1529 956 πρώτους
1573 893 1804 958 ἑαυτοὺς

230 955 518 1022 πείσαντες
551 963 626 1032 μὴ
682 967 982 1036 ἀποστῆναι
1033 974 1270 1042 Χριστοῦ
1319 980 1454 1048 μηδὲ
1487 987 1689 1048 κωφοῖς
1722 988 1802 1036 εί-

225 1045 419 1110 δὼλοις
473 1051 664 1106 θυσίαν
717 1069 1138 1130 προσενεγκεῖν;
1194 1069 1379 1122 Ταῦτά
1430 1089 1488 1122 τε
1547 1077 1798 1138 εἰπόντες

227 1140 323 1188 καὶ
354 1141 432 1201 είς
466 1144 727 1210 οὐρανοὺς
757 1148 982 1216 ὄμματα
1013 1157 1247 1222 αἰσθητά
1274 1175 1330 1210 τε
1360 1158 1475 1226 ἅμα
1507 1162 1601 1216 καὶ
1630 1164 1794 1231 νοητὰ

222 1224 388 1303 ἦραν.
432 1234 586 1287 Οὕτω
621 1237 675 1289 δὲ
738 1242 1052 1311 εὐχομένοις
1104 1250 1444 1316 ὲπιφαῖνεται
1493 1256 1519 1304 ὁ
1568 1254 1775 1324 Σωτὴρ,
1843 1265 1937 1315 καὶ
1983 1269 2008 1317 ο
2064 1271 2225 1324 τόπος
2261 1275 2424 1338 εὐθὺς

297 1329 422 1386 ΚΝ.
463 1331 518 1384 Ὀ
559 1335 612 1384 δέ
646 1352 706 1400 γε
749 1342 866 1397 ταῖς
909 1342 1186 1408 ἀληθείαις
1216 1347 1659 1418 διασεσεισμὲνος
1706 1355 1797 1405 τὸν

223 1422 352 1474 νοῦν
412 1422 664 1492 βασιλεὺς
742 1434 869 1494 τοὺς
916 1434 1070 1497 θεοὺς
1129 1437 1234 1505 ἔφη
1301 1442 1797 1514 ἀγανακτήσαντας

218 1513 401 1564 σεῖσαι
453 1518 550 1582 τὴν
597 1519 701 1586 γῆν
733 1538 747 1583 ;
785 1524 922 1590 πρὸς
954 1525 1015 1576 ὃν
1055 1529 1082 1578 ό
1116 1533 1328 1598 μάρτυς
1367 1535 1509 1601 μάλα
1560 1538 1798 1600 συνετῶς

217 1605 313 1655 καὶ.
347 1607 606 1671 γενναίως
631 1627 643 1639 ·
680 1612 738 1663 Ei
763 1613 818 1663 δὲ
855 1616 944 1666 καὶ
979 1617 1177 1678 αὐτοὺς
1215 1623 1456 1692 συμόαίη
1485 1627 1609 1690 τοὺς
1642 1627 1796 1692 θεούς

215 1712 313 1750 σου
343 1708 703 1755 καταπεσεῖν*
729 1705 897 1760 Οὔπω
925 1711 1099 1779 πέρας
1127 1707 1274 1782 εἶχεν
1303 1720 1328 1766 ὁ
1369 1717 1548 1785 λόγος,
1593 1722 1684 1772 καί
1714 1740 1797 1784 τις

211 1789 324 1839 τῶν
354 1791 447 1843 τοῦ
478 1793 744 1860 βασιλέως
776 1803 1225 1870 παραγενόμενος
1246 1800 1312 1873 ἦν
1342 1807 1574 1873 ἄγγελος
1603 1814 1793 1883 ἐκείνῳ

210 1882 313 1948 τῆς
348 1888 664 1952 συμφορᾶς·
703 1889 766 1941 Οἱ
815 1890 948 1951 θεοὶ.
983 1886 1028 1944 ὦ
1062 1893 1305 1962 βασιλεῦ,
1360 1898 1559 1966 λέγων,
1595 1903 1791 1958 ἔπεσόν

208 1989 267 2022 τε
306 1975 398 2025 καὶ
430 1976 845 2047 συνετρίϐησαν-
880 1982 1067 2047 Οὕτως
1093 1988 1141 2038 οἱ
1177 1990 1400 2057 φοϐεροὶ
1443 1994 1530 2044 καὶ
1557 1995 1654 2065 τὴν
1685 1998 1787 2063 γῆν

211 2063 469 2131 σείοντες,
513 2069 713 2138 πτῶμα
758 2072 968 2127 ἔκειντο
1022 2082 1278 2150 πονηρδν,
1309 2087 1421 2147 τοῖς
1450 2087 1546 2156 οὐχ
1586 2091 1787 2158 ὁμοίως

206 2161 428 2224 τυφλοῖς
453 2161 571 2212 οὐδὲ
604 2163 928 2236 αὐτόχρημα
951 2168 1118 2234 λίθοις
1157 2175 1352 2228 πολλοῦ
1387 2180 1621 2245 γέλωτος
1655 2185 1788 2255 diog-

205 2245 316 2309 θῶς
346 2251 508 2313 ἄξιοι,
545 2254 773 2325 Ἕτερος
811 2259 910 2327 μὲν
939 2257 1031 2314 οὖν
1075 2268 1166 2317 καὶ
1205 2266 1464 2338 βραχείας
1497 2245 1785 2330 ἀπολαύων

205 2341 404 2407 φρενὸς
435 2345 528 2395 καὶ
565 2345 638 2415 μὴ
686 2352 748 2419 τῇ
787 2357 965 2422 μορφῇ
1002 2358 1138 2430 μόνη
1173 2361 1265 2412 τοῦ
1300 2363 1375 2431 μὴ
1412 2367 1610 2429 κτῆνος
1643 2365 1784 2423 εἶναι

203 2437 457 2506 φανερῶς
494 2441 883 2509 πιστευόμενος
921 2447 1021 2496 κᾶν
1055 2448 1267 2516 ἐπέγνω
1298 2453 1388 2504 τὸν
1419 2457 1618 2527 ἀψευδῆ
1651 2461 1783 2513 Θεὸν

203 2529 297 2579 καὶ
326 2532 501 2585 ποιεῖν
550 2531 718 2583 ταῦτα
753 2533 1055 2601 δυνάμενον
1079 2557 1091 2571 ο
1121 2540 1235 2593 ἀλλ’
1262 2543 1360 2596 οὐκ
1398 2545 1635 2612 ἐκεῖνος·
1667 2553 1783 2604 ἀλλ’

199 2617 254 2668 ei
290 2634 342 2668 τι
393 2618 616 2685 βελτίων
670 2623 883 2695 ὑπῆρχε
922 2632 1014 2680 καὶ
1066 2631 1190 2684 ὅσον
1249 2635 1504 2691 ἀπώνατο
1539 2641 1646 2693 ἀπὸ
1680 2643 1778 2712 τῆς

198 2707 520 2777 θεοσημίας,
578 2715 685 2767 άπδ
736 2718 844 2770 τῶν
895 2719 1071 2789 ἔργων
1127 2725 1292 2789 εὐθὺς
1351 2729 1508 2800 δῆλος
1547 2735 1774 2801 γίνεται.

195 2800 408 2853 Λύτίκα
439 2807 547 2874 γὶρ
595 2805 702 2859 τῶν
749 2809 846 2878 μὲν
880 2813 1048 2880 τριῶν
1078 2815 1252 2882 ἁγίων
1280 2821 1508 2874 ἐκείνων
1544 2800 1680 2893 μετὰ
1717 2829 1778 2880 τὸ

195 2893 371 2946 πολλὰ
399 2896 622 2962 τούτους
652 2903 877 2956 κολάσαι
910 2907 1002 2958 τὸν
1039 2908 1127 2961 διὰ
1159 2910 1348 2980 ξίφους
1395 2915 1625 2971 θάνατον
1656 2921 1775 2975 δια-

193 2985 409 3055 κρίνει·
447 2989 816 3045 Παντολέοντα
865 2995 920 3048 δὲ
960 2997 1050 3048 τὸν
1082 3002 1255 3067 μέγαν
1301 3003 1378 3073 τῷ
1410 3004 1772 3082 δεσμωτηρίῳ

192 3077 338 3133 κατὰ
362 3078 423 3130 τὸ
455 3083 630 3149 παρὸν
670 3083 874 3136 δίδωσι.
914 3088 993 3141 Τὰ
1027 3091 1125 3158 μὲν
1154 3092 1247 3146 οὖν
1277 3077 1772 3167 ἀναιρεθέντα

192 3171 495 3242 μαρτύρων
545 3174 773 3245 σώματα
821 3178 964 3233 οὕτω
995 3184 1222 3253 κείμενα
1257 3189 1603 3258 Χριστιανοῖς
1639 3197 1768 3267 ἐμέ-

188 3263 358 3334 λησεν
387 3266 671 3322 ἀνελέσθαι
702 3272 792 3324 καὶ
823 3272 896 3335 ὼς
928 3279 1202 3346 προσῆκον
1231 3276 1298 3353 ἦν
1328 3285 1464 3339 αὐτὰ
1493 3263 1687 3358 eaeam.

262 3358 391 3410 κε’.
429 3361 796 3416 Παντολέοντα
838 3367 891 3419 δὲ
938 3370 1046 3421 ἀπὸ
1080 3374 1176 3443 τῆς
1209 3375 1436 3446 εἱρκτῆς
1471 3381 1708 3444 καλέσας
1736 3385 1763 3435 ὁ

188 3449 474 3518 βασιλεύς·
507 3456 664 3506 Δοκεῖ
695 3473 796 3518 σοι,
829 3459 954 3528 ἔφη,
990 3461 1179 3532 ὅτιπερ
1218 3466 1325 3526 ζῶν
1354 3470 1452 3531 τάς
1486 3472 1624 3539 ἐμὰς
1654 3477 1763 3542 χεῖ-

186 3560 288 3612 ρας
322 3545 526 3616 δυνήσῃ
577 3547 880 3614 διαφυγεῖν,
930 3555 977 3603 εί
1026 3555 1099 3622 μὴ
1153 3558 1465 3624 προσελθὼν
1497 3566 1762 3636 πρότερον

183 3637 358 3706 θύσῃς
409 3639 521 3700 τοῖς
571 3637 732 3702 θεοῖς.
789 3641 883 3694 καὶ
931 3645 1104 3698 ταῦτα
1157 3648 1248 3701 τοῦ
1298 3651 1620 3709 διδασκάλου
1669 3676 1760 3712 σου

193 3728 520 3798 Ἕρμολάου,
586 3730 896 3803 Ἑρμίππου
948 3755 1006 3789 τε
1069 3740 1162 3792 καὶ
1239 3741 1648 3818 Ἑρμοκράτους
1701 3753 1761 3804 τὸ

182 3821 354 3872 καλὸν
399 3822 500 3890 ἤδη
563 3826 846 3892 μαθόντων
895 3831 990 3880 καὶ
1033 3834 1143 3892 τοῖς
1176 3831 1317 3896 θεοῖς
1366 3837 1554 3891 θυσίαν
1588 3857 1758 3909 προσ-ι

179 3913 538 3981 ενεγκὸντων,
601 3915 651 3967 οἳ
719 3920 811 3968 καὶ
868 3921 1107 3986 ἀμοιϐὴν
1158 3924 1258 3992 τῆς
1317 3927 1650 3992 εὐπειθείας.
1702 3934 1761 3987 τὸ

179 4007 388 4076 πρῶτοι
439 4003 574 4059 εἶναι
626 4007 720 4058 νῦν
754 4012 810 4058 ἐν
839 4009 914 4078 τῷ
967 4013 1211 4086 παλατίῳ
1257 4018 1391 4088 παρ’
1421 4022 1578 4089 ἡμῶν
1613 4011 1766 4096 εῒλήέ

178 4119 383 4169 φασινς
421 4103 591 4174 Εἴπερ
628 4099 720 4158 οὖν
753 4108 845 4158 καὶ
875 4108 938 4161 σὺ
969 4109 1066 4179 τὴν
1097 4113 1266 4181 καλὴν
1301 4116 1480 4168 αὐτῶν
1510 4119 1758 4188 ζηλώσας

179 4195 488 4266 μεταϐολὴν
530 4198 736 4262 θύσεις,
783 4200 902 4252 τότε
941 4201 1084 4272 ὄψει,
1141 4205 1459 4272 Παντόλεον,
1494 4207 1605 4275 οἷος
1648 4215 1757 4281 ἐγὼ

178 4289 353 4361 βαρὺς
380 4289 455 4342 ὢν
479 4291 556 4360 τῷ
581 4292 831 4355 κολάζειν
864 4296 989 4359 τοὺς
1017 4297 1402 4369 ἀπειθοῦντας,
1434 4307 1585 4377 παρὰ
1622 4309 1754 4361 πολὺ

173 4380 286 4434 τῶν
344 4382 681 4449 πειθομένων
730 4382 962 4455 ὑπάρχω
1014 4389 1090 4458 τῷ
1141 4392 1526 4462 εὐγνωμονεῖν,
1590 4397 1754 4469 θερα⁹

174 4474 370 4526 ¹ιτεύειν
397 4473 830 4544 φιλοτιμότατος·
859 4478 1017 4533 τοῦτο
1047 4483 1102 4536 δὲ
1132 4487 1272 4540 κατὰ
1299 4489 1498 4559 πολλὴν
1528 4490 1629 4562 ἔφη
1658 4496 1754 4562 τὴν

173 4566 532 4634 κακοήθειαν,
593 4569 693 4623 ὅσα
739 4570 878 4639 πρὸς
935 4573 994 4627 τὸ
1048 4577 1354 4648 πεισθῆναι,
1413 4583 1576 4650 φημὶ,
1623 4588 1752 4651 τοὺς

1912 618 2181 674 criilcare.
2253 619 2330 675 Illi
2399 640 2551 688 vero,
2628 625 2951 692 Quomodo,
3026 630 3324 699 inquiunt,
3400 633 3503 686 hoc

1913 707 2205 765 fecerimus
2263 716 2352 783 qui
2415 718 2649 785 primum
2682 722 2840 776 nobis
2871 723 3307 790 persuaserimus
3346 723 3500 776 Chri-

1911 811 2052 856 stum
2096 821 2203 859 non
2241 809 2513 874 deserere,
2573 829 2674 868 nec
2705 815 2883 869 surdis
2939 816 3247 869 simulacris
3296 815 3496 871 oﬂ‘erre

1909 903 2265 957 sacriﬁcium?
2314 905 2436 961 Haec
2484 908 2764 971 dixerunt,
2822 921 2875 965 et
2930 926 3126 965 sensus
3184 923 3240 965 et
3294 917 3494 966 mentis

1908 992 2098 1048 oculos
2134 996 2183 1048 in
2218 998 2385 1052 cretes
2415 1002 2777 1055 sustulerunt.
2806 1004 2895 1055 Sic
2937 1005 3286 1073 precantibus
3309 1013 3492 1056 autem

1906 1096 2135 1151 apparet
2158 1087 2517 1145 Salvator:et
2543 1100 2688 1146 totus
2738 1095 2919 1147 statim
2969 1095 3122 1149 |0cus
3175 1082 3411 1167 agitatur
3439 1107 3492 1151 et

1905 1186 2176 1230 movetur.

2484 1278 2604 1340 ὅλος
2634 1279 2807 1348 κλόνῳ
2842 1281 2936 1332 καὶ
2966 1281 3176 1348 σεισμῷ
3211 1282 3486 1350 βάλλεται⁸

1969 1362 2152 1419 XXIV.
2192 1370 2398 1425 Eurota)
2463 1386 2646 1427 autem
2709 1392 2896 1428 revera
2944 1377 3143 1429 mentis
3186 1378 3486 1445 imperator

1897 1457 2134 1516 dicebat.
2169 1463 2300 1515 deos
2336 1463 2646 1535 indignatos
2675 1472 2912 1523 movisse
2947 1482 3170 1526 terram.
3196 1473 3292 1528 Cui
3343 1491 3483 1528 mar-

1899 1563 2042 1621 tyres
2076 1556 2373 1622 prudenter
2407 1560 2698 1614 admodum
2742 1573 2795 1616 et
2833 1565 3066 1618 fortiter:
3098 1567 3151 1618 Si
3182 1567 3479 1639 contigerit

1899 1634 2044 1714 ipsos
2071 1665 2286 1717 quoque
2314 1651 2444 1706 deos
2479 1665 2620 1714 tuos,
2651 1656 2923 1724 inquiunt,
2957 1675 3059 1711 una
3089 1661 3308 1713 cadere?
3340 1662 3482 1714 Non-

1894 1739 2022 1792 dum
2055 1741 2200 1795 ﬁnita
2235 1754 2347 1796 erat
2379 1747 2573 1805 oratio,
2614 1758 2665 1801 et
2700 1750 2919 1817 quidam
2949 1767 3012 1804 ex
3054 1753 3323 1806 ministris
3373 1754 3480 1807 im-

1894 1836 2159 1900 peratoris
2183 1840 2410 1890 σοιιιιεεῖι
2435 1841 2500 1892 ad
2535 1841 2705 1902 illum,
2739 1846 2966 1898 nuntius
2987 1848 3332 1902 calamitatis:
3377 1848 3478 1912 Dii,

1895 1927 2103 1990 dicens,
2129 1945 2160 1981 ο
2185 1930 2500 2000 imperator,
2524 1936 2839 1991 ceciderunt
2869 1951 2921 1992 et
2947 1943 3164 1994 contriti
3191 1954 3338 1995 sunt.
3385 1943 3478 1999 Sic

1901 2021 1972 2073 illi
1997 2025 2266 2078 terribiles
2305 2035 2357 2078 et
2393 2035 2587 2081 terram
2622 2030 2951 2098 quatientes,
2984 2034 3240 2101 iacebant
3266 2036 3318 2089 in
3362 2046 3475 2090 ter-

1899 2130 2010 2167 ram
2044 2117 2236 2184 dejecti
2264 2121 2399 2172 tristi
2432 2137 2582 2180 casu,
2618 2122 2681 2175 iis
2711 2125 2801 2192 qui
2847 2140 2953 2177 non
2976 2135 3133 2179 erant
3162 2143 3312 2196 reque
3349 2130 3475 2183 caeci

1893 2216 1946 2259 et
2004 2207 2162 2274 plane
2197 2209 2420 2275 lapides,
2465 2213 2694 2266 ridiculi.
2735 2217 2910 2283 Atque
2941 2217 3080 2268 alius
3109 2219 3348 2284 quidem.
3381 2220 3470 2287 qui

1895 2299 1976 2352 vel
2013 2316 2201 2369 parum
2247 2301 2526 2356 habuisset
2555 2304 2880 2372 prudentiae,
2909 2315 3091 2361 etnon
3123 2310 3168 2361 ei
3205 2310 3320 2364 sola
3357 2309 3468 2364 ior-

1894 2407 1976 2443 ma
2003 2395 2264 2455 obstaret,
2293 2408 2360 2446 ne
2379 2404 2563 2463 aperte
2587 2397 2905 2452 crederetur
2930 2414 3051 2453 esse
3076 2415 3264 2469 pecus.
3299 2402 3467 2455 Deum

1892 2500 2077 2536 verum
2105 2488 2435 2556 agnovisset,
2460 2497 2514 2540 et
2543 2488 2632 2556 qui
2655 2502 2832 2558 posset
2865 2491 2978 2546 haec
3003 2492 3199 2555 facere,
3240 2494 3332 2548 sed
3357 2507 3467 2548 non

1890 2575 1996 2627 ille:
2032 2578 2120 2643 qui
2155 2588 2414 2643 quantum
2456 2580 2647 2632 melior
2674 2581 2955 2642 evasisset,
2990 2592 3044 2635 et
3071 2595 3329 2652 quantum
3361 2585 3470 2638 uti.

1889 2669 2091 2720 litatem
2125 2683 2187 2720 ex
2211 2669 2409 2736 pietate
2443 2671 2794 2739 percepisset,
2827 2674 3007 2725 statim
3059 2689 3124 2727 ex
3146 2676 3307 2729 rebus
3338 2677 3469 2746 ipsis

1887 2761 2081 2828 aperit.
2110 2760 2304 2815 Statim
2325 2763 2470 2815 enim
2499 2773 2609 2817 tres
2632 2763 2752 2817 illos
2779 2776 3019 2828 sanctos,
3054 2778 3341 2835 postquam
3369 2785 3464 2823 eos

1887 2857 2074 2910 multis
2098 2856 2370 2910 alTecisset
2406 2858 2704 2926 suppliciis,
2731 2860 2950 2913 damnat
2969 2862 3184 2931 capitis.
3211 2861 3462 2933 Magnum

1884 2960 2065 3002 autent
2099 2949 2483 3004 Pantuleonem
2519 2953 2736 3007 interim
2767 2955 2930 3006 mittit
2955 2954 3007 3007 in
3034 2971 3332 3012 carcerem.
3369 2957 3464 3010 At-

1882 3057 1985 3109 que
2045 3051 2340 3110 martyrum
2401 3042 2617 3112 quidem
2656 3044 2736 3097 sic
2775 3044 3188 3099 interfectorum
3232 3063 3462 3118 corpora

1880 3149 2021 3187 cura:
2056 3133 2156 3187 fuit
2189 3135 2516 3190 Christianis
2547 3136 2757 3198 tollere.
2791 3147 2842 3192 et
2866 3153 2951 3205 ea,
2978 3148 3035 3193 ut
3064 3154 3163 3209 par
3204 3149 3342 3207 erat,
3375 3157 3461 3197 se-

1883 3228 2070 3295 petire.

1940 3379 2105 3434 XXV.
2138 3380 2528 3435 Pantoleonem
2557 3391 2739 3437 autem
2761 3399 2884 3437 cum
2915 3385 3214 3455 imperator
3262 3401 3457 3441 vocas-

1865 3485 1949 3530 set
1971 3491 2235 3531 ecarcere
2262 3493 2275 3531 :
2307 3477 2559 3539 Putasne,
2605 3477 2803 3546 inquit,
2837 3487 2887 3532 te
2912 3492 3068 3548 posse
3097 3479 3277 3533 vivum
3307 3492 3458 3534 mea:

1865 3585 2060 3623 manus
2109 3570 2374 3642 ell‘ugere,
2431 3571 2476 3625 si
2510 3587 2615 3626 n0n
2640 3571 2908 3625 accedens
2935 3573 3087 3642 prius
3137 3572 3240 3626 diis
3287 3572 3456 3628 sacri-

1864 3662 2152 3716 ﬁcaveris?
2192 3664 2352 3730 idque
2386 3678 2508 3714 cum
2535 3662 2728 3716 doctor
2751 3671 2874 3716 tuus
2914 3663 3250 3726 Hermolaus,
3315 3662 3451 3716 Her-

1863 3753 2193 3824 mippusque
2245 3762 2302 3808 et
2355 3752 2738 3809 Hermocrates
2773 3754 2848 3817 id,
2909 3757 3052 3824 quod
3108 3756 3309 3809 bonum
3340 3765 3445 3816 est.

1864 3849 2052 3903 mutati
2073 3849 2180 3917 jam
2212 3849 2521 3911 didicerint,
2551 3858 2604 3902 et
2636 3849 2738 3904 diis
2767 3851 3090 3903 sacrificium
3122 3849 3446 3907 obtulerint,

1863 3943 1952 4010 qui
1986 3943 2149 3996 etiam
2186 3957 2214 3994 a
2239 3943 2398 3996 nobis
2431 3941 2759 3996 obedientize
2800 3950 3134 4009 acceperunt
3187 3957 3444 3994 remune-

1864 4037 2154 4099 rationem,
2203 4044 2260 4089 ut
2295 4036 2404 4088 sint
2429 4033 2589 4101 primi
2619 4035 2672 4086 in
2708 4033 2935 4103 palatio?
2961 4033 3018 4087 Si
3040 4049 3168 4102 ergo
3197 4043 3248 4086 tu
3277 4034 3445 4088 sacri.

1862 4129 2135 4190 ﬁcavcris,
2181 4140 2370 4183 earum
2421 4127 2704 4198 pulchram
2764 4129 3004 4181 imitatus
3060 4127 3442 4185 mutationem,

1862 4227 1993 4276 tunc
2029 4221 2260 4284 videbis,
2297 4218 2617 4285 Pantoleon,
2655 4236 2818 4289 quam
2845 4234 2964 4289 ego,
2990 4220 3081 4288 qui
3119 4235 3236 4272 sum
3264 4219 3442 4287 gravis

1860 4315 1914 4370 in
1963 4315 2261 4384 puniendis
2297 4313 2364 4367 iis
2399 4311 2489 4381 qui
2530 4327 2639 4365 non
2675 4322 2893 4380 parent,
2925 4314 3025 4365 sim
3081 4309 3323 4364 liberalis
3387 4319 3442 4362 et

1860 4407 2151 4461 muniﬁcus
2171 4407 2222 4459 in
2250 4405 2644 4460 benefaciendo
2672 4405 2738 4458 iis
2763 4403 2853 4472 qui
2881 4412 3091 4472 parent.
3119 4401 3229 4456 Hoc
3257 4411 3438 4457 autem

1857 4500 2072 4554 dicebat
2105 4499 2336 4569 maligne
2357 4507 2412 4551 et
2447 4497 2716 4550 malitiose
2750 4497 2913 4565 (quod
2945 4495 3161 4557 attinet,
3190 4495 3434 4564 inquam,

1859 4593 1924 4646 ad
1951 4591 2191 4662 sanctos)
2225 4592 2290 4644 ad
2333 4591 2406 4644 illi
2433 4592 2899 4661 persuadendum.
2953 4587 3238 4652 Quomodo
3265 4588 3435 4650 enim,

171 4661 385 4728 ἁγίους.
425 4661 546 4724 Πῶς
588 4664 716 4732 γὰρ.
763 4663 856 4727 οὓς
906 4666 1004 4737 ήδη
1059 4646 1271 4737 φθάσας
1329 4646 1572 4743 ἀνεῖλ-ενς
1608 4646 1750 4732 ’Λλλζ

1897 4701 1995 4741 uos
2021 4687 2132 4756 jam
2178 4695 2304 4741 ante
2335 4685 2724 4740 interiecerat?
2753 4683 2847 4736 sed
2881 4691 2938 4736 ut
2979 4683 3246 4735 inescaret
3285 4693 3432 4740 eum,

172 4752 260 4803 ἵνα
309 4752 387 4820 τῷ
437 4753 607 4820 ὁμοίῳ
659 4753 889 4828 δελεάσῃ
929 4759 1020 4811 τὸν
1066 4762 1130 4814 ὲκ
1169 4763 1303 4815 Θεοῦ
1353 4767 1745 4838 φωτιζόμενον,

167 4843 292 4895 ὅθεν
307 4845 426 4896 οὐδὲ
455 4843 637 4898 λαθεῖν
673 4847 911 4915 ἴσχυσεν,
951 4851 1088 4914 ἀλλ’,
1119 4855 1240 4908 Ἰδω
1264 4855 1486 4927 τούτους
1520 4865 1614 4915 καὶ
1651 4866 1745 4918 αὐ·

168 4940 281 5003 τὸς,
317 4939 527 5008 εἴρηκε,
565 4942 816 5008 βασιλεῦ,
859 4945 963 5008 πρὸ
993 4943 1087 4996 τοῦ
1120 4945 1212 4997 σοῦ
1270 4951 1558 5019 προσώπου
1601 4972 1747 5026 παρ-

168 5031 518 5100 ισταμένους.
555 5032 612 5083 '0
647 5034 829 5098 μέντοι
857 5033 1198 5105 Μαξιμιανὸς
1221 5036 1298 5092 ἔτι
1326 5040 1418 5092 τοῦ
1442 5041 1744 5098 δολιοῦσθαι

169 5128 266 5180 καὶ
304 5129 471 5196 μηδὲν
503 5127 653 5194 ὐγιὲς
683 5127 862 5194 λέγειν
889 5132 986 5183 οὐκ
1019 5134 1388 5203 ἀφιστάμενος
1418 5139 1602 5205 (ἔθετο
1632 5144 1741 5210 γὰρ

167 5219 262 5271 καὶ
291 5219 350 5269 τὸ
379 5221 538 5283 σὲίας
575 5222 666 5274 καὶ
694 5222 792 5289 τὴν
821 5223 1008 5277 ἐλπίδα
1031 5225 1243 5294 ψεῦδος,
1278 5229 1418 5282 κατὰ
1452 5235 1542 5285 τὸν
1567 5238 1739 5302 μέγαν

175 5311 410 5364 Ἡσαΐαν
452 5313 638 5380 φάναι,
671 5315 763 5367 καὶ
798 5313 876 5382 τῷ
907 5314 1092 5383 ψεύδει
1128 5320 1306 5390 ἔκρινε
1357 5329 1733 5397 σκεπασθήσεο

165 5402 438 5466 σθαι).ού
475 5404 729 5471 πάρεισιν
772 5406 1026 5472 ἑνταῦθα,
1053 5407 1178 5478 ἔφη,
1212 5413 1347 5466 ἀλλὰ
1373 5415 1511 5467 κατὰ
1543 5419 1731 5487 χρείαν

164 5493 289 5548 τινὰ
317 5493 590 5549 καλούσαν
630 5498 708 5558 είς
739 5498 931 5568 ἑτέραν
976 5501 1132 5554 πόλιν
1157 5504 1286 5575 παρ’
1320 5509 1478 5576 ἡμῶν
1508 5510 1741 5580 ἐξεπέμ-

165 5588 401 5655 φθησαν.
447 5585 507 5637 Ὀ
563 5589 618 5641 δὲ
665 5590 904 5660 μάρτυς·
943 5595 1051 5648 Καὶ
1101 5595 1270 5663 ἄκων,
1320 5601 1454 5671 ἔφη,
1505 5604 1741 5672 τάληθὲς

161 5680 392 5749 εἴρηκας
418 5678 444 5728 ὁ
472 5677 531 5729 τὸ
559 5679 751 5747 ψεῦδος
787 5684 977 5750 φιλῶνο
1014 5688 1072 5740 ἐν
1096 5689 1344 5760 οὐρανοῖς
1369 5692 1477 5764 γάρ
1505 5696 1611 5748 εἰσι
1642 5696 1735 5749 νῦν

161 5765 217 5819 ιιι
251 5773 318 5841 τῇ
351 5769 442 5822 τοῦ
479 5770 613 5821 Θεοῦ
653 5774 802 5827 πόλει
831 5775 1126 5845 διάγοντες.

275 5889 310 5920 ⁸⁸
374 5889 478 5949 lsa.
543 5903 729 5946 nuit.
772 5891 853 5944 l5.

1852 4781 1942 4851 qui
1992 4795 2022 4833 a
2063 4779 2172 4833 Deo
2230 4777 2660 4831 illuminabatur.
2707 4774 3073 4840 Quamobrem
3120 4787 3221 4827 nec
3266 4778 3434 4826 latere

1850 4872 2059 4942 potuit;
2094 4870 2186 4926 sed
2216 4887 2229 4923 :
2261 4868 2368 4923 Eos
2393 4869 2507 4939 ipse
2533 4883 2752 4938 quoque
2788 4867 3022 4932 videam,
3051 4866 3244 4934 inquit,
3272 4882 3304 4919 ο
3329 4865 3430 4917 im-

1850 4976 2087 5035 perator,
2133 4975 2258 5018 ante
2299 4972 2442 5017 tuam
2497 4971 2737 5016 astantes
2805 4959 3019 5018 faciem.
3077 4958 3434 5012 Maximianus

1848 5069 2032 5113 autem
2063 5057 2306 5109 nondum
2343 5069 2566 5109 cessans
2597 5053 2787 5108 fraude
2839 5067 3003 5123 agere
3037 5052 3243 5123 (posuit
3281 5052 3426 5105 enim

1846 5153 1959 5222 ipse
1979 5164 2195 5220 quoque
2219 5163 2370 5214 spem
2391 5149 2763 5207 mendacium,
2787 5156 2846 5199 ut
2871 5145 3047 5199 dicam
3079 5159 3202 5196 cum
3232 5159 3428 5214 magno

1840 5242 1975 5300 lsaia
2006 5247 2070 5306 “,
2101 5253 2154 5299 et
2179 5243 2368 5297 statuit
2391 5258 2448 5298 se
2483 5241 2764 5295 mendacio
2795 5238 3033 5310 tegere):
3073 5235 3186 5290 Non
3225 5236 3425 5291 adsunt

1837 5338 1946 5402 hic,
1997 5338 2150 5401 dixit,
2183 5335 2276 5391 sed
2308 5335 2484 5403 aliqua
2517 5333 2820 5387 necessaria
2839 5331 2904 5386 de
2931 5346 3092 5385 causa
3116 5331 3265 5383 missi
3295 5341 3421 5384 sunt

1841 5448 1870 5486 a
1938 5431 2096 5485 nobis
2157 5431 2210 5484 in
2277 5429 2436 5481 aliam
2474 5427 2768 5481 civitatem.
2803 5423 3004 5495 Martyr
3049 5433 3231 5477 autem
3269 5439 3280 5474 :
3321 5421 3416 5476 Vel

1839 5523 2284 5591 invitus,inquit,
2323 5535 2514 5576 verum
2549 5518 2755 5585 dixisti,
2798 5532 2925 5573 cum
2966 5517 3158 5585 diligas
3188 5515 3419 5568 menda-

1840 5617 2017 5678 cium;
2069 5624 2198 5669 sunt
2282 5613 2429 5669 enim
2477 5627 2623 5666 nunc
2689 5608 2745 5666 in
2807 5609 2978 5675 ccelis,
3048 5608 3310 5679 degentes
3361 5605 3413 5658 in

1838 5705 2053 5761 civitate
2084 5700 2200 5757 Dei.
