4226 6436
194 441 306 506 481

1341 417 1750 500 CERTAMEN
1792 443 1854 504 s.
1897 443 2301 502 CALLlNlCl.

3335 443 3448 507 482

191 555 476 624 Σακερδὼς
520 556 694 626 τούτῳ
738 555 931 625 δνομα,
975 547 1017 621 ᾧ
1071 554 1164 607 καὶ
1210 555 1405 607 θᾶττον
1454 556 1482 607 ὁ
1525 555 1764 627 ἀθλητὴς
1799 568 1842 620 Α

1799 568 1842 620 Α
1884 559 1960 612 ira
1990 568 2044 612 et
2074 559 2421 613 crudelitate.
2455 560 2513 613 Ei
2544 571 2722 615 autem
2752 568 2870 616 erat
2908 575 3107 616 nomen
3155 561 3449 618 Sacerdos.

190 649 547 718 προσαχθεὶς,
577 651 653 710 εἰς
678 649 799 718 ὄψιν
826 664 884 701 τε
912 644 1060 717 αὑτῷ
1081 645 1369 716 παραστάς
1393 659 1408 676 ⁶
1433 646 1519 710 Τί,
1547 650 1711 717 φησὶν
1744 652 1770 702 ὁ

192 742 400 810 θρασὺς
425 741 606 812 ἄρχων
636 742 731 794 καὶ
761 739 977 804 ἀλαζὼν
1010 738 1144 808 πρὸς
1174 740 1264 791 τὸν
1294 740 1471 805 Ξιγιον,
1506 740 1645 791 κατὰ
1679 757 1764 792 το-

193 833 386 884 σούτου
416 834 649 902 κράτους
679 835 835 902 μόνος
857 831 961 883 τῶν
989 830 1163 885 ἄλλων
1190 833 1396 901 τολμᾷς
1425 829 1768 894 αὐθαδὰζεσ·

195 922 308 987 θαι,
330 924 610 976 καὶταῦτα
638 924 837 992 ἔπηλυς
870 922 946 974 ὢν
978 925 1070 975 καὶ
1099 923 1196 992 οὐχ
1225 923 1526 992 ἡμεδαπὸς,
1556 921 1769 974 πάντων

193 1015 617 1067 ὑποκυπτόντων
669 1018 759 1066 καὶ
805 1015 994 1077 θυσίας
1037 1017 1150 1077 τοῖς
1193 1015 1334 1075 θεοῖς
1384 1015 1768 1083 προσαγόντων

191 1108 290 1159 καὶ
327 1108 524 1168 αὐτοὺς
559 1109 810 1174 εὐμενεῖς
844 1107 990 1175 ἔχειν
1025 1106 1398 1167 σπευδόντων,
1433 1106 1500 1159 δι’
1531 1101 1606 1159 ὧν
1642 1108 1774 1174 ἡμῖν

190 1198 370 1251 πάντα
395 1198 732 1267 δωρεῖταιτὰ
753 1199 1011 1250 κάλλιστα
1033 1217 1046 1264 ;
1074 1196 1232 1249 Ἀλλὰ
1260 1197 1322 1248 σύ
1349 1214 1410 1263 γε
1439 1197 1500 1248 οὐ
1526 1197 1684 1264 μόνον
1712 1197 1771 1248 οὐ

191 1290 477 1359 προσέρχῃ
505 1287 681 1339 Θύσων
706 1289 890 1350 αὐτοῖς
922 1289 1018 1340 καὶ
1047 1287 1482 1356 ὲξιλεωσόμενος,
1509 1286 1646 1339 ἀλλὰ
1678 1286 1770 1336 καὶ

186 1383 315 1442 τοὺς
350 1380 636 1448 προσιέναι
674 1380 1036 1448 βουλομένους
1071 1381 1304 1448 ἁφιστᾷς
1338 1379 1432 1431 καὶ
1464 1379 1643 1444 λόγοις
1676 1394 1770 1445 φε-

185 1470 388 1539 νακίζη
424 1473 758 1538 ἐπαγωγοῖς,
788 1474 926 1540 μήτε
966 1470 1216 1540 σώματος
1260 1470 1482 1540 μεγέθει
1525 1470 1765 1540 θαρρῶν,

187 1564 329 1632 μήτε
370 1565 631 1634 περιϐολῇ
667 1564 1001 1632 ἀξιώματος.
1050 1564 1195 1634 Ηρὸς
1239 1564 1298 1617 ὃν
1339 1567 1367 1618 ό
1414 1564 1622 1633 μάρτυς
1677 1562 1768 1614 τοῦ

184 1655 428 1724 Χριστοῦ
464 1659 650 1726 πράως
683 1657 824 1710 οὕτω
849 1661 942 1709 καὶ
972 1657 1261 1728 προσηνῶς
1295 1658 1658 1727 ἁπεκρίνατο·

1875 651 1952 705 Ad
1983 666 2145 720 quem
2178 666 2299 704 cum
2333 651 2628 718 productus
2658 661 2801 706 esset
2831 654 3058 715 athleta,
3093 661 3149 706 et
3206 655 3451 710 venisset

1876 737 1930 792 in
1964 740 2082 805 ejus
2110 749 2461 807 conspectum
2499 759 2511 794 :
2543 739 2701 805 Quid,
2731 741 2907 810 inquit
2956 742 3135 796 audax
3196 751 3252 796 et
3297 759 3452 801 arro-

1873 847 2004 900 gans
2042 846 2244 900 praeses
2295 842 2507 896 sancto,
2562 834 2823 886 adversus
2887 843 3089 886 tantam
3147 835 3448 903 potentiam

1871 924 2038 974 audes
2066 923 2213 976 solus
2241 938 2306 976 ex
2332 924 2448 976 aliis
2484 936 2534 976 te
2569 925 2866 978 insolenter
2889 941 3102 994 gerene,
3131 927 3292 995 idque
3319 943 3444 981 cum

1874 1014 1949 1067 sis
1976 1015 2202 1078 advena,
2235 1025 2287 1069 et
2319 1032 2424 1069 non
2459 1025 2691 1083 nostras,
2723 1018 2978 1072 omnibus
3015 1032 3072 1072 se
3121 1019 3449 1072 submitten-

1878 1106 2046 1168 tibus,
2080 1115 2134 1158 et
2164 1106 2266 1159 diis
2307 1107 2569 1161 sacriﬁcia
2605 1108 2980 1169 oll'erentibus,
3014 1118 3069 1162 et
3102 1124 3195 1161 eos
3222 1110 3450 1163 studen-

1872 1200 2016 1252 tibus
2047 1198 2250 1252 habere
2285 1199 2578 1253 benevolos
2600 1214 2664 1254 ac
2697 1199 2982 1268 propitios,
3017 1215 3111 1268 per
3139 1215 3277 1267 quos
3297 1199 3452 1253 nobis

1871 1287 2167 1350 donantur.
2212 1306 2548 1360 quaecunque
2583 1303 2712 1345 sunt
2764 1293 2967 1359 Optima
3024 1300 3077 1344 et
3143 1290 3450 1359 pulcherri—

1875 1379 1995 1430 ma?
2025 1379 2128 1432 Sed
2169 1392 2224 1434 tu
2281 1383 2496 1450 quidem
2536 1399 2644 1435 non
2704 1383 2880 1435 solum
2916 1397 3020 1435 non
3075 1381 3292 1435 accedis
3345 1381 3449 1435 diis

1877 1473 2301 1536 sacriﬁcaturus,
2335 1484 2390 1527 et
2425 1491 2518 1528 eos
2554 1478 2868 1543 placaturns
2904 1493 2915 1527 :
2949 1474 3043 1528 sed
3070 1489 3164 1528 eos
3188 1475 3350 1527 etiam
3379 1473 3448 1527 ab

1880 1562 2129 1615 instituto
2158 1563 2464 1623 dimovens.
2491 1564 2581 1632 qui
2620 1566 2807 1617 volunt
2837 1565 3120 1628 accedere,
3160 1559 3336 1618 verbis
3379 1563 3446 1617 ad

1879 1653 2244 1706 inducendum
2281 1656 2707 1707 accommodatis
2737 1656 2964 1723 decipis,
3027 1669 3205 1723 neque
3249 1670 3447 1722 corpo-

185 1749 261 1803 ris
320 1749 494 1805 fretus
555 1754 951 1822 magnitudine,
1001 1767 1180 1822 neque
1242 1754 1568 1807 auctoritate
1629 1751 1734 1805 ulla
1775 1758 1868 1803 aut
1921 1749 2202 1820 dignitate.
2245 1749 2344 1804 Cui
2401 1758 2601 1819 martyr
2634 1749 2840 1804 Christi
2887 1751 2966 1804 sic
3028 1759 3314 1804 mansuete
3355 1766 3452 1807 res

185 1844 408 1911 spondit
437 1854 491 1898 et
527 1846 778 1914 placide:

254 1934 327 1990 A'.
378 1937 517 2003 Ἐγὼ
552 1939 648 2006 μὲν
677 1937 962 2006 ἄνθρωπος
992 1933 1133 1990 εἶναι
1160 1937 1406 2007 ὁμολογῶ
1441 1939 1663 2006 εὐτελὴς
1695 1938 1753 1991 τὸ
1791 1943 1833 1998 Β

182 2031 506 2097 φαινόμενον
533 2030 621 2079 καὶ
650 2030 866 2097 μικρός·
891 2030 1176 2100 περιφέρω
1197 2030 1248 2082 δὲ
1275 2017 1339 2082 ἐν’
1357 2031 1431 2100 τῷ
1455 2030 1758 2097 ὀστρακίνῳ

186 2137 288 2190 μου
318 2120 491 2186 τούτῳ
526 2119 710 2172 σκεύει
734 2122 823 2174 τὸν
859 2122 991 2190 ἐμὸν
1025 2123 1324 2192 πολύτιμον
1355 2124 1632 2192 θησαυρὸν
1664 2124 1758 2176 καὶ

183 2212 532 2281 μαργαρίτην
561 2213 817 2282 Χριστὸν,
868 2214 960 2267 τὸν
1008 2216 1211 2286 Κύριον
1246 2233 1345 2285 μου
1393 2217 1485 2267 καὶ
1530 2217 1756 2284 Σωτῆρα

193 2301 434 2367 Ἰησοῦν,
469 2298 528 2355 οὗ
556 2303 740 2366 δοῦλός
773 2307 888 2372 ειμι
908 2345 922 2369 ,
955 2299 1106 2374 ᾧπερ
1142 2307 1308 2378 ρίφην
1338 2308 1451 2359 ἀπὸ
1480 2306 1711 2374 γαστρὸς
1739 2346 1753 2367 ,

180 2394 236 2454 ὂς
263 2393 492 2456 πλοῦτος
519 2397 643 2464 ἐμοὶ
667 2398 763 2448 καὶ
786 2397 1050 2468 καύχημα
1077 2402 1168 2452 καὶ
1198 2402 1346 2469 ίσχυς
1370 2401 1438 2452 δι’
1469 2394 1541 2452 ὧν
1567 2401 1756 2470 ἥδιστα

179 2487 302 2554 ἐμοὶ
327 2491 420 2538 καὶ
447 2488 654 2557 τερπνὰ
684 2489 748 2541 τὰ
778 2491 870 2542 τοῦ
897 2490 1014 2558 βίον
1051 2495 1263 2542 ᾶπαντα
1297 2491 1540 2557 ἀλγεινά.
1591 2491 1756 2542 Οὐδὲν

177 2576 271 2630 οὖν
298 2580 628 2648 θαυμαστὸν,
663 2576 706 2632 ὦ
736 2581 978 2649 ἡγεμὼν,
1010 2583 1058 2632 εί
1086 2583 1329 2632 τοιούτου
1356 2583 1628 2633 Δεσπότου
1656 2582 1752 2647 ὢν,

178 2670 398 2721 σπεύδω
430 2674 520 2722 καὶ
552 2672 926 2738 ἀγωνίζομαι,
957 2671 1105 2733 ὅπως
1132 2689 1188 2723 τε
1220 2673 1377 2733 αὐτὸς
1412 2672 1507 2723 τοῦ
1545 2672 1624 2723 ἰοῦ
1656 2674 1754 2741 τῆς

179 2761 378 2821 κακίας
411 2762 649 2828 ἐμαυτὸν
689 2763 1052 2831 ἀποξέσαιμι,
1091 2764 1211 2815 καθ’
1244 2764 1366 2814 ὅσον
1408 2757 1579 2815 οἷόντε
1626 2781 1754 2816 συν-

177 2855 425 2921 τηρήσας
460 2854 765 2922 ἀλωὸητον,
795 2858 886 2908 καὶ
918 2857 1066 2918 ὅπως
1089 2857 1186 2926 τῆς
1213 2857 1319 2909 τῶν
1349 2858 1582 2910 εἰδώλων
1619 2861 1753 2912 πλά-

177 2964 274 3014 νης
316 2949 438 3008 τους
476 2949 863 3016 ἧπατημένους
904 2949 1244 3019 ὲκσπάσαιμι
1290 2953 1383 3003 καὶ
1415 2953 1481 3021 τῇ
1526 2951 1753 3022 ἀληθεία

179 3039 540 3108 προσάξαιμι.
601 3040 660 3091 ὐ
696 3042 802 3108 γὰρ
835 3041 1064 3108 ἐξάγων
1095 3045 1450 3109 ἁμαρτωλὸν
1490 3043 1559 3095 ἐκ
1599 3043 1753 3096 πλά-

174 3149 289 3194 νης
340 3130 484 3182 (δοῦ
523 3131 709 3184 αὐτοῦ
764 3127 818 3202 (ᾖ
867 3149 1000 3199 φησι
1052 3136 1120 3185 τὰ
1174 3133 1512 3186 θεόπνευστα
1571 3133 1750 3200 λόγια)

174 3221 361 3273 σώσει
391 3221 506 3288 μὲν
537 3221 750 3290 ψυχὴν
782 3223 848 3274 ἐκ
891 3223 1150 3276 θανάτου
1183 3223 1282 3276 καὶ
1307 3225 1566 3292 καλύψει
1596 3226 1750 3292 πλῆ-

1933 1930 2016 1986 IV.
2048 1932 2157 1998 Ego
2194 1934 2412 2002 quidem
2453 1949 2540 1988 me
2571 1933 2745 1987 fateor
2778 1949 2900 1988 esse
2939 1934 3214 1989 hominem
3262 1940 3446 2006 specie

1861 2028 2120 2082 humilem
2150 2037 2202 2082 et
2261 2030 2514 2097 pusillum
2553 2045 2568 2083 :
2604 2030 2930 2084 circumfero
2990 2041 3174 2084 autem
3215 2032 3269 2084 in
3342 2034 3445 2086 hoc

1861 2134 1983 2174 meo
2019 2136 2146 2174 vase
2187 2120 2336 2175 ﬁctili
2386 2122 2689 2189 pretiosum
2748 2137 2931 2175 meum
2993 2124 3335 2185 thesaurum.
3389 2137 3446 2178 et

1860 2217 2209 2282 margaritam
2243 2212 2520 2266 Christum
2566 2213 2854 2266 Dominum
2890 2230 3068 2267 meum
3099 2220 3153 2267 et
3193 2217 3443 2269 Salvato-

1860 2319 1972 2357 rem
2001 2304 2209 2365 Jesum,
2237 2305 2394 2372 cujus
2420 2319 2542 2356 sum
2596 2320 2790 2359 servus
2822 2322 2835 2356 :
2867 2307 2952 2359 cui
2988 2306 3264 2374 projectus
3319 2324 3441 2362 sum

1859 2397 1926 2450 ab
1955 2410 2132 2460 utero,
2161 2398 2251 2466 qui
2284 2407 2368 2451 est
2400 2397 2533 2450 mihi
2563 2398 2785 2462 divitize,
2842 2398 3093 2469 gloriatio
3144 2410 3197 2454 et
3247 2401 3436 2464 virtus,

1860 2502 1957 2555 per
2016 2501 2137 2554 qum
2195 2495 2321 2539 sunt
2383 2487 2515 2539 mihi
2548 2488 2888 2544 delectabilia
2930 2500 2982 2542 et
3040 2492 3198 2559 longe
3248 2490 3442 2560 jucun-

1858 2578 2082 2631 dissima
2123 2595 2460 2647 quazcunque
2493 2589 2621 2634 sunt
2658 2581 2710 2632 in
2756 2581 2860 2633 vita
2897 2597 3086 2650 aspera
3105 2595 3159 2636 et
3190 2583 3437 2639 molesta.

1857 2665 1970 2718 Non
2001 2677 2084 2720 est
2123 2684 2252 2736 ergo
2283 2670 2503 2734 mirum,
2537 2686 2570 2723 ο
2617 2687 2838 2739 praeses,
2904 2672 2947 2724 si
3009 2689 3131 2727 cum
3181 2675 3305 2728 talis
3369 2671 3440 2730 sit

1861 2755 1995 2811 mihi
2036 2761 2314 2822 Dominus,
2340 2762 2614 2814 contendo
2652 2771 2707 2815 et
2734 2762 2975 2825 decet-to,
3014 2773 3072 2816 ut
3101 2773 3153 2816 et
3205 2764 3319 2833 ipse
3351 2781 3438 2819 me

1857 2865 1886 2904 a
1925 2851 2037 2904 vitii
2079 2851 2329 2921 rubigine
2357 2853 2646 2920 expoliam,
2681 2869 2767 2908 me
2833 2857 3106 2926 integrum
3157 2867 3212 2911 et
3261 2862 3440 2913 since-

1860 2947 2214 3012 rum,quoad
2247 2946 2364 3014 ejus
2422 2947 2539 3000 ﬁeri
2598 2958 2797 3016 potest.
2850 2964 3204 3016 conserimus,
3270 2964 3438 3023 utque

1857 3032 1924 3085 ab
2026 3048 2211 3086 errore
2306 3036 2571 3088 idolorum
2647 3053 2762 3098 eos,
2859 3044 2950 3107 qui
3022 3053 3152 3094 sunt
3237 3045 3440 3115 decep-

1860 3126 1917 3188 ti,
1989 3124 2236 3186 avellam,
2271 3135 2325 3177 et
2360 3125 2626 3178 adducam
2692 3128 2757 3180 ad
2791 3130 3102 3183 veritatem.
3156 3130 3256 3194 Qui
3286 3139 3429 3187 enim

1856 3214 2066 3267 abducit
2088 3224 2414 3285 peccatorem
2447 3219 2705 3272 aberrare
2736 3225 2831 3273 via:
2859 3237 2967 3274 sua
2992 3233 3074 3289 (ut
3105 3224 3293 3279 dicunt
3349 3227 3434 3280 di-

174 3317 278 3380 θος
327 3282 663 3383 ἀμαρτιωνῗ
694 3282 826 3369 ,Εἴθε
878 3315 970 3370 οὖν
1029 3317 1248 3370 ἐπείθου
1304 3336 1391 3389 μοι
1447 3282 1542 3372 καὶ
1591 3282 1750 3382 acui;
1781 3282 1827 3341 ϐ

1781 3282 1827 3341 C
1857 3311 2055 3362 vinitus
2079 3311 2340 3378 inspirata
2374 3311 2621 3379 Eloquia)
2655 3315 2880 3365 servabit
2911 3317 3145 3366 animam
3190 3333 3222 3368 a
3270 3331 3439 3372 morte

171 3409 270 3477 τὴν
306 3411 403 3477 μὲν
440 3409 720 3477 παροῦσαν
749 3411 965 3479 ἀπάτην
1001 3409 1341 3475 καταλιπεῖν,
1365 3411 1442 3480 τῷ
1477 3411 1533 3464 δέ
1557 3429 1616 3478 γε
1653 3410 1752 3479 τῆς

171 3500 432 3563 ἀληθείας
461 3502 598 3566 φωτὶ
625 3501 1015 3570 προσδραμεῖν.
1064 3503 1276 3569 Ἔγνως
1304 3505 1408 3573 γὰρ
1432 3504 1498 3554 ἂν
1529 3503 1648 3554 τότε
1674 3503 1748 3565 ὡς

168 3591 408 3660 ἀληθῶς,
435 3592 484 3642 τί
515 3593 612 3659 μὲν
645 3593 670 3642 ὁ
699 3591 809 3642 τῶν
837 3592 974 3644 ὅλων
997 3592 1128 3650 Θεὸς
1161 3594 1254 3645 καὶ
1284 3595 1578 3662 Δεσπότης,
1615 3596 1666 3645 τί
1691 3589 1748 3648 δὲ

167 3683 236 3733 τὰ
279 3684 410 3753 παρ’
453 3682 604 3750 ὑμῶν
636 3683 826 3736 εἴδωλα
867 3685 962 3736 καὶ
993 3683 1154 3751 κωφὰ
1174 3723 1188 3750 ,
1219 3683 1255 3737 ἃ.
1287 3685 1467 3756 ψυχῆς
1505 3687 1746 3755 ἀτεχνῶς

167 3773 388 3844 ιλεθρος
429 3778 523 3828 καὶ
556 3776 823 3830 ἀπώλεια.

237 4034 316 4089 E'.
345 4035 560 4086 Τούτων
588 4037 865 4091 ἀκούσασα
893 4037 998 4091 τῶν
1021 4038 1192 4107 λόγων
1215 4041 1247 4112 ἡ
1273 4041 1448 4112 φαύλη
1471 4043 1616 4114 ψυχὴ
1645 4046 1738 4098 καὶ

167 4129 480 4197 μισοκαλος,
520 4130 889 4201 ἀκατασχέτου
918 4133 1035 4184 λίαν
1068 4135 1392 4204 ὑπεπλήσθη
1425 4137 1736 4206 θυμοῦ,καὶ

161 4221 237 4290 τῷ
287 4221 426 4288 ἁγίῳ
473 4219 730 4291 βλοσυρὸν
759 4223 944 4274 ἐνιδὼν
988 4226 1079 4276 καὶ
1112 4226 1276 4294 δριμύ
1305 4241 1318 4254 ·
1353 4225 1576 4293 Ἔοικας
1618 4250 1731 4300 μοι,

162 4316 318 4382 φησὶ,
343 4317 430 4365 τὸν
450 4315 675 4368 θάνατον
702 4316 799 4385 τῆς
825 4317 1042 4388 ἡδίστης
1071 4318 1213 4390 ζωῆς
1238 4326 1510 4394 προτιμᾷν
1535 4326 1628 4377 καὶ
1647 4324 1733 4377 διὰ

158 4408 319 4459 τοῦτο
363 4409 599 4476 ῥήμασιν
643 4408 1093 4478 ἀπονενοημένοις
1133 4414 1398 4484 κέχρησαι
1443 4420 1580 4468 κατα
1622 4419 1733 4472 τῶν

160 4499 326 4562 θεῶν,
356 4498 620 4566 συνείρων
653 4501 918 4552 ἀπνευστὶ
948 4503 1017 4553 τὰ
1068 4506 1401 4576 παιδαριώδη
1429 4508 1598 4562 ταῦτα
1634 4514 1728 4567 καὶ

1854 3410 1899 3452 et
1933 3402 2124 3468 aperiet
2163 3402 2557 3454 multitudinem
2594 3411 2919 3468 peccatorum
2951 3406 2987 3458 '.
3019 3407 3194 3475 Alque
3226 3409 3432 3462 utinam

1857 3493 1911 3545 tu
1949 3508 2163 3563 quoque
2192 3509 2221 3546 a
2266 3510 2354 3549 me
2413 3497 2820 3564 persuadereris
2851 3507 3175 3567 praesentem
3212 3503 3433 3570 quidem

1859 3587 2167 3656 relinquere
2201 3589 2602 3656 deceptione"),
2636 3590 2701 3640 ad
2734 3591 2980 3642 veritatis
3021 3602 3202 3645 autem
3256 3595 3431 3649 lucem

1847 3681 2125 3733 accedere.
2161 3681 2312 3732 Tunc
2339 3682 2481 3732 enim
2534 3696 2726 3735 revera
2761 3685 3129 3753 eognovisses,
3169 3689 3296 3755 quid
3361 3692 3434 3743 sit

1855 3771 2237 3825 universorum
2275 3774 2494 3840 quidem
2530 3773 2671 3827 Deus
2709 3786 2763 3829 ct
2797 3775 3057 3830 Dominus
3092 3795 3104 3830 :
3155 3781 3284 3846 quid
3336 3796 3432 3834 au-

1848 3869 1978 3924 tem,
2009 3878 2129 3930 quae
2185 3875 2314 3914 sunt
2348 3863 2486 3931 apud
2549 3880 2646 3916 vos
2694 3866 3003 3932 simulacra,
3059 3884 3179 3937 quae
3240 3875 3452 3924 revera'

1843 3958 1971 4003 sunt
2002 3953 2195 4003 animo:
2230 3951 2457 4005 exitium
2489 3961 2543 4005 et
2566 3952 2840 4008 interitus.

1914 4041 2119 4097 V.H'.rc
2149 4059 2270 4096 cum
2320 4044 2457 4096 mala
2490 4043 2732 4097 audisset
2783 4045 2984 4109 anima,
3042 4056 3094 4101 et
3142 4062 3278 4116 quae.
3311 4062 3430 4118 quae

1840 4142 1968 4190 sunt
2002 4136 2249 4192 honesta.
2270 4135 2431 4189 habet
2456 4137 2669 4201 odio,ea
2701 4153 2819 4205 quae
2844 4140 3237 4194 continertnon
3271 4151 3433 4208 pote-

1837 4239 1920 4281 rat
1949 4228 2025 4279 ira
2050 4226 2148 4279 fuit
2210 4227 2433 4294 repleta,
2461 4237 2514 4279 et
2540 4229 2784 4280 sanciunt
2808 4239 2957 4283 torve
2990 4231 3205 4311 intuen‘s
3236 4231 3433 4296 :Mihir

1835 4321 2030 4390 inquit,
2059 4321 2260 4375 videris
2295 4331 2525 4375 mortem
2555 4324 2674 4374 vitae
2702 4326 2957 4391 praeferre
2985 4323 3419 4392 jucundissimze.

1833 4426 1887 4469 et
1915 4415 2038 4469 ideo
2066 4420 2325 4471 adversus
2355 4419 2485 4470 deos
2512 4416 2690 4469 verbis
2717 4433 2845 4470 usus
2875 4433 2934 4471 es
2960 4416 3340 4480 insolentibus.
3369 4429 3427 4473 et

1832 4511 2125 4561 amentiam
2150 4518 2293 4560 tuam
2320 4509 2776 4577 signiﬁcantibus,
2800 4510 2914 4562 haec
2935 4511 3220 4580 pueriliaet
3244 4511 3428 4564 inania

162 4591 369 4660 μάταια
393 4606 405 4619 ·
433 4589 545 4641 αλλ’
577 4589 684 4641 ἴσθι
705 4590 778 4653 ὼς
804 4587 953 4644 οὐδέν
984 4610 1041 4645 σε
1067 4595 1271 4648 τούτων
1297 4599 1478 4670 ὀνήσει
1502 4603 1619 4654 οὐδέ,
1647 4607 1725 4668 τίς
1759 4621 1805 4680 υ

1759 4621 1805 4680 υ
1834 4611 2148 4664 contexens,
2167 4611 2217 4655 et
2240 4616 2377 4654 vano
2403 4601 2591 4670 spiritu
2624 4601 2906 4669 proferens
2933 4616 2946 4653 :
2983 4603 3077 4653 sed
3105 4601 3247 4655 scias
3273 4601 3421 4656 fotu-

161 4698 222 4734 σι
253 4683 362 4733 τῶν
389 4682 534 4748 ἐμῶν
557 4682 821 4747 ὲξελεῐται
847 4689 1045 4755 χειρῶν
1077 4691 1184 4742 οὐδ’
1211 4692 1268 4744 ὃν
1298 4695 1605 4767 ἐπαγγέλλῃ
1636 4699 1740 4751 Σω-

156 4777 303 4846 τῆρα
341 4775 430 4826 σὸν
458 4778 550 4828 καὶ
583 4778 733 4829 Θεόν.
768 4780 949 4831 Πάντα
985 4783 1092 4850 γάρ
1127 4801 1215 4835 σου
1248 4786 1643 4859 διαψηλαφήσω
1671 4795 1737 4846 τὰ

160 4865 325 4930 μέλη,
365 4867 457 4917 καὶ
495 4867 601 4917 πᾶν
631 4867 684 4918 εί
711 4884 763 4918 τι
793 4869 984 4936 πικρὸν
1007 4872 1190 4935 ἐπάξω
1228 4889 1309 4926 σοι
1343 4878 1693 4948 κολαστήριον
1715 4923 1730 4945 ,

153 4955 230 5013 ὼς
273 4955 338 5006 ἂν
365 4959 500 5025 αὐτῇ
537 4962 701 5030 πείρα
739 4961 900 5031 γνῷς,
932 4963 1053 5015 ὅσον
1082 4965 1142 5017 τὸ
1174 4968 1416 5021 ἀπειθεῖν
1451 4975 1560 5034 τοῖς
1593 4992 1730 5044 κρα-

153 5045 313 5097 τοῦσι
349 5049 542 5112 κακὸν,
575 5054 668 5102 καὶ
708 5054 858 5116 ὅσαις
894 5056 1182 5110 ὑπεύθυνοι
1214 5064 1505 5129 τιμωρίαις
1537 5068 1590 5118 oi.
1606 5071 1728 5132 τοὺς

157 5137 313 5206 θεοὺς
351 5142 776 5208 μυκτηρέζοντες
811 5150 903 5197 καὶ
940 5149 1035 5218 τὴν
1062 5152 1238 5204 αὐτῶν
1270 5152 1524 5223 λατρείαν
1555 5162 1726 5214 ἀπαν-

157 5229 453 5312 αινόμενοι.
493 5231 630 5299 Πρὸς
657 5231 715 5283 ὃν
746 5234 772 5282 ὁ
805 5237 1015 5303 μάρτυς
1049 5240 1491 5315 θαρσαλεώτερον
1548 5252 1724 5303 ἀτενί-

158 5335 257 5381 σας
278 5335 296 5412 _'
329 5322 418 5388 Μὴ
451 5322 608 5387 μέλλε
631 5363 648 5389 ,
683 5321 800 5377 εἷπε
825 5367 837 5390 ,
873 5332 994 5399 μηδ’
1021 5333 1248 5388 ἁναδὺου
1274 5379 1287 5400 ,
1324 5339 1441 5392 ἀλλ’
1472 5342 1724 5412 ἑτοίμαζε

154 5410 363 5477 ταχέως
399 5414 576 5468 πάντα
618 5434 709 5469 σου
744 5419 810 5471 τὰ
853 5422 961 5473 τῶν
996 5422 1431 5498 βασανιστηρίων
1474 5410 1679 5502 ὄργανα
1705 5453 1717 5464 ·

154 5503 441 5598 ἡκέτωσαν
477 5507 532 5558 al
573 5512 836 5580 μάστιγες
859 5554 872 5577 ,
906 5517 965 5568 τὸ
995 5516 1178 5585 ξίφος,
1213 5521 1272 5572 τὸ
1305 5524 1436 5596 πῦρ,
1460 5528 1486 5578 ὀ
1511 5529 1722 5598 τροχὸς,

151 5593 251 5646 καὶ
287 5593 388 5646 ὅσα
436 5613 517 5649 σοι
555 5599 690 5653 ἄλλα
723 5605 857 5674 πρὸς
891 5611 1155 5680 τιμωρίαν
1187 5593 1559 5685 ἐπινενδηται·
1601 5623 1725 5689 ἐμοὶ

151 5684 263 5754 γὰρ
303 5684 360 5736 ἓν
391 5690 550 5756 μόνον
583 5694 809 5768 φοϐερὸν
845 5702 936 5753 καὶ
964 5704 1163 5777 φρίκης
1191 5684 1452 5773 ἇξιον,-τδ
1480 5684 1720 5784 φοσηθῆ-

262 5899 276 5929 ⁸
305 5897 418 5958 Jac.
462 5916 513 5970 τ’,
575 5903 665 5958 20.

1843 4712 1984 4759 rum,
2014 4706 2072 4748 ut
2095 4693 2230 4747 nihil
2270 4693 2465 4746 horum
2501 4693 2598 4746 tibi
2631 4695 2824 4760 prosit,
2856 4707 3031 4760 neque
3059 4701 3109 4746 te
3135 4693 3330 4759 aliquis
3355 4708 3420 4747 ex

1838 4792 1974 4844 meis
1992 4789 2239 4839 manilius
2253 4785 2465 4853 eripiat,
2481 4799 2549 4836 ne
2569 4787 2611 4836 is
2632 4784 2873 4852 quidem.
2890 4801 3051 4853 quem
3075 4795 3128 4838 tu
3149 4786 3426 4853 proﬁteris

1834 4879 1999 4934 Deum
2022 4889 2073 4931 et
2101 4878 2456 4931 Salvatorem.
2492 4874 2684 4931 Omnia
2711 4880 2855 4934 enim
2884 4887 2978 4930 tua
3007 4879 3248 4931 membra
3280 4893 3418 4931 con-

1834 4974 2098 5037 trectabo,
2135 4985 2189 5028 et
2223 4975 2584 5044 quodcunque
2616 4981 2698 5026 est
2725 4972 3007 5033 acerbum,
3044 4971 3135 5023 tibi
3184 4970 3424 5024 infera-n1

1839 5068 2208 5136 supplicium:
2264 5077 2321 5119 ut
2365 5068 2480 5134 ipsa
2537 5065 2679 5117 sc'ras
2730 5064 3093 5132 experientia,
3149 5074 3417 5132 quantum

1838 5161 1907 5213 sit
1933 5159 2131 5212 malum
2165 5174 2273 5211 non
2333 5172 2530 5227 parere
2559 5157 2624 5210 iis
2648 5158 2737 5226 qui
2771 5159 3108 5210 dominatum
3143 5159 3424 5218 obtinent,

1835 5263 1888 5308 et
1912 5267 2070 5322 quam
2109 5251 2293 5304 multis
2318 5251 2429 5304 sint
2461 5251 2634 5318 panis
2671 5249 2891 5304 obnoxii
2930 5250 2963 5302 ii
3000 5248 3092 5316 qui
3127 5249 3259 5303 deos
3289 5250 3425 5303 sub-

1834 5355 2088 5405 sannant,
2134 5352 2188 5395 et
2219 5358 2404 5395 eorum
2447 5342 2653 5393 cultum
2700 5343 3008 5410 repudiarit.
3053 5341 3226 5404 Quem
3269 5347 3414 5394 mar-

1834 5450 1918 5509 lyr
1968 5438 2224 5491 audacius
2276 5435 2394 5488 ﬁxis
2460 5435 2680 5489 intuens
2737 5438 2908 5489 oculis
2962 5453 2976 5488 ι
3024 5433 3165 5500 Noli,
3219 5435 3419 5504 inquit.-

1833 5532 2073 5595 diﬂerre,
2114 5545 2208 5583 nec
2234 5529 2555 5597 protrahere
2589 5547 2601 5582 :
2644 5529 2735 5583 scd
2772 5529 2883 5580 cito
2907 5543 3034 5597 para
3090 5527 3271 5579 ouinia
3302 5537 3420 5580 tor-

1831 5634 2136 5676 mentorum
2186 5620 2566 5674 instrumenta.
2630 5618 2858 5672 Veniant
2960 5617 3188 5686 ﬂagella,
3241 5618 3406 5678 ensis.

1832 5718 1993 5788 ignis,
2027 5725 2260 5778 rotae,et
2296 5728 2633 5783 qumcunque
2685 5714 2785 5768 alia
2841 5715 3142 5780 excogitata
3189 5711 3412 5766 fuerunt
