4226 6436
801 427 904 490 483

2136 425 2420 487 MENSIS
2460 425 2749 489 IULIUS.

3966 426 4067 487 ιιι

796 539 862 592 ad
891 537 1182 608 supplicia.
1218 537 1311 594 Est
1341 540 1486 594 enim
1535 537 1670 592 milii
1707 551 1871 591 unum
1928 535 2101 589 solum
2137 535 2378 589 terribile

2484 537 2571 587 ναί
2605 554 2656 588 τι
2688 537 2795 605 πρὸ
2826 535 2961 589 Θεοῦ
2992 536 3087 590 καὶ
3119 536 3219 607 τῆς
3256 537 3469 590 ἐκεῖθεν
3508 535 3845 607 χωρισθῆναι
3880 554 4063 606 μακα-

795 640 853 684 et
884 630 1309 695 lormidandum,
1344 647 1415 686 ne
1443 631 1573 700 quid
1614 630 1872 684 timeatur
1889 627 2174 697 plusquam
2209 628 2373 692 Deus,

793 723 931 777 etab
950 737 1011 775 ea
1039 738 1159 791 quae
1184 722 1291 777 illic
1321 733 1424 785 est.
1460 738 1688 793 separer
1720 718 2078 773 beatitudine.
2121 717 2237 770 Alia
2275 732 2376 769 au-

794 824 902 867 tem
933 815 1135 876 omnia,
1159 829 1278 883 qua:
1310 830 1431 869 meo
1457 813 1670 883 corpori
1705 811 1974 874 intuleris,
2029 810 2368 877 voluptatem

795 904 924 956 mihi
956 904 1136 973 potius
1199 906 1489 973 rcputabo,
1556 920 1718 974 quam
1773 904 2103 966 cruciatum,
2153 910 2374 969 pI'OplCl‘

794 1011 973 1051 meum
998 998 1053 1050 in
1085 998 1252 1051 Deum
1280 1012 1542 1051 amorem.

866 1111 1113 1167 VL'l‘unc
1142 1128 1341 1183 prmses
1367 1127 1489 1167 cum
1523 1111 1873 1181 desperasset
1904 1109 2017 1163 fore
2045 1116 2103 1162 ut
2129 1114 2373 1161 mutare-

794 1211 902 1264 tur.
927 1205 1077 1274 jubet
1110 1209 1158 1258 ei
1186 1212 1357 1259 totum
1379 1220 1581 1275 corpus
1604 1204 1735 1257 cadi
1760 1202 1941 1257 nervis
1958 1198 2370 1256 crudelissimis.

792 1292 1053 1358 Quicum
1087 1295 1413 1359 caederetur,
1481 1294 1752 1348 clamabat
1817 1308 1996 1363 praeco
2053 1312 2065 1346 :
2126 1294 2374 1362 Agnosce

795 1385 949 1450 deos,
984 1386 1265 1452 Callinice,
1330 1399 1384 1441 et
1414 1403 1508 1441 eos
1543 1388 1756 1452 invoca,
1801 1396 1862 1440 ut
1917 1397 1967 1440 te
1997 1386 2063 1439 ab
2102 1386 2205 1438 hoc
2261 1392 2373 1436 tor-

794 1486 980 1530 mento
1021 1477 1280 1530 eximant.
1328 1477 1419 1532 llle
1448 1488 1631 1538 autem
1676 1488 1778 1531 tam
1807 1479 2000 1532 leuiter
2049 1478 2231 1547 plagas
2270 1490 2362 1527 ac-

795 1569 1050 1636 cipiebat,
1096 1576 1152 1622 ut
1202 1584 1271 1621 ne
1303 1568 1579 1623 videretur
1630 1570 1845 1638 quidem
1911 1571 2135 1622 omnino
2192 1568 2299 1636 pati
2359 1585 2370 1619 :

798 1669 1006 1713 tantum
1042 1662 1213 1723 abest,
1261 1669 1319 1714 ut
1359 1661 1693 1727 concideret,
1761 1671 1855 1714 aut
1909 1659 2242 1721 ﬂecteretur,
2308 1660 2375 1713 ad

798 1750 966 1803 Deum
999 1751 1173 1807 solum
1206 1760 1373 1803 totam
1438 1761 1674 1804 mentem
1719 1752 1982 1819 dirigens,
2040 1760 2094 1802 et
2145 1749 2192 1802 ci
2241 1765 2375 1802 con-

796 1851 1002 1895 stanter
1038 1858 1202 1909 agens
1235 1842 1456 1911 gratias,
1490 1858 1588 1911 pro
1620 1858 1726 1909 quo
1768 1843 1880 1896 lucc
1938 1842 2044 1909 pati
2085 1842 2371 1911 delegerat.

798 1929 860 1981 lit
890 1946 997 1998 quo
1026 1934 1195 2000 magis
1217 1932 1430 1985 videbat
1471 1947 1672 2000 corpus
1710 1931 1977 2001 Sanguine
2001 1930 2265 1995 diliiucrc,
2308 1947 2372 1985 c0

797 2024 966 2091 magis
998 2024 1371 2077 subsannabat
1404 2039 1496 2077 eos
1530 2024 1620 2093 qui
1661 2026 2045 2089 verberabant,
2078 2026 2219 2093 quod
2264 2040 2371 2078 non

795 2112 978 2180 plures
1010 2124 1063 2166 et
1101 2114 1535 2167 vehementiores
1567 2116 1613 2167 ei
1667 2116 1850 2184 plagas
1898 2116 2181 2168 inferrent.
2237 2114 2373 2169 Sunt

809 2220 886 2259 ea:
922 2206 1089 2267 enim,
1124 2206 1319 2274 inquit,
1379 2206 1537 2277 longe
1595 2207 1835 2260 minores
1877 2217 1931 2261 et
1970 2207 2372 2271 imbecilliores,

796 2313 962 2366 quam
999 2314 1099 2369 ego
1157 2302 1484 2368 exspectavi,
1514 2309 1569 2353 et
1614 2316 1777 2369 quam
1812 2300 1914 2354 sim
1959 2302 2187 2355 tolerare
2221 2318 2375 2370 para-

796 2399 905 2444 tus.
942 2390 1164 2460 Propter
1186 2407 1305 2460 quae
1347 2391 1536 2459 majori
1562 2390 1747 2445 furore
1803 2393 2046 2461 percitus
2082 2393 2372 2457 Sacerdos,

790 2483 945 2551 jubet
973 2498 1093 2538 eum
1132 2485 1363 2552 pendere
1398 2501 1426 2537 a
1456 2486 1624 2555 ligno,
1681 2494 1734 2539 et
1763 2484 1954 2537 ferreis
2015 2485 2206 2537 laniari
2272 2501 2374 2537 un-

793 2576 952 2645 gulis.
987 2575 1156 2639 Quem
1227 2592 1352 2631 cum
1410 2578 1573 2631 etiam
1616 2578 2105 2633 circumsretisseut
2158 2577 2377 2631 lictores

793 2677 1036 2739 agrestes
1066 2678 1120 2722 et
1144 2671 1412 2731 crudeles,
1446 2672 1670 2723 scrutati
1706 2681 1833 2724 sunt
1860 2679 2023 2724 totam
2060 2685 2374 2739 compagem

794 2762 1060 2827 corporis,
1095 2761 1225 2812 nulli
1259 2764 1509 2830 corporis
1546 2761 1687 2830 parti
1753 2771 2065 2832 parcentes.
2135 2760 2376 2815 Dixisses

792 2868 915 2906 eum
953 2853 1152 2907 habere
1205 2863 1455 2909 naturam
1497 2855 1709 2924 lapidis,
1789 2865 1880 2909 aut
1924 2856 2154 2922 aliquam
2217 2856 2374 2909 aliam

793 2954 1006 3004 eorum,
1048 2957 1168 3011 qua:
1211 2943 1497 2996 suntdura
1553 2954 1607 2995 et
1666 2945 2049 3013 repugnantia,
2103 2960 2226 2997 eum
2292 2945 2374 2998 vi-

793 3032 968 3087 disses
1002 3049 1126 3087 eum
1152 3034 1294 3087 nulla
1326 3035 1463 3089 allici
1487 3035 1750 3100 molestia,
1779 3050 1881 3089 nec
1914 3036 2021 3089 ullo
2062 3035 2236 3105 frangi
2281 3036 2376 3088 do-

791 3122 928 3177 lore.
957 3122 1046 3177 Sic
1071 3140 1194 3176 eum
1227 3127 1451 3177 mutavit
1479 3127 1597 3193 ejus
1654 3141 1807 3179 amor
1873 3125 1927 3178 in
1986 3124 2285 3189 Christum,
2318 3134 2376 3177 ut

2481 628 2749 698 ριότητος.
2780 628 2860 682 Τὰ
2886 629 2929 682 δ’
2956 629 3090 683 ἄλλα
3128 630 3323 695 πάντα,
3348 629 3447 683 ὅσα
3475 630 3541 683 ἂν
3569 630 3644 699 τῷ
3680 630 3800 699 ἐμῷ
3832 629 4065 694 δπάξαις

2480 722 2724 789 σώματι,
2762 722 2924 791 ἡδονή
2957 740 3049 790 μοι
3084 723 3284 791 μᾶλλον
3324 722 3355 792 ἢ
3388 723 3626 789 τιμωρία
3657 721 3746 774 διὰ
3779 721 3873 774 τὸν
3928 724 4062 792 πρὶς

2477 810 2610 864 Θεὸν
2634 811 2942 878 λελόγισται
2971 812 3171 882 ἔρωτα.

2551 1096 2642 1162 ς’.
2666 1093 2797 1148 Τὀτε
2816 1093 2843 1146 ὁ
2866 1093 3088 1166 ἡγεμὼν
3112 1095 3211 1165 τὴν
3239 1095 3541 1167 μεταϐολὴν
3565 1095 3877 1156 ἀπελπίσας
3902 1090 4061 1167 προσο

2477 1188 2668 1240 τάσσει
2703 1188 2915 1257 νεύροις
2949 1187 3252 1256 ὠμοτάτοις
3277 1188 3417 1240 κατὰ
3442 1190 3643 1251 παντδς
3673 1188 3769 1239 τοῦ
3811 1190 4065 1255 σώματος

2476 1278 2808 1340 τύπτεσθαι,
2841 1272 2998 1345 ᾧκαὶ
3033 1280 3353 1348 τυπτομένῳ
3379 1279 3578 1331 ἐπεϐόα
3607 1282 3632 1332 ὁ
3671 1280 3879 1349 κήρυξο
3924 1281 4067 1330 Ἐπί-

2479 1372 2667 1437 γνωθι,
2699 1372 3007 1436 Καλλίνικε,
3033 1374 3158 1427 τοὺς
3187 1372 3342 1433 θεοὺς
3372 1374 3466 1423 καὶ
3491 1373 3634 1425 αὐτο
3659 1389 3687 1435 ς
3714 1370 4063 1431 ἐπικάλεσατ,

2477 1463 2625 1525 ὅπως
2657 1480 2715 1515 σε
2740 1464 2940 1532 ταύτης
2973 1465 3069 1532 τῆς
3103 1464 3338 1533 βασάνου
3370 1465 3679 1529 ἐξέλωνται,
3716 1463 3779 1516 Ὀ
3811 1465 3868 1516 δὲ
3898 1464 4067 1523 οὕτως

2478 1555 2726 1623 ἀτρέμας
2756 1556 2966 1624 ἐδέχετο
2995 1562 3095 1617 τὰς
3124 1557 3359 1623 πληγὰς,
3396 1556 3470 1617 ὡς
3505 1557 3639 1625 μηδὲ
3666 1556 3904 1624 πάσχειν
3933 1555 4067 1616 ῖιλως

2478 1651 2676 1714 δοκεῖν,
2708 1652 2902 1704 πολλοῦ
2922 1670 2984 1717 γε
3015 1654 3096 1704 δεῖ
3126 1655 3489 1705 καταπίπτειν
3522 1654 3553 1723 ἢ
3587 1651 4065 1721 ὲπικάμπτεσθαι,

2480 1744 2598 1812 Θεῷ
2646 1745 2792 1815 μόνῳ
2822 1745 2917 1815 τὴν
2965 1746 3092 1813 ὃλην
3134 1746 3327 1798 τείνων
3356 1746 3597 1797 διάνοιαν
3628 1748 3720 1797 καὶ
3751 1744 3908 1813 αὐτῷ
3949 1746 4069 1794 ἑπι-

2484 1837 2662 1905 μὸνως
2693 1838 3056 1905 εὐχαριστῶν.
3086 1838 3201 1889 ἀνθ’
3226 1832 3284 1891 οὗ
3314 1838 3481 1890 ταῦτα
3513 1836 3706 1888 παθεῖν
3735 1838 3935 1894 είλετο,
3971 1836 4069 1887 καὶ

2478 1929 2586 1998 ὅσῳ
2628 1930 2827 1998 μᾶλλον
2856 1929 2999 1996 ἐώρα
3036 1933 3145 1994 τοῖς
3179 1931 3373 1999 αἵμασι
3409 1930 3467 1983 τὸ
3505 1930 3661 1996 σῶμα
3694 1930 4066 1999 κατάρρυτον,

2477 2023 2716 2090 τοσούτῳ
2749 2024 2870 2082 τοὺς
2903 2021 3199 2084 τύπτοντας
3222 2022 3606 2090 ὲμυκτήριζεν,
3628 2022 3707 2073 ὅτι
3737 2020 3815 2089 μὴ
3843 2020 4067 2081 πλείους

2478 2113 2627 2180 αὐτῷ
2685 2114 2777 2165 καὶ
2837 2114 3201 2184 σφοδροτέρας
3275 2113 3375 2175 τὰς
3429 2112 3640 2180 πληγὰς
3688 2112 4065 2179 ἐπιφέροιντο.

2491 2202 2774 2266 Ἐλὰττους
2810 2206 2916 2275 γὰρ
2938 2190 3293 2274 αύταὶ,φησῖ,
3323 2208 3415 2258 καὶ
3453 2207 3701 2274 ἀδρανεῖς
3741 2204 3888 2256 κατὰ
3929 2202 4066 2254 πολ)

2477 2291 2553 2351 ὧν
2588 2299 2966 2367 προσεδόκησα
2992 2304 3083 2350 καὶ
3116 2299 3251 2364 πρὸς
3282 2299 3317 2350 ἃ
3350 2295 3836 2368 παρεσκεύασμαι.
3880 2293 4000 2361 Ἐφ’
4024 2289 4071 2357 ᾧ

2479 2391 2574 2441 καὶ
2598 2389 2760 2440 πλέον
2806 2391 2833 2440 ὁ
2864 2390 3149 2457 Σακερδὼς
3193 2392 3477 2457 ἐκμανεὶς,
3507 2386 3847 2456 ἀναρτᾶσθαι
3902 2384 4070 2438 αὐτὸν

2481 2482 2572 2533 ἐπὶ
2609 2480 2768 2545 ξύλου
2799 2480 3008 2533 κελεύει
3049 2481 3137 2533 καὶ
3169 2480 3410 2549 σιδηροῖς
3442 2482 3551 2540 τοῖς
3581 2479 3723 2542 ὄνυξι
3757 2476 4067 2543 ξαίνεσθαι,

2478 2574 2536 2627 ὃν
2563 2575 2653 2626 xui
2689 2577 2872 2644 δήμιοι
2903 2577 3259 2645 περιστάντες
3292 2576 3471 2643 ἄγριοι
3504 2573 3595 2624 καὶ
3635 2572 3781 2641 ὠμοὶ
3805 2572 3909 2641 τὴν
3937 2572 4071 2639 ὃλην

2482 2668 2745 2737 ἁρμονίαν
2768 2666 2863 2719 τοῦ
2889 2668 3135 2736 σώματος
3160 2668 3541 2738 διηρεὺνησαν,
3574 2666 3797 2734 μηδενδς
3826 2665 3942 2716 τῶν
3966 2664 4070 2729 τῆς

2481 2761 2683 2828 σαρκὸς
2738 2760 2940 2829 μορίων
2987 2762 3325 2829 φεισάμενοι.
3370 2755 3536 2821 Eius;
3587 2759 3650 2811 ἂν
3694 2759 3864 2809 αὐτὸν
3913 2756 4068 2807 λίθοι

2483 2849 2644 2916 φύσιν
2692 2849 2724 2917 ἡ
2776 2867 2895 2901 τινα
2942 2850 3108 2919 ἄλλην
3152 2851 3294 2917 ἔχειν
3341 2850 3448 2902 τῶν
3502 2849 3813 2900 ἀντιτύπων
3858 2865 3922 2899 τε
3972 2850 4070 2899 καὶ

2483 2942 2724 3010 στερῤὦν
2747 2941 2805 2993 τὸ
2836 2943 3139 3009 ἀνάλγητον
3167 2942 3330 2993 αὑτοῦ
3373 2942 3699 3010 τεθεαμένος
3730 2942 3824 2991 καὶ
3858 2944 4069 3008 ἀτέρα-

2486 3051 2641 3104 μνον,
2676 3033 2850 3095 οὖτως
2881 3034 3042 3086 αὑτὸν
3070 3035 3097 3085 ὁ
3130 3034 3264 3103 πρὸς
3305 3034 3538 3102 Χρεστὶν
3567 3033 3704 3101 ἔρως
3737 3030 4067 3099 ὴλλοίωσεν.

2479 3124 2554 3187 ὡς
2584 3126 2675 3178 xui.
2703 3126 2871 3194 αὐτῆς
2900 3125 3249 3177 ἐπιλαθέσθαι
3281 3121 3346 3195 ἦς
3374 3126 3555 3194 εἴληχε
3588 3126 3827 3192 φύσεως.
3862 3122 4071 3178 Τοσοῦ-

791 3216 929 3283 ejus,
962 3231 1122 3282 quam
1152 3217 1405 3281 habebat,
1435 3216 1851 3271 oblivisceretur
1880 3226 2107 3270 naturze.
2138 3215 2370 3271 Tantum

2479 3235 2571 3270 τον
2602 3219 2710 3287 γὰρ
2734 3219 2926 3287 ἀπεῖχε
2954 3218 3018 3287 τῇ
3051 3219 3467 3291 ὑπερϐαλλούσῃ
3491 3220 3662 3288 ταύτῃ
3687 3218 4072 3272 ὑποκατακλί-

792 3311 937 3360 enim
966 3308 1157 3370 abfuit,
1190 3316 1248 3361 ut
1292 3323 1504 3362 summo
1545 3318 1817 3361 tormento
1869 3308 2267 3372 succumberet,
2319 3315 2378 3360 ut

793 3413 929 3452 voce
980 3399 1147 3452 libera
1209 3400 1459 3453 irrideret
1515 3411 1569 3453 et
1639 3400 2013 3454 ludiﬁcaretur
2065 3410 2376 3469 tyrannum.

794 3490 911 3555 Qua
942 3490 1008 3543 de
1039 3506 1201 3544 causa
1272 3492 1558 3546 videbatur
1634 3493 1721 3546 liic
1768 3495 1985 3562 quidem
2046 3494 2380 3563 inexpugna-

797 3583 950 3649 bilis,
989 3582 1078 3637 ille
1107 3596 1292 3638 autem
1326 3585 1530 3653 pudore
1557 3584 1806 3652 aﬂeclus,
1838 3593 1893 3638 et
1955 3585 2070 3638 sola
2131 3586 2365 3652 quadam

794 3672 944 3730 inani
973 3689 1031 3729 se
1061 3678 1420 3730 exsultatione
1444 3678 1719 3744 jactitans.

803 3871 807 3875 ’
866 3872 1145 3927 \’ll.Cum
1202 3881 1386 3928 autem
1450 3873 1674 3928 omnino
1727 3872 2073 3944 desperasset
2124 3872 2374 3936 stolidus,

793 3966 859 4020 ad
910 3967 1016 4020 hoc
1064 3967 1314 4019 ultimum
1371 3982 1666 4021 conversus
1712 3969 2196 4037 estsupplicium,
2228 3967 2375 4037 quod

794 4059 979 4122 solus,
1035 4058 1117 4111 vel
1178 4073 1301 4111 cum
1362 4059 1654 4111 admodum
1708 4059 1896 4128 paucis
1941 4060 2267 4129 eSCOgitavit
2323 4068 2378 4112 et

795 4148 1004 4202 invenit
1065 4166 1079 4202 :
1124 4149 1270 4217 quod
1314 4150 1533 4216 quidem
1578 4159 1695 4203 erat
1738 4151 1949 4219 signum
1980 4151 2099 4218 ejus
2162 4150 2376 4202 furiosa:

793 4249 848 4294 et
879 4240 1110 4295 amentis
1142 4241 1356 4294 animm.
1392 4241 1525 4295 Nam
1553 4258 1675 4295 cum
1708 4244 1955 4311 crepidas
2003 4243 2171 4296 clavis
2203 4244 2375 4296 aeutis

793 4335 1125 4397 contixisset,
1153 4335 1309 4403 jubet
1353 4334 1560 4401 alligari
1604 4335 1832 4403 pedibus
1865 4338 2137 4403 martyris,
2170 4343 2222 4388 et
2278 4336 2377 4388 int-

794 4435 945 4493 pcrat
974 4428 1039 4479 iis
1065 4429 1155 4494 qui
1183 4442 1305 4480 eum
1367 4428 1729 4489 abducebant,
1804 4430 2104 4491 lictoribus,
2149 4440 2205 4481 ut
2264 4439 2376 4483 tra-

793 4527 913 4572 ctus
954 4520 1118 4573 iniret
1149 4522 1291 4573 viam
1324 4520 1593 4590 Gangram
1627 4539 1816 4591 usque.
1855 4524 1924 4577 ljt
1968 4532 2149 4575 autem
2201 4523 2372 4589 majo-

792 4622 880 4662 res
918 4621 972 4664 et
999 4612 1238 4664 acriores
1269 4613 1315 4663 ei
1346 4613 1671 4664 atl'errcutur
1700 4613 1919 4666 dolores
1989 4628 2052 4665 ex
2123 4612 2369 4679 pertora-

793 4701 939 4753 tione
965 4703 1265 4765 clavorum,
1295 4717 1417 4755 curn
1490 4701 1626 4755 alios
1680 4704 1896 4756 lictores
1934 4703 2252 4756 collocasset
2314 4702 2366 4753 in

791 4791 945 4859 cquis
972 4789 1394 4859 pernicissimis,
1430 4792 1659 4858 cogebat
1694 4801 1821 4845 ante
1851 4807 1945 4845 eos
1978 4807 2197 4845 currere
2254 4793 2370 4843 ath-

794 4882 954 4936 letam
1016 4883 1183 4935 clavis
1255 4883 1551 4935 conﬁxnm.
1621 4885 1859 4940 Omnino
1920 4886 2002 4939 vel
2058 4887 2123 4940 ad
2195 4886 2367 4939 solum

792 4973 1164 5040 spectaculum
1227 4971 1432 5027 fruetus
1506 4986 1657 5028 esset
1734 4978 1912 5029 munis
1996 4977 2232 5039 animus,
2302 4992 2369 5029 ne

793 5068 996 5133 apertis
1037 5066 1257 5131 quidem
1304 5068 1476 5120 oculis
1538 5065 1655 5121 haec
1714 5065 1894 5121 ferens
1938 5068 2200 5136 aspicere.
2262 5068 2369 5122 Sed

795 5172 904 5211 non
936 5157 1025 5211 ille
1051 5157 1326 5220 immanis.
1365 5168 1420 5212 et
1442 5160 1606 5213 corde
1644 5160 1803 5228 plane
1834 5160 2181 5229 lapideo,aut
2208 5172 2368 5213 natu-

792 5266 850 5303 ra
881 5260 963 5303 est
993 5247 1099 5304 ullo
1158 5250 1318 5302 modo
1343 5260 1672 5314 commotus,
1707 5262 1800 5305 aut
1828 5254 2070 5306 dolorem
2099 5255 2371 5321 reputavit

795 5340 1215 5409 insuperabilem
1262 5358 1274 5393 :
1340 5343 1435 5393 sed
1470 5354 1722 5411 tanquam
1760 5344 1826 5397 iis
1855 5360 1974 5412 qua:
2021 5350 2366 5414 gerebantur,

793 5438 1083 5499 insultans,
1151 5436 1476 5507 praesidebat
1551 5441 1840 5507 superbus,
1919 5441 2138 5509 impiam
2215 5456 2367 5495 suam

794 5532 1029 5584 animam
1095 5531 1325 5596 impletis
1383 5530 1578 5584 talibus
1644 5534 1988 5599 spectaculis.
2050 5532 2154 5599 Qui
2207 5535 2367 5588 etiam

786 5624 952 5690 jussit
994 5623 1305 5688 lictoribus,
1342 5634 1400 5678 ut
1452 5623 1616 5678 simul
1657 5634 1820 5692 atque
1856 5627 2054 5680 dictam
2091 5628 2368 5682 ascendis-

792 5727 914 5769 sent
944 5716 1248 5779 eivitatctn,
1285 5716 1825 5771 vehementissimam
1866 5716 2142 5774 fornacem
2175 5735 2370 5774 accen-

789 5808 1000 5871 derent,
1044 5818 1096 5861 el
1136 5819 1383 5863 sanctum
1417 5809 1467 5861 in
1511 5824 1627 5863 eam
1697 5810 2021 5878 injiceretlt:
2092 5823 2150 5867 ut
2204 5815 2366 5867 etiam

791 5899 880 5969 qui
910 5899 1015 5954 illic
1045 5910 1193 5969 sunt,
1230 5902 1426 5969 aiebat,
1478 5903 1723 5958 viderent
1772 5907 1890 5975 ejus
1947 5905 2365 5959 inobedicntiam

2483 3311 2663 3363 νεσθαι
2697 3309 2932 3379 βασάνῳ,
2969 3310 3042 3371 ὡς
3069 3313 3163 3363 καὶ
3197 3312 3733 3381 πεπαῤῥησιασμένῃ
3772 3311 3874 3378 ἥδη
3910 3315 4068 3380 φωνῇ

2479 3401 2781 3464 ἑπιτωθάζε
2794 3421 2839 3454 ιν
2870 3404 2958 3454 τὸν
2985 3402 3242 3471 τύραννον
3256 3404 3350 3453 καὶ
3377 3401 3822 3470 αὑτῴὲπιγελᾷν·
3876 3402 3963 3470 ἐφ’
3992 3398 4071 3454 ὧν

2478 3488 2632 3555 οὗτος
2666 3496 2763 3562 μὲν
2788 3496 2969 3564 ὡρᾶτο
2990 3490 3455 3561 ἀκαταγώνιστος,
3480 3495 3682 3557 ἐκεῖνος
3706 3494 3751 3544 δ’
3774 3497 4073 3564 ᾐσχυμμέ-

2480 3600 2567 3645 νος
2595 3584 2690 3636 xui
2725 3584 2869 3653 μόνῳ
2898 3583 2975 3654 τῷ
3004 3583 3233 3655 διακένῳ
3266 3586 3589 3654 φρυάγματι
3635 3584 4067 3655 βρενθυόμενος.

2551 3877 2619 3933 Ζ’.
2671 3878 2757 3940 Ὡς
2786 3875 2841 3929 δὲ
2868 3877 2977 3938 τοῖς
3006 3872 3472 3940 ὃλοιςὰπεγνὼκει
3504 3875 3532 3927 ὁ
3564 3873 3818 3943 μάταιος,
3855 3874 3951 3927 ἐπὶ
3974 3875 4071 3945 τὴν

2477 3973 2713 4041 ἐσχάτην
2749 3969 2952 4037 ταύτην
2987 3966 3257 4035 τιμωρίαν
3288 3966 3589 4035 ἐτράπετο,
3631 3967 3662 4036 ἢ
3694 3967 3862 4034 μόνος
3899 3968 3929 4035 ἦ
3978 3986 4069 4020 κο-

2482 4066 2606 4135 μιδῇ
2633 4068 2727 4116 σὺν
2748 4062 2950 4129 ὀλίγοις
2976 4064 3067 4113 καὶ
3100 4062 3416 4129 διενοήσατο
3439 4059 3533 4112 καὶ
3559 4060 3747 4128 ἐξεῦρε
3791 4060 4071 4127 σύμϐολον

2477 4156 2645 4209 οὖσαν
2685 4156 2783 4219 τῆς
2821 4154 3137 4225 ἐμπλήκτου
3192 4153 3357 4205 αὑτοῦ
3386 4154 3480 4204 καὶ
3509 4156 3831 4222 παραφόρου
3857 4156 4065 4225 ψυχῆς.

2481 4251 2767 4319 Κρηπῖδας
2795 4250 2902 4317 γὰρ
2939 4248 3087 4317 ἥλοις
3126 4245 3269 4309 ὀξέσι
3295 4246 3658 4315 διαπερνήσας
3697 4248 4068 4317 ὑποξεσθῆναι

2478 4344 2810 4412 προστάσσει
2849 4341 2938 4392 τὸν
2980 4341 3227 4408 μάρτυρα
3269 4340 3361 4390 καὶ
3396 4339 3585 4390 τοῦτον
3625 4342 3928 4407 συρόμενον
3972 4345 4071 4409 τὴν

2482 4440 2641 4509 μέχρι
2685 4434 2948 4505 Γαγγρῶν
2987 4433 3225 4502 βαδίζειν
3262 4432 3378 4486 ὁδὸν
3418 4434 3527 4494 τοῖς
3567 4434 3867 4495 ἐπάγουσιν
3898 4436 4069 4487 αὐτὸν

2478 4530 2690 4599 δημίοις
2722 4526 3109 4596 παρήγγειλεν.
3131 4525 3239 4586 ’Ὧς
3274 4523 3338 4577 ἂν
3363 4525 3417 4577 δὲ
3448 4524 3669 4595 μείζους
3698 4526 3851 4594 αὐτῷ
3878 4527 4070 4579 ὀδύναι

2407 4578 2448 4632 D

2479 4624 2568 4673 xui
2604 4619 2931 4688 δριμύτεραι
2961 4620 3020 4668 ἐκ
3049 4619 3155 4667 τῶν
3178 4617 3273 4683 τῆς
3299 4616 3442 4683 ἥλων
3467 4617 3675 4681 γένοιτο
3696 4616 4067 4684 διατρήσεως,

2480 4712 2697 4779 ἐτέρους
2741 4709 2968 4775 δημίους
3014 4707 3201 4768 ἵπποις
3241 4705 3568 4767 ἐπιϐιϐάσας
3613 4705 3921 4771 ὡκυτάτοις
3976 4712 4071 4763 καὶ

2478 4805 2739 4873 ταχινοῖς.
2778 4800 2921 4851 θέειν
2949 4798 3259 4868 ἔμπροσθεν
3290 4798 3470 4851 αὐτῶν
3500 4799 3591 4850 τὸν
3621 4801 3731 4861 τοῖς
3761 4800 3917 4865 ἥλοις
3953 4803 4071 4854 δια-

2480 4893 2833 4960 πεπαρμένον
2858 4890 3095 4959 ἀθλητὴν
3120 4890 3528 4957 κατηνάγκαζε.
3556 4889 3775 4951 Πάντως
3800 4893 3891 4941 καὶ
3928 4894 4070 4959 πρὸς

2482 4990 2650 5055 μόνην
2685 4983 2784 5052 τὴν
2817 4983 2944 5035 θέαν
2979 4981 3215 5047 ἐκλάσθη
3249 4982 3314 5032 ἂν
3357 4972 3517 5031 πᾶσα
3542 4980 3687 5047 ψυχὴ
3729 4981 3851 5049 μηδ’
3884 4983 4069 5052 ἁνεῳ·

2478 5078 2632 5145 γόσιν
2654 5077 2957 5145 ὀφθαλμοῖς
2984 5072 3208 5124 τοιαῦτα
3237 5071 3483 5138 φέρουσα
3510 5070 3749 5141 καθορᾷν
3777 5090 3789 5102 ο
3816 5072 3939 5124 ἀλλ’
3971 5077 4069 5143 οὐχ

2477 5171 2505 5221 ὁ
2534 5168 2871 5245 λιθοκάρδιος
2904 5165 2995 5216 καὶ
3021 5163 3236 5232 ἀπηνὴς
3270 5163 3303 5232 ἧ
3337 5180 3388 5215 τι
3422 5162 3555 5230 πρὸς
3588 5161 3685 5230 τὴν
3721 5161 3888 5226 φύσιν
3924 5164 4069 5215 ἐπα-

2479 5262 2614 5329 θενῆ
2643 5262 2700 5311 τὸ
2723 5262 2819 5328 τῆς
2844 5257 3033 5324 ὀδύνης
3052 5256 3331 5324 ἐλογίσατο
3352 5253 3778 5321 ἀνυπέρϐλητον,
3806 5253 3932 5304 ἀλλ’
3958 5255 4070 5309 ὼσ.

2478 5356 2595 5413 ανεῗι
2627 5354 2739 5414 τοῖς
2779 5350 3077 5419 δρωμένοις
3110 5345 3486 5414 ἐπεντρυφῶν,
3524 5344 3872 5415 προυκάθητο
3902 5350 4071 5400 σοϐα-

2482 5449 2596 5519 ρὸς,
2636 5448 2737 5516 τὴν
2774 5442 3127 5512 ἁνοσιουργὸν
3158 5440 3323 5492 αὐτοῦ
3346 5440 3524 5508 ψυχὴν
3555 5437 3815 5489 τοιούιων
3849 5437 4071 5510 θεαμὰο

2478 5557 2583 5592 των
2623 5535 3020 5605 κατεμπιπλῶν
3051 5550 3064 5564 ο
3093 5533 3149 5592 6;
3188 5549 3251 5598 γε
3280 5532 3375 5583 καὶ
3401 5535 3514 5592 τοῖς
3551 5530 3767 5601 δημίοις
3813 5548 4069 5602 παρεχε.

2478 5628 2707 5681 λεύσατο
2751 5630 2867 5697 ἅμα
2910 5625 2986 5693 τῷ
3032 5623 3286 5692 ἐπιϐῆναι
3335 5622 3431 5692 τῆς
3478 5624 3776 5691 εἰρημένης
3825 5624 4067 5685 πόλεως,

2479 5720 2710 5788 κάμινον
2742 5714 3111 5785 σφοδροτάτην
3142 5712 3409 5766 ἐκκαῦσαι
3446 5717 3539 5764 καὶ
3573 5710 3742 5781 ταύτῃ
3774 5712 3870 5761 τὸν
3910 5716 4071 5776 Ely-13v

2476 5810 2755 5882 ἐμϐαλεῖν,
2787 5808 2861 5869 ὡς
2894 5806 2958 5859 ἂν
2988 5805 3079 5857 καὶ
3108 5806 3157 5857 oi
3188 5808 3320 5869 ἐκεῖ,
3352 5805 3507 5873 φησι,
3540 5803 3597 5855 τὸ
3629 5804 3858 5863 ἀπειθὲς
3898 5804 4069 5857 αὑτοῦ

2480 5904 2759 5958 θιάσοιντο
2797 5899 2894 5952 καὶ
2916 5897 3283 5967 ἀπόσκληρον,
3315 5896 3434 5947 ἐπεὶ
3468 5896 3571 5949 κᾶν
3599 5896 3770 5961 ταύτῃ
3802 5896 3870 5961 τῇ
3912 5897 4070 5951 πόλει
