4226 6436
771 419 878 481 487

2083 419 2373 480 MENSIS
2413 421 2703 483 IULIUS.

3934 423 4050 488 488

777 531 1144 600 suppeditarit
1182 547 1335 585 suam
1359 529 1844 586 misericordiam?
1873 529 1974 596 Qui
2011 547 2134 586 cum
2165 534 2350 594 etiam,

2468 537 2723 602 φονικοῖς,
2766 535 2854 588 τδν
2890 535 3056 588 αὑτοῦ
3106 536 3570 606 ἐπεδαψιλεύσατο
3613 538 3800 601 tim};
3837 537 3907 590 Οἳ
3952 540 4051 589 καὶ

778 622 1124 687 etdiximus,
1153 623 1370 677 abunde
1429 623 1700 677 bibissent
1752 638 1818 678 ex
1879 623 1969 677 illa
2036 639 2174 693 aqua
2235 640 2353 693 qua:

776 711 1080 774 aliiuxerat.
1116 723 1167 767 et
1189 728 1317 767 suos
1339 726 1683 768 recreassent
1710 723 1763 767 et
1791 717 2096 770 erexissent
2121 718 2352 779 animos,

779 815 1141 874 perrexerunt
1213 807 1317 860 iter
1404 806 1604 868 facere,
1662 817 1925 875 sequente
1975 823 2074 861 eos
2142 824 2356 877 quoque

779 907 1034 965 martyre.
1070 894 1225 961 Quod
1259 913 1382 950 eum
1417 899 1541 950 totis
1576 899 1921 968 septuaginta
1978 901 2167 954 stadiis
2227 918 2355 954 con-

782 989 1062 1048 l'ccissent.
1093 988 1361 1060 Gangram
1397 1002 1789 1060 pervenerunt,
1827 993 1967 1046 sicut
2001 992 2083 1046 eis
2123 994 2356 1062 impera-

783 1091 893 1133 tum
928 1082 1101 1135 fuerat

853 1171 920 1225 Χ.
975 1173 1247 1227 Caeterum
1277 1175 1497 1229 lictores
1539 1192 1645 1228 non
1673 1177 1925 1231 labentes
1954 1176 2172 1246 quidem
2235 1177 2359 1242 (Ita-

781 1262 985 1318 bebant
1026 1266 1170 1317 enim
1237 1275 1365 1318 ante
1419 1268 1606 1321 oculos
1673 1273 1926 1338 martyris
1984 1268 2356 1338 beneficium),

780 1356 876 1408 sed
920 1355 1045 1410 victi
1091 1367 1239 1410 metu
1292 1373 1504 1423 eorum,
1551 1360 1642 1428 qui
1670 1359 1986 1412 obtinebant
2022 1360 2360 1414 dominatum

783 1449 1081 1515 thabebant
1113 1451 1259 1503 enim
1282 1454 1492 1504 animos
1523 1452 1712 1506 molles
1755 1462 1806 1506 et
1831 1451 2092 1508 ﬂexibiles
2121 1463 2176 1506 et
2209 1454 2364 1507 bian-

785 1550 866 1595 tes
894 1542 959 1595 ad
991 1558 1052 1595 ea
1090 1544 1203 1596 sola
1238 1559 1358 1612 qua:
1392 1545 1764 1615 videbantur),
1813 1545 2145 1600 festinarunt
2186 1546 2364 1600 facere

784 1634 860 1695 id,
899 1636 1042 1704 quod
1071 1637 1210 1703 jussi
1246 1636 1486 1700 fuerant,
1529 1651 1624 1690 eos
1661 1639 1893 1692 maxime
1927 1640 2191 1692 incitante
2223 1654 2364 1692 mar.

787 1736 899 1796 tyre
929 1738 985 1780 ut
1012 1730 1188 1782 abiret
1215 1729 1444 1783 celerius
1476 1729 1540 1782 ad
1568 1745 1690 1783 eum
1720 1746 1880 1799 quem
1910 1732 2187 1800 cupiebat.
2221 1729 2366 1796 Quo-

783 1820 928 1872 circa
979 1834 1101 1872 cum
1164 1823 1443 1874 lornacem
1506 1822 1938 1885 succendissent,
1996 1831 2053 1876 et
2116 1834 2362 1877 sanetum

2457 624 2702 690 ἀφθόνως
2734 626 2794 676 ἐκ
2826 627 2916 678 τοῦ
2950 628 3429 699 καταρρεύσαντος
3469 629 3680 681 ἐκείνου
3717 629 3918 691 ὓδατος
3954 649 4053 683 πει

2459 717 2722 777 πωκότες,
2757 717 2830 779 ὡς
2868 721 3100 786 ἔφαμεν,
3136 722 3230 772 καὶ
3262 723 3357 782 τὰς
3389 721 3596 772 ἑαυτῶν
3626 721 3801 789 ψυχὰς
3830 721 4054 779 ἀναζω-

2461 809 2806 875 πυρήσαντες
2827 851 2841 875 ,
2869 813 3075 880 εἴχοντο
3107 811 3206 878 τῆς
3237 812 3379 874 ὀδοῦ,
3423 812 3694 879 ἑπομένου
3731 812 3922 871 αὐτοῖς
3955 813 4052 860 καὶ

2459 900 2552 955 τοῦ
2604 901 2904 970 μάρτυρι-ς,
2953 905 3016 973 ἣν
3057 905 3150 955 καὶ
3192 904 3561 971 ἑϐδομήκοντα
3610 905 3752 963 ὅλοις
3802 901 4050 963 σταδίοις

2461 994 2914 1061 συμπεράναντες
2954 997 3052 1064 τὴν
3096 997 3350 1066 Γάγγραν
3381 997 3478 1065 ἥδη
3525 995 3845 1056 κατέλαϐον,
3904 993 4050 1044 καθὰ

2460 1083 2666 1146 τούτοις
2698 1087 3056 1154 προσέτακτο.

2537 1179 2591 1232 1’.
2639 1179 2781 1232 Ἀλλ’
2814 1181 2862 1232 οἱ
2911 1183 3096 1248 δήμιοι
3145 1179 3534 1247 εὐλαϐούμενοι
3573 1175 3740 1246 (εἶχον
3785 1179 3902 1245 γὰρ
3946 1176 4048 1246 ᾕεη

2463 1273 2569 1341 πρὸ
2598 1266 2864 1341 ὀμμάτων
2881 1274 2977 1343 τὴν
2995 1274 3315 1342 εὐεργεσίαν
3334 1271 3426 1323 τοῦ
3455 1271 3772 1340 μάρτυρος),
3795 1271 3968 1336 eoi-ou
3993 1268 4052 1319 δὲ

2462 1364 2611 1431 ὅμως
2651 1365 2745 1415 τοῦ
2783 1367 2934 1435 παρὰ
2980 1365 3088 1416 τῶν
3135 1364 3479 1434 κρατούντων
3518 1364 3812 1432 ἡττώμενοι
3847 1360 4053 1427 (sum;

2464 1473 2520 1507 τε
2549 1459 2641 1508 καὶ
2671 1457 2848 1526 ψυχας
2879 1459 3089 1526 ἔχοντες
3112 1455 3474 1517 ὲκλύτουςκαὶ
3506 1453 3754 1522 μαλακάς
3785 1453 3882 1503 καὶ
3913 1451 4054 1519 πρὲλξ

2469 1554 2604 1619 μόνα
2643 1552 2940 1622 κεχηνυίας
2966 1551 3034 1600 τὰ
3063 1547 3336 1619 ὁρώμενα)
3370 1548 3461 1598 τὸν
3495 1544 3788 1597 κελευσθὲν
3817 1544 4054 1608 ποιῆσαι

2466 1647 2782 1713 ἠπείγοντο,
2815 1644 3051 1708 μάλιστα
3085 1641 3178 1692 καὶ
3206 1640 3297 1690 τοῦ
3332 1641 3606 1706 pip-capo,
3640 1635 4056 1705 παρορμῶντος

2468 1738 2663 1798 αὐτοὺς
2714 1735 2788 1797 ὡς
2835 1733 2900 1786 ἂν
2943 1734 3138 1786 θᾶττον
3180 1733 3316 1800 ἁττιῃ
3365 1730 3502 1797 πρὸς
3544 1728 3632 1780 τὸν
3687 1727 4052 1794 ποθούμενον.

2471 1830 2634 1882 Ὅθεν
2689 1831 2781 1881 καὶ
2844 1827 3077 1896 κάμινον
3128 1823 3512 1891 ὑπανὰψαντες
3551 1821 3642 1872 καὶ
3684 1819 3916 1887 πλησίον
3965 1818 4058 1867 τὸν

785 1923 953 1976 prope
983 1912 1326 1977 statuissent,
1376 1915 1480 1979 iam
1545 1913 1815 1967 lmtantcni
1873 1926 1929 1969 et
1991 1916 2361 1970 exsultantem

2471 1928 2624 1994 ἅγιον
2659 1925 3118 1994 περιστήσαντες,
3154 1923 3416 1991 χαίροντα
3448 1919 3545 1987 ἤδη
3574 1916 3670 1968 καὶ
3704 1913 4060 1981 ἀγαλλιώμε·

789 2003 842 2054 in
871 2018 988 2054 eam
1025 2005 1352 2070 iniecerunt.
1391 2004 1493 2068 Qui
1546 2021 1670 2058 cum
1708 2006 1870 2060 etiam
1921 2006 2126 2060 ultimis
2187 2007 2366 2060 verbis

786 2094 956 2147 Deum
1001 2095 1303 2159 laudasset,
1333 2108 1384 2149 et
1423 2100 1476 2149 in
1521 2099 1844 2150 certaminis
1891 2099 2366 2152 consummatione

785 2184 988 2251 egisset
1019 2184 1243 2252 giatias,
1272 2185 1324 2237 in
1361 2201 1554 2239 manus
1584 2185 1794 2240 Domini
1828 2188 2048 2242 tradidit
2090 2189 2363 2257 spiritum,

727 2297 731 2302 -
784 2280 838 2322 et
866 2271 932 2324 ad
964 2285 1081 2324 eam
1110 2288 1227 2341 qua:
1260 2275 1367 2326 illic
1399 2286 1502 2336 est,
1539 2278 1751 2330 transiit
1781 2278 2194 2343 beatitudinem,
2222 2280 2368 2334 vice—

785 2361 926 2415 simo
960 2379 1106 2415 nono
1141 2366 1349 2417 mensis
1395 2365 1545 2418 Julii.
1607 2367 1714 2420 Sed
1748 2378 1803 2422 tu
1837 2371 2080 2438 quidem,
2102 2386 2136 2424 o
2190 2373 2366 2436 beate,

789 2461 1086 2522 martyrum
1122 2452 1290 2507 decos
1316 2465 1371 2508 et
1401 2467 1805 2520 ornamentum,
1848 2459 1927 2513 sic
1967 2475 1998 2513 e
2033 2461 2142 2513 vita
2186 2478 2368 2532 egres-

786 2557 902 2603 sus,
927 2552 982 2594 et
1017 2545 1364 2610 praemiorum
1387 2544 1734 2615 stigmatibus
1771 2550 2077 2614 decoratus,
2101 2566 2245 2604 nunc
2267 2567 2367 2619 pu—

789 2648 880 2685 rus
910 2637 1065 2687 sedes
1099 2651 1220 2688 cum
1247 2636 1463 2691 Christo
1491 2652 1693 2706 sponso
1727 2642 2018 2710 purissimo
2045 2682 2060 2706 ,
2090 2642 2144 2696 in
2177 2643 2280 2697 hoc
2319 2653 2369 2697 te

786 2726 1067 2781 obiectans
1091 2738 1144 2781 et
1161 2730 1508 2795 exihilarans,
1532 2746 1585 2783 et
1603 2749 1800 2787 corona
1823 2735 2009 2805 gloriae
2034 2736 2101 2790 ab
2121 2752 2186 2790 eo
2210 2751 2370 2790 coro-

789 2829 977 2871 natus.
1013 2819 1286 2875 Memento
1317 2835 1497 2876 autem
1535 2829 1704 2878 nostri
1723 2843 1938 2896 quoque
1967 2825 2248 2897 deinceps,
2270 2829 2362 2898 qui

792 2920 845 2962 te
871 2912 1127 2973 colimus.
1146 2921 1201 2966 et
1223 2915 1324 2969 lioc
1345 2931 1562 2970 sacrum
1586 2921 1736 2972 tuum
1770 2920 1966 2972 festum
1991 2923 2328 2974 celebramus
2356 2941 2367 2976 :

789 3011 848 3058 et
877 3005 942 3059 da
971 3007 1160 3071 nobis,
1193 3019 1249 3062 ut
1289 3012 1633 3078 mquabiliter
1673 3026 1726 3066 et
1755 3013 1875 3066 sine
1912 3015 2018 3067 ulla
2061 3016 2370 3070 oﬂensione

789 3096 1154 3164 transigamus
1181 3102 1306 3152 vitae
1343 3104 1694 3170 asperitatent
1739 3122 1752 3156 :
1790 3114 1847 3157 ut
1876 3120 1999 3158 cum
2035 3121 2141 3159 non
2192 3109 2368 3161 obruti

2469 2036 2580 2080 νον,
2612 2017 2787 2086 ταύτῃ
2809 2016 3116 2078 ἐνέϐαλλον,
3141 2014 3196 2075 ὃς
3226 2015 3316 2066 καὶ
3360 2013 3565 2084 ῥήμασι
3600 2007 3941 2067 τελευταίοις
3969 2004 4060 2054 τὸν

2468 2111 2605 2164 Θεὸν
2636 2112 2906 2180 ὑμνήσας,
2939 2108 3035 2162 καὶ
3065 2107 3212 2176 αὐτῷ
3240 2108 3330 2158 ἐπὶ
3377 2108 3439 2173 τῇ
3473 2103 3563 2154 τοῦ
3589 2102 3800 2167 ἀγῶνος
3831 2099 4061 2150 τελειώ-

2472 2221 2553 2256 σει
2577 2203 2982 2272 εὐχαριστήσας
3009 2203 3126 2261 ταῖς
3152 2197 3246 2250 τοῦ
3273 2199 3540 2249 Δεσπὸτου
3560 2196 3716 2263 χερσὶ
3744 2195 3804 2246 τὸ
3836 2193 4064 2258 πνεῦμα

2472 2295 2756 2364 παρέδωκε
2785 2294 2882 2345 καὶ
2913 2294 3050 2362 πρὸς
3078 2292 3175 2358 τὴν
3206 2290 3416 2341 ἐκεῖθεν
3439 2289 3620 2354 ἀπέϐη
3647 2288 4061 2355 μακαριότητα,

2473 2386 2663 2437 εἰκάδα
2696 2385 2893 2452 ὲνὰτην
2923 2381 3018 2433 τοῦ
3040 2381 3257 2433 Ἰουλίου
3289 2381 3534 2446 ἄγοντες.
3572 2380 3730 2429 Ἀ).λά
3764 2382 3826 2430 σὺ
3867 2381 3988 2445 μὲν,
4020 2371 4064 2426 ὦ

2477 2474 2771 2545 μαρτύρων
2819 2473 3144 2541 ἑντρύφημα
3191 2472 3286 2522 κα)⁸
3329 2469 3716 2537 καλλώπισμα,
3766 2468 3916 2520 οὕτω
3965 2472 4063 2520 καί

2478 2570 2627 2640 βιοὺς
2671 2569 2764 2621 καὶ
2803 2568 3076 2636 μεταστὰς
3123 2566 3216 2618 καὶ
3266 2566 3375 2625 τοῖς
3406 2564 3672 2632 στίγμασι
3719 2562 3829 2613 τῶν
3880 2560 4065 2613 ﬁftin

2472 2661 2790 2730 ὠραῖσοεὶς,
2843 2660 2937 2711 νῦν
2987 2657 3228 2728 καθαρὸς
3285 2657 3364 2718 τῷ
3409 2654 3788 2724 καῦαρωτάτῳ
3837 2655 4066 2721 νυμςρὶῳ

2473 2752 2813 2820 παρίστασαι
2861 2748 3104 2818 Χριστῷ,
3155 2747 3473 2814 ὲνηδόμενος
3521 2748 3696 2815 τούτῳ
3743 2749 3838 2796 καὶ
3893 2748 4063 2796 ἐπεν-

2477 2842 2837 2911 ςρςιινόμενος
2872 2842 2965 2888 καὶ
3005 2838 3080 2906 τῷ
3111 2840 3206 2904 τῆς
3241 2835 3400 2901 δὸξης
3440 2837 3689 2904 στεφάνῳ
3725 2833 3859 2904 παρ’
3891 2833 4062 2890 αὐεοῦ

2476 2932 2877 2999 ταινιούμενος,
2923 2929 3173 2997 μέμνησο
3210 2929 3264 2979 δὲ
3301 2932 3396 2979 καὶ
3431 2927 3587 2996 ἡμῶν
3621 2926 3805 2977 λοιπον
3835 2927 3944 2976 τῶν
3983 2943 4066 2977 τις

2479 3024 2705 3096 μώντων
2753 3042 2809 3076 σε
2846 3029 2938 3074 καὶ
2980 3026 3076 3089 τὴν
3125 3023 3276 3092 ἱεράν
3310 3038 3403 3073 σου
3442 3021 3645 3091 ταύτην
3685 3022 4063 3090 ἑορταζόιτων

2479 3124 2808 3185 πανήγυριν,
2838 3117 2931 3166 καὶ
2961 3115 3103 3165 δίδοι)
3137 3117 3267 3183 ἡμῖν
3309 3115 3528 3183 ὁμαλῶς
3565 3117 3655 3165 καὶ
3686 3117 4063 3182 ἀπροσκόπως

789 3190 1197 3245 enataverimus
1242 3208 1309 3246 ex
1339 3194 1441 3248 boc
1473 3200 1608 3249 mari
1644 3201 2028 3261 tentationuui,
2063 3203 2116 3250 in
2153 3211 2366 3267 portum

2480 3210 2579 3275 τὴν
2627 3207 2717 3258 τοῦ
2753 3206 2871 3272 βίον
2919 3204 3166 3257 διανῦσαι
3198 3207 3537 3275 τραχύτητα,
3567 3206 3641 3265 ὡς
3684 3205 3746 3255 ἂν
3797 3207 4062 3258 ἄκλυστοι

789 3281 990 3350 quietis
1041 3285 1401 3352 appellamus,
1446 3289 1622 3353 ipsum
1663 3289 1926 3342 habentes
1958 3291 2372 3358 gubernatorem

792 3371 902 3424 tuis
936 3374 1424 3432 intercessionibus
1479 3379 1769 3433 Dominum
1823 3391 2068 3435 nostrum
2101 3393 2152 3437 et
2191 3383 2378 3436 Salva—

796 3474 966 3518 toretn
1005 3467 1282 3524 Christum
1321 3489 1334 3525 :
1369 3488 1530 3541 quem
1564 3473 1718 3529 decet
1749 3477 1930 3529 omnis
1965 3476 2140 3530 honor
2164 3486 2220 3530 et
2250 3477 2381 3530 ado—

794 3558 933 3609 ratio
966 3557 1018 3609 in
1052 3563 1250 3614 saecula
1276 3566 1630 3617 Sat-culorum.
1665 3565 1860 3619 Amen.

2477 3301 2573 3370 τὴν
2604 3298 2710 3352 τῶν
2741 3299 3064 3367 πειρασμῶν
3102 3297 3481 3366 διανηξάμενοι
3520 3296 3796 3346 Θάλασσαν
3823 3299 3931 3355 τοῖς
3961 3298 4060 3362 τῆς

2477 3393 2836 3452 ἀναπαύσεως
2869 3391 3056 3455 λιμέσι
3089 3390 3617 3458 καθορμισθείημεν,
3646 3390 3808 3440 αὑτὸν
3842 3390 4057 3456 ἔχοντες

2480 3485 2821 3552 κνόερνήτην
2847 3483 2934 3533 διὰ
2961 3482 3068 3533 τῶν
3098 3481 3203 3532 σῶν
3223 3480 3530 3549 πρεσϐειῶν
3553 3482 3642 3531 τὸν
3670 3481 3872 3548 Κύριον
3901 3483 4060 3548 ήμῴν

2484 3579 2573 3626 καὶ
2627 3573 2857 3641 Σωτῆρα
2909 3571 3166 3642 Χριστὸν,
3228 3564 3272 3638 ᾧ
3319 3571 3519 3640 πρέπει
3571 3574 3717 3624 πᾶσι
3777 3574 3910 3640 τιμὴ
3965 3574 4060 3623 καὶ

2484 3660 2855 3732 προσκύνησις
2902 3662 2982 3724 εἰς
3015 3663 3139 3725 τοὺς
3185 3662 3386 3724 αἰῶνας
3427 3665 3535 3719 τῶν
3575 3665 3807 3716 αἰώνων.
3859 3665 4059 3734 ’Δμῄῑ

813 3819 3976 3868 Mm

2257 3987 2608 4105 VlTA

1480 4228 1894 4316 SANCTI

2009 4231 2158 4319 ET
2271 4234 2609 4326 JUS'l'l

2741 4242 3386 4334 EUDOCIMI.

1501 4418 1670 4477 (Apud
1709 4419 1908 4467 Surium
1936 4422 1994 4468 ad
2017 4422 2150 4470 diem
2185 4422 2245 4471 29
2278 4424 2418 4475 Julii.
2446 4428 2666 4477 Graecum
2693 4437 2889 4480 textum
2908 4447 3012 4502 non
3038 4433 3360 4502 invenimus.)

873 4671 914 4730 Ι.
951 4673 1257 4738 Ευάοοῖΐηῖο
1312 4671 1403 4740 (ιυί
1453 4666 1847 4727 οοηνεῖίῖειηετ
1897 4691 1997 4729 δυο
2051 4679 2256 4732 nomini
2313 4697 2375 4736 ex
2409 4685 2457 4745 Ι)
2490 4689 2648 4742 nibus
2675 4696 3089 4762 tempestatibus
3144 4698 3505 4765 sordibusque
3545 4700 3717 4768 plenae
3750 4711 3896 4768 sunt,
3962 4724 4062 4777 pu-

797 4761 911 4822 Deo
933 4766 1147 4818 laudem
1176 4773 1259 4818 est
1289 4774 1595 4827 assecutus,
1632 4771 1800 4818 vitam
1831 4767 2030 4821 bonunt
2083 4781 2168 4822 est
2198 4787 2380 4840 expo-

795 4870 948 4912 nere.
995 4854 1132 4910 Hinc
1174 4857 1318 4907 enim
1375 4854 1534 4906 simul
1598 4855 1848 4924 voluptas
1906 4868 1958 4912 et
2018 4858 2223 4914 utilitas
2270 4879 2376 4916 non

794 4952 938 5004 redit
969 4948 1144 5001 solum
1177 4947 1244 5000 ad
1309 4947 1673 5015 expositores,
1716 4950 1810 5002 sed
1865 4952 2039 5004 multo
2093 4956 2259 5023 magis
2312 4957 2379 5011 ad

795 5044 1074 5096 auditores
1103 5058 1116 5105 ;
1145 5055 1253 5093 non
1286 5040 1463 5094 solum
1493 5040 1639 5108 quod
1662 5056 1719 5095 se
1750 5044 2052 5097 ostenderit
2082 5047 2381 5099 vehemen-

796 5135 906 5184 tem
964 5138 1261 5182 amatorem
1331 5129 1568 5186 virtutis,
1603 5138 1658 5182 et
1708 5131 1850 5196 quod
1918 5142 2002 5184 est
2063 5131 2377 5194 honestum.

797 5223 980 5277 statim
1013 5223 1241 5293 elegerit
1265 5221 1334 5274 ab
1369 5221 1597 5275 ineunte
1624 5231 1820 5286 mtate;
1854 5237 1976 5275 cum
2017 5225 2201 5277 multis
2233 5228 2374 5278 t-niin

795 5315 917 5368 aliis
949 5314 1050 5367 fuit
1083 5315 1170 5367 liic
1199 5313 1320 5366 vitae
1353 5315 1503 5367 zelus
1531 5314 1579 5367 ei
1638 5318 1945 5368 communis
1975 5334 1986 5368 :
2023 5319 2115 5372 sed
2145 5318 2286 5385 quod
2323 5320 2374 5371 in

797 5408 891 5461 illo
923 5407 1259 5478 praecipuum
1297 5416 1352 5461 et
1378 5422 1519 5476 pene
1573 5407 1870 5476 singulare,
1926 5409 2007 5462 vel
2066 5408 2239 5470 omni,
2291 5412 2374 5463 vel

799 5515 994 5569 magna
1024 5514 1088 5552 ex
1120 5507 1274 5568 parte
1300 5499 1580 5561 excelluit.
1608 5501 1727 5570 ejus
1754 5502 1806 5554 in
1841 5501 2044 5555 mundo
2075 5502 2178 5554 luit
2211 5515 2375 5568 supra

769 5591 1064 5650 _mundum
1099 5592 1207 5646 vita
1269 5599 1372 5646 :et
1424 5593 1567 5662 quod
1627 5608 1750 5647 cum
1812 5595 2018 5648 viveret
2071 5596 2124 5646 in
2201 5595 2379 5650 medio

803 5685 1160 5748 tumultuum,
1193 5693 1248 5738 et
1279 5684 1469 5743 harum
1493 5702 1676 5742 rerum
1712 5686 2071 5748 instabilium,
2111 5702 2226 5757 qua:
2261 5702 2378 5742 oni-

905 5868 922 5900 '
945 5867 964 5921 1
999 5861 1120 5919 Cor.
1155 5881 1246 5921 vti.

2481 4799 2596 4837 ram
2630 4794 2686 4839 et
2740 4791 3107 4856 tranquillam,
3149 4802 3202 4846 et
3236 4794 3457 4848 minime
3507 4796 3841 4864 inquinatam
3901 4818 4057 4859 suam

2480 4878 2884 4931 conservaverit
2919 4879 3153 4934 animant
3188 4899 3201 4937 :
3229 4893 3281 4935 et
3311 4887 3610 4940 ostenderit
3641 4899 3760 4941 esse
3797 4891 3975 4945 timidi
4008 4909 4060 4948 et

2482 4967 2656 5034 pusilli
2701 4967 2888 5034 animi,
2926 4972 3109 5024 mundi
3169 4972 3345 5042 fugam
3384 4981 3729 5046 persequimt
3782 4983 4059 5050 adjutrice

2483 5061 2558 5112 Uti
2589 5059 2902 5124 solitudine,
2944 5064 3167 5131 perinde
3206 5081 3268 5118 ae
3317 5066 3358 5117 si
3393 5070 3513 5132 quis
3564 5070 3617 5122 in
3670 5076 3834 5128 maris
3902 5084 4058 5134 trau-

2482 5153 2747 5217 quillitate
2781 5156 3061 5224 navigans,
3095 5166 3149 5215 et
3179 5160 3381 5224 absque
3419 5163 3538 5213 ullis
3569 5162 3818 5217 llumibus
3851 5172 4060 5224 ventis-

2484 5261 2590 5313 que
2636 5247 3075 5313 vehementibus,
3156 5252 3280 5304 velit
3329 5255 3506 5305 vocari
3579 5256 3786 5322 peritus
3837 5265 4055 5329 naviga-

2487 5337 2670 5396 tionis.
2707 5347 2758 5390 et
2800 5339 3105 5410 intelligens
3122 5356 3308 5394 eorum
3335 5360 3452 5411 qua-
3477 5346 3542 5398 ad
3577 5363 3724 5400 mare
3757 5353 4060 5416 pertinent.

2485 5429 2751 5492 Quoniam
2785 5447 2913 5500 ergo
2954 5433 3095 5487 illius
3151 5435 3250 5486 vita
3287 5446 3370 5489 est
3429 5440 3703 5507 exemplar
3757 5443 4060 5504 suﬂtciens.

2485 5537 2606 5574 cum
2640 5525 2913 5588 omnibus,
2942 5536 3000 5579 ut
3029 5529 3198 5581 semel
3227 5530 3423 5591 dicam,
3445 5531 3535 5600 qui
3569 5533 3783 5587 virtutis
3813 5540 4060 5595 studium

2488 5615 2587 5668 sibi
2641 5617 2951 5680 vendicant,
2995 5627 3052 5672 ut
3111 5619 3176 5675 iis
3237 5621 3327 5690 qui
3381 5621 3433 5675 in
3490 5625 3692 5677 mundo
3739 5626 3959 5692 vivunt,
4017 5645 4066 5686 et

2497 5708 2699 5765 mundo
2753 5713 2836 5781 (ut
2891 5726 3014 5766 cum
3055 5712 3242 5768 divino
3292 5714 3456 5771 Paulo
3506 5715 3706 5789 dicam)
3741 5721 3820 5774 uti
3887 5724 4063 5778 solum
