4226 6436
225 404 332 470 489

1485 409 1664 468 VlTA
1704 408 1762 470 S.
1814 413 2213 474 EUDOClMl.

3382 413 3486 476 490

232 534 344 576 non
380 518 523 573 abuti
556 517 782 587 eligunt,
819 517 1067 574 dicantur
1099 534 1185 574 res
1228 517 1387 583 illius,
1453 527 1503 572 et
1559 521 1799 577 virorum
1835 535 1875 590 Α
1909 540 2028 595 quae
2081 524 2296 587 dicunt,
2338 523 2436 594 ipsi
2471 523 2620 593 prius
2651 531 2915 593 pugnam,
2973 534 3026 579 et
3053 541 3109 579 re
3139 526 3252 594 ipsa
3302 537 3487 596 aperte

229 612 497 665 honorum
534 611 732 665 animis
773 621 1079 681 apponatur
1133 625 1322 665 mensa
1361 610 1567 675 divina,
1600 623 1654 667 et
1699 630 1798 685 0p-

224 703 406 769 sonia,
433 719 551 772 quae
582 719 859 773 nunquam
889 713 1304 759 consumuntur.

300 793 364 847 11.
403 794 636 849 Sanctus
664 810 792 867 ergo
825 795 1153 851 Eudocimus
1177 813 1350 868 genus
1378 799 1598 870 quidem
1648 798 1801 855 duxit

220 899 288 937 ex
337 883 769 954 Cappadocibus,
818 886 1028 954 piorum
1081 897 1369 956 parentum
1429 891 1512 958 pia
1562 888 1796 944 soboles.

222 975 467 1040 Quorum
534 976 672 1030 alter
729 977 944 1047 quidem
1004 977 1253 1045 Basilius,
1318 981 1556 1036 Eudocia
1615 994 1798 1036 autem

221 1068 466 1131 nomine,
500 1084 620 1138 quae
651 1077 930 1139 genuerat,
963 1080 1120 1123 erant
1149 1086 1348 1140 genere
1387 1074 1648 1143 insignes,
1679 1073 1805 1143 opi-'

221 1158 326 1212 bus
384 1159 747 1222 abundantes,
815 1159 1164 1229 illustresque
1224 1164 1565 1217 auctoritate.
1624 1164 1800 1218 Patri-

217 1249 436 1304 ciorum
465 1251 609 1306 enim
645 1251 912 1321 dignitate
957 1252 1137 1308 clarus
1167 1262 1284 1308 erat
1341 1254 1595 1310 Basilius.
1661 1255 1797 1311 Cum

219 1353 332 1395 tam
363 1343 651 1412 praeclaros
681 1355 865 1397 autem
902 1344 1123 1413 generis
1159 1343 1340 1399 fontes
1375 1347 1598 1401 haberet
1631 1347 1797 1414 filius,

217 1451 327 1489 non
355 1445 462 1489 tam
491 1436 640 1490 visus
672 1445 755 1490 est
787 1437 982 1491 nobilis
1012 1452 1078 1491 ex
1113 1440 1453 1506 parentibus.
1484 1453 1663 1511 neque
1688 1451 1802 1496 tan-

216 1539 329 1581 tam
358 1542 422 1580 ex
451 1525 529 1580 eis
555 1528 768 1598 accepit
790 1528 1036 1598 gloriam,
1063 1537 1327 1598 quantam
1362 1533 1476 1601 ipse
1528 1533 1802 1602 praeclaris

213 1619 331 1672 suis
358 1618 513 1673 factis
545 1633 610 1672 ex
643 1633 703 1673 se
727 1620 1074 1674 nobilitatam
1108 1624 1220 1675 suis
1239 1623 1420 1676 attulit
1458 1624 1793 1694 parentibus.

210 1711 352 1764 Nam
389 1710 526 1764 filios
552 1711 794 1780 quidem,
833 1713 924 1781 qui
949 1728 1017 1767 ex
1050 1714 1212 1767 claris
1274 1716 1378 1769 orti
1428 1723 1558 1769 sunt
1593 1731 1800 1785 paren-

213 1801 382 1864 tibus,
417 1803 720 1871 permultos
755 1803 1002 1857 invenies
1035 1821 1047 1856 :
1075 1812 1339 1872 parentes
1372 1815 1554 1859 autem
1608 1805 1796 1860 talium

1909 615 2312 680 contradicunt,
2337 632 2460 670 cum
2485 616 2673 686 procul
2704 616 2771 670 ab
2795 617 2859 670 iis
2890 633 3009 687 quae
3025 618 3301 683 dicuntur,
3332 620 3490 675 aber-

1906 719 1987 762 ret
2017 724 2207 764 eorum
2242 712 2477 764 animus.
2505 708 2942 780 Temperantiam
2969 719 3175 775 autem,
3214 727 3333 781 quae
3365 729 3492 769 vere

1903 801 2118 870 publica
2148 812 2252 868 est,
2283 812 2338 858 et
2373 803 2780 873 pulchritudine
2816 803 2947 858 alias
2978 805 3200 858 excellit
3237 807 3490 868 virtutes,

1905 894 1985 948 sic
2016 896 2237 960 amavit,
2269 897 2421 951 etab
2463 912 2523 950 ea
2576 897 2646 949 ita
2705 907 2892 965 aperte
2920 906 3004 952 est
3057 912 3366 968 superatus,
3434 912 3493 956 ut

1903 989 2096 1041 camin
2131 990 2239 1041 vita
2279 989 2509 1051 sociam,
2550 999 2603 1042 et
2627 1004 2747 1057 qu:e
2772 1003 2956 1042 secum
2988 991 3282 1055 habitaret,
3338 994 3491 1048 dele-

1903 1076 2064 1143 gerit,
2097 1086 2149 1130 et
2179 1079 2440 1132 audacter
2461 1093 2582 1132 cum
2611 1075 2714 1132 Job
2743 1078 2952 1132 diceret
2979 1096 3088 1134 non
3114 1083 3215 1137 hoc
3270 1085 3444 1139 solum
3475 1108 3484 1140 :

1903 1168 2120 1223 Oculum
2160 1188 2327 1225 meum
2365 1188 2464 1224 non
2505 1183 2579 1225 est
2625 1190 2713 1225 cor
2733 1184 3061 1227 consecutum
3104 1177 3145 1240 ⁷,
3177 1178 3271 1232 sed
3299 1180 3486 1242 etiam,

1903 1263 2045 1330 quod
2076 1263 2166 1317 illo
2221 1273 2304 1318 est
2353 1266 2547 1332 majus,
2604 1275 2821 1335 pactum
2878 1266 3073 1321 fecisse
3124 1283 3248 1323 cum
3285 1272 3486 1334 oculis,

1903 1352 2053 1407 nullo
2081 1354 2240 1408 modo
2264 1355 2596 1409 intellexisse
2629 1370 2794 1423 super
2821 1356 3089 1424 virginem
3114 1359 3134 1390 ⁸
3167 1370 3256 1414 :et
3313 1377 3489 1428 usque

1903 1444 2038 1500 adeo
2068 1446 2319 1501 vitaverit
2360 1464 2481 1502 cum
2514 1449 2736 1502 muliere
2761 1450 3015 1520 colloqui,
3047 1461 3104 1505 ut
3162 1454 3262 1508 soli
3326 1459 3489 1513 matri

1903 1553 2014 1591 non
2049 1548 2195 1593 esset
2239 1539 2576 1607 prohibitum
2631 1541 2696 1594 ad
2753 1557 2876 1595 eum
2929 1545 3211 1608 accedere,
3239 1562 3401 1616 quam
3433 1553 3486 1600 in

1904 1644 2099 1700 magna
2139 1630 2375 1684 habebat
2428 1632 2822 1687 veneratione:
2882 1644 2938 1687 ut
2999 1636 3087 1704 qui
3148 1652 3254 1689 non
3311 1638 3486 1693 solum

1902 1722 2184 1787 maternis,
2216 1725 2311 1778 sed
2350 1724 2568 1778 virtutis
2602 1725 2768 1778 etiam
2797 1727 3013 1781 cederet
3066 1728 3296 1800 legibus.
3343 1731 3492 1787 Prat-

1903 1826 1988 1869 ter
2015 1832 2135 1872 eam
2166 1829 2344 1874 autem
2380 1820 2513 1874 nulli
2538 1821 2735 1876 licebat
2766 1823 2976 1877 mulieri
3003 1840 3126 1880 cum
3159 1843 3224 1882 eo
3261 1830 3484 1885 omnino

211 1893 471 1959 filiorum,
505 1896 598 1965 qui
636 1895 688 1948 in
724 1894 905 1948 medio
937 1896 1143 1949 mundo
1203 1895 1370 1949 vitam
1417 1896 1548 1950 nulli
1611 1913 1795 1967 repre-
1830 1880 1871 1939 Β
1905 1909 2077 1978 loqui,
2105 1919 2195 1966 aut
2219 1913 2426 1968 adeum
2457 1914 2628 1968 adire.

208 1985 467 2040 heusioni
507 1987 719 2039 aﬂinem
755 1992 1162 2056 transegerunt,
1200 1985 1500 2041 admodum
1562 2003 1788 2058 paucos.

209 2075 308 2130 llle
357 2089 486 2144 ergo
516 2075 775 2130 doctrina:
810 2084 866 2130 et
919 2075 1221 2147 disciplinis
1260 2076 1446 2146 jussus
1491 2079 1790 2145 attendere,

210 2182 469 2235 magnum
502 2168 556 2220 in
593 2167 678 2222 his
709 2169 894 2238 posuit
944 2169 1207 2233 studium,
1267 2184 1376 2222 non
1449 2170 1791 2236 verberibus,

208 2276 320 2314 non
349 2262 666 2326 terroribus,
694 2277 801 2315 non
839 2261 1022 2329 aliquo
1057 2261 1166 2316 alio
1203 2260 1452 2332 indigens
1477 2276 1541 2316 ex
1572 2263 1638 2317 iis
1675 2279 1794 2332 quae

209 2364 442 2423 possunt
471 2355 729 2424 puerilem
765 2354 830 2409 ad
874 2371 961 2410 res
1020 2355 1282 2409 honestas
1316 2354 1555 2411 excitare
1609 2370 1793 2411 socor-

208 2447 354 2500 diam
392 2464 404 2500 :
439 2447 532 2501 sed
567 2447 684 2516 ipse
712 2457 831 2502 erat
895 2447 997 2502 sibi
1031 2447 1285 2502 stimulus
1319 2462 1384 2502 ex
1429 2449 1792 2518 propensione

208 2548 267 2594 et
305 2539 470 2592 animi
505 2539 784 2594 alacritate
810 2539 877 2594 ad
933 2554 994 2592 ea
1031 2554 1152 2608 qua:
1211 2539 1351 2593 bona
1403 2549 1558 2593 sunt.
1622 2539 1790 2595 Multo

208 2643 395 2685 autem
432 2631 601 2702 magis
652 2630 975 2701 invigilabat
1040 2630 1264 2686 lectioni
1307 2631 1614 2688 divinorum
1675 2633 1791 2688 elo-

207 2725 484 2794 quiorum,
522 2732 575 2777 et
605 2726 822 2778 assidue
850 2725 901 2778 in
928 2725 1008 2779 eis
1035 2725 1374 2791 versabatur,
1404 2725 1543 2781 adeo
1586 2735 1645 2780 ut
1673 2727 1788 2796 ipse

205 2829 426 2885 quoque
465 2825 683 2870 caneret
727 2831 849 2870 cum
890 2816 1078 2870 divino
1142 2816 1345 2870 Davide
1409 2834 1421 2869 :
1496 2816 1788 2871 Exsultabo

204 2924 299 2979 ego
325 2924 480 2978 super
513 2909 718 2979 eloquia
749 2917 860 2973 tua,
896 2917 953 2961 ut
981 2909 1070 2977 qui
1099 2909 1289 2962 invenit
1325 2908 1494 2977 spolia
1521 2908 1689 2962 multa
1743 2911 1783 2964 '.

205 3002 274 3054 Et
314 3020 326 3056 :
363 3001 534 3064 Quam
585 3001 748 3054 dilexi
795 3001 958 3072 legem
999 3013 1168 3064 tuam,
1220 2999 1441 3056 Domine
1487 3019 1506 3056 :
1549 3011 1658 3056 tota
1705 3003 1786 3057 die

204 3091 478 3142 meditatio
509 3107 624 3144 mea
651 3103 724 3144 est
749 3092 789 3144 ³.
822 3093 1110 3162 Pr0pterea
1138 3093 1187 3145 ei
1224 3101 1535 3161 reputatum
1581 3104 1666 3150 est
1695 3078 1786 3149 su-

203 3196 300 3251 pra
333 3180 499 3234 millia
534 3182 652 3235 auri
677 3191 733 3236 et
795 3183 1001 3250 argenti
1029 3184 1070 3248 δ,
1129 3183 1281 3255 juxta
1346 3184 1590 3242 divinum
1648 3186 1785 3241 Pro-

201 3276 448 3346 phetam,
477 3276 598 3331 dico
641 3275 918 3331 Davidem.
965 3276 1029 3330 Et
1051 3275 1147 3330 Dei
1179 3277 1394 3347 eloquia
1431 3279 1607 3335 dulcia
1658 3284 1782 3353 gut-

202 3370 312 3424 turi
347 3372 464 3441 ejus
496 3369 743 3435 fuerunt,
781 3380 836 3425 et
859 3385 1028 3441 supra
1043 3370 1146 3425 mel
1176 3371 1255 3426 ori
1289 3373 1411 3443 ejus
1432 3375 1471 3426 ”.

273 3483 366 3538 111.
406 3481 636 3538 Vacabat
664 3492 844 3538 autem
880 3483 1077 3538 divinis
1111 3485 1328 3555 templis
1357 3495 1409 3541 et
1446 3487 1666 3543 assidue
1715 3490 1780 3543 ad

199 3591 265 3629 ea
292 3574 567 3627 veniebat.
602 3573 668 3627 Et
717 3589 841 3628 cum
901 3575 1020 3643 ejus
1075 3577 1314 3644 aequales
1380 3587 1437 3632 et
1485 3580 1780 3634 familiares

201 3667 375 3722 dediti
410 3676 595 3723 essent
625 3666 1025 3732 venationibus,
1068 3678 1124 3722 et
1181 3683 1446 3738 equorum
1500 3671 1777 3733 cursibus,

198 3771 256 3815 et
279 3761 400 3816 aliis
430 3760 842 3816 adolescentum
877 3761 1092 3825 studiis,
1124 3760 1212 3815 ille
1244 3777 1305 3816 ea
1357 3778 1498 3832 aegre
1551 3763 1777 3828 ferebat,

197 3856 345 3909 etab
377 3855 456 3909 eis
493 3855 716 3908 minime
739 3854 1077 3916 movebatur,
1147 3863 1200 3908 et
1249 3854 1382 3907 nulli
1435 3855 1663 3910 cedebat
1714 3872 1778 3910 ex

199 3950 270 4003 iis
339 3962 461 4015 quae
529 3945 866 4014 juvenilibus
930 3946 1288 3998 blandiuntur
1367 3948 1777 4014 cupiditatibus.

195 4037 446 4093 Jucunde
479 4051 608 4090 vero
648 4044 700 4089 et
773 4035 1014 4090 libenter
1059 4036 1380 4090 versabatur
1425 4036 1778 4106 Eudocimus,

192 4138 292 4186 aut
323 4130 377 4184 in
410 4130 573 4186 domo
607 4129 894 4196 orationis,
930 4139 1024 4184 aut
1051 4129 1107 4183 in
1163 4129 1404 4184 lectione
1456 4131 1771 4185 divinorum

195 4224 580 4293 Eloquiorum,
654 4238 749 4292 per
797 4237 917 4292 qua:
968 4220 1221 4275 studebat
1265 4222 1505 4290 seipsum
1553 4223 1781 4278 reddere

196 4315 458 4384 templum
523 4313 634 4370 Deo
702 4313 925 4386 dignum
985 4321 1044 4367 ut
1091 4313 1182 4386 qui
1254 4313 1392 4368 nihil
1461 4315 1782 4370 ostenderet

196 4408 581 4480 injucundnm,
663 4406 800 4460 nihil
841 4417 997 4476 turpe
1043 4421 1109 4460 ex
1181 4403 1529 4459 deformitate
1613 4404 1779 4459 animi

193 4499 691 4572 perturbationum,
729 4509 784 4552 et
831 4498 888 4552 in
915 4512 1010 4551 eas
1043 4497 1238 4553 collato
1277 4497 1482 4553 studio.
1525 4497 1642 4553 Non
1693 4514 1781 4556 res

1978 2002 2064 2055 IV.
2091 2002 2225 2058 Cum
2267 2007 2625 2074 temperantia
2661 2023 2791 2061 vero
2824 2011 3106 2078 conjunxit
3138 2014 3303 2068 etiam
3340 2017 3485 2071 elec-

1907 2109 2214 2174 mosynam,
2250 2111 2374 2151 cum
2401 2098 2774 2167 pulcherrima
2802 2116 2917 2154 eam
2947 2119 3067 2172 quae
3123 2114 3204 2159 est
3251 2110 3485 2167 maxime

1905 2185 2092 2248 hilaris
2125 2189 2297 2243 :adeo
2329 2198 2386 2243 ut
2419 2190 2564 2244 illius
2598 2191 2819 2261 quidem
2854 2194 3061 2250 lumine
3120 2199 3484 2257 illustraretur

1905 2278 2093 2344 facies,
2147 2281 2311 2351 huius
2363 2292 2542 2337 autem
2604 2285 2725 2339 oleo
2780 2302 2874 2340 cor
2909 2290 3484 2359 pingueﬁeret,esset-

1903 2388 2009 2445 que
2049 2381 2104 2428 et
2137 2375 2377 2431 mundus
2412 2377 2992 2436 etmisericors:adeo
3011 2387 3484 2459 utaltitudo,qua:

1903 2466 2232 2536 proceditex
2268 2469 2530 2538 puritate,
2597 2469 2661 2524 ad
2726 2474 3033 2540 proximum
3086 2477 3169 2548 (ut
3223 2496 3320 2550 par
3373 2485 3478 2558 est)

1901 2572 1968 2612 ex
1992 2573 2262 2613 consensu
2288 2575 2345 2614 se
2374 2559 2670 2628 inclinans,
2699 2562 2752 2617 in
2790 2571 2907 2618 tuto
2930 2578 3095 2623 esset.
3129 2571 3263 2627 Tam
3291 2564 3477 2645 splen.-

1900 2652 2027 2707 didc
2057 2665 2237 2708 autem
2291 2657 2605 2712 attendebat
2666 2661 3046 2734 eleemosynre,
3101 2677 3155 2721 et
3202 2683 3322 2725 eam
3407 2674 3479 2729 ita

1898 2745 2348 2815 amplectebatur,
2389 2757 2447 2804 ut
2479 2765 2591 2806 non
2624 2751 2798 2808 solum
2827 2757 3134 2825 superfluis,
3162 2761 3255 2815 sed
3315 2765 3477 2822 etiam

1896 2838 2224 2893 necessariis
2245 2854 2300 2894 se
2334 2841 2422 2910 pie
2449 2852 2664 2912 gereret
2697 2861 2710 2898 :
2754 2853 2809 2898 et
2839 2861 2946 2901 non
2971 2865 3133 2918 parce
3162 2854 3476 2922 seminaret,

1897 2931 1993 2986 sed
2014 2930 2067 2985 in
2104 2930 2633 2989 benedictionibus:
2696 2947 2753 2992 et
2813 2954 2923 2993 non
2975 2942 3150 2998 solum
3204 2950 3476 3016 pecuniis,

1894 3023 1989 3078 sed
2027 3025 2189 3079 etiam
2217 3027 2496 3092 carnibus,
2527 3029 2568 3081 si
2596 3043 2660 3083 ex
2688 3030 2750 3084 iis
2774 3035 3110 3104 pauperibus
3139 3037 3257 3095 dari
3295 3054 3477 3112 posset

1896 3116 2178 3183 auxilium,
2207 3117 2432 3173 minime
2462 3130 2733 3189 parceret,
2771 3121 2933 3193 idque
2966 3127 3256 3186 admodum
3293 3135 3473 3205 hilari,

1894 3221 2255 3282 promptoque
2287 3221 2341 3267 et
2369 3214 2533 3267 alacri
2573 3215 2777 3278 animo,
2825 3227 3007 3276 motus
3064 3223 3361 3285 dilectione
3416 3232 3473 3286 in

1886 3301 2057 3356 Deum
2086 3312 2140 3357 et
2172 3306 2504 3374 proximum.
2539 3309 2774 3364 Fructus
2814 3315 2960 3369 enim
3003 3317 3318 3386 charitatis,
3393 3335 3476 3379 est

1883 3393 1938 3452 in
1971 3393 2195 3450 fratrem
2237 3397 2637 3466 misericordia,
2703 3405 2842 3461 adeo
2896 3417 2953 3462 ut
2999 3410 3116 3479 ipse
3173 3417 3477 3484 promptior

1883 3497 2028 3542 esset
2066 3488 2134 3543 ad
2162 3489 2422 3556 dandum,
2484 3507 2643 3560 quam
2707 3497 2794 3553 ille
2836 3499 2901 3556 ad
2927 3502 3306 3572 accipiendum
3332 3546 3345 3571 ,
3380 3511 3474 3578 qui

1885 3593 2022 3649 opus
2049 3580 2283 3638 habebat
2326 3586 2741 3644 misericordia:
2785 3606 2985 3648 etcum
3058 3595 3322 3665 dedisset,
3359 3600 3475 3670 ipse

1885 3673 2057 3745 magis
2082 3675 2379 3744 ltetaretur,
2412 3687 2469 3734 et
2501 3679 2622 3750 plus
2657 3698 2716 3737 se
2747 3683 2919 3751 iuvari
2973 3688 3240 3754 crederet,
3303 3708 3470 3763 quant

1887 3765 1950 3829 is,
1975 3768 2064 3835 qui
2103 3782 2408 3837 acceperat,
2442 3775 2716 3842 qumnodo
2748 3793 2834 3832 res
2875 3794 3004 3834 vere
3052 3781 3305 3841 habebat.
3361 3786 3474 3842 Ma-

1880 3855 2029 3924 jores
2075 3859 2220 3912 enim
2281 3870 2411 3916 sunt
2469 3863 2666 3920 divinae
2723 3869 2926 3936 gratiae,
2977 3888 3137 3940 quam
3194 3877 3470 3949 humanae,

1885 3964 2018 4018 quas
2041 3951 2156 4021 ipse
2193 3951 2334 4023 larga
2363 3969 2526 4010 tnanu
2565 3958 2780 4013 emebat
2812 3960 3016 4032 largius
3072 3963 3224 4024 illinc
3288 3983 3474 4029 scatu-

1883 4042 2105 4097 rientes.
2135 4043 2220 4112 Et,
2259 4050 2501 4104 utsemel
2531 4049 2729 4114 dicam,
2754 4054 3126 4124 orphauorum
3167 4072 3284 4116 erat
3317 4076 3473 4133 pater

1881 4133 2244 4202 Endocimus,
2291 4150 2509 4195 curator
2541 4143 2849 4211 viduarum,
2872 4145 3258 4208 indumentum
3293 4158 3466 4213 nudo-

1883 4243 2027 4293 rum,
2059 4229 2215 4297 panis
2238 4233 2620 4300 esurientium,
2642 4236 2948 4292 animarum
2982 4255 3103 4310 qua:
3143 4246 3468 4315 mgritudine

1883 4321 2253 4390 gravabantur
2299 4325 2575 4383 solatium.

1956 4409 2017 4468 V.
2049 4409 2098 4462 is
2139 4427 2260 4465 cum
2300 4423 2355 4467 et
2381 4416 2449 4469 ab
2471 4415 2799 4486 imperatore
2832 4423 3094 4493 honores,
3132 4439 3185 4483 et
3236 4444 3358 4499 quae
3382 4441 3466 4486 est

1883 4498 1950 4554 ad
1993 4508 2229 4574 tempus,
2251 4503 2477 4575 gloriam
2512 4522 2898 4580 assequeretur
2925 4526 3147 4586 preptcr
3185 4498 3463 4592 virtutem,

189 4596 456 4658 adversae,
490 4603 600 4645 non
650 4588 924 4653 secundae,
993 4601 1106 4642 non
1156 4587 1358 4657 aliquid
1405 4603 1471 4642 ex
1542 4589 1606 4644 iis
1662 4602 1860 4663 quael)
1888 4591 2124 4647 nihilex
2157 4609 2221 4649 eo
2255 4597 2570 4666 laedebatur,
2605 4611 2666 4654 ut
2697 4605 2855 4674 cujus
2915 4623 3016 4663 nec
3076 4609 3224 4665 calor
3272 4587 3469 4668 animze

189 4683 437 4738 animum
465 4687 694 4750 possunt
734 4691 827 4735 aut
882 4679 1097 4748 efferre,
1141 4687 1235 4733 aut
1282 4678 1615 4749 deprimere,
1682 4680 1784 4734 fuit

188 4773 326 4827 satis
354 4771 590 4824 validum
620 4769 685 4823 ad
714 4785 836 4824 eum
865 4785 894 4823 a
918 4784 1019 4823 suo
1061 4768 1316 4824 instituto
1345 4770 1772 4824 dimovendum:

187 4865 288 4921 scd
328 4862 568 4918 dexteris
592 4869 646 4916 et
671 4860 908 4917 sinistris
940 4861 1106 4915 armis
1171 4863 1255 4929 (ut
1304 4862 1440 4916 dicit
1495 4861 1696 4918 Paulus
1731 4863 1774 4934 °)

187 4960 413 5013 dextere
446 4957 718 5022 utebatur,
752 4964 806 5010 et
835 4969 896 5008 ea
917 4953 1200 5008 materiam
1236 4954 1468 5010 faciebat
1527 4955 1773 5025 philoso-

186 5050 354 5119 phiae.
382 5049 522 5114 Quin
545 5049 708 5102 etiam
739 5063 862 5102 cum
888 5049 1029 5102 viam
1056 5062 1198 5115 saepe
1229 5047 1630 5118 ingrederetur,
1663 5057 1769 5102 tam

185 5157 311 5212 qua:
352 5140 559 5195 ferebat
593 5139 660 5196 ad
692 5139 916 5209 regiam,
948 5154 1111 5208 quam
1145 5155 1263 5208 quae
1289 5138 1341 5192 in
1371 5138 1537 5192 ullum
1605 5138 1770 5193 alium

186 5238 392 5301 locum,
431 5243 671 5291 mentem
696 5233 932 5288 simulet
966 5233 1201 5305 linguam
1231 5233 1470 5287 habebat
1503 5233 1772 5286 intentam

187 5328 396 5398 operi:
435 5329 576 5382 hanc
624 5326 846 5396 quidem
899 5335 1183 5380 canentem
1235 5326 1480 5381 Psalmos
1530 5324 1768 5392 Davidis,

185 5399 336 5474 illam
362 5427 542 5474 autem
573 5420 970 5483 attendentem,
1009 5427 1065 5473 et
1088 5434 1206 5489 quae
1233 5418 1556 5473 dicebantur
1606 5417 1772 5471 intel-

186 5512 476 5582 ligentem,
510 5518 565 5564 et
607 5509 819 5582 jubenti
883 5511 983 5580 ipsi
1045 5510 1232 5565 Davidi
1291 5519 1594 5580 parentem.
1649 5509 1769 5564 Non

187 5604 427 5658 enimid
473 5604 544 5669 ei,
577 5601 721 5674 quod
758 5603 968 5668 multis,
1027 5603 1409 5665 usuveniebat,
1470 5603 1563 5672 qui
1623 5601 1768 5672 psal-

189 5695 576 5765 luntquidem,
639 5695 734 5750 sed
762 5710 868 5749 non
921 5695 1233 5764 intelligunt
1270 5714 1281 5750 :
1316 5695 1517 5764 quique
1547 5711 1671 5750 cum
1705 5696 1769 5750 iis

1892 4690 2220 4752 tepesceret,
2296 4701 2476 4757 neque
2500 4690 2566 4744 ad
2617 4707 2839 4750 cursum
2905 4699 3246 4768 spiritualem
3313 4703 3466 4763 ﬁeret

1886 4773 2123 4842 impetus
2157 4776 2458 4834 hebetior:
2521 4783 2615 4838 sed
2679 4787 2860 4855 potius
2913 4804 3033 4843 eam
3087 4807 3305 4863 quoque
3353 4795 3463 4850 Deo

1885 4865 2164 4921 ascribens
2187 4868 2437 4939 gratiam,
2476 4871 2601 4929 hinc
2629 4877 2879 4934 sumebat
2908 4883 3259 4940 occasionem
3287 4887 3463 4957 majo-

1883 4961 1961 5012 ris
2001 4958 2053 5012 in
2087 4959 2260 5030 ipsum
2289 4963 2652 5028 desiderii,et
2697 4985 2820 5025 eum
2878 4973 3092 5030 colendi
3151 4980 3460 5049 promptius

1884 5061 1937 5104 et
1971 5051 2225 5108 alacrius.
2264 5054 2425 5110 Certe
2461 5073 2584 5113 cum
2616 5072 2760 5116 esset
2780 5065 3008 5131 electus,
3082 5078 3142 5127 ut
3197 5082 3460 5141 praeesset

1881 5142 2018 5210 parti
2063 5145 2336 5201 exercitus
2368 5148 2776 5221 Cappadocum,
2813 5166 2868 5212 et
2932 5170 3242 5216 moraretur
3311 5165 3456 5219 circa

1878 5231 1951 5298 id,
1986 5235 2133 5304 quod
2189 5249 2417 5294 vocatur
2471 5238 2858 5312 Cbarsianum,
2919 5255 3145 5320 gerebat
3204 5269 3454 5325 magnam

1874 5341 2059 5382 curam
2097 5331 2305 5400 populi,
2342 5342 2400 5387 ut
2431 5334 2524 5404 qui
2553 5351 2662 5390 non
2685 5338 2862 5393 solum
2889 5340 2957 5396 de
2990 5343 3071 5398 eis
3130 5355 3281 5401 esset
3350 5364 3440 5418 pa-

1875 5426 2029 5474 terne
2095 5422 2381 5490 sollicitus,
2436 5428 2527 5481 sed
2575 5443 2669 5484 cas
2718 5431 2906 5498 etiam,
2956 5449 3076 5503 quae
3107 5450 3263 5492 erant
3312 5439 3456 5496 inter

1877 5524 1935 5564 se
1962 5510 2216 5577 invicem,
2248 5524 2306 5568 ut
2341 5516 2538 5582 solent,
2573 5524 2982 5580 controversias
3011 5529 3267 5593 solveret,
3327 5535 3450 5590 nul-

1874 5601 1985 5656 lam
2030 5602 2083 5656 in
2137 5615 2342 5675 partem
2404 5612 2778 5681 propendente
2832 5618 3033 5672 trutina
3085 5620 3353 5691 justitire:
3398 5637 3454 5682 et

1876 5697 2128 5768 judicans
2166 5703 2471 5774 orphanum
2513 5707 2593 5776 (ut
2633 5709 2809 5764 dicam
2843 5727 2965 5769 cum
2999 5714 3133 5772 Isaia
3165 5718 3230 5789 ³),
3258 5731 3311 5777 et
3373 5723 3452 5776 vi-

265 5872 285 5902 ³
317 5867 455 5925 Psal.
488 5865 830 5930 cxv1tt,lG:2.
863 5867 882 5897 ³
913 5867 1044 5923 ibid.
1074 5870 1161 5924 97.
1191 5870 1210 5901 ⁸
1233 5870 1365 5926 ibid.
1394 5869 1482 5924 72.
1523 5871 1542 5900 ⁸
1577 5871 1706 5924 ibid.
1746 5871 1861 5926 105.
1903 5873 1920 5904 ⁶
1949 5873 1989 5927 Il
2025 5873 2148 5930 Cor.
2190 5892 2261 5943 vt,
2294 5877 2347 5933 7.
2386 5879 2404 5908 ⁷
2431 5876 2550 5935 Job.
2579 5886 2797 5950 xui,'l.
2839 5887 2857 5916 "
2883 5887 3012 5942 ibid.
3056 5889 3103 5942 1.
3141 5891 3278 5947 ’lsa.
3304 5911 3338 5951 ι.
3363 5898 3446 5954 i7.

515 5962 784 6021 PATROL.
834 5965 946 6022 Gn.
993 5965 1173 6027 CXV.

3013 5983 3077 6041 18
