4226 6436
735 336 835 398 491

2040 333 2326 394 MENSIS
2364 331 2656 391 IULIUS.

3868 320 3973 384 492

741 447 902 498 (luam
938 443 1262 514 justiticans,
1299 457 1353 498 et
1393 443 1648 498 omnibus
1699 443 1837 496 idem
1889 455 2150 509 apparens
2207 455 2303 508 per
2333 449 2377 502 Α
2411 437 2578 490 multa
2610 434 2825 504 quidem
2863 432 3070 495 dicens,
3105 432 3271 485 multa
3321 438 3500 485 autem
3556 430 3787 494 faciens,
3850 444 3976 498 quae

742 536 999 605 aequalem
1037 537 1088 588 in
1117 551 1306 590 omnes
1368 534 1830 589 benevolentiam.
1878 532 1942 586 Et
1991 531 2118 601 quid
2169 547 2304 598 Opus

742 640 845 693 est,
879 639 937 682 ut
964 629 1138 682 dicam
1163 630 1368 699 singula
1393 630 1414 682 ?
1443 630 1570 683 Erat
1602 629 1802 681 virtute
1867 625 2138 694 perfectus
2192 623 2304 678 Eu-

742 723 989 776 docimus
1014 739 1027 784 ;
1057 734 1172 776 erat
1201 722 1427 791 insignis
1451 722 1715 776 charitate
1748 720 1802 772 in
1834 717 2022 780 Deum,
2065 727 2118 770 et
2173 716 2306 768 insi-

744 816 862 884 gnis
897 815 1159 867 charitate
1209 813 1262 867 in
1310 815 1636 883 proximum.
1744 811 2103 876 Quamobrem
2191 809 2307 876 ejus

747 905 966 959 exilium
998 915 1050 958 et
1082 905 1384 969 interitum,
1410 906 1674 973 proximo,
1722 903 1964 972 inquam,
2001 902 2304 954 clanculum

746 997 1057 1060 detrahere,
1088 998 1223 1050 adeo
1259 998 1382 1051 odio
1417 998 1671 1059 habebat,
1707 1005 1764 1049 ut
1800 1011 1908 1048 non
1971 995 2144 1047 solum
2197 995 2309 1060 ipse

747 1089 882 1142 nihil
912 1088 1014 1142 tale
1048 1087 1271 1153 faceret,
1305 1089 1399 1142 sed
1423 1089 1587 1142 etiam
1647 1087 1690 1140 si
1729 1087 1868 1140 alius
1915 1085 2077 1138 vellet
2109 1084 2308 1145 facere,

748 1182 971 1233 minime
1005 1183 1300 1234 sustineret
1333 1195 1441 1232 non
1469 1178 1710 1231 honestis
1743 1176 1920 1230 verbis
1956 1190 2115 1228 aures
2164 1189 2312 1242 prm-

746 1271 876 1323 bere
914 1282 1001 1324 :et
1035 1271 1180 1340 quod
1212 1272 1278 1324 ad
1315 1285 1372 1324 se
1410 1271 1625 1332 attinet,
1652 1268 1770 1322 illas
1827 1282 2047 1335 quoque
2093 1281 2313 1320 conser-

752 1372 904 1416 varet
971 1364 1210 1431 peccatis
1271 1363 1607 1431 superiores.

820 1455 908 1508 Vl.
937 1456 1089 1508 lllum
1126 1456 1203 1509 sic
1231 1456 1523 1520 viventem,
1557 1455 1815 1523 piumque
1847 1453 1969 1505 vitae
2001 1450 2312 1504 institutum

749 1557 1153 1610 excercentem,
1187 1554 1412 1598 etrectc
1467 1561 1522 1599 se
1568 1555 1840 1615 gerentem
1905 1542 2208 1596 communis
2263 1542 2315 1593 in

751 1642 972 1708 regione
997 1641 1172 1693 aliena
1204 1641 1328 1692 finis
1352 1647 1602 1708 occupat,
1633 1653 1754 1690 cum
1784 1647 1928 1690 esset
1958 1637 2175 1705 triginta
2210 1644 2318 1687 tres

755 1747 927 1785 annos
949 1741 1131 1796 natus,
1163 1739 1216 1784 et
1249 1730 1480 1783 necdum
1511 1728 1728 1797 quidem
1781 1727 1932 1779 canis
1992 1724 2210 1791 capillos
2242 1723 2321 1774 al-

2409 528 2547 581 solet
2584 527 2760 579 facere
2791 525 3028 592 nequitia
3075 524 3379 576 diemonum
3416 523 3469 575 in
3531 522 3789 574 damnum
3871 523 3973 572 hu-

2410 634 2581 671 mana:
2610 627 2836 680 natura),
2877 632 2996 684 qua:
3023 617 3257 683 desuper
3285 615 3426 667 bello
3451 615 3515 666 ab
3569 628 3633 665 eo
3673 614 3972 682 appetitur.

2409 709 2664 762 Dzemone
2690 708 2908 777 quidem
2940 719 3086 760 tnoto
3115 724 3142 759 a
3178 715 3388 769 sancto,
3431 718 3523 758 aut
3552 721 3580 757 a
3625 706 3826 756 (Lhristi
3884 719 3978 771 po-

2411 809 2519 860 tius
2549 808 2763 869 virtute,
2805 815 2863 859 ut
2888 821 3011 858 eum
3046 804 3394 857 manifestum
3430 804 3633 857 faceret
3704 811 3760 853 et
3807 802 3978 851 hono-

2416 908 2598 962 raret,
2644 906 2897 951 movente
2948 907 3127 948 autem
3165 906 3219 950 et
3293 905 3597 963 torquente.
3659 903 3712 945 et
3747 894 3978 944 maxima

2415 1000 2732 1060 tempestate
2792 992 3063 1044 hominem
3123 990 3503 1048 conturbante,
3557 1005 3678 1041 cum
3725 997 3980 1053 tanquam

2413 1093 2686 1137 mortuum
2736 1081 2907 1135 Eliam
2963 1081 3110 1134 humi
3163 1082 3404 1150 jecisset,
3468 1081 3785 1133 sceleratum
3857 1077 3984 1129 illud

2414 1179 2736 1232 daemonium
2766 1179 2942 1231 statim
2970 1177 3119 1240 abiit,
3155 1193 3211 1229 ur
3240 1180 3380 1243 quod
3416 1176 3589 1228 fuerat
3620 1175 3827 1227 homini
3892 1187 3984 1223 ve-

2415 1272 2512 1324 luti
2554 1271 2797 1338 quaedam
2829 1270 3207 1338 disciplina,ct
3249 1271 3700 1323 medicamentum
3771 1270 3837 1320 ad
3901 1282 3989 1318 ex-

2416 1363 2612 1431 pianda
2651 1371 2871 1429 pCCCnla
2910 1361 2974 1414 iis
3009 1399 3022 1422 ,
3058 1378 3174 1428 quae
3207 1362 3351 1417 Deus
3377 1362 3544 1424 novit,
3598 1361 3839 1428 jttdiciis.
3899 1358 3991 1410 At-

2416 1470 2522 1523 que
2553 1454 2690 1507 Elias
2730 1455 2945 1522 quidem
2983 1454 3179 1506 sicfuit
3266 1456 3523 1508 liberatus
3599 1469 3626 1505 a
3691 1454 3942 1505 dannone
3977 1467 3990 1500 :

2422 1549 2560 1601 Deus
2591 1557 2770 1599 autem
2807 1563 2916 1599 non
2947 1561 3189 1614 eousque
3225 1545 3672 1598 feettconsistere
3713 1545 3794 1597 sui
3851 1543 3992 1596 servi

2419 1641 2640 1710 gloriam
2700 1658 2714 1695 :
2770 1657 2878 1692 imo
2947 1657 3075 1693 vero
3140 1655 3262 1691 cum
3328 1651 3582 1703 tanquam
3647 1640 3772 1690 tuha
3841 1637 3996 1687 valde

2422 1731 2682 1794 clamans,
2742 1731 2795 1783 in
2849 1730 3047 1786 multos
3090 1738 3236 1783 esset
3285 1729 3590 1796 dispersum
3649 1726 3994 1784 miraculum,

753 1823 1066 1883 berecissel.
1100 1823 1390 1875 mllllorum
1431 1829 1610 1873 alllcm
1653 1835 1816 1872 C'JDOS
1863 1826 2145 1887 superaret
2198 1831 2322 1885 [πυ-
2351 1800 2396 1858 Β
2427 1823 2831 1876 multitudinem
2866 1837 3075 1885 eorum,
3110 1823 3201 1890 qui
3244 1823 3559 1875 laborabant
3614 1820 3778 1871 variis
3855 1834 4002 1869 mor-

755 1917 958 1971 dentia.
1004 1916 1138 1969 Male
1163 1926 1343 1968 autem
1375 1914 1608 1967 habebat
1630 1913 2006 1974 Eudocimum,
2041 1925 2147 1962 non
2178 1908 2320 1978 quod

759 2008 1003 2061 absolute
1078 2016 1401 2069 moreretur,
1428 2014 1485 2058 ut
1534 2005 1623 2073 qui
1672 2020 1768 2073 per
1821 2013 1992 2057 totam
2053 2002 2213 2053 vitam
2270 2000 2322 2054 id

769 2110 916 2154 esset
948 2099 1254 2162 meditatus,
1294 2107 1348 2151 et
1384 2113 1543 2166 quam
1575 2113 1694 2149 cum
1727 2097 1923 2166 egisset
1955 2096 2132 2157 vitam,
2183 2107 2326 2161 qua:-

771 2209 894 2246 nam
927 2208 1044 2245 sors
1090 2201 1235 2244 esset
1289 2207 1410 2244 cum
1474 2199 1764 2243 consecuta
1801 2205 1815 2240 :
1849 2197 1898 2240 et
1961 2186 2156 2253 alioqui
2203 2199 2324 2237 cum

764 2297 909 2341 esset
948 2285 1180 2354 sapiens,
1217 2299 1324 2337 non
1351 2284 1632 2352 ignorabat
1661 2282 1904 2342 omnino,
1961 2278 2134 2348 qualis
2184 2284 2328 2330 esset

761 2380 846 2432 lex
879 2379 1018 2430 inter
1059 2376 1354 2444 composita
1383 2392 1392 2426 :
1422 2388 1617 2441 nempe
1652 2373 1794 2440 quod
1843 2387 1964 2425 cum
2025 2369 2326 2437 accepisset

765 2469 1107 2541 principium,
1139 2481 1369 2520 necesse
1400 2473 1544 2518 esset
1594 2463 1754 2515 finem
1785 2477 2001 2530 quoque
2034 2457 2326 2526 consequi;

766 2561 1115 2631 quamobrem
1153 2573 1256 2609 non
1286 2572 1407 2609 eum
1447 2553 1798 2608 Conturbabat
1834 2551 2074 2619 corporis
2108 2563 2328 2618 separa-

769 2656 860 2711 tio.
889 2650 1150 2720 sedquod
1185 2666 1305 2703 cum
1349 2658 1572 2700 matrem
1610 2659 1718 2700 non
1773 2643 2002 2696 vidisset
2068 2639 2329 2695 charissi-

771 2762 934 2807 mam,
991 2745 1148 2812 longe
1206 2749 1347 2794 esset
1403 2739 1794 2808 peregrinatus.
1832 2735 2111 2800 Quomodo
2151 2742 2330 2785 autem

770 2847 845 2892 est
881 2833 1276 2887 mortuus‘3est
1310 2831 1452 2882 enim
1503 2831 1602 2880 hoc
1658 2826 1815 2878 simul
1871 2823 2224 2892 philosophi-.e
2280 2827 2334 2873 et

771 2924 1021 2980 utilitatis
1064 2921 1348 2992 particeps.
1395 2917 1713 2987 AZgrotahat
1752 2914 1966 2983 quidem
2000 2914 2078 2966 vir
2126 2912 2236 2975 ille,
2281 2920 2334 2964 ct

773 3016 994 3069 morbus
1022 3029 1142 3066 eum
1171 3014 1280 3078 jam
1315 3026 1378 3064 eo
1408 3009 1725 3072 deduxerat,
1763 3018 1819 3060 ut
1845 3007 2088 3060 ultimum
2152 3013 2336 3072 ageret

2432 1915 2534 1976 bis,
2568 1915 2778 1967 vocavit
2805 1915 2868 1965 ad
2893 1914 3223 1981 sepulcrum,
3275 1914 3609 1982 sepulcrum,
3648 1911 3892 1977 inquam,
3934 1924 4000 1960 ex

2433 2020 2539 2073 quo
2565 2005 2957 2057 admirabiliter
2987 2004 3170 2057 multis
3196 2005 3525 2057 scaturiebat
3550 2005 3654 2056 vita
3685 2012 3740 2056 et
3766 2002 4002 2055 curatio.

2508 2094 2641 2149 Vlll.
2681 2096 2751 2148 Ex
2787 2095 2872 2149 his
2897 2111 3022 2149 vero
3049 2111 3153 2149 una
3180 2096 3523 2163 mulier,qua:
3545 2097 3779 2147 habebat
3806 2093 4002 2152 filium,

2434 2190 2590 2258 cujus
2626 2190 2820 2242 solutae
2855 2197 3013 2241 erant
3043 2203 3257 2250 manus,
3287 2189 3487 2256 quique
3517 2201 3610 2240 eas
3642 2186 3854 2238 ferebat
3894 2198 4004 2236 non

2437 2297 2596 2334 secus
2627 2290 2786 2348 atque
2813 2281 2947 2346 lapis
2971 2294 3034 2332 ac
3068 2289 3270 2342 statua,
3292 2295 3416 2332 cum
3445 2280 3701 2332 ardenter
3736 2277 4007 2330 accessis-

2437 2383 2520 2426 set
2551 2372 2616 2425 ad
2656 2372 2985 2440 sepulcrum,
3017 2386 3125 2423 non
3178 2371 3332 2440 longa
3395 2387 3531 2440 opus
3600 2370 3790 2422 habuit
3829 2384 4006 2427 mora.

2439 2481 2548 2518 non
2583 2466 2832 2534 negotiis,
2867 2479 2974 2517 non
3005 2464 3197 2517 diebus
3231 2480 3244 2515 :
3282 2463 3374 2516 sed
3411 2478 3532 2514 cum
3568 2464 3802 2531 primum
3836 2462 4010 2524 venit,

2439 2558 2484 2611 ei
2519 2573 2677 2626 opem
2715 2558 2840 2609 tulit
2869 2557 2930 2610 ad
2962 2557 3301 2610 liberandum
3333 2571 3362 2608 a
3389 2556 3578 2608 morbo
3602 2554 3796 2618 filium,
3824 2555 4009 2606 oleum

2440 2660 2713 2716 sumptum
2755 2665 2820 2700 ex
2857 2651 3074 2699 lucerna
3109 2649 3251 2700 beati
3286 2649 3518 2715 sepulcri
3559 2665 3570 2699 :
3615 2661 3722 2714 quo
3750 2660 3876 2700 cum
3920 2644 4014 2696 illa

2441 2741 2535 2792 lilii
2569 2754 2787 2792 manum
2829 2738 3092 2798 tinxisset,
3133 2739 3262 2790 vidit
3289 2739 3470 2791 statim
3506 2754 3626 2789 eum
3673 2747 3848 2788 totum
3883 2736 4014 2786 illae—

2441 2844 2582 2892 sum,
2633 2839 2688 2884 et
2745 2839 2989 2882 utentem
3041 2829 3294 2882 manibus
3346 2827 3508 2880 simul
3563 2829 3750 2879 liberis
3806 2836 3863 2878 et
3913 2841 4015 2878 suo

2445 2923 2791 2988 fungentibus
2845 2920 3041 2972 ollicio.
3080 2920 3232 2973 Alius
3260 2929 3437 2971 autem
3482 2934 3615 2986 puer
3646 2922 3840 2970 eodem
3883 2917 4011 2985 qui-

2444 3014 2565 3066 dem
2600 3014 2757 3064 ntodo
2798 3012 3049 3074 atfectus,
3111 3013 3162 3064 in
3218 3012 3324 3064 hoc
3376 3027 3501 3064 vero
3553 3014 3666 3065 solo
3724 3010 4014 3072 dilfcrens,

772 3108 1047 3177 δρὶτὶιυιιι.
1076 3105 1190 3172 lpSe
1211 3119 1336 3154 νει-ο
1364 3117 1482 3155 cum
1515 3115 1641 3155 SUOS
1661 3096 2334 3157 accersiissetfamiliares,
2369 3155 2410 3210 C
2445 3108 2585 3175 quod
2623 3107 2786 3175 priori
2815 3108 3032 3174 quidem
3062 3121 3280 3170 "ﬁmus,
3313 3106 3360 3159 ci
3395 3116 3575 3159 autem
3631 3108 3795 3173 pedes
3855 3115 4016 3157 eranl

843 3200 851 3208 .
1120 3197 1168 3210 ..
1311 3194 1381 3210 .-.-
1629 3189 1890 3210 ,λημνιωμ
1977 3199 2020 3210 η.
2082 3204 2167 3210 ἢ--
2225 3189 2337 3210 :,__,_
2447 3201 2455 3208 .
2828 3202 2833 3207 .
3148 3199 3157 3208 .
3345 3199 3408 3210 η.
3532 3199 3578 3210 ..
3625 3208 3633 3210 Α
3809 3199 3816 3205 .
3891 3197 3919 3210 ..

775 3200 1006 3264 primunt
1042 3197 1258 3263 quidem
1295 3194 1580 3260 diligenter
1627 3189 1914 3250 mandavit,
1973 3199 2027 3241 et
2077 3204 2170 3242 eos
2218 3189 2341 3258 jure

768 3287 1003 3358 jurando
1033 3286 1230 3354 adegit,
1265 3292 1321 3336 ut
1374 3297 1495 3335 eum
1565 3281 1882 3332 mandarent
1939 3281 2208 3346 sepulcro,
2263 3280 2342 3334 sic

774 3385 1044 3443 indutum,
1089 3388 1141 3432 et
1167 3390 1506 3444 nequaquam
1543 3373 1594 3424 in
1617 3372 1795 3441 ipsum
1827 3372 2201 3433 observarent,
2224 3385 2342 3438 qua:

777 3475 1033 3529 solentin
1087 3470 1335 3523 mortuis.
1395 3466 1598 3519 Deinde
1657 3479 1779 3518 cum
1840 3478 2028 3516 omnes
2090 3463 2344 3530 jussisset

775 3572 925 3616 extra
952 3562 1092 3615 fores
1123 3560 1328 3630 egredi,
1363 3559 1475 3626 ipse
1508 3558 1682 3610 solum
1727 3555 1966 3608 inclusus
1999 3556 2088 3606 dat
2123 3572 2180 3606 se
2228 3571 2346 3606 ora-

780 3656 932 3708 tioni.
983 3654 1169 3705 Oratio
1218 3661 1397 3702 autem
1436 3658 1551 3701 erat
1588 3647 1786 3714 (audita
1825 3649 1967 3699 enim
2004 3645 2103 3698 fuit
2136 3661 2165 3698 a
2212 3661 2346 3713 quo-

780 3747 924 3806 dam,
983 3743 1072 3813 qui
1137 3757 1301 3811 prope
1367 3740 1508 3793 fores
1556 3739 1936 3804 auscultabat)
1991 3748 2049 3791 ut
2115 3739 2230 3806 ejus
2280 3736 2344 3790 ad

780 3837 946 3892 Deum
980 3850 1237 3890 excessus
1266 3841 1412 3886 esset
1457 3832 1745 3893 obscurus,
1797 3839 1850 3881 et
1905 3829 2036 3881 nulli
2074 3829 2343 3897 cognitus,

779 3929 1050 3999 quomodo
1074 3927 1235 3978 etiam
1271 3934 1376 3976 tota
1405 3924 1515 3975 fere
1550 3924 1667 3988 ejus
1698 3923 1800 3972 vita
1833 3921 1967 3971 nulli
2003 3920 2175 3972 evasit
2235 3934 2347 3970 ma-

782 4017 1146 4075 nifesta.(}um
1181 4030 1306 4067 vero
1343 4013 1443 4065 alia
1500 4026 1711 4079 quoque
1767 4011 2053 4078 adiecisset
2094 4010 2345 4074 orationi,

784 4120 838 4164 et
869 4112 1064 4181 egisset
1087 4106 1308 4178 gratias,
1341 4113 1394 4156 et
1417 4113 1690 4170 postremo
1724 4100 1953 4153 dixissrt
1993 4118 2003 4151 :
2035 4100 2094 4152 In
2162 4117 2347 4153 manus

784 4212 900 4253 tuas
932 4196 1232 4251 commendo
1292 4195 1532 4260 spiritum
1604 4207 1774 4241 meum
1814 4189 1879 4249 ¹⁰,
1931 4206 2058 4242 vere
2106 4200 2348 4242 sanctam

784 4292 965 4346 emisit
998 4290 1253 4341 animam.
1274 4285 1501 4348 Quidam
1530 4289 1711 4334 autem
1750 4294 1812 4333 ex
1841 4281 1909 4333 iis
1933 4280 2022 4349 qui
2056 4281 2352 4349 sepultura:

787 4383 905 4450 ejus
928 4380 1318 4440 inserviebant,
1348 4376 1515 4446 magis
1543 4375 1776 4437 .rusticc,
1805 4389 1964 4443 quam
1997 4374 2106 4442 pie,
2149 4373 2200 4425 in
2252 4375 2352 4428 hoc

2447 3199 2752 3251 immobiles
2784 3216 2796 3251 :
2827 3202 2869 3251 is
2923 3215 3054 3265 ergo
3117 3199 3279 3249 simili
3343 3199 3445 3248 title
3494 3199 3730 3255 oblatus,
3777 3197 4017 3247 similem

2444 3305 2658 3356 quoque
2690 3291 3016 3342 consecutus
3042 3288 3143 3338 fuit
3186 3287 3549 3338 curationem.
3607 3285 3741 3338 Nam
3784 3301 3911 3337 eum
3970 3285 4017 3336 is

2444 3392 2657 3445 quoque
2722 3387 2922 3428 unctus
2975 3385 3122 3429 esset
3177 3375 3231 3428 in
3289 3377 3519 3444 pedibus
3567 3377 3690 3429 oleo
3745 3374 4016 3435 lacerum,

2446 3471 2695 3539 protinus
2726 3470 2951 3534 exsiliit,
2982 3478 3037 3522 et
3089 3469 3192 3522 fuit
3242 3484 3403 3523 causa
3461 3483 3668 3539 magna:
3717 3469 4019 3538 gratiarum

2447 3562 2699 3622 actionis,
2786 3578 2906 3628 qua:
2987 3561 3315 3614 offerebatur
3399 3563 3502 3630 ipsi
3592 3572 3802 3620 sancto,
3916 3562 4014 3628 qui

2448 3662 2754 3714 curaverat,
2801 3663 2852 3705 et
2888 3653 3019 3714 Deo,
3079 3653 3169 3719 qui
3221 3653 3526 3720 praebuerat
3558 3654 3784 3722 gratiam
3844 3670 4020 3705 cura-

2451 3752 2678 3795 bonum.

2522 3833 2610 3884 lx.
2650 3833 2854 3885 Rursus
2908 3841 3089 3885 autem
3156 3831 3348 3886 mulier
3408 3842 3596 3884 vexata
3662 3846 3690 3883 a
3751 3832 4022 3894 daemone,

2453 3924 2673 3976 liberata
2708 3933 2791 3977 est
2824 3940 2852 3977 a
2886 3926 3124 3992 maligno
3157 3926 3352 3993 Spiritu
3393 3940 3511 3978 eam
3578 3934 3829 3985 vexante,
3889 3941 4018 3978 cum

2451 4015 2624 4067 solum
2649 4016 2971 4066 accessisset
3026 4015 3091 4066 ad
3129 4016 3472 4081 sepulcrum,
3510 4027 3563 4070 ct
3595 4018 3819 4084 pulchre
3889 4017 4026 4069 didi-

2453 4107 2638 4169 cisset,
2673 4105 3127 4173 quemadmodum
3200 4107 3284 4157 lux
3342 4109 3685 4174 persequitur
3748 4111 4024 4171 tenebras,

2453 4211 2504 4254 et
2548 4215 2703 4268 quam
2735 4200 2805 4250 sit
2837 4197 3112 4259 terribilis,
3155 4198 3327 4251 bonus
3359 4207 3410 4250 et
3445 4208 3626 4266 gratus
3659 4213 3850 4251 servus
3880 4207 4027 4254 malo

2454 4306 2611 4344 Servo
2641 4301 2694 4341 et
2726 4289 2969 4358 fugitivo,
2999 4298 3217 4356 propter
3245 4307 3360 4341 eam
3404 4306 3523 4357 quin
3559 4291 3605 4343 ei
3641 4306 3759 4342 cum
3792 4289 4027 4344 Domino

2457 4383 2760 4440 intercedit,
2789 4382 3228 4448 conjunctioneni
3261 4393 3314 4433 et
3344 4383 3789 4437 familiaritatem.
3858 4383 4030 4436 Per-ro

786 4470 1040 4523 mandalo
1069 4467 1414 4534 θκεθίιιιθιιόο
1446 4464 1647 4523 “necui
1685 4478 1790 4515 “0"
1823 4463 1998 4514 501m“
2028 4477 2148 4515 cum
2187 4464 2348 4516 νθεῑῖ-
2390 4487 2428 4540 υ
2463 4483 2643 4525 autem
2689 4471 2778 4523 alii
2813 4487 3028 4540 quoque
3059 4472 3290 4532 mulieri,
3323 4488 3439 4540 qua“.
3477 4475 3619 4541 gravi
3652 4475 3844 4526 morbo
3877 4476 4031 4527 labn-

789 4563 987 4617 mentis
1015 4570 1068 4614 et
1099 4560 1318 4619 calceis,
1353 4558 1553 4627 quibus
1595 4565 1711 4610 erat
1743 4556 1987 4617 indutus,
2027 4554 2122 4609 sed
2189 4555 2351 4607 etiam

788 4670 910 4709 cum
949 4653 1224 4722 stragulis.
1267 4652 1321 4705 in
1380 4652 1578 4718 quibus
1629 4649 1867 4718 jaeebat,
1900 4649 1950 4700 in
1979 4648 2151 4717 lignea
2194 4662 2354 4714 capsa

791 4749 871 4801 sic
957 4743 1297 4812 impositum,
1362 4741 1511 4794 humi
1568 4740 1812 4794 condunt
1859 4755 2007 4800 eum,
2072 4738 2159 4806 qui
2225 4738 2357 4792 nihil

793 4837 1025 4892 habebat
1056 4835 1278 4904 dignum
1313 4832 1573 4894 tenebris,
1599 4833 1744 4884 nube
1782 4831 2005 4884 cumino
2040 4831 2233 4893 solem,
2267 4839 2357 4884 aut

791 4932 994 5003 lignum
1026 4926 1230 4993 modio,
1259 4933 1353 4979 aut
1377 4925 1579 4994 potius,
1609 4925 1652 4979 si
1689 4925 1882 4989 mavis,
1919 4925 1970 4978 in
2004 4925 2135 4979 cella
2189 4940 2356 4994 pena-

792 5024 872 5076 ria
907 5019 1364 5090 pretiosissimum
1390 5019 1729 5079 thesaurum,
1766 5025 1821 5070 et
1862 5018 1952 5086 qui
2016 5033 2122 5069 non
2179 5025 2358 5084 potest

792 5111 1057 5167 consumi.
1092 5109 1196 5164 Sed
1231 5109 1320 5162 ille
1351 5108 1426 5161 sic
1451 5108 1670 5175 quidem
1699 5107 1801 5161 fuit
1851 5108 2104 5161 conditus
2139 5125 2151 5160 :
2216 5105 2356 5162 Deus

792 5211 972 5255 autem
993 5216 1101 5253 non
1124 5213 1316 5268 passus
1333 5206 1552 5250 csteum
1570 5197 1755 5256 latere,
1783 5197 1877 5249 sed
1903 5212 2026 5249 eum
2051 5197 2227 5252 reddit
2249 5214 2358 5251 ma-

794 5292 1047 5347 nifestum
1079 5306 1240 5346 causa
1265 5291 1561 5343 multorum
1582 5287 1851 5345 utilitatis.
1887 5289 1975 5343 Sic
1999 5300 2178 5344 autem
2202 5290 2349 5344 facit.

861 5386 975 5440 Vll.
1013 5385 1106 5438 Vir
1128 5387 1344 5454 quidam
1379 5400 1407 5437 a
1442 5383 1632 5449 spiritu
1658 5383 1956 5436 vexabatur
2001 5383 2357 5448 dremoniaeo,

793 5478 939 5533 Elias
963 5479 1206 5540 nomine,
1239 5492 1360 5531 cum
1389 5484 1510 5545 post
1537 5486 1767 5529 mortem
1800 5475 1974 5528 sancti
2036 5490 2141 5526 non
2205 5476 2354 5528 inulti

794 5567 908 5622 dies
938 5569 1349 5636 praeteriissent.
1381 5566 1624 5634 Repente
1675 5566 1883 5619 accedit
1925 5565 1991 5620 ad
2024 5566 2352 5635 sepulcrum,

903 5745 943 5776 ¹⁰
975 5743 1118 5799 Ps'al.
1157 5761 1282 5807 xxx,
1307 5745 1357 5797 6.
1471 5744 1508 5774 “
1544 5741 1686 5798 Psal.
1720 5757 1878 5807 cxxv,
1912 5742 1963 5795 5.

2457 4567 2628 4626 rabat,
2667 4564 2766 4618 fuit
2807 4565 3069 4617 mirabilis
3099 4565 3306 4620 Curatio
3369 4566 3567 4616 Solutiu
3624 4566 3858 4630 sepulcri
3906 4569 4030 4634 pul-

2454 4657 2534 4710 vis
2605 4667 2858 4724 sumptus
2919 4672 3041 4709 cum
3101 4655 3243 4720 fide,
3306 4656 3501 4710 deinde
3560 4673 3696 4724 aqua
3762 4671 4029 4723 eonSper-

2455 4762 2567 4810 sus,
2605 4757 2697 4800 aut
2751 4757 2808 4800 ut
2841 4747 3034 4800 melius
3099 4748 3294 4804 dicam,
3339 4749 3456 4814 ejus
3505 4749 3777 4819 lacrymis,
3830 4761 3884 4802 et
3927 4751 4033 4800 im-

2457 4838 2667 4906 positus
2728 4838 2866 4905 parti
2922 4837 3193 4902 corporis,
3237 4853 3355 4905 qua:
3400 4840 3534 4892 male
3564 4855 3618 4892 se
3655 4840 3904 4892 habebat.
3977 4843 4038 4892 Et

2465 4930 2588 4982 ideo
2649 4944 2772 4982 cum
2844 4929 3170 4983 seminasset
3227 4930 3281 4983 in
3340 4931 3592 5001 lacrymis
3641 4931 3901 4984 ferventis
3983 4934 4033 4983 in

2464 5023 2630 5073 Deum
2693 5021 2839 5086 fidei,
2888 5023 3113 5075 niessuit
3172 5021 3583 5076 exsultationem
3621 5023 3920 5074 curationis
3971 5027 4034 5073 “.

2462 5113 2578 5167 Non
2613 5115 2798 5182 paucis
2825 5128 3038 5181 quoque
3077 5113 3194 5166 aliis
3242 5114 3380 5167 male
3433 5114 3662 5174 affectis,
3724 5115 3815 5177 qui
3874 5113 4037 5176 longe

2464 5204 2707 5269 aberant,
2746 5207 2847 5258 tide
2908 5215 3223 5257 autemnon
3260 5215 3411 5259 erant
3467 5206 3643 5275 longe,
3695 5205 3786 5257 hic
3851 5208 4036 5272 pulvis

2466 5293 2530 5348 ad
2567 5310 2659 5348 eos
2689 5295 2904 5358 allatus,
2941 5301 3084 5349 visus
3136 5306 3217 5349 est
3283 5307 3468 5365 aptum
3527 5297 3579 5348 in
3643 5296 3790 5349 omni
3839 5299 4037 5349 morbo

2469 5383 2942 5446 medicamentum,
2976 5393 3030 5436 et
3055 5384 3195 5452 quod
3229 5385 3412 5436 multis
3440 5398 3650 5450 quoque
3671 5383 3788 5434 aliis
3855 5384 4037 5434 modis

2468 5485 2580 5526 erat
2612 5476 3085 5544 jucundissimum.
3113 5476 3244 5528 Nam
3272 5493 3392 5530 cum
3457 5493 3543 5541 eo,
3606 5477 3748 5544 quod
3804 5476 4041 5528 curabat

2469 5568 2791 5635 certissime,
2873 5569 3103 5622 habebat
3157 5570 3317 5622 etiam
3383 5568 3737 5633 celeritatem,
3797 5579 3853 5622 et
3908 5585 4039 5622 cum
