  <div class='ocr_page' id='page_1' title='image "/cluster/home/n/w/nwhite01/storage/ocr_20150623/115/nnc1.0046980261/256.png"; bbox 0 0 4226 6436; ppageno 0'>
   <div class='ocr_carea' id='block_1_1' title="bbox 177 445 287 513">
    <p class='ocr_par' dir='ltr' id='par_1_1' title="bbox 177 445 287 513">
     <span class='ocr_line' id='line_1_1' title="bbox 177 445 287 513; baseline 0.045 -5"><span class='ocrx_word' id='word_1_1' title='bbox 177 445 287 513; x_wconf 71' lang='grc'>493</span> 
     </span>
    </p>
   </div>
   <div class='ocr_carea' id='block_1_2' title="bbox 1468 449 2177 511">
    <p class='ocr_par' dir='ltr' id='par_1_2' title="bbox 1468 449 2177 511">
     <span class='ocr_line' id='line_1_2' title="bbox 1468 449 2177 511; baseline 0.001 -1"><span class='ocrx_word' id='word_1_2' title='bbox 1468 451 1644 510; x_wconf 83' lang='lat' dir='ltr'><strong>VITA</strong></span> <span class='ocrx_word' id='word_1_3' title='bbox 1684 450 1744 509; x_wconf 91' lang='lat' dir='ltr'><strong>S.</strong></span> <span class='ocrx_word' id='word_1_4' title='bbox 1779 449 2177 511; x_wconf 82' lang='lat' dir='ltr'><strong>EUDOCIMI.</strong></span> 
     </span>
    </p>
   </div>
   <div class='ocr_carea' id='block_1_3' title="bbox 3335 447 3441 512">
    <p class='ocr_par' dir='ltr' id='par_1_3' title="bbox 3335 447 3441 512">
     <span class='ocr_line' id='line_1_3' title="bbox 3335 447 3441 512; baseline 0.028 -3"><span class='ocrx_word' id='word_1_5' title='bbox 3335 447 3441 512; x_wconf 72' lang='grc'><strong>494</strong></span> 
     </span>
    </p>
   </div>
   <div class='ocr_carea' id='block_1_4' title="bbox 174 563 3439 634">
    <p class='ocr_par' dir='ltr' id='par_1_4' title="bbox 174 563 3439 634">
     <span class='ocr_line' id='line_1_4' title="bbox 174 563 3439 634; baseline -0.001 -12"><span class='ocrx_word' id='word_1_6' title='bbox 174 566 479 630; x_wconf 76' lang='lat' dir='ltr'><strong>celeritate,</strong></span> <span class='ocrx_word' id='word_1_7' title='bbox 518 564 778 621; x_wconf 82' lang='lat' dir='ltr'><strong>molestia:</strong></span> <span class='ocrx_word' id='word_1_8' title='bbox 810 567 1156 632; x_wconf 78' lang='lat' dir='ltr'><strong>vacuitatem,</strong></span> <span class='ocrx_word' id='word_1_9' title='bbox 1187 578 1239 621; x_wconf 87' lang='lat' dir='ltr'><strong>et</strong></span> <span class='ocrx_word' id='word_1_10' title='bbox 1298 583 1420 622; x_wconf 92' lang='lat' dir='ltr'><strong>cum</strong></span> <span class='ocrx_word' id='word_1_11' title='bbox 1493 567 1756 622; x_wconf 70' lang='lat' dir='ltr'><strong>molestiae</strong></span> <span class='ocrx_word' id='word_1_12' title='bbox 1787 575 1829 628; x_wconf 84' lang='grc' dir='ltr'><strong>Α</strong></span> <span class='ocrx_word' id='word_1_13' title='bbox 1860 567 2143 630; x_wconf 86' lang='lat' dir='ltr'><strong>rationem,</strong></span> <span class='ocrx_word' id='word_1_14' title='bbox 2171 567 2434 630; x_wconf 87' lang='lat' dir='ltr'><strong>ipsorum,</strong></span> <span class='ocrx_word' id='word_1_15' title='bbox 2475 565 2713 633; x_wconf 80' lang='lat' dir='ltr'><strong>inquam,</strong></span> <span class='ocrx_word' id='word_1_16' title='bbox 2753 563 3109 634; x_wconf 75' lang='lat' dir='ltr'><strong>malignorum</strong></span> <span class='ocrx_word' id='word_1_17' title='bbox 3149 564 3439 634; x_wconf 80' lang='lat' dir='ltr'><strong>spirituum</strong></span> 
     </span>
    </p>
   </div>
   <div class='ocr_carea' id='block_1_5' title="bbox 178 660 1754 728">
    <p class='ocr_par' dir='ltr' id='par_1_5' title="bbox 178 660 1754 728">
     <span class='ocr_line' id='line_1_5' title="bbox 178 660 1754 728; baseline 0.003 -17"><span class='ocrx_word' id='word_1_18' title='bbox 178 660 472 721; x_wconf 70' lang='lat' dir='ltr'><strong>vacuitate,</strong></span> <span class='ocrx_word' id='word_1_19' title='bbox 531 661 675 728; x_wconf 86' lang='lat' dir='ltr'><strong>quod</strong></span> <span class='ocrx_word' id='word_1_20' title='bbox 702 662 847 714; x_wconf 84' lang='lat' dir='ltr'><strong>nulla</strong></span> <span class='ocrx_word' id='word_1_21' title='bbox 873 661 1224 716; x_wconf 86' lang='lat' dir='ltr'><strong>cratomnino</strong></span> <span class='ocrx_word' id='word_1_22' title='bbox 1245 660 1499 715; x_wconf 85' lang='lat' dir='ltr'><strong>solvenda</strong></span> <span class='ocrx_word' id='word_1_23' title='bbox 1522 677 1754 727; x_wconf 86' lang='lat' dir='ltr'><strong>merces,</strong></span> 
     </span>
    </p>
   </div>
   <div class='ocr_carea' id='block_1_6' title="bbox 172 750 1758 822">
    <p class='ocr_par' dir='ltr' id='par_1_6' title="bbox 172 750 1758 822">
     <span class='ocr_line' id='line_1_6' title="bbox 172 750 1758 822; baseline 0.003 -18"><span class='ocrx_word' id='word_1_24' title='bbox 172 760 229 804; x_wconf 87' lang='lat' dir='ltr'><strong>et</strong></span> <span class='ocrx_word' id='word_1_25' title='bbox 268 750 403 803; x_wconf 90' lang='lat' dir='ltr'><strong>nihil</strong></span> <span class='ocrx_word' id='word_1_26' title='bbox 445 750 661 819; x_wconf 86' lang='lat' dir='ltr'><strong>penitus</strong></span> <span class='ocrx_word' id='word_1_27' title='bbox 693 752 877 806; x_wconf 88' lang='lat' dir='ltr'><strong>damni</strong></span> <span class='ocrx_word' id='word_1_28' title='bbox 914 753 1305 822; x_wconf 79' lang='lat' dir='ltr'><strong>accipiebatur.</strong></span> <span class='ocrx_word' id='word_1_29' title='bbox 1384 754 1612 807; x_wconf 80' lang='lat' dir='ltr'><strong>Deﬁciet</strong></span> <span class='ocrx_word' id='word_1_30' title='bbox 1669 767 1758 808; x_wconf 89' lang='lat' dir='ltr'><strong>me</strong></span> 
     </span>
    </p>
   </div>
   <div class='ocr_carea' id='block_1_7' title="bbox 176 845 1759 915">
    <p class='ocr_par' dir='ltr' id='par_1_7' title="bbox 176 845 1759 915">
     <span class='ocr_line' id='line_1_7' title="bbox 176 845 1759 915; baseline 0.002 -20"><span class='ocrx_word' id='word_1_31' title='bbox 176 845 392 911; x_wconf 73' lang='lat' dir='ltr'><strong>tempus</strong></span> <span class='ocrx_word' id='word_1_32' title='bbox 439 852 492 898; x_wconf 86' lang='lat' dir='ltr'><strong>et</strong></span> <span class='ocrx_word' id='word_1_33' title='bbox 522 845 716 909; x_wconf 82' lang='lat' dir='ltr'><strong>oratio,</strong></span> <span class='ocrx_word' id='word_1_34' title='bbox 758 846 1094 915; x_wconf 83' lang='lat' dir='ltr'><strong>defectaeque</strong></span> <span class='ocrx_word' id='word_1_35' title='bbox 1134 855 1297 900; x_wconf 88' lang='lat' dir='ltr'><strong>erunt</strong></span> <span class='ocrx_word' id='word_1_36' title='bbox 1359 862 1553 899; x_wconf 88' lang='lat' dir='ltr'><strong>manus</strong></span> <span class='ocrx_word' id='word_1_37' title='bbox 1626 849 1759 901; x_wconf 88' lang='lat' dir='ltr'><strong>scri-</strong></span> 
     </span>
    </p>
   </div>
   <div class='ocr_carea' id='block_1_8' title="bbox 170 935 1759 1005">
    <p class='ocr_par' dir='ltr' id='par_1_8' title="bbox 170 935 1759 1005">
     <span class='ocr_line' id='line_1_8' title="bbox 170 935 1759 1005; baseline 0.005 -20"><span class='ocrx_word' id='word_1_38' title='bbox 170 935 381 1002; x_wconf 87' lang='lat' dir='ltr'><strong>ptionis</strong></span> <span class='ocrx_word' id='word_1_39' title='bbox 440 938 587 1005; x_wconf 80' lang='lat' dir='ltr'><strong>operi</strong></span> <span class='ocrx_word' id='word_1_40' title='bbox 649 940 972 996; x_wconf 90' lang='lat' dir='ltr'><strong>servientes.</strong></span> <span class='ocrx_word' id='word_1_41' title='bbox 1063 938 1109 993; x_wconf 86' lang='lat' dir='ltr'><strong>si</strong></span> <span class='ocrx_word' id='word_1_42' title='bbox 1174 939 1507 993; x_wconf 87' lang='lat' dir='ltr'><strong>voluerimus</strong></span> <span class='ocrx_word' id='word_1_43' title='bbox 1578 940 1759 993; x_wconf 81' lang='lat' dir='ltr'><strong>omnia</strong></span> 
     </span>
    </p>
   </div>
   <div class='ocr_carea' id='block_1_9' title="bbox 174 1026 1759 1100">
    <p class='ocr_par' dir='ltr' id='par_1_9' title="bbox 174 1026 1759 1100">
     <span class='ocr_line' id='line_1_9' title="bbox 174 1026 1759 1100; baseline 0.004 -23"><span class='ocrx_word' id='word_1_44' title='bbox 174 1026 674 1095; x_wconf 73' lang='lat' dir='ltr'><strong>comprehendere,</strong></span> <span class='ocrx_word' id='word_1_45' title='bbox 738 1045 857 1097; x_wconf 76' lang='lat' dir='ltr'><strong>qua:</strong></span> <span class='ocrx_word' id='word_1_46' title='bbox 922 1038 976 1083; x_wconf 89' lang='lat' dir='ltr'><strong>et</strong></span> <span class='ocrx_word' id='word_1_47' title='bbox 1052 1030 1207 1100; x_wconf 89' lang='lat' dir='ltr'><strong>prius</strong></span> <span class='ocrx_word' id='word_1_48' title='bbox 1290 1030 1401 1095; x_wconf 87' lang='lat' dir='ltr'><strong>ille,</strong></span> <span class='ocrx_word' id='word_1_49' title='bbox 1501 1030 1591 1086; x_wconf 88' lang='lat' dir='ltr'><strong>ubi</strong></span> <span class='ocrx_word' id='word_1_50' title='bbox 1659 1030 1759 1083; x_wconf 88' lang='lat' dir='ltr'><strong>fuit</strong></span> 
     </span>
    </p>
   </div>
   <div class='ocr_carea' id='block_1_10' title="bbox 170 1120 1756 1192">
    <p class='ocr_par' dir='ltr' id='par_1_10' title="bbox 170 1120 1756 1192">
     <span class='ocr_line' id='line_1_10' title="bbox 170 1120 1756 1192; baseline 0.005 -24"><span class='ocrx_word' id='word_1_51' title='bbox 170 1120 442 1185; x_wconf 83' lang='lat' dir='ltr'><strong>sepultus,</strong></span> <span class='ocrx_word' id='word_1_52' title='bbox 481 1127 534 1171; x_wconf 89' lang='lat' dir='ltr'><strong>ct</strong></span> <span class='ocrx_word' id='word_1_53' title='bbox 567 1133 711 1174; x_wconf 90' lang='lat' dir='ltr'><strong>nunc</strong></span> <span class='ocrx_word' id='word_1_54' title='bbox 744 1121 851 1175; x_wconf 83' lang='lat' dir='ltr'><strong>huc</strong></span> <span class='ocrx_word' id='word_1_55' title='bbox 881 1136 1105 1192; x_wconf 90' lang='lat' dir='ltr'><strong>quoque</strong></span> <span class='ocrx_word' id='word_1_56' title='bbox 1140 1121 1457 1187; x_wconf 89' lang='lat' dir='ltr'><strong>translatus,</strong></span> <span class='ocrx_word' id='word_1_57' title='bbox 1492 1122 1621 1177; x_wconf 90' lang='lat' dir='ltr'><strong>facit</strong></span> <span class='ocrx_word' id='word_1_58' title='bbox 1656 1124 1756 1176; x_wconf 89' lang='lat' dir='ltr'><strong>mi-</strong></span> 
     </span>
    </p>
   </div>
   <div class='ocr_carea' id='block_1_11' title="bbox 172 1212 380 1265">
    <p class='ocr_par' dir='ltr' id='par_1_11' title="bbox 172 1212 380 1265">
     <span class='ocr_line' id='line_1_11' title="bbox 172 1212 380 1265; baseline 0.024 -5"><span class='ocrx_word' id='word_1_59' title='bbox 172 1212 380 1265; x_wconf 83' lang='lat' dir='ltr'><strong>racula.</strong></span> 
     </span>
    </p>
   </div>
   <div class='ocr_carea' id='block_1_12' title="bbox 244 1300 1753 1370">
    <p class='ocr_par' dir='ltr' id='par_1_12' title="bbox 244 1300 1753 1370">
     <span class='ocr_line' id='line_1_12' title="bbox 244 1300 1753 1370; baseline 0.003 -16"><span class='ocrx_word' id='word_1_60' title='bbox 244 1300 313 1355; x_wconf 83' lang='grc' dir='ltr'><strong>Χ.</strong></span> <span class='ocrx_word' id='word_1_61' title='bbox 353 1300 621 1366; x_wconf 85' lang='lat' dir='ltr'><strong>Quoniam</strong></span> <span class='ocrx_word' id='word_1_62' title='bbox 653 1318 835 1360; x_wconf 89' lang='lat' dir='ltr'><strong>autem</strong></span> <span class='ocrx_word' id='word_1_63' title='bbox 872 1307 1250 1362; x_wconf 79' lang='lat' dir='ltr'><strong>translationis</strong></span> <span class='ocrx_word' id='word_1_64' title='bbox 1278 1306 1529 1361; x_wconf 84' lang='lat' dir='ltr'><strong>meminit</strong></span> <span class='ocrx_word' id='word_1_65' title='bbox 1557 1308 1753 1370; x_wconf 88' lang='lat' dir='ltr'><strong>oratio,</strong></span> 
     </span>
    </p>
   </div>
   <div class='ocr_carea' id='block_1_13' title="bbox 169 1390 1755 1467">
    <p class='ocr_par' dir='ltr' id='par_1_13' title="bbox 169 1390 1755 1467">
     <span class='ocr_line' id='line_1_13' title="bbox 169 1390 1755 1467; baseline 0.007 -26"><span class='ocrx_word' id='word_1_66' title='bbox 169 1390 238 1442; x_wconf 84' lang='lat' dir='ltr'><strong>de</strong></span> <span class='ocrx_word' id='word_1_67' title='bbox 313 1406 375 1445; x_wconf 90' lang='lat' dir='ltr'><strong>ea</strong></span> <span class='ocrx_word' id='word_1_68' title='bbox 431 1409 649 1463; x_wconf 89' lang='lat' dir='ltr'><strong>quoque</strong></span> <span class='ocrx_word' id='word_1_69' title='bbox 719 1397 1062 1451; x_wconf 85' lang='lat' dir='ltr'><strong>tractandum</strong></span> <span class='ocrx_word' id='word_1_70' title='bbox 1132 1405 1235 1463; x_wconf 76' lang='lat' dir='ltr'><strong>est,</strong></span> <span class='ocrx_word' id='word_1_71' title='bbox 1296 1398 1755 1467; x_wconf 81' lang='lat' dir='ltr'><strong>quemadmodum</strong></span> 
     </span>
    </p>
   </div>
   <div class='ocr_carea' id='block_1_14' title="bbox 164 1483 1760 1559">
    <p class='ocr_par' dir='ltr' id='par_1_14' title="bbox 164 1483 1760 1559">
     <span class='ocr_line' id='line_1_14' title="bbox 164 1483 1760 1559; baseline 0.006 -25"><span class='ocrx_word' id='word_1_72' title='bbox 164 1483 311 1536; x_wconf 85' lang='lat' dir='ltr'><strong>facta</strong></span> <span class='ocrx_word' id='word_1_73' title='bbox 345 1485 417 1539; x_wconf 89' lang='lat' dir='ltr'><strong>sit</strong></span> <span class='ocrx_word' id='word_1_74' title='bbox 451 1496 500 1540; x_wconf 89' lang='lat' dir='ltr'><strong>et</strong></span> <span class='ocrx_word' id='word_1_75' title='bbox 543 1503 790 1556; x_wconf 75' lang='lat' dir='ltr'><strong>quamam</strong></span> <span class='ocrx_word' id='word_1_76' title='bbox 826 1490 1195 1554; x_wconf 84' lang='lat' dir='ltr'><strong>fueritcausa,</strong></span> <span class='ocrx_word' id='word_1_77' title='bbox 1242 1491 1386 1559; x_wconf 89' lang='lat' dir='ltr'><strong>quod</strong></span> <span class='ocrx_word' id='word_1_78' title='bbox 1428 1492 1572 1545; x_wconf 88' lang='lat' dir='ltr'><strong>illius</strong></span> <span class='ocrx_word' id='word_1_79' title='bbox 1639 1508 1760 1546; x_wconf 93' lang='lat' dir='ltr'><strong>cor-</strong></span> 
     </span>
    </p>
   </div>
   <div class='ocr_carea' id='block_1_15' title="bbox 170 1579 1756 1655">
    <p class='ocr_par' dir='ltr' id='par_1_15' title="bbox 170 1579 1756 1655">
     <span class='ocr_line' id='line_1_15' title="bbox 170 1579 1756 1655; baseline 0.005 -26"><span class='ocrx_word' id='word_1_80' title='bbox 170 1592 273 1643; x_wconf 88' lang='lat' dir='ltr'><strong>pus</strong></span> <span class='ocrx_word' id='word_1_81' title='bbox 293 1579 566 1647; x_wconf 88' lang='lat' dir='ltr'><strong>sepultum</strong></span> <span class='ocrx_word' id='word_1_82' title='bbox 595 1581 648 1633; x_wconf 90' lang='lat' dir='ltr'><strong>in</strong></span> <span class='ocrx_word' id='word_1_83' title='bbox 674 1581 869 1636; x_wconf 86' lang='lat' dir='ltr'><strong>finibus</strong></span> <span class='ocrx_word' id='word_1_84' title='bbox 893 1582 1201 1647; x_wconf 86' lang='lat' dir='ltr'><strong>Charsiani,</strong></span> <span class='ocrx_word' id='word_1_85' title='bbox 1222 1584 1291 1638; x_wconf 91' lang='lat' dir='ltr'><strong>sit</strong></span> <span class='ocrx_word' id='word_1_86' title='bbox 1318 1586 1369 1637; x_wconf 91' lang='lat' dir='ltr'><strong>in</strong></span> <span class='ocrx_word' id='word_1_87' title='bbox 1389 1585 1534 1639; x_wconf 84' lang='lat' dir='ltr'><strong>hanc</strong></span> <span class='ocrx_word' id='word_1_88' title='bbox 1552 1586 1756 1655; x_wconf 87' lang='lat' dir='ltr'><strong>regiam</strong></span> 
     </span>
    </p>
   </div>
   <div class='ocr_carea' id='block_1_16' title="bbox 168 1673 1758 1748">
    <p class='ocr_par' dir='ltr' id='par_1_16' title="bbox 168 1673 1758 1748">
     <span class='ocr_line' id='line_1_16' title="bbox 168 1673 1758 1748; baseline 0.004 -23"><span class='ocrx_word' id='word_1_89' title='bbox 168 1673 492 1726; x_wconf 88' lang='lat' dir='ltr'><strong>translatum</strong></span> <span class='ocrx_word' id='word_1_90' title='bbox 521 1674 816 1730; x_wconf 81' lang='lat' dir='ltr'><strong>civitatem.</strong></span> <span class='ocrx_word' id='word_1_91' title='bbox 854 1677 1045 1748; x_wconf 87' lang='lat' dir='ltr'><strong>Magna</strong></span> <span class='ocrx_word' id='word_1_92' title='bbox 1088 1687 1142 1731; x_wconf 87' lang='lat' dir='ltr'><strong>et</strong></span> <span class='ocrx_word' id='word_1_93' title='bbox 1195 1681 1347 1732; x_wconf 78' lang='lat' dir='ltr'><strong>velox</strong></span> <span class='ocrx_word' id='word_1_94' title='bbox 1411 1694 1530 1746; x_wconf 79' lang='lat' dir='ltr'><strong>ejus</strong></span> <span class='ocrx_word' id='word_1_95' title='bbox 1595 1680 1758 1732; x_wconf 89' lang='lat' dir='ltr'><strong>mira-</strong></span> 
     </span>
    </p>
   </div>
   <div class='ocr_carea' id='block_1_17' title="bbox 168 1765 1756 1839">
    <p class='ocr_par' dir='ltr' id='par_1_17' title="bbox 168 1765 1756 1839">
     <span class='ocr_line' id='line_1_17' title="bbox 168 1765 1756 1839; baseline 0.004 -22"><span class='ocrx_word' id='word_1_96' title='bbox 168 1765 421 1819; x_wconf 90' lang='lat' dir='ltr'><strong>culorum</strong></span> <span class='ocrx_word' id='word_1_97' title='bbox 471 1766 614 1821; x_wconf 87' lang='lat' dir='ltr'><strong>fama</strong></span> <span class='ocrx_word' id='word_1_98' title='bbox 674 1770 727 1821; x_wconf 91' lang='lat' dir='ltr'><strong>in</strong></span> <span class='ocrx_word' id='word_1_99' title='bbox 804 1785 999 1825; x_wconf 87' lang='lat' dir='ltr'><strong>omnes</strong></span> <span class='ocrx_word' id='word_1_100' title='bbox 1054 1780 1238 1839; x_wconf 88' lang='lat' dir='ltr'><strong>partes</strong></span> <span class='ocrx_word' id='word_1_101' title='bbox 1292 1771 1644 1839; x_wconf 86' lang='lat' dir='ltr'><strong>pervadebat,</strong></span> <span class='ocrx_word' id='word_1_102' title='bbox 1699 1779 1756 1824; x_wconf 87' lang='lat' dir='ltr'><strong>et</strong></span> 
     </span>
    </p>
   </div>
   <div class='ocr_carea' id='block_1_18' title="bbox 164 1855 1751 1929">
    <p class='ocr_par' dir='ltr' id='par_1_18' title="bbox 164 1855 1751 1929">
     <span class='ocr_line' id='line_1_18' title="bbox 164 1855 1751 1929; baseline 0.003 -21"><span class='ocrx_word' id='word_1_103' title='bbox 164 1855 429 1923; x_wconf 85' lang='lat' dir='ltr'><strong>implebat</strong></span> <span class='ocrx_word' id='word_1_104' title='bbox 456 1872 613 1911; x_wconf 87' lang='lat' dir='ltr'><strong>aures</strong></span> <span class='ocrx_word' id='word_1_105' title='bbox 636 1860 919 1915; x_wconf 89' lang='lat' dir='ltr'><strong>omnium:</strong></span> <span class='ocrx_word' id='word_1_106' title='bbox 956 1870 1222 1914; x_wconf 85' lang='lat' dir='ltr'><strong>ernatura</strong></span> <span class='ocrx_word' id='word_1_107' title='bbox 1260 1860 1478 1929; x_wconf 83' lang='lat' dir='ltr'><strong>quidem</strong></span> <span class='ocrx_word' id='word_1_108' title='bbox 1542 1861 1621 1914; x_wconf 89' lang='lat' dir='ltr'><strong>sic</strong></span> <span class='ocrx_word' id='word_1_109' title='bbox 1657 1861 1751 1913; x_wconf 84' lang='lat' dir='ltr'><strong>ha-</strong></span> 
     </span>
    </p>
   </div>
   <div class='ocr_carea' id='block_1_19' title="bbox 174 1947 1754 2023">
    <p class='ocr_par' dir='ltr' id='par_1_19' title="bbox 174 1947 1754 2023">
     <span class='ocr_line' id='line_1_19' title="bbox 174 1947 1754 2023; baseline 0.006 -24"><span class='ocrx_word' id='word_1_110' title='bbox 174 1947 362 2011; x_wconf 88' lang='lat' dir='ltr'><strong>bebat,</strong></span> <span class='ocrx_word' id='word_1_111' title='bbox 387 1963 532 2003; x_wconf 86' lang='lat' dir='ltr'><strong>nunc</strong></span> <span class='ocrx_word' id='word_1_112' title='bbox 558 1959 740 2003; x_wconf 87' lang='lat' dir='ltr'><strong>autem</strong></span> <span class='ocrx_word' id='word_1_113' title='bbox 777 1951 1018 2006; x_wconf 83' lang='lat' dir='ltr'><strong>velocior</strong></span> <span class='ocrx_word' id='word_1_114' title='bbox 1048 1968 1266 2022; x_wconf 88' lang='lat' dir='ltr'><strong>quoque</strong></span> <span class='ocrx_word' id='word_1_115' title='bbox 1297 1953 1441 2008; x_wconf 89' lang='lat' dir='ltr'><strong>facta</strong></span> <span class='ocrx_word' id='word_1_116' title='bbox 1476 1964 1561 2009; x_wconf 90' lang='lat' dir='ltr'><strong>cst</strong></span> <span class='ocrx_word' id='word_1_117' title='bbox 1624 1970 1754 2023; x_wconf 89' lang='lat' dir='ltr'><strong>pro-</strong></span> 
     </span>
    </p>
   </div>
   <div class='ocr_carea' id='block_1_20' title="bbox 168 2040 1753 2119">
    <p class='ocr_par' dir='ltr' id='par_1_20' title="bbox 168 2040 1753 2119">
     <span class='ocr_line' id='line_1_20' title="bbox 168 2040 1753 2119; baseline 0.004 -28"><span class='ocrx_word' id='word_1_118' title='bbox 168 2046 294 2111; x_wconf 88' lang='lat' dir='ltr'><strong>pter</strong></span> <span class='ocrx_word' id='word_1_119' title='bbox 322 2040 397 2095; x_wconf 87' lang='lat' dir='ltr'><strong>rei</strong></span> <span class='ocrx_word' id='word_1_120' title='bbox 428 2042 753 2097; x_wconf 83' lang='lat' dir='ltr'><strong>novitatem.</strong></span> <span class='ocrx_word' id='word_1_121' title='bbox 783 2041 889 2098; x_wconf 86' lang='lat' dir='ltr'><strong>Ubi</strong></span> <span class='ocrx_word' id='word_1_122' title='bbox 921 2046 1069 2099; x_wconf 88' lang='lat' dir='ltr'><strong>enim</strong></span> <span class='ocrx_word' id='word_1_123' title='bbox 1126 2047 1430 2115; x_wconf 73' lang='lat' dir='ltr'><strong>speraverit</strong></span> <span class='ocrx_word' id='word_1_124' title='bbox 1459 2046 1753 2119; x_wconf 84' lang='lat' dir='ltr'><strong>quispiam,</strong></span> 
     </span>
    </p>
   </div>
   <div class='ocr_carea' id='block_1_21' title="bbox 169 2134 1756 2212">
    <p class='ocr_par' dir='ltr' id='par_1_21' title="bbox 169 2134 1756 2212">
     <span class='ocr_line' id='line_1_21' title="bbox 169 2134 1756 2212; baseline 0.007 -25"><span class='ocrx_word' id='word_1_125' title='bbox 169 2134 453 2190; x_wconf 87' lang='lat' dir='ltr'><strong>hominem</strong></span> <span class='ocrx_word' id='word_1_126' title='bbox 488 2137 543 2190; x_wconf 91' lang='lat' dir='ltr'><strong>in</strong></span> <span class='ocrx_word' id='word_1_127' title='bbox 569 2139 772 2194; x_wconf 89' lang='lat' dir='ltr'><strong>mundo</strong></span> <span class='ocrx_word' id='word_1_128' title='bbox 812 2142 1113 2204; x_wconf 88' lang='lat' dir='ltr'><strong>viventem,</strong></span> <span class='ocrx_word' id='word_1_129' title='bbox 1147 2151 1201 2196; x_wconf 88' lang='lat' dir='ltr'><strong>et</strong></span> <span class='ocrx_word' id='word_1_130' title='bbox 1231 2144 1321 2211; x_wconf 87' lang='lat' dir='ltr'><strong>qui</strong></span> <span class='ocrx_word' id='word_1_131' title='bbox 1383 2143 1567 2212; x_wconf 89' lang='lat' dir='ltr'><strong>populi</strong></span> <span class='ocrx_word' id='word_1_132' title='bbox 1634 2160 1756 2198; x_wconf 85' lang='lat' dir='ltr'><strong>sus-</strong></span> 
     </span>
    </p>
   </div>
   <div class='ocr_carea' id='block_1_22' title="bbox 171 2230 1754 2303">
    <p class='ocr_par' dir='ltr' id='par_1_22' title="bbox 171 2230 1754 2303">
     <span class='ocr_line' id='line_1_22' title="bbox 171 2230 1754 2303; baseline 0.004 -22"><span class='ocrx_word' id='word_1_133' title='bbox 171 2238 396 2297; x_wconf 87' lang='lat' dir='ltr'><strong>ceperat</strong></span> <span class='ocrx_word' id='word_1_134' title='bbox 443 2230 1000 2294; x_wconf 83' lang='lat' dir='ltr'><strong>administrationem,</strong></span> <span class='ocrx_word' id='word_1_135' title='bbox 1062 2241 1116 2285; x_wconf 87' lang='lat' dir='ltr'><strong>et</strong></span> <span class='ocrx_word' id='word_1_136' title='bbox 1166 2232 1257 2301; x_wconf 89' lang='lat' dir='ltr'><strong>qui</strong></span> <span class='ocrx_word' id='word_1_137' title='bbox 1327 2233 1553 2303; x_wconf 79' lang='lat' dir='ltr'><strong>singulis</strong></span> <span class='ocrx_word' id='word_1_138' title='bbox 1603 2234 1754 2287; x_wconf 90' lang='lat' dir='ltr'><strong>horis</strong></span> 
     </span>
    </p>
   </div>
   <div class='ocr_carea' id='block_1_23' title="bbox 170 2319 1750 2392">
    <p class='ocr_par' dir='ltr' id='par_1_23' title="bbox 170 2319 1750 2392">
     <span class='ocr_line' id='line_1_23' title="bbox 170 2319 1750 2392; baseline 0.004 -21"><span class='ocrx_word' id='word_1_139' title='bbox 170 2320 339 2371; x_wconf 89' lang='lat' dir='ltr'><strong>tantis</strong></span> <span class='ocrx_word' id='word_1_140' title='bbox 364 2319 672 2386; x_wconf 84' lang='lat' dir='ltr'><strong>agitabatur</strong></span> <span class='ocrx_word' id='word_1_141' title='bbox 700 2319 979 2383; x_wconf 84' lang='lat' dir='ltr'><strong>fluctibus,</strong></span> <span class='ocrx_word' id='word_1_142' title='bbox 1014 2337 1175 2390; x_wconf 85' lang='lat' dir='ltr'><strong>posse</strong></span> <span class='ocrx_word' id='word_1_143' title='bbox 1210 2338 1307 2391; x_wconf 90' lang='lat' dir='ltr'><strong>per</strong></span> <span class='ocrx_word' id='word_1_144' title='bbox 1338 2338 1398 2378; x_wconf 90' lang='lat' dir='ltr'><strong>se</strong></span> <span class='ocrx_word' id='word_1_145' title='bbox 1441 2324 1750 2392; x_wconf 85' lang='lat' dir='ltr'><strong>quiescere,</strong></span> 
     </span>
    </p>
   </div>
   <div class='ocr_carea' id='block_1_24' title="bbox 169 2410 1754 2471">
    <p class='ocr_par' dir='ltr' id='par_1_24' title="bbox 169 2410 1754 2471">
     <span class='ocr_line' id='line_1_24' title="bbox 169 2410 1754 2471; baseline 0.005 -8"><span class='ocrx_word' id='word_1_146' title='bbox 169 2420 225 2463; x_wconf 87' lang='lat' dir='ltr'><strong>et</strong></span> <span class='ocrx_word' id='word_1_147' title='bbox 297 2410 614 2465; x_wconf 87' lang='lat' dir='ltr'><strong>interiorem</strong></span> <span class='ocrx_word' id='word_1_148' title='bbox 678 2412 955 2467; x_wconf 87' lang='lat' dir='ltr'><strong>hominem</strong></span> <span class='ocrx_word' id='word_1_149' title='bbox 1024 2414 1225 2470; x_wconf 84' lang='lat' dir='ltr'><strong>habere</strong></span> <span class='ocrx_word' id='word_1_150' title='bbox 1284 2415 1435 2469; x_wconf 89' lang='lat' dir='ltr'><strong>nulla</strong></span> <span class='ocrx_word' id='word_1_151' title='bbox 1501 2425 1754 2471; x_wconf 82' lang='lat' dir='ltr'><strong>vexatum</strong></span> 
     </span>
    </p>
   </div>
   <div class='ocr_carea' id='block_1_25' title="bbox 168 2501 1755 2573">
    <p class='ocr_par' dir='ltr' id='par_1_25' title="bbox 168 2501 1755 2573">
     <span class='ocr_line' id='line_1_25' title="bbox 168 2501 1755 2573; baseline 0.007 -21"><span class='ocrx_word' id='word_1_152' title='bbox 168 2501 443 2565; x_wconf 81' lang='lat' dir='ltr'><strong>molestia,</strong></span> <span class='ocrx_word' id='word_1_153' title='bbox 482 2502 790 2573; x_wconf 64' lang='lat' dir='ltr'><strong>illaesosque</strong></span> <span class='ocrx_word' id='word_1_154' title='bbox 815 2515 867 2559; x_wconf 92' lang='lat' dir='ltr'><strong>et</strong></span> <span class='ocrx_word' id='word_1_155' title='bbox 899 2505 1222 2560; x_wconf 88' lang='lat' dir='ltr'><strong>manifestos</strong></span> <span class='ocrx_word' id='word_1_156' title='bbox 1255 2506 1308 2559; x_wconf 89' lang='lat' dir='ltr'><strong>in</strong></span> <span class='ocrx_word' id='word_1_157' title='bbox 1342 2522 1399 2560; x_wconf 91' lang='lat' dir='ltr'><strong>se</strong></span> <span class='ocrx_word' id='word_1_158' title='bbox 1426 2522 1755 2563; x_wconf 80' lang='lat' dir='ltr'><strong>conservare</strong></span> 
     </span>
    </p>
   </div>
   <div class='ocr_carea' id='block_1_26' title="bbox 167 2595 1754 2665">
    <p class='ocr_par' dir='ltr' id='par_1_26' title="bbox 167 2595 1754 2665">
     <span class='ocr_line' id='line_1_26' title="bbox 167 2595 1754 2665; baseline 0.004 -19"><span class='ocrx_word' id='word_1_159' title='bbox 167 2605 326 2665; x_wconf 82' lang='lat' dir='ltr'><strong>typos</strong></span> <span class='ocrx_word' id='word_1_160' title='bbox 359 2595 451 2647; x_wconf 84' lang='lat' dir='ltr'><strong>Dei</strong></span> <span class='ocrx_word' id='word_1_161' title='bbox 482 2598 779 2659; x_wconf 67' lang='lat' dir='ltr'><strong>memoriae,</strong></span> <span class='ocrx_word' id='word_1_162' title='bbox 813 2606 867 2650; x_wconf 90' lang='lat' dir='ltr'><strong>et</strong></span> <span class='ocrx_word' id='word_1_163' title='bbox 933 2599 1053 2664; x_wconf 86' lang='lat' dir='ltr'><strong>ejus</strong></span> <span class='ocrx_word' id='word_1_164' title='bbox 1113 2607 1256 2651; x_wconf 84' lang='lat' dir='ltr'><strong>inetu</strong></span> <span class='ocrx_word' id='word_1_165' title='bbox 1320 2612 1413 2650; x_wconf 87' lang='lat' dir='ltr'><strong>cor</strong></span> <span class='ocrx_word' id='word_1_166' title='bbox 1477 2602 1754 2653; x_wconf 82' lang='lat' dir='ltr'><strong>custodire</strong></span> 
     </span>
    </p>
   </div>
   <div class='ocr_carea' id='block_1_27' title="bbox 166 2687 1749 2759">
    <p class='ocr_par' dir='ltr' id='par_1_27' title="bbox 166 2687 1749 2759">
     <span class='ocr_line' id='line_1_27' title="bbox 166 2687 1749 2759; baseline 0.004 -22"><span class='ocrx_word' id='word_1_167' title='bbox 166 2688 432 2739; x_wconf 89' lang='lat' dir='ltr'><strong>mundum</strong></span> <span class='ocrx_word' id='word_1_168' title='bbox 475 2688 543 2739; x_wconf 90' lang='lat' dir='ltr'><strong>ab</strong></span> <span class='ocrx_word' id='word_1_169' title='bbox 602 2687 856 2741; x_wconf 89' lang='lat' dir='ltr'><strong>omnibus</strong></span> <span class='ocrx_word' id='word_1_170' title='bbox 928 2688 1238 2742; x_wconf 83' lang='lat' dir='ltr'><strong>sordibus?</strong></span> <span class='ocrx_word' id='word_1_171' title='bbox 1299 2688 1431 2742; x_wconf 83' lang='lat' dir='ltr'><strong>Nam</strong></span> <span class='ocrx_word' id='word_1_172' title='bbox 1494 2690 1749 2759; x_wconf 81' lang='lat' dir='ltr'><strong>pietatem</strong></span> 
     </span>
    </p>
   </div>
   <div class='ocr_carea' id='block_1_28' title="bbox 165 2778 1755 2849">
    <p class='ocr_par' dir='ltr' id='par_1_28' title="bbox 165 2778 1755 2849">
     <span class='ocr_line' id='line_1_28' title="bbox 165 2778 1755 2849; baseline 0.006 -23"><span class='ocrx_word' id='word_1_173' title='bbox 165 2778 389 2842; x_wconf 79' lang='lat' dir='ltr'><strong>quidem</strong></span> <span class='ocrx_word' id='word_1_174' title='bbox 419 2791 696 2842; x_wconf 85' lang='lat' dir='ltr'><strong>exercere,</strong></span> <span class='ocrx_word' id='word_1_175' title='bbox 731 2788 788 2833; x_wconf 90' lang='lat' dir='ltr'><strong>et</strong></span> <span class='ocrx_word' id='word_1_176' title='bbox 818 2781 1071 2849; x_wconf 85' lang='lat' dir='ltr'><strong>amplecti</strong></span> <span class='ocrx_word' id='word_1_177' title='bbox 1103 2781 1469 2843; x_wconf 85' lang='lat' dir='ltr'><strong>honestatem,</strong></span> <span class='ocrx_word' id='word_1_178' title='bbox 1504 2781 1755 2837; x_wconf 86' lang='lat' dir='ltr'><strong>virtutis-</strong></span> 
     </span>
    </p>
   </div>
   <div class='ocr_carea' id='block_1_29' title="bbox 165 2870 1752 2941">
    <p class='ocr_par' dir='ltr' id='par_1_29' title="bbox 165 2870 1752 2941">
     <span class='ocr_line' id='line_1_29' title="bbox 165 2870 1752 2941; baseline 0.007 -23"><span class='ocrx_word' id='word_1_179' title='bbox 165 2884 272 2937; x_wconf 88' lang='lat' dir='ltr'><strong>que</strong></span> <span class='ocrx_word' id='word_1_180' title='bbox 303 2870 701 2941; x_wconf 85' lang='lat' dir='ltr'><strong>aliquantisper</strong></span> <span class='ocrx_word' id='word_1_181' title='bbox 756 2881 811 2927; x_wconf 89' lang='lat' dir='ltr'><strong>et</strong></span> <span class='ocrx_word' id='word_1_182' title='bbox 862 2874 955 2927; x_wconf 90' lang='lat' dir='ltr'><strong>Dei</strong></span> <span class='ocrx_word' id='word_1_183' title='bbox 1012 2874 1752 2941; x_wconf 88' lang='lat' dir='ltr'><strong>meminissemandatorum,</strong></span> 
     </span>
    </p>
   </div>
   <div class='ocr_carea' id='block_1_30' title="bbox 166 2963 1752 3039">
    <p class='ocr_par' dir='ltr' id='par_1_30' title="bbox 166 2963 1752 3039">
     <span class='ocr_line' id='line_1_30' title="bbox 166 2963 1752 3039; baseline 0.006 -26"><span class='ocrx_word' id='word_1_184' title='bbox 166 2968 217 3015; x_wconf 84' lang='lat' dir='ltr'><strong>in</strong></span> <span class='ocrx_word' id='word_1_185' title='bbox 245 2963 432 3017; x_wconf 87' lang='lat' dir='ltr'><strong>multis</strong></span> <span class='ocrx_word' id='word_1_186' title='bbox 462 2964 693 3018; x_wconf 80' lang='lat' dir='ltr'><strong>fortasse</strong></span> <span class='ocrx_word' id='word_1_187' title='bbox 748 2965 998 3018; x_wconf 74' lang='lat' dir='ltr'><strong>invenies</strong></span> <span class='ocrx_word' id='word_1_188' title='bbox 1060 2981 1125 3019; x_wconf 86' lang='lat' dir='ltr'><strong>ex</strong></span> <span class='ocrx_word' id='word_1_189' title='bbox 1187 2967 1255 3020; x_wconf 77' lang='lat' dir='ltr'><strong>iis</strong></span> <span class='ocrx_word' id='word_1_190' title='bbox 1311 2969 1496 3033; x_wconf 88' lang='lat' dir='ltr'><strong>etiam,</strong></span> <span class='ocrx_word' id='word_1_191' title='bbox 1549 2970 1640 3039; x_wconf 89' lang='lat' dir='ltr'><strong>qui</strong></span> <span class='ocrx_word' id='word_1_192' title='bbox 1698 2970 1752 3023; x_wconf 91' lang='lat' dir='ltr'><strong>in</strong></span> 
     </span>
    </p>
   </div>
   <div class='ocr_carea' id='block_1_31' title="bbox 166 3055 1754 3121">
    <p class='ocr_par' dir='ltr' id='par_1_31' title="bbox 166 3055 1754 3121">
     <span class='ocr_line' id='line_1_31' title="bbox 166 3055 1754 3121; baseline 0.005 -14"><span class='ocrx_word' id='word_1_193' title='bbox 166 3056 375 3109; x_wconf 74' lang='lat' dir='ltr'><strong>nmndo</strong></span> <span class='ocrx_word' id='word_1_194' title='bbox 406 3057 614 3109; x_wconf 84' lang='lat' dir='ltr'><strong>vivunt.</strong></span> <span class='ocrx_word' id='word_1_195' title='bbox 654 3055 773 3110; x_wconf 85' lang='lat' dir='ltr'><strong>Non</strong></span> <span class='ocrx_word' id='word_1_196' title='bbox 817 3057 961 3110; x_wconf 89' lang='lat' dir='ltr'><strong>enim</strong></span> <span class='ocrx_word' id='word_1_197' title='bbox 1020 3072 1113 3111; x_wconf 87' lang='lat' dir='ltr'><strong>eos</strong></span> <span class='ocrx_word' id='word_1_198' title='bbox 1143 3060 1367 3121; x_wconf 88' lang='lat' dir='ltr'><strong>omnino</strong></span> <span class='ocrx_word' id='word_1_199' title='bbox 1398 3062 1598 3114; x_wconf 84' lang='lat' dir='ltr'><strong>virtute</strong></span> <span class='ocrx_word' id='word_1_200' title='bbox 1650 3078 1754 3115; x_wconf 90' lang='lat' dir='ltr'><strong>nu-</strong></span> 
     </span>
    </p>
   </div>
   <div class='ocr_carea' id='block_1_32' title="bbox 164 3147 1753 3219">
    <p class='ocr_par' dir='ltr' id='par_1_32' title="bbox 164 3147 1753 3219">
     <span class='ocr_line' id='line_1_32' title="bbox 164 3147 1753 3219; baseline 0.005 -20"><span class='ocrx_word' id='word_1_201' title='bbox 164 3147 443 3208; x_wconf 83' lang='lat' dir='ltr'><strong>dabimus,</strong></span> <span class='ocrx_word' id='word_1_202' title='bbox 475 3155 529 3199; x_wconf 92' lang='lat' dir='ltr'><strong>et</strong></span> <span class='ocrx_word' id='word_1_203' title='bbox 566 3156 822 3216; x_wconf 71' lang='lat' dir='ltr'><strong>tanquam</strong></span> <span class='ocrx_word' id='word_1_204' title='bbox 872 3150 1147 3218; x_wconf 85' lang='lat' dir='ltr'><strong>propriam</strong></span> <span class='ocrx_word' id='word_1_205' title='bbox 1200 3152 1605 3219; x_wconf 85' lang='lat' dir='ltr'><strong>possessionem</strong></span> <span class='ocrx_word' id='word_1_206' title='bbox 1673 3154 1753 3207; x_wconf 87' lang='lat' dir='ltr'><strong>eis</strong></span> 
     </span>
    </p>
   </div>
   <div class='ocr_carea' id='block_1_33' title="bbox 165 3237 1753 3313">
    <p class='ocr_par' dir='ltr' id='par_1_33' title="bbox 165 3237 1753 3313">
     <span class='ocr_line' id='line_1_33' title="bbox 165 3237 1753 3313; baseline 0.007 -24"><span class='ocrx_word' id='word_1_207' title='bbox 165 3238 298 3290; x_wconf 86' lang='lat' dir='ltr'><strong>solis</strong></span> <span class='ocrx_word' id='word_1_208' title='bbox 342 3237 669 3301; x_wconf 87' lang='lat' dir='ltr'><strong>tribuemus,</strong></span> <span class='ocrx_word' id='word_1_209' title='bbox 702 3239 794 3309; x_wconf 93' lang='lat' dir='ltr'><strong>qui</strong></span> <span class='ocrx_word' id='word_1_210' title='bbox 835 3249 1016 3294; x_wconf 89' lang='lat' dir='ltr'><strong>sunta</strong></span> <span class='ocrx_word' id='word_1_211' title='bbox 1070 3244 1274 3297; x_wconf 87' lang='lat' dir='ltr'><strong>mundo</strong></span> <span class='ocrx_word' id='word_1_212' title='bbox 1333 3244 1591 3313; x_wconf 78' lang='lat' dir='ltr'><strong>separati.</strong></span> <span class='ocrx_word' id='word_1_213' title='bbox 1647 3244 1753 3300; x_wconf 86' lang='lat' dir='ltr'><strong>Sed</strong></span> 
     </span>
    </p>
   </div>
   <div class='ocr_carea' id='block_1_34' title="bbox 163 3331 1752 3401">
    <p class='ocr_par' dir='ltr' id='par_1_34' title="bbox 163 3331 1752 3401">
     <span class='ocr_line' id='line_1_34' title="bbox 163 3331 1752 3401; baseline 0.006 -18"><span class='ocrx_word' id='word_1_214' title='bbox 163 3331 230 3383; x_wconf 87' lang='lat' dir='ltr'><strong>ad</strong></span> <span class='ocrx_word' id='word_1_215' title='bbox 275 3339 484 3384; x_wconf 85' lang='lat' dir='ltr'><strong>tantam</strong></span> <span class='ocrx_word' id='word_1_216' title='bbox 512 3331 935 3401; x_wconf 87' lang='lat' dir='ltr'><strong>impatibilitatis</strong></span> <span class='ocrx_word' id='word_1_217' title='bbox 969 3344 1023 3388; x_wconf 87' lang='lat' dir='ltr'><strong>et</strong></span> <span class='ocrx_word' id='word_1_218' title='bbox 1046 3334 1261 3389; x_wconf 85' lang='lat' dir='ltr'><strong>virtutis</strong></span> <span class='ocrx_word' id='word_1_219' title='bbox 1325 3352 1446 3391; x_wconf 84' lang='lat' dir='ltr'><strong>esse</strong></span> <span class='ocrx_word' id='word_1_220' title='bbox 1501 3347 1752 3393; x_wconf 79' lang='lat' dir='ltr'><strong>evectum</strong></span> 
     </span>
    </p>
   </div>
   <div class='ocr_carea' id='block_1_35' title="bbox 163 3422 1753 3501">
    <p class='ocr_par' dir='ltr' id='par_1_35' title="bbox 163 3422 1753 3501">
     <span class='ocr_line' id='line_1_35' title="bbox 163 3422 1753 3501; baseline 0.007 -27"><span class='ocrx_word' id='word_1_221' title='bbox 163 3422 537 3485; x_wconf 88' lang='lat' dir='ltr'><strong>altitudinem,</strong></span> <span class='ocrx_word' id='word_1_222' title='bbox 568 3434 627 3476; x_wconf 93' lang='lat' dir='ltr'><strong>ut</strong></span> <span class='ocrx_word' id='word_1_223' title='bbox 667 3434 1038 3494; x_wconf 86' lang='lat' dir='ltr'><strong>consequatur</strong></span> <span class='ocrx_word' id='word_1_224' title='bbox 1067 3428 1189 3495; x_wconf 89' lang='lat' dir='ltr'><strong>quis</strong></span> <span class='ocrx_word' id='word_1_225' title='bbox 1215 3428 1441 3498; x_wconf 77' lang='lat' dir='ltr'><strong>gratiam</strong></span> <span class='ocrx_word' id='word_1_226' title='bbox 1482 3439 1535 3484; x_wconf 88' lang='lat' dir='ltr'><strong>et</strong></span> <span class='ocrx_word' id='word_1_227' title='bbox 1566 3432 1753 3501; x_wconf 85' lang='lat' dir='ltr'><strong>splen-</strong></span> 
     </span>
    </p>
   </div>
   <div class='ocr_carea' id='block_1_36' title="bbox 160 3512 1753 3589">
    <p class='ocr_par' dir='ltr' id='par_1_36' title="bbox 160 3512 1753 3589">
     <span class='ocr_line' id='line_1_36' title="bbox 160 3512 1753 3589; baseline 0.008 -26"><span class='ocrx_word' id='word_1_228' title='bbox 160 3512 353 3566; x_wconf 88' lang='lat' dir='ltr'><strong>dorem</strong></span> <span class='ocrx_word' id='word_1_229' title='bbox 389 3512 803 3577; x_wconf 89' lang='lat' dir='ltr'><strong>miraculorum,</strong></span> <span class='ocrx_word' id='word_1_230' title='bbox 842 3514 893 3568; x_wconf 94' lang='lat' dir='ltr'><strong>id</strong></span> <span class='ocrx_word' id='word_1_231' title='bbox 923 3530 1114 3569; x_wconf 91' lang='lat' dir='ltr'><strong>eorum</strong></span> <span class='ocrx_word' id='word_1_232' title='bbox 1152 3519 1325 3570; x_wconf 87' lang='lat' dir='ltr'><strong>solum</strong></span> <span class='ocrx_word' id='word_1_233' title='bbox 1365 3519 1594 3579; x_wconf 80' lang='lat' dir='ltr'><strong>dixeris.</strong></span> <span class='ocrx_word' id='word_1_234' title='bbox 1656 3522 1753 3589; x_wconf 88' lang='lat' dir='ltr'><strong>qui</strong></span> 
     </span>
    </p>
   </div>
   <div class='ocr_carea' id='block_1_37' title="bbox 164 3606 1744 3667">
    <p class='ocr_par' dir='ltr' id='par_1_37' title="bbox 164 3606 1744 3667">
     <span class='ocr_line' id='line_1_37' title="bbox 164 3606 1744 3667; baseline 0.003 -9"><span class='ocrx_word' id='word_1_235' title='bbox 164 3607 374 3659; x_wconf 88' lang='lat' dir='ltr'><strong>mundo</strong></span> <span class='ocrx_word' id='word_1_236' title='bbox 432 3616 484 3658; x_wconf 91' lang='lat' dir='ltr'><strong>et</strong></span> <span class='ocrx_word' id='word_1_237' title='bbox 536 3606 830 3658; x_wconf 85' lang='lat' dir='ltr'><strong>mundanis</strong></span> <span class='ocrx_word' id='word_1_238' title='bbox 881 3608 1135 3663; x_wconf 86' lang='lat' dir='ltr'><strong>omnibus</strong></span> <span class='ocrx_word' id='word_1_239' title='bbox 1205 3611 1430 3662; x_wconf 85' lang='lat' dir='ltr'><strong>multam</strong></span> <span class='ocrx_word' id='word_1_240' title='bbox 1511 3613 1744 3667; x_wconf 80' lang='lat' dir='ltr'><strong>salutem</strong></span> 
     </span>
    </p>
   </div>
   <div class='ocr_carea' id='block_1_38' title="bbox 160 3698 1750 3771">
    <p class='ocr_par' dir='ltr' id='par_1_38' title="bbox 160 3698 1750 3771">
     <span class='ocr_line' id='line_1_38' title="bbox 160 3698 1750 3771; baseline 0.005 -20"><span class='ocrx_word' id='word_1_241' title='bbox 160 3702 446 3758; x_wconf 74' lang='lat' dir='ltr'><strong>dixerunt,</strong></span> <span class='ocrx_word' id='word_1_242' title='bbox 484 3707 544 3749; x_wconf 80' lang='lat' dir='ltr'><strong>cr</strong></span> <span class='ocrx_word' id='word_1_243' title='bbox 575 3698 900 3753; x_wconf 86' lang='lat' dir='ltr'><strong>solitudines</strong></span> <span class='ocrx_word' id='word_1_244' title='bbox 926 3700 1098 3771; x_wconf 86' lang='lat' dir='ltr'><strong>magis</strong></span> <span class='ocrx_word' id='word_1_245' title='bbox 1144 3716 1306 3770; x_wconf 87' lang='lat' dir='ltr'><strong>quam</strong></span> <span class='ocrx_word' id='word_1_246' title='bbox 1371 3702 1640 3771; x_wconf 75' lang='lat' dir='ltr'><strong>civitates,</strong></span> <span class='ocrx_word' id='word_1_247' title='bbox 1694 3715 1750 3760; x_wconf 91' lang='lat' dir='ltr'><strong>et</strong></span> 
     </span>
    </p>
   </div>
   <div class='ocr_carea' id='block_1_39' title="bbox 158 3790 1755 3868">
    <p class='ocr_par' dir='ltr' id='par_1_39' title="bbox 158 3790 1755 3868">
     <span class='ocr_line' id='line_1_39' title="bbox 158 3790 1755 3868; baseline 0.007 -26"><span class='ocrx_word' id='word_1_248' title='bbox 158 3793 399 3855; x_wconf 86' lang='lat' dir='ltr'><strong>deserta,</strong></span> <span class='ocrx_word' id='word_1_249' title='bbox 432 3799 482 3844; x_wconf 87' lang='lat' dir='ltr'><strong>et</strong></span> <span class='ocrx_word' id='word_1_250' title='bbox 510 3790 670 3860; x_wconf 82' lang='lat' dir='ltr'><strong>longe</strong></span> <span class='ocrx_word' id='word_1_251' title='bbox 719 3808 838 3848; x_wconf 87' lang='lat' dir='ltr'><strong>esse</strong></span> <span class='ocrx_word' id='word_1_252' title='bbox 870 3805 1136 3849; x_wconf 89' lang='lat' dir='ltr'><strong>remotum</strong></span> <span class='ocrx_word' id='word_1_253' title='bbox 1168 3800 1235 3849; x_wconf 86' lang='lat' dir='ltr'><strong>ab</strong></span> <span class='ocrx_word' id='word_1_254' title='bbox 1293 3797 1481 3851; x_wconf 86' lang='lat' dir='ltr'><strong>amicis</strong></span> <span class='ocrx_word' id='word_1_255' title='bbox 1537 3808 1755 3868; x_wconf 86' lang='lat' dir='ltr'><strong>propter</strong></span> 
     </span>
    </p>
   </div>
   <div class='ocr_carea' id='block_1_40' title="bbox 161 3882 1751 3956">
    <p class='ocr_par' dir='ltr' id='par_1_40' title="bbox 161 3882 1751 3956">
     <span class='ocr_line' id='line_1_40' title="bbox 161 3882 1751 3956; baseline 0.004 -21"><span class='ocrx_word' id='word_1_256' title='bbox 161 3882 445 3935; x_wconf 81' lang='lat' dir='ltr'><strong>Christum</strong></span> <span class='ocrx_word' id='word_1_257' title='bbox 477 3894 606 3937; x_wconf 89' lang='lat' dir='ltr'><strong>sunt</strong></span> <span class='ocrx_word' id='word_1_258' title='bbox 635 3884 890 3952; x_wconf 78' lang='lat' dir='ltr'><strong>amplexi,</strong></span> <span class='ocrx_word' id='word_1_259' title='bbox 919 3901 1223 3954; x_wconf 86' lang='lat' dir='ltr'><strong>eorumque</strong></span> <span class='ocrx_word' id='word_1_260' title='bbox 1272 3902 1578 3956; x_wconf 82' lang='lat' dir='ltr'><strong>paucorum</strong></span> <span class='ocrx_word' id='word_1_261' title='bbox 1617 3909 1629 3943; x_wconf 88' lang='lat'><strong>:</strong></span> <span class='ocrx_word' id='word_1_262' title='bbox 1675 3891 1751 3941; x_wconf 86' lang='lat' dir='ltr'><strong>si-</strong></span> 
     </span>
    </p>
   </div>
   <div class='ocr_carea' id='block_1_41' title="bbox 159 3976 1753 4047">
    <p class='ocr_par' dir='ltr' id='par_1_41' title="bbox 159 3976 1753 4047">
     <span class='ocr_line' id='line_1_41' title="bbox 159 3976 1753 4047; baseline 0.006 -24"><span class='ocrx_word' id='word_1_263' title='bbox 159 3976 385 4043; x_wconf 85' lang='lat' dir='ltr'><strong>quidem</strong></span> <span class='ocrx_word' id='word_1_264' title='bbox 456 3989 751 4042; x_wconf 89' lang='lat' dir='ltr'><strong>paucorum</strong></span> <span class='ocrx_word' id='word_1_265' title='bbox 784 3979 1035 4030; x_wconf 87' lang='lat' dir='ltr'><strong>novimus</strong></span> <span class='ocrx_word' id='word_1_266' title='bbox 1068 3992 1183 4029; x_wconf 86' lang='lat' dir='ltr'><strong>eam</strong></span> <span class='ocrx_word' id='word_1_267' title='bbox 1209 3993 1328 4045; x_wconf 78' lang='lat' dir='ltr'><strong>qua:</strong></span> <span class='ocrx_word' id='word_1_268' title='bbox 1354 3988 1439 4032; x_wconf 91' lang='lat' dir='ltr'><strong>est</strong></span> <span class='ocrx_word' id='word_1_269' title='bbox 1472 3995 1569 4047; x_wconf 93' lang='lat' dir='ltr'><strong>pro</strong></span> <span class='ocrx_word' id='word_1_270' title='bbox 1623 3980 1753 4034; x_wconf 85' lang='lat' dir='ltr'><strong>viri-</strong></span> 
     </span>
    </p>
   </div>
   <div class='ocr_carea' id='block_1_42' title="bbox 160 4064 744 4132">
    <p class='ocr_par' dir='ltr' id='par_1_42' title="bbox 160 4064 744 4132">
     <span class='ocr_line' id='line_1_42' title="bbox 160 4064 744 4132; baseline -0.002 -14"><span class='ocrx_word' id='word_1_271' title='bbox 160 4064 287 4119; x_wconf 87' lang='lat' dir='ltr'><strong>bus.</strong></span> <span class='ocrx_word' id='word_1_272' title='bbox 323 4064 744 4132; x_wconf 83' lang='lat' dir='ltr'><strong>perfectionem.</strong></span> 
     </span>
    </p>
   </div>
   <div class='ocr_carea' id='block_1_43' title="bbox 238 4154 1749 4229">
    <p class='ocr_par' dir='ltr' id='par_1_43' title="bbox 238 4154 1749 4229">
     <span class='ocr_line' id='line_1_43' title="bbox 238 4154 1749 4229; baseline 0.007 -21"><span class='ocrx_word' id='word_1_273' title='bbox 238 4154 337 4210; x_wconf 77' lang='lat' dir='ltr'><strong>XI.</strong></span> <span class='ocrx_word' id='word_1_274' title='bbox 358 4154 492 4209; x_wconf 88' lang='lat' dir='ltr'><strong>Cum</strong></span> <span class='ocrx_word' id='word_1_275' title='bbox 518 4156 596 4210; x_wconf 90' lang='lat' dir='ltr'><strong>sic</strong></span> <span class='ocrx_word' id='word_1_276' title='bbox 617 4172 746 4227; x_wconf 81' lang='lat' dir='ltr'><strong>ergo</strong></span> <span class='ocrx_word' id='word_1_277' title='bbox 765 4156 909 4213; x_wconf 86' lang='lat' dir='ltr'><strong>fama</strong></span> <span class='ocrx_word' id='word_1_278' title='bbox 928 4160 1042 4229; x_wconf 83' lang='lat' dir='ltr'><strong>ejus</strong></span> <span class='ocrx_word' id='word_1_279' title='bbox 1076 4161 1264 4217; x_wconf 90' lang='lat' dir='ltr'><strong>mortis</strong></span> <span class='ocrx_word' id='word_1_280' title='bbox 1283 4168 1337 4217; x_wconf 86' lang='lat' dir='ltr'><strong>et</strong></span> <span class='ocrx_word' id='word_1_281' title='bbox 1364 4162 1749 4220; x_wconf 87' lang='lat' dir='ltr'><strong>miraculorum</strong></span> 
     </span>
    </p>
   </div>
   <div class='ocr_carea' id='block_1_44' title="bbox 158 4249 1753 4326">
    <p class='ocr_par' dir='ltr' id='par_1_44' title="bbox 158 4249 1753 4326">
     <span class='ocr_line' id='line_1_44' title="bbox 158 4249 1753 4326; baseline 0.006 -25"><span class='ocrx_word' id='word_1_282' title='bbox 158 4256 305 4302; x_wconf 89' lang='lat' dir='ltr'><strong>esset</strong></span> <span class='ocrx_word' id='word_1_283' title='bbox 338 4249 603 4318; x_wconf 87' lang='lat' dir='ltr'><strong>dispersa,</strong></span> <span class='ocrx_word' id='word_1_284' title='bbox 633 4251 753 4320; x_wconf 86' lang='lat' dir='ltr'><strong>ejus</strong></span> <span class='ocrx_word' id='word_1_285' title='bbox 792 4261 1047 4322; x_wconf 88' lang='lat' dir='ltr'><strong>parentes</strong></span> <span class='ocrx_word' id='word_1_286' title='bbox 1088 4254 1194 4326; x_wconf 86' lang='lat' dir='ltr'><strong>(eis</strong></span> <span class='ocrx_word' id='word_1_287' title='bbox 1239 4257 1384 4311; x_wconf 91' lang='lat' dir='ltr'><strong>enim</strong></span> <span class='ocrx_word' id='word_1_288' title='bbox 1428 4258 1608 4311; x_wconf 86' lang='lat' dir='ltr'><strong>adhuc</strong></span> <span class='ocrx_word' id='word_1_289' title='bbox 1665 4257 1753 4310; x_wconf 83' lang='lat' dir='ltr'><strong>vi-</strong></span> 
     </span>
    </p>
   </div>
   <div class='ocr_carea' id='block_1_45' title="bbox 159 4343 1752 4419">
    <p class='ocr_par' dir='ltr' id='par_1_45' title="bbox 159 4343 1752 4419">
     <span class='ocr_line' id='line_1_45' title="bbox 159 4343 1752 4419; baseline 0.007 -25"><span class='ocrx_word' id='word_1_290' title='bbox 159 4343 426 4398; x_wconf 84' lang='lat' dir='ltr'><strong>ventibus</strong></span> <span class='ocrx_word' id='word_1_291' title='bbox 450 4354 527 4397; x_wconf 90' lang='lat' dir='ltr'><strong>cst</strong></span> <span class='ocrx_word' id='word_1_292' title='bbox 564 4354 817 4401; x_wconf 88' lang='lat' dir='ltr'><strong>mortuus</strong></span> <span class='ocrx_word' id='word_1_293' title='bbox 844 4349 859 4414; x_wconf 91' lang='lat'>)</span> <span class='ocrx_word' id='word_1_294' title='bbox 893 4356 948 4403; x_wconf 86' lang='lat' dir='ltr'><strong>et</strong></span> <span class='ocrx_word' id='word_1_295' title='bbox 977 4349 1212 4403; x_wconf 80' lang='lat' dir='ltr'><strong>maxime</strong></span> <span class='ocrx_word' id='word_1_296' title='bbox 1240 4360 1434 4414; x_wconf 90' lang='lat' dir='ltr'><strong>mater,</strong></span> <span class='ocrx_word' id='word_1_297' title='bbox 1459 4365 1581 4419; x_wconf 72' lang='lat' dir='ltr'><strong>quae</strong></span> <span class='ocrx_word' id='word_1_298' title='bbox 1635 4365 1752 4405; x_wconf 90' lang='lat' dir='ltr'><strong>ma-</strong></span> 
     </span>
    </p>
   </div>
   <div class='ocr_carea' id='block_1_46' title="bbox 160 4438 1752 4506">
    <p class='ocr_par' dir='ltr' id='par_1_46' title="bbox 160 4438 1752 4506">
     <span class='ocr_line' id='line_1_46' title="bbox 160 4438 1752 4506; baseline 0.005 -16"><span class='ocrx_word' id='word_1_299' title='bbox 160 4438 315 4491; x_wconf 80' lang='lat' dir='ltr'><strong>ximo</strong></span> <span class='ocrx_word' id='word_1_300' title='bbox 346 4447 402 4491; x_wconf 90' lang='lat' dir='ltr'><strong>et</strong></span> <span class='ocrx_word' id='word_1_301' title='bbox 440 4439 859 4506; x_wconf 85' lang='lat' dir='ltr'><strong>germanissimo</strong></span> <span class='ocrx_word' id='word_1_302' title='bbox 892 4456 1099 4504; x_wconf 88' lang='lat' dir='ltr'><strong>amore,</strong></span> <span class='ocrx_word' id='word_1_303' title='bbox 1133 4452 1192 4495; x_wconf 92' lang='lat' dir='ltr'><strong>ut</strong></span> <span class='ocrx_word' id='word_1_304' title='bbox 1228 4442 1369 4497; x_wconf 84' lang='lat' dir='ltr'><strong>ﬁlios</strong></span> <span class='ocrx_word' id='word_1_305' title='bbox 1410 4443 1590 4497; x_wconf 76' lang='lat' dir='ltr'><strong>solent</strong></span> <span class='ocrx_word' id='word_1_306' title='bbox 1638 4459 1752 4498; x_wconf 89' lang='lat' dir='ltr'><strong>ma-</strong></span> 
     </span>
    </p>
   </div>
   <div class='ocr_carea' id='block_1_47' title="bbox 164 4531 1751 4603">
    <p class='ocr_par' dir='ltr' id='par_1_47' title="bbox 164 4531 1751 4603">
     <span class='ocr_line' id='line_1_47' title="bbox 164 4531 1751 4603; baseline 0.006 -22"><span class='ocrx_word' id='word_1_307' title='bbox 164 4541 304 4593; x_wconf 85' lang='lat' dir='ltr'><strong>tres,</strong></span> <span class='ocrx_word' id='word_1_308' title='bbox 335 4543 457 4582; x_wconf 90' lang='lat' dir='ltr'><strong>eum</strong></span> <span class='ocrx_word' id='word_1_309' title='bbox 485 4531 947 4599; x_wconf 84' lang='lat' dir='ltr'><strong>prosequebatur,</strong></span> <span class='ocrx_word' id='word_1_310' title='bbox 980 4548 1236 4602; x_wconf 85' lang='lat' dir='ltr'><strong>magnum</strong></span> <span class='ocrx_word' id='word_1_311' title='bbox 1268 4533 1445 4603; x_wconf 82' lang='lat' dir='ltr'><strong>ignem</strong></span> <span class='ocrx_word' id='word_1_312' title='bbox 1478 4534 1751 4590; x_wconf 84' lang='lat' dir='ltr'><strong>habebant</strong></span> 
     </span>
    </p>
   </div>
   <div class='ocr_carea' id='block_1_48' title="bbox 1867 653 3438 725">
    <p class='ocr_par' dir='ltr' id='par_1_48' title="bbox 1867 653 3438 725">
     <span class='ocr_line' id='line_1_48' title="bbox 1867 653 3438 725; baseline 0 -16"><span class='ocrx_word' id='word_1_313' title='bbox 1867 657 2289 725; x_wconf 88' lang='lat' dir='ltr'><strong>morborumque</strong></span> <span class='ocrx_word' id='word_1_314' title='bbox 2347 665 2401 710; x_wconf 89' lang='lat' dir='ltr'><strong>et</strong></span> <span class='ocrx_word' id='word_1_315' title='bbox 2434 654 2808 719; x_wconf 70' lang='lat' dir='ltr'><strong>aﬂ‘ectionum,</strong></span> <span class='ocrx_word' id='word_1_316' title='bbox 2841 662 2899 708; x_wconf 90' lang='lat' dir='ltr'><strong>ut</strong></span> <span class='ocrx_word' id='word_1_317' title='bbox 2933 653 3023 723; x_wconf 91' lang='lat' dir='ltr'><strong>qui</strong></span> <span class='ocrx_word' id='word_1_318' title='bbox 3080 654 3308 723; x_wconf 82' lang='lat' dir='ltr'><strong>perinde</strong></span> <span class='ocrx_word' id='word_1_319' title='bbox 3374 671 3438 709; x_wconf 86' lang='lat' dir='ltr'><strong>ac</strong></span> 
     </span>
    </p>
   </div>
   <div class='ocr_carea' id='block_1_49' title="bbox 1863 747 3437 817">
    <p class='ocr_par' dir='ltr' id='par_1_49' title="bbox 1863 747 3437 817">
     <span class='ocr_line' id='line_1_49' title="bbox 1863 747 3437 817; baseline -0.001 -14"><span class='ocrx_word' id='word_1_320' title='bbox 1863 751 1907 803; x_wconf 88' lang='lat' dir='ltr'><strong>si</strong></span> <span class='ocrx_word' id='word_1_321' title='bbox 1942 749 2254 803; x_wconf 83' lang='lat' dir='ltr'><strong>horribilem</strong></span> <span class='ocrx_word' id='word_1_322' title='bbox 2295 759 2581 812; x_wconf 87' lang='lat' dir='ltr'><strong>terrorem,</strong></span> <span class='ocrx_word' id='word_1_323' title='bbox 2641 760 2695 802; x_wconf 92' lang='lat' dir='ltr'><strong>et</strong></span> <span class='ocrx_word' id='word_1_324' title='bbox 2740 748 3000 802; x_wconf 83' lang='lat' dir='ltr'><strong>accedere</strong></span> <span class='ocrx_word' id='word_1_325' title='bbox 3046 763 3157 802; x_wconf 87' lang='lat' dir='ltr'><strong>non</strong></span> <span class='ocrx_word' id='word_1_326' title='bbox 3211 747 3437 817; x_wconf 82' lang='lat' dir='ltr'><strong>permit-</strong></span> 
     </span>
    </p>
   </div>
   <div class='ocr_carea' id='block_1_50' title="bbox 1864 840 3435 910">
    <p class='ocr_par' dir='ltr' id='par_1_50' title="bbox 1864 840 3435 910">
     <span class='ocr_line' id='line_1_50' title="bbox 1864 840 3435 910; baseline -0.001 -16"><span class='ocrx_word' id='word_1_327' title='bbox 1864 850 2087 905; x_wconf 89' lang='lat' dir='ltr'><strong>tentem,</strong></span> <span class='ocrx_word' id='word_1_328' title='bbox 2122 843 2198 895; x_wconf 90' lang='lat' dir='ltr'><strong>eis</strong></span> <span class='ocrx_word' id='word_1_329' title='bbox 2230 843 2457 895; x_wconf 89' lang='lat' dir='ltr'><strong>incutiat</strong></span> <span class='ocrx_word' id='word_1_330' title='bbox 2512 842 2846 910; x_wconf 83' lang='lat' dir='ltr'><strong>sepulcrum,</strong></span> <span class='ocrx_word' id='word_1_331' title='bbox 2882 856 2989 893; x_wconf 88' lang='lat' dir='ltr'><strong>non</strong></span> <span class='ocrx_word' id='word_1_332' title='bbox 3046 840 3257 909; x_wconf 87' lang='lat' dir='ltr'><strong>possint</strong></span> <span class='ocrx_word' id='word_1_333' title='bbox 3306 856 3435 909; x_wconf 90' lang='lat' dir='ltr'><strong>per-</strong></span> 
     </span>
    </p>
   </div>
   <div class='ocr_carea' id='block_1_51' title="bbox 1863 934 3435 1003">
    <p class='ocr_par' dir='ltr' id='par_1_51' title="bbox 1863 934 3435 1003">
     <span class='ocr_line' id='line_1_51' title="bbox 1863 934 3435 1003; baseline 0 -16"><span class='ocrx_word' id='word_1_334' title='bbox 1863 951 2113 989; x_wconf 77' lang='lat' dir='ltr'><strong>manere:</strong></span> <span class='ocrx_word' id='word_1_335' title='bbox 2156 936 2241 989; x_wconf 85' lang='lat' dir='ltr'><strong>vel</strong></span> <span class='ocrx_word' id='word_1_336' title='bbox 2269 936 2449 1003; x_wconf 87' lang='lat' dir='ltr'><strong>potius</strong></span> <span class='ocrx_word' id='word_1_337' title='bbox 2484 944 2539 989; x_wconf 92' lang='lat' dir='ltr'><strong>ut</strong></span> <span class='ocrx_word' id='word_1_338' title='bbox 2588 936 2775 988; x_wconf 87' lang='lat' dir='ltr'><strong>hostes</strong></span> <span class='ocrx_word' id='word_1_339' title='bbox 2830 934 3049 1003; x_wconf 88' lang='lat' dir='ltr'><strong>quidam</strong></span> <span class='ocrx_word' id='word_1_340' title='bbox 3102 945 3153 987; x_wconf 91' lang='lat' dir='ltr'><strong>et</strong></span> <span class='ocrx_word' id='word_1_341' title='bbox 3198 934 3435 998; x_wconf 88' lang='lat' dir='ltr'><strong>inimici,</strong></span> 
     </span>
    </p>
   </div>
   <div class='ocr_carea' id='block_1_52' title="bbox 1864 1024 3437 1095">
    <p class='ocr_par' dir='ltr' id='par_1_52' title="bbox 1864 1024 3437 1095">
     <span class='ocr_line' id='line_1_52' title="bbox 1864 1024 3437 1095; baseline 0.001 -18"><span class='ocrx_word' id='word_1_342' title='bbox 1864 1025 1955 1093; x_wconf 90' lang='lat' dir='ltr'><strong>qui</strong></span> <span class='ocrx_word' id='word_1_343' title='bbox 2013 1024 2170 1079; x_wconf 76' lang='lat' dir='ltr'><strong>fortis</strong></span> <span class='ocrx_word' id='word_1_344' title='bbox 2226 1026 2576 1095; x_wconf 85' lang='lat' dir='ltr'><strong>imperatoris</strong></span> <span class='ocrx_word' id='word_1_345' title='bbox 2636 1042 2705 1079; x_wconf 92' lang='lat' dir='ltr'><strong>ne</strong></span> <span class='ocrx_word' id='word_1_346' title='bbox 2754 1026 2969 1094; x_wconf 90' lang='lat' dir='ltr'><strong>possint</strong></span> <span class='ocrx_word' id='word_1_347' title='bbox 3017 1025 3237 1094; x_wconf 86' lang='lat' dir='ltr'><strong>quidem</strong></span> <span class='ocrx_word' id='word_1_348' title='bbox 3291 1026 3437 1079; x_wconf 87' lang='lat' dir='ltr'><strong>ferre</strong></span> 
     </span>
    </p>
   </div>
   <div class='ocr_carea' id='block_1_53' title="bbox 1860 1118 3444 1186">
    <p class='ocr_par' dir='ltr' id='par_1_53' title="bbox 1860 1118 3444 1186">
     <span class='ocr_line' id='line_1_53' title="bbox 1860 1118 3444 1186; baseline 0.002 -16"><span class='ocrx_word' id='word_1_349' title='bbox 1860 1127 2237 1184; x_wconf 87' lang='lat' dir='ltr'><strong>conspectmn,</strong></span> <span class='ocrx_word' id='word_1_350' title='bbox 2272 1118 2365 1171; x_wconf 86' lang='lat' dir='ltr'><strong>sed</strong></span> <span class='ocrx_word' id='word_1_351' title='bbox 2423 1133 2517 1172; x_wconf 89' lang='lat' dir='ltr'><strong>eos</strong></span> <span class='ocrx_word' id='word_1_352' title='bbox 2552 1133 2689 1185; x_wconf 87' lang='lat' dir='ltr'><strong>quos</strong></span> <span class='ocrx_word' id='word_1_353' title='bbox 2721 1128 3007 1186; x_wconf 89' lang='lat' dir='ltr'><strong>ceperunt,</strong></span> <span class='ocrx_word' id='word_1_354' title='bbox 3039 1118 3223 1171; x_wconf 87' lang='lat' dir='ltr'><strong>statim</strong></span> <span class='ocrx_word' id='word_1_355' title='bbox 3257 1119 3444 1173; x_wconf 91' lang='lat' dir='ltr'><strong>dimit-</strong></span> 
     </span>
    </p>
   </div>
   <div class='ocr_carea' id='block_1_54' title="bbox 1864 1209 3444 1279">
    <p class='ocr_par' dir='ltr' id='par_1_54' title="bbox 1864 1209 3444 1279">
     <span class='ocr_line' id='line_1_54' title="bbox 1864 1209 3444 1279; baseline 0.002 -19"><span class='ocrx_word' id='word_1_356' title='bbox 1864 1217 1996 1271; x_wconf 88' lang='lat' dir='ltr'><strong>tant,</strong></span> <span class='ocrx_word' id='word_1_357' title='bbox 2031 1218 2085 1263; x_wconf 89' lang='lat' dir='ltr'><strong>et</strong></span> <span class='ocrx_word' id='word_1_358' title='bbox 2119 1209 2170 1262; x_wconf 89' lang='lat' dir='ltr'><strong>in</strong></span> <span class='ocrx_word' id='word_1_359' title='bbox 2193 1209 2367 1279; x_wconf 83' lang='lat' dir='ltr'><strong>fugam</strong></span> <span class='ocrx_word' id='word_1_360' title='bbox 2399 1224 2455 1262; x_wconf 89' lang='lat' dir='ltr'><strong>se</strong></span> <span class='ocrx_word' id='word_1_361' title='bbox 2482 1209 2778 1277; x_wconf 73' lang='lat' dir='ltr'><strong>conjiciunt</strong></span> <span class='ocrx_word' id='word_1_362' title='bbox 2811 1226 2824 1275; x_wconf 89' lang='lat'><strong>;</strong></span> <span class='ocrx_word' id='word_1_363' title='bbox 2861 1209 2973 1262; x_wconf 67' lang='lat' dir='ltr'><strong>hsce</strong></span> <span class='ocrx_word' id='word_1_364' title='bbox 2997 1224 3121 1262; x_wconf 91' lang='lat' dir='ltr'><strong>cum</strong></span> <span class='ocrx_word' id='word_1_365' title='bbox 3159 1210 3246 1263; x_wconf 91' lang='lat' dir='ltr'><strong>illa</strong></span> <span class='ocrx_word' id='word_1_366' title='bbox 3279 1210 3444 1264; x_wconf 69' lang='grc' dir='ltr'><strong>γίόὶετ</strong></span> 
     </span>
    </p>
   </div>
   <div class='ocr_carea' id='block_1_55' title="bbox 1865 1299 3441 1368">
    <p class='ocr_par' dir='ltr' id='par_1_55' title="bbox 1865 1299 3441 1368">
     <span class='ocr_line' id='line_1_55' title="bbox 1865 1299 3441 1368; baseline 0.003 -18"><span class='ocrx_word' id='word_1_367' title='bbox 1865 1306 1968 1359; x_wconf 87' lang='lat' dir='ltr'><strong>set,</strong></span> <span class='ocrx_word' id='word_1_368' title='bbox 2039 1310 2093 1352; x_wconf 89' lang='lat' dir='ltr'><strong>et</strong></span> <span class='ocrx_word' id='word_1_369' title='bbox 2142 1301 2396 1368; x_wconf 86' lang='lat' dir='ltr'><strong>sepulcro</strong></span> <span class='ocrx_word' id='word_1_370' title='bbox 2441 1299 2638 1353; x_wconf 85' lang='lat' dir='ltr'><strong>fuisset</strong></span> <span class='ocrx_word' id='word_1_371' title='bbox 2679 1299 3035 1364; x_wconf 88' lang='lat' dir='ltr'><strong>circumfusa,</strong></span> <span class='ocrx_word' id='word_1_372' title='bbox 3083 1301 3328 1368; x_wconf 85' lang='lat' dir='ltr'><strong>jucunde</strong></span> <span class='ocrx_word' id='word_1_373' title='bbox 3385 1311 3441 1355; x_wconf 88' lang='lat' dir='ltr'><strong>et</strong></span> 
     </span>
    </p>
   </div>
   <div class='ocr_carea' id='block_1_56' title="bbox 1861 1390 3441 1464">
    <p class='ocr_par' dir='ltr' id='par_1_56' title="bbox 1861 1390 3441 1464">
     <span class='ocr_line' id='line_1_56' title="bbox 1861 1390 3441 1464; baseline 0.003 -22"><span class='ocrx_word' id='word_1_374' title='bbox 1861 1398 1915 1442; x_wconf 92' lang='lat' dir='ltr'><strong>ct</strong></span> <span class='ocrx_word' id='word_1_375' title='bbox 1943 1405 2142 1443; x_wconf 83' lang='lat' dir='ltr'><strong>canore</strong></span> <span class='ocrx_word' id='word_1_376' title='bbox 2177 1391 2433 1456; x_wconf 82' lang='lat' dir='ltr'><strong>deﬂebat,</strong></span> <span class='ocrx_word' id='word_1_377' title='bbox 2483 1392 2678 1460; x_wconf 83' lang='lat' dir='ltr'><strong>partim</strong></span> <span class='ocrx_word' id='word_1_378' title='bbox 2742 1390 2960 1460; x_wconf 87' lang='lat' dir='ltr'><strong>quidem</strong></span> <span class='ocrx_word' id='word_1_379' title='bbox 3012 1393 3181 1447; x_wconf 87' lang='lat' dir='ltr'><strong>filium</strong></span> <span class='ocrx_word' id='word_1_380' title='bbox 3251 1393 3441 1464; x_wconf 85' lang='lat' dir='ltr'><strong>lugens</strong></span> 
     </span>
    </p>
   </div>
   <div class='ocr_carea' id='block_1_57' title="bbox 1864 1484 3435 1553">
    <p class='ocr_par' dir='ltr' id='par_1_57' title="bbox 1864 1484 3435 1553">
     <span class='ocr_line' id='line_1_57' title="bbox 1864 1484 3435 1553; baseline 0.003 -18"><span class='ocrx_word' id='word_1_381' title='bbox 1864 1491 1922 1535; x_wconf 92' lang='lat' dir='ltr'><strong>ut</strong></span> <span class='ocrx_word' id='word_1_382' title='bbox 1952 1493 2249 1547; x_wconf 90' lang='lat' dir='ltr'><strong>mortuum,</strong></span> <span class='ocrx_word' id='word_1_383' title='bbox 2280 1484 2477 1553; x_wconf 86' lang='lat' dir='ltr'><strong>partim</strong></span> <span class='ocrx_word' id='word_1_384' title='bbox 2509 1493 2695 1539; x_wconf 89' lang='lat' dir='ltr'><strong>autem</strong></span> <span class='ocrx_word' id='word_1_385' title='bbox 2747 1495 2807 1540; x_wconf 93' lang='lat' dir='ltr'><strong>ut</strong></span> <span class='ocrx_word' id='word_1_386' title='bbox 2852 1501 2915 1539; x_wconf 86' lang='lat' dir='ltr'><strong>ex</strong></span> <span class='ocrx_word' id='word_1_387' title='bbox 2977 1487 3087 1540; x_wconf 83' lang='lat' dir='ltr'><strong>Deo</strong></span> <span class='ocrx_word' id='word_1_388' title='bbox 3144 1486 3435 1549; x_wconf 83' lang='lat' dir='ltr'><strong>viventem,</strong></span> 
     </span>
    </p>
   </div>
   <div class='ocr_carea' id='block_1_58' title="bbox 1860 1574 3442 1648">
    <p class='ocr_par' dir='ltr' id='par_1_58' title="bbox 1860 1574 3442 1648">
     <span class='ocr_line' id='line_1_58' title="bbox 1860 1574 3442 1648; baseline 0.004 -21"><span class='ocrx_word' id='word_1_389' title='bbox 1860 1583 1917 1627; x_wconf 87' lang='lat' dir='ltr'><strong>et</strong></span> <span class='ocrx_word' id='word_1_390' title='bbox 1951 1575 2114 1629; x_wconf 85' lang='lat' dir='ltr'><strong>tantis</strong></span> <span class='ocrx_word' id='word_1_391' title='bbox 2152 1574 2430 1645; x_wconf 87' lang='lat' dir='ltr'><strong>dignatum</strong></span> <span class='ocrx_word' id='word_1_392' title='bbox 2464 1577 2743 1630; x_wconf 86' lang='lat' dir='ltr'><strong>miraculis</strong></span> <span class='ocrx_word' id='word_1_393' title='bbox 2772 1578 3051 1631; x_wconf 90' lang='lat' dir='ltr'><strong>admirans</strong></span> <span class='ocrx_word' id='word_1_394' title='bbox 3079 1618 3093 1643; x_wconf 92' lang='lat'><strong>,</strong></span> <span class='ocrx_word' id='word_1_395' title='bbox 3119 1587 3175 1631; x_wconf 90' lang='lat' dir='ltr'><strong>et</strong></span> <span class='ocrx_word' id='word_1_396' title='bbox 3237 1590 3294 1632; x_wconf 92' lang='lat' dir='ltr'><strong>ut</strong></span> <span class='ocrx_word' id='word_1_397' title='bbox 3318 1594 3442 1648; x_wconf 70' lang='lat' dir='ltr'><strong>qua:</strong></span> 
     </span>
    </p>
   </div>
   <div class='ocr_carea' id='block_1_59' title="bbox 1862 1665 3442 1740">
    <p class='ocr_par' dir='ltr' id='par_1_59' title="bbox 1862 1665 3442 1740">
     <span class='ocr_line' id='line_1_59' title="bbox 1862 1665 3442 1740; baseline 0.005 -22"><span class='ocrx_word' id='word_1_398' title='bbox 1862 1665 1976 1735; x_wconf 90' lang='lat' dir='ltr'><strong>ipsa</strong></span> <span class='ocrx_word' id='word_1_399' title='bbox 2008 1682 2225 1737; x_wconf 85' lang='lat' dir='ltr'><strong>quoque</strong></span> <span class='ocrx_word' id='word_1_400' title='bbox 2249 1668 2421 1740; x_wconf 87' lang='lat' dir='ltr'><strong>gratia</strong></span> <span class='ocrx_word' id='word_1_401' title='bbox 2442 1677 2497 1723; x_wconf 91' lang='lat' dir='ltr'><strong>et</strong></span> <span class='ocrx_word' id='word_1_402' title='bbox 2524 1668 2695 1739; x_wconf 83' lang='lat' dir='ltr'><strong>gloria</strong></span> <span class='ocrx_word' id='word_1_403' title='bbox 2730 1669 3024 1737; x_wconf 84' lang='lat' dir='ltr'><strong>frueretur,</strong></span> <span class='ocrx_word' id='word_1_404' title='bbox 3055 1678 3195 1726; x_wconf 80' lang='lat' dir='ltr'><strong>eteo</strong></span> <span class='ocrx_word' id='word_1_405' title='bbox 3218 1672 3442 1727; x_wconf 87' lang='lat' dir='ltr'><strong>nomine</strong></span> 
     </span>
    </p>
   </div>
   <div class='ocr_carea' id='block_1_60' title="bbox 1862 1756 2206 1826">
    <p class='ocr_par' dir='ltr' id='par_1_60' title="bbox 1862 1756 2206 1826">
     <span class='ocr_line' id='line_1_60' title="bbox 1862 1756 2206 1826; baseline 0.015 -19"><span class='ocrx_word' id='word_1_406' title='bbox 1862 1756 2206 1826; x_wconf 82' lang='lat' dir='ltr'><strong>gloriaretur.</strong></span> 
     </span>
    </p>
   </div>
   <div class='ocr_carea' id='block_1_61' title="bbox 1931 1847 3442 1921">
    <p class='ocr_par' dir='ltr' id='par_1_61' title="bbox 1931 1847 3442 1921">
     <span class='ocr_line' id='line_1_61' title="bbox 1931 1847 3442 1921; baseline 0.005 -20"><span class='ocrx_word' id='word_1_407' title='bbox 1931 1847 2046 1903; x_wconf 84' lang='lat' dir='ltr'><strong>XII.</strong></span> <span class='ocrx_word' id='word_1_408' title='bbox 2079 1850 2203 1916; x_wconf 87' lang='lat' dir='ltr'><strong>Fili,</strong></span> <span class='ocrx_word' id='word_1_409' title='bbox 2264 1868 2396 1908; x_wconf 89' lang='lat' dir='ltr'><strong>voce</strong></span> <span class='ocrx_word' id='word_1_410' title='bbox 2448 1854 2660 1910; x_wconf 83' lang='lat' dir='ltr'><strong>diccbat</strong></span> <span class='ocrx_word' id='word_1_411' title='bbox 2693 1854 2906 1921; x_wconf 85' lang='lat' dir='ltr'><strong>altiore,</strong></span> <span class='ocrx_word' id='word_1_412' title='bbox 2962 1855 3056 1918; x_wconf 82' lang='lat' dir='ltr'><strong>fili,</strong></span> <span class='ocrx_word' id='word_1_413' title='bbox 3113 1854 3201 1908; x_wconf 91' lang='lat' dir='ltr'><strong>lux</strong></span> <span class='ocrx_word' id='word_1_414' title='bbox 3238 1863 3442 1910; x_wconf 75' lang='lat' dir='ltr'><strong>aeterna</strong></span> 
     </span>
    </p>
   </div>
   <div class='ocr_carea' id='block_1_62' title="bbox 1860 1944 3443 2016">
    <p class='ocr_par' dir='ltr' id='par_1_62' title="bbox 1860 1944 3443 2016">
     <span class='ocr_line' id='line_1_62' title="bbox 1860 1944 3443 2016; baseline 0.003 -22"><span class='ocrx_word' id='word_1_415' title='bbox 1860 1956 2104 1995; x_wconf 90' lang='lat' dir='ltr'><strong>meorum</strong></span> <span class='ocrx_word' id='word_1_416' title='bbox 2130 1944 2436 2009; x_wconf 91' lang='lat' dir='ltr'><strong>oculorum,</strong></span> <span class='ocrx_word' id='word_1_417' title='bbox 2466 1947 2559 2011; x_wconf 88' lang='lat' dir='ltr'><strong>fili,</strong></span> <span class='ocrx_word' id='word_1_418' title='bbox 2587 1963 2846 2002; x_wconf 88' lang='lat' dir='ltr'><strong>arcanum</strong></span> <span class='ocrx_word' id='word_1_419' title='bbox 2883 1948 3156 2016; x_wconf 88' lang='lat' dir='ltr'><strong>quoddam</strong></span> <span class='ocrx_word' id='word_1_420' title='bbox 3178 1947 3443 2003; x_wconf 50' lang='lat' dir='ltr'><strong>etinefl‘ae</strong></span> 
     </span>
    </p>
   </div>
   <div class='ocr_carea' id='block_1_63' title="bbox 1858 2035 3441 2109">
    <p class='ocr_par' dir='ltr' id='par_1_63' title="bbox 1858 2035 3441 2109">
     <span class='ocr_line' id='line_1_63' title="bbox 1858 2035 3441 2109; baseline 0.006 -20"><span class='ocrx_word' id='word_1_421' title='bbox 1858 2035 1966 2090; x_wconf 87' lang='lat' dir='ltr'><strong>bile</strong></span> <span class='ocrx_word' id='word_1_422' title='bbox 2001 2036 2204 2092; x_wconf 89' lang='lat' dir='ltr'><strong>bonum</strong></span> <span class='ocrx_word' id='word_1_423' title='bbox 2235 2041 2556 2109; x_wconf 88' lang='lat' dir='ltr'><strong>parentibus</strong></span> <span class='ocrx_word' id='word_1_424' title='bbox 2592 2058 2606 2094; x_wconf 88' lang='lat'><strong>:</strong></span> <span class='ocrx_word' id='word_1_425' title='bbox 2639 2042 2914 2097; x_wconf 88' lang='lat' dir='ltr'><strong>undenam</strong></span> <span class='ocrx_word' id='word_1_426' title='bbox 2960 2042 3054 2096; x_wconf 92' lang='lat' dir='ltr'><strong>tibi</strong></span> <span class='ocrx_word' id='word_1_427' title='bbox 3123 2042 3240 2096; x_wconf 61' lang='lat' dir='ltr'><strong>haec</strong></span> <span class='ocrx_word' id='word_1_428' title='bbox 3294 2042 3441 2099; x_wconf 77' lang='lat' dir='ltr'><strong>clara</strong></span> 
     </span>
    </p>
   </div>
   <div class='ocr_carea' id='block_1_64' title="bbox 1858 2132 3445 2203">
    <p class='ocr_par' dir='ltr' id='par_1_64' title="bbox 1858 2132 3445 2203">
     <span class='ocr_line' id='line_1_64' title="bbox 1858 2132 3445 2203; baseline 0.005 -22"><span class='ocrx_word' id='word_1_429' title='bbox 1858 2136 1914 2181; x_wconf 87' lang='lat' dir='ltr'><strong>et</strong></span> <span class='ocrx_word' id='word_1_430' title='bbox 1947 2145 2139 2201; x_wconf 77' lang='lat' dir='ltr'><strong>magna</strong></span> <span class='ocrx_word' id='word_1_431' title='bbox 2164 2132 2254 2185; x_wconf 90' lang='lat' dir='ltr'><strong>lux</strong></span> <span class='ocrx_word' id='word_1_432' title='bbox 2273 2132 2618 2189; x_wconf 87' lang='lat' dir='ltr'><strong>curationum</strong></span> <span class='ocrx_word' id='word_1_433' title='bbox 2654 2134 2674 2186; x_wconf 87' lang='lat'><strong>?</strong></span> <span class='ocrx_word' id='word_1_434' title='bbox 2707 2132 2991 2189; x_wconf 85' lang='lat' dir='ltr'><strong>Undenam</strong></span> <span class='ocrx_word' id='word_1_435' title='bbox 3024 2136 3243 2203; x_wconf 88' lang='lat' dir='ltr'><strong>copiosa</strong></span> <span class='ocrx_word' id='word_1_436' title='bbox 3288 2136 3445 2189; x_wconf 81' lang='lat' dir='ltr'><strong>ﬂuxit</strong></span> 
     </span>
    </p>
   </div>
   <div class='ocr_carea' id='block_1_65' title="bbox 1859 2224 3440 2297">
    <p class='ocr_par' dir='ltr' id='par_1_65' title="bbox 1859 2224 3440 2297">
     <span class='ocr_line' id='line_1_65' title="bbox 1859 2224 3440 2297; baseline 0.005 -23"><span class='ocrx_word' id='word_1_437' title='bbox 1859 2224 2027 2291; x_wconf 83' lang='lat' dir='ltr'><strong>gratia</strong></span> <span class='ocrx_word' id='word_1_438' title='bbox 2064 2226 2301 2293; x_wconf 87' lang='lat' dir='ltr'><strong>Spiritus</strong></span> <span class='ocrx_word' id='word_1_439' title='bbox 2330 2227 2353 2279; x_wconf 70' lang='grc' dir='ltr'><em>ἲ</em></span> <span class='ocrx_word' id='word_1_440' title='bbox 2388 2229 2469 2278; x_wconf 80' lang='lat' dir='ltr'><strong>An</strong></span> <span class='ocrx_word' id='word_1_441' title='bbox 2492 2236 2619 2280; x_wconf 90' lang='lat' dir='ltr'><strong>sunt</strong></span> <span class='ocrx_word' id='word_1_442' title='bbox 2651 2228 2763 2281; x_wconf 65' lang='lat' dir='ltr'><strong>hinc</strong></span> <span class='ocrx_word' id='word_1_443' title='bbox 2788 2228 3013 2281; x_wconf 89' lang='lat' dir='ltr'><strong>omnino</strong></span> <span class='ocrx_word' id='word_1_444' title='bbox 3038 2229 3141 2297; x_wconf 73' lang='lat' dir='ltr'><strong>pia:</strong></span> <span class='ocrx_word' id='word_1_445' title='bbox 3177 2229 3300 2281; x_wconf 66' lang='lat' dir='ltr'><strong>vita:</strong></span> <span class='ocrx_word' id='word_1_446' title='bbox 3352 2246 3440 2282; x_wconf 83' lang='lat' dir='ltr'><strong>re-</strong></span> 
     </span>
    </p>
   </div>
   <div class='ocr_carea' id='block_1_66' title="bbox 1860 2316 3443 2392">
    <p class='ocr_par' dir='ltr' id='par_1_66' title="bbox 1860 2316 3443 2392">
     <span class='ocr_line' id='line_1_66' title="bbox 1860 2316 3443 2392; baseline 0.006 -27"><span class='ocrx_word' id='word_1_447' title='bbox 1860 2316 2194 2381; x_wconf 88' lang='lat' dir='ltr'><strong>muneratio,</strong></span> <span class='ocrx_word' id='word_1_448' title='bbox 2269 2326 2323 2371; x_wconf 88' lang='lat' dir='ltr'><strong>et</strong></span> <span class='ocrx_word' id='word_1_449' title='bbox 2360 2319 2704 2372; x_wconf 84' lang='lat' dir='ltr'><strong>occultorum</strong></span> <span class='ocrx_word' id='word_1_450' title='bbox 2760 2319 3063 2374; x_wconf 87' lang='lat' dir='ltr'><strong>laborum?</strong></span> <span class='ocrx_word' id='word_1_451' title='bbox 3119 2323 3200 2374; x_wconf 79' lang='lat' dir='ltr'><strong>An</strong></span> <span class='ocrx_word' id='word_1_452' title='bbox 3259 2324 3443 2392; x_wconf 86' lang='lat' dir='ltr'><strong>potius</strong></span> 
     </span>
    </p>
   </div>
   <div class='ocr_carea' id='block_1_67' title="bbox 1870 2406 3442 2480">
    <p class='ocr_par' dir='ltr' id='par_1_67' title="bbox 1870 2406 3442 2480">
     <span class='ocr_line' id='line_1_67' title="bbox 1870 2406 3442 2480; baseline 0.004 -22"><span class='ocrx_word' id='word_1_453' title='bbox 1870 2420 1980 2458; x_wconf 92' lang='lat' dir='ltr'><strong>non</strong></span> <span class='ocrx_word' id='word_1_454' title='bbox 2002 2406 2177 2460; x_wconf 91' lang='lat' dir='ltr'><strong>solum</strong></span> <span class='ocrx_word' id='word_1_455' title='bbox 2206 2410 2605 2472; x_wconf 81' lang='lat' dir='ltr'><strong>remuneratio,</strong></span> <span class='ocrx_word' id='word_1_456' title='bbox 2660 2411 2755 2463; x_wconf 86' lang='lat' dir='ltr'><strong>sed</strong></span> <span class='ocrx_word' id='word_1_457' title='bbox 2800 2410 2958 2464; x_wconf 89' lang='lat' dir='ltr'><strong>arrha</strong></span> <span class='ocrx_word' id='word_1_458' title='bbox 3005 2419 3066 2465; x_wconf 91' lang='lat' dir='ltr'><strong>et</strong></span> <span class='ocrx_word' id='word_1_459' title='bbox 3118 2413 3442 2480; x_wconf 65' lang='lat' dir='ltr'><strong>prooemium</strong></span> 
     </span>
    </p>
   </div>
   <div class='ocr_carea' id='block_1_68' title="bbox 1859 2499 3444 2573">
    <p class='ocr_par' dir='ltr' id='par_1_68' title="bbox 1859 2499 3444 2573">
     <span class='ocr_line' id='line_1_68' title="bbox 1859 2499 3444 2573; baseline 0.004 -19"><span class='ocrx_word' id='word_1_460' title='bbox 1859 2499 2150 2563; x_wconf 90' lang='lat' dir='ltr'><strong>bonorum,</strong></span> <span class='ocrx_word' id='word_1_461' title='bbox 2184 2517 2303 2570; x_wconf 83' lang='lat' dir='ltr'><strong>quae</strong></span> <span class='ocrx_word' id='word_1_462' title='bbox 2338 2507 2388 2557; x_wconf 83' lang='lat' dir='ltr'><strong>te</strong></span> <span class='ocrx_word' id='word_1_463' title='bbox 2419 2513 2541 2570; x_wconf 91' lang='lat' dir='ltr'><strong>post</strong></span> <span class='ocrx_word' id='word_1_464' title='bbox 2579 2504 2693 2557; x_wconf 61' lang='lat' dir='ltr'><strong>hate</strong></span> <span class='ocrx_word' id='word_1_465' title='bbox 2720 2515 2948 2558; x_wconf 87' lang='lat' dir='ltr'><strong>manent</strong></span> <span class='ocrx_word' id='word_1_466' title='bbox 2980 2505 3001 2558; x_wconf 87' lang='lat'><strong>?</strong></span> <span class='ocrx_word' id='word_1_467' title='bbox 3043 2503 3174 2558; x_wconf 91' lang='lat' dir='ltr'><strong>Sum</strong></span> <span class='ocrx_word' id='word_1_468' title='bbox 3202 2520 3304 2573; x_wconf 82' lang='lat' dir='ltr'><strong>ego</strong></span> <span class='ocrx_word' id='word_1_469' title='bbox 3359 2522 3444 2561; x_wconf 86' lang='lat' dir='ltr'><strong>re-</strong></span> 
     </span>
    </p>
   </div>
   <div class='ocr_carea' id='block_1_69' title="bbox 1859 2592 3437 2670">
    <p class='ocr_par' dir='ltr' id='par_1_69' title="bbox 1859 2592 3437 2670">
     <span class='ocr_line' id='line_1_69' title="bbox 1859 2592 3437 2670; baseline 0.006 -27"><span class='ocrx_word' id='word_1_470' title='bbox 1859 2606 1984 2643; x_wconf 90' lang='lat' dir='ltr'><strong>vera</strong></span> <span class='ocrx_word' id='word_1_471' title='bbox 2011 2592 2167 2647; x_wconf 84' lang='lat' dir='ltr'><strong>beata</strong></span> <span class='ocrx_word' id='word_1_472' title='bbox 2208 2595 2351 2648; x_wconf 76' lang='lat' dir='ltr'><strong>inter</strong></span> <span class='ocrx_word' id='word_1_473' title='bbox 2398 2607 2619 2659; x_wconf 89' lang='lat' dir='ltr'><strong>matres,</strong></span> <span class='ocrx_word' id='word_1_474' title='bbox 2680 2614 2801 2665; x_wconf 69' lang='lat' dir='ltr'><strong>qua:</strong></span> <span class='ocrx_word' id='word_1_475' title='bbox 2849 2598 3008 2666; x_wconf 80' lang='lat' dir='ltr'><strong>digna</strong></span> <span class='ocrx_word' id='word_1_476' title='bbox 3048 2614 3165 2652; x_wconf 91' lang='lat' dir='ltr'><strong>sum</strong></span> <span class='ocrx_word' id='word_1_477' title='bbox 3230 2599 3437 2670; x_wconf 79' lang='lat' dir='ltr'><strong>habita,</strong></span> 
     </span>
    </p>
   </div>
   <div class='ocr_carea' id='block_1_70' title="bbox 1856 2689 3437 2749">
    <p class='ocr_par' dir='ltr' id='par_1_70' title="bbox 1856 2689 3437 2749">
     <span class='ocr_line' id='line_1_70' title="bbox 1856 2689 3437 2749; baseline 0.006 -17"><span class='ocrx_word' id='word_1_478' title='bbox 1856 2698 1975 2749; x_wconf 68' lang='lat' dir='ltr'><strong>qum</strong></span> <span class='ocrx_word' id='word_1_479' title='bbox 2006 2698 2183 2738; x_wconf 91' lang='lat' dir='ltr'><strong>essem</strong></span> <span class='ocrx_word' id='word_1_480' title='bbox 2223 2695 2277 2739; x_wconf 89' lang='lat' dir='ltr'><strong>et</strong></span> <span class='ocrx_word' id='word_1_481' title='bbox 2309 2702 2535 2740; x_wconf 86' lang='lat' dir='ltr'><strong>vocarer</strong></span> <span class='ocrx_word' id='word_1_482' title='bbox 2596 2697 2767 2741; x_wconf 83' lang='lat' dir='ltr'><strong>mater</strong></span> <span class='ocrx_word' id='word_1_483' title='bbox 2809 2690 2932 2742; x_wconf 89' lang='lat' dir='ltr'><strong>talis</strong></span> <span class='ocrx_word' id='word_1_484' title='bbox 3000 2690 3114 2743; x_wconf 89' lang='lat' dir='ltr'><strong>filii.</strong></span> <span class='ocrx_word' id='word_1_485' title='bbox 3180 2689 3294 2744; x_wconf 73' lang='lat' dir='ltr'><strong>Non</strong></span> <span class='ocrx_word' id='word_1_486' title='bbox 3345 2692 3437 2745; x_wconf 89' lang='lat' dir='ltr'><strong>tibi</strong></span> 
     </span>
    </p>
   </div>
   <div class='ocr_carea' id='block_1_71' title="bbox 1858 2775 3438 2852">
    <p class='ocr_par' dir='ltr' id='par_1_71' title="bbox 1858 2775 3438 2852">
     <span class='ocr_line' id='line_1_71' title="bbox 1858 2775 3438 2852; baseline 0.006 -25"><span class='ocrx_word' id='word_1_487' title='bbox 1858 2775 2089 2844; x_wconf 85' lang='lat' dir='ltr'><strong>amplius</strong></span> <span class='ocrx_word' id='word_1_488' title='bbox 2117 2787 2349 2832; x_wconf 81' lang='lat' dir='ltr'><strong>contexo</strong></span> <span class='ocrx_word' id='word_1_489' title='bbox 2382 2780 2803 2836; x_wconf 83' lang='lat' dir='ltr'><strong>lamentationes</strong></span> <span class='ocrx_word' id='word_1_490' title='bbox 2842 2791 3124 2835; x_wconf 84' lang='lat' dir='ltr'><strong>maternas</strong></span> <span class='ocrx_word' id='word_1_491' title='bbox 3176 2791 3438 2852; x_wconf 78' lang='lat' dir='ltr'><strong>tanquam</strong></span> 
     </span>
    </p>
   </div>
   <div class='ocr_carea' id='block_1_72' title="bbox 1859 2867 3444 2945">
    <p class='ocr_par' dir='ltr' id='par_1_72' title="bbox 1859 2867 3444 2945">
     <span class='ocr_line' id='line_1_72' title="bbox 1859 2867 3444 2945; baseline 0.008 -26"><span class='ocrx_word' id='word_1_492' title='bbox 1859 2867 1990 2935; x_wconf 88' lang='lat' dir='ltr'><strong>filio,</strong></span> <span class='ocrx_word' id='word_1_493' title='bbox 2023 2871 2117 2925; x_wconf 91' lang='lat' dir='ltr'><strong>sed</strong></span> <span class='ocrx_word' id='word_1_494' title='bbox 2154 2882 2408 2941; x_wconf 88' lang='lat' dir='ltr'><strong>tanquam</strong></span> <span class='ocrx_word' id='word_1_495' title='bbox 2447 2875 2541 2929; x_wconf 89' lang='lat' dir='ltr'><strong>Dei</strong></span> <span class='ocrx_word' id='word_1_496' title='bbox 2576 2877 2757 2929; x_wconf 88' lang='lat' dir='ltr'><strong>amico</strong></span> <span class='ocrx_word' id='word_1_497' title='bbox 2781 2874 3012 2945; x_wconf 75' lang='lat' dir='ltr'><strong>hymnos</strong></span> <span class='ocrx_word' id='word_1_498' title='bbox 3032 2892 3170 2929; x_wconf 91' lang='lat' dir='ltr'><strong>cano</strong></span> <span class='ocrx_word' id='word_1_499' title='bbox 3223 2877 3444 2945; x_wconf 79' lang='lat' dir='ltr'><strong>spirita-</strong></span> 
     </span>
    </p>
   </div>
   <div class='ocr_carea' id='block_1_73' title="bbox 1860 2959 3445 3032">
    <p class='ocr_par' dir='ltr' id='par_1_73' title="bbox 1860 2959 3445 3032">
     <span class='ocr_line' id='line_1_73' title="bbox 1860 2959 3445 3032; baseline 0.005 -18"><span class='ocrx_word' id='word_1_500' title='bbox 1860 2963 1960 3015; x_wconf 87' lang='lat' dir='ltr'><strong>les.</strong></span> <span class='ocrx_word' id='word_1_501' title='bbox 1994 2959 2111 3015; x_wconf 84' lang='lat' dir='ltr'><strong>Non</strong></span> <span class='ocrx_word' id='word_1_502' title='bbox 2149 2965 2383 3032; x_wconf 88' lang='lat' dir='ltr'><strong>amplius</strong></span> <span class='ocrx_word' id='word_1_503' title='bbox 2419 2974 2469 3019; x_wconf 86' lang='lat' dir='ltr'><strong>te</strong></span> <span class='ocrx_word' id='word_1_504' title='bbox 2498 2982 2631 3019; x_wconf 80' lang='lat' dir='ltr'><strong>voco</strong></span> <span class='ocrx_word' id='word_1_505' title='bbox 2661 2967 2853 3031; x_wconf 87' lang='lat' dir='ltr'><strong>filium,</strong></span> <span class='ocrx_word' id='word_1_506' title='bbox 2884 2977 2938 3021; x_wconf 87' lang='lat' dir='ltr'><strong>et</strong></span> <span class='ocrx_word' id='word_1_507' title='bbox 2964 2968 3200 3022; x_wconf 84' lang='lat' dir='ltr'><strong>fructum</strong></span> <span class='ocrx_word' id='word_1_508' title='bbox 3240 2971 3445 3023; x_wconf 85' lang='lat' dir='ltr'><strong>ventris</strong></span> 
     </span>
    </p>
   </div>
   <div class='ocr_carea' id='block_1_74' title="bbox 1861 3055 3432 3128">
    <p class='ocr_par' dir='ltr' id='par_1_74' title="bbox 1861 3055 3432 3128">
     <span class='ocr_line' id='line_1_74' title="bbox 1861 3055 3432 3128; baseline 0.002 -19"><span class='ocrx_word' id='word_1_509' title='bbox 1861 3056 1987 3119; x_wconf 88' lang='lat' dir='ltr'><strong>mei,</strong></span> <span class='ocrx_word' id='word_1_510' title='bbox 2010 3056 2101 3110; x_wconf 86' lang='lat' dir='ltr'><strong>sed</strong></span> <span class='ocrx_word' id='word_1_511' title='bbox 2134 3055 2301 3109; x_wconf 81' lang='lat' dir='ltr'><strong>filium</strong></span> <span class='ocrx_word' id='word_1_512' title='bbox 2335 3056 2428 3109; x_wconf 88' lang='lat' dir='ltr'><strong>Dei</strong></span> <span class='ocrx_word' id='word_1_513' title='bbox 2465 3072 2562 3126; x_wconf 88' lang='lat' dir='ltr'><strong>per</strong></span> <span class='ocrx_word' id='word_1_514' title='bbox 2586 3057 2837 3127; x_wconf 88' lang='lat' dir='ltr'><strong>gratiam,</strong></span> <span class='ocrx_word' id='word_1_515' title='bbox 2872 3073 2981 3111; x_wconf 84' lang='lat' dir='ltr'><strong>non</strong></span> <span class='ocrx_word' id='word_1_516' title='bbox 3033 3074 3097 3111; x_wconf 85' lang='lat' dir='ltr'><strong>ex</strong></span> <span class='ocrx_word' id='word_1_517' title='bbox 3146 3061 3432 3128; x_wconf 83' lang='lat' dir='ltr'><strong>sanguini-</strong></span> 
     </span>
    </p>
   </div>
   <div class='ocr_carea' id='block_1_75' title="bbox 1857 3148 3441 3215">
    <p class='ocr_par' dir='ltr' id='par_1_75' title="bbox 1857 3148 3441 3215">
     <span class='ocr_line' id='line_1_75' title="bbox 1857 3148 3441 3215; baseline 0.001 -12"><span class='ocrx_word' id='word_1_518' title='bbox 1857 3148 1981 3213; x_wconf 87' lang='lat' dir='ltr'><strong>bus,</strong></span> <span class='ocrx_word' id='word_1_519' title='bbox 2012 3164 2113 3202; x_wconf 90' lang='lat' dir='ltr'><strong>nec</strong></span> <span class='ocrx_word' id='word_1_520' title='bbox 2148 3164 2209 3202; x_wconf 81' lang='lat' dir='ltr'><strong>ex</strong></span> <span class='ocrx_word' id='word_1_521' title='bbox 2263 3150 2544 3205; x_wconf 85' lang='lat' dir='ltr'><strong>voluntate</strong></span> <span class='ocrx_word' id='word_1_522' title='bbox 2602 3150 2811 3215; x_wconf 89' lang='lat' dir='ltr'><strong>carnis,</strong></span> <span class='ocrx_word' id='word_1_523' title='bbox 2866 3151 2959 3204; x_wconf 86' lang='lat' dir='ltr'><strong>sed</strong></span> <span class='ocrx_word' id='word_1_524' title='bbox 3009 3166 3197 3205; x_wconf 87' lang='lat' dir='ltr'><strong>revera</strong></span> <span class='ocrx_word' id='word_1_525' title='bbox 3255 3161 3441 3205; x_wconf 78' lang='lat' dir='ltr'><strong>natum</strong></span> 
     </span>
    </p>
   </div>
   <div class='ocr_carea' id='block_1_76' title="bbox 1783 3241 3442 3333">
    <p class='ocr_par' dir='ltr' id='par_1_76' title="bbox 1783 3241 3442 3333">
     <span class='ocr_line' id='line_1_76' title="bbox 1783 3241 3442 3333; baseline 0.003 -41"><span class='ocrx_word' id='word_1_526' title='bbox 1783 3278 1823 3333; x_wconf 76' lang='lat' dir='ltr'><strong><em>C</em></strong></span> <span class='ocrx_word' id='word_1_527' title='bbox 1861 3255 1925 3292; x_wconf 87' lang='lat' dir='ltr'><strong>cx</strong></span> <span class='ocrx_word' id='word_1_528' title='bbox 1951 3241 2060 3293; x_wconf 92' lang='lat' dir='ltr'><strong>Deo</strong></span> <span class='ocrx_word' id='word_1_529' title='bbox 2093 3241 2158 3292; x_wconf 82' lang='grc'><strong>¹’.</strong></span> <span class='ocrx_word' id='word_1_530' title='bbox 2205 3243 2377 3304; x_wconf 81' lang='lat' dir='ltr'><strong>Quem</strong></span> <span class='ocrx_word' id='word_1_531' title='bbox 2437 3256 2562 3295; x_wconf 89' lang='lat' dir='ltr'><strong>cum</strong></span> <span class='ocrx_word' id='word_1_532' title='bbox 2606 3241 2721 3309; x_wconf 88' lang='lat' dir='ltr'><strong>ipsa</strong></span> <span class='ocrx_word' id='word_1_533' title='bbox 2778 3244 3057 3311; x_wconf 71' lang='lat' dir='ltr'><strong>genuerim</strong></span> <span class='ocrx_word' id='word_1_534' title='bbox 3128 3243 3442 3306; x_wconf 80' lang='lat' dir='ltr'><strong>earnaliter,</strong></span> 
     </span>
    </p>
   </div>
   <div class='ocr_carea' id='block_1_77' title="bbox 1857 3331 3443 3403">
    <p class='ocr_par' dir='ltr' id='par_1_77' title="bbox 1857 3331 3443 3403">
     <span class='ocr_line' id='line_1_77' title="bbox 1857 3331 3443 3403; baseline 0.005 -19"><span class='ocrx_word' id='word_1_535' title='bbox 1857 3331 1925 3385; x_wconf 91' lang='lat' dir='ltr'><strong>ab</strong></span> <span class='ocrx_word' id='word_1_536' title='bbox 1970 3332 2085 3399; x_wconf 87' lang='lat' dir='ltr'><strong>ipso</strong></span> <span class='ocrx_word' id='word_1_537' title='bbox 2138 3347 2332 3385; x_wconf 87' lang='lat' dir='ltr'><strong>rursus</strong></span> <span class='ocrx_word' id='word_1_538' title='bbox 2396 3332 2635 3386; x_wconf 84' lang='lat' dir='ltr'><strong>vicissim</strong></span> <span class='ocrx_word' id='word_1_539' title='bbox 2669 3347 2899 3402; x_wconf 87' lang='lat' dir='ltr'><strong>generor</strong></span> <span class='ocrx_word' id='word_1_540' title='bbox 2932 3334 3273 3403; x_wconf 84' lang='lat' dir='ltr'><strong>spiritaliter.</strong></span> <span class='ocrx_word' id='word_1_541' title='bbox 3332 3335 3443 3393; x_wconf 83' lang='lat' dir='ltr'><strong>Nec</strong></span> 
     </span>
    </p>
   </div>
   <div class='ocr_carea' id='block_1_78' title="bbox 1856 3424 3444 3499">
    <p class='ocr_par' dir='ltr' id='par_1_78' title="bbox 1856 3424 3444 3499">
     <span class='ocr_line' id='line_1_78' title="bbox 1856 3424 3444 3499; baseline 0.006 -22"><span class='ocrx_word' id='word_1_542' title='bbox 1856 3424 2120 3479; x_wconf 90' lang='lat' dir='ltr'><strong>erubesco</strong></span> <span class='ocrx_word' id='word_1_543' title='bbox 2148 3440 2272 3480; x_wconf 89' lang='lat' dir='ltr'><strong>eum</strong></span> <span class='ocrx_word' id='word_1_544' title='bbox 2308 3440 2503 3480; x_wconf 80' lang='lat' dir='ltr'><strong>vocare</strong></span> <span class='ocrx_word' id='word_1_545' title='bbox 2552 3434 2781 3495; x_wconf 88' lang='lat' dir='ltr'><strong>patrem,</strong></span> <span class='ocrx_word' id='word_1_546' title='bbox 2852 3426 3009 3497; x_wconf 85' lang='lat' dir='ltr'><strong>cujus</strong></span> <span class='ocrx_word' id='word_1_547' title='bbox 3068 3444 3230 3482; x_wconf 87' lang='lat' dir='ltr'><strong>verus</strong></span> <span class='ocrx_word' id='word_1_548' title='bbox 3288 3441 3444 3499; x_wconf 87' lang='lat' dir='ltr'><strong>pater</strong></span> 
     </span>
    </p>
   </div>
   <div class='ocr_carea' id='block_1_79' title="bbox 1857 3517 3439 3590">
    <p class='ocr_par' dir='ltr' id='par_1_79' title="bbox 1857 3517 3439 3590">
     <span class='ocr_line' id='line_1_79' title="bbox 1857 3517 3439 3590; baseline 0.004 -19"><span class='ocrx_word' id='word_1_549' title='bbox 1857 3525 1940 3571; x_wconf 88' lang='lat' dir='ltr'><strong>est</strong></span> <span class='ocrx_word' id='word_1_550' title='bbox 1970 3517 2055 3569; x_wconf 89' lang='lat' dir='ltr'><strong>ille</strong></span> <span class='ocrx_word' id='word_1_551' title='bbox 2090 3519 2327 3571; x_wconf 75' lang='lat' dir='ltr'><strong>cmlestis</strong></span> <span class='ocrx_word' id='word_1_552' title='bbox 2358 3537 2370 3572; x_wconf 93' lang='lat'>:</span> <span class='ocrx_word' id='word_1_553' title='bbox 2400 3520 2613 3587; x_wconf 83' lang='lat' dir='ltr'><strong>cognati</strong></span> <span class='ocrx_word' id='word_1_554' title='bbox 2647 3530 2849 3582; x_wconf 88' lang='lat' dir='ltr'><strong>autem,</strong></span> <span class='ocrx_word' id='word_1_555' title='bbox 2879 3520 3051 3590; x_wconf 89' lang='lat' dir='ltr'><strong>angeli</strong></span> <span class='ocrx_word' id='word_1_556' title='bbox 3108 3528 3165 3574; x_wconf 88' lang='lat' dir='ltr'><strong>et</strong></span> <span class='ocrx_word' id='word_1_557' title='bbox 3220 3533 3439 3577; x_wconf 87' lang='lat' dir='ltr'><strong>sancto-</strong></span> 
     </span>
    </p>
   </div>
   <div class='ocr_carea' id='block_1_80' title="bbox 1856 3607 3443 3677">
    <p class='ocr_par' dir='ltr' id='par_1_80' title="bbox 1856 3607 3443 3677">
     <span class='ocr_line' id='line_1_80' title="bbox 1856 3607 3443 3677; baseline 0.006 -19"><span class='ocrx_word' id='word_1_558' title='bbox 1856 3621 1978 3658; x_wconf 90' lang='lat' dir='ltr'><strong>rum</strong></span> <span class='ocrx_word' id='word_1_559' title='bbox 2015 3607 2259 3661; x_wconf 87' lang='lat' dir='ltr'><strong>omnimn</strong></span> <span class='ocrx_word' id='word_1_560' title='bbox 2288 3607 2463 3672; x_wconf 88' lang='lat' dir='ltr'><strong>chori,</strong></span> <span class='ocrx_word' id='word_1_561' title='bbox 2507 3609 2775 3661; x_wconf 80' lang='lat' dir='ltr'><strong>bonorum</strong></span> <span class='ocrx_word' id='word_1_562' title='bbox 2809 3623 3037 3677; x_wconf 89' lang='lat' dir='ltr'><strong>operum</strong></span> <span class='ocrx_word' id='word_1_563' title='bbox 3098 3613 3443 3667; x_wconf 88' lang='lat' dir='ltr'><strong>communio-</strong></span> 
     </span>
    </p>
   </div>
   <div class='ocr_carea' id='block_1_81' title="bbox 1856 3697 3441 3771">
    <p class='ocr_par' dir='ltr' id='par_1_81' title="bbox 1856 3697 3441 3771">
     <span class='ocr_line' id='line_1_81' title="bbox 1856 3697 3441 3771; baseline 0.006 -23"><span class='ocrx_word' id='word_1_564' title='bbox 1856 3710 1946 3759; x_wconf 89' lang='lat' dir='ltr'><strong>ne,</strong></span> <span class='ocrx_word' id='word_1_565' title='bbox 1984 3706 2039 3750; x_wconf 91' lang='lat' dir='ltr'><strong>et</strong></span> <span class='ocrx_word' id='word_1_566' title='bbox 2087 3699 2395 3766; x_wconf 79' lang='lat' dir='ltr'><strong>aequalitate</strong></span> <span class='ocrx_word' id='word_1_567' title='bbox 2436 3698 2913 3752; x_wconf 89' lang='lat' dir='ltr'><strong>remunerationis.</strong></span> <span class='ocrx_word' id='word_1_568' title='bbox 2944 3697 3144 3751; x_wconf 86' lang='lat' dir='ltr'><strong>Curam</strong></span> <span class='ocrx_word' id='word_1_569' title='bbox 3188 3716 3313 3767; x_wconf 83' lang='lat' dir='ltr'><strong>gere</strong></span> <span class='ocrx_word' id='word_1_570' title='bbox 3342 3718 3441 3771; x_wconf 59' lang='lat' dir='ltr'><strong>pa-</strong></span> 
     </span>
    </p>
   </div>
   <div class='ocr_carea' id='block_1_82' title="bbox 1857 3789 3438 3863">
    <p class='ocr_par' dir='ltr' id='par_1_82' title="bbox 1857 3789 3438 3863">
     <span class='ocr_line' id='line_1_82' title="bbox 1857 3789 3438 3863; baseline 0.008 -24"><span class='ocrx_word' id='word_1_571' title='bbox 1857 3798 2101 3849; x_wconf 89' lang='lat' dir='ltr'><strong>rentum,</strong></span> <span class='ocrx_word' id='word_1_572' title='bbox 2142 3789 2345 3856; x_wconf 86' lang='lat' dir='ltr'><strong>quibus</strong></span> <span class='ocrx_word' id='word_1_573' title='bbox 2375 3799 2459 3843; x_wconf 91' lang='lat' dir='ltr'><strong>est</strong></span> <span class='ocrx_word' id='word_1_574' title='bbox 2485 3791 2705 3858; x_wconf 86' lang='lat' dir='ltr'><strong>gravius</strong></span> <span class='ocrx_word' id='word_1_575' title='bbox 2744 3792 2817 3843; x_wconf 90' lang='lat' dir='ltr'><strong>tui</strong></span> <span class='ocrx_word' id='word_1_576' title='bbox 2866 3790 3224 3859; x_wconf 88' lang='lat' dir='ltr'><strong>desiderium,</strong></span> <span class='ocrx_word' id='word_1_577' title='bbox 3280 3807 3438 3863; x_wconf 69' lang='lat' dir='ltr'><strong>quam</strong></span> 
     </span>
    </p>
   </div>
   <div class='ocr_carea' id='block_1_83' title="bbox 1856 3879 3444 3952">
    <p class='ocr_par' dir='ltr' id='par_1_83' title="bbox 1856 3879 3444 3952">
     <span class='ocr_line' id='line_1_83' title="bbox 1856 3879 3444 3952; baseline 0.006 -19"><span class='ocrx_word' id='word_1_578' title='bbox 1856 3888 2129 3934; x_wconf 85' lang='lat' dir='ltr'><strong>senectus.</strong></span> <span class='ocrx_word' id='word_1_579' title='bbox 2167 3879 2352 3950; x_wconf 82' lang='lat' dir='ltr'><strong>Atqui,</strong></span> <span class='ocrx_word' id='word_1_580' title='bbox 2384 3896 2417 3935; x_wconf 89' lang='grc' dir='ltr'>ο</span> <span class='ocrx_word' id='word_1_581' title='bbox 2451 3880 2789 3945; x_wconf 80' lang='lat' dir='ltr'><strong>charissime,</strong></span> <span class='ocrx_word' id='word_1_582' title='bbox 2816 3884 3046 3952; x_wconf 89' lang='lat' dir='ltr'><strong>pulchre</strong></span> <span class='ocrx_word' id='word_1_583' title='bbox 3072 3886 3276 3939; x_wconf 83' lang='lat' dir='ltr'><strong>carnali</strong></span> <span class='ocrx_word' id='word_1_584' title='bbox 3339 3895 3444 3942; x_wconf 60' lang='lat' dir='ltr'><strong>tua</strong></span> 
     </span>
    </p>
   </div>
   <div class='ocr_carea' id='block_1_84' title="bbox 1856 3972 3442 4049">
    <p class='ocr_par' dir='ltr' id='par_1_84' title="bbox 1856 3972 3442 4049">
     <span class='ocr_line' id='line_1_84' title="bbox 1856 3972 3442 4049; baseline 0.006 -25"><span class='ocrx_word' id='word_1_585' title='bbox 1856 3974 2017 4025; x_wconf 89' lang='lat' dir='ltr'><strong>matri</strong></span> <span class='ocrx_word' id='word_1_586' title='bbox 2046 3972 2249 4027; x_wconf 86' lang='lat' dir='ltr'><strong>referes</strong></span> <span class='ocrx_word' id='word_1_587' title='bbox 2274 3974 2503 4043; x_wconf 88' lang='lat' dir='ltr'><strong>gratiam</strong></span> <span class='ocrx_word' id='word_1_588' title='bbox 2535 3990 2631 4042; x_wconf 92' lang='lat' dir='ltr'><strong>pro</strong></span> <span class='ocrx_word' id='word_1_589' title='bbox 2660 3975 2804 4029; x_wconf 89' lang='lat' dir='ltr'><strong>datis</strong></span> <span class='ocrx_word' id='word_1_590' title='bbox 2849 3975 3142 4042; x_wconf 89' lang='lat' dir='ltr'><strong>alimentis,</strong></span> <span class='ocrx_word' id='word_1_591' title='bbox 3178 3978 3223 4033; x_wconf 91' lang='lat' dir='ltr'><strong>si</strong></span> <span class='ocrx_word' id='word_1_592' title='bbox 3277 3980 3442 4049; x_wconf 84' lang='lat' dir='ltr'><strong>spiri-</strong></span> 
     </span>
    </p>
   </div>
   <div class='ocr_carea' id='block_1_85' title="bbox 1855 4064 3445 4127">
    <p class='ocr_par' dir='ltr' id='par_1_85' title="bbox 1855 4064 3445 4127">
     <span class='ocr_line' id='line_1_85' title="bbox 1855 4064 3445 4127; baseline 0.006 -9"><span class='ocrx_word' id='word_1_593' title='bbox 1855 4065 1947 4118; x_wconf 91' lang='lat' dir='ltr'><strong>tali</strong></span> <span class='ocrx_word' id='word_1_594' title='bbox 2003 4074 2096 4119; x_wconf 85' lang='lat' dir='ltr'><strong>tuo</strong></span> <span class='ocrx_word' id='word_1_595' title='bbox 2162 4064 2309 4120; x_wconf 86' lang='lat' dir='ltr'><strong>Patri</strong></span> <span class='ocrx_word' id='word_1_596' title='bbox 2380 4066 2489 4120; x_wconf 88' lang='lat' dir='ltr'><strong>tuis</strong></span> <span class='ocrx_word' id='word_1_597' title='bbox 2542 4065 3024 4124; x_wconf 88' lang='lat' dir='ltr'><strong>intercessionibus</strong></span> <span class='ocrx_word' id='word_1_598' title='bbox 3071 4084 3192 4125; x_wconf 87' lang='lat' dir='ltr'><strong>eam</strong></span> <span class='ocrx_word' id='word_1_599' title='bbox 3247 4072 3445 4127; x_wconf 88' lang='lat' dir='ltr'><strong>reddas</strong></span> 
     </span>
    </p>
   </div>
   <div class='ocr_carea' id='block_1_86' title="bbox 1856 4156 3444 4230">
    <p class='ocr_par' dir='ltr' id='par_1_86' title="bbox 1856 4156 3444 4230">
     <span class='ocr_line' id='line_1_86' title="bbox 1856 4156 3444 4230; baseline 0.006 -20"><span class='ocrx_word' id='word_1_600' title='bbox 1856 4156 2203 4212; x_wconf 86' lang='lat' dir='ltr'><strong>familiarem.</strong></span> <span class='ocrx_word' id='word_1_601' title='bbox 2264 4158 2502 4213; x_wconf 87' lang='lat' dir='ltr'><strong>Pulchre</strong></span> <span class='ocrx_word' id='word_1_602' title='bbox 2581 4176 2800 4230; x_wconf 90' lang='lat' dir='ltr'><strong>quoque</strong></span> <span class='ocrx_word' id='word_1_603' title='bbox 2857 4164 3000 4230; x_wconf 86' lang='lat' dir='ltr'><strong>patri</strong></span> <span class='ocrx_word' id='word_1_604' title='bbox 3077 4173 3170 4216; x_wconf 91' lang='lat' dir='ltr'><strong>tuo</strong></span> <span class='ocrx_word' id='word_1_605' title='bbox 3239 4165 3444 4220; x_wconf 83' lang='lat' dir='ltr'><strong>referes</strong></span> 
     </span>
    </p>
   </div>
   <div class='ocr_carea' id='block_1_87' title="bbox 1854 4251 3440 4324">
    <p class='ocr_par' dir='ltr' id='par_1_87' title="bbox 1854 4251 3440 4324">
     <span class='ocr_line' id='line_1_87' title="bbox 1854 4251 3440 4324; baseline 0.006 -21"><span class='ocrx_word' id='word_1_606' title='bbox 1854 4251 2100 4321; x_wconf 86' lang='lat' dir='ltr'><strong>gratiam,</strong></span> <span class='ocrx_word' id='word_1_607' title='bbox 2123 4251 2265 4321; x_wconf 88' lang='lat' dir='ltr'><strong>quod</strong></span> <span class='ocrx_word' id='word_1_608' title='bbox 2299 4261 2350 4306; x_wconf 88' lang='lat' dir='ltr'><strong>te</strong></span> <span class='ocrx_word' id='word_1_609' title='bbox 2376 4252 2444 4307; x_wconf 91' lang='lat' dir='ltr'><strong>ad</strong></span> <span class='ocrx_word' id='word_1_610' title='bbox 2480 4253 2606 4318; x_wconf 91' lang='lat' dir='ltr'><strong>hoc,</strong></span> <span class='ocrx_word' id='word_1_611' title='bbox 2639 4265 2891 4318; x_wconf 87' lang='lat' dir='ltr'><strong>utesscs,</strong></span> <span class='ocrx_word' id='word_1_612' title='bbox 2929 4254 3265 4324; x_wconf 86' lang='lat' dir='ltr'><strong>produxerit,</strong></span> <span class='ocrx_word' id='word_1_613' title='bbox 3297 4261 3339 4311; x_wconf 89' lang='lat' dir='ltr'><strong>si</strong></span> <span class='ocrx_word' id='word_1_614' title='bbox 3374 4261 3440 4315; x_wconf 87' lang='lat' dir='ltr'><strong>ad</strong></span> 
     </span>
    </p>
   </div>
   <div class='ocr_carea' id='block_1_88' title="bbox 1854 4342 3445 4417">
    <p class='ocr_par' dir='ltr' id='par_1_88' title="bbox 1854 4342 3445 4417">
     <span class='ocr_line' id='line_1_88' title="bbox 1854 4342 3445 4417; baseline 0.008 -23"><span class='ocrx_word' id='word_1_615' title='bbox 1854 4342 1974 4411; x_wconf 81' lang='lat' dir='ltr'><strong>ejus</strong></span> <span class='ocrx_word' id='word_1_616' title='bbox 2029 4343 2328 4398; x_wconf 88' lang='lat' dir='ltr'><strong>senectutis</strong></span> <span class='ocrx_word' id='word_1_617' title='bbox 2400 4353 2456 4399; x_wconf 90' lang='lat' dir='ltr'><strong>et</strong></span> <span class='ocrx_word' id='word_1_618' title='bbox 2521 4346 2913 4400; x_wconf 87' lang='lat' dir='ltr'><strong>imbecillitatis</strong></span> <span class='ocrx_word' id='word_1_619' title='bbox 2992 4349 3233 4417; x_wconf 86' lang='lat' dir='ltr'><strong>requiem</strong></span> <span class='ocrx_word' id='word_1_620' title='bbox 3291 4350 3445 4407; x_wconf 87' lang='lat' dir='ltr'><strong>sinus</strong></span> 
     </span>
    </p>
   </div>
   <div class='ocr_carea' id='block_1_89' title="bbox 1856 4435 3443 4505">
    <p class='ocr_par' dir='ltr' id='par_1_89' title="bbox 1856 4435 3443 4505">
     <span class='ocr_line' id='line_1_89' title="bbox 1856 4435 3443 4505; baseline 0.006 -17"><span class='ocrx_word' id='word_1_621' title='bbox 1856 4435 2092 4489; x_wconf 75' lang='lat' dir='ltr'><strong>Abrahae</strong></span> <span class='ocrx_word' id='word_1_622' title='bbox 2121 4436 2373 4505; x_wconf 90' lang='lat' dir='ltr'><strong>petieris.</strong></span> <span class='ocrx_word' id='word_1_623' title='bbox 2420 4435 2545 4490; x_wconf 76' lang='lat' dir='ltr'><strong>Haec</strong></span> <span class='ocrx_word' id='word_1_624' title='bbox 2602 4452 2747 4491; x_wconf 92' lang='lat' dir='ltr'><strong>nunc</strong></span> <span class='ocrx_word' id='word_1_625' title='bbox 2782 4438 2851 4492; x_wconf 87' lang='lat' dir='ltr'><strong>ad</strong></span> <span class='ocrx_word' id='word_1_626' title='bbox 2910 4448 2961 4492; x_wconf 90' lang='lat' dir='ltr'><strong>te</strong></span> <span class='ocrx_word' id='word_1_627' title='bbox 3018 4442 3359 4497; x_wconf 90' lang='lat' dir='ltr'><strong>contendunt</strong></span> <span class='ocrx_word' id='word_1_628' title='bbox 3389 4454 3443 4498; x_wconf 84' lang='lat' dir='ltr'><strong>et</strong></span> 
     </span>
    </p>
   </div>
   <div class='ocr_carea' id='block_1_90' title="bbox 1856 4528 3439 4599">
    <p class='ocr_par' dir='ltr' id='par_1_90' title="bbox 1856 4528 3439 4599">
     <span class='ocr_line' id='line_1_90' title="bbox 1856 4528 3439 4599; baseline 0.006 -20"><span class='ocrx_word' id='word_1_629' title='bbox 1856 4528 2025 4596; x_wconf 84' lang='lat' dir='ltr'><strong>patris</strong></span> <span class='ocrx_word' id='word_1_630' title='bbox 2055 4528 2306 4591; x_wconf 88' lang='lat' dir='ltr'><strong>canities,</strong></span> <span class='ocrx_word' id='word_1_631' title='bbox 2344 4536 2399 4582; x_wconf 90' lang='lat' dir='ltr'><strong>et</strong></span> <span class='ocrx_word' id='word_1_632' title='bbox 2430 4529 2687 4584; x_wconf 90' lang='lat' dir='ltr'><strong>matrisin</strong></span> <span class='ocrx_word' id='word_1_633' title='bbox 2710 4540 2866 4599; x_wconf 89' lang='lat' dir='ltr'><strong>partu</strong></span> <span class='ocrx_word' id='word_1_634' title='bbox 2887 4529 3123 4597; x_wconf 88' lang='lat' dir='ltr'><strong>dolores,</strong></span> <span class='ocrx_word' id='word_1_635' title='bbox 3146 4540 3202 4586; x_wconf 89' lang='lat' dir='ltr'><strong>et</strong></span> <span class='ocrx_word' id='word_1_636' title='bbox 3252 4533 3439 4591; x_wconf 89' lang='lat' dir='ltr'><strong>ubera.</strong></span> 
     </span>
    </p>
   </div>
   <div class='ocr_carea' id='block_1_91' title="bbox 163 4620 3445 4693">
    <p class='ocr_par' dir='ltr' id='par_1_91' title="bbox 163 4620 3445 4693">
     <span class='ocr_line' id='line_1_91' title="bbox 163 4620 3445 4693; baseline 0.004 -17"><span class='ocrx_word' id='word_1_637' title='bbox 163 4623 221 4676; x_wconf 88' lang='lat' dir='ltr'><strong>in</strong></span> <span class='ocrx_word' id='word_1_638' title='bbox 261 4620 586 4686; x_wconf 83' lang='lat' dir='ltr'><strong>visceribus,</strong></span> <span class='ocrx_word' id='word_1_639' title='bbox 622 4623 786 4677; x_wconf 87' lang='lat' dir='ltr'><strong>simul</strong></span> <span class='ocrx_word' id='word_1_640' title='bbox 813 4623 1032 4693; x_wconf 82' lang='lat' dir='ltr'><strong>quidem</strong></span> <span class='ocrx_word' id='word_1_641' title='bbox 1064 4634 1117 4679; x_wconf 90' lang='lat' dir='ltr'><strong>et</strong></span> <span class='ocrx_word' id='word_1_642' title='bbox 1149 4626 1396 4679; x_wconf 80' lang='lat' dir='ltr'><strong>utfilium</strong></span> <span class='ocrx_word' id='word_1_643' title='bbox 1431 4625 1751 4682; x_wconf 87' lang='lat' dir='ltr'><strong>desideran-</strong></span> <span class='ocrx_word' id='word_1_644' title='bbox 1784 4627 1827 4681; x_wconf 87' lang='lat' dir='ltr'><strong>D</strong></span> <span class='ocrx_word' id='word_1_645' title='bbox 1855 4636 1976 4689; x_wconf 79' lang='lat' dir='ltr'><strong>quae</strong></span> <span class='ocrx_word' id='word_1_646' title='bbox 2006 4630 2086 4686; x_wconf 72' lang='lat' dir='ltr'><strong>tu,</strong></span> <span class='ocrx_word' id='word_1_647' title='bbox 2119 4622 2209 4690; x_wconf 85' lang='lat' dir='ltr'><strong>qui</strong></span> <span class='ocrx_word' id='word_1_648' title='bbox 2243 4638 2299 4677; x_wconf 78' lang='lat' dir='ltr'><strong>es</strong></span> <span class='ocrx_word' id='word_1_649' title='bbox 2323 4623 2548 4676; x_wconf 77' lang='lat' dir='ltr'><strong>onmiex</strong></span> <span class='ocrx_word' id='word_1_650' title='bbox 2580 4633 2734 4692; x_wconf 75' lang='lat' dir='ltr'><strong>parte</strong></span> <span class='ocrx_word' id='word_1_651' title='bbox 2758 4624 3286 4692; x_wconf 54' lang='lat' dir='ltr'><strong>perfectussuxisli.</strong></span> <span class='ocrx_word' id='word_1_652' title='bbox 3317 4640 3445 4689; x_wconf 81' lang='lat' dir='ltr'><strong>cum</strong></span> 
     </span>
    </p>
   </div>
   <div class='ocr_carea' id='block_1_92' title="bbox 164 4712 1756 4785">
    <p class='ocr_par' dir='ltr' id='par_1_92' title="bbox 164 4712 1756 4785">
     <span class='ocr_line' id='line_1_92' title="bbox 164 4712 1756 4785; baseline 0.004 -18"><span class='ocrx_word' id='word_1_653' title='bbox 164 4724 270 4779; x_wconf 91' lang='lat' dir='ltr'><strong>tes,</strong></span> <span class='ocrx_word' id='word_1_654' title='bbox 298 4720 352 4767; x_wconf 89' lang='lat' dir='ltr'><strong>et</strong></span> <span class='ocrx_word' id='word_1_655' title='bbox 383 4712 672 4780; x_wconf 90' lang='lat' dir='ltr'><strong>cupientes</strong></span> <span class='ocrx_word' id='word_1_656' title='bbox 697 4714 940 4783; x_wconf 88' lang='lat' dir='ltr'><strong>conspici</strong></span> <span class='ocrx_word' id='word_1_657' title='bbox 975 4726 1233 4784; x_wconf 88' lang='lat' dir='ltr'><strong>parentes</strong></span> <span class='ocrx_word' id='word_1_658' title='bbox 1276 4717 1420 4785; x_wconf 89' lang='lat' dir='ltr'><strong>ejus,</strong></span> <span class='ocrx_word' id='word_1_659' title='bbox 1482 4716 1572 4785; x_wconf 92' lang='lat' dir='ltr'><strong>qui</strong></span> <span class='ocrx_word' id='word_1_660' title='bbox 1620 4718 1756 4773; x_wconf 88' lang='lat' dir='ltr'><strong>adeo</strong></span> 
     </span>
    </p>
   </div>
   <div class='ocr_carea' id='block_1_93' title="bbox 164 4803 1756 4876">
    <p class='ocr_par' dir='ltr' id='par_1_93' title="bbox 164 4803 1756 4876">
     <span class='ocr_line' id='line_1_93' title="bbox 164 4803 1756 4876; baseline 0.004 -19"><span class='ocrx_word' id='word_1_661' title='bbox 164 4806 350 4859; x_wconf 85' lang='lat' dir='ltr'><strong>clarus</strong></span> <span class='ocrx_word' id='word_1_662' title='bbox 388 4812 506 4859; x_wconf 87' lang='lat' dir='ltr'><strong>erat</strong></span> <span class='ocrx_word' id='word_1_663' title='bbox 536 4803 840 4861; x_wconf 88' lang='lat' dir='ltr'><strong>miraculis.</strong></span> <span class='ocrx_word' id='word_1_664' title='bbox 870 4804 1040 4860; x_wconf 83' lang='lat' dir='ltr'><strong>Mater</strong></span> <span class='ocrx_word' id='word_1_665' title='bbox 1061 4823 1189 4876; x_wconf 89' lang='lat' dir='ltr'><strong>ergo</strong></span> <span class='ocrx_word' id='word_1_666' title='bbox 1224 4823 1332 4862; x_wconf 90' lang='lat' dir='ltr'><strong>non</strong></span> <span class='ocrx_word' id='word_1_667' title='bbox 1389 4808 1573 4864; x_wconf 82' lang='lat' dir='ltr'><strong>ferens</strong></span> <span class='ocrx_word' id='word_1_668' title='bbox 1634 4826 1756 4865; x_wconf 88' lang='lat' dir='ltr'><strong>cor-</strong></span> 
     </span>
    </p>
   </div>
   <div class='ocr_carea' id='block_1_94' title="bbox 162 4898 1748 4972">
    <p class='ocr_par' dir='ltr' id='par_1_94' title="bbox 162 4898 1748 4972">
     <span class='ocr_line' id='line_1_94' title="bbox 162 4898 1748 4972; baseline 0.002 -17"><span class='ocrx_word' id='word_1_669' title='bbox 162 4901 252 4956; x_wconf 82' lang='lat' dir='ltr'><strong>dis</strong></span> <span class='ocrx_word' id='word_1_670' title='bbox 278 4903 573 4970; x_wconf 86' lang='lat' dir='ltr'><strong>impetum,</strong></span> <span class='ocrx_word' id='word_1_671' title='bbox 602 4898 883 4965; x_wconf 88' lang='lat' dir='ltr'><strong>arbitrata,</strong></span> <span class='ocrx_word' id='word_1_672' title='bbox 916 4916 1038 4956; x_wconf 89' lang='lat' dir='ltr'><strong>esse</strong></span> <span class='ocrx_word' id='word_1_673' title='bbox 1068 4903 1196 4971; x_wconf 89' lang='lat' dir='ltr'><strong>quid</strong></span> <span class='ocrx_word' id='word_1_674' title='bbox 1230 4918 1455 4972; x_wconf 83' lang='lat' dir='ltr'><strong>parvum</strong></span> <span class='ocrx_word' id='word_1_675' title='bbox 1498 4916 1552 4957; x_wconf 90' lang='lat' dir='ltr'><strong>et</strong></span> <span class='ocrx_word' id='word_1_676' title='bbox 1594 4905 1748 4958; x_wconf 89' lang='lat' dir='ltr'><strong>nihili</strong></span> 
     </span>
    </p>
   </div>
   <div class='ocr_carea' id='block_1_95' title="bbox 164 4994 1750 5068">
    <p class='ocr_par' dir='ltr' id='par_1_95' title="bbox 164 4994 1750 5068">
     <span class='ocr_line' id='line_1_95' title="bbox 164 4994 1750 5068; baseline 0.004 -20"><span class='ocrx_word' id='word_1_677' title='bbox 164 4994 506 5059; x_wconf 89' lang='lat' dir='ltr'><strong>faciendum,</strong></span> <span class='ocrx_word' id='word_1_678' title='bbox 541 5004 596 5048; x_wconf 88' lang='lat' dir='ltr'><strong>et</strong></span> <span class='ocrx_word' id='word_1_679' title='bbox 636 5008 741 5047; x_wconf 90' lang='lat' dir='ltr'><strong>non</strong></span> <span class='ocrx_word' id='word_1_680' title='bbox 779 4997 912 5051; x_wconf 88' lang='lat' dir='ltr'><strong>satis</strong></span> <span class='ocrx_word' id='word_1_681' title='bbox 944 4997 1154 5051; x_wconf 85' lang='lat' dir='ltr'><strong>firmam</strong></span> <span class='ocrx_word' id='word_1_682' title='bbox 1183 4998 1285 5068; x_wconf 69' lang='lat' dir='ltr'><strong>pia:</strong></span> <span class='ocrx_word' id='word_1_683' title='bbox 1317 4998 1479 5051; x_wconf 87' lang='lat' dir='ltr'><strong>matri</strong></span> <span class='ocrx_word' id='word_1_684' title='bbox 1516 5014 1750 5054; x_wconf 84' lang='lat' dir='ltr'><strong>excusa-</strong></span> 
     </span>
    </p>
   </div>
   <div class='ocr_carea' id='block_1_96' title="bbox 168 5085 1755 5154">
    <p class='ocr_par' dir='ltr' id='par_1_96' title="bbox 168 5085 1755 5154">
     <span class='ocr_line' id='line_1_96' title="bbox 168 5085 1755 5154; baseline 0.004 -14"><span class='ocrx_word' id='word_1_685' title='bbox 168 5088 377 5140; x_wconf 89' lang='lat' dir='ltr'><strong>tionem</strong></span> <span class='ocrx_word' id='word_1_686' title='bbox 404 5086 504 5141; x_wconf 69' lang='lat' dir='ltr'><strong>viaa</strong></span> <span class='ocrx_word' id='word_1_687' title='bbox 540 5085 937 5154; x_wconf 90' lang='lat' dir='ltr'><strong>longitudinem</strong></span> <span class='ocrx_word' id='word_1_688' title='bbox 974 5098 1030 5142; x_wconf 89' lang='lat' dir='ltr'><strong>et</strong></span> <span class='ocrx_word' id='word_1_689' title='bbox 1063 5090 1367 5144; x_wconf 81' lang='lat' dir='ltr'><strong>senectutis</strong></span> <span class='ocrx_word' id='word_1_690' title='bbox 1410 5090 1755 5146; x_wconf 89' lang='lat' dir='ltr'><strong>imbecillita-</strong></span> 
     </span>
    </p>
   </div>
   <div class='ocr_carea' id='block_1_97' title="bbox 168 5178 1754 5252">
    <p class='ocr_par' dir='ltr' id='par_1_97' title="bbox 168 5178 1754 5252">
     <span class='ocr_line' id='line_1_97' title="bbox 168 5178 1754 5252; baseline 0.006 -22"><span class='ocrx_word' id='word_1_691' title='bbox 168 5185 303 5241; x_wconf 88' lang='lat' dir='ltr'><strong>tem,</strong></span> <span class='ocrx_word' id='word_1_692' title='bbox 356 5180 549 5232; x_wconf 87' lang='lat' dir='ltr'><strong>horum</strong></span> <span class='ocrx_word' id='word_1_693' title='bbox 627 5178 872 5232; x_wconf 89' lang='lat' dir='ltr'><strong>omnium</strong></span> <span class='ocrx_word' id='word_1_694' title='bbox 948 5181 1153 5235; x_wconf 88' lang='lat' dir='ltr'><strong>nullam</strong></span> <span class='ocrx_word' id='word_1_695' title='bbox 1228 5181 1437 5239; x_wconf 83' lang='lat' dir='ltr'><strong>ducens</strong></span> <span class='ocrx_word' id='word_1_696' title='bbox 1462 5184 1754 5252; x_wconf 87' lang='lat' dir='ltr'><strong>rationem,</strong></span> 
     </span>
    </p>
   </div>
   <div class='ocr_carea' id='block_1_98' title="bbox 170 5267 1759 5343">
    <p class='ocr_par' dir='ltr' id='par_1_98' title="bbox 170 5267 1759 5343">
     <span class='ocr_line' id='line_1_98' title="bbox 170 5267 1759 5343; baseline 0.004 -20"><span class='ocrx_word' id='word_1_697' title='bbox 170 5267 415 5342; x_wconf 88' lang='lat' dir='ltr'><strong>profecta</strong></span> <span class='ocrx_word' id='word_1_698' title='bbox 449 5268 705 5340; x_wconf 81' lang='lat' dir='ltr'><strong>Byzantio</strong></span> <span class='ocrx_word' id='word_1_699' title='bbox 739 5270 804 5325; x_wconf 86' lang='lat' dir='ltr'><strong>ad</strong></span> <span class='ocrx_word' id='word_1_700' title='bbox 846 5271 921 5333; x_wconf 91' lang='lat' dir='ltr'><strong>id,</strong></span> <span class='ocrx_word' id='word_1_701' title='bbox 968 5272 1111 5340; x_wconf 89' lang='lat' dir='ltr'><strong>quod</strong></span> <span class='ocrx_word' id='word_1_702' title='bbox 1153 5273 1265 5343; x_wconf 89' lang='lat' dir='ltr'><strong>jam</strong></span> <span class='ocrx_word' id='word_1_703' title='bbox 1333 5277 1482 5342; x_wconf 90' lang='lat' dir='ltr'><strong>prius</strong></span> <span class='ocrx_word' id='word_1_704' title='bbox 1501 5276 1759 5341; x_wconf 84' lang='lat' dir='ltr'><strong>diximus,</strong></span> 
     </span>
    </p>
   </div>
   <div class='ocr_carea' id='block_1_99' title="bbox 167 5358 1762 5431">
    <p class='ocr_par' dir='ltr' id='par_1_99' title="bbox 167 5358 1762 5431">
     <span class='ocr_line' id='line_1_99' title="bbox 167 5358 1762 5431; baseline 0.002 -16"><span class='ocrx_word' id='word_1_705' title='bbox 167 5358 533 5417; x_wconf 81' lang='lat' dir='ltr'><strong>Cliarsianum</strong></span> <span class='ocrx_word' id='word_1_706' title='bbox 585 5360 892 5416; x_wconf 90' lang='lat' dir='ltr'><strong>incredibili</strong></span> <span class='ocrx_word' id='word_1_707' title='bbox 932 5364 1178 5431; x_wconf 79' lang='lat' dir='ltr'><strong>pervenit</strong></span> <span class='ocrx_word' id='word_1_708' title='bbox 1210 5363 1510 5419; x_wconf 87' lang='lat' dir='ltr'><strong>celeritate.</strong></span> <span class='ocrx_word' id='word_1_709' title='bbox 1558 5365 1762 5424; x_wconf 86' lang='lat' dir='ltr'><strong>Deinde</strong></span> 
     </span>
    </p>
   </div>
   <div class='ocr_carea' id='block_1_100' title="bbox 168 5453 1754 5527">
    <p class='ocr_par' dir='ltr' id='par_1_100' title="bbox 168 5453 1754 5527">
     <span class='ocr_line' id='line_1_100' title="bbox 168 5453 1754 5527; baseline 0.004 -18"><span class='ocrx_word' id='word_1_710' title='bbox 168 5468 294 5509; x_wconf 89' lang='lat' dir='ltr'><strong>cum</strong></span> <span class='ocrx_word' id='word_1_711' title='bbox 332 5453 635 5519; x_wconf 82' lang='lat' dir='ltr'><strong>aspexisset</strong></span> <span class='ocrx_word' id='word_1_712' title='bbox 680 5469 870 5508; x_wconf 88' lang='lat' dir='ltr'><strong>eorum</strong></span> <span class='ocrx_word' id='word_1_713' title='bbox 908 5454 1335 5524; x_wconf 87' lang='lat' dir='ltr'><strong>multitudinem,</strong></span> <span class='ocrx_word' id='word_1_714' title='bbox 1379 5457 1472 5527; x_wconf 85' lang='lat' dir='ltr'><strong>qui</strong></span> <span class='ocrx_word' id='word_1_715' title='bbox 1536 5459 1754 5517; x_wconf 87' lang='lat' dir='ltr'><strong>assidue</strong></span> 
     </span>
    </p>
   </div>
   <div class='ocr_carea' id='block_1_101' title="bbox 168 5542 1755 5619">
    <p class='ocr_par' dir='ltr' id='par_1_101' title="bbox 168 5542 1755 5619">
     <span class='ocr_line' id='line_1_101' title="bbox 168 5542 1755 5619; baseline 0.005 -21"><span class='ocrx_word' id='word_1_716' title='bbox 168 5542 506 5600; x_wconf 88' lang='lat' dir='ltr'><strong>accedebant</strong></span> <span class='ocrx_word' id='word_1_717' title='bbox 530 5545 597 5597; x_wconf 91' lang='lat' dir='ltr'><strong>ad</strong></span> <span class='ocrx_word' id='word_1_718' title='bbox 625 5545 962 5615; x_wconf 88' lang='lat' dir='ltr'><strong>sepulcrum,</strong></span> <span class='ocrx_word' id='word_1_719' title='bbox 1006 5558 1060 5601; x_wconf 86' lang='lat' dir='ltr'><strong>et</strong></span> <span class='ocrx_word' id='word_1_720' title='bbox 1116 5548 1342 5612; x_wconf 88' lang='lat' dir='ltr'><strong>donum,</strong></span> <span class='ocrx_word' id='word_1_721' title='bbox 1400 5551 1542 5619; x_wconf 88' lang='lat' dir='ltr'><strong>quod</strong></span> <span class='ocrx_word' id='word_1_722' title='bbox 1607 5568 1755 5607; x_wconf 87' lang='lat' dir='ltr'><strong>asse-</strong></span> 
     </span>
    </p>
   </div>
   <div class='ocr_carea' id='block_1_102' title="bbox 169 5636 1756 5705">
    <p class='ocr_par' dir='ltr' id='par_1_102' title="bbox 169 5636 1756 5705">
     <span class='ocr_line' id='line_1_102' title="bbox 169 5636 1756 5705; baseline 0.008 -20"><span class='ocrx_word' id='word_1_723' title='bbox 169 5636 505 5705; x_wconf 86' lang='lat' dir='ltr'><strong>quebantur,</strong></span> <span class='ocrx_word' id='word_1_724' title='bbox 541 5636 632 5701; x_wconf 89' lang='lat' dir='ltr'><strong>qui</strong></span> <span class='ocrx_word' id='word_1_725' title='bbox 670 5638 859 5692; x_wconf 92' lang='lat' dir='ltr'><strong>multis</strong></span> <span class='ocrx_word' id='word_1_726' title='bbox 889 5649 942 5691; x_wconf 87' lang='lat' dir='ltr'><strong>et</strong></span> <span class='ocrx_word' id='word_1_727' title='bbox 980 5641 1145 5694; x_wconf 87' lang='lat' dir='ltr'><strong>rariis</strong></span> <span class='ocrx_word' id='word_1_728' title='bbox 1172 5640 1495 5696; x_wconf 89' lang='lat' dir='ltr'><strong>laborabant</strong></span> <span class='ocrx_word' id='word_1_729' title='bbox 1549 5644 1756 5697; x_wconf 87' lang='lat' dir='ltr'><strong>morbis</strong></span> 
     </span>
    </p>
   </div>
   <div class='ocr_carea' id='block_1_103' title="bbox 170 5725 1760 5803">
    <p class='ocr_par' dir='ltr' id='par_1_103' title="bbox 170 5725 1760 5803">
     <span class='ocr_line' id='line_1_103' title="bbox 170 5725 1760 5803; baseline 0.006 -22"><span class='ocrx_word' id='word_1_730' title='bbox 170 5737 227 5781; x_wconf 91' lang='lat' dir='ltr'><strong>et</strong></span> <span class='ocrx_word' id='word_1_731' title='bbox 251 5725 657 5788; x_wconf 83' lang='lat' dir='ltr'><strong>affectionibus.</strong></span> <span class='ocrx_word' id='word_1_732' title='bbox 686 5737 740 5781; x_wconf 88' lang='lat' dir='ltr'><strong>et</strong></span> <span class='ocrx_word' id='word_1_733' title='bbox 761 5746 921 5799; x_wconf 91' lang='lat' dir='ltr'><strong>quam</strong></span> <span class='ocrx_word' id='word_1_734' title='bbox 949 5730 1181 5787; x_wconf 78' lang='lat' dir='ltr'><strong>celerem</strong></span> <span class='ocrx_word' id='word_1_735' title='bbox 1206 5732 1647 5803; x_wconf 87' lang='lat' dir='ltr'><strong>adipiscebantur</strong></span> <span class='ocrx_word' id='word_1_736' title='bbox 1664 5752 1760 5790; x_wconf 90' lang='lat' dir='ltr'><strong>cu-</strong></span> 
     </span>
    </p>
   </div>
   <div class='ocr_carea' id='block_1_104' title="bbox 281 5912 683 5976">
    <p class='ocr_par' dir='ltr' id='par_1_104' title="bbox 281 5912 683 5976">
     <span class='ocr_line' id='line_1_104' title="bbox 281 5912 683 5976; baseline -0.005 -8"><span class='ocrx_word' id='word_1_737' title='bbox 281 5913 327 5943; x_wconf 84' lang='lat'>&quot;</span> <span class='ocrx_word' id='word_1_738' title='bbox 346 5912 504 5968; x_wconf 81' lang='lat' dir='ltr'><strong>Joan.</strong></span> <span class='ocrx_word' id='word_1_739' title='bbox 528 5928 568 5976; x_wconf 77' lang='grc' dir='ltr'><strong>ι,</strong></span> <span class='ocrx_word' id='word_1_740' title='bbox 596 5912 683 5967; x_wconf 75' lang='lat' dir='ltr'><strong>IS.</strong></span> 
     </span>
    </p>
   </div>
   <div class='ocr_carea' id='block_1_105' title="bbox 1862 4711 3442 4783">
    <p class='ocr_par' dir='ltr' id='par_1_105' title="bbox 1862 4711 3442 4783">
     <span class='ocr_line' id='line_1_105' title="bbox 1862 4711 3442 4783; baseline 0.003 -17"><span class='ocrx_word' id='word_1_741' title='bbox 1862 4726 2019 4767; x_wconf 89' lang='lat' dir='ltr'><strong>esses</strong></span> <span class='ocrx_word' id='word_1_742' title='bbox 2047 4713 2227 4767; x_wconf 85' lang='lat' dir='ltr'><strong>adhuc</strong></span> <span class='ocrx_word' id='word_1_743' title='bbox 2252 4711 2451 4767; x_wconf 88' lang='lat' dir='ltr'><strong>infans.</strong></span> <span class='ocrx_word' id='word_1_744' title='bbox 2486 4712 2686 4766; x_wconf 72' lang='lat' dir='ltr'><strong>Curam</strong></span> <span class='ocrx_word' id='word_1_745' title='bbox 2715 4728 2844 4783; x_wconf 80' lang='lat' dir='ltr'><strong>gere</strong></span> <span class='ocrx_word' id='word_1_746' title='bbox 2870 4723 3182 4781; x_wconf 89' lang='lat' dir='ltr'><strong>parentum,</strong></span> <span class='ocrx_word' id='word_1_747' title='bbox 3252 4730 3442 4770; x_wconf 83' lang='lat' dir='ltr'><strong>curant</strong></span> 
     </span>
    </p>
   </div>
   <div class='ocr_carea' id='block_1_106' title="bbox 1859 4804 3444 4879">
    <p class='ocr_par' dir='ltr' id='par_1_106' title="bbox 1859 4804 3444 4879">
     <span class='ocr_line' id='line_1_106' title="bbox 1859 4804 3444 4879; baseline 0.003 -20"><span class='ocrx_word' id='word_1_748' title='bbox 1859 4820 1985 4875; x_wconf 89' lang='lat' dir='ltr'><strong>gere</strong></span> <span class='ocrx_word' id='word_1_749' title='bbox 2014 4815 2393 4876; x_wconf 80' lang='lat' dir='ltr'><strong>cognatorum.</strong></span> <span class='ocrx_word' id='word_1_750' title='bbox 2421 4804 2751 4868; x_wconf 71' lang='lat' dir='ltr'><strong>Laetabitur,</strong></span> <span class='ocrx_word' id='word_1_751' title='bbox 2782 4815 2866 4860; x_wconf 90' lang='lat' dir='ltr'><strong>sat</strong></span> <span class='ocrx_word' id='word_1_752' title='bbox 2899 4808 3032 4869; x_wconf 91' lang='lat' dir='ltr'><strong>scio,</strong></span> <span class='ocrx_word' id='word_1_753' title='bbox 3057 4808 3224 4874; x_wconf 90' lang='lat' dir='ltr'><strong>Deus,</strong></span> <span class='ocrx_word' id='word_1_754' title='bbox 3282 4825 3444 4879; x_wconf 90' lang='lat' dir='ltr'><strong>quem</strong></span> 
     </span>
    </p>
   </div>
   <div class='ocr_carea' id='block_1_107' title="bbox 1860 4899 3447 4973">
    <p class='ocr_par' dir='ltr' id='par_1_107' title="bbox 1860 4899 3447 4973">
     <span class='ocr_line' id='line_1_107' title="bbox 1860 4899 3447 4973; baseline 0.004 -21"><span class='ocrx_word' id='word_1_755' title='bbox 1860 4908 1914 4952; x_wconf 91' lang='lat' dir='ltr'><strong>tu</strong></span> <span class='ocrx_word' id='word_1_756' title='bbox 1948 4899 2326 4954; x_wconf 89' lang='lat' dir='ltr'><strong>honorandum</strong></span> <span class='ocrx_word' id='word_1_757' title='bbox 2360 4900 2639 4955; x_wconf 77' lang='lat' dir='ltr'><strong>ccnsesin</strong></span> <span class='ocrx_word' id='word_1_758' title='bbox 2702 4900 3042 4972; x_wconf 87' lang='lat' dir='ltr'><strong>parentibus,</strong></span> <span class='ocrx_word' id='word_1_759' title='bbox 3094 4917 3232 4969; x_wconf 87' lang='lat' dir='ltr'><strong>quos</strong></span> <span class='ocrx_word' id='word_1_760' title='bbox 3289 4903 3447 4973; x_wconf 88' lang='lat' dir='ltr'><strong>jubet</strong></span> 
     </span>
    </p>
   </div>
   <div class='ocr_carea' id='block_1_108' title="bbox 1858 4992 3447 5064">
    <p class='ocr_par' dir='ltr' id='par_1_108' title="bbox 1858 4992 3447 5064">
     <span class='ocr_line' id='line_1_108' title="bbox 1858 4992 3447 5064; baseline 0.003 -19"><span class='ocrx_word' id='word_1_761' title='bbox 1858 4992 2003 5046; x_wconf 91' lang='lat' dir='ltr'><strong>illius</strong></span> <span class='ocrx_word' id='word_1_762' title='bbox 2043 5001 2374 5063; x_wconf 69' lang='lat' dir='ltr'><strong>praeceptum</strong></span> <span class='ocrx_word' id='word_1_763' title='bbox 2409 4993 2701 5057; x_wconf 87' lang='lat' dir='ltr'><strong>honorare,</strong></span> <span class='ocrx_word' id='word_1_764' title='bbox 2736 5001 2927 5064; x_wconf 84' lang='lat' dir='ltr'><strong>utpote</strong></span> <span class='ocrx_word' id='word_1_765' title='bbox 2951 4992 3099 5064; x_wconf 90' lang='lat' dir='ltr'><strong>quod</strong></span> <span class='ocrx_word' id='word_1_766' title='bbox 3148 5008 3246 5062; x_wconf 90' lang='lat' dir='ltr'><strong>per</strong></span> <span class='ocrx_word' id='word_1_767' title='bbox 3294 4994 3447 5064; x_wconf 88' lang='lat' dir='ltr'><strong>ipsos</strong></span> 
     </span>
    </p>
   </div>
   <div class='ocr_carea' id='block_1_109' title="bbox 1859 5084 3445 5156">
    <p class='ocr_par' dir='ltr' id='par_1_109' title="bbox 1859 5084 3445 5156">
     <span class='ocr_line' id='line_1_109' title="bbox 1859 5084 3445 5156; baseline 0.003 -18"><span class='ocrx_word' id='word_1_768' title='bbox 1859 5084 2035 5141; x_wconf 89' lang='lat' dir='ltr'><strong>honor</strong></span> <span class='ocrx_word' id='word_1_769' title='bbox 2070 5085 2136 5139; x_wconf 91' lang='lat' dir='ltr'><strong>ad</strong></span> <span class='ocrx_word' id='word_1_770' title='bbox 2182 5084 2332 5139; x_wconf 87' lang='lat' dir='ltr'><strong>illum</strong></span> <span class='ocrx_word' id='word_1_771' title='bbox 2380 5084 2609 5139; x_wconf 88' lang='lat' dir='ltr'><strong>feratur.</strong></span> <span class='ocrx_word' id='word_1_772' title='bbox 2655 5084 2788 5138; x_wconf 78' lang='lat' dir='ltr'><strong>Nam</strong></span> <span class='ocrx_word' id='word_1_773' title='bbox 2834 5095 2889 5138; x_wconf 87' lang='lat' dir='ltr'><strong>et</strong></span> <span class='ocrx_word' id='word_1_774' title='bbox 2940 5086 3150 5156; x_wconf 88' lang='lat' dir='ltr'><strong>primus</strong></span> <span class='ocrx_word' id='word_1_775' title='bbox 3200 5087 3445 5143; x_wconf 88' lang='lat' dir='ltr'><strong>omnium</strong></span> 
     </span>
    </p>
   </div>
   <div class='ocr_carea' id='block_1_110' title="bbox 1861 5177 3444 5250">
    <p class='ocr_par' dir='ltr' id='par_1_110' title="bbox 1861 5177 3444 5250">
     <span class='ocr_line' id='line_1_110' title="bbox 1861 5177 3444 5250; baseline 0.001 -17"><span class='ocrx_word' id='word_1_776' title='bbox 1861 5186 1945 5233; x_wconf 90' lang='lat' dir='ltr'><strong>est</strong></span> <span class='ocrx_word' id='word_1_777' title='bbox 1984 5185 2160 5248; x_wconf 84' lang='lat' dir='ltr'><strong>pater,</strong></span> <span class='ocrx_word' id='word_1_778' title='bbox 2194 5187 2247 5232; x_wconf 89' lang='lat' dir='ltr'><strong>et</strong></span> <span class='ocrx_word' id='word_1_779' title='bbox 2278 5177 2480 5250; x_wconf 83' lang='lat' dir='ltr'><strong>opifex,</strong></span> <span class='ocrx_word' id='word_1_780' title='bbox 2514 5188 2571 5233; x_wconf 91' lang='lat' dir='ltr'><strong>et</strong></span> <span class='ocrx_word' id='word_1_781' title='bbox 2598 5193 2785 5245; x_wconf 89' lang='lat' dir='ltr'><strong>causa,</strong></span> <span class='ocrx_word' id='word_1_782' title='bbox 2826 5188 2885 5234; x_wconf 92' lang='lat' dir='ltr'><strong>ut</strong></span> <span class='ocrx_word' id='word_1_783' title='bbox 2908 5179 2975 5233; x_wconf 91' lang='lat' dir='ltr'><strong>ad</strong></span> <span class='ocrx_word' id='word_1_784' title='bbox 3029 5181 3156 5247; x_wconf 86' lang='lat' dir='ltr'><strong>hoc,</strong></span> <span class='ocrx_word' id='word_1_785' title='bbox 3213 5188 3274 5234; x_wconf 91' lang='lat' dir='ltr'><strong>ut</strong></span> <span class='ocrx_word' id='word_1_786' title='bbox 3311 5180 3444 5242; x_wconf 87' lang='lat' dir='ltr'><strong>sint.</strong></span> 
     </span>
    </p>
   </div>
   <div class='ocr_carea' id='block_1_111' title="bbox 1864 5270 2256 5338">
    <p class='ocr_par' dir='ltr' id='par_1_111' title="bbox 1864 5270 2256 5338">
     <span class='ocr_line' id='line_1_111' title="bbox 1864 5270 2256 5338; baseline 0.005 -16"><span class='ocrx_word' id='word_1_787' title='bbox 1864 5270 2256 5338; x_wconf 89' lang='lat' dir='ltr'><strong>producantur.</strong></span> 
     </span>
    </p>
   </div>
   <div class='ocr_carea' id='block_1_112' title="bbox 1931 5360 3443 5435">
    <p class='ocr_par' dir='ltr' id='par_1_112' title="bbox 1931 5360 3443 5435">
     <span class='ocr_line' id='line_1_112' title="bbox 1931 5360 3443 5435; baseline 0.001 -18"><span class='ocrx_word' id='word_1_788' title='bbox 1931 5362 2075 5418; x_wconf 82' lang='lat' dir='ltr'><strong>XIII.</strong></span> <span class='ocrx_word' id='word_1_789' title='bbox 2114 5360 2238 5416; x_wconf 71' lang='lat' dir='ltr'><strong>Haec</strong></span> <span class='ocrx_word' id='word_1_790' title='bbox 2263 5360 2419 5427; x_wconf 86' lang='lat' dir='ltr'><strong>dixit,</strong></span> <span class='ocrx_word' id='word_1_791' title='bbox 2450 5371 2507 5417; x_wconf 89' lang='lat' dir='ltr'><strong>et</strong></span> <span class='ocrx_word' id='word_1_792' title='bbox 2528 5363 2683 5434; x_wconf 87' lang='lat' dir='ltr'><strong>jubet</strong></span> <span class='ocrx_word' id='word_1_793' title='bbox 2712 5364 2824 5419; x_wconf 92' lang='lat' dir='ltr'><strong>tolli</strong></span> <span class='ocrx_word' id='word_1_794' title='bbox 2854 5364 3116 5435; x_wconf 86' lang='lat' dir='ltr'><strong>lapidem,</strong></span> <span class='ocrx_word' id='word_1_795' title='bbox 3150 5374 3204 5420; x_wconf 90' lang='lat' dir='ltr'><strong>et</strong></span> <span class='ocrx_word' id='word_1_796' title='bbox 3230 5381 3443 5435; x_wconf 86' lang='lat' dir='ltr'><strong>capsam</strong></span> 
     </span>
    </p>
   </div>
   <div class='ocr_carea' id='block_1_113' title="bbox 1871 5456 3444 5523">
    <p class='ocr_par' dir='ltr' id='par_1_113' title="bbox 1871 5456 3444 5523">
     <span class='ocr_line' id='line_1_113' title="bbox 1871 5456 3444 5523; baseline 0.003 -14"><span class='ocrx_word' id='word_1_797' title='bbox 1871 5457 2013 5511; x_wconf 83' lang='lat' dir='ltr'><strong>trahi</strong></span> <span class='ocrx_word' id='word_1_798' title='bbox 2041 5465 2189 5509; x_wconf 82' lang='lat' dir='ltr'><strong>extra</strong></span> <span class='ocrx_word' id='word_1_799' title='bbox 2220 5463 2660 5511; x_wconf 71' lang='lat' dir='ltr'><strong>munumentum.</strong></span> <span class='ocrx_word' id='word_1_800' title='bbox 2706 5456 2866 5523; x_wconf 87' lang='lat' dir='ltr'><strong>Quod</strong></span> <span class='ocrx_word' id='word_1_801' title='bbox 2889 5473 3013 5512; x_wconf 86' lang='lat' dir='ltr'><strong>cum</strong></span> <span class='ocrx_word' id='word_1_802' title='bbox 3045 5458 3244 5511; x_wconf 86' lang='lat' dir='ltr'><strong>factum</strong></span> <span class='ocrx_word' id='word_1_803' title='bbox 3279 5471 3444 5523; x_wconf 84' lang='lat' dir='ltr'><strong>esset,</strong></span> 
     </span>
    </p>
   </div>
   <div class='ocr_carea' id='block_1_114' title="bbox 1869 5549 3452 5619">
    <p class='ocr_par' dir='ltr' id='par_1_114' title="bbox 1869 5549 3452 5619">
     <span class='ocr_line' id='line_1_114' title="bbox 1869 5549 3452 5619; baseline 0.002 -16"><span class='ocrx_word' id='word_1_804' title='bbox 1869 5551 1960 5605; x_wconf 90' lang='lat' dir='ltr'><strong>ubi</strong></span> <span class='ocrx_word' id='word_1_805' title='bbox 1998 5565 2061 5605; x_wconf 89' lang='lat' dir='ltr'><strong>ea</strong></span> <span class='ocrx_word' id='word_1_806' title='bbox 2089 5549 2334 5619; x_wconf 89' lang='lat' dir='ltr'><strong>jubente,</strong></span> <span class='ocrx_word' id='word_1_807' title='bbox 2366 5558 2588 5617; x_wconf 89' lang='lat' dir='ltr'><strong>apertus</strong></span> <span class='ocrx_word' id='word_1_808' title='bbox 2640 5558 2726 5604; x_wconf 89' lang='lat' dir='ltr'><strong>est</strong></span> <span class='ocrx_word' id='word_1_809' title='bbox 2750 5552 2980 5614; x_wconf 86' lang='lat' dir='ltr'><strong>loculus,</strong></span> <span class='ocrx_word' id='word_1_810' title='bbox 3009 5551 3254 5606; x_wconf 88' lang='lat' dir='ltr'><strong>cernitur</strong></span> <span class='ocrx_word' id='word_1_811' title='bbox 3290 5553 3452 5606; x_wconf 81' lang='lat' dir='ltr'><strong>mira~</strong></span> 
     </span>
    </p>
   </div>
   <div class='ocr_carea' id='block_1_115' title="bbox 1868 5640 3444 5711">
    <p class='ocr_par' dir='ltr' id='par_1_115' title="bbox 1868 5640 3444 5711">
     <span class='ocr_line' id='line_1_115' title="bbox 1868 5640 3444 5711; baseline 0.001 -16"><span class='ocrx_word' id='word_1_812' title='bbox 1868 5642 2073 5707; x_wconf 89' lang='lat' dir='ltr'><strong>culum,</strong></span> <span class='ocrx_word' id='word_1_813' title='bbox 2110 5651 2163 5696; x_wconf 90' lang='lat' dir='ltr'><strong>et</strong></span> <span class='ocrx_word' id='word_1_814' title='bbox 2185 5641 2251 5695; x_wconf 91' lang='lat' dir='ltr'><strong>ad</strong></span> <span class='ocrx_word' id='word_1_815' title='bbox 2289 5640 2584 5695; x_wconf 83' lang='lat' dir='ltr'><strong>videndum</strong></span> <span class='ocrx_word' id='word_1_816' title='bbox 2617 5640 3042 5711; x_wconf 87' lang='lat' dir='ltr'><strong>divinissimum,</strong></span> <span class='ocrx_word' id='word_1_817' title='bbox 3073 5652 3128 5697; x_wconf 89' lang='lat' dir='ltr'><strong>et</strong></span> <span class='ocrx_word' id='word_1_818' title='bbox 3155 5643 3219 5698; x_wconf 89' lang='lat' dir='ltr'><strong>ad</strong></span> <span class='ocrx_word' id='word_1_819' title='bbox 3255 5644 3444 5699; x_wconf 84' lang='lat' dir='ltr'><strong>dicen-</strong></span> 
     </span>
    </p>
   </div>
   <div class='ocr_carea' id='block_1_116' title="bbox 1871 5734 3447 5810">
    <p class='ocr_par' dir='ltr' id='par_1_116' title="bbox 1871 5734 3447 5810">
     <span class='ocr_line' id='line_1_116' title="bbox 1871 5734 3447 5810; baseline 0.001 -20"><span class='ocrx_word' id='word_1_820' title='bbox 1871 5738 1999 5790; x_wconf 84' lang='lat' dir='ltr'><strong>dum</strong></span> <span class='ocrx_word' id='word_1_821' title='bbox 2026 5734 2515 5806; x_wconf 88' lang='lat' dir='ltr'><strong>jucundissimum,</strong></span> <span class='ocrx_word' id='word_1_822' title='bbox 2551 5744 2604 5791; x_wconf 90' lang='lat' dir='ltr'><strong>et</strong></span> <span class='ocrx_word' id='word_1_823' title='bbox 2635 5737 2702 5793; x_wconf 84' lang='lat' dir='ltr'><strong>ad</strong></span> <span class='ocrx_word' id='word_1_824' title='bbox 2733 5754 2818 5802; x_wconf 83' lang='lat' dir='ltr'><strong>ea,</strong></span> <span class='ocrx_word' id='word_1_825' title='bbox 2869 5754 2988 5806; x_wconf 85' lang='lat' dir='ltr'><strong>quae</strong></span> <span class='ocrx_word' id='word_1_826' title='bbox 3029 5745 3447 5810; x_wconf 68' lang='lat' dir='ltr'><strong>praecesserant,</strong></span> 
     </span>
    </p>
   </div>
  </div>
