4226 6436
816 417 921 478 495

2133 418 2415 479 MENSIS
2454 420 2747 483 JULlUS.

3978 423 4077 485 496

813 531 1183 615 confirmanda
1216 532 1626 589 validissimum.
1653 533 1848 588 Decem
1892 542 1945 587 et
1993 540 2114 589 octo
2164 546 2385 586 menses
2423 542 2463 595 Α
2497 533 2882 587 miraculorum
2915 534 3050 589 tales
3107 535 3352 590 ostendit
3385 536 3567 590 radios
3595 537 3616 588 ?
3662 537 3739 590 Ex
3768 544 3821 589 te
3845 535 4076 605 pulcher

814 628 1188 696 praeterierant
1209 635 1329 696 post
1356 635 1609 693 mortem,
1635 629 1794 697 etqui
1824 636 1902 681 tot
1941 635 2068 679 ante
2104 624 2222 680 dies
2268 633 2386 679 erat

813 734 1081 787 mortuus,
1108 720 1312 776 nullum
1337 720 1531 775 habuit
1563 720 1799 790 signum,
1830 734 1939 773 non
1989 720 2235 788 corporis
2285 717 2389 771 ﬂu-

814 814 1051 880 xionem,
1075 829 1179 869 non
1195 813 1532 884 compaginis
1549 812 1902 878 solutionem,
1920 826 2029 865 non
2046 811 2229 866 carnis
2249 825 2380 865 con-

812 908 1201 976 sumptionem,
1224 920 1330 959 non
1367 905 1666 973 nigrorem,
1688 918 1796 957 non
1826 902 2033 968 aliquid
2058 904 2201 973 quod
2236 913 2384 957 esset

810 999 1119 1060 evanidum,
1155 995 1414 1065 autquod
1470 996 1845 1059 emarcuisset,
1913 1005 1968 1049 et
2026 1004 2171 1050 esset
2211 995 2381 1063 lique-

811 1092 1010 1145 factum
1041 1108 1053 1143 :
1090 1090 1183 1145 sed
1223 1098 1365 1143 totus
1398 1088 1679 1145 videbatur
1732 1103 1949 1152 recens,
1984 1088 2213 1157 perinde
2249 1101 2313 1140 ac
2336 1086 2382 1139 si

810 1200 985 1253 nuper
1026 1199 1148 1237 eum
1194 1182 1504 1249 reliquisset
1533 1182 1736 1234 anima.
1768 1179 2172 1249 Propemodum
2229 1178 2379 1232 vide-

810 1278 1005 1332 bantur
1036 1290 1157 1330 esse
1189 1275 1429 1329 membra
1462 1288 1582 1328 cum
1612 1283 1781 1338 motu,
1813 1288 1965 1343 genae
1990 1287 2113 1326 cum
2161 1270 2379 1335 rubore,

808 1370 958 1425 labra
982 1384 1104 1423 cum
1134 1367 1284 1430 ﬂore,
1325 1381 1386 1421 os
1415 1382 1540 1422 cum
1582 1364 1853 1418 anhelitu.
1882 1363 2289 1426 Existimasses,
2328 1364 2382 1415 te

810 1477 936 1517 eum
995 1462 1219 1515 omnino
1274 1458 1457 1511 videre
1513 1472 1625 1511 non
1682 1465 1980 1520 mortuum,
2041 1455 2135 1509 sed
2206 1452 2385 1523 potius

808 1553 1193 1617 dormientem,
1218 1559 1311 1603 aut
1340 1549 1577 1619 seipsuin
1608 1547 1971 1616 colligentem,
1999 1556 2052 1601 et
2073 1547 2385 1616 diligentius

809 1646 1007 1715 aliquid
1042 1645 1414 1698 meditantem.
1445 1641 1613 1695 Porro
1649 1638 2214 1709 autemipsaatunicze,
2252 1638 2384 1707 ipsae

808 1749 983 1793 vestes
1013 1737 1258 1809 stragula:
1296 1736 1430 1789 adeo
1484 1744 1639 1788 erant
1688 1736 1913 1802 integrae
1948 1740 2003 1785 et
2061 1731 2261 1794 illaesaa,
2326 1742 2381 1784 et

810 1832 955 1884 nullo
986 1832 1313 1885 detrimento
1361 1826 1565 1879 affecta:
1613 1826 1777 1896 (quod
1833 1823 2027 1878 attinet
2076 1822 2142 1876 ad
2198 1823 2381 1890 sepul-

2497 625 2714 694 quidcm
2740 626 3066 695 germinavit
3106 630 3335 697 palmes,
3364 629 3459 683 sed
3487 630 3627 695 apud
3672 646 3770 682 nos
3814 631 4074 698 produxit

2498 717 2682 771 botros
2710 717 3121 784 miraculorum,
3155 730 3209 773 et
3233 720 3283 774 ei
3307 720 3531 787 plaCuit,
3560 732 3615 774 ut
3644 737 3742 775 nos
3767 725 4075 774 frueremur

2498 816 2677 861 musto
2742 807 3039 878 gratiarum
3102 818 3155 861 et
3194 810 3566 863 curationum.
3622 812 3743 863 Non
3780 822 3903 864 erat
3970 812 4074 866 Deo

2496 897 2731 961 dilIicile,
2752 900 2795 952 si
2818 899 2957 953 unde
2975 901 3259 968 processit,
3287 917 3407 955 eum
3434 902 3695 956 voluisset
3730 902 3858 955 illuc
3889 918 4074 956 rursus

2496 990 2792 1045 divertere.
2824 991 2899 1044 Ne
2937 992 3172 1045 videaris
3198 1008 3327 1061 ergo
3386 1009 3686 1063 repugnare
3716 995 3933 1063 judicio
3989 994 4073 1046 Dei

2496 1092 2549 1137 et
2581 1083 2870 1147 voluntati,
2904 1099 3085 1154 neque
3117 1084 3278 1138 nobis
3308 1085 3519 1138 divinas
3545 1087 3744 1155 gratias
3806 1088 4071 1140 invideas.

2495 1174 2569 1229 Ne
2602 1189 2705 1230 nos
2738 1174 2885 1230 fonte
2919 1177 3248 1244 privaveris,
3284 1178 3373 1246 qui
3408 1193 3518 1229 non
3560 1178 3719 1231 nobis
3771 1179 3933 1239 solis,
3985 1182 4073 1232 sed

2493 1267 2655 1321 etiam
2684 1266 3047 1320 communiter
3076 1267 3331 1321 omnibus
3364 1267 3531 1320 estad
3554 1266 3845 1321 fruendum
3881 1284 4075 1337 propo-

2494 1358 2652 1412 situs.
2706 1358 2785 1412 Ad
2844 1360 3071 1427 gloriam
3131 1360 3225 1412 tibi
3252 1358 3476 1423 sufficit,
3533 1359 3677 1429 quod
3739 1363 3859 1428 ejus
3907 1373 4077 1414 mater

2493 1455 2833 1521 apparueris,
2878 1453 3118 1522 decujus
3148 1454 3309 1506 etiam
3362 1460 3582 1506 mortuo
3632 1466 3867 1517 corpore
3935 1462 4075 1505 tanta

2492 1555 2574 1598 est
2626 1548 2927 1601 contentio.
3002 1545 3111 1598 Nos
3169 1551 3321 1614 prius
3342 1562 3408 1597 cx
3463 1546 3563 1597 hac
3594 1544 3833 1610 expelles
3880 1544 4076 1613 patria,

2491 1652 2653 1706 quam
2681 1637 2784 1692 hoc
2817 1640 2962 1693 bono
2992 1640 3151 1693 nobis
3186 1655 3215 1694 a
3276 1637 3387 1692 Deo
3428 1639 3554 1692 dato
3601 1648 3847 1691 nostram
3896 1638 4077 1706 [πίνω

2490 1732 2745 1801 patriam.
2790 1731 2881 1783 Illa
2916 1742 3205 1801 postquam
3247 1732 3363 1784 haac
3398 1730 3678 1792 audiisset,
3719 1732 3906 1783 sciens
3960 1744 4077 1782 esse

2492 1819 2595 1872 sibi
2658 1818 2876 1888 aliquod
2965 1820 3268 1890 sapientius
3341 1819 3669 1888 capiendum
3756 1821 4074 1883 consilium,

809 1922 1189 1991 turam)atque
1218 1920 1259 1972 si
1285 1918 1517 1973 fuissent
1552 1917 1739 1986 posita:
1778 1916 1832 1969 in
1860 1930 2003 1979 arca,
2060 1924 2113 1969 et
2142 1914 2375 1984 diligen—
2408 1900 2453 1959 Β
2486 1912 2713 1980 quievit.
2745 1912 2952 1966 Deinde
2991 1923 3173 1968 autem
3206 1913 3605 1981 cumjussisset
3636 1927 3831 1966 omnes
3872 1912 4076 1976 valere,

807 2026 887 2069 tcr
916 2013 1217 2068 eustoditze.
1262 2008 1355 2063 Est
1389 2010 1619 2062 mortuis
1651 2007 1973 2075 corporibus
2003 2019 2072 2058 ex
2129 2019 2189 2058 se
2247 2003 2381 2073 quid

806 2104 1159 2176 injucundum
1190 2118 1251 2156 ac
1287 2110 1508 2154 tetrum.
1566 2100 1661 2152 Est
1699 2097 1941 2150 vestibus
1995 2110 2209 2164 quoquc
2262 2108 2381 2161 qua:

807 2200 965 2268 longo
997 2194 1569 2265 tcmporejacuerunt,
1610 2198 1663 2244 et
1705 2189 1825 2243 aliis
1877 2186 2143 2258 ejusmodi
2208 2185 2382 2238 malus

805 2292 1024 2363 quidam
1053 2290 1209 2352 odor,
1240 2298 1294 2341 et
1319 2288 1409 2354 qui
1447 2284 1679 2339 ollendit
1713 2282 2021 2339 odoratum.
2054 2280 2168 2335 lllic
2197 2288 2379 2332 autem

804 2384 939 2439 nihil
964 2381 1257 2454 ejusmodi,
1287 2382 1380 2433 sed
1414 2381 1588 2432 bonus
1618 2376 1776 2439 odor,
1812 2384 1866 2427 et
1889 2374 2087 2443 gratia,
2128 2380 2183 2425 et
2228 2371 2379 2424 dele-

805 2478 990 2541 ctatio,
1022 2484 1276 2545 tanquam
1299 2486 1408 2525 non
1447 2468 1663 2539 aliquod
1695 2466 2005 2536 sepulcrum
2034 2472 2088 2517 et
2142 2463 2376 2524 loculus,

805 2571 899 2625 sed
928 2568 1117 2623 hortus
1156 2572 1564 2633 essetapertus.
1597 2559 1906 2613 Probantur
1932 2571 1993 2610 ea
2040 2570 2160 2626 quae
2233 2553 2379 2608 dicta

803 2673 951 2721 sunt,
986 2672 1042 2716 et
1072 2658 1216 2729 quod
1247 2669 1445 2726 corpus
1480 2661 1626 2708 esset
1658 2651 1837 2705 adhuc
1870 2649 2143 2719 integrum
2188 2657 2243 2702 et
2289 2662 2377 2702 re-

801 2767 951 2818 cens,
987 2766 1050 2807 ex
1073 2751 1177 2805 hoc
1206 2747 1352 2818 quod
1376 2744 1639 2816 sequitur.

872 2844 1012 2900 XIV.
1044 2841 1275 2909 Quidam
1313 2836 1641 2899 monachus,
1671 2835 1875 2902 Joseph
1920 2832 2160 2896 nomine,
2200 2844 2378 2883 sacer—

802 2942 921 3006 dos,
940 2948 993 2994 et
1007 2940 1097 3007 qui
1116 2934 1301 3006 pietati
1323 2932 1600 2993 studebat,
1628 2943 1750 2982 cum
1776 2937 1906 2980 tunc
1927 2926 2163 2989 adesset,
2188 2923 2375 2993 subje-

801 3030 903 3085 ctis
930 3026 1202 3088 manibus,
1232 3032 1286 3077 et
1313 3021 1596 3089 amplexus
1617 3026 1913 3079 mortuum,
1940 3017 2242 3070 conabatur
2268 3012 2377 3067 eri-

800 3120 1047 3192 gere.llle
1067 3126 1248 3172 autem
1281 3110 1885 3169 cedebatetvidebatur
1910 3122 2123 3175 parere,
2152 3117 2205 3159 et
2228 3106 2374 3173 seip-

796 3229 923 3267 sum
978 3212 1215 3264 tradere.
1236 3208 1662 3272 Erectusitaque
1682 3200 1985 3255 fuitvirille
2020 3198 2371 3261 admirabilis,

800 3302 1044 3357 articulis
1077 3307 1131 3353 et
1150 3296 1504 3367 compagibus
1529 3303 1676 3346 recte
1704 3291 1849 3345 inter
1872 3303 1995 3344 sese
2020 3288 2373 3342 habentibus.

800 3393 953 3460 Quod
984 3407 1108 3445 cum
1142 3389 1362 3443 vidisset
1394 3385 1694 3456 presbyter,
1730 3393 1785 3437 et
1824 3392 1972 3437 metu
2004 3392 2147 3435 esset
2199 3380 2377 3449 reple—

803 3498 909 3549 tus,
944 3484 1148 3552 rogavit
1194 3490 1251 3533 ut
1283 3479 1627 3549 permitteret
1658 3491 1719 3528 ea
1761 3474 1998 3536 auferre,
2031 3471 2230 3538 quibus
2261 3479 2377 3523 erat

800 3574 1044 3629 indutus.
1076 3570 1197 3637 ipse
1232 3576 1414 3621 autem
1437 3580 1629 3619 rursus
1654 3564 1854 3634 paruit,
1882 3572 1937 3616 et
2000 3577 2191 3615 manus
2216 3559 2377 3613 remi—

798 3667 869 3721 sit
907 3661 1228 3733 presbytero
1253 3668 1307 3714 et
1366 3657 1557 3727 pedes,
1603 3657 1750 3710 utiis
1775 3664 2023 3708 uteretur
2082 3660 2138 3704 ut
2195 3653 2372 3703 vellet.

798 3756 961 3811 Exuit
1008 3768 1136 3823 ergo
1189 3766 1313 3804 eum
1364 3749 1623 3804 sacerdos
1674 3747 1885 3809 tunica,
1941 3754 1996 3799 et
2044 3758 2169 3797 eum
2200 3742 2372 3795 altera

798 3847 993 3905 induit.
1019 3847 1060 3899 A
1093 3843 1321 3914 pedibus
1370 3855 1498 3895 vero
1536 3847 1753 3893 amovet
1780 3853 1887 3892 non
1928 3838 2100 3891 solum
2134 3839 2373 3900 calceos,

796 3944 889 3997 sed
925 3956 989 3995 ea
1017 3939 1204 4002 etiam,
1233 3950 1353 4005 qua:
1398 3935 1549 3988 intus
1578 3940 1735 3989 erant
1788 3946 1851 3986 ex
1912 3933 2087 3985 serico
2118 3932 2370 3998 imposita

796 4037 1047 4108 pedibus.
1073 4033 1199 4089 Haec
1238 4045 1368 4101 ergo
1422 4031 1605 4083 omnia
1659 4039 1767 4082 tam
1802 4027 1960 4080 facile
1996 4024 2143 4089 fecit,
2169 4035 2222 4078 et
2242 4024 2375 4077 citra

799 4127 967 4181 ullum
1011 4126 1273 4187 laborem,
1365 4119 1593 4189 perinde
1644 4135 1708 4173 ac
1739 4120 1781 4172 si
1844 4118 1935 4172 ille
1978 4132 2139 4187 opem
2207 4115 2377 4169 ferret

796 4218 1093 4280 sacerdoti,
1156 4225 1209 4270 et
1296 4230 1357 4270 se
1432 4214 1695 4277 traderet,
1797 4221 1855 4266 ut
1936 4226 2002 4265 eo
2089 4208 2375 4263 commode

798 4314 870 4365 uti
899 4320 1103 4381 posset.
1168 4306 1376 4361 Deinde
1441 4320 1568 4359 eum
1635 4319 1833 4359 rursus
1889 4303 2121 4356 reclinat
2176 4302 2231 4352 in
2287 4315 2371 4361 ea,

795 4423 897 4476 qua
930 4405 1082 4473 prius
1139 4410 1275 4467 erat,
1329 4398 1535 4468 ﬁgura:
1592 4397 1728 4451 adeo
1758 4407 1815 4451 ut
1872 4396 1925 4449 id
1968 4404 2139 4449 lotum
2191 4392 2375 4446 divino

796 4502 999 4554 factum
1079 4495 1150 4551 sit
1228 4492 1487 4554 consilio,
1548 4488 1694 4559 quod
1746 4490 1826 4542 sic
1876 4487 2126 4557 sepultus
2186 4484 2370 4547 fuerit,

2485 2005 2708 2059 domum
2747 2007 3062 2061 revertitur.
3098 2008 3193 2060 llle
3218 2023 3347 2062 vero
3377 2008 3499 2075 pius
3550 2009 3603 2059 in
3640 2008 3833 2076 primis
3884 2020 4078 2061 mona-

2485 2099 2624 2153 chus
2653 2108 2709 2153 et
2724 2099 3084 2164 saeerdos,de
3104 2115 3209 2167 quo
3234 2099 3383 2169 prius
3413 2100 3666 2163 diximus,
3710 2114 3835 2154 cum
3856 2113 4076 2155 reman-

2485 2193 2666 2258 sisset,
2701 2202 2756 2247 et
2784 2192 2995 2247 dierum
3083 2193 3438 2248 multitudine
3478 2209 3698 2248 omnem
3747 2194 4082 2263 eitpulsisset

2484 2287 2873 2356 suspicionem,
2900 2298 2954 2341 et
2982 2288 3036 2341 in
3060 2303 3123 2342 eo
3146 2288 3503 2342 custodiendo
3521 2288 3797 2341 effecisset
3819 2288 4077 2343 custodes

2486 2377 2856 2441 socordiores,
2916 2388 3084 2431 noctu
3134 2379 3433 2448 ingressus,
3468 2380 3714 2433 divinum
3770 2378 4080 2433 suﬂ‘uratus

2486 2476 2569 2522 est
2599 2470 2943 2535 thesaurum,
2966 2482 3017 2524 et
3050 2487 3173 2524 cum
3209 2472 3356 2524 furto
3378 2472 3608 2539 aufugit.
3660 2472 3767 2525 Sed
3801 2472 3946 2525 odor
3978 2472 4083 2524 mi-

2486 2562 2797 2616 raculorum
2834 2563 3080 2618 ostendit
3114 2574 3482 2635 unguentum,
3504 2565 3650 2635 quod
3682 2564 3990 2626 celabatur,
4026 2574 4079 2617 et

2485 2656 2803 2713 morborum
2837 2658 3051 2713 curatio
3081 2657 3182 2712 fuit
3218 2658 3348 2711 furti
3384 2659 3713 2713 accusatrix.

2554 2746 2693 2801 XVI.
2725 2746 2920 2801 Mulier
2954 2751 3099 2802 enim
3140 2754 3412 2817 quadam,
3448 2753 3578 2805 dum
3623 2752 3748 2805 isin
3780 2754 3869 2805 via
3897 2752 4077 2807 ferre-

2484 2847 2593 2902 tur,
2617 2847 2670 2892 et
2696 2840 2931 2908 quicum
2965 2841 3213 2896 ferebant
3262 2846 3315 2895 in
3344 2844 3604 2911 quodam,
3678 2855 3737 2897 ut
3792 2856 3879 2897 est
3944 2859 4078 2899 con-

2485 2940 2831 2993 sentaneum,
2883 2934 3083 2988 vellent
3111 2934 3232 2988 loco
3262 2936 3607 3004 requiescere
3633 2954 3645 2988 :
3673 2936 3788 3000 illa,
3820 2936 4076 3003 inquam,

2483 3036 2605 3074 cum
2640 3038 2668 3075 a
2706 3023 2942 3093 maligno
2972 3036 3263 3080 vexaretur
3282 3026 3500 3095 spiritu,
3537 3029 3590 3080 in
3616 3030 3857 3083 loculum
3884 3031 4073 3091 irruit,

2484 3124 2536 3167 et
2558 3116 3028 3184 graviterinsiliit,
3063 3127 3116 3171 et
3136 3120 3305 3172 veluti
3331 3136 3360 3173 a
3386 3136 3583 3191 magno
3608 3121 3775 3174 ﬂuctu
3810 3122 3915 3176 fuit
3940 3138 4073 3176 exa-

2482 3206 2669 3273 gitata.
2733 3208 2940 3263 Deinde
2990 3226 3114 3264 cum
3202 3222 3451 3265 sanctum
3507 3214 3841 3282 turpissimis
3923 3228 4077 3269 esset

2481 3294 2742 3351 insectata
2780 3301 3100 3363 maledictis,
3143 3316 3253 3354 non
3302 3302 3391 3354 illa
3440 3304 3658 3370 quidem
3683 3306 3937 3367 omnino,
3977 3306 4073 3358 sed

2481 3390 2570 3453 qui
2606 3404 2725 3443 eam
2776 3392 3142 3457 inhabitabat,
3195 3407 3356 3461 quem
3414 3394 3789 3448 adversarium
3836 3396 4073 3462 dixeris,

2482 3487 2637 3543 fortis
2670 3487 2760 3540 ille
2792 3488 2860 3541 ab
2894 3503 2959 3540 eo
2994 3503 3293 3556 percussus
3326 3490 3578 3553 recessit,
3606 3490 3796 3545 abiens
3830 3493 3886 3544 in
3929 3491 4071 3555 loca,

2480 3583 2546 3637 ad
2577 3596 2695 3651 quae
2727 3596 2755 3634 a
2798 3580 2908 3633 Deo
2940 3581 3120 3634 fuerat
3144 3582 3567 3637 condemnatus.
3596 3584 3688 3637 llla
3710 3596 3898 3639 autem
3936 3602 4072 3639 sana

2479 3676 2696 3729 domum
2724 3688 2912 3726 rursus
2955 3682 3039 3726 est
3090 3687 3333 3727 reversa.
3396 3674 3514 3726 Non
3574 3676 3792 3743 longum
3851 3687 4071 3744 tempus

2481 3766 2882 3827 intercesserat,
2915 3773 2969 3817 et
3023 3763 3171 3833 virgo
3206 3763 3453 3832 quaedam
3486 3768 3736 3833 prrclecta
3790 3778 4072 3819 monaste-

2480 3858 2565 3922 rii,
2589 3856 2734 3924 quod
2787 3856 3084 3908 vocabatur
3115 3854 3478 3913 Mautineum,
3526 3868 3647 3906 cum
3682 3864 3901 3909 secreto
3931 3871 4075 3925 quo-

2480 3950 2603 4004 dam
2630 3960 2680 4002 et
2708 3948 2859 4019 gravi
2891 3946 3081 4001 morbo
3104 3945 3398 4011 laboraret,
3419 3955 3475 4001 et
3503 3962 3611 4001 non
3636 3958 3817 4015 posset
3849 3965 4069 4017 graves,

2479 4055 2612 4109 quos
2647 4038 2921 4093 sentiebat
2950 4053 3015 4092 ex
3050 4054 3135 4103 eo,
3168 4037 3309 4091 ferre
3334 4039 3572 4100 dolores,
3602 4054 3723 4091 eum
3756 4042 4075 4094 I’CSCiViSSCl

2481 4129 2609 4183 illud
2645 4139 2922 4184 mortuum
2984 4130 3151 4183 vitam
3208 4129 3444 4184 aflerens
3506 4144 3705 4199 corpus
3742 4129 3954 4195 aﬂerri,
4017 4144 4070 4186 et

2480 4235 2676 4290 magna
2710 4220 2814 4275 fide
2849 4220 3304 4277 etanimiardore
3356 4221 3405 4275 ei
3468 4220 3609 4275 facta
3668 4221 3910 4286 obviam,
3951 4235 4073 4277 tan-

2478 4328 2639 4379 quam
2671 4314 2877 4368 viventi
2909 4322 2964 4367 et
2994 4313 3236 4368 audienti
3268 4324 3457 4368 sancto
3484 4315 3548 4367 ad
3580 4313 3820 4369 loculum
3848 4314 3897 4369 ei
3918 4332 4073 4369 mor-

2479 4406 2605 4459 bum
2641 4405 2889 4467 dixisset,
2944 4404 3186 4459 ardentis
3250 4404 3374 4458 fidei
3416 4404 3749 4471 mercedem,
3828 4408 4068 4464 celerem

2479 4496 2688 4550 invenit
2718 4497 3079 4550 curationem.
3115 4495 3397 4565 Ejusmodi
3434 4498 3692 4552 miracula
3757 4498 4071 4563 faciens,et

797 4603 856 4648 ut
892 4601 1009 4647 erat
1056 4598 1261 4642 antea:
1294 4593 1353 4638 ut
1418 4584 1501 4639 vel
1573 4597 1639 4635 ex
1691 4582 1794 4635 hoc
1833 4590 1977 4636 esset
2028 4577 2370 4631 manifestum
2404 4590 2452 4649 υ
2479 4605 2597 4644 eam
2624 4605 2653 4642 ε
2694 4588 2805 4644 Deo
2831 4590 3056 4659 gloriam
3090 4591 3424 4660 admiscens,
3470 4591 3785 4662 Bylamium
3839 4595 4068 4649 tandem

792 4687 1065 4745 omnibus,
1110 4679 1254 4750 quod
1316 4686 1441 4747 post
1524 4673 1862 4745 sepulturam
1937 4670 2197 4725 manserit
2249 4685 2372 4722 cor-

793 4796 895 4848 pus
977 4774 1255 4845 potentius
1335 4770 1562 4825 interitu
1634 4776 1689 4822 et
1762 4766 2143 4821 dissolutione.
2215 4761 2371 4825 Quod

794 4872 1010 4941 quidem
1035 4868 1209 4921 visum
1236 4864 1422 4918 multis
1456 4861 1804 4917 daemonibus
1848 4868 1903 4913 et
1950 4861 2157 4917 morbis
2207 4876 2371 4915 causa

795 4967 917 5027 fuit,
949 4971 1008 5015 ut
1050 4960 1348 5029 fugerent;
1394 4964 1451 5009 et
1478 4954 1701 5007 merito.
1749 4954 1805 5004 Si
1852 4953 1997 5005 enim
2048 4955 2207 5005 etiam
2248 4969 2372 5007 cum

795 5067 940 5108 esset
966 5051 1314 5113 absconsum,
1346 5054 1461 5101 erat
1481 5044 1563 5100 eis
1594 5043 1860 5108 terribile,
1892 5052 2178 5113 postquam
2200 5060 2371 5114 appa-

796 5142 1200 5213 ruitquomodo
1232 5154 1342 5194 non
1382 5147 1529 5194 esset
1585 5136 1877 5205 ejusmodi,
1932 5147 1988 5188 ut
2036 5151 2143 5189 non
2194 5146 2372 5205 posset

796 5236 1020 5290 omnino
1038 5230 1340 5287 sustineri?

870 5327 979 5381 XV.
1005 5325 1142 5391 Quid
1184 5332 1311 5395 post
1335 5323 1451 5377 haec
1486 5332 1569 5375 est
1596 5330 1952 5377 consecutum
1988 5321 2009 5373 Τ
2065 5321 2373 5376 Contende—

797 5422 888 5473 bat
917 5426 1110 5479 mater,
1142 5430 1298 5471 sacro
1330 5412 1545 5469 sublato
1586 5428 1837 5481 corpore,
1867 5415 2087 5468 demum
2145 5418 2370 5469 reverti.

800 5513 922 5566 Haec
944 5509 1111 5572 enim,
1134 5507 1365 5571 dicebat,
1394 5506 1551 5562 stella
1591 5522 1659 5561 ex
1686 5522 1804 5561 meo
1840 5519 2028 5561 ventre
2083 5524 2201 5563 orta
2267 5519 2369 5563 est.

797 5606 899 5671 Qui
937 5612 1115 5658 autem
1140 5600 1191 5652 in
1219 5613 1280 5652 ea
1311 5598 1630 5653 habitabant
1674 5600 1917 5669 regione,
1970 5601 2373 5655 contendebant

801 5712 907 5750 nou
936 5692 1260 5754 concedere,
1302 5699 1360 5743 ut
1394 5692 1445 5743 id
1467 5690 1870 5761 aggrederetur,
1904 5692 2042 5744 Nam
2068 5693 2195 5758 etsi,
2222 5692 2370 5746 dice.

803 5790 953 5851 bant,
981 5800 1045 5839 ex
1071 5792 1121 5837 te
1150 5781 1417 5852 processit
1442 5782 1528 5835 illa
1551 5782 1726 5846 stella,
1755 5784 1997 5837 cernitur
2028 5791 2206 5837 tamen
2232 5785 2371 5853 apud

803 5896 898 5937 nos
913 5881 1194 5939 occidisse.
1216 5878 1643 5948 Quomodoergo
1668 5891 1788 5932 eum
1811 5895 1838 5935 a
1856 5879 2012 5933 nobis
2027 5880 2264 5945 auferes,
2284 5880 2372 5947 qui

2472 4683 2842 4739 introducitur
2892 4698 3092 4752 corpus
3166 4685 3487 4752 parentibus
3568 4686 4068 4755 jucundissimum.

2475 4775 2906 4845 mortalibusque
2940 4774 3318 4843 utilissimum,
3357 4778 3511 4832 malis
3545 4779 3834 4846 spiritibus
3865 4791 4069 4847 poten-

2477 4868 2602 4928 tius,
2633 4865 3047 4931 (egritudinibus
3076 4876 3131 4921 et
3160 4870 3365 4922 morbis
3394 4868 3646 4934 validius,
3688 4870 4069 4926 medicamen-

2478 4968 2593 5011 tum
2627 4972 2749 5010 verc
2781 4958 3203 5026 inexpugnabile
3236 4975 3250 5011 :
3299 4974 3477 5029 neque
3512 4962 3700 5019 valens
3740 4964 3924 5018 solum
3968 4968 4071 5021 ad-

2476 5064 2666 5101 versus
2704 5064 2868 5103 unum
2904 5048 3176 5111 morbum,
3206 5050 3321 5115 sed,
3366 5063 3424 5107 ut
3453 5052 3621 5106 semel
3668 5052 3867 5118 dicam,
3930 5058 4071 5109 rest—

2476 5151 2625 5194 stens
2652 5140 2924 5191 omnibus.

2549 5235 2718 5288 Mater
2742 5247 2869 5301 ergo
2904 5233 3022 5286 laeta
3051 5233 3141 5287 tali
3176 5233 3352 5287 reditu
3394 5234 3510 5299 filil,
3538 5246 3591 5290 et
3619 5235 3779 5290 simul
3806 5250 3982 5297 caput
4018 5242 4068 5292 in

2475 5328 2694 5381 Christo
2723 5325 2932 5390 tollens,
2976 5326 3433 5395 splendoremque
3490 5336 3544 5380 et
3593 5320 4070 5396 magniﬁcentiam

2478 5418 2529 5470 in
2585 5430 2831 5487 tempore
2909 5417 3231 5483 ostendens,
3302 5417 3513 5487 argenti
3576 5434 3771 5487 magno
3829 5436 4069 5492 sumptu

2476 5526 2691 5580 capsum
2728 5510 2903 5564 induit
2933 5530 2943 5563 :
2979 5526 3086 5566 non
3112 5514 3287 5566 solum
3330 5511 3383 5565 id
3418 5511 3645 5577 faciens,
3708 5523 3985 5583 tanquam
4018 5521 4071 5572 in

2476 5605 2701 5673 gratiam
2742 5604 2853 5665 ﬁlii,
2886 5606 2978 5657 sed
3009 5621 3133 5658 eum
3166 5602 3391 5657 studens
3442 5606 3729 5667 honorare,
3798 5615 4071 5679 tanquam

2479 5695 2571 5748 Dei
2610 5696 2842 5749 amicum
2878 5713 2889 5747 ι
2950 5706 3004 5747 ιιι
3042 5694 3172 5747 illud
3232 5696 3449 5763 quidem
3487 5704 3633 5749 esset
3692 5708 3934 5759 naturae,
3975 5704 4074 5755 hoc

2480 5804 2607 5840 vero
2643 5788 2711 5855 pii
2746 5787 2935 5851 animi,
2962 5798 3014 5841 et
3047 5789 3244 5841 mentis
3272 5787 3442 5840 Deum
3502 5790 3756 5843 amantis.
3801 5789 3949 5843 Cum
3996 5796 4072 5846 sic

2480 5894 2606 5949 ergo
2645 5894 2858 5947 Capsam
2898 5890 3121 5950 argento
3153 5890 3405 5952 parentes
3435 5884 3624 5951 Optimi
3655 5884 4069 5943 circumdedis-
