  <div class='ocr_page' id='page_1' title='image "/cluster/home/n/w/nwhite01/storage/ocr_20150623/115/nnc1.0046980261/258.png"; bbox 0 0 4226 6436; ppageno 0'>
   <div class='ocr_carea' id='block_1_1' title="bbox 164 396 268 460">
    <p class='ocr_par' dir='ltr' id='par_1_1' title="bbox 164 396 268 460">
     <span class='ocr_line' id='line_1_1' title="bbox 164 396 268 460; baseline 0.019 -2"><span class='ocrx_word' id='word_1_1' title='bbox 164 396 268 460; x_wconf 67' lang='grc'><strong>491</strong></span> 
     </span>
    </p>
   </div>
   <div class='ocr_carea' id='block_1_2' title="bbox 907 405 2599 474">
    <p class='ocr_par' dir='ltr' id='par_1_2' title="bbox 907 405 2599 474">
     <span class='ocr_line' id='line_1_2' title="bbox 907 405 2599 474; baseline 0.006 -10"><span class='ocrx_word' id='word_1_2' title='bbox 907 405 1370 466; x_wconf 78' lang='lat' dir='ltr'>MARTYRIUM</span> <span class='ocrx_word' id='word_1_3' title='bbox 1413 407 1451 466; x_wconf 94' lang='lat' dir='ltr'>S</span> <span class='ocrx_word' id='word_1_4' title='bbox 1513 406 1807 468; x_wconf 75' lang='lat' dir='ltr'><strong>SOPHLE</strong></span> <span class='ocrx_word' id='word_1_5' title='bbox 1849 412 1938 470; x_wconf 83' lang='grc' dir='ltr'><strong>ΕΓ</strong></span> <span class='ocrx_word' id='word_1_6' title='bbox 1987 413 2357 474; x_wconf 76' lang='lat' dir='ltr'><strong>FILIARUM</strong></span> <span class='ocrx_word' id='word_1_7' title='bbox 2402 415 2599 474; x_wconf 81' lang='lat' dir='ltr'><strong>EJUS.</strong></span> 
     </span>
    </p>
   </div>
   <div class='ocr_carea' id='block_1_3' title="bbox 3305 413 3406 472">
    <p class='ocr_par' dir='ltr' id='par_1_3' title="bbox 3305 413 3406 472">
     <span class='ocr_line' id='line_1_3' title="bbox 3305 413 3406 472; baseline -0.04 1"><span class='ocrx_word' id='word_1_8' title='bbox 3305 413 3406 472; x_wconf 70' lang='lat'><strong>498</strong></span> 
     </span>
    </p>
   </div>
   <div class='ocr_carea' id='block_1_4' title="bbox 163 511 3408 590">
    <p class='ocr_par' dir='ltr' id='par_1_4' title="bbox 163 511 3408 590">
     <span class='ocr_line' id='line_1_4' title="bbox 163 511 3408 590; baseline 0.003 -28"><span class='ocrx_word' id='word_1_9' title='bbox 163 519 306 573; x_wconf 87' lang='lat' dir='ltr'><strong>sent,</strong></span> <span class='ocrx_word' id='word_1_10' title='bbox 338 511 437 564; x_wconf 89' lang='lat' dir='ltr'><strong>hoc</strong></span> <span class='ocrx_word' id='word_1_11' title='bbox 461 528 588 567; x_wconf 86' lang='lat' dir='ltr'><strong>vere</strong></span> <span class='ocrx_word' id='word_1_12' title='bbox 617 529 831 570; x_wconf 88' lang='lat' dir='ltr'><strong>sacrum</strong></span> <span class='ocrx_word' id='word_1_13' title='bbox 874 516 1134 586; x_wconf 82' lang='lat' dir='ltr'><strong>templum</strong></span> <span class='ocrx_word' id='word_1_14' title='bbox 1193 516 1474 585; x_wconf 88' lang='lat' dir='ltr'><strong>deponunt</strong></span> <span class='ocrx_word' id='word_1_15' title='bbox 1500 518 1554 572; x_wconf 89' lang='lat' dir='ltr'><strong>in</strong></span> <span class='ocrx_word' id='word_1_16' title='bbox 1610 519 1731 589; x_wconf 57' lang='lat' dir='ltr'><strong>pulo</strong></span> <span class='ocrx_word' id='word_1_17' title='bbox 1762 528 1807 585; x_wconf 76' lang='grc' dir='ltr'>Α</span> <span class='ocrx_word' id='word_1_18' title='bbox 1837 535 2024 574; x_wconf 75' lang='grc' dir='ltr'>πηοτιυς</span> <span class='ocrx_word' id='word_1_19' title='bbox 2057 519 2331 590; x_wconf 81' lang='lat' dir='ltr'><strong>fugantur,</strong></span> <span class='ocrx_word' id='word_1_20' title='bbox 2364 520 2535 575; x_wconf 88' lang='lat' dir='ltr'><strong>morbi</strong></span> <span class='ocrx_word' id='word_1_21' title='bbox 2567 521 2870 584; x_wconf 85' lang='lat' dir='ltr'><strong>solvuntur,</strong></span> <span class='ocrx_word' id='word_1_22' title='bbox 2904 530 2955 574; x_wconf 85' lang='lat' dir='ltr'><strong>et</strong></span> <span class='ocrx_word' id='word_1_23' title='bbox 2977 521 3118 575; x_wconf 90' lang='lat' dir='ltr'><strong>Deus</strong></span> <span class='ocrx_word' id='word_1_24' title='bbox 3147 519 3201 573; x_wconf 88' lang='lat' dir='ltr'><strong>in</strong></span> <span class='ocrx_word' id='word_1_25' title='bbox 3233 523 3408 574; x_wconf 86' lang='lat' dir='ltr'><strong>omni-</strong></span> 
     </span>
    </p>
   </div>
   <div class='ocr_carea' id='block_1_5' title="bbox 161 599 1732 676">
    <p class='ocr_par' dir='ltr' id='par_1_5' title="bbox 161 599 1732 676">
     <span class='ocr_line' id='line_1_5' title="bbox 161 599 1732 676; baseline 0.008 -24"><span class='ocrx_word' id='word_1_26' title='bbox 161 599 296 654; x_wconf 80' lang='lat' dir='ltr'><strong>cbro</strong></span> <span class='ocrx_word' id='word_1_27' title='bbox 314 604 534 672; x_wconf 89' lang='lat' dir='ltr'><strong>templo,</strong></span> <span class='ocrx_word' id='word_1_28' title='bbox 559 606 702 672; x_wconf 92' lang='lat' dir='ltr'><strong>quod</strong></span> <span class='ocrx_word' id='word_1_29' title='bbox 734 607 832 675; x_wconf 87' lang='lat' dir='ltr'><strong>ipsi</strong></span> <span class='ocrx_word' id='word_1_30' title='bbox 851 606 1090 676; x_wconf 67' lang='lat' dir='ltr'><strong>Deiparaz</strong></span> <span class='ocrx_word' id='word_1_31' title='bbox 1108 616 1554 673; x_wconf 75' lang='lat' dir='ltr'><strong>construxerant,</strong></span> <span class='ocrx_word' id='word_1_32' title='bbox 1579 625 1732 666; x_wconf 89' lang='lat' dir='ltr'><strong>com-</strong></span> 
     </span>
    </p>
   </div>
   <div class='ocr_carea' id='block_1_6' title="bbox 160 694 1732 768">
    <p class='ocr_par' dir='ltr' id='par_1_6' title="bbox 160 694 1732 768">
     <span class='ocr_line' id='line_1_6' title="bbox 160 694 1732 768; baseline 0.008 -25"><span class='ocrx_word' id='word_1_33' title='bbox 160 706 354 746; x_wconf 85' lang='lat' dir='ltr'><strong>munes</strong></span> <span class='ocrx_word' id='word_1_34' title='bbox 383 694 693 750; x_wconf 81' lang='lat' dir='ltr'><strong>hominibus</strong></span> <span class='ocrx_word' id='word_1_35' title='bbox 723 696 899 752; x_wconf 85' lang='lat' dir='ltr'><strong>ell‘ecti</strong></span> <span class='ocrx_word' id='word_1_36' title='bbox 933 699 1329 762; x_wconf 82' lang='lat' dir='ltr'><strong>benefactores,</strong></span> <span class='ocrx_word' id='word_1_37' title='bbox 1367 700 1494 755; x_wconf 90' lang='lat' dir='ltr'><strong>dato</strong></span> <span class='ocrx_word' id='word_1_38' title='bbox 1565 703 1732 768; x_wconf 91' lang='lat' dir='ltr'><strong>dono,</strong></span> 
     </span>
    </p>
   </div>
   <div class='ocr_carea' id='block_1_7' title="bbox 159 784 1733 863">
    <p class='ocr_par' dir='ltr' id='par_1_7' title="bbox 159 784 1733 863">
     <span class='ocr_line' id='line_1_7' title="bbox 159 784 1733 863; baseline 0.01 -28"><span class='ocrx_word' id='word_1_39' title='bbox 159 784 302 850; x_wconf 91' lang='lat' dir='ltr'><strong>quod</strong></span> <span class='ocrx_word' id='word_1_40' title='bbox 331 787 641 842; x_wconf 72' lang='lat' dir='ltr'><strong>extenditur</strong></span> <span class='ocrx_word' id='word_1_41' title='bbox 671 789 724 842; x_wconf 91' lang='lat' dir='ltr'><strong>in</strong></span> <span class='ocrx_word' id='word_1_42' title='bbox 769 791 1159 858; x_wconf 89' lang='lat' dir='ltr'><strong>sempiternum</strong></span> <span class='ocrx_word' id='word_1_43' title='bbox 1199 807 1212 843; x_wconf 91' lang='lat'><strong>:</strong></span> <span class='ocrx_word' id='word_1_44' title='bbox 1247 807 1343 860; x_wconf 94' lang='lat' dir='ltr'><strong>per</strong></span> <span class='ocrx_word' id='word_1_45' title='bbox 1411 808 1569 863; x_wconf 91' lang='lat' dir='ltr'><strong>quem</strong></span> <span class='ocrx_word' id='word_1_46' title='bbox 1624 795 1733 850; x_wconf 73' lang='lat' dir='ltr'><strong>dte-</strong></span> 
     </span>
    </p>
   </div>
   <div class='ocr_carea' id='block_1_8' title="bbox 1842 611 3410 684">
    <p class='ocr_par' dir='ltr' id='par_1_8' title="bbox 1842 611 3410 684">
     <span class='ocr_line' id='line_1_8' title="bbox 1842 611 3410 684; baseline 0.001 -20"><span class='ocrx_word' id='word_1_47' title='bbox 1842 611 1962 672; x_wconf 89' lang='lat' dir='ltr'><strong>bus,</strong></span> <span class='ocrx_word' id='word_1_48' title='bbox 1996 620 2048 665; x_wconf 89' lang='lat' dir='ltr'><strong>et</strong></span> <span class='ocrx_word' id='word_1_49' title='bbox 2077 628 2175 682; x_wconf 89' lang='lat' dir='ltr'><strong>per</strong></span> <span class='ocrx_word' id='word_1_50' title='bbox 2204 612 2388 667; x_wconf 82' lang='lat' dir='ltr'><strong>omnia</strong></span> <span class='ocrx_word' id='word_1_51' title='bbox 2417 612 3055 684; x_wconf 78' lang='lat' dir='ltr'><strong>gloriﬁcatur.Quoniam</strong></span> <span class='ocrx_word' id='word_1_52' title='bbox 3093 627 3217 665; x_wconf 90' lang='lat' dir='ltr'><strong>eum</strong></span> <span class='ocrx_word' id='word_1_53' title='bbox 3249 611 3410 666; x_wconf 92' lang='lat' dir='ltr'><strong>decet</strong></span> 
     </span>
    </p>
   </div>
   <div class='ocr_carea' id='block_1_9' title="bbox 1841 703 3410 773">
    <p class='ocr_par' dir='ltr' id='par_1_9' title="bbox 1841 703 3410 773">
     <span class='ocr_line' id='line_1_9' title="bbox 1841 703 3410 773; baseline -0.002 -15"><span class='ocrx_word' id='word_1_54' title='bbox 1841 704 2020 758; x_wconf 88' lang='lat' dir='ltr'><strong>omnis</strong></span> <span class='ocrx_word' id='word_1_55' title='bbox 2049 703 2239 773; x_wconf 79' lang='lat' dir='ltr'><strong>gloria,</strong></span> <span class='ocrx_word' id='word_1_56' title='bbox 2275 706 2450 759; x_wconf 89' lang='lat' dir='ltr'><strong>honor</strong></span> <span class='ocrx_word' id='word_1_57' title='bbox 2480 715 2534 759; x_wconf 92' lang='lat' dir='ltr'><strong>et</strong></span> <span class='ocrx_word' id='word_1_58' title='bbox 2563 704 2828 769; x_wconf 89' lang='lat' dir='ltr'><strong>adoratio,</strong></span> <span class='ocrx_word' id='word_1_59' title='bbox 2879 718 3028 758; x_wconf 90' lang='lat' dir='ltr'><strong>nunc</strong></span> <span class='ocrx_word' id='word_1_60' title='bbox 3080 711 3135 757; x_wconf 91' lang='lat' dir='ltr'><strong>et</strong></span> <span class='ocrx_word' id='word_1_61' title='bbox 3193 715 3410 772; x_wconf 84' lang='lat' dir='ltr'><strong>semper</strong></span> 
     </span>
    </p>
   </div>
   <div class='ocr_carea' id='block_1_10' title="bbox 1840 797 2808 858">
    <p class='ocr_par' dir='ltr' id='par_1_10' title="bbox 1840 797 2808 858">
     <span class='ocr_line' id='line_1_10' title="bbox 1840 797 2808 858; baseline -0.001 -8"><span class='ocrx_word' id='word_1_62' title='bbox 1840 807 1895 850; x_wconf 90' lang='lat' dir='ltr'><strong>et</strong></span> <span class='ocrx_word' id='word_1_63' title='bbox 1936 797 1989 850; x_wconf 91' lang='lat' dir='ltr'><strong>in</strong></span> <span class='ocrx_word' id='word_1_64' title='bbox 2025 799 2218 858; x_wconf 73' lang='lat' dir='ltr'><strong>saecula</strong></span> <span class='ocrx_word' id='word_1_65' title='bbox 2237 799 2584 852; x_wconf 69' lang='lat' dir='ltr'><strong>smculorum.</strong></span> <span class='ocrx_word' id='word_1_66' title='bbox 2616 798 2808 850; x_wconf 80' lang='lat' dir='ltr'><strong>Amen.</strong></span> 
     </span>
    </p>
   </div>
   <div class='ocr_carea' id='block_1_11' title="bbox 849 1067 2739 1228">
    <p class='ocr_par' dir='ltr' id='par_1_11' title="bbox 849 1067 2739 1228">
     <span class='ocr_line' id='line_1_11' title="bbox 849 1067 2739 1228; baseline -0.002 -5"><span class='ocrx_word' id='word_1_67' title='bbox 849 1067 1558 1224; x_wconf 88' lang='lat' dir='ltr'><strong>MENSIS</strong></span> <span class='ocrx_word' id='word_1_68' title='bbox 1676 1067 2739 1228; x_wconf 89' lang='lat' dir='ltr'><strong>AUGUSTUS.</strong></span> 
     </span>
    </p>
   </div>
   <div class='ocr_carea' id='block_1_12' title="bbox 798 1411 2467 1510">
    <p class='ocr_par' dir='ltr' id='par_1_12' title="bbox 798 1413 2467 1510">
     <span class='ocr_line' id='line_1_12' title="bbox 798 1413 2467 1510; baseline -0.004 0"><span class='ocrx_word' id='word_1_69' title='bbox 798 1413 1440 1510; x_wconf 83' lang='grc' dir='ltr'><strong>ΜᾹΡΤΥΡΙΟΝ</strong></span> <span class='ocrx_word' id='word_1_70' title='bbox 1513 1420 1743 1507; x_wconf 90' lang='grc' dir='ltr'><strong>ΤΩΝ</strong></span> <span class='ocrx_word' id='word_1_71' title='bbox 1818 1413 2160 1506; x_wconf 85' lang='grc' dir='ltr'><strong>ΑΓΙΩΝ</strong></span> <span class='ocrx_word' id='word_1_72' title='bbox 2233 1417 2467 1506; x_wconf 85' lang='grc' dir='ltr'><strong>ΓΥΝ.</strong></span> 
     </span>
    </p>
   </div>
   <div class='ocr_carea' id='block_1_13' title="bbox 1133 1411 2802 1510">
    <p class='ocr_par' dir='ltr' id='par_1_13' title="bbox 1133 1411 2802 1507">
     <span class='ocr_line' id='line_1_13' title="bbox 1133 1411 2802 1507; baseline -0.002 0"><span class='ocrx_word' id='word_1_73' title='bbox 1133 1419 1440 1507; x_wconf 68' lang='grc' dir='ltr'><strong>ΥΡΙΟΝ</strong></span> <span class='ocrx_word' id='word_1_74' title='bbox 1513 1420 1743 1507; x_wconf 90' lang='grc' dir='ltr'><strong>ΤΩΝ</strong></span> <span class='ocrx_word' id='word_1_75' title='bbox 1818 1413 2160 1506; x_wconf 85' lang='grc' dir='ltr'><strong>ΑΓΙΩΝ</strong></span> <span class='ocrx_word' id='word_1_76' title='bbox 2233 1411 2802 1506; x_wconf 82' lang='grc' dir='ltr'><strong>ΓΥΝᾹΙΚΩΝ</strong></span> 
     </span>
    </p>
   </div>
   <div class='ocr_carea' id='block_1_14' title="bbox 1490 1577 2116 1713">
    <p class='ocr_par' dir='ltr' id='par_1_14' title="bbox 1490 1577 2116 1713">
     <span class='ocr_line' id='line_1_14' title="bbox 1490 1577 2116 1713; baseline -0.003 -3"><span class='ocrx_word' id='word_1_77' title='bbox 1490 1577 2116 1713; x_wconf 83' lang='grc' dir='ltr'><strong>ΣΟΦΙΑΣ</strong></span> 
     </span>
    </p>
   </div>
   <div class='ocr_carea' id='block_1_15' title="bbox 1320 1771 2311 1829">
    <p class='ocr_par' dir='ltr' id='par_1_15' title="bbox 1320 1771 2311 1829">
     <span class='ocr_line' id='line_1_15' title="bbox 1320 1771 2311 1829; baseline -0.006 0"><span class='ocrx_word' id='word_1_78' title='bbox 1320 1775 1443 1829; x_wconf 77' lang='grc' dir='ltr'><strong>ΚΑΙ</strong></span> <span class='ocrx_word' id='word_1_79' title='bbox 1474 1771 1611 1828; x_wconf 83' lang='grc' dir='ltr'><strong>ΤΩΝ</strong></span> <span class='ocrx_word' id='word_1_80' title='bbox 1641 1771 2046 1828; x_wconf 82' lang='grc' dir='ltr'><strong>ΘΥΓΑΤΕΡΩΝ</strong></span> <span class='ocrx_word' id='word_1_81' title='bbox 2078 1771 2311 1826; x_wconf 79' lang='grc' dir='ltr'><strong>ΔΥΤΗΣ</strong></span> 
     </span>
    </p>
   </div>
   <div class='ocr_carea' id='block_1_16' title="bbox 473 1901 3150 2052">
    <p class='ocr_par' dir='ltr' id='par_1_16' title="bbox 473 1901 3150 2052">
     <span class='ocr_line' id='line_1_16' title="bbox 473 1901 3150 2052; baseline -0.005 -23"><span class='ocrx_word' id='word_1_82' title='bbox 473 1910 1182 2052; x_wconf 79' lang='grc' dir='ltr'><strong>ΠΙΣΤΕΩΣ,</strong></span> <span class='ocrx_word' id='word_1_83' title='bbox 1283 1901 1973 2023; x_wconf 81' lang='grc' dir='ltr'><strong>ΕΑΠΙΔΟΣ</strong></span> <span class='ocrx_word' id='word_1_84' title='bbox 2090 1907 2369 2017; x_wconf 86' lang='grc' dir='ltr'><strong>ΚΑΙ</strong></span> <span class='ocrx_word' id='word_1_85' title='bbox 2484 1904 3150 2051; x_wconf 83' lang='grc' dir='ltr'><strong>ΑΓΑΠΗΣ.</strong></span> 
     </span>
    </p>
   </div>
   <div class='ocr_carea' id='block_1_17' title="bbox 661 2197 2913 2298">
    <p class='ocr_par' dir='ltr' id='par_1_17' title="bbox 661 2197 2913 2298">
     <span class='ocr_line' id='line_1_17' title="bbox 661 2197 2913 2298; baseline -0.005 -1"><span class='ocrx_word' id='word_1_86' title='bbox 661 2203 1394 2298; x_wconf 80' lang='lat' dir='ltr'><strong>MARTYBIUM</strong></span> <span class='ocrx_word' id='word_1_87' title='bbox 1471 2201 2185 2294; x_wconf 81' lang='lat' dir='ltr'><strong>SANCTABUM</strong></span> <span class='ocrx_word' id='word_1_88' title='bbox 2268 2197 2913 2290; x_wconf 78' lang='lat' dir='ltr'><strong>MULIERUM</strong></span> 
     </span>
    </p>
   </div>
   <div class='ocr_carea' id='block_1_18' title="bbox 1398 2373 2227 2494">
    <p class='ocr_par' dir='ltr' id='par_1_18' title="bbox 1398 2373 2227 2494">
     <span class='ocr_line' id='line_1_18' title="bbox 1398 2373 2227 2494; baseline -0.005 -3"><span class='ocrx_word' id='word_1_89' title='bbox 1398 2373 2227 2494; x_wconf 65' lang='lat' dir='ltr'><strong>SO‘PHlx‘E</strong></span> 
     </span>
    </p>
   </div>
   <div class='ocr_carea' id='block_1_19' title="bbox 1501 2558 2105 2613">
    <p class='ocr_par' dir='ltr' id='par_1_19' title="bbox 1501 2558 2105 2613">
     <span class='ocr_line' id='line_1_19' title="bbox 1501 2558 2105 2613; baseline -0.008 0"><span class='ocrx_word' id='word_1_90' title='bbox 1501 2563 1582 2613; x_wconf 85' lang='lat' dir='ltr'><strong>ET</strong></span> <span class='ocrx_word' id='word_1_91' title='bbox 1616 2561 1767 2612; x_wconf 83' lang='lat' dir='ltr'><strong>EJUS</strong></span> <span class='ocrx_word' id='word_1_92' title='bbox 1797 2558 2105 2611; x_wconf 81' lang='lat' dir='ltr'><strong>FILIABUM</strong></span> 
     </span>
    </p>
   </div>
   <div class='ocr_carea' id='block_1_20' title="bbox 779 2645 2834 2820">
    <p class='ocr_par' dir='ltr' id='par_1_20' title="bbox 779 2645 2834 2820">
     <span class='ocr_line' id='line_1_20' title="bbox 779 2645 2834 2820; baseline -0.005 -32"><span class='ocrx_word' id='word_1_93' title='bbox 779 2684 1184 2820; x_wconf 81' lang='lat' dir='ltr'><strong>FIDE],</strong></span> <span class='ocrx_word' id='word_1_94' title='bbox 1325 2682 1603 2786; x_wconf 88' lang='lat' dir='ltr'><strong>SPEI</strong></span> <span class='ocrx_word' id='word_1_95' title='bbox 1715 2681 1880 2782; x_wconf 91' lang='lat' dir='ltr'><strong>ET</strong></span> <span class='ocrx_word' id='word_1_96' title='bbox 2013 2645 2834 2785; x_wconf 81' lang='lat' dir='ltr'><strong>CHABl&#39;l‘ATlS.</strong></span> 
     </span>
    </p>
   </div>
   <div class='ocr_carea' id='block_1_21' title="bbox 526 2886 3088 2960">
    <p class='ocr_par' dir='ltr' id='par_1_21' title="bbox 526 2886 3088 2960">
     <span class='ocr_line' id='line_1_21' title="bbox 526 2886 3088 2960; baseline -0.005 -12"><span class='ocrx_word' id='word_1_97' title='bbox 526 2900 718 2960; x_wconf 85' lang='lat' dir='ltr'><strong>(Latine</strong></span> <span class='ocrx_word' id='word_1_98' title='bbox 743 2897 870 2958; x_wconf 87' lang='lat' dir='ltr'><strong>apud</strong></span> <span class='ocrx_word' id='word_1_99' title='bbox 893 2892 1092 2943; x_wconf 91' lang='lat' dir='ltr'><strong>Surium</strong></span> <span class='ocrx_word' id='word_1_100' title='bbox 1118 2889 1178 2939; x_wconf 87' lang='lat' dir='ltr'><strong>ad</strong></span> <span class='ocrx_word' id='word_1_101' title='bbox 1200 2890 1332 2938; x_wconf 86' lang='lat' dir='ltr'><strong>diem</strong></span> <span class='ocrx_word' id='word_1_102' title='bbox 1363 2891 1377 2939; x_wconf 90' lang='lat' dir='ltr'><strong>l</strong></span> <span class='ocrx_word' id='word_1_103' title='bbox 1412 2888 1643 2951; x_wconf 78' lang='lat' dir='ltr'><strong>Augusti;</strong></span> <span class='ocrx_word' id='word_1_104' title='bbox 1673 2889 1840 2940; x_wconf 73' lang='lat' dir='ltr'><strong>Graece</strong></span> <span class='ocrx_word' id='word_1_105' title='bbox 1874 2903 1934 2938; x_wconf 86' lang='lat' dir='ltr'><strong>ex</strong></span> <span class='ocrx_word' id='word_1_106' title='bbox 1965 2890 2069 2938; x_wconf 90' lang='lat' dir='ltr'><strong>cod.</strong></span> <span class='ocrx_word' id='word_1_107' title='bbox 2102 2901 2192 2935; x_wconf 83' lang='lat' dir='ltr'><strong>ms.</strong></span> <span class='ocrx_word' id='word_1_108' title='bbox 2220 2887 2374 2936; x_wconf 65' lang='lat' dir='ltr'><strong>Grave.</strong></span> <span class='ocrx_word' id='word_1_109' title='bbox 2409 2888 2543 2936; x_wconf 85' lang='lat' dir='ltr'><strong>Paris</strong></span> <span class='ocrx_word' id='word_1_110' title='bbox 2587 2900 2637 2934; x_wconf 90' lang='lat' dir='ltr'><strong>n.</strong></span> <span class='ocrx_word' id='word_1_111' title='bbox 2669 2886 2922 2955; x_wconf 32' lang='lat' dir='ltr'><strong>1526,.stec</strong></span> <span class='ocrx_word' id='word_1_112' title='bbox 2980 2888 3088 2944; x_wconf 63' lang='lat' dir='ltr'><strong>xu.)</strong></span> 
     </span>
    </p>
   </div>
   <div class='ocr_carea' id='block_1_22' title="bbox 258 3191 1927 3265">
    <p class='ocr_par' dir='ltr' id='par_1_22' title="bbox 258 3193 1837 3265">
     <span class='ocr_line' id='line_1_22' title="bbox 258 3193 1837 3265; baseline -0.002 -13"><span class='ocrx_word' id='word_1_113' title='bbox 258 3200 335 3252; x_wconf 80' lang='lat' dir='ltr'><strong>A&#39;.</strong></span> <span class='ocrx_word' id='word_1_114' title='bbox 369 3197 524 3251; x_wconf 67' lang='grc' dir='ltr'>Μετὰ</span> <span class='ocrx_word' id='word_1_115' title='bbox 566 3195 624 3248; x_wconf 77' lang='grc' dir='ltr'>τὸ</span> <span class='ocrx_word' id='word_1_116' title='bbox 652 3195 1043 3264; x_wconf 77' lang='grc' dir='ltr'>διαγγελθῆναι</span> <span class='ocrx_word' id='word_1_117' title='bbox 1085 3195 1362 3263; x_wconf 75' lang='grc' dir='ltr'><strong>πανταχοῦ</strong></span> <span class='ocrx_word' id='word_1_118' title='bbox 1392 3195 1450 3246; x_wconf 81' lang='grc' dir='ltr'><strong>τὸ</strong></span> <span class='ocrx_word' id='word_1_119' title='bbox 1493 3197 1762 3265; x_wconf 80' lang='grc' dir='ltr'>σωτήριον</span> <span class='ocrx_word' id='word_1_120' title='bbox 1796 3193 1837 3261; x_wconf 70' lang='lat'><strong>3&#39;</strong></span> 
     </span>
    </p>
   </div>
   <div class='ocr_carea' id='block_1_23' title="bbox 1766 3191 3435 3265">
    <p class='ocr_par' dir='ltr' id='par_1_23' title="bbox 1796 3191 3435 3264">
     <span class='ocr_line' id='line_1_23' title="bbox 1796 3191 3435 3264; baseline 0.001 -15"><span class='ocrx_word' id='word_1_121' title='bbox 1796 3193 1837 3261; x_wconf 65' lang='grc' dir='ltr'><strong><em>Β</em></strong></span> <span class='ocrx_word' id='word_1_122' title='bbox 1936 3195 1974 3249; x_wconf 90' lang='grc' dir='ltr'><strong>Ι.</strong></span> <span class='ocrx_word' id='word_1_123' title='bbox 2009 3191 2304 3264; x_wconf 82' lang='lat' dir='ltr'><strong>Postquam</strong></span> <span class='ocrx_word' id='word_1_124' title='bbox 2341 3192 2806 3248; x_wconf 77' lang='lat' dir='ltr'><strong>fuissetsalutaris</strong></span> <span class='ocrx_word' id='word_1_125' title='bbox 2861 3192 3174 3263; x_wconf 71' lang='lat' dir='ltr'><strong>praedicatio</strong></span> <span class='ocrx_word' id='word_1_126' title='bbox 3239 3194 3435 3264; x_wconf 87' lang='lat' dir='ltr'><strong>ubique</strong></span> 
     </span>
    </p>
   </div>
   <div class='ocr_carea' id='block_1_24' title="bbox 181 3284 1759 3360">
    <p class='ocr_par' dir='ltr' id='par_1_24' title="bbox 181 3284 1759 3360">
     <span class='ocr_line' id='line_1_24' title="bbox 181 3284 1759 3360; baseline -0.004 -16"><span class='ocrx_word' id='word_1_127' title='bbox 181 3293 472 3360; x_wconf 66' lang='grc' dir='ltr'>κήρυγμα,</span> <span class='ocrx_word' id='word_1_128' title='bbox 501 3287 853 3357; x_wconf 79' lang='grc' dir='ltr'>πλωρηθῆναι</span> <span class='ocrx_word' id='word_1_129' title='bbox 896 3303 955 3339; x_wconf 91' lang='grc' dir='ltr'><strong>τε</strong></span> <span class='ocrx_word' id='word_1_130' title='bbox 991 3285 1060 3338; x_wconf 86' lang='grc' dir='ltr'>τὰ</span> <span class='ocrx_word' id='word_1_131' title='bbox 1094 3285 1271 3338; x_wconf 84' lang='grc' dir='ltr'>πάντα</span> <span class='ocrx_word' id='word_1_132' title='bbox 1308 3285 1403 3338; x_wconf 82' lang='grc' dir='ltr'>τοῦ</span> <span class='ocrx_word' id='word_1_133' title='bbox 1427 3286 1630 3353; x_wconf 89' lang='grc' dir='ltr'>γνῶναι</span> <span class='ocrx_word' id='word_1_134' title='bbox 1667 3284 1759 3338; x_wconf 80' lang='grc' dir='ltr'><strong>τὸν</strong></span> 
     </span>
    </p>
   </div>
   <div class='ocr_carea' id='block_1_25' title="bbox 1863 3285 3436 3356">
    <p class='ocr_par' dir='ltr' id='par_1_25' title="bbox 1863 3285 3436 3356">
     <span class='ocr_line' id='line_1_25' title="bbox 1863 3285 3436 3356; baseline 0.001 -17"><span class='ocrx_word' id='word_1_135' title='bbox 1863 3289 2209 3350; x_wconf 87' lang='lat' dir='ltr'><strong>annuntiata,</strong></span> <span class='ocrx_word' id='word_1_136' title='bbox 2241 3295 2297 3341; x_wconf 90' lang='lat' dir='ltr'><strong>et</strong></span> <span class='ocrx_word' id='word_1_137' title='bbox 2328 3285 2511 3341; x_wconf 85' lang='lat' dir='ltr'><strong>omnia</strong></span> <span class='ocrx_word' id='word_1_138' title='bbox 2539 3292 2722 3340; x_wconf 85' lang='lat' dir='ltr'><strong>essent</strong></span> <span class='ocrx_word' id='word_1_139' title='bbox 2753 3285 2954 3354; x_wconf 87' lang='lat' dir='ltr'><strong>repleta</strong></span> <span class='ocrx_word' id='word_1_140' title='bbox 2989 3286 3301 3356; x_wconf 82' lang='lat' dir='ltr'><strong>cognitione</strong></span> <span class='ocrx_word' id='word_1_141' title='bbox 3333 3285 3436 3341; x_wconf 87' lang='lat' dir='ltr'><strong>Do-</strong></span> 
     </span>
    </p>
   </div>
   <div class='ocr_carea' id='block_1_26' title="bbox 183 3377 1852 3451">
    <p class='ocr_par' dir='ltr' id='par_1_26' title="bbox 183 3377 1756 3451">
     <span class='ocr_line' id='line_1_26' title="bbox 183 3377 1756 3451; baseline -0.003 -16"><span class='ocrx_word' id='word_1_142' title='bbox 183 3381 414 3451; x_wconf 69' lang='grc' dir='ltr'>Κύριον,</span> <span class='ocrx_word' id='word_1_143' title='bbox 447 3381 610 3432; x_wconf 75' lang='grc' dir='ltr'>οἱονεὶ</span> <span class='ocrx_word' id='word_1_144' title='bbox 650 3378 902 3447; x_wconf 74' lang='grc' dir='ltr'>λείψανον</span> <span class='ocrx_word' id='word_1_145' title='bbox 926 3378 1124 3440; x_wconf 85' lang='grc' dir='ltr'>κακίας</span> <span class='ocrx_word' id='word_1_146' title='bbox 1163 3377 1440 3448; x_wconf 73' lang='grc' dir='ltr'>Ἀδριανὸς</span> <span class='ocrx_word' id='word_1_147' title='bbox 1467 3378 1564 3449; x_wconf 83' lang='grc' dir='ltr'><strong>τὴν</strong></span> <span class='ocrx_word' id='word_1_148' title='bbox 1594 3378 1756 3431; x_wconf 78' lang='grc' dir='ltr'>αὐτο-</span> 
     </span>
    </p>
   </div>
   <div class='ocr_carea' id='block_1_27' title="bbox 1764 3377 3433 3451">
    <p class='ocr_par' dir='ltr' id='par_1_27' title="bbox 1861 3377 3433 3446">
     <span class='ocr_line' id='line_1_27' title="bbox 1861 3377 3433 3446; baseline -0.001 -14"><span class='ocrx_word' id='word_1_149' title='bbox 1861 3377 2017 3444; x_wconf 90' lang='lat' dir='ltr'><strong>mini,</strong></span> <span class='ocrx_word' id='word_1_150' title='bbox 2052 3377 2216 3431; x_wconf 84' lang='lat' dir='ltr'><strong>veluti</strong></span> <span class='ocrx_word' id='word_1_151' title='bbox 2241 3377 2486 3445; x_wconf 65' lang='lat' dir='ltr'><strong>quaedam</strong></span> <span class='ocrx_word' id='word_1_152' title='bbox 2517 3378 2738 3430; x_wconf 77' lang='lat' dir='ltr'><strong>sceleris</strong></span> <span class='ocrx_word' id='word_1_153' title='bbox 2753 3377 2995 3446; x_wconf 64' lang='lat' dir='ltr'><strong>reliquiae</strong></span> <span class='ocrx_word' id='word_1_154' title='bbox 3024 3378 3290 3432; x_wconf 86' lang='lat' dir='ltr'><strong>Adrianus</strong></span> <span class='ocrx_word' id='word_1_155' title='bbox 3321 3377 3402 3432; x_wconf 81' lang='lat' dir='ltr'><strong>Bo</strong></span> <span class='ocrx_word' id='word_1_156' title='bbox 3431 3409 3433 3414; x_wconf 68' lang='grc' dir='ltr'><strong>ι</strong></span> 
     </span>
    </p>
   </div>
   <div class='ocr_carea' id='block_1_28' title="bbox 181 3470 1759 3542">
    <p class='ocr_par' dir='ltr' id='par_1_28' title="bbox 181 3470 1759 3542">
     <span class='ocr_line' id='line_1_28' title="bbox 181 3470 1759 3542; baseline -0.001 -17"><span class='ocrx_word' id='word_1_157' title='bbox 181 3475 435 3542; x_wconf 78' lang='grc' dir='ltr'>’κράτορα</span> <span class='ocrx_word' id='word_1_158' title='bbox 479 3471 755 3540; x_wconf 85' lang='grc' dir='ltr'>Ῥημαίων</span> <span class='ocrx_word' id='word_1_159' title='bbox 799 3471 1001 3521; x_wconf 82' lang='grc' dir='ltr'><strong>διέπων</strong></span> <span class='ocrx_word' id='word_1_160' title='bbox 1029 3470 1222 3539; x_wconf 80' lang='grc' dir='ltr'><strong>ἀρχὴν,</strong></span> <span class='ocrx_word' id='word_1_161' title='bbox 1256 3470 1456 3537; x_wconf 79' lang='grc' dir='ltr'>πολλὴν</span> <span class='ocrx_word' id='word_1_162' title='bbox 1492 3472 1649 3540; x_wconf 71' lang='grc' dir='ltr'>εἴπερ</span> <span class='ocrx_word' id='word_1_163' title='bbox 1675 3488 1759 3533; x_wconf 83' lang='grc' dir='ltr'><strong>τις</strong></span> 
     </span>
    </p>
   </div>
   <div class='ocr_carea' id='block_1_29' title="bbox 182 3559 1763 3629">
    <p class='ocr_par' dir='ltr' id='par_1_29' title="bbox 182 3559 1763 3629">
     <span class='ocr_line' id='line_1_29' title="bbox 182 3559 1763 3629; baseline 0 -16"><span class='ocrx_word' id='word_1_164' title='bbox 182 3563 347 3623; x_wconf 70' lang='grc' dir='ltr'>ἄλλος</span> <span class='ocrx_word' id='word_1_165' title='bbox 369 3561 467 3629; x_wconf 80' lang='grc' dir='ltr'>τὴν</span> <span class='ocrx_word' id='word_1_166' title='bbox 513 3561 646 3628; x_wconf 68' lang='grc' dir='ltr'>πρὸς</span> <span class='ocrx_word' id='word_1_167' title='bbox 671 3560 794 3622; x_wconf 78' lang='grc' dir='ltr'>τοὺς</span> <span class='ocrx_word' id='word_1_168' title='bbox 823 3559 1211 3629; x_wconf 82' lang='grc' dir='ltr'>ψευδωνύμους</span> <span class='ocrx_word' id='word_1_169' title='bbox 1241 3559 1392 3621; x_wconf 73' lang='grc' dir='ltr'>θεοὺς</span> <span class='ocrx_word' id='word_1_170' title='bbox 1416 3561 1763 3614; x_wconf 76' lang='grc' dir='ltr'><strong>ἐπεδείκνυτο</strong></span> 
     </span>
    </p>
   </div>
   <div class='ocr_carea' id='block_1_30' title="bbox 182 3650 1760 3724">
    <p class='ocr_par' dir='ltr' id='par_1_30' title="bbox 182 3650 1760 3724">
     <span class='ocr_line' id='line_1_30' title="bbox 182 3650 1760 3724; baseline -0.001 -20"><span class='ocrx_word' id='word_1_171' title='bbox 182 3651 657 3721; x_wconf 80' lang='grc' dir='ltr'>δεισιδαιμονίαν,</span> <span class='ocrx_word' id='word_1_172' title='bbox 711 3654 838 3715; x_wconf 79' lang='grc' dir='ltr'>τοὺς</span> <span class='ocrx_word' id='word_1_173' title='bbox 889 3651 985 3721; x_wconf 79' lang='grc' dir='ltr'>μὲν</span> <span class='ocrx_word' id='word_1_174' title='bbox 1048 3650 1309 3714; x_wconf 80' lang='grc' dir='ltr'>θωπείαις</span> <span class='ocrx_word' id='word_1_175' title='bbox 1367 3651 1760 3724; x_wconf 71' lang='grc' dir='ltr'>ὑπερχόμενος,</span> 
     </span>
    </p>
   </div>
   <div class='ocr_carea' id='block_1_31' title="bbox 183 3741 1766 3812">
    <p class='ocr_par' dir='ltr' id='par_1_31' title="bbox 183 3741 1766 3812">
     <span class='ocr_line' id='line_1_31' title="bbox 183 3741 1766 3812; baseline -0.001 -15"><span class='ocrx_word' id='word_1_176' title='bbox 183 3746 315 3806; x_wconf 75' lang='grc' dir='ltr'>τοὺς</span> <span class='ocrx_word' id='word_1_177' title='bbox 344 3745 403 3798; x_wconf 77' lang='grc' dir='ltr'><strong>δὲ</strong></span> <span class='ocrx_word' id='word_1_178' title='bbox 429 3745 522 3797; x_wconf 66' lang='grc' dir='ltr'>καὶ</span> <span class='ocrx_word' id='word_1_179' title='bbox 546 3745 794 3804; x_wconf 73' lang='grc' dir='ltr'><strong>ἀπειλαῖς</strong></span> <span class='ocrx_word' id='word_1_180' title='bbox 828 3743 1246 3812; x_wconf 76' lang='grc' dir='ltr'>καταπλήττων.</span> <span class='ocrx_word' id='word_1_181' title='bbox 1281 3741 1416 3796; x_wconf 79' lang='grc' dir='ltr'>Κατ’</span> <span class='ocrx_word' id='word_1_182' title='bbox 1449 3747 1625 3798; x_wconf 86' lang='grc' dir='ltr'>ἐκεῖνο</span> <span class='ocrx_word' id='word_1_183' title='bbox 1658 3743 1766 3796; x_wconf 85' lang='grc' dir='ltr'>τοί-</span> 
     </span>
    </p>
   </div>
   <div class='ocr_carea' id='block_1_32' title="bbox 184 3831 1769 3903">
    <p class='ocr_par' dir='ltr' id='par_1_32' title="bbox 184 3831 1769 3903">
     <span class='ocr_line' id='line_1_32' title="bbox 184 3831 1769 3903; baseline 0 -17"><span class='ocrx_word' id='word_1_184' title='bbox 184 3853 288 3886; x_wconf 87' lang='grc' dir='ltr'><strong>νυν</strong></span> <span class='ocrx_word' id='word_1_185' title='bbox 320 3834 535 3902; x_wconf 79' lang='grc' dir='ltr'>καιροῦ,</span> <span class='ocrx_word' id='word_1_186' title='bbox 569 3834 701 3900; x_wconf 84' lang='grc' dir='ltr'>γυνή</span> <span class='ocrx_word' id='word_1_187' title='bbox 732 3849 815 3894; x_wconf 86' lang='grc' dir='ltr'><strong>τις</strong></span> <span class='ocrx_word' id='word_1_188' title='bbox 843 3831 1074 3902; x_wconf 83' lang='grc' dir='ltr'>εὐσεϐὴς</span> <span class='ocrx_word' id='word_1_189' title='bbox 1109 3834 1202 3884; x_wconf 83' lang='grc' dir='ltr'>καὶ</span> <span class='ocrx_word' id='word_1_190' title='bbox 1237 3832 1502 3901; x_wconf 76' lang='grc' dir='ltr'>φιλόθεος,</span> <span class='ocrx_word' id='word_1_191' title='bbox 1529 3831 1769 3903; x_wconf 71' lang='grc' dir='ltr'>τοῦνομα</span> 
     </span>
    </p>
   </div>
   <div class='ocr_carea' id='block_1_33' title="bbox 185 3923 1768 3993">
    <p class='ocr_par' dir='ltr' id='par_1_33' title="bbox 185 3923 1768 3993">
     <span class='ocr_line' id='line_1_33' title="bbox 185 3923 1768 3993; baseline -0.001 -13"><span class='ocrx_word' id='word_1_192' title='bbox 185 3927 388 3993; x_wconf 80' lang='grc' dir='ltr'>Σοφία,</span> <span class='ocrx_word' id='word_1_193' title='bbox 411 3925 597 3991; x_wconf 84' lang='grc' dir='ltr'>γένους</span> <span class='ocrx_word' id='word_1_194' title='bbox 620 3925 727 3976; x_wconf 85' lang='grc' dir='ltr'><strong>τῶν</strong></span> <span class='ocrx_word' id='word_1_195' title='bbox 747 3923 1044 3991; x_wconf 76' lang='grc' dir='ltr'>ἐπιφανῶν,</span> <span class='ocrx_word' id='word_1_196' title='bbox 1070 3923 1250 3992; x_wconf 84' lang='grc' dir='ltr'>χώρας</span> <span class='ocrx_word' id='word_1_197' title='bbox 1284 3924 1520 3987; x_wconf 80' lang='grc' dir='ltr'>Ἰταλῶν,</span> <span class='ocrx_word' id='word_1_198' title='bbox 1542 3924 1768 3993; x_wconf 78' lang='grc' dir='ltr'>χηρείαν</span> 
     </span>
    </p>
   </div>
   <div class='ocr_carea' id='block_1_34' title="bbox 187 4015 1768 4087">
    <p class='ocr_par' dir='ltr' id='par_1_34' title="bbox 187 4015 1768 4087">
     <span class='ocr_line' id='line_1_34' title="bbox 187 4015 1768 4087; baseline 0 -17"><span class='ocrx_word' id='word_1_199' title='bbox 187 4018 484 4070; x_wconf 73' lang='grc' dir='ltr'>ὑποστᾶσα</span> <span class='ocrx_word' id='word_1_200' title='bbox 540 4017 730 4085; x_wconf 77' lang='grc' dir='ltr'>ἀνδρὸς</span> <span class='ocrx_word' id='word_1_201' title='bbox 773 4015 1076 4084; x_wconf 72' lang='grc' dir='ltr'>θυγατράσι</span> <span class='ocrx_word' id='word_1_202' title='bbox 1119 4015 1306 4085; x_wconf 80' lang='grc' dir='ltr'>μόναις</span> <span class='ocrx_word' id='word_1_203' title='bbox 1340 4017 1489 4086; x_wconf 71' lang='grc' dir='ltr'>τρισὶ</span> <span class='ocrx_word' id='word_1_204' title='bbox 1523 4017 1612 4070; x_wconf 78' lang='grc' dir='ltr'><strong>τὸν</strong></span> <span class='ocrx_word' id='word_1_205' title='bbox 1655 4016 1768 4087; x_wconf 85' lang='grc' dir='ltr'>βίον</span> 
     </span>
    </p>
   </div>
   <div class='ocr_carea' id='block_1_35' title="bbox 189 4104 1770 4179">
    <p class='ocr_par' dir='ltr' id='par_1_35' title="bbox 189 4104 1770 4179">
     <span class='ocr_line' id='line_1_35' title="bbox 189 4104 1770 4179; baseline 0.001 -20"><span class='ocrx_word' id='word_1_206' title='bbox 189 4107 476 4159; x_wconf 77' lang='grc' dir='ltr'>ἐσάλευεν.</span> <span class='ocrx_word' id='word_1_207' title='bbox 524 4104 670 4173; x_wconf 75' lang='grc' dir='ltr'>Αὕτη</span> <span class='ocrx_word' id='word_1_208' title='bbox 703 4105 767 4173; x_wconf 82' lang='grc' dir='ltr'>τῇ</span> <span class='ocrx_word' id='word_1_209' title='bbox 820 4105 1148 4174; x_wconf 82' lang='grc' dir='ltr'>περιωνύμῳ</span> <span class='ocrx_word' id='word_1_210' title='bbox 1175 4107 1284 4158; x_wconf 89' lang='grc' dir='ltr'><strong>τῶν</strong></span> <span class='ocrx_word' id='word_1_211' title='bbox 1318 4108 1527 4160; x_wconf 81' lang='grc' dir='ltr'>πόλεων</span> <span class='ocrx_word' id='word_1_212' title='bbox 1579 4107 1770 4179; x_wconf 82' lang='grc' dir='ltr'><strong>Ῥώμῃ</strong></span> 
     </span>
    </p>
   </div>
   <div class='ocr_carea' id='block_1_36' title="bbox 184 4195 1772 4270">
    <p class='ocr_par' dir='ltr' id='par_1_36' title="bbox 184 4195 1772 4270">
     <span class='ocr_line' id='line_1_36' title="bbox 184 4195 1772 4270; baseline 0.002 -19"><span class='ocrx_word' id='word_1_213' title='bbox 184 4199 590 4268; x_wconf 76' lang='grc' dir='ltr'>ὲπιδημήσασα</span> <span class='ocrx_word' id='word_1_214' title='bbox 612 4198 729 4257; x_wconf 84' lang='grc' dir='ltr'>ταῖς</span> <span class='ocrx_word' id='word_1_215' title='bbox 750 4195 1042 4266; x_wconf 77' lang='grc' dir='ltr'>παρθένοις</span> <span class='ocrx_word' id='word_1_216' title='bbox 1068 4197 1201 4267; x_wconf 76' lang='grc' dir='ltr'>ὁμοῦ</span> <span class='ocrx_word' id='word_1_217' title='bbox 1236 4199 1368 4252; x_wconf 79' lang='grc' dir='ltr'>πολὺ</span> <span class='ocrx_word' id='word_1_218' title='bbox 1392 4200 1451 4251; x_wconf 82' lang='grc' dir='ltr'>τὸ</span> <span class='ocrx_word' id='word_1_219' title='bbox 1469 4200 1654 4270; x_wconf 82' lang='grc' dir='ltr'>χάριεν</span> <span class='ocrx_word' id='word_1_220' title='bbox 1678 4201 1772 4254; x_wconf 75' lang='grc' dir='ltr'>καὶ</span> 
     </span>
    </p>
   </div>
   <div class='ocr_carea' id='block_1_37' title="bbox 195 4291 1769 4362">
    <p class='ocr_par' dir='ltr' id='par_1_37' title="bbox 195 4291 1769 4362">
     <span class='ocr_line' id='line_1_37' title="bbox 195 4291 1769 4362; baseline -0.001 -18"><span class='ocrx_word' id='word_1_221' title='bbox 195 4291 497 4358; x_wconf 70' lang='grc' dir='ltr'>ἐπαγωγὸν</span> <span class='ocrx_word' id='word_1_222' title='bbox 553 4291 806 4359; x_wconf 75' lang='grc' dir='ltr'>ἐχούσαις</span> <span class='ocrx_word' id='word_1_223' title='bbox 864 4292 1004 4344; x_wconf 82' lang='grc' dir='ltr'>κατά</span> <span class='ocrx_word' id='word_1_224' title='bbox 1042 4308 1098 4343; x_wconf 85' lang='grc' dir='ltr'><strong>τε</strong></span> <span class='ocrx_word' id='word_1_225' title='bbox 1133 4291 1291 4360; x_wconf 89' lang='grc' dir='ltr'>σῶμα</span> <span class='ocrx_word' id='word_1_226' title='bbox 1324 4291 1416 4343; x_wconf 73' lang='grc' dir='ltr'><strong>καὶ</strong></span> <span class='ocrx_word' id='word_1_227' title='bbox 1437 4293 1536 4362; x_wconf 80' lang='grc' dir='ltr'>τὴν</span> <span class='ocrx_word' id='word_1_228' title='bbox 1567 4291 1769 4360; x_wconf 77' lang='grc' dir='ltr'>ψυχὴν,</span> 
     </span>
    </p>
   </div>
   <div class='ocr_carea' id='block_1_38' title="bbox 191 4376 1774 4447">
    <p class='ocr_par' dir='ltr' id='par_1_38' title="bbox 191 4376 1774 4447">
     <span class='ocr_line' id='line_1_38' title="bbox 191 4376 1774 4447; baseline 0 -17"><span class='ocrx_word' id='word_1_229' title='bbox 191 4380 299 4446; x_wconf 68' lang='grc' dir='ltr'>οὐχ</span> <span class='ocrx_word' id='word_1_230' title='bbox 330 4376 553 4444; x_wconf 77' lang='grc' dir='ltr'>ὑπήχθη</span> <span class='ocrx_word' id='word_1_231' title='bbox 587 4378 653 4444; x_wconf 77' lang='grc' dir='ltr'>τῇ</span> <span class='ocrx_word' id='word_1_232' title='bbox 688 4376 886 4447; x_wconf 79' lang='grc' dir='ltr'>πλάνῃ,</span> <span class='ocrx_word' id='word_1_233' title='bbox 928 4377 1043 4428; x_wconf 78' lang='grc' dir='ltr'>οὐδὲ</span> <span class='ocrx_word' id='word_1_234' title='bbox 1080 4378 1214 4446; x_wconf 58' lang='grc' dir='ltr'>πρὸς</span> <span class='ocrx_word' id='word_1_235' title='bbox 1239 4377 1338 4447; x_wconf 80' lang='grc' dir='ltr'>τὴν</span> <span class='ocrx_word' id='word_1_236' title='bbox 1364 4377 1456 4430; x_wconf 76' lang='grc' dir='ltr'>τοῦ</span> <span class='ocrx_word' id='word_1_237' title='bbox 1481 4377 1774 4441; x_wconf 82' lang='grc' dir='ltr'>δυσσεϐοῦς</span> 
     </span>
    </p>
   </div>
   <div class='ocr_carea' id='block_1_39' title="bbox 1864 3466 3438 3538">
    <p class='ocr_par' dir='ltr' id='par_1_39' title="bbox 1864 3466 3438 3538">
     <span class='ocr_line' id='line_1_39' title="bbox 1864 3466 3438 3538; baseline 0.001 -14"><span class='ocrx_word' id='word_1_238' title='bbox 1864 3485 2147 3525; x_wconf 92' lang='lat' dir='ltr'><strong>manorum</strong></span> <span class='ocrx_word' id='word_1_239' title='bbox 2176 3468 2560 3523; x_wconf 82' lang='lat' dir='ltr'><strong>administrans</strong></span> <span class='ocrx_word' id='word_1_240' title='bbox 2619 3466 2906 3538; x_wconf 88' lang='lat' dir='ltr'><strong>imperium</strong></span> <span class='ocrx_word' id='word_1_241' title='bbox 2931 3509 2946 3533; x_wconf 94' lang='lat'><strong>,</strong></span> <span class='ocrx_word' id='word_1_242' title='bbox 2983 3470 3037 3523; x_wconf 90' lang='lat' dir='ltr'><strong>in</strong></span> <span class='ocrx_word' id='word_1_243' title='bbox 3066 3467 3232 3524; x_wconf 82' lang='lat' dir='ltr'><strong>falsos</strong></span> <span class='ocrx_word' id='word_1_244' title='bbox 3287 3469 3438 3535; x_wconf 78' lang='lat' dir='ltr'><strong>deos,</strong></span> 
     </span>
    </p>
   </div>
   <div class='ocr_carea' id='block_1_40' title="bbox 1865 3560 3441 3633">
    <p class='ocr_par' dir='ltr' id='par_1_40' title="bbox 1865 3560 3441 3633">
     <span class='ocr_line' id='line_1_40' title="bbox 1865 3560 3441 3633; baseline 0 -18"><span class='ocrx_word' id='word_1_245' title='bbox 1865 3563 1959 3633; x_wconf 90' lang='lat' dir='ltr'><strong>qui</strong></span> <span class='ocrx_word' id='word_1_246' title='bbox 2003 3561 2379 3624; x_wconf 88' lang='lat' dir='ltr'><strong>nominantur,</strong></span> <span class='ocrx_word' id='word_1_247' title='bbox 2445 3561 2766 3614; x_wconf 85' lang='lat' dir='ltr'><strong>ostendebat</strong></span> <span class='ocrx_word' id='word_1_248' title='bbox 2823 3560 3140 3630; x_wconf 82' lang='lat' dir='ltr'><strong>plurimam,</strong></span> <span class='ocrx_word' id='word_1_249' title='bbox 3193 3560 3237 3614; x_wconf 85' lang='lat' dir='ltr'><strong>si</strong></span> <span class='ocrx_word' id='word_1_250' title='bbox 3298 3560 3441 3615; x_wconf 86' lang='lat' dir='ltr'><strong>ullus</strong></span> 
     </span>
    </p>
   </div>
   <div class='ocr_carea' id='block_1_41' title="bbox 1866 3649 3442 3723">
    <p class='ocr_par' dir='ltr' id='par_1_41' title="bbox 1866 3649 3442 3723">
     <span class='ocr_line' id='line_1_41' title="bbox 1866 3649 3442 3723; baseline -0.003 -17"><span class='ocrx_word' id='word_1_251' title='bbox 1866 3653 2024 3717; x_wconf 90' lang='lat' dir='ltr'><strong>alius,</strong></span> <span class='ocrx_word' id='word_1_252' title='bbox 2045 3650 2512 3723; x_wconf 87' lang='lat' dir='ltr'><strong>superstitionem,</strong></span> <span class='ocrx_word' id='word_1_253' title='bbox 2560 3649 2694 3704; x_wconf 87' lang='lat' dir='ltr'><strong>alios</strong></span> <span class='ocrx_word' id='word_1_254' title='bbox 2726 3650 2944 3719; x_wconf 88' lang='lat' dir='ltr'><strong>quidem</strong></span> <span class='ocrx_word' id='word_1_255' title='bbox 3000 3650 3246 3704; x_wconf 85' lang='lat' dir='ltr'><strong>alliciens</strong></span> <span class='ocrx_word' id='word_1_256' title='bbox 3296 3649 3442 3705; x_wconf 89' lang='lat' dir='ltr'><strong>blan-</strong></span> 
     </span>
    </p>
   </div>
   <div class='ocr_carea' id='block_1_42' title="bbox 1867 3739 3441 3806">
    <p class='ocr_par' dir='ltr' id='par_1_42' title="bbox 1867 3739 3441 3806">
     <span class='ocr_line' id='line_1_42' title="bbox 1867 3739 3441 3806; baseline -0.003 -8"><span class='ocrx_word' id='word_1_257' title='bbox 1867 3743 2036 3806; x_wconf 87' lang='lat' dir='ltr'><strong>ditiis,</strong></span> <span class='ocrx_word' id='word_1_258' title='bbox 2070 3743 2204 3796; x_wconf 86' lang='lat' dir='ltr'><strong>alios</strong></span> <span class='ocrx_word' id='word_1_259' title='bbox 2253 3750 2436 3797; x_wconf 82' lang='lat' dir='ltr'><strong>autent</strong></span> <span class='ocrx_word' id='word_1_260' title='bbox 2467 3742 2630 3796; x_wconf 89' lang='lat' dir='ltr'><strong>etiam</strong></span> <span class='ocrx_word' id='word_1_261' title='bbox 2665 3740 2829 3795; x_wconf 90' lang='lat' dir='ltr'><strong>minis</strong></span> <span class='ocrx_word' id='word_1_262' title='bbox 2862 3739 3137 3795; x_wconf 82' lang='lat' dir='ltr'><strong>territans.</strong></span> <span class='ocrx_word' id='word_1_263' title='bbox 3189 3739 3287 3795; x_wconf 84' lang='lat' dir='ltr'><strong>Illo</strong></span> <span class='ocrx_word' id='word_1_264' title='bbox 3341 3756 3441 3794; x_wconf 87' lang='lat' dir='ltr'><strong>au-</strong></span> 
     </span>
    </p>
   </div>
   <div class='ocr_carea' id='block_1_43' title="bbox 1872 3831 3444 3903">
    <p class='ocr_par' dir='ltr' id='par_1_43' title="bbox 1872 3831 3444 3903">
     <span class='ocr_line' id='line_1_43' title="bbox 1872 3831 3444 3903; baseline -0.002 -13"><span class='ocrx_word' id='word_1_265' title='bbox 1872 3846 1979 3890; x_wconf 88' lang='lat' dir='ltr'><strong>tem</strong></span> <span class='ocrx_word' id='word_1_266' title='bbox 2010 3843 2252 3903; x_wconf 89' lang='lat' dir='ltr'><strong>tempore</strong></span> <span class='ocrx_word' id='word_1_267' title='bbox 2280 3833 2476 3888; x_wconf 85' lang='lat' dir='ltr'><strong>mulier</strong></span> <span class='ocrx_word' id='word_1_268' title='bbox 2519 3832 2764 3901; x_wconf 68' lang='lat' dir='ltr'><strong>quaedam</strong></span> <span class='ocrx_word' id='word_1_269' title='bbox 2800 3833 2886 3903; x_wconf 87' lang='lat' dir='ltr'><strong>pia</strong></span> <span class='ocrx_word' id='word_1_270' title='bbox 2921 3841 2976 3888; x_wconf 91' lang='lat' dir='ltr'><strong>et</strong></span> <span class='ocrx_word' id='word_1_271' title='bbox 3031 3831 3302 3902; x_wconf 85' lang='lat' dir='ltr'><strong>religiosa,</strong></span> <span class='ocrx_word' id='word_1_272' title='bbox 3341 3847 3444 3887; x_wconf 40' lang='lat' dir='ltr'><strong>no,-</strong></span> 
     </span>
    </p>
   </div>
   <div class='ocr_carea' id='block_1_44' title="bbox 1875 3924 3455 3998">
    <p class='ocr_par' dir='ltr' id='par_1_44' title="bbox 1875 3924 3455 3998">
     <span class='ocr_line' id='line_1_44' title="bbox 1875 3924 3455 3998; baseline -0.003 -17"><span class='ocrx_word' id='word_1_273' title='bbox 1875 3929 2024 3982; x_wconf 90' lang='lat' dir='ltr'><strong>mine</strong></span> <span class='ocrx_word' id='word_1_274' title='bbox 2044 3925 2268 3996; x_wconf 88' lang='lat' dir='ltr'><strong>Sophia,</strong></span> <span class='ocrx_word' id='word_1_275' title='bbox 2288 3927 2430 3981; x_wconf 88' lang='lat' dir='ltr'><strong>clara</strong></span> <span class='ocrx_word' id='word_1_276' title='bbox 2460 3940 2681 3998; x_wconf 77' lang='lat' dir='ltr'><strong>genere,</strong></span> <span class='ocrx_word' id='word_1_277' title='bbox 2705 3925 2836 3979; x_wconf 88' lang='lat' dir='ltr'><strong>ltala</strong></span> <span class='ocrx_word' id='word_1_278' title='bbox 2886 3924 3126 3991; x_wconf 89' lang='lat' dir='ltr'><strong>natione,</strong></span> <span class='ocrx_word' id='word_1_279' title='bbox 3151 3940 3274 3979; x_wconf 82' lang='lat' dir='ltr'><strong>cum</strong></span> <span class='ocrx_word' id='word_1_280' title='bbox 3299 3933 3455 3981; x_wconf 80' lang='lat' dir='ltr'><strong>esset</strong></span> 
     </span>
    </p>
   </div>
   <div class='ocr_carea' id='block_1_45' title="bbox 1874 4017 3444 4089">
    <p class='ocr_par' dir='ltr' id='par_1_45' title="bbox 1874 4017 3444 4089">
     <span class='ocr_line' id='line_1_45' title="bbox 1874 4017 3444 4089; baseline -0.003 -14"><span class='ocrx_word' id='word_1_281' title='bbox 1874 4020 2092 4077; x_wconf 84' lang='lat' dir='ltr'><strong>viduata</strong></span> <span class='ocrx_word' id='word_1_282' title='bbox 2127 4020 2345 4087; x_wconf 89' lang='lat' dir='ltr'><strong>marito,</strong></span> <span class='ocrx_word' id='word_1_283' title='bbox 2371 4035 2494 4075; x_wconf 89' lang='lat' dir='ltr'><strong>cum</strong></span> <span class='ocrx_word' id='word_1_284' title='bbox 2523 4019 2698 4074; x_wconf 91' lang='lat' dir='ltr'><strong>tribus</strong></span> <span class='ocrx_word' id='word_1_285' title='bbox 2737 4018 2948 4075; x_wconf 80' lang='lat' dir='ltr'><strong>ﬁliabus</strong></span> <span class='ocrx_word' id='word_1_286' title='bbox 2978 4017 3106 4074; x_wconf 86' lang='lat' dir='ltr'><strong>solis</strong></span> <span class='ocrx_word' id='word_1_287' title='bbox 3140 4017 3301 4073; x_wconf 79' lang='lat' dir='ltr'><strong>vitam</strong></span> <span class='ocrx_word' id='word_1_288' title='bbox 3329 4019 3444 4089; x_wconf 80' lang='lat' dir='ltr'><strong>agi-</strong></span> 
     </span>
    </p>
   </div>
   <div class='ocr_carea' id='block_1_46' title="bbox 1873 4109 3449 4182">
    <p class='ocr_par' dir='ltr' id='par_1_46' title="bbox 1873 4109 3449 4182">
     <span class='ocr_line' id='line_1_46' title="bbox 1873 4109 3449 4182; baseline -0.003 -14"><span class='ocrx_word' id='word_1_289' title='bbox 1873 4113 2041 4168; x_wconf 88' lang='lat' dir='ltr'><strong>tabat.</strong></span> <span class='ocrx_word' id='word_1_290' title='bbox 2072 4111 2144 4166; x_wconf 83' lang='lat' dir='ltr'><strong>Ea</strong></span> <span class='ocrx_word' id='word_1_291' title='bbox 2158 4128 2281 4167; x_wconf 87' lang='lat' dir='ltr'><strong>curn</strong></span> <span class='ocrx_word' id='word_1_292' title='bbox 2303 4111 2463 4167; x_wconf 87' lang='lat' dir='ltr'><strong>simul</strong></span> <span class='ocrx_word' id='word_1_293' title='bbox 2498 4126 2619 4167; x_wconf 90' lang='lat' dir='ltr'><strong>cum</strong></span> <span class='ocrx_word' id='word_1_294' title='bbox 2638 4110 2956 4182; x_wconf 77' lang='lat' dir='ltr'><strong>virginibus,</strong></span> <span class='ocrx_word' id='word_1_295' title='bbox 2984 4125 3104 4180; x_wconf 78' lang='lat' dir='ltr'><strong>qua:</strong></span> <span class='ocrx_word' id='word_1_296' title='bbox 3131 4109 3449 4164; x_wconf 76' lang='lat' dir='ltr'><strong>erantvaldo</strong></span> 
     </span>
    </p>
   </div>
   <div class='ocr_carea' id='block_1_47' title="bbox 1874 4199 3449 4271">
    <p class='ocr_par' dir='ltr' id='par_1_47' title="bbox 1874 4199 3449 4271">
     <span class='ocr_line' id='line_1_47' title="bbox 1874 4199 3449 4271; baseline -0.003 -13"><span class='ocrx_word' id='word_1_297' title='bbox 1874 4205 2138 4269; x_wconf 67' lang='lat' dir='ltr'><strong>honestae,</strong></span> <span class='ocrx_word' id='word_1_298' title='bbox 2195 4211 2248 4256; x_wconf 88' lang='lat' dir='ltr'><strong>et</strong></span> <span class='ocrx_word' id='word_1_299' title='bbox 2281 4202 2557 4271; x_wconf 81' lang='lat' dir='ltr'><strong>elegantes</strong></span> <span class='ocrx_word' id='word_1_300' title='bbox 2612 4200 2793 4254; x_wconf 87' lang='lat' dir='ltr'><strong>animo</strong></span> <span class='ocrx_word' id='word_1_301' title='bbox 2860 4211 2914 4253; x_wconf 89' lang='lat' dir='ltr'><strong>et</strong></span> <span class='ocrx_word' id='word_1_302' title='bbox 2964 4213 3215 4267; x_wconf 86' lang='lat' dir='ltr'><strong>corpore,</strong></span> <span class='ocrx_word' id='word_1_303' title='bbox 3263 4199 3449 4253; x_wconf 73' lang='lat' dir='ltr'><strong>Roma:</strong></span> 
     </span>
    </p>
   </div>
   <div class='ocr_carea' id='block_1_48' title="bbox 1875 4290 3452 4361">
    <p class='ocr_par' dir='ltr' id='par_1_48' title="bbox 1875 4290 3452 4361">
     <span class='ocr_line' id='line_1_48' title="bbox 1875 4290 3452 4361; baseline -0.002 -13"><span class='ocrx_word' id='word_1_304' title='bbox 1875 4303 2083 4350; x_wconf 87' lang='lat' dir='ltr'><strong>versata</strong></span> <span class='ocrx_word' id='word_1_305' title='bbox 2111 4303 2275 4359; x_wconf 85' lang='lat' dir='ltr'><strong>esset,</strong></span> <span class='ocrx_word' id='word_1_306' title='bbox 2306 4307 2416 4348; x_wconf 91' lang='lat' dir='ltr'><strong>non</strong></span> <span class='ocrx_word' id='word_1_307' title='bbox 2451 4291 2552 4347; x_wconf 83' lang='lat' dir='ltr'><strong>fuit</strong></span> <span class='ocrx_word' id='word_1_308' title='bbox 2604 4305 2788 4346; x_wconf 89' lang='lat' dir='ltr'><strong>errore</strong></span> <span class='ocrx_word' id='word_1_309' title='bbox 2841 4290 3084 4355; x_wconf 89' lang='lat' dir='ltr'><strong>seducta,</strong></span> <span class='ocrx_word' id='word_1_310' title='bbox 3149 4304 3324 4361; x_wconf 86' lang='lat' dir='ltr'><strong>neque</strong></span> <span class='ocrx_word' id='word_1_311' title='bbox 3382 4291 3452 4345; x_wconf 88' lang='lat' dir='ltr'><strong>ad</strong></span> 
     </span>
    </p>
   </div>
   <div class='ocr_carea' id='block_1_49' title="bbox 1876 4379 3450 4455">
    <p class='ocr_par' dir='ltr' id='par_1_49' title="bbox 1876 4379 3450 4455">
     <span class='ocr_line' id='line_1_49' title="bbox 1876 4379 3450 4455; baseline -0.003 -16"><span class='ocrx_word' id='word_1_312' title='bbox 1876 4386 2032 4455; x_wconf 85' lang='lat' dir='ltr'><strong>impii</strong></span> <span class='ocrx_word' id='word_1_313' title='bbox 2069 4384 2410 4454; x_wconf 83' lang='lat' dir='ltr'><strong>imperatoris</strong></span> <span class='ocrx_word' id='word_1_314' title='bbox 2495 4382 2779 4436; x_wconf 80' lang='lat' dir='ltr'><strong>reclinavit</strong></span> <span class='ocrx_word' id='word_1_315' title='bbox 2858 4379 3197 4451; x_wconf 76' lang='lat' dir='ltr'><strong>religidnem,</strong></span> <span class='ocrx_word' id='word_1_316' title='bbox 3293 4379 3450 4436; x_wconf 83' lang='lat' dir='ltr'><strong>factis</strong></span> 
     </span>
    </p>
   </div>
   <div class='ocr_carea' id='block_1_50' title="bbox 195 4469 1864 4546">
    <p class='ocr_par' dir='ltr' id='par_1_50' title="bbox 195 4469 1774 4542">
     <span class='ocr_line' id='line_1_50' title="bbox 195 4469 1774 4542; baseline 0.001 -20"><span class='ocrx_word' id='word_1_317' title='bbox 195 4470 585 4541; x_wconf 74' lang='grc' dir='ltr'>βασιλεύοντος</span> <span class='ocrx_word' id='word_1_318' title='bbox 623 4469 919 4536; x_wconf 71' lang='grc' dir='ltr'>θρησκείαν</span> <span class='ocrx_word' id='word_1_319' title='bbox 961 4469 1242 4535; x_wconf 76' lang='grc' dir='ltr'>ἀπέκλινε,</span> <span class='ocrx_word' id='word_1_320' title='bbox 1292 4471 1410 4522; x_wconf 88' lang='grc' dir='ltr'>λίαν</span> <span class='ocrx_word' id='word_1_321' title='bbox 1449 4471 1546 4542; x_wconf 82' lang='grc' dir='ltr'><strong>τὴν</strong></span> <span class='ocrx_word' id='word_1_322' title='bbox 1579 4471 1774 4542; x_wconf 82' lang='grc' dir='ltr'>κλῆσιν</span> 
     </span>
    </p>
   </div>
   <div class='ocr_carea' id='block_1_51' title="bbox 1778 4469 3447 4546">
    <p class='ocr_par' dir='ltr' id='par_1_51' title="bbox 1816 4471 3447 4546">
     <span class='ocr_line' id='line_1_51' title="bbox 1816 4471 3447 4546; baseline -0.002 -16"><span class='ocrx_word' id='word_1_323' title='bbox 1816 4542 1841 4546; x_wconf 73' lang='lat'><strong><em>_</em></strong></span> <span class='ocrx_word' id='word_1_324' title='bbox 1877 4477 2008 4546; x_wconf 89' lang='lat' dir='ltr'><strong>ipsis</strong></span> <span class='ocrx_word' id='word_1_325' title='bbox 2105 4475 2331 4545; x_wconf 84' lang='lat' dir='ltr'><strong>pulchre</strong></span> <span class='ocrx_word' id='word_1_326' title='bbox 2421 4488 2577 4528; x_wconf 87' lang='lat' dir='ltr'><strong>suam</strong></span> <span class='ocrx_word' id='word_1_327' title='bbox 2656 4472 2951 4527; x_wconf 90' lang='lat' dir='ltr'><strong>ostendens</strong></span> <span class='ocrx_word' id='word_1_328' title='bbox 3028 4471 3447 4542; x_wconf 87' lang='lat' dir='ltr'><strong>appellationem</strong></span> 
     </span>
    </p>
   </div>
   <div class='ocr_carea' id='block_1_52' title="bbox 193 4542 1862 4639">
    <p class='ocr_par' dir='ltr' id='par_1_52' title="bbox 193 4542 1845 4631">
     <span class='ocr_line' id='line_1_52' title="bbox 193 4542 1845 4631; baseline 0.001 -16"><span class='ocrx_word' id='word_1_329' title='bbox 193 4562 297 4615; x_wconf 74' lang='grc' dir='ltr'><strong>ἐπὶ</strong></span> <span class='ocrx_word' id='word_1_330' title='bbox 331 4561 441 4614; x_wconf 88' lang='grc' dir='ltr'><strong>τῶν</strong></span> <span class='ocrx_word' id='word_1_331' title='bbox 471 4560 648 4629; x_wconf 82' lang='grc' dir='ltr'>ἔργων</span> <span class='ocrx_word' id='word_1_332' title='bbox 675 4560 1016 4624; x_wconf 64' lang='grc' dir='ltr'>δεικνύουσα,</span> <span class='ocrx_word' id='word_1_333' title='bbox 1048 4563 1079 4631; x_wconf 75' lang='grc' dir='ltr'><strong>ὴ</strong></span> <span class='ocrx_word' id='word_1_334' title='bbox 1111 4561 1206 4631; x_wconf 81' lang='grc' dir='ltr'>τῆς</span> <span class='ocrx_word' id='word_1_335' title='bbox 1235 4561 1438 4615; x_wconf 79' lang='grc' dir='ltr'>ἄνωθεν</span> <span class='ocrx_word' id='word_1_336' title='bbox 1480 4563 1647 4626; x_wconf 82' lang='grc' dir='ltr'>ὅντως</span> <span class='ocrx_word' id='word_1_337' title='bbox 1687 4581 1774 4616; x_wconf 72' lang='grc' dir='ltr'>σοο</span> <span class='ocrx_word' id='word_1_338' title='bbox 1802 4542 1845 4602; x_wconf 76' lang='lat' dir='ltr'>c</span> 
     </span>
    </p>
   </div>
   <div class='ocr_carea' id='block_1_53' title="bbox 1779 4542 3448 4639">
    <p class='ocr_par' dir='ltr' id='par_1_53' title="bbox 1802 4542 3448 4639">
     <span class='ocr_line' id='line_1_53' title="bbox 1802 4542 3448 4639; baseline -0.004 -14"><span class='ocrx_word' id='word_1_339' title='bbox 1802 4542 1845 4602; x_wconf 68' lang='grc' dir='ltr'><strong>θ</strong></span> <span class='ocrx_word' id='word_1_340' title='bbox 1878 4585 1998 4639; x_wconf 86' lang='lat' dir='ltr'><strong>quae</strong></span> <span class='ocrx_word' id='word_1_341' title='bbox 2028 4583 2225 4623; x_wconf 90' lang='lat' dir='ltr'><strong>nomen</strong></span> <span class='ocrx_word' id='word_1_342' title='bbox 2252 4582 2378 4622; x_wconf 84' lang='lat' dir='ltr'><strong>vere</strong></span> <span class='ocrx_word' id='word_1_343' title='bbox 2444 4566 2760 4635; x_wconf 85' lang='lat' dir='ltr'><strong>sumpsisset</strong></span> <span class='ocrx_word' id='word_1_344' title='bbox 2794 4581 2821 4619; x_wconf 88' lang='lat' dir='ltr'><strong>a</strong></span> <span class='ocrx_word' id='word_1_345' title='bbox 2875 4580 3108 4634; x_wconf 91' lang='lat' dir='ltr'><strong>superna</strong></span> <span class='ocrx_word' id='word_1_346' title='bbox 3161 4565 3448 4633; x_wconf 87' lang='lat' dir='ltr'><strong>sapientia,</strong></span> 
     </span>
    </p>
   </div>
   <div class='ocr_carea' id='block_1_54' title="bbox 196 4652 1773 4725">
    <p class='ocr_par' dir='ltr' id='par_1_54' title="bbox 196 4652 1773 4725">
     <span class='ocr_line' id='line_1_54' title="bbox 196 4652 1773 4725; baseline -0.001 -17"><span class='ocrx_word' id='word_1_347' title='bbox 196 4657 330 4725; x_wconf 81' lang='grc' dir='ltr'>φίας</span> <span class='ocrx_word' id='word_1_348' title='bbox 364 4653 672 4722; x_wconf 76' lang='grc' dir='ltr'>ἐπώνυμος.</span> <span class='ocrx_word' id='word_1_349' title='bbox 718 4652 779 4706; x_wconf 81' lang='grc' dir='ltr'><strong>Ἠ</strong></span> <span class='ocrx_word' id='word_1_350' title='bbox 800 4654 905 4723; x_wconf 71' lang='grc' dir='ltr'>γὰρ</span> <span class='ocrx_word' id='word_1_351' title='bbox 929 4654 1134 4707; x_wconf 78' lang='grc' dir='ltr'>ἄνωθεν</span> <span class='ocrx_word' id='word_1_352' title='bbox 1181 4656 1364 4723; x_wconf 79' lang='grc' dir='ltr'>σοφία,</span> <span class='ocrx_word' id='word_1_353' title='bbox 1398 4656 1559 4724; x_wconf 81' lang='grc' dir='ltr'>φησὶν</span> <span class='ocrx_word' id='word_1_354' title='bbox 1583 4657 1609 4708; x_wconf 89' lang='grc' dir='ltr'>ὁ</span> <span class='ocrx_word' id='word_1_355' title='bbox 1631 4656 1773 4718; x_wconf 83' lang='grc' dir='ltr'>θεῖος</span> 
     </span>
    </p>
   </div>
   <div class='ocr_carea' id='block_1_55' title="bbox 214 4743 1773 4817">
    <p class='ocr_par' dir='ltr' id='par_1_55' title="bbox 214 4743 1773 4817">
     <span class='ocr_line' id='line_1_55' title="bbox 214 4743 1773 4817; baseline 0.001 -21"><span class='ocrx_word' id='word_1_356' title='bbox 214 4743 496 4805; x_wconf 77' lang='grc' dir='ltr'>Ἰάκωϐος,</span> <span class='ocrx_word' id='word_1_357' title='bbox 529 4744 743 4810; x_wconf 81' lang='grc' dir='ltr'>πρῶτον</span> <span class='ocrx_word' id='word_1_358' title='bbox 778 4743 873 4811; x_wconf 82' lang='grc' dir='ltr'><strong>μὲν</strong></span> <span class='ocrx_word' id='word_1_359' title='bbox 908 4744 1042 4812; x_wconf 81' lang='grc' dir='ltr'>ἁγνή</span> <span class='ocrx_word' id='word_1_360' title='bbox 1079 4748 1246 4809; x_wconf 74' lang='grc' dir='ltr'>ἐστιν,</span> <span class='ocrx_word' id='word_1_361' title='bbox 1281 4747 1473 4798; x_wconf 74' lang='grc' dir='ltr'>ἔπειτα</span> <span class='ocrx_word' id='word_1_362' title='bbox 1502 4745 1773 4817; x_wconf 77' lang='grc' dir='ltr'>εἰρηνικὴ,</span> 
     </span>
    </p>
   </div>
   <div class='ocr_carea' id='block_1_56' title="bbox 200 4834 1775 4905">
    <p class='ocr_par' dir='ltr' id='par_1_56' title="bbox 200 4834 1775 4905">
     <span class='ocr_line' id='line_1_56' title="bbox 200 4834 1775 4905; baseline 0 -15"><span class='ocrx_word' id='word_1_363' title='bbox 200 4836 489 4904; x_wconf 78' lang='grc' dir='ltr'>εὐπειθὴς,</span> <span class='ocrx_word' id='word_1_364' title='bbox 552 4836 724 4904; x_wconf 80' lang='grc' dir='ltr'>μεστὴ</span> <span class='ocrx_word' id='word_1_365' title='bbox 755 4834 934 4896; x_wconf 62' lang='grc' dir='ltr'>ἐλέους</span> <span class='ocrx_word' id='word_1_366' title='bbox 985 4837 1077 4887; x_wconf 78' lang='grc' dir='ltr'>καὶ</span> <span class='ocrx_word' id='word_1_367' title='bbox 1135 4836 1364 4905; x_wconf 76' lang='grc' dir='ltr'>καρπῶν</span> <span class='ocrx_word' id='word_1_368' title='bbox 1401 4838 1640 4903; x_wconf 72' lang='grc' dir='ltr'>ἀγαθῶν.</span> <span class='ocrx_word' id='word_1_369' title='bbox 1687 4838 1775 4903; x_wconf 80' lang='grc' dir='ltr'><strong>Ἐξ</strong></span> 
     </span>
    </p>
   </div>
   <div class='ocr_carea' id='block_1_57' title="bbox 203 4923 1778 5001">
    <p class='ocr_par' dir='ltr' id='par_1_57' title="bbox 203 4923 1778 5001">
     <span class='ocr_line' id='line_1_57' title="bbox 203 4923 1778 5001; baseline 0.004 -25"><span class='ocrx_word' id='word_1_370' title='bbox 203 4923 286 4981; x_wconf 80' lang='grc' dir='ltr'>ὦν</span> <span class='ocrx_word' id='word_1_371' title='bbox 319 4928 430 4995; x_wconf 81' lang='grc' dir='ltr'>γὰρ</span> <span class='ocrx_word' id='word_1_372' title='bbox 460 4928 485 4976; x_wconf 83' lang='grc' dir='ltr'>ὁ</span> <span class='ocrx_word' id='word_1_373' title='bbox 515 4930 614 4995; x_wconf 81' lang='grc' dir='ltr'>τῆς</span> <span class='ocrx_word' id='word_1_374' title='bbox 644 4927 842 4998; x_wconf 81' lang='grc' dir='ltr'>ἀρετῆς</span> <span class='ocrx_word' id='word_1_375' title='bbox 878 4927 1005 4996; x_wconf 77' lang='grc' dir='ltr'>παρ’</span> <span class='ocrx_word' id='word_1_376' title='bbox 1034 4928 1175 4996; x_wconf 76' lang='grc' dir='ltr'>αὐτῇ</span> <span class='ocrx_word' id='word_1_377' title='bbox 1208 4930 1414 4998; x_wconf 65' lang='grc' dir='ltr'>καρπῗις</span> <span class='ocrx_word' id='word_1_378' title='bbox 1448 4930 1778 5001; x_wconf 76' lang='grc' dir='ltr'>ὲγνωρίζετο</span> 
     </span>
    </p>
   </div>
   <div class='ocr_carea' id='block_1_58' title="bbox 199 5017 1780 5088">
    <p class='ocr_par' dir='ltr' id='par_1_58' title="bbox 199 5017 1780 5088">
     <span class='ocr_line' id='line_1_58' title="bbox 199 5017 1780 5088; baseline 0.001 -15"><span class='ocrx_word' id='word_1_379' title='bbox 199 5019 328 5079; x_wconf 78' lang='grc' dir='ltr'>ταῖς</span> <span class='ocrx_word' id='word_1_380' title='bbox 387 5017 691 5086; x_wconf 82' lang='grc' dir='ltr'>θυγατράσι</span> <span class='ocrx_word' id='word_1_381' title='bbox 756 5020 852 5080; x_wconf 69' lang='grc' dir='ltr'>τὰς</span> <span class='ocrx_word' id='word_1_382' title='bbox 897 5020 1270 5088; x_wconf 74' lang='grc' dir='ltr'>προσηγορίας</span> <span class='ocrx_word' id='word_1_383' title='bbox 1342 5021 1648 5088; x_wconf 68' lang='grc' dir='ltr'>ἡρμόζετο·</span> <span class='ocrx_word' id='word_1_384' title='bbox 1687 5021 1780 5074; x_wconf 78' lang='grc' dir='ltr'>καὶ</span> 
     </span>
    </p>
   </div>
   <div class='ocr_carea' id='block_1_59' title="bbox 204 5107 1780 5181">
    <p class='ocr_par' dir='ltr' id='par_1_59' title="bbox 204 5107 1780 5181">
     <span class='ocr_line' id='line_1_59' title="bbox 204 5107 1780 5181; baseline 0.002 -19"><span class='ocrx_word' id='word_1_385' title='bbox 204 5112 438 5162; x_wconf 76' lang='grc' dir='ltr'>ἐκεῖναι·</span> <span class='ocrx_word' id='word_1_386' title='bbox 481 5107 643 5160; x_wconf 72' lang='grc' dir='ltr'>πάλιν</span> <span class='ocrx_word' id='word_1_387' title='bbox 700 5107 1074 5175; x_wconf 73' lang='grc' dir='ltr'>ἀληθευούσας</span> <span class='ocrx_word' id='word_1_388' title='bbox 1128 5110 1331 5173; x_wconf 81' lang='grc' dir='ltr'>ταύτας</span> <span class='ocrx_word' id='word_1_389' title='bbox 1385 5112 1514 5181; x_wconf 80' lang='grc' dir='ltr'><strong>παρ’</strong></span> <span class='ocrx_word' id='word_1_390' title='bbox 1561 5114 1780 5176; x_wconf 79' lang='grc' dir='ltr'>ἑαυταῖς</span> 
     </span>
    </p>
   </div>
   <div class='ocr_carea' id='block_1_60' title="bbox 206 5198 1778 5272">
    <p class='ocr_par' dir='ltr' id='par_1_60' title="bbox 206 5198 1778 5272">
     <span class='ocr_line' id='line_1_60' title="bbox 206 5198 1778 5272; baseline 0.003 -19"><span class='ocrx_word' id='word_1_391' title='bbox 206 5202 511 5264; x_wconf 78' lang='grc' dir='ltr'>ἐδείκνυον,</span> <span class='ocrx_word' id='word_1_392' title='bbox 549 5199 641 5251; x_wconf 76' lang='grc' dir='ltr'><strong>καὶ</strong></span> <span class='ocrx_word' id='word_1_393' title='bbox 668 5199 818 5252; x_wconf 81' lang='grc' dir='ltr'>οὐδὲν</span> <span class='ocrx_word' id='word_1_394' title='bbox 845 5201 1053 5271; x_wconf 75' lang='grc' dir='ltr'>ἀπᾷδον</span> <span class='ocrx_word' id='word_1_395' title='bbox 1101 5201 1220 5252; x_wconf 73' lang='grc' dir='ltr'>οὐδὲ</span> <span class='ocrx_word' id='word_1_396' title='bbox 1250 5201 1527 5272; x_wconf 72' lang='grc' dir='ltr'>ἀλλότριον</span> <span class='ocrx_word' id='word_1_397' title='bbox 1556 5198 1701 5272; x_wconf 72' lang='grc' dir='ltr'>εἶχον</span> <span class='ocrx_word' id='word_1_398' title='bbox 1730 5206 1778 5257; x_wconf 82' lang='grc' dir='ltr'><strong>οἱ</strong></span> 
     </span>
    </p>
   </div>
   <div class='ocr_carea' id='block_1_61' title="bbox 211 5291 733 5363">
    <p class='ocr_par' dir='ltr' id='par_1_61' title="bbox 211 5291 733 5363">
     <span class='ocr_line' id='line_1_61' title="bbox 211 5291 733 5363; baseline -0.004 -17"><span class='ocrx_word' id='word_1_399' title='bbox 211 5293 402 5346; x_wconf 78' lang='grc' dir='ltr'>κλάδοι</span> <span class='ocrx_word' id='word_1_400' title='bbox 427 5291 526 5359; x_wconf 83' lang='grc' dir='ltr'>τῆς</span> <span class='ocrx_word' id='word_1_401' title='bbox 557 5291 733 5363; x_wconf 69' lang='grc' dir='ltr'>ῥίζης.</span> 
     </span>
    </p>
   </div>
   <div class='ocr_carea' id='block_1_62' title="bbox 286 5381 1785 5457">
    <p class='ocr_par' dir='ltr' id='par_1_62' title="bbox 286 5381 1785 5457">
     <span class='ocr_line' id='line_1_62' title="bbox 286 5381 1785 5457; baseline 0.003 -21"><span class='ocrx_word' id='word_1_402' title='bbox 286 5382 365 5436; x_wconf 67' lang='grc' dir='ltr'><strong>Β.</strong></span> <span class='ocrx_word' id='word_1_403' title='bbox 414 5382 568 5435; x_wconf 72' lang='grc' dir='ltr'>Ἐπεὶ</span> <span class='ocrx_word' id='word_1_404' title='bbox 607 5383 664 5435; x_wconf 84' lang='grc' dir='ltr'>δὲ</span> <span class='ocrx_word' id='word_1_405' title='bbox 707 5381 856 5451; x_wconf 71' lang='grc' dir='ltr'>παρὰ</span> <span class='ocrx_word' id='word_1_406' title='bbox 895 5385 1028 5436; x_wconf 75' lang='grc' dir='ltr'>πᾶσι</span> <span class='ocrx_word' id='word_1_407' title='bbox 1069 5383 1378 5455; x_wconf 79' lang='grc' dir='ltr'>διεϐεϐόητο</span> <span class='ocrx_word' id='word_1_408' title='bbox 1409 5388 1442 5457; x_wconf 82' lang='grc' dir='ltr'>ἦ</span> <span class='ocrx_word' id='word_1_409' title='bbox 1476 5405 1533 5440; x_wconf 86' lang='grc' dir='ltr'><strong>τε</strong></span> <span class='ocrx_word' id='word_1_410' title='bbox 1570 5386 1785 5452; x_wconf 77' lang='grc' dir='ltr'>σύνεσις</span> 
     </span>
    </p>
   </div>
   <div class='ocr_carea' id='block_1_63' title="bbox 211 5474 1781 5549">
    <p class='ocr_par' dir='ltr' id='par_1_63' title="bbox 211 5474 1781 5549">
     <span class='ocr_line' id='line_1_63' title="bbox 211 5474 1781 5549; baseline 0.003 -20"><span class='ocrx_word' id='word_1_411' title='bbox 211 5479 443 5529; x_wconf 73' lang='grc' dir='ltr'>ἐκείνων</span> <span class='ocrx_word' id='word_1_412' title='bbox 495 5474 590 5525; x_wconf 71' lang='grc' dir='ltr'><strong>καὶ</strong></span> <span class='ocrx_word' id='word_1_413' title='bbox 628 5476 658 5545; x_wconf 81' lang='grc' dir='ltr'>ἡ</span> <span class='ocrx_word' id='word_1_414' title='bbox 699 5477 862 5545; x_wconf 74' lang='grc' dir='ltr'>ἀρετὴ</span> <span class='ocrx_word' id='word_1_415' title='bbox 911 5477 1002 5527; x_wconf 87' lang='grc' dir='ltr'><strong>καὶ</strong></span> <span class='ocrx_word' id='word_1_416' title='bbox 1037 5477 1096 5528; x_wconf 59' lang='grc' dir='ltr'><strong>τι</strong></span> <span class='ocrx_word' id='word_1_417' title='bbox 1133 5479 1270 5546; x_wconf 68' lang='grc' dir='ltr'>πρὸς</span> <span class='ocrx_word' id='word_1_418' title='bbox 1316 5479 1550 5549; x_wconf 79' lang='grc' dir='ltr'>Χριστὸν</span> <span class='ocrx_word' id='word_1_419' title='bbox 1600 5479 1781 5545; x_wconf 85' lang='grc' dir='ltr'>σέϐας,</span> 
     </span>
    </p>
   </div>
   <div class='ocr_carea' id='block_1_64' title="bbox 214 5567 1785 5640">
    <p class='ocr_par' dir='ltr' id='par_1_64' title="bbox 214 5567 1785 5640">
     <span class='ocr_line' id='line_1_64' title="bbox 214 5567 1785 5640; baseline 0.002 -18"><span class='ocrx_word' id='word_1_420' title='bbox 214 5571 318 5623; x_wconf 68' lang='grc' dir='ltr'><strong>οὐκ</strong></span> <span class='ocrx_word' id='word_1_421' title='bbox 369 5569 608 5634; x_wconf 74' lang='grc' dir='ltr'>ἐνεγκὼν</span> <span class='ocrx_word' id='word_1_422' title='bbox 645 5568 673 5618; x_wconf 89' lang='grc' dir='ltr'>ὁ</span> <span class='ocrx_word' id='word_1_423' title='bbox 719 5567 811 5620; x_wconf 81' lang='grc' dir='ltr'>τοῦ</span> <span class='ocrx_word' id='word_1_424' title='bbox 868 5567 1062 5635; x_wconf 75' lang='grc' dir='ltr'>φθόνον</span> <span class='ocrx_word' id='word_1_425' title='bbox 1120 5571 1318 5640; x_wconf 81' lang='grc' dir='ltr'>πατὴρ,</span> <span class='ocrx_word' id='word_1_426' title='bbox 1377 5572 1463 5624; x_wconf 75' lang='grc' dir='ltr'>διὰ</span> <span class='ocrx_word' id='word_1_427' title='bbox 1500 5571 1785 5640; x_wconf 77' lang='grc' dir='ltr'>βασκάνων</span> 
     </span>
    </p>
   </div>
   <div class='ocr_carea' id='block_1_65' title="bbox 215 5660 1785 5733">
    <p class='ocr_par' dir='ltr' id='par_1_65' title="bbox 215 5660 1785 5733">
     <span class='ocr_line' id='line_1_65' title="bbox 215 5660 1785 5733; baseline 0.003 -18"><span class='ocrx_word' id='word_1_428' title='bbox 215 5660 518 5730; x_wconf 58' lang='grc' dir='ltr'>ὀφθαλμῶν</span> <span class='ocrx_word' id='word_1_429' title='bbox 559 5660 830 5728; x_wconf 68' lang='grc' dir='ltr'>Ἀντιοχου</span> <span class='ocrx_word' id='word_1_430' title='bbox 873 5660 1015 5721; x_wconf 67' lang='grc' dir='ltr'>τινὸς</span> <span class='ocrx_word' id='word_1_431' title='bbox 1051 5661 1262 5730; x_wconf 69' lang='grc' dir='ltr'>ἀνδρὸς,</span> <span class='ocrx_word' id='word_1_432' title='bbox 1302 5662 1398 5733; x_wconf 82' lang='grc' dir='ltr'><strong>τὴν</strong></span> <span class='ocrx_word' id='word_1_433' title='bbox 1436 5667 1532 5733; x_wconf 82' lang='grc' dir='ltr'>τῆς</span> <span class='ocrx_word' id='word_1_434' title='bbox 1582 5663 1785 5726; x_wconf 80' lang='grc' dir='ltr'>πόλεως</span> 
     </span>
    </p>
   </div>
   <div class='ocr_carea' id='block_1_66' title="bbox 1879 4653 3453 4728">
    <p class='ocr_par' dir='ltr' id='par_1_66' title="bbox 1879 4653 3453 4728">
     <span class='ocr_line' id='line_1_66' title="bbox 1879 4653 3453 4728; baseline -0.004 -12"><span class='ocrx_word' id='word_1_435' title='bbox 1879 4671 1935 4716; x_wconf 89' lang='lat' dir='ltr'><strong>et</strong></span> <span class='ocrx_word' id='word_1_436' title='bbox 1968 4661 2242 4715; x_wconf 89' lang='lat' dir='ltr'><strong>diceretur</strong></span> <span class='ocrx_word' id='word_1_437' title='bbox 2265 4659 2491 4728; x_wconf 81' lang='lat' dir='ltr'><strong>Saphia.</strong></span> <span class='ocrx_word' id='word_1_438' title='bbox 2515 4657 2646 4723; x_wconf 76' lang='lat' dir='ltr'><strong>Qua:</strong></span> <span class='ocrx_word' id='word_1_439' title='bbox 2673 4664 2755 4711; x_wconf 88' lang='lat' dir='ltr'><strong>est</strong></span> <span class='ocrx_word' id='word_1_440' title='bbox 2783 4656 2927 4711; x_wconf 88' lang='lat' dir='ltr'><strong>enim</strong></span> <span class='ocrx_word' id='word_1_441' title='bbox 2957 4655 3191 4726; x_wconf 87' lang='lat' dir='ltr'><strong>desuper</strong></span> <span class='ocrx_word' id='word_1_442' title='bbox 3223 4653 3453 4724; x_wconf 86' lang='lat' dir='ltr'><strong>Sapien-</strong></span> 
     </span>
    </p>
   </div>
   <div class='ocr_carea' id='block_1_67' title="bbox 1881 4746 3448 4819">
    <p class='ocr_par' dir='ltr' id='par_1_67' title="bbox 1881 4746 3448 4819">
     <span class='ocr_line' id='line_1_67' title="bbox 1881 4746 3448 4819; baseline -0.004 -13"><span class='ocrx_word' id='word_1_443' title='bbox 1881 4752 1974 4815; x_wconf 90' lang='lat' dir='ltr'><strong>tia,</strong></span> <span class='ocrx_word' id='word_1_444' title='bbox 2009 4750 2184 4819; x_wconf 90' lang='lat' dir='ltr'><strong>inquit</strong></span> <span class='ocrx_word' id='word_1_445' title='bbox 2211 4749 2428 4804; x_wconf 81' lang='lat' dir='ltr'><strong>divinus</strong></span> <span class='ocrx_word' id='word_1_446' title='bbox 2468 4748 2722 4814; x_wconf 87' lang='lat' dir='ltr'><strong>Jacobus,</strong></span> <span class='ocrx_word' id='word_1_447' title='bbox 2746 4747 2980 4818; x_wconf 93' lang='lat' dir='ltr'><strong>primum</strong></span> <span class='ocrx_word' id='word_1_448' title='bbox 3001 4747 3222 4816; x_wconf 88' lang='lat' dir='ltr'><strong>quidem</strong></span> <span class='ocrx_word' id='word_1_449' title='bbox 3250 4746 3448 4817; x_wconf 85' lang='lat' dir='ltr'><strong>pudica</strong></span> 
     </span>
    </p>
   </div>
   <div class='ocr_carea' id='block_1_68' title="bbox 1881 4839 3456 4913">
    <p class='ocr_par' dir='ltr' id='par_1_68' title="bbox 1881 4839 3456 4913">
     <span class='ocr_line' id='line_1_68' title="bbox 1881 4839 3456 4913; baseline -0.006 -13"><span class='ocrx_word' id='word_1_450' title='bbox 1881 4852 1984 4909; x_wconf 91' lang='lat' dir='ltr'><strong>est,</strong></span> <span class='ocrx_word' id='word_1_451' title='bbox 2015 4842 2210 4897; x_wconf 85' lang='lat' dir='ltr'><strong>deinde</strong></span> <span class='ocrx_word' id='word_1_452' title='bbox 2263 4843 2510 4913; x_wconf 80' lang='lat' dir='ltr'><strong>paciﬁca,</strong></span> <span class='ocrx_word' id='word_1_453' title='bbox 2543 4840 2809 4903; x_wconf 89' lang='lat' dir='ltr'><strong>modesta,</strong></span> <span class='ocrx_word' id='word_1_454' title='bbox 2845 4839 3127 4901; x_wconf 90' lang='lat' dir='ltr'><strong>obediens,</strong></span> <span class='ocrx_word' id='word_1_455' title='bbox 3161 4839 3320 4908; x_wconf 90' lang='lat' dir='ltr'><strong>plena</strong></span> <span class='ocrx_word' id='word_1_456' title='bbox 3353 4840 3456 4892; x_wconf 83' lang='lat' dir='ltr'><strong>mi-</strong></span> 
     </span>
    </p>
   </div>
   <div class='ocr_carea' id='block_1_69' title="bbox 1885 4928 3451 4999">
    <p class='ocr_par' dir='ltr' id='par_1_69' title="bbox 1885 4928 3451 4999">
     <span class='ocr_line' id='line_1_69' title="bbox 1885 4928 3451 4999; baseline -0.006 -9"><span class='ocrx_word' id='word_1_457' title='bbox 1885 4933 2180 4990; x_wconf 86' lang='lat' dir='ltr'><strong>sericordia</strong></span> <span class='ocrx_word' id='word_1_458' title='bbox 2211 4942 2266 4988; x_wconf 91' lang='lat' dir='ltr'><strong>et</strong></span> <span class='ocrx_word' id='word_1_459' title='bbox 2299 4931 2564 4986; x_wconf 82' lang='lat' dir='ltr'><strong>fructibus</strong></span> <span class='ocrx_word' id='word_1_460' title='bbox 2597 4930 2777 4986; x_wconf 89' lang='lat' dir='ltr'><strong>bonis.</strong></span> <span class='ocrx_word' id='word_1_461' title='bbox 2815 4930 2892 4984; x_wconf 85' lang='lat' dir='ltr'><strong>Eo</strong></span> <span class='ocrx_word' id='word_1_462' title='bbox 2922 4929 3093 4994; x_wconf 92' lang='lat' dir='ltr'><strong>enim,</strong></span> <span class='ocrx_word' id='word_1_463' title='bbox 3118 4928 3282 4999; x_wconf 66' lang='lat' dir='ltr'><strong>,quod</strong></span> <span class='ocrx_word' id='word_1_464' title='bbox 3337 4929 3451 4982; x_wconf 80' lang='lat' dir='ltr'><strong>vir-</strong></span> 
     </span>
    </p>
   </div>
   <div class='ocr_carea' id='block_1_70' title="bbox 1887 5020 3458 5095">
    <p class='ocr_par' dir='ltr' id='par_1_70' title="bbox 1887 5020 3458 5095">
     <span class='ocr_line' id='line_1_70' title="bbox 1887 5020 3458 5095; baseline -0.004 -15"><span class='ocrx_word' id='word_1_465' title='bbox 1887 5026 2020 5081; x_wconf 87' lang='lat' dir='ltr'><strong>tutis</strong></span> <span class='ocrx_word' id='word_1_466' title='bbox 2059 5027 2269 5080; x_wconf 81' lang='lat' dir='ltr'><strong>fructus</strong></span> <span class='ocrx_word' id='word_1_467' title='bbox 2302 5033 2445 5095; x_wconf 77' lang='lat' dir='ltr'><strong>apud</strong></span> <span class='ocrx_word' id='word_1_468' title='bbox 2486 5037 2605 5076; x_wconf 91' lang='lat' dir='ltr'><strong>eam</strong></span> <span class='ocrx_word' id='word_1_469' title='bbox 2677 5020 3099 5092; x_wconf 85' lang='lat' dir='ltr'><strong>agnoscebatur,</strong></span> <span class='ocrx_word' id='word_1_470' title='bbox 3176 5021 3458 5090; x_wconf 84' lang='lat' dir='ltr'><strong>adaptavit</strong></span> 
     </span>
    </p>
   </div>
   <div class='ocr_carea' id='block_1_71' title="bbox 1888 5113 3456 5187">
    <p class='ocr_par' dir='ltr' id='par_1_71' title="bbox 1888 5113 3456 5187">
     <span class='ocr_line' id='line_1_71' title="bbox 1888 5113 3456 5187; baseline -0.004 -14"><span class='ocrx_word' id='word_1_471' title='bbox 1888 5119 2100 5174; x_wconf 87' lang='lat' dir='ltr'><strong>ﬁliabus</strong></span> <span class='ocrx_word' id='word_1_472' title='bbox 2161 5118 2272 5172; x_wconf 88' lang='lat' dir='ltr'><strong>suis</strong></span> <span class='ocrx_word' id='word_1_473' title='bbox 2331 5115 2772 5187; x_wconf 84' lang='lat' dir='ltr'><strong>appellationes:</strong></span> <span class='ocrx_word' id='word_1_474' title='bbox 2828 5123 2880 5168; x_wconf 90' lang='lat' dir='ltr'><strong>et</strong></span> <span class='ocrx_word' id='word_1_475' title='bbox 2911 5113 3014 5167; x_wconf 63' lang='lat' dir='ltr'><strong>illa</strong></span> <span class='ocrx_word' id='word_1_476' title='bbox 3049 5128 3238 5168; x_wconf 91' lang='lat' dir='ltr'><strong>rursus</strong></span> <span class='ocrx_word' id='word_1_477' title='bbox 3298 5113 3351 5165; x_wconf 92' lang='lat' dir='ltr'><strong>in</strong></span> <span class='ocrx_word' id='word_1_478' title='bbox 3397 5127 3456 5167; x_wconf 89' lang='lat' dir='ltr'><strong>se</strong></span> 
     </span>
    </p>
   </div>
   <div class='ocr_carea' id='block_1_72' title="bbox 1888 5204 3458 5277">
    <p class='ocr_par' dir='ltr' id='par_1_72' title="bbox 1888 5204 3458 5277">
     <span class='ocr_line' id='line_1_72' title="bbox 1888 5204 3458 5277; baseline -0.006 -11"><span class='ocrx_word' id='word_1_479' title='bbox 1888 5211 2250 5266; x_wconf 88' lang='lat' dir='ltr'><strong>ostendebant</strong></span> <span class='ocrx_word' id='word_1_480' title='bbox 2279 5223 2399 5264; x_wconf 79' lang='lat' dir='ltr'><strong>esse</strong></span> <span class='ocrx_word' id='word_1_481' title='bbox 2428 5223 2608 5274; x_wconf 87' lang='lat' dir='ltr'><strong>veras,</strong></span> <span class='ocrx_word' id='word_1_482' title='bbox 2663 5221 2843 5276; x_wconf 89' lang='lat' dir='ltr'><strong>neque</strong></span> <span class='ocrx_word' id='word_1_483' title='bbox 2923 5206 3196 5268; x_wconf 81' lang='lat' dir='ltr'><strong>habebant</strong></span> <span class='ocrx_word' id='word_1_484' title='bbox 3246 5204 3458 5277; x_wconf 83' lang='lat' dir='ltr'><strong>aliquid</strong></span> 
     </span>
    </p>
   </div>
   <div class='ocr_carea' id='block_1_73' title="bbox 1891 5297 3453 5371">
    <p class='ocr_par' dir='ltr' id='par_1_73' title="bbox 1891 5297 3453 5371">
     <span class='ocr_line' id='line_1_73' title="bbox 1891 5297 3453 5371; baseline -0.003 -16"><span class='ocrx_word' id='word_1_485' title='bbox 1891 5303 2050 5366; x_wconf 90' lang='lat' dir='ltr'><strong>rami,</strong></span> <span class='ocrx_word' id='word_1_486' title='bbox 2080 5300 2224 5371; x_wconf 92' lang='lat' dir='ltr'><strong>quod</strong></span> <span class='ocrx_word' id='word_1_487' title='bbox 2255 5300 2587 5369; x_wconf 88' lang='lat' dir='ltr'><strong>discreparet</strong></span> <span class='ocrx_word' id='word_1_488' title='bbox 2615 5307 2708 5353; x_wconf 88' lang='lat' dir='ltr'><strong>aut</strong></span> <span class='ocrx_word' id='word_1_489' title='bbox 2737 5307 2881 5352; x_wconf 84' lang='lat' dir='ltr'><strong>esset</strong></span> <span class='ocrx_word' id='word_1_490' title='bbox 2908 5297 3143 5351; x_wconf 84' lang='lat' dir='ltr'><strong>alienum</strong></span> <span class='ocrx_word' id='word_1_491' title='bbox 3176 5311 3205 5349; x_wconf 90' lang='lat' dir='ltr'><strong>a</strong></span> <span class='ocrx_word' id='word_1_492' title='bbox 3253 5297 3453 5350; x_wconf 86' lang='lat' dir='ltr'><strong>radice.</strong></span> 
     </span>
    </p>
   </div>
   <div class='ocr_carea' id='block_1_74' title="bbox 1963 5387 3457 5458">
    <p class='ocr_par' dir='ltr' id='par_1_74' title="bbox 1963 5387 3457 5458">
     <span class='ocr_line' id='line_1_74' title="bbox 1963 5387 3457 5458; baseline -0.005 -12"><span class='ocrx_word' id='word_1_493' title='bbox 1963 5393 2029 5448; x_wconf 92' lang='lat' dir='ltr'><strong>ll.</strong></span> <span class='ocrx_word' id='word_1_494' title='bbox 2059 5393 2194 5451; x_wconf 89' lang='lat' dir='ltr'><strong>Cum</strong></span> <span class='ocrx_word' id='word_1_495' title='bbox 2219 5402 2401 5447; x_wconf 90' lang='lat' dir='ltr'><strong>autem</strong></span> <span class='ocrx_word' id='word_1_496' title='bbox 2415 5390 2782 5446; x_wconf 85' lang='lat' dir='ltr'><strong>celebraretur</strong></span> <span class='ocrx_word' id='word_1_497' title='bbox 2797 5388 2939 5458; x_wconf 89' lang='lat' dir='ltr'><strong>apud</strong></span> <span class='ocrx_word' id='word_1_498' title='bbox 2957 5403 3146 5442; x_wconf 90' lang='lat' dir='ltr'><strong>omnes</strong></span> <span class='ocrx_word' id='word_1_499' title='bbox 3171 5395 3224 5442; x_wconf 91' lang='lat' dir='ltr'><strong>et</strong></span> <span class='ocrx_word' id='word_1_500' title='bbox 3249 5387 3457 5440; x_wconf 87' lang='lat' dir='ltr'><strong>illarum</strong></span> 
     </span>
    </p>
   </div>
   <div class='ocr_carea' id='block_1_75' title="bbox 1892 5475 3462 5555">
    <p class='ocr_par' dir='ltr' id='par_1_75' title="bbox 1892 5475 3462 5555">
     <span class='ocr_line' id='line_1_75' title="bbox 1892 5475 3462 5555; baseline -0.006 -16"><span class='ocrx_word' id='word_1_501' title='bbox 1892 5484 2178 5555; x_wconf 84' lang='lat' dir='ltr'><strong>prudentia</strong></span> <span class='ocrx_word' id='word_1_502' title='bbox 2213 5484 2478 5546; x_wconf 87' lang='lat' dir='ltr'><strong>etvirtus,</strong></span> <span class='ocrx_word' id='word_1_503' title='bbox 2516 5492 2570 5536; x_wconf 90' lang='lat' dir='ltr'><strong>et</strong></span> <span class='ocrx_word' id='word_1_504' title='bbox 2601 5483 2655 5535; x_wconf 92' lang='lat' dir='ltr'><strong>in</strong></span> <span class='ocrx_word' id='word_1_505' title='bbox 2686 5479 2964 5533; x_wconf 89' lang='lat' dir='ltr'><strong>Christum</strong></span> <span class='ocrx_word' id='word_1_506' title='bbox 2996 5478 3200 5548; x_wconf 84' lang='lat' dir='ltr'><strong>religio,</strong></span> <span class='ocrx_word' id='word_1_507' title='bbox 3235 5492 3342 5531; x_wconf 88' lang='lat' dir='ltr'><strong>non</strong></span> <span class='ocrx_word' id='word_1_508' title='bbox 3376 5475 3462 5529; x_wconf 82' lang='lat' dir='ltr'><strong>fe-</strong></span> 
     </span>
    </p>
   </div>
   <div class='ocr_carea' id='block_1_76' title="bbox 1895 5569 3459 5647">
    <p class='ocr_par' dir='ltr' id='par_1_76' title="bbox 1895 5569 3459 5647">
     <span class='ocr_line' id='line_1_76' title="bbox 1895 5569 3459 5647; baseline -0.01 -14"><span class='ocrx_word' id='word_1_509' title='bbox 1895 5594 2020 5633; x_wconf 85' lang='lat' dir='ltr'><strong>rens</strong></span> <span class='ocrx_word' id='word_1_510' title='bbox 2045 5587 2196 5647; x_wconf 87' lang='lat' dir='ltr'><strong>pater</strong></span> <span class='ocrx_word' id='word_1_511' title='bbox 2218 5578 2454 5643; x_wconf 75' lang='lat' dir='ltr'><strong>invidi-.13,</strong></span> <span class='ocrx_word' id='word_1_512' title='bbox 2475 5592 2570 5646; x_wconf 82' lang='lat' dir='ltr'><strong>per</strong></span> <span class='ocrx_word' id='word_1_513' title='bbox 2597 5572 2804 5628; x_wconf 83' lang='lat' dir='ltr'><strong>invidos</strong></span> <span class='ocrx_word' id='word_1_514' title='bbox 2825 5571 3010 5627; x_wconf 90' lang='lat' dir='ltr'><strong>oculos</strong></span> <span class='ocrx_word' id='word_1_515' title='bbox 3040 5570 3322 5640; x_wconf 81' lang='lat' dir='ltr'><strong>cujusdam</strong></span> <span class='ocrx_word' id='word_1_516' title='bbox 3345 5569 3459 5620; x_wconf 81' lang='lat' dir='ltr'><strong>An-</strong></span> 
     </span>
    </p>
   </div>
   <div class='ocr_carea' id='block_1_77' title="bbox 1895 5660 3454 5737">
    <p class='ocr_par' dir='ltr' id='par_1_77' title="bbox 1895 5660 3454 5737">
     <span class='ocr_line' id='line_1_77' title="bbox 1895 5660 3454 5737; baseline -0.006 -13"><span class='ocrx_word' id='word_1_517' title='bbox 1895 5671 2061 5725; x_wconf 88' lang='lat' dir='ltr'><strong>tiochi</strong></span> <span class='ocrx_word' id='word_1_518' title='bbox 2090 5710 2104 5735; x_wconf 90' lang='lat'><strong>,</strong></span> <span class='ocrx_word' id='word_1_519' title='bbox 2123 5670 2280 5737; x_wconf 81' lang='lat' dir='ltr'><strong>cujus</strong></span> <span class='ocrx_word' id='word_1_520' title='bbox 2299 5670 2420 5724; x_wconf 85' lang='lat' dir='ltr'><strong>ﬁdei</strong></span> <span class='ocrx_word' id='word_1_521' title='bbox 2441 5667 2727 5723; x_wconf 88' lang='lat' dir='ltr'><strong>commissa</strong></span> <span class='ocrx_word' id='word_1_522' title='bbox 2748 5666 2921 5720; x_wconf 79' lang='lat' dir='ltr'><strong>fuerat</strong></span> <span class='ocrx_word' id='word_1_523' title='bbox 2946 5663 3263 5734; x_wconf 63' lang='lat' dir='ltr'><strong>prmfectura</strong></span> <span class='ocrx_word' id='word_1_524' title='bbox 3285 5660 3454 5725; x_wconf 87' lang='lat' dir='ltr'><strong>urbis,</strong></span> 
     </span>
    </p>
   </div>
   <div class='ocr_carea' id='block_1_78' title="bbox 221 5751 1890 5832">
    <p class='ocr_par' dir='ltr' id='par_1_78' title="bbox 221 5751 1890 5828">
     <span class='ocr_line' id='line_1_78' title="bbox 221 5751 1890 5828; baseline 0 -21"><span class='ocrx_word' id='word_1_525' title='bbox 221 5755 487 5826; x_wconf 76' lang='grc' dir='ltr'>πρόνοιαν</span> <span class='ocrx_word' id='word_1_526' title='bbox 534 5751 987 5822; x_wconf 79' lang='grc' dir='ltr'>πεπιστευμένου,</span> <span class='ocrx_word' id='word_1_527' title='bbox 1044 5755 1139 5825; x_wconf 79' lang='grc' dir='ltr'>τὴν</span> <span class='ocrx_word' id='word_1_528' title='bbox 1178 5755 1457 5810; x_wconf 69' lang='grc' dir='ltr'>εὐσέϐειαν</span> <span class='ocrx_word' id='word_1_529' title='bbox 1508 5757 1688 5811; x_wconf 64' lang='grc' dir='ltr'>αὐτῶν</span> <span class='ocrx_word' id='word_1_530' title='bbox 1719 5757 1794 5828; x_wconf 75' lang='grc' dir='ltr'>τῷ</span> <span class='ocrx_word' id='word_1_531' title='bbox 1884 5782 1890 5815; x_wconf 73' lang='grc'><strong><em>;</em></strong></span> 
     </span>
    </p>
   </div>
   <div class='ocr_carea' id='block_1_79' title="bbox 1788 5751 3457 5832">
    <p class='ocr_par' dir='ltr' id='par_1_79' title="bbox 1788 5751 3457 5832">
     <span class='ocr_line' id='line_1_79' title="bbox 1788 5751 3457 5832; baseline -0.008 -14"><span class='ocrx_word' id='word_1_532' title='bbox 1788 5779 1794 5806; x_wconf 74' lang='grc' dir='ltr'><strong>ι</strong></span> <span class='ocrx_word' id='word_1_533' title='bbox 1884 5761 2155 5832; x_wconf 75' lang='lat' dir='ltr'><strong>significat</strong></span> <span class='ocrx_word' id='word_1_534' title='bbox 2195 5761 2711 5830; x_wconf 86' lang='lat' dir='ltr'><strong>impcratoriearum</strong></span> <span class='ocrx_word' id='word_1_535' title='bbox 2738 5757 3015 5829; x_wconf 83' lang='lat' dir='ltr'><strong>pietatem,</strong></span> <span class='ocrx_word' id='word_1_536' title='bbox 3060 5763 3112 5810; x_wconf 82' lang='lat' dir='ltr'><strong>et</strong></span> <span class='ocrx_word' id='word_1_537' title='bbox 3162 5768 3252 5807; x_wconf 84' lang='lat' dir='ltr'><strong>eas</strong></span> <span class='ocrx_word' id='word_1_538' title='bbox 3279 5751 3457 5807; x_wconf 79' lang='lat' dir='ltr'><strong>defert</strong></span> 
     </span>
    </p>
   </div>
  </div>
