4226 6436
236 401 337 466 501

998 400 1455 461 murram»:
1500 401 1558 458 s.
1603 396 1897 458 separe
1939 397 2030 456 Er
2072 378 2450 458 FlLlAltUM
2495 398 2695 457 EJUS.

3355 393 3456 454 502

237 513 433 568 πολλοῦ
466 512 953 582 διαμελετηθεῖσαν
990 514 1118 580 ὑμῖν
1167 514 1389 582 ἀρετὴν,
1423 513 1454 581 ἡ
1497 511 1562 563 δι’
1609 511 1789 578 ὀλίγου
1827 513 1866 568 Α
1897 529 1906 549 ι

1784 529 1789 558 ι
1827 513 1866 568 Δ
1897 511 2176 574 virtutem,
2207 527 2328 582 qum
2363 512 2518 567 vobis
2545 510 2692 565 brevi
2733 520 2815 563 est
2845 508 3151 572 inferenda,
3186 521 3290 560 non
3345 507 3453 559 viu-

229 605 706 674 ἐπενεχθησομένη
731 607 961 675 ὲπήρεια
985 605 1251 676 διελέγξῃ,
1286 606 1420 676 μηδὲ
1451 605 1512 657 τὸ
1529 608 1628 676 τῆς
1659 605 1793 658 πλά-

231 713 328 766 νης
375 699 666 766 ἀνίσχυρον
712 700 808 767 τὴν
853 699 1050 761 παντὸς
1086 700 1437 768 ἰσχυροτέραν
1490 698 1792 767 κατισχύσῃ

230 787 511 854 ἀλήθειαν.
541 789 821 841 ’Ύποπτόν
845 806 930 856 μοι
954 791 1051 857 τῆς
1081 790 1292 860 ἡλικίας
1314 789 1465 858 ὑμῶν
1488 789 1548 840 τὸ
1577 789 1787 850 νεάζον,

230 878 363 930 ἀλλὰ
398 879 471 947 μὴ
504 879 751 931 δειλιάτω
775 880 861 931 τὸν
912 881 1153 934 κίνδυνον
1184 899 1194 910 ·
1242 881 1391 947 ἕξετε
1447 881 1554 949 γὰρ
1600 882 1790 950 βοηθὸν

227 970 329 1036 τὴν
357 972 565 1039 ἄμαχον
593 969 686 1022 τοῦ
720 971 954 1040 Χριστοῦ
984 973 1317 1043 συμμαχίαν.
1347 974 1474 1024 Δότε
1508 973 1791 1040 τοιγαροίν

226 1058 308 1127 τῷ
337 1059 453 1128 ἐμῷ
501 1061 666 1128 γήρᾳ,
711 1061 828 1112 δότε
859 1066 968 1123 τοῖς
1002 1063 1285 1132 ὑμετέροις
1333 1064 1540 1130 ἀγῶσιν
1584 1065 1791 1131 ὲνσκιρ·

229 1150 392 1218 τῆσαι
421 1150 829 1219 νεανικώτερον,
863 1154 1138 1205 ἀνένδοτον
1185 1155 1311 1222 ἄχρι
1348 1156 1535 1216 τέλους
1567 1155 1664 1222 τὴν
1712 1157 1791 1214 εἰς

229 1243 465 1311 Χριστὸν
505 1242 858 1311 διατηροῦσαι
891 1246 1201 1312 ὁμολογίαν,
1238 1250 1292 1307 Ξς
1320 1248 1409 1297 καὶ
1438 1247 1577 1314 χειρὶ
1612 1246 1791 1312 στέψει

227 1333 294 1397 τῇ
348 1330 617 1398 ἀθανάτῳ,
677 1334 770 1383 καὶ
815 1336 1164 1402 ἀμαράντους
1219 1338 1346 1403 ὑμῖν
1394 1337 1619 1404 παρέξει
1670 1337 1792 1395 τοὺς

229 1421 549 1494 στεφάνους,
612 1424 728 1490 μεθ’
777 1421 835 1477 οὗ
880 1427 971 1476 καὶ
1025 1428 1101 1487 εἰς
1139 1427 1336 1488 αἰῶνας
1379 1427 1563 1477 ἔσεσθε
1599 1443 1793 1495 συγχο-

231 1513 506 1581 ρεύουσαι,
541 1517 634 1566 καὶ
665 1515 940 1584 ἄφθαρτον
975 1518 1260 1585 τρυφῶσαι
1304 1519 1532 1587 τρυφὴν,
1573 1519 1795 1570 πλοῦτόν

227 1617 285 1651 τε
315 1599 530 1662 ἄσυλον,
569 1606 660 1654 καὶ
689 1604 880 1671 ἡδονὴν
907 1607 1283 1675 καρπούμεναι
1324 1607 1593 1675 μηδέποτε
1627 1624 1794 1658 mtuo-

233 1693 426 1761 μένην.
499 1696 781 1762 Φρονίμων
849 1697 940 1748 οὖν
1015 1700 1162 1749 ἐστιν
1234 1698 1795 1762 ἀντικαταλλάξασθαι

231 1787 344 1835 τῶν
377 1785 590 1851 μικρῶν
613 1787 680 1835 τὰ
715 1789 966 1853 μέγιστα,
1002 1790 1109 1840 τῶν
1149 1792 1397 1842 άστάτων
1434 1793 1502 1841 τε
1541 1791 1793 1856 μένοντα,

230 1875 341 1923 τῶν
392 1876 621 1940 ῥεόντων
662 1878 726 1926 τε
781 1879 853 1943 μὴ
913 1877 1214 1947 κενούμενα
1248 1893 1262 1908 ⁸
1311 1883 1429 1932 ἐπεὶ
1483 1882 1578 1934 καλ¹
1610 1884 1797 1934 πασῶν

232 1966 576 2031 πραγμάτων
601 1965 737 2032 αὕτη
767 1969 1088 2036 τιμιωτέρα,
1110 1971 1291 2036 ὀλίγου
1313 1973 1543 2039 αἵματος
1560 1976 1798 2044 οὑρενῶν

231 2056 546 2121 ὠνήσασθαι
587 2060 681 2126 τὴν
715 2059 1013 2126 βασιλείαν.
1048 2062 1349 2116 Ralm-3:1
1389 2066 1484 2134 μὲν
1519 2070 1545 2132 ἡ
1582 2068 1766 2134 Σοφία.

307 2145 378 2197 E'.
409 2150 470 2198 Ai
505 2149 558 2199 δὲ
602 2155 768 2218 μητρί
798 2153 1020 2225 τοιαύτῃ
1050 2158 1422 2225 προσήκουσαι
1459 2157 1754 2227 θυγατέρες
1783 2177 1795 2189 ·

235 2233 307 2282 Συ
336 2234 456 2300 μὲν,
495 2231 664 2296 εἷπον,
703 2239 745 2289 ὼ
773 2240 1041 2310 σεϐασμῗα
1073 2244 1264 2313 μῆτερ,
1295 2246 1480 2313 εὐχαῖς
1513 2249 1659 2315 ἡμᾶς
1680 2249 1801 2308 ταῖς

239 2329 534 2392 μητρικαῖς
586 2331 976 2400 παράπεμψον,
1021 2335 1386 2405 φυλακτήριςν
1429 2342 1560 2407 ἡμῖν
1605 2339 1801 2406 ἀγαθὸν

236 2413 413 2475 αὐτας
439 2419 812 2486 παρασχοῦσα.
858 2421 914 2472 Ὀ
941 2422 993 2472 δὲ
1029 2425 1301 2490 προειπὼν
1325 2426 1545 2493 Κύριος,
1580 2429 1666 2494 Μὴ
1705 2446 1800 2494 με-

238 2508 542 2573 ριμνήσητε
580 2509 694 2569 πῶς
736 2510 766 2575 ἢ
799 2509 849 2559 τί
885 2512 1310 2580 ἁπολογήσεσθε,
1347 2516 1472 2566 ὅταν
1514 2518 1603 2566 ἐπὶ
1649 2522 1802 2584 (315'.-

239 2599 349 2658 ἱεῖς
385 2599 582 2665 ἀχοῆτε
636 2599 726 2648 καὶ
777 2600 1071 2666 ἡγεμόνας,
1122 2598 1275 2664 οὗτος
1318 2607 1553 2667 πάντως,
1593 2606 1666 2667 ὡς
1703 2607 1800 2673 μὲν

237 2686 467 2753 ἀληθὴς,
498 2687 555 2736 οὐ
582 2687 942 2753 διακελεύσεται,
975 2689 1047 2752 ῶς
1076 2692 1130 2742 δὲ
1163 2694 1403 2758 δυνατὸς,
1433 2694 1801 2764 ἐκπληρώσει,

240 2781 497 2846 παρέχων
527 2781 660 2848 ἡμῖν
690 2782 900 2848 σοφίαν,
929 2784 994 2835 δι’
1029 2778 1092 2852 ἦς
1121 2785 1458 2853 δυνησόμεθα
1490 2788 1584 2856 τὴν
1619 2790 1804 2856 μωρὰν

242 2870 413 2930 ὖντως
441 2872 532 2922 καὶ
558 2876 1010 2940 καταργουμένην
1035 2875 1253 2942 νικῆσαι
1287 2879 1496 2943 σοςίαν,
1533 2881 1625 2931 καὶ
1644 2897 1806 2946 φανε-

245 2958 359 3027 ρῶς
395 2957 780 3027 τροπώσαοθαι
819 2962 916 3026 τὴν
958 2962 1231 3014 ἀσέϐειαν.
1284 2964 1403 3015 Τῶν
1438 2961 1529 3015 οὖν
1567 2965 1804 3032 ὡρισμέ-

244 3068 352 3102 νων
416 3051 584 3113 τριῶν
639 3051 860 3118 ήμερῶν
921 3054 1022 3122 ἤδη
1077 3056 1461 3124 παρηκουσῶν,
1526 3057 1659 3126 πρὸς
1707 3056 1805 3126 τὴν

1896 617 1981 659 cat
2008 605 2220 674 injuria:
2254 621 2428 674 neque
2452 605 2652 658 erroris
2692 601 3032 657 imbecillitas
3102 615 3159 653 re
3218 599 3459 667 qualibet

1894 694 2170 747 fortiorem
2196 705 2415 763 superet
2449 694 2753 748 veritatem.
2775 691 2901 745 Mihi
2930 701 3012 744 est
3039 697 3286 754 suspecta
3331 700 3460 741 aetas

1895 797 2066 840 vestra
2095 787 2347 854 juvenilis
2375 797 2426 840 et
2449 796 2628 842 tenera
2651 804 2665 850 ;
2688 787 2778 840 sed
2806 800 2912 837 non
2949 783 3263 837 extimescat
3317 785 3460 848 peri-

1893 877 2287 933 culum.VcbiS
2341 880 2484 933 enim
2540 893 2696 947 opem
2752 877 2890 931 feret
2934 875 3194 927 invictum
3260 871 3457 924 Christi

1895 970 2171 1025 auxilium.
2209 973 2335 1024 Date
2376 987 2501 1040 ergo
2525 986 2656 1024 mem
2679 969 2964 1031 senectuti,
3000 967 3140 1027 date,
3169 974 3225 1016 ut
3272 962 3462 1014 vestris

1894 1064 2282 1117 certaminibus
2317 1064 2628 1132 iuveniliter
2661 1061 2950 1124 cxsultem,
2982 1060 3187 1110 firmam
3224 1067 3274 1108 et
3300 1054 3463 1107 stabi-

1895 1149 1997 1205 lem
2027 1165 2302 1207 servantes
2325 1169 2490 1221 usque
2513 1156 2576 1205 ad
2610 1152 2767 1204 linem
2797 1151 2994 1204 Christi
3030 1149 3422 1202 confessionem
3449 1165 3458 1194 :

1895 1244 1982 1309 qui
2003 1254 2231 1296 etmanu
2259 1243 2539 1298 coronabit
2560 1239 2870 1303 imn'iortali,
2897 1248 2946 1291 et
2966 1252 3082 1304 qua:
3111 1250 3213 1286 non
3243 1242 3465 1298 possunt

1897 1351 2250 1394 marcescere,
2273 1335 2423 1386 vobis
2461 1334 2986 1401 prmhebitcoronas,
3007 1338 3128 1397 post
3147 1343 3281 1396 quas
3305 1328 3356 1378 in
3379 1342 3466 1377 sar-

1897 1430 2015 1484 cula
2037 1429 2230 1482 choros
2244 1427 2400 1478 simul
2419 1425 2650 1486 ducetis,
2672 1437 2719 1476 et
2740 1422 2988 1476 fruemini
3011 1421 3240 1483 deliciis,
3264 1422 3312 1472 in
3337 1434 3468 1488 quas

1899 1535 2008 1573 non
2068 1521 2210 1572 cadit
2260 1518 2528 1579 interitus,
2557 1527 2610 1568 et
2643 1513 3054 1582 consequcmini
3089 1512 3324 1572 divitias,
3351 1530 3468 1578 qua:

1898 1629 2006 1666 non
2031 1619 2256 1680 possunt
2285 1609 2523 1676 subripi,
2551 1617 2603 1660 et
2629 1622 2746 1675 qua:
2783 1618 3056 1672 nunquam
3078 1602 3296 1663 desinit,
3319 1602 3468 1654 volu-

1901 1713 2048 1771 ptate
2079 1700 2378 1769 potiemini.
2401 1701 2638 1766 Estergo
2665 1695 3015 1767 prudentium
3042 1698 3220 1760 parvis
3256 1709 3470 1770 permu-

1908 1805 2020 1847 tare
2051 1793 2301 1855 maxima,
2329 1791 2672 1844 instabilibus
2707 1787 3099 1857 permanentia,
3179 1784 3471 1838 fluentibus

1901 1901 1962 1938 ea
2014 1891 2132 1952 q'u:e
2161 1897 2264 1934 non
2289 1883 2695 1935 exinaniuntur.
2724 1879 2815 1930 Est
2850 1879 2994 1930 enim
3040 1877 3278 1930 omnium
3307 1891 3474 1942 nego-

1902 1979 2100 2029 tiorum
2132 1976 2231 2026 hoc
2255 1974 2413 2042 longe
2439 1970 2977 2040 prazstantissimum,
3005 1981 3178 2036 pauco
3215 1966 3475 2034 sanguine

1902 2083 2081 2123 emere
2114 2082 2337 2135 regnum
2371 2066 2654 2119 ccelorum.
2691 2063 2758 2115 Et-
2784 2063 2897 2114 hice
2931 2061 3149 2130 quidem
3181 2058 3402 2133 Sophia.

1975 2156 2036 2209 V.
2067 2157 2214 2208 Matri
2240 2167 2417 2207 autem
2438 2161 2798 2220 congruentes
2825 2152 2943 2203 tilire
2974 2150 3088 2203 :Tu
3121 2150 3359 2216 quidem,
3397 2148 3477 2198 in-

1902 2249 2114 2317 quiunt.
2144 2262 2174 2299 ο
2201 2246 2503 2298 veneranda
2531 2253 2723 2304 mater,
2754 2258 2853 2296 nos
2916 2240 3177 2296 maternis
3224 2240 3476 2309 precibus

1904 2350 2252 2405 prosequere,
2273 2349 2363 2388 eas
2386 2335 2545 2388 nobis
2567 2333 2813 2402 praebens
2833 2333 3035 2386 bonum
3058 2340 3301 2385 tutamen
3326 2349 3338 2384 :
3371 2331 3475 2386 Do-

1905 2433 2082 2484 minus
2100 2437 2300 2492 autem,
2324 2429 2413 2496 qui
2433 2428 2591 2482 dixit:
2625 2427 2702 2480 Ne
2719 2424 2933 2479 solliciti
2954 2424 3074 2478 sitis
3096 2423 3364 2492 quomodo
3384 2429 3478 2476 aut

1903 2522 2028 2587 quid
2052 2520 2440 2585 restiondcatis,
2462 2518 2676 2586 quando
2694 2517 2964 2571 ducemini
2983 2519 3046 2570 ad
3069 2529 3220 2583 reges
3235 2522 3286 2567 et
3338 2527 3477 2581 prte-

1904 2611 2047 2663 sides
2071 2612 2088 2639 ⁸
2112 2609 2186 2673 ;is
2209 2611 2451 2672 omnino,
2475 2610 2631 2676 utqui
2651 2609 2917 2669 sitverax,
2939 2621 3044 2658 non
3066 2605 3395 2668 mentietur;
3422 2612 3479 2657 ut

1905 2702 2275 2770 quisitautem
2298 2710 2510 2769 potens,
2533 2698 2858 2768 promissum
2906 2695 3173 2764 implebit,
3225 2695 3477 2765 praebens

1906 2789 2060 2843 nobis
2076 2789 2532 2859 sapientiam,per
2558 2803 2719 2857 quam
2745 2787 3044 2855 poterimus
3098 2801 3224 2838 vere
3255 2784 3476 2838 stultam

1909 2883 2231 2950 sapientiam
2246 2881 2752 2950 ctqumexinanitur
2772 2881 3007 2942 vincere,
3030 2889 3084 2934 et
3100 2885 3358 2932 adversus
3379 2879 3481 2930 im-

1908 2972 2160 3042 pietatem
2184 2982 2365 3040 aperte
2385 2981 2646 3039 tropaeum
2664 2972 2893 3042 erigere.
2909 2971 3041 3024 Cum
3065 2982 3173 3024 tres
3193 2985 3321 3039 ergo
3343 2984 3481 3037 prte-

1909 3066 2082 3120 stituti
2103 3067 2333 3137 dicsjam
2361 3065 2771 3136 praeteriissent,
2791 3066 3068 3119 ducuntur
3086 3072 3285 3116 sanctm
3303 3062 3366 3114 ad
3399 3060 3484 3112 in-

243 3143 515 3208 ἐρώτησιν
551 3143 605 3193 αἱ
662 3142 818 3208 ἆγιαι
859 3145 1072 3213 ἤγοντο.
1117 3142 1249 3198 Εἶτα
1287 3148 1314 3198 ὁ
1356 3147 1588 3211 δικάζων
1632 3149 1805 3212 δεινὸς
1834 3165 1875 3219 c
1909 3172 1912 3208 ι

1834 3165 1875 3219 C
1909 3159 2349 3226 termgationem.
2386 3157 2769 3226 Deindejudex
2803 3172 2925 3211 cum
2956 3157 3102 3211 esset
3138 3155 3386 3217 callidus,
3429 3163 3484 3208 et

243 3231 322 3283 ῶν
351 3237 443 3284 καὶ
479 3235 759 3302 σκοπήσας
794 3237 846 3286 τί
873 3235 1158 3305 χαλάσειεν
1192 3237 1256 3290 ἂν
1293 3239 1548 3292 νεανίδων
1579 3241 1803 3293 ἁπαλῶν

243 3325 524 3394 λογισμὸν,
554 3327 714 3397 πολλῇ
753 3329 952 3390 ταύτας
1000 3330 1277 3400 ὑπήρχετο
1321 3333 1618 3402 κολακεία·
1669 3334 1760 3387 καί
1787 3351 1802 3369 ο

253 3415 453 3485 Ὀρῶν,
484 3417 654 3484 ὑμῶν,
679 3419 803 3486 ἔφη,
835 3420 894 3471 τὸ
927 3420 1138 3483 κάλλος,
1173 3420 1214 3472 ὦ
1247 3423 1454 3485 παῖδες,
1488 3427 1582 3476 καὶ
1619 3426 1716 3494 τὴν
1743 3429 1807 3479 ὲκ

240 3510 341 3576 της
395 3509 611 3577 μορφῆς
659 3510 860 3579 ταύτην
917 3510 1295 3579 ἀπορρέουσαν
1339 3512 1556 3581 ἡδονὴν,
1603 3516 1702 3568 οὐκ
1749 3518 1808 3582 ἐξ

243 3602 593 3669 ἀνθρωπίνης
628 3601 866 3670 ἡγοῦμαι
902 3603 1182 3672 προελθεῖν
1216 3603 1358 3673 ὑμᾶς
1394 3604 1625 3672 φύσεως,
1674 3611 1808 3665 ἀλλά

242 3708 388 3753 τινος
440 3693 715 3763 θειοτέρας
760 3697 850 3748 ἐπὶ
886 3695 1125 3766 θαύματι
1172 3701 1278 3754 τῶν
1323 3699 1571 3767 ὁρώντων
1602 3704 1808 3759 ἀποτα-

241 3785 442 3854 χθῆναι
466 3802 479 3816 ·
515 3786 603 3840 διὰ
628 3789 799 3841 ταῦτα
841 3795 934 3846 καὶ
976 3799 1249 3866 πατρικὴν
1283 3799 1685 3867 ἐνδεικνύμενος
1713 3802 1811 3868 τὴν

247 3882 510 3947 στοργὴν,
547 3881 682 3944 ἀξιῶ
728 3884 893 3950 ὑμᾶς,
929 3887 1200 3952 φίλταται,
1230 3891 1302 3957 μὴ
1329 3891 1809 3960 βουληθῆναιὸλως

243 3972 546 4038 ἀπειθῆσαι
594 3973 836 4037 φιλοῦντι
885 3979 1080 4046 πατρὶ,
1137 3981 1269 4032 ἀλλά
1326 3982 1515 4049 πρῶτα
1569 3985 1665 4051 μὲν
1719 3986 1810 4038 ἐπὶ

245 4063 373 4114 νοῦν
415 4063 597 4115 λαϐεῖν
631 4064 757 4118 ἔνθα
806 4067 1017 4136 ἡλικίας
1051 4073 1081 4140 ἡ
1119 4073 1300 4143 μήτηρ
1341 4074 1491 4143 ὑμῶν
1543 4077 1710 4139 ἐστιν,
1744 4072 1810 4146 ἦς

242 4156 342 4206 καὶ
371 4156 726 4224 μαστίζεσθαι
755 4160 834 4211 δεῖ
863 4164 922 4214 τὸ
952 4163 1148 4231 γῆρας,
1178 4165 1336 4233 εἴπερ
1364 4167 1521 4234 ὑμεῖς
1548 4167 1812 4219 ἀπειθοῦ-

248 4263 341 4298 σαι
392 4249 671 4316 φαίνεσθε.
741 4254 972 4306 Ἔπειτα
1012 4255 1066 4307 δὲ
1114 4257 1208 4307 καὶ
1257 4258 1316 4309 τὸ
1360 4258 1476 4309 νέον
1529 4258 1624 4324 τῆς
1657 4257 1810 4324 ὑμῶν

243 4339 468 4407 ἡλικίας
493 4343 571 4402 εἰς
607 4344 833 4409 καρδίαν
868 4346 1083 4405 θέσθαι,
1121 4346 1213 4398 τοῦ
1249 4349 1476 4409 κάλλους
1520 4364 1577 4398 τε
1622 4348 1680 4398 τὸ
1714 4349 1812 4402 ἄν.

247 4433 341 4496 θος
389 4434 477 4485 καὶ
523 4434 620 4501 τὴν
669 4436 978 4505 ἀπόρρητον
1017 4439 1342 4510 εὐμορφίαν,
1386 4442 1451 4510 ἣν
1489 4442 1616 4494 ὅσον
1650 4443 1812 4495 ἐθαύ-

247 4540 423 4593 μασα,
447 4523 698 4576 τοσοῦτον
724 4525 918 4593 ἔσομαι
946 4531 1191 4592 κολάζων
1224 4533 1315 4583 καὶ
1351 4515 1424 4599 μη
1456 4532 1804 4604 βουλόμενος,
1845 4508 1889 4564 D

245 4617 363 4680 εἴγε
385 4615 538 4678 ὑμεῖς
562 4617 638 4686 τῷ
670 4619 741 4687 μὴ
766 4620 1048 4673 πείθεσθαι
1080 4621 1345 4677 λυποῦσαί
1375 4641 1438 4692 με
1476 4628 1610 4693 προς
1634 4629 1806 4698 ὀργὴν

244 4707 556 4774 ὲξαγάγητε
585 4725 596 4736 ·
648 4714 740 4762 καὶ
775 4714 919 4772 τότε,
954 4714 1053 4779 φεῦ
1082 4716 1093 4767 l
1130 4717 1411 4769 ἀπολεῖσθε
1453 4735 1640 4781 κακῶς
1683 4722 1810 4773 ὅταν

244 4802 359 4852 ἔδει
399 4801 596 4868 μᾶλλον
630 4802 772 4869 ὑμᾶς
819 4805 1054 4873 χαίρειν,
1088 4809 1406 4877 εὐπραγεῖν,
1444 4811 1676 4864 πλούτου
1721 4813 1813 4864 καὶ

243 4893 404 4960 δόξης
441 4895 531 4945 καὶ
562 4893 842 4966 βασιλικῆς
867 4898 1160 4950 ἀπολαύειν
1197 4901 1502 4968 εὐμενείας,
1538 4904 1714 4956 αὐτῶν
1755 4921 1812 4956 τε

242 4985 357 5036 τῶν
398 4986 577 5037 καλῶν
611 4986 702 5038 τοῦ
735 4991 926 5058 καιροῦ
956 4994 1048 5044 καλ⁵
1070 4994 1167 5060 τῆς
1195 4993 1408 5060 ἡλικίας
1437 4999 1809 5065 κατατρυφᾷν.

259 5075 425 5128 Ἀλλὰ
457 5079 626 5129 ταῦτα
659 5079 754 5147 μὲν
781 5082 806 5131 ὁ
833 5081 1088 5146 δικάζων.

323 5165 413 5228 ς’.
449 5162 511 5219 Ᾱί
555 5169 610 5220 δὲ
642 5169 913 5235 παρθένοι,
945 5174 1011 5224 τα
1043 5174 1144 5242 τῆς
1181 5175 1379 5243 Σοφίας
1415 5176 1768 5246 βλαστήματα
1797 5194 1810 5208 ⁶

256 5259 474 5326 Ἡμεῖς,
501 5261 669 5323 εἷπον,
699 5263 821 5315 οὔτε
853 5263 957 5316 τῶν
991 5268 1328 5334 ἐπαγγελιῶν
1361 5286 1451 5320 σου
1482 5269 1702 5331 τούτων,
1743 5271 1818 5333 ὡς

1795 5312 1815 5333 Ὁ

251 5354 509 5423 εἴρηκας,
548 5357 834 5423 ἐφιέμεθα,
861 5357 980 5409 οὗτε
1025 5359 1134 5410 τῶν
1168 5361 1402 5414 ἀπειλῶν
1439 5363 1530 5414 καὶ
1565 5361 1812 5429 βασάνων

249 5444 662 5511 ἐπιτρεφόμεθα
691 5464 704 5478 ο
749 5449 1036 5518 ἀφθάρτων
1066 5450 1173 5520 γὰρ
1208 5454 1418 5520 ἐρῶμεν
1449 5455 1686 5519 ἀγαθῶν,
1722 5456 1816 5507 καὶ

250 5533 531 5602 ἀφθάρτου
558 5534 841 5603 Νυμφίου,
865 5540 970 5590 τῶν
995 5542 1350 5611 ἀνθρωπίνων
1383 5546 1598 5599 πάντων
1650 5564 1817 5598 κατα-

251 5623 618 5692 φρονήσασαι.
661 5625 780 5678 ’Ὁτι
813 5625 868 5680 δὲ
900 5626 995 5697 τὴν
1027 5630 1235 5699 μητέρα
1268 5632 1513 5686 κολάσειν
1552 5634 1814 5702 ἀπειλεῖς,

361 5803 379 5829 ²
416 5798 601 5854 Matth.
642 5817 693 5863 χ,
734 5805 820 5856 49.

1910 3248 2582 3315 considerassetquidnam
2607 3257 2921 3301 tenerarum
2945 3248 3480 3301 adolescentularum

1912 3341 2147 3392 animum
2168 3341 2400 3394 maxime
2429 3341 2708 3394 remittere
2741 3349 2798 3394 et
2838 3340 3080 3393 emollire
3145 3348 3344 3408 posset,
3392 3353 3483 3391 eas

1913 3432 2094 3485 multis
2114 3448 2399 3502 aggressus
2418 3444 2499 3488 est
2527 3433 2836 3498 blanditiis;
2868 3442 2922 3488 ct
2953 3451 2966 3485 :
2988 3433 3121 3488 Cum
3143 3431 3374 3490 videam,
3398 3431 3482 3482 in-

1911 3523 2046 3590 quit,
2062 3539 2093 3576 ο
2114 3525 2323 3590 puellae,
2343 3532 2569 3578 vestram
2591 3523 3066 3592 pulchritudinem,
3091 3531 3142 3575 et
3161 3536 3278 3589 qua
3298 3535 3358 3574 ex
3383 3518 3486 3572 hac

1913 3614 2084 3667 forma
2099 3615 2289 3676 emutt,
2314 3617 2668 3684 voluptatem,
2700 3631 2806 3668 non
2839 3613 3090 3667 existimo
3125 3627 3221 3666 vos
3257 3627 3325 3664 ex
3384 3611 3488 3663 hu-

1913 3723 2067 3762 mana
2089 3708 2415 3777 processisse
2437 3717 2649 3771 natura,
2671 3709 2764 3762 sed
2783 3724 2813 3762 e
2849 3706 3116 3761 diviniore
3156 3705 3332 3772 aliqua
3363 3717 3483 3756 esse

1914 3801 2104 3860 editas,
2122 3800 2186 3853 ad
2205 3815 2391 3853 eorum
2414 3799 2505 3868 qui
2531 3814 2627 3853 vos
2650 3809 2904 3860 cernunt,
2923 3796 3356 3852 admirationem.
3419 3793 3486 3849 Et

1915 3892 2036 3945 ideo
2062 3891 2112 3942 in
2136 3906 2230 3944 vos
2255 3902 2535 3960 paternam
2559 3892 2850 3946 ostendens
2873 3889 3327 3950 benevolentiam,
3352 3901 3483 3956 rogo

1915 3998 2030 4048 vos,
2050 3982 2400 4049 charissimee,
2443 3998 2510 4036 ne
2536 3984 2734 4036 amanti
2760 3985 2894 4052 patri
2925 3984 3102 4036 velitis
3120 3983 3342 4035 omnino
3365 3995 3485 4034 esse

1916 4077 2314 4130 inobedientcs:
2349 4077 2439 4128 sed
2468 4078 2698 4144 primum
2730 4078 2944 4144 quidem
3008 4075 3239 4143 cogitate
3280 4089 3383 4141 qua
3415 4073 3484 4125 sit

1915 4175 2072 4220 aetate
2123 4175 2293 4219 mater
2337 4177 2533 4230 vestra,
2571 4168 2727 4235 cujus
2767 4182 2989 4220 necesse
3038 4177 3120 4219 est
3187 4165 3485 4235 ﬂagellatur

1916 4263 2188 4320 senectus,
2213 4257 2257 4310 si
2275 4272 2369 4312 vos
2388 4274 2495 4311 non
2526 4258 2833 4325 parueritis.
2859 4257 3056 4311 Deinde
3075 4257 3257 4311 animo
3274 4265 3486 4310 versate

1919 4359 2151 4404 vestram
2201 4359 2436 4402 teneram
2464 4349 2905 4412 :ctatem,florem
2969 4349 3397 4416 pulchritudinis
3431 4359 3485 4402 et

1919 4441 2177 4509 speciem,
2194 4455 2310 4509 quae
2329 4455 2435 4493 non
2456 4440 2827 4509 potestverbis
2849 4439 3076 4508 exprimi
3101 4459 3110 4492 :
3133 4455 3295 4508 quam
3318 4451 3487 4509 quan-

1919 4542 2028 4586 tum
2065 4533 2324 4594 admiror,
2355 4543 2561 4586 tantum
2587 4534 2801 4601 puniam
2823 4532 2983 4584 etiam
3026 4534 3246 4595 invitus,
3297 4533 3340 4586 si
3393 4548 3486 4597 vos

1918 4641 2023 4678 non
2045 4623 2278 4692 parendo
2299 4626 2598 4678 molestiam
2618 4624 2927 4684 afferentes,
2949 4638 3032 4675 me
3055 4621 3118 4675 ad
3138 4623 3267 4675 iram
3294 4638 3487 4692 provo-

1919 4716 2185 4770 caveritis.
2212 4717 2275 4769 Et
2294 4727 2439 4777 tunc,
2467 4715 2597 4783 proh
2618 4715 2768 4769 dolor
2793 4715 2804 4768 !
2834 4715 2972 4769 male
2989 4715 3247 4785 peribitis,
3272 4717 3486 4784 quando

1921 4823 2017 4861 vos
2043 4807 2269 4859 maxime
2302 4815 2581 4875 oporteret
2605 4807 2863 4875 gaudere,
2896 4805 3081 4859 felices
3097 4822 3236 4870 esse,
3261 4807 3487 4866 divitiis.

1924 4913 1977 4957 et
2009 4899 2193 4968 gloria,
2229 4907 2283 4951 ct
2313 4896 2656 4966 imperatoria
2687 4895 2789 4949 frui
2819 4896 3221 4957 benevolentia,
3247 4895 3487 4963 ipsisque

1925 4991 2184 5058 temporis
2226 4999 2282 5043 et
2310 4990 2486 5043 aetatis
2516 5005 2610 5043 vos
2645 4989 2863 5058 explere
2921 4988 3149 5043 deliciis.
3209 4987 3315 5041 Sed
3371 4987 3488 5040 lucc

1923 5073 2135 5152 quidem
2183 5081 2364 5148 iudex.

1997 5171 2084 5224 V'l.
2129 5173 2386 5226 Dixerunt
2430 5183 2611 5227 autem
2651 5172 2904 5239 virgines,
2947 5173 3161 5239 Sophim
3209 5171 3483 5240 germina:

1927 5262 2033 5318 Nos
2061 5278 2236 5331 neque
2266 5263 2671 5332 promissa,qu:e
2703 5271 2757 5315 tu
2786 5263 2964 5316 dixisti
2997 5265 3268 5331 cupimus,
3309 5277 3488 5330 neque

1921 5355 2118 5418 minas,
2189 5372 2289 5409 nec
2347 5363 2612 5407 tormenta
2667 5369 2941 5407 curamus.
3001 5355 3259 5408 Amamus
3342 5355 3484 5406 enim

1922 5449 2084 5510 bona,
2115 5448 2165 5499 iu
2210 5461 2316 5512 quo
2346 5460 2453 5498 non
2495 5445 2637 5498 cadit
2665 5445 2937 5509 interitus,
2988 5456 3042 5498 et
3072 5445 3363 5512 Sponsum.
3395 5442 3486 5510 qui

1924 5554 2030 5591 non
2076 5537 2235 5605 perit,
2298 5536 2534 5588 humana
2599 5535 2778 5590 omnia
2839 5544 3272 5588 contemnentes.
3332 5535 3484 5597 Quod

1923 5637 2101 5684 autem
2151 5627 2372 5681 minaris
2409 5635 2635 5682 matrem
2669 5635 2719 5680 te
2775 5641 2895 5682 esse
2967 5625 3148 5695 ﬂagris
3192 5638 3484 5689 caesurum,
