4226 6436
738 374 840 437 503

745 499 1000 554 tanquam
1041 486 1141 540 hoc
1198 489 1357 541 modo
1398 505 1498 545 nos
1550 491 1836 543 territurus
1900 497 2120 557 propter
2170 495 2326 538 natu-
2359 487 2400 546 Α

749 580 912 636 ralem
960 579 1102 633 inter
1146 595 1245 636 nos
1287 581 1515 636 invicem
1570 582 2010 643 consensionem,
2055 579 2234 633 nescis
2273 587 2323 630 te

746 673 907 729 nobis
966 680 1019 726 et
1082 671 1158 726 illi
1209 677 1536 728 annuntiare
1586 675 1852 729 bonorum
1907 672 2319 743 perfectionem.

745 763 891 827 Quid
962 763 1108 816 enim
1185 763 1518 818 Christianis
1582 775 1757 833 potest
1832 780 1954 820 esse
2005 761 2322 831 jucundius,

749 869 911 924 quam
966 854 1074 924 pati
1126 869 1222 924 pro
1272 854 1528 909 Christo?
1578 856 1801 910 Etiamsi
1844 872 1952 913 non
1999 856 2327 910 haberemus

752 946 906 1009 tales,
957 959 1078 1014 quae
1122 943 1436 1013 sperantur,
1477 949 1964 1011 remunerationes,
2013 963 2173 1016 quam
2220 960 2324 996 non

747 1040 934 1110 gloriae
979 1039 1350 1106 praestantiam
1406 1051 1640 1110 superat,
1685 1042 1794 1110 pati
1839 1055 1933 1108 pro
1980 1054 2044 1092 eo
2089 1037 2180 1106 qui
2230 1050 2328 1089 nos

750 1133 1034 1188 formavit?
1063 1133 1288 1198 Quando
1337 1143 1515 1188 autem
1571 1135 1724 1188 nobis
1762 1135 1923 1187 etiam
1965 1141 2208 1201 paratum
2247 1138 2328 1184 est

751 1241 978 1297 regnum
1032 1226 1314 1282 malorum.
1369 1234 1422 1279 et
1472 1225 1692 1287 divitiae,
1738 1225 1790 1276 in
1841 1238 1974 1292 quas
2034 1238 2139 1276 non
2187 1220 2326 1273 cadit

748 1318 1025 1383 interitus,
1078 1329 1128 1373 et
1175 1319 1453 1388 perceptio
1503 1318 1769 1374 bonorum
1832 1330 2183 1375 :eternorum.
2236 1331 2329 1368 c0-

747 1409 868 1462 nari
903 1423 1003 1461 nos
1055 1409 1339 1462 traducere
1376 1423 1403 1460 a
1436 1420 1619 1462 nostra
1653 1407 1924 1461 sententia
1969 1404 2329 1475 promissione

748 1497 1044 1554 bonorum.
1077 1513 1195 1565 qu-«e
1226 1506 1355 1551 sunt
1381 1499 1444 1551 ad
1493 1508 1727 1567 tempus,
1755 1507 1834 1554 est
1865 1504 2050 1566 aperta
2097 1495 2324 1548 insania.

750 1589 831 1644 Ne
866 1587 1070 1642 fallaris
1099 1604 1250 1658 ergo.
1295 1589 1482 1658 judex.
1521 1587 1703 1656 Neque
1731 1589 1871 1641 enim
1904 1594 2190 1641 assentans
2222 1595 2333 1638 tra-

753 1681 871 1744 hes,
901 1696 1075 1750 neque
1122 1681 1353 1749 puniens
1385 1696 1482 1732 nos
1527 1689 1812 1734 convertes
1848 1698 1859 1732 :
1904 1679 1995 1732 sed
2042 1686 2171 1730 tunc
2215 1692 2329 1728 ma-

747 1775 924 1837 jorem
974 1772 1168 1825 afferes
1213 1773 1544 1836 molestiam,
1591 1773 1632 1826 si
1687 1785 1914 1840 parcens
1969 1770 2114 1831 huic,
2170 1783 2329 1838 quam

755 1871 810 1915 tu
848 1862 1186 1928 magnifacis,
1221 1863 1490 1931 juvenluti
1539 1875 1594 1916 et
1628 1860 2045 1931 pulchritudini,
2092 1875 2200 1912 non
2256 1859 2330 1913 sis

749 1970 941 2026 graves
969 1954 1214 2009 illaturus
1248 1957 1541 2010 cruciatus.
1584 1954 1693 2007 Nos
1723 1955 1865 2007 enim
1902 1952 2101 2008 damno
2132 1953 2332 2007 atlicies

756 2046 1022 2114 majorum
1081 2044 1351 2099 bonorum
1390 2044 1872 2100 remunerationis.
1912 2044 2200 2113 Postquam
2235 2059 2332 2097 au-

755 2136 890 2190 divit
925 2135 1091 2205 judex
1136 2136 1274 2190 hanc
1338 2135 1544 2190 firmam
1579 2145 1633 2190 et
1673 2144 2014 2191 constantem
2053 2134 2330 2189 defensio-

756 2246 879 2284 nem
911 2230 1095 2285 statuit
1139 2245 1233 2285 eas
1265 2244 1515 2299 separare
1547 2245 1576 2283 a
1605 2245 1662 2283 se
1710 2229 1964 2291 invicem,
2008 2239 2061 2281 et
2094 2229 2332 2299 singula-

757 2325 851 2375 tim
900 2336 992 2376 cas
1039 2322 1308 2376 adducere
1339 2323 1404 2373 ad
1446 2320 1924 2387 examinationem,
1961 2330 2017 2373 ut
2064 2319 2142 2373 sic
2195 2335 2330 2388 quo-

753 2431 859 2484 que
891 2429 983 2468 eas
1029 2414 1234 2483 majore
1268 2411 1512 2468 alliceret
1563 2412 1828 2473 molestia,
1868 2420 1924 2465 ut
1962 2412 2038 2465 eis
2091 2422 2335 2465 uteretur

756 2507 1223 2563 imbecillioribus.
1267 2507 1401 2561 Cum
1432 2515 1613 2560 autem
1647 2505 2038 2574 interrogasset
2068 2505 2133 2559 de
2179 2512 2334 2559 aetate

754 2613 809 2656 et
837 2601 1150 2656 nominibus
1176 2599 1626 2669 uniuscujusque,
1657 2608 1711 2654 et
1742 2613 1771 2653 a
1806 2606 1980 2654 matre
2012 2598 2330 2668 accepisset,

759 2711 921 2751 unam
955 2694 1174 2765 quidem
1215 2693 1394 2750 vocari
1423 2693 1634 2759 Fidem,
1676 2703 1732 2747 et
1766 2694 1875 2762 jam
1929 2707 2087 2762 agere
2129 2706 2332 2745 annum

756 2789 1070 2853 duodecim;
1107 2788 1329 2842 alteram
1361 2795 1541 2840 autem
1572 2785 1786 2840 duobus
1817 2784 1975 2837 annis
2010 2799 2128 2839 esse
2157 2784 2335 2853 priore

759 2880 1050 2944 minorem,
1097 2894 1218 2945 qua:
1251 2887 1477 2934 vocatur
1514 2876 1681 2945 Spes;
1734 2875 1949 2930 tertiam
2008 2886 2188 2930 autem
2237 2893 2335 2930 no-

759 2972 952 3026 minari
1029 2971 1246 3042 quidem
1330 2969 1682 3034 Cltaritatem,
1763 2983 1869 3022 uno
1937 2977 2118 3022 autem
2195 2983 2336 3022 anno

758 3081 880 3121 esse
932 3065 1174 3121 secunda
1229 3064 1541 3117 minorem:
1595 3059 1824 3130 primam
1879 3060 2042 3130 jussit
2103 3061 2336 3129 primum

759 3159 1010 3232 produci,
1048 3169 1103 3212 et
1134 3176 1146 3210 :
1186 3156 1466 3220 Saerifica,
1503 3155 1658 3217 dixit,
1697 3152 1894 3218 Dianaz,
1937 3171 1969 3208 ο
2019 3155 2332 3208 adolesten-
2364 3169 2407 3226 ρ

763 3253 872 3308 tula
919 3269 932 3306 :
972 3266 1079 3306 non
1124 3251 1228 3305 hoc
1281 3249 1376 3303 tibi
1414 3263 1616 3301 novum
1668 3247 2016 3317 imperamus,
2066 3245 2158 3300 sed
2195 3247 2336 3316 quod

762 3362 793 3401 τι
827 3342 980 3397 nobis
1022 3355 1236 3411 quoque
1280 3341 1338 3394 fit
1370 3338 1599 3408 jamdiu.

842 3435 951 3490 Vll.
987 3435 1076 3487 Illa
1110 3443 1290 3487 atttem
1326 3442 1580 3499 tanquam
1611 3446 1676 3484 eo
1707 3429 1822 3500 ipso
1869 3430 2025 3484 vellet
2053 3427 2338 3485 ostendere

765 3542 864 3584 eos
891 3528 1089 3581 frustra
1125 3525 1270 3596 ipsas
1304 3537 1609 3594 separasse,
1646 3523 1887 3576 volentes
1912 3538 1976 3574 ex
2012 3521 2180 3575 tribus
2212 3536 2342 3574 con-

770 3630 969 3677 textam
1033 3617 1404 3673 cornutiuurre
1464 3624 1731 3676 catenam,
1794 3623 1848 3668 ut
1899 3611 1988 3683 qui
2031 3612 2342 3683 ignorarent

766 3729 888 3767 esse
925 3713 971 3764 ei
1029 3727 1091 3764 ex
1149 3712 1256 3764 alto
1313 3710 1592 3764 audaciam
1643 3717 1694 3760 et
1736 3706 2059 3770 doctrinam,
2111 3722 2340 3770 quonam

769 3805 975 3865 scilicet
1050 3805 1207 3858 modo
1267 3810 1515 3872 oporteat
1581 3799 1911 3869 respondere
1949 3817 1958 3850 :
1996 3799 2035 3849 0
2090 3805 2340 3860 vestram,

769 3899 1001 3961 dicebat,
1043 3915 1165 3965 qua:
1199 3897 1249 3948 in
1285 3895 1611 3964 profundum
1653 3908 1820 3960 usque
1872 3900 2137 3958 penetrat,
2189 3890 2341 3943 caeci-

773 4003 957 4050 tatem,
1017 3989 1106 4058 qui
1169 3995 1274 4040 tam
1346 3987 1540 4040 misere
1591 3982 1955 4041 mentientes,
2029 3981 2147 4034 allis
2183 3981 2343 4033 etiam

772 4081 936 4136 vultis
968 4095 1086 4134 esse
1130 4078 1228 4131 via:
1266 4077 1430 4130 duces
1466 4093 1481 4130 :
1512 4087 1565 4130 et
1597 4090 1785 4145 cogere
1821 4073 2004 4136 vultis,
2046 4080 2103 4125 ut
2154 4086 2346 4139 proce-

771 4178 961 4230 damus
995 4173 1274 4227 vobiscum
1305 4169 1370 4224 ad
1401 4170 1646 4224 eamdem
1677 4167 1817 4221 viam
1862 4164 2148 4219 interitus!
2188 4163 2348 4229 Quis-

776 4284 899 4323 nam
941 4280 1121 4321 autetn
1160 4267 1344 4328 homo,
1382 4264 1424 4315 si
1457 4261 1649 4328 sapiat,
1701 4256 2121 4329 persuadebitur
2149 4271 2178 4308 a
2221 4271 2349 4308 vero

775 4361 994 4430 quidem
1042 4357 1151 4411 Deo
1192 4354 1464 4415 recedere,
1499 4353 1655 4418 cujus
1704 4365 1961 4402 manuum
2015 4361 2177 4416 opera
2225 4353 2352 4397 sunt

777 4453 896 4507 cteti
933 4462 986 4505 et
1031 4460 1192 4515 terra,
1233 4458 1287 4502 et
1315 4446 1492 4500 omnia
1527 4459 1643 4513 qua:
1674 4451 1800 4496 sunt
1831 4443 1884 4493 in
1915 4440 1993 4494 eis
2030 4457 2042 4492 :
2074 4437 2140 4493 ad
2187 4453 2349 4507 Opera

2364 1831 2405 1888 Β

1990 367 2274 433 MENSIS
2318 373 2466 434 AUC
2484 372 2746 433 US’l'US.

2430 488 2502 548 ὡς
2535 487 2611 557 τῷ
2646 489 2831 556 τρόπῳ
2863 486 3034 554 τούτῳ
3066 485 3318 552 ιέοὸήσων
3351 482 3493 550 ἡμᾶς
3528 474 3614 531 διά
3643 475 3738 545 τῆν
3768 473 4001 542 ᾆυῦικὴν

2429 581 2562 647 πριις
2593 579 2826 648 ἀλλήλας
2853 579 3219 647 συμπάθειαν,
3252 573 3482 641 λέληθας
3517 572 3648 640 ἡμῖν
3688 586 3744 620 τε
3777 566 4005 633 κάκείνῃ

2428 667 2525 735 τὴν
2589 669 2897 738 τελειότητα
2945 669 3053 719 τῶν
3104 665 3324 733 ἀγαθῶν
3377 661 3890 727 εὐαγγελιζόμενος.
3944 657 4008 707 Ti

2430 762 2535 830 γάρ
2560 761 2822 830 ἠδύτερον
2852 762 3197 831 Χριστιανοῖς
3224 757 3313 809 τοῦ
3343 756 3484 823 ὑπὲρ
3513 751 3752 823 XPW'W3
3783 750 4000 811 παθεῖνῖ

2432 853 2540 906 Καὶ
2569 855 2616 904 εί
2655 853 2731 922 μὴ
2760 851 3018 913 τοιαύτας
3052 847 3412 917 ἐλπιζομένας
3442 846 3665 914 εἴχομεν
3682 841 4004 901 ἀντιδόσεις,

2430 947 2543 999 ἀλλ’
2577 946 2708 1000 αὑτό
2738 963 2800 1012 γε
2854 945 2912 997 τὸ
2945 945 3171 1011 πάσχειν
3222 941 3361 1008 ὑπὲρ
3409 938 3501 991 τοῦ
3550 936 3857 992 πλάσαντος
3895 931 4008 982 τίνα

2428 1037 2584 1105 ὁὺξης
2617 1036 2925 1107 ὑπερϐολὴν
2956 1032 3276 1088 καταλείπει
3301 1047 3315 1095 ;
3343 1031 3514 1082 Ὅταν
3548 1028 3605 1080 δὲ
3633 1026 3726 1078 καὶ
3761 1023 4008 1092 οὐρανῶν

2430 1129 2563 1198 ἡμῖν
2591 1128 2947 1199 ἓτοιμάζηται
2989 1126 3258 1196 βασιλεία,
3295 1123 3391 1174 καὶ
3433 1121 3660 1179 πλοῦτος
3700 1116 4005 1183 ἄφθαρτος,

2431 1218 2522 1270 καὶ
2550 1216 2783 1269 αἰωνίων
2810 1216 3108 1276 ἀπόλαυσις
3138 1210 3378 1279 ἀγαθῶν,
3405 1207 3464 1260 τὸ
3491 1205 3847 1276 μεταπείσειν
3873 1204 4004 1263 ὅλως

2432 1304 2726 1373 ἐπιχειρεῖν
2769 1301 2990 1370 ἀγαθῶν
3035 1300 3390 1371 προσκαίρων
3423 1294 3803 1363 ἐπαγγελίαις,
3831 1293 4014 1361 μωρία

2433 1397 2627 1465 σλφής·
2663 1395 2753 1464 Μὴ
2783 1395 2961 1447 τοίνυν
3001 1393 3215 1456 ἀπατῶ,
3237 1390 3468 1444 δικαστά
3493 1404 3506 1417 ⁸
3540 1385 3662 1438 οὔτε
3700 1388 3809 1453 γάρ
3847 1382 4012 1434 κολα-

2433 1485 2608 1538 κεύων
2655 1483 2926 1546 ἐλκύσεις,
2973 1481 3095 1535 οὔτε
3131 1479 3373 1542 κολάζων
3429 1474 3792 1547 μετατρέψεις
3825 1472 4012 1540 ἡμᾶς’

2432 1575 2568 1628 ἀλλὰ
2610 1575 2730 1627 τότε
2769 1574 2969 1645 μᾶλλον
3015 1572 3278 1635 ἀνιάσεις,
3324 1572 3441 1637 εῖγε
3495 1567 3813 1634 φειδόμενος
3856 1563 4018 1631 ἡμῶν

2431 1667 2530 1736 τῆς
2570 1667 2712 1736 μέγα
2765 1665 2916 1736 παρὰ
2962 1665 3046 1717 σοὶ
3097 1663 3300 1732 ταύτης
3345 1658 3714 1731 νομιζομένης
3751 1656 4012 1725 νεότητος

2434 1763 2529 1812 καί
2579 1759 2679 1830 τῆς
2724 1757 2892 1829 ὥρας,
2935 1758 2996 1811 οὐ
3034 1756 3276 1826 χαλεπὰς
3310 1753 3533 1819 ἐπάξεις
3575 1753 3672 1812 τάς
3721 1748 3974 1809 κολάσεις
4003 1762 4014 1774 ·

2437 1853 2738 1924 ζημιώσεις
2777 1851 2885 1922 γὰρ
2923 1852 3146 1909 πάντως
3187 1849 3298 1900 τῶν
3347 1846 3609 1916 μειζόνων
3659 1840 3888 1910 ἀγαθῶν
3923 1839 4021 1905 τὴν

2438 1944 2735 1998 ἀντίδοσιν.
2778 1942 2995 2012 Ταύτην
3047 1941 3122 2004 ὡς
3169 1942 3366 2011 ἢκουσε
3403 1940 3501 2002 τὴν
3542 1937 3706 2002 ἀτενῆ
3755 1933 3854 1987 καὶ
3885 1932 4024 1984 ἀπό-

2437 2055 2587 2090 τονον
2621 2038 2648 2090 ὁ
2679 2036 2915 2100 δικάζων
2948 2035 3271 2101 ἀπολογίαν,
3307 2032 3447 2101 ἔγνω
3480 2031 3674 2083 διελεῖν
3710 2027 3884 2087 αὐτάς
3922 2023 4024 2077 ἀπ’

2436 2130 2701 2198 ἀλλήλων,
2749 2130 2844 2181 καὶ
2895 2127 3037 2179 κατά
3087 2127 3219 2187 μίαν
3276 2125 3518 2192 εἰσάγειν
3564 2119 3697 2189 πρὸς
3727 2121 3828 2188 τὴν
3881 2115 4023 2184 ἐρώ-

2435 2221 2625 2290 τησινζ,
2665 2221 2750 2272 ἵνα
2780 2219 2871 2272 καὶ
2923 2218 3123 2288 μᾶλλον
3153 2216 3294 2270 οὕτω
3336 2217 3578 2286 λυπήσῃ,
3616 2213 3710 2264 καὶ
3741 2210 3814 2271 ὼς
3852 2208 4025 2260 ἀσθε-

2438 2313 2718 2382 νεστέραις
2778 2312 3070 2380 χρήσαιτο.
3143 2309 3458 2378 Ἐρωτήσας
3503 2306 3559 2358 δὲ
3605 2305 3700 2356 καὶ
3735 2301 3866 2373 περὶ
3919 2299 4026 2366 τῆς

2435 2404 2652 2474 ἡλικίας
2702 2403 2937 2470 ἑκάστης
2985 2401 3081 2454 καὶ
3140 2399 3271 2470 περὶ
3299 2398 3408 2451 τῶν
3434 2398 3734 2467 ὀνομάτων,
3782 2392 3881 2446 καὶ
3908 2390 4022 2444 ὑπὸ

2436 2499 2536 2564 τῆς
2583 2495 2994 2565 γεννησαμένης
3033 2492 3241 2562 μαθὼν,
3282 2490 3378 2562 τὴν
3435 2489 3534 2560 μὲν
3586 2489 3774 2539 Πίστιν
3813 2503 3874 2538 τε
3916 2502 4023 2538 κα-

2436 2588 2646 2643 λεῖσθαι
2685 2589 2779 2640 καὶ
2813 2588 2915 2657 ἤδη
2945 2586 3247 2648 δωδέκατον
3283 2583 3403 2645 ἔτος
3429 2582 3642 2636 ἀνύειν·
3674 2579 3773 2647 τὴν
3806 2577 3865 2629 δὲ
3900 2575 3960 2628 δυ
3975 2577 4027 2626 σὶ

2441 2681 2656 2754 χρόνοις
2689 2680 3087 2747 λείπεσθαιτῆς
3115 2676 3392 2747 προτέρας
3414 2669 3481 2744 ἦς
3506 2674 3538 2740 ἠ
3570 2671 3760 2739 κλῆσις
3792 2667 3982 2726 Ἐλπίς
4006 2704 4017 2716 .

2437 2778 2536 2847 τὴν
2566 2776 2621 2828 δὲ
2651 2775 2844 2846 τρίτην
2879 2773 3132 2841 Ἀγάπην
3171 2770 3268 2840 μὲν
3297 2764 3682 2834 ὀνομάζεσθαι,
3718 2760 3802 2814 ὲνὶ
3834 2759 3894 2811 δὲ
3923 2761 4026 2824 τῆς

2437 2873 2698 2942 δευτέρας
2749 2871 2994 2939 ὑστερεῖν
3036 2867 3144 2920 ἔτει
3182 2867 3283 2934 τὴν
3327 2861 3550 2934 πρώτην
3584 2856 4026 2929 παραντησάμε-

2441 2983 2530 3028 νος
2551 2982 2563 2995 ·
2597 2963 2791 3026 Θῦσον,
2820 2955 2866 3015 ὦ
2901 2962 3101 3024 νεανὶς,
3149 2959 3326 3026 ἔλεγε,
3354 2961 3421 3026 τῇ
3458 2952 3736 3025 Ἀρτέμιδι
3763 2969 3777 2983 ’
3804 2951 3865 3004 οὐ
3901 2962 4029 3002 και-

2441 3059 2532 3110 νόν
2582 3072 2662 3107 σοι
2687 3051 2842 3106 τοῦτο
2865 3050 3276 3122 προστάττομεν
3303 3047 3364 3101 τὸ
3387 3046 3691 3115 ἐπίταγμα,
3727 3041 3843 3098 ἀλλ’
3886 3042 4028 3109 ὅπερ

2443 3148 2509 3199 ἐκ
2536 3143 2732 3198 πολλοῦ
2766 3142 2870 3213 ἤδη
2923 3140 3015 3195 καὶ
3046 3139 3173 3211 παρ’
3205 3137 3361 3209 ἡμῶν
3393 3135 3624 3204 γίνεται.

2514 3413 2585 3464 Z'.
2636 3407 2698 3461 Ἡ
2732 3405 2789 3461 δὲ
2821 3405 3008 3477 ὥσπερ
3040 3402 3268 3458 αὐτόθεν
3305 3396 3680 3463 ὲπ.δείξασθαι
3712 3392 4019 3464 βουλομένη

2444 3505 2525 3557 ὅτι
2561 3503 2652 3555 ἐπὶ
2683 3501 2900 3572 ματαίῳ
2935 3499 3033 3570 τὴν
3061 3496 3329 3566 διαίρεσιν
3353 3485 3537 3547 autin:
3567 3491 3898 3560 ἐποιήσαντο
3928 3486 4030 3555 τὴν

2445 3600 2507 3648 ὲκ
2549 3592 2718 3664 τριῶν
2773 3591 2959 3660 σειρὰν
3012 3589 3274 3641 λεπτῦναι
3318 3584 3651 3653 βουλόμενοι,
3704 3579 4033 3648 ἀγνοοῦντες

2445 3692 2525 3742 ὅτι
2561 3686 2769 3742 ἀνωθεν
2814 3684 2875 3738 τὸ
2927 3682 3126 3755 θάρσος
3175 3680 3390 3740 αὐταῖς,
3441 3675 3535 3727 καὶ
3585 3672 3748 3743 ἡτοῦ
3799 3672 3918 3733 πῶς
3951 3672 4034 3721 δεῖ

2447 3781 2838 3848 ἀπολογεῖσθαι
2886 3773 3245 3829 διδασκαλία*
3284 3772 3348 3821 Ὢ
3396 3769 3495 3837 τῆς
3543 3768 3622 3829 εἰς
3681 3763 3848 3833 βάθος
3877 3762 4034 3832 ὑμῶν

2447 3871 2829 3942 διικνουμένης
2887 3866 3222 3939 πωρώσεως,
3265 3861 3486 3930 ἔλεγενο
3531 3860 3580 3912 οῖ
3639 3857 3846 3919 ἀθλίως
3889 3855 4036 3908 οῦτω

2449 3966 2877 4035 τυφλώττοντες,
2941 3961 3036 4014 καὶ
3089 3961 3299 4030 ἑτέροις
3346 3950 3486 4008 εἶναι
3528 3953 3711 4018 ὁδηγοὶ
3749 3949 4035 4018 βούλεσθεν

2454 4062 2544 4109 καὶ
2579 4058 2711 4127 πρὸς
2749 4056 2846 4124 τὴν
2891 4051 3061 4122 αὐτὴν
3111 4050 3242 4119 ὑμῖν
3300 4047 3550 4117 χωρῆσαι
3600 4043 3699 4113 τῆς
3756 4041 4039 4101 ἀπωλείας

2453 4155 2567 4205 ὁδὸν
2625 4146 2989 4217 ἀναγκάζετε.
3052 4143 3149 4206 Τίς
3204 4143 3251 4196 δ’
3298 4142 3364 4196 ἂν
3403 4137 3686 4209 εὐφρονῶν
3741 4133 4039 4205 ἄνθρωπος

2457 4242 2706 4312 πεισθείη
2768 4237 3076 4306 ἀποστῆναι
3133 4235 3231 4304 μὲν
3292 4232 3381 4284 τοῦ
3437 4227 3692 4299 ἀληθινοῦ
3760 4227 3937 4288 Θεοῦ,
3975 4221 4038 4278 οῦ

2456 4334 2594 4401 ἔργα
2652 4329 2848 4400 χειρῶν
2910 4324 3136 4397 οὐρανὸς
3192 4322 3288 4375 καὶ
3347 4322 3415 4389 γῆ
3476 4317 3570 4370 καὶ
3617 4317 3682 4369 τά
3731 4317 3788 4367 ὲν
3847 4315 4042 4375 αὐτοῖς

2459 4428 2713 4485 ᾶπαντα,
2763 4419 2946 4488 ἔργοις
2992 4417 3048 4470 δὲ
3106 4412 3307 4485 χειρῶν
3365 4410 3726 4480 ἀνθρωπίνων
3760 4406 3835 4470 ὡς
3892 4407 4045 4469 θεοῖς

779 4554 960 4602 autem
995 4555 1251 4605 manuum
1294 4539 1598 4598 hominum,
1644 4544 1894 4603 tanquam
1931 4533 1996 4587 ad
2037 4533 2165 4586 deos
2201 4544 2352 4585 acce-
2388 4533 2403 4586 l

2465 4514 2806 4589 προσελθεῖν,
2860 4512 2954 4565 καὶ
3007 4508 3187 4572 αὐτοῖς
3223 4509 3250 4559 ὁ
3301 4504 3420 4558 νοῦν
3458 4503 3593 4571 ἔχων
3634 4503 3884 4570 ἀνοήτοις
3914 4498 4046 4552 οὖσι

775 4641 925 4700 dere,
955 4647 1014 4689 et
1050 4632 1112 4688 iis
1155 4647 1273 4701 quae
1323 4638 1447 4683 sunt
1497 4626 1694 4681 mentis
1749 4627 2012 4695 expertia,
2057 4633 2111 4677 et
2157 4623 2349 4692 surda.

777 4730 938 4799 eliget
970 4725 1173 4780 cultum
1215 4721 1451 4775 offerre?
1478 4719 1661 4772 Fuerit
1710 4718 1812 4772 hoc
1854 4730 2099 4770 summus
2141 4724 2351 4782 stupor,

778 4830 832 4874 et
870 4830 975 4874 tam
1019 4831 1208 4871 eorum
1235 4813 1325 4883 qui
1363 4811 1574 4881 jubent,
1616 4825 1773 4877 quam
1806 4809 1895 4876 qui
1930 4817 2138 4876 parent,
2170 4822 2355 4860 amen—

786 4914 878 4966 tia.
913 4911 1017 4964 Fac
1063 4925 1192 4979 ergo
1243 4905 1384 4976 quod
1426 4903 1526 4966 vis,
1580 4912 1633 4956 et
1672 4900 1869 4970 quibus
1918 4900 2000 4951 vis
2058 4914 2155 4950 nos
2208 4899 2356 4950 trade

786 5005 960 5060 malis.
1007 5003 1193 5054 Melius
1237 5010 1319 5053 est
1362 4999 1504 5052 enim
1550 4997 1696 5064 prius
1741 4993 1848 5062 pati
1879 4991 2080 5053 omnia,
2111 4990 2237 5044 dum
2271 5004 2359 5041 sa-

785 5103 986 5170 pimus,
1039 5109 1200 5165 quam
1256 5089 1566 5161 persuaderi
1621 5100 1676 5142 ut
1739 5085 1859 5140 talia
1903 5085 2185 5138 faciamus.
2231 5081 2359 5147 Qute

786 5195 930 5245 dicta
990 5190 1225 5253 fuerant,
1284 5183 1492 5253 replent
1532 5182 1608 5234 ira
1659 5181 1931 5248 judicent;
1970 5186 2022 5229 et
2071 5191 2192 5228 cum
2249 5189 2359 5227 non

790 5294 976 5354 posset
1009 5285 1361 5350 persuadere,
1399 5276 1466 5330 ad
1513 5275 1617 5328 vim
1663 5272 1966 5327 faciendam
2013 5284 2069 5322 se
2106 5268 2357 5321 contulit.

786 5378 946 5431 lubet
980 5388 1108 5444 ergo
1131 5369 1178 5424 ci
1219 5369 1380 5423 adimi
1415 5375 1641 5427 vcstetn,
1675 5373 1728 5416 et
1758 5362 2007 5417 manibus
2054 5374 2193 5428 pone
2240 5359 2360 5412 vin-

792 5465 915 5526 ctis.
957 5480 1076 5517 eam
1111 5458 1278 5530 virgis
1315 5456 1585 5512 verberari
1623 5453 1982 5524 graviSsimis.
2016 5450 2150 5503 Cum
2182 5459 2361 5502 autem

791 5556 1128 5628 carperientia
1195 5551 1456 5620 majorem
1515 5546 1827 5604 ostenderet
1897 5543 2259 5598 constantiam
2311 5548 2362 5594 et

795 5649 1228 5705 vehementiores
1279 5642 1525 5714 spiritus,
1585 5651 1639 5694 et
1685 5643 1907 5706 martyr,
1967 5651 2072 5689 non
2128 5645 2183 5686 ut
2248 5648 2365 5701 qua:

797 5743 962 5811 virgis
1017 5738 1331 5798 caederetur,
1373 5734 1466 5790 sed
1525 5744 1582 5787 ut
1636 5746 1753 5801 quae
1812 5731 1944 5784 rosis
1995 5738 2358 5797 spargeretur,

801 5836 975 5908 potius
1005 5842 1146 5888 chet
1180 5828 1392 5894 affecta,
1431 5843 1494 5880 ne
1525 5826 1784 5883 vibicibus
1818 5821 2026 5891 quidem
2058 5822 2108 5874 in
2142 5835 2363 5886 cnt‘pnre

2461 4613 2549 4663 καὶ
2568 4610 2769 4676 κωφοῖς
2789 4604 3165 4675 προσαγαγεῖν
3185 4598 3472 4668 λατρείανς
3499 4593 3646 4663 δεινὴ
3674 4592 3832 4644 τοῦτο
3859 4608 4049 4660 παρα-

2460 4701 2682 4771 πληξία,
2714 4699 2881 4766 δεινὴ,
2917 4696 3012 4747 καὶ
3041 4692 3149 4744 τῶν
3183 4689 3546 4742 κελευὸύντων
3583 4685 3676 4736 καὶ
3713 4684 3822 4734 τῶν
3857 4682 4052 4734 πειθο-

2464 4798 2638 4864 μένων
2663 4794 2839 4846 avoca.
2871 4789 3086 4856 Πρᾶττε
3116 4780 3407 4853 τοιγαροῦν
3429 4779 3457 4832 ὃ
3489 4778 3693 4851 βούλειν
3724 4775 3817 4828 καὶ
3852 4769 3938 4837 Οἷς
3981 4778 4049 4829 ἂν

2463 4888 2641 4957 βούλει
2691 4881 2987 4950 παραδίδου
3039 4881 3255 4940 κακοῖς·
3297 4877 3510 4946 βέλτιον
3558 4876 3665 4940 γάρ
3699 4871 3881 4923 πάντα
3943 4889 4054 4922 πα-

2463 4977 2573 5029 θεῖν
2614 4978 2900 5045 προτερον,
2955 4971 3059 5033 ἕως
3106 4968 3165 5020 τὸ
3219 4968 3438 5035 φρονεῖν
3480 4963 3696 5032 ἔχομεν,
3734 4962 3764 5030 ἦ
3809 4962 4056 5015 τοιαῦτα

2463 5070 2659 5140 δρᾶσαι
2697 5068 3009 5134 πεισθῆναι.
3053 5059 3240 5129 Θυμοῦ
3281 5059 3348 5112 τά
3384 5057 3622 5128 ρηθέντα
3644 5052 3916 5124 πληροῦσι
3953 5055 4056 5106 τὸν

2465 5159 2724 5228 δικαστὴν
2763 5159 2854 5211 καὶ
2886 5156 2979 5207 τοῦ
3008 5155 3216 5205 πείθειν
3250 5153 3537 5222 ἀπορήσας
3570 5148 3768 5217 ἐχώρει
3812 5145 3961 5214 πρὸς
3995 5151 4060 5200 τὸ

2470 5254 2772 5325 βιάζεσθαι.
2811 5247 3035 5301 Κελεύει
3063 5247 3269 5317 ταύτης
3300 5243 3654 5314 ἀφαιρεῖσθαι
3683 5241 3782 5306 τὴν
3809 5237 4059 5310 ἐσθῆτα,

2468 5350 2560 5401 καὶ
2594 5350 2779 5417 χεῖρας
2819 5341 2994 5395 ὀπίσω
3026 5343 3273 5394 δεθεῖσάν
3326 5335 3544 5408 ῥάϐδοις
3580 5330 3907 5403 βαρυτάτοις
3948 5331 4058 5383 τύ-

2468 5438 2718 5490 πτεσθαι.
2751 5434 2904 5486 Ἐπεὶ
2939 5433 2993 5487 δὲ
3025 5433 3190 5484 πλέον
3220 5431 3252 5499 ἡ
3286 5430 3448 5499 πεῖρα
3467 5425 3528 5479 τὸ
3568 5422 3794 5492 στεῤῥὺν
3827 5419 4058 5473 ἐδείκνυ

2469 5533 2562 5585 τοῦ
2612 5530 2982 5599 φρονήματος,
3013 5525 3107 5578 καὶ
3151 5525 3183 5590 ἡ
3219 5523 3422 5592 μάρτυς
3449 5521 3525 5580 ὡς
3557 5516 3618 5568 οὗ
3649 5513 4056 5584 ραὁδιζομένη,

2474 5606 2607 5680 ἀλλὰ
2640 5624 2813 5695 ῥόδοις
2857 5620 3053 5690 μᾶλλον
3118 5614 3417 5684 βαλλομένη
3458 5609 3709 5671 διέκειτο,
3750 5621 3829 5673 μη
3863 5603 3887 5653 ὲ
3935 5622 4064 5671 μω-

2475 5720 2671 5771 ),ὡπων
2731 5714 2808 5784 τῷ
2866 5713 3079 5781 σώματι
3142 5707 3314 5774 αὐτῆς
3377 5698 3841 5772 ἐπιφαινομένων.
3912 5695 4064 5763 πρὶς

2476 5813 2731 5881 ὠμότητα
2774 5806 2975 5876 μᾶλλον
3009 5805 3035 5854 ὁ
3083 5802 3364 5870 δικαστὴς,
3397 5795 3701 5865 φρεθίζετο,
3743 5788 3832 5839 καὶ
3861 5784 4065 5860 ἀμφί-
