4226 6436
721 381 819 442 491

2034 377 2318 438 MENSIS
2357 375 2649 436 JULlUS.

3857 366 3966 432 492

729 491 888 541 (luam
925 484 1256 556 justilicans,
1291 500 1346 542 et
1385 487 1642 542 omnibus
1693 487 1830 539 idem
1882 499 2144 554 apparens
2200 499 2296 553 per
2326 493 2369 546 Α
2405 483 2570 534 multa
2604 479 2818 548 quidem
2856 477 3063 540 dicens,
3098 477 3264 530 multa
3315 485 3495 530 autem
3552 476 3780 541 faciens,
3840 490 3968 544 qua

734 578 991 648 aequalem
1028 579 1079 631 in
1108 594 1299 634 omnes
1361 578 1823 633 benevolentiam.
1871 576 1935 630 Et
1984 576 2112 646 quid
2162 591 2298 642 Opus

734 682 838 736 est,
872 681 930 725 ut
957 672 1130 725 dicam
1155 673 1407 742 singula?
1436 674 1563 727 Erat
1595 672 1795 726 virtute
1861 669 2132 738 perfectus
2185 667 2298 724 Eu-

735 765 982 818 doeimus
1007 781 1020 826 ;
1049 776 1164 818 erat
1194 766 1420 834 insignis
1443 766 1708 819 charitate
1741 764 1794 816 in
1827 761 2015 824 Deum,
2057 771 2111 814 et
2166 760 2298 812 insi-

737 859 855 926 gnis
890 857 1151 910 cliaritate
1202 856 1254 910 in
1303 858 1628 925 proximum.
1736 855 2096 920 Quamobrem
2184 853 2300 920 ejus

739 947 959 1001 exilium
991 956 1043 1001 et
1074 948 1377 1012 interitum,
1403 949 1667 1016 proximo,
1714 947 1957 1015 inquam,
1993 946 2297 998 clanculum

738 1040 1048 1102 detrahere,
1080 1040 1215 1092 adeo
1251 1041 1375 1094 odio
1409 1041 1664 1103 habebat,
1699 1049 1756 1093 ut
1792 1055 1901 1091 non
1963 1038 2136 1091 solum
2190 1038 2302 1104 ipse

739 1131 874 1184 nihil
905 1131 1006 1184 tale
1040 1130 1262 1195 faceret,
1297 1132 1390 1185 sed
1415 1132 1579 1184 etiam
1639 1131 1681 1183 si
1721 1130 1860 1183 alius
1908 1129 2069 1182 vellet
2101 1128 2300 1188 facere,

739 1224 962 1276 minime
996 1225 1292 1276 sustineret
1325 1238 1433 1275 non
1461 1222 1702 1274 honestis
1735 1220 1911 1273 verbis
1947 1233 2107 1272 aures
2156 1233 2304 1286 pra:-

738 1312 866 1365 berc
905 1324 993 1367 :et
1027 1314 1172 1383 quod
1203 1315 1270 1366 ad
1307 1328 1364 1366 se
1402 1314 1617 1375 attinet,
1644 1311 1761 1364 illas
1819 1326 2038 1379 quoque
2084 1325 2305 1364 conser-

744 1416 895 1458 varet
963 1407 1202 1474 peccatis
1263 1406 1599 1474 superiores.

812 1498 899 1551 Vl.
928 1498 1080 1551 Illum
1117 1499 1194 1552 sic
1222 1499 1514 1563 viventem,
1549 1498 1806 1566 piumque
1839 1496 1960 1549 vitae
1992 1494 2304 1548 institutum

740 1598 1144 1653 excercentem,
1178 1597 1230 1642 et
1258 1597 1403 1642 recte
1458 1604 1514 1643 se
1559 1598 1831 1658 gerentem
1896 1586 2200 1640 communis
2254 1586 2306 1637 in

743 1684 963 1749 regione
987 1683 1163 1736 aliena
1195 1683 1320 1735 ﬁnis
1342 1690 1593 1750 occupat,
1624 1697 1745 1734 cum
1775 1690 1920 1733 esset
1949 1681 2166 1749 triginta
2201 1688 2310 1732 tres

746 1789 918 1827 annos
939 1782 1122 1838 natus,
1154 1782 1206 1826 et
1239 1773 1470 1826 necdum
1501 1771 1720 1840 quidem
1773 1770 1923 1824 canis
1983 1769 2201 1835 capillos
2233 1767 2312 1818 al-

2402 573 2540 626 solet
2577 572 2753 624 facere
2784 570 3020 638 nequitia
3069 569 3372 621 daemonum
3411 569 3463 621 in
3525 568 3782 621 damnum
3859 570 3964 619 hu-

2403 678 2574 716 mana:
2603 672 2828 725 naturae,
2870 678 2988 729 qua:
3015 662 3251 730 desuper
3278 660 3420 713 bello
3444 661 3510 712 ab
3564 674 3628 711 eo
3667 660 3963 728 appetitur.

2402 753 2656 807 Daemone
2683 753 2900 822 quidem
2933 765 3078 806 moto
3108 769 3135 804 a
3171 761 3381 815 sancto,
3424 763 3517 804 aut
3546 767 3574 802 a
3619 752 3816 803 (Lhristi
3871 766 3970 818 po-

2403 854 2511 906 tius
2541 853 2756 914 virtute,
2797 860 2856 904 ut
2880 866 3004 903 eum
3039 850 3388 903 manifestum
3423 849 3628 903 faceret
3699 857 3751 899 et
3798 848 3970 898 holm-

2409 952 2590 1007 raret,
2637 951 2889 996 movente
2941 953 3120 994 autem
3158 952 3212 996 et
3286 951 3592 1010 torquente.
3653 948 3706 992 et
3740 941 3970 990 maxima

2407 1045 2724 1105 tempestate
2784 1037 3056 1088 hominem
3117 1036 3496 1093 conturbante,
3551 1051 3672 1088 cum
3718 1043 3972 1100 tanquam

2405 1138 2678 1181 mortuum
2728 1126 2899 1179 Eliam
2956 1126 3103 1180 hutni
3156 1127 3396 1195 jecisset,
3460 1127 3777 1179 sceleratum
3845 1123 3976 1175 illud

2405 1223 2728 1277 daemonium
2758 1224 2934 1276 statim
2962 1223 3112 1285 abiit,
3148 1237 3203 1273 nt
3233 1225 3371 1289 quod
3408 1223 3581 1275 fuerat
3613 1220 3817 1273 homini
3878 1234 3976 1270 ve-

2407 1316 2503 1368 luti
2545 1316 2789 1383 quzedam
2821 1316 3199 1383 disciplina,et
3243 1317 3692 1369 medicamentum
3762 1315 3826 1366 ad
3887 1328 3982 1364 ex-

2408 1407 2604 1476 pianda
2643 1417 2863 1474 peccata
2901 1406 2966 1458 iis
3001 1445 3014 1467 ,
3050 1423 3167 1474 quae
3199 1407 3343 1462 Dens
3368 1407 3536 1470 novit,
3591 1406 3828 1474 judieiis.
3886 1405 3984 1457 At-

2407 1515 2514 1568 que
2543 1499 2682 1551 Elias
2721 1500 2937 1567 quidem
2974 1499 3171 1551 sicfuit
3258 1502 3516 1553 liberatus
3591 1514 3618 1550 a
3684 1499 3930 1552 dazmone
3968 1513 3982 1547 :

2414 1593 2552 1645 [)cus
2584 1601 2762 1644 autem
2799 1607 2907 1643 non
2939 1606 3182 1659 eousque
3218 1590 3664 1644 fecitconsistere
3705 1592 3785 1643 sui
3839 1589 3985 1642 servi

2411 1685 2632 1755 gloriam
2691 1703 2706 1739 :
2762 1701 2869 1738 imo
2939 1702 3066 1738 vero
3132 1701 3253 1737 cum
3319 1697 3574 1750 tanquam
3639 1686 3763 1736 tuha
3830 1683 3989 1734 valde

2413 1776 2673 1839 clamans,
2734 1777 2786 1828 in
2839 1776 3038 1832 multos
3081 1783 3227 1828 esset
3277 1775 3581 1843 diSpersum
3641 1772 3986 1831 miraculum,

743 1865 1058 1925 befecisset.
1090 1866 1382 1918 multorum
1421 1873 1602 1916 autem
1643 1879 1807 1916 CHIIOS
1854 1871 2136 1931 supel'ﬂl‘el
2189 1874 2314 1928 pl‘u-
2342 1844 2388 1903 Β
2419 1868 2822 1920 multitudinem
2857 1882 3066 1930 eorum,
3102 1869 3193 1935 qui
3235 1869 3550 1921 laborabant
3605 1869 3767 1918 variis
3843 1879 3994 1915 mor-

746 1959 948 2014 dentia.
994 1958 1129 2012 Male
1153 1969 1334 2011 autern
1367 1957 1599 2010 habebat
1620 1956 1997 2018 Eudocintunt,
2032 1969 2138 2006 non
2169 1952 2312 2022 quod

749 2050 993 2103 absolute
1068 2059 1392 2112 moreretur,
1419 2057 1476 2101 ut
1525 2049 1613 2116 qui
1663 2064 1758 2117 per
1812 2056 1982 2101 totam
2043 2046 2204 2098 vitam
2261 2044 2314 2098 id

760 2153 906 2197 esset
939 2141 1245 2205 meditatus,
1285 2151 1338 2194 et
1375 2156 1534 2208 quam
1565 2156 1685 2192 cum
1718 2141 1914 2209 egisset
1945 2140 2122 2201 vitam,
2174 2151 2317 2205 qum-

762 2251 884 2288 nam
917 2250 1034 2287 sors
1081 2243 1225 2287 esset
1280 2249 1401 2287 eum
1465 2242 1754 2285 consecuta
1792 2249 1805 2284 :
1839 2241 1888 2284 et
1951 2230 2147 2297 alioqui
2193 2243 2315 2282 cum

755 2340 900 2383 esset
937 2328 1170 2396 sapiens,
1207 2342 1315 2379 non
1342 2326 1622 2395 ignorabat
1652 2326 1894 2386 omnino,
1951 2322 2124 2392 qualis
2174 2328 2319 2375 esset

751 2422 837 2475 lex
869 2422 1008 2472 inter
1048 2418 1344 2486 composita
1373 2435 1383 2468 :
1412 2431 1607 2484 nempe
1642 2417 1784 2482 quod
1833 2431 1954 2468 cum
2015 2412 2316 2482 accepisset

755 2511 1096 2583 principium,
1129 2525 1359 2562 necesse
1391 2516 1534 2560 esset
1585 2505 1745 2558 tinem
1775 2520 1992 2574 quoque
2024 2502 2316 2570 consequi;

755 2604 1105 2673 quamobrem
1143 2616 1245 2651 non
1276 2614 1397 2651 eum
1437 2596 1789 2650 conturbahat
1824 2595 2064 2662 corporis
2098 2608 2318 2662 separa-

758 2698 850 2753 tio.
879 2694 971 2748 sed
998 2692 1139 2762 quod
1175 2708 1296 2745 cum
1339 2701 1564 2743 matrem
1601 2702 1709 2743 non
1764 2686 1993 2740 vidisset
2059 2683 2318 2738 charissi—

761 2804 924 2848 niam,
982 2787 1138 2854 longe
1196 2791 1337 2836 esset
1393 2782 1784 2850 peregrinatus.
1822 2778 2100 2843 Quomodo
2141 2785 2319 2828 autem

759 2888 834 2932 est
871 2875 1266 2928 mortuus?05l
1299 2873 1442 2924 enim
1493 2873 1592 2924 hoc
1649 2869 1805 2922 simul
1861 2866 2214 2935 philosophia:
2270 2870 2324 2917 et

761 2966 1011 3021 utilitatis
1053 2964 1338 3033 particeps.
1385 2959 1702 3030 Aigrotabat
1741 2957 1956 3026 quidem
1989 2957 2068 3008 vir
2117 2955 2226 3017 ille,
2271 2963 2323 3007 et

763 3058 983 3110 morbus
1011 3071 1132 3108 eum
1161 3055 1270 3120 jam
1305 3069 1368 3105 co
1398 3052 1714 3115 deduxerat,
1752 3061 1809 3104 ut
1834 3050 2078 3103 ultimum
2142 3056 2325 3115 ageret

761 3150 1037 3218 Spiritum.
1066 3147 1179 3214 lpSe
1202 3161 1326 3196 vero
1353 3159 1472 3197 eum
1505 3157 1630 3198 suos
1650 3142 1988 3193 accersiisset
2008 3138 2322 3200 familiares,

763 3242 996 3305 primum
1031 3238 1248 3305 quidem
1284 3235 1570 3302 diligenter
1616 3232 1904 3293 mandavit,
1962 3243 2016 3285 et
2067 3248 2159 3285 eos
2207 3231 2330 3301 jure

757 3329 992 3399 jurando
1023 3327 1220 3395 adegit,
1255 3335 1311 3378 ut
1363 3339 1484 3376 eum
1554 3324 1872 3376 mandarent
1928 3325 2197 3389 sepulcro,
2251 3323 2331 3377 sic

762 3427 1034 3485 indutum,
1078 3430 1130 3474 et
1157 3432 1495 3486 nequaquam
1533 3415 1583 3466 in
1607 3415 1784 3484 ipsum
1816 3415 2190 3476 observarent,
2213 3428 2331 3480 quae

765 3516 1021 3571 solentin
1077 3511 1324 3564 mortuis.
1385 3508 1588 3561 Deinde
1647 3522 1768 3560 cum
1829 3521 2017 3557 omnes
2078 3506 2333 3574 jussisset

763 3614 914 3658 extra
940 3603 1081 3657 fores
1111 3601 1316 3671 egredi,
1352 3600 1464 3668 ipse
1498 3599 1670 3651 solum
1715 3597 1954 3649 inclusus
1987 3598 2075 3649 dat
2112 3615 2168 3649 se
2217 3613 2334 3649 ora-

767 3697 921 3750 tioni.
971 3696 1158 3746 Oratio
1207 3703 1386 3744 autem
1425 3699 1540 3742 erat
1577 3690 1775 3754 (audita
1815 3691 1956 3741 enim
1993 3688 2092 3741 luit
2125 3703 2153 3740 a
2201 3704 2334 3756 quo-

767 3789 912 3848 dam,
971 3785 1060 3855 qui
1125 3799 1290 3853 prope
1356 3782 1498 3835 forcs
1545 3781 1925 3846 auscultabat)
1980 3791 2038 3832 ut
2103 3781 2219 3848 ejus
2269 3779 2332 3832 ad

768 3879 934 3934 Deum
969 3891 1226 3932 excessus
1255 3883 1401 3929 esset
1446 3875 1734 3936 obscurus,
1786 3882 1839 3924 et
1893 3871 2024 3924 nulli
2062 3872 2331 3939 cognitus,

766 3971 1038 4041 quomodo
1062 3969 1223 4020 etiam
1259 3977 1364 4019 tota
1393 3966 1502 4018 fere
1538 3968 1656 4030 ejus
1686 3965 1789 4015 vita
1821 3964 1954 4014 nulli
1991 3963 2162 4014 evasit
2223 3977 2336 4013 ma-

769 4059 1135 4117 nifesta.(‘.um
1169 4073 1295 4110 vero
1331 4056 1430 4108 alia
1488 4069 1699 4122 qunque
1755 4054 2041 4121 adjecisset
2082 4054 2333 4118 orationi,

770 4162 825 4206 et
856 4154 1052 4223 egisset
1075 4149 1296 4220 gratias,
1329 4156 1382 4199 et
1405 4156 1679 4214 postremo
1712 4143 1940 4196 dixisset
1981 4161 1991 4194 :
2023 4143 2081 4195 In
2150 4160 2335 4196 manus

771 4254 887 4295 tuas
919 4239 1219 4293 commendo
1279 4238 1520 4302 spiritum
1593 4249 1761 4285 meum
1802 4232 1866 4292 ¹⁰,
1919 4249 2046 4285 vere
2093 4244 2336 4285 sanctam

771 4334 952 4387 emisit
985 4331 1240 4382 animam.
1262 4327 1488 4391 Quidam
1518 4332 1698 4376 autem
1737 4336 1799 4374 cx
1829 4323 1896 4376 iis
1920 4323 2009 4391 qui
2043 4325 2339 4392 sepultura:

774 4424 892 4493 ejus
915 4421 1306 4481 inserviehant,
1335 4418 1503 4488 magis
1531 4417 1763 4479 .rustice,
1793 4432 1952 4484 quam
1985 4417 2093 4484 pie,
2137 4417 2187 4468 in
2239 4418 2340 4470 hoc

2423 1960 2525 2021 bis,
2559 1960 2770 2012 voravit
2796 1960 2859 2011 ad
2884 1959 3215 2026 sepulcrum,
3266 1959 3600 2028 sepulcrum,
3639 1957 3878 2023 inquam,
3920 1970 3992 2007 ex

2423 2065 2530 2118 quo
2557 2050 2947 2102 admirabiliter
2977 2050 3161 2102 multis
3187 2051 3517 2103 scaturicbat
3541 2051 3645 2103 vita
3677 2058 3729 2102 et
3755 2048 3993 2102 curatio.

2499 2139 2632 2193 Vlll.
2672 2141 2742 2192 Ex
2778 2140 2863 2194 his
2888 2156 3012 2193 vero
3039 2156 3144 2194 una
3171 2142 3514 2209 tnulier,quae
3535 2143 3769 2193 habebat
3795 2139 3994 2200 filium,

2425 2234 2581 2303 cujus
2617 2234 2810 2286 soluta:
2845 2241 3003 2285 erant
3033 2248 3247 2296 manus,
3277 2233 3478 2301 quique
3508 2247 3602 2285 eas
3632 2231 3839 2284 ferebat
3878 2245 3996 2282 non

2427 2342 2586 2379 secus
2617 2335 2777 2393 atque
2803 2325 2937 2391 lapis
2962 2339 3025 2376 ac
3058 2333 3260 2387 statua,
3282 2340 3406 2377 cum
3435 2325 3693 2377 ardenter
3726 2323 3999 2376 accessis-

2428 2427 2510 2471 set
2541 2417 2606 2470 ad
2646 2416 2975 2484 sepulcrum,
3007 2431 3114 2468 non
3167 2416 3322 2485 longa
3385 2433 3522 2484 opus
3591 2416 3779 2468 habuit
3817 2430 3997 2474 mora.

2428 2525 2538 2563 non
2573 2510 2822 2579 negotiis,
2858 2524 2963 2562 non
2995 2509 3187 2563 diebus
3221 2525 3234 2560 :
3271 2508 3364 2560 sed
3401 2523 3522 2560 cum
3559 2510 3791 2576 primum
3823 2507 4000 2570 venit,

2428 2603 2474 2655 ei
2509 2617 2667 2670 opem
2705 2603 2829 2654 tulit
2858 2602 2921 2654 ad
2951 2601 3291 2654 liberandum
3323 2616 3352 2652 a
3379 2601 3569 2654 morbo
3593 2599 3785 2664 lilium,
3812 2600 4000 2651 oleum

2429 2703 2702 2760 sumptum
2744 2709 2810 2744 ex
2845 2695 3063 2743 lucerna
3099 2693 3239 2745 beati
3275 2693 3509 2759 sepulcri
3549 2710 3560 2744 :
3606 2706 3713 2760 quo
3740 2705 3862 2745 cum
3904 2690 4003 2741 illa

2431 2785 2525 2836 lilii
2559 2799 2776 2836 manum
2818 2783 3081 2842 tinxisset,
3122 2784 3251 2835 vidit
3278 2784 3461 2835 statim
3497 2799 3616 2834 eum
3663 2793 3835 2834 totum
3868 2781 4003 2832 illa:-

2431 2888 2571 2935 sum,
2623 2883 2678 2928 et
2734 2883 2978 2926 utentem
3031 2874 3282 2926 manibus
3335 2873 3498 2925 simul
3553 2873 3740 2924 liberis
3795 2881 3850 2923 et
3898 2886 4004 2924 suo

2435 2965 2780 3032 fungentibus
2834 2965 3030 3017 ollicio.
3069 2965 3221 3018 Alius
3249 2975 3426 3017 autem
3471 2979 3604 3031 puer
3635 2967 3828 3015 eodem
3870 2962 3999 3030 qui—

2433 3057 2554 3110 dem
2590 3058 2746 3108 modo
2788 3056 3037 3118 atfeetus,
3101 3058 3151 3109 in
3206 3057 3311 3110 hoc
3364 3073 3489 3110 vero
3542 3058 3656 3110 solo
3714 3055 4001 3119 ditl'erens,

2434 3151 2574 3218 quod
2613 3151 2774 3219 priori
2805 3153 3021 3218 quidem
3051 3166 3267 3214 manus,
3301 3151 3348 3204 ci
3384 3161 3564 3204 autem
3621 3153 3785 3218 pedes
3843 3161 4003 3202 erant

2436 3244 2742 3295 immobiles
2774 3261 2786 3294 :
2816 3245 2858 3295 is
2913 3260 3043 3309 ergo
3105 3243 3266 3294 simili
3331 3244 3433 3294 fide
3483 3243 3718 3301 oblatus,
3767 3242 4004 3292 similem

2433 3349 2648 3400 quoque
2679 3335 3004 3385 consecutus
3031 3333 3131 3383 l'uit
3174 3331 3538 3383 curationem.
3597 3330 3729 3383 Nam
3773 3346 3899 3382 cum
3958 3331 4004 3382 is

2433 3437 2646 3488 quoque
2711 3431 2911 3472 unctus
2964 3429 3109 3472 esset
3163 3419 3218 3472 in
3276 3421 3508 3489 pedibus
3555 3421 3678 3475 oleo
3733 3420 4002 3480 lucernre,

2435 3516 2684 3583 protinus
2715 3514 2939 3578 exsiliit,
2970 3522 3024 3566 et
3076 3512 3179 3566 fuit
3229 3529 3392 3568 causa
3450 3528 3657 3585 magum
3705 3516 4004 3583 gratiarum

2435 3606 2687 3665 actionis,
2774 3622 2894 3672 quae
2975 3605 3303 3659 oﬂ'crcbalur
3387 3608 3490 3676 ipsi
3580 3618 3790 3667 sancto,
3904 3607 4000 3674 qui

2437 3706 2742 3758 curaverat,
2789 3707 2840 3749 et
2876 3697 3007 3758 Deo,
3066 3698 3156 3763 qui
3208 3698 3514 3765 praebuerat
3546 3699 3772 3767 gratiam
3831 3716 4005 3751 cura-

2440 3788 2584 3837 tiouu
2597 3803 2666 3838 m.

2511 3877 2598 3928 ΙΧ.
2639 3877 2842 3929 Rursus
2896 3885 3076 3930 autem
3143 3876 3336 3930 mulier
3397 3888 3584 3930 vexata
3649 3892 3677 3929 a
3737 3877 4004 3940 daemone,

2442 3968 2661 4020 liberata
2696 3978 2779 4020 est
2811 3984 2839 4020 a
2873 3970 3111 4036 maligno
3145 3971 3339 4038 Spiritu
3381 3985 3499 4023 eam
3565 3979 3815 4030 vexante,
3875 3986 4000 4023 cum

2440 4059 2611 4111 solum
2636 4061 2958 4109 accessisset
3013 4060 3077 4110 ad
3117 4061 3460 4125 sepulcrum,
3498 4072 3550 4114 et
3582 4063 3805 4129 pulchre
3875 4063 4007 4115 didi-

2441 4151 2626 4211 cisset,
2661 4149 3114 4216 quemadmodum
3187 4152 3271 4202 lux
3330 4155 3672 4218 persequitur
3733 4157 4005 4217 tenebras,

2440 4255 2493 4298 et
2535 4259 2691 4311 quam
2723 4244 2792 4294 sit
2825 4242 3099 4303 terribilis,
3142 4242 3314 4295 bonus
3346 4251 3398 4294 et
3432 4253 3611 4311 gratus
3644 4259 3834 4297 servus
3866 4251 4006 4299 malo

2441 4350 2599 4388 servo
2629 4345 2681 4385 et
2714 4333 2956 4400 fugitivo,
2986 4343 3204 4400 propter
3232 4350 3347 4386 eam
3392 4351 3510 4402 (μω)
3545 4336 3591 4388 ci
3627 4350 3744 4388 cum
3779 4334 4006 4389 Domino

2444 4427 2747 4482 intercedit,
2776 4426 3214 4491 conjunctioncm
3248 4438 3300 4477 et
3331 4427 3775 4482 familiaritatem.
3841 4429 4008 4481 l’orro

772 4512 1027 4565 mandato
1055 4509 1402 4576 exsequendo
1433 4506 1635 4565 “nec”:
1672 4520 1777 4556 n0"
1811 4505 1985 4557 501m“
2015 4520 2136 4557 cum
2173 4506 2336 4558 κέδῐί·
2377 4530 2415 4584 ι)
2450 4526 2630 4567 autem
2676 4515 2765 4566 alii
2800 4531 3014 4582 quoque
3045 4516 3277 4576 mulieri,
3310 4533 3426 4584 quae
3464 4521 3605 4585 gravi
3638 4521 3828 4571 morbo
3862 4521 4008 4572 labn.

775 4605 974 4659 mentis
1001 4612 1055 4656 et
1087 4602 1305 4661 calceis,
1340 4601 1540 4669 quibus
1582 4607 1698 4652 erat
1731 4598 1975 4660 indutus,
2015 4597 2110 4652 sed
2176 4598 2339 4650 etiam

775 4712 897 4751 cum
935 4695 1211 4764 stragulis.
1255 4694 1309 4746 in
1366 4694 1565 4761 quibus
1616 4692 1854 4760 jacebat,
1887 4691 1937 4743 in
1966 4691 2138 4759 lignea
2181 4705 2340 4757 capsa

777 4790 857 4843 sic
942 4785 1284 4854 impositum,
1348 4783 1498 4836 humi
1555 4783 1799 4836 condunt
1846 4798 1994 4843 eum,
2058 4781 2146 4849 qui
2211 4781 2344 4834 nihil

779 4879 1011 4933 habebat
1042 4877 1264 4946 dignum
1299 4874 1559 4937 tenebris,
1585 4875 1732 4926 nube
1769 4875 1992 4927 omnino
2026 4873 2220 4935 solem,
2253 4882 2344 4926 aut

777 4973 980 5044 lignum
1012 4969 1216 5035 modio,
1246 4975 1339 5022 aut
1364 4967 1565 5036 potius,
1595 4968 1640 5022 si
1676 4967 1868 5030 mavis,
1905 4967 1956 5019 iu
1990 4967 2123 5022 cella
2175 4983 2343 5036 pena-

777 5065 858 5117 ria
893 5061 1715 5131 pretiosissimumthesaurum,
1753 5067 1807 5112 ct
1848 5061 1938 5129 qui
2002 5075 2108 5112 non
2165 5067 2345 5127 potest

778 5153 1044 5208 consumi.
1079 5151 1183 5205 Sed
1218 5150 1307 5204 ille
1338 5150 1413 5203 sic
1437 5151 1656 5218 quidem
1685 5149 1787 5203 fuit
1838 5151 2090 5204 conditus
2126 5168 2137 5202 :
2202 5148 2344 5204 Deus

778 5253 959 5296 autem
979 5257 1087 5295 non
1111 5256 1302 5311 passus
1319 5248 1538 5292 esteum
1556 5239 1741 5298 latere.
1769 5239 1863 5292 sed
1889 5255 2011 5292 eum
2037 5239 2212 5295 reddit
2234 5256 2345 5293 ma-

780 5333 1034 5388 nifestum
1065 5348 1226 5387 causa
1251 5333 1546 5385 multorum
1567 5330 1837 5386 utilitatis.
1873 5332 1961 5385 Sic
1985 5342 2163 5386 autem
2187 5332 2335 5386 facit.

847 5427 961 5482 νη.
999 5427 1092 5480 Vir
1114 5429 1330 5495 quidam
1366 5442 1394 5479 a
1428 5425 1618 5491 spiritu
1644 5425 1941 5478 vexabatur
1987 5426 2343 5490 daemoniaco,

778 5519 925 5575 Elias
950 5520 1192 5582 nomine,
1226 5534 1346 5572 eum
1375 5525 1495 5586 post
1522 5527 1753 5570 mortem
1785 5517 1960 5570 sancti
2021 5532 2126 5569 non
2190 5519 2340 5570 mulli

779 5609 894 5664 dies
925 5610 1335 5679 prmteriissenr.
1367 5607 1610 5675 Repente
1660 5607 1868 5660 accedit
1911 5607 1976 5661 ad
2010 5609 2338 5676 sepulcrum,

888 5787 930 5817 ¹⁰
961 5785 1104 5840 Ps'al.
1141 5802 1268 5849 xxx,
1292 5785 1342 5838 6.
1457 5785 1494 5815 “
1529 5782 1672 5839 Psal.
1706 5798 1863 5848 cxxv,
1897 5783 1949 5836 5.

2445 4610 2615 4669 rabat,
2654 4607 2752 4661 fuit
2793 4608 3055 4660 mirabilis
3085 4609 3293 4664 curatio
3357 4611 3554 4662 Solutio
3610 4611 3842 4676 sepulcri
3892 4614 4006 4679 pul-

2441 4701 2520 4753 vis
2592 4711 2844 4768 sumptus
2906 4716 3027 4752 cum
3089 4699 3230 4764 ﬁde,
3293 4701 3488 4754 deinde
3546 4718 3682 4769 aqua
3748 4717 4004 4769 conSper-

2441 4805 2554 4854 sus,
2591 4800 2683 4844 aut
2738 4801 2795 4844 ut
2828 4791 3020 4844 melius
3086 4792 3281 4850 dicam,
3326 4795 3442 4860 ejus
3492 4795 3764 4864 lacrymis,
3815 4807 3868 4848 et
3911 4796 4008 4846 im-

2443 4882 2654 4948 positus
2715 4882 2852 4949 parti
2909 4880 3178 4947 corporis,
3224 4897 3342 4950 qua:
3386 4884 3520 4937 male
3550 4899 3605 4937 sc
3641 4885 3889 4938 habebat.
3954 4887 4012 4936 lit

2453 4973 2574 5026 idco
2636 4987 2758 5025 cum
2831 4973 3156 5028 seminasset
3213 4975 3267 5028 in
3327 4976 3579 5045 lacryrnis
3627 4976 3886 5029 fervenris
3959 4979 4008 5028 in

2451 5065 2616 5116 Deum
2679 5064 2825 5129 ﬁdei,
2874 5066 3100 5118 niessuit
3159 5065 3570 5122 exsultationem
3608 5069 3905 5119 curationis
3948 5070 4008 5118 ".

2449 5155 2564 5209 Non
2599 5158 2784 5224 paucis
2811 5171 3024 5224 quoque
3063 5158 3180 5210 aliis
3229 5159 3366 5212 male
3419 5159 3648 5219 alTectis,
3710 5160 3802 5222 qui
3858 5158 4011 5220 longe

2450 5247 2694 5310 aberant,
2733 5249 2833 5300 lidc
2894 5258 3209 5300 autemnon
3247 5259 3397 5304 erant
3453 5251 3628 5319 longe,
3682 5249 3773 5302 hic
3835 5251 4009 5317 pulvis

2452 5336 2516 5390 ad
2553 5353 2644 5390 eos
2675 5337 2890 5401 allatus,
2927 5357 3070 5393 visus
3122 5350 3204 5393 est
3269 5352 3453 5410 aptum
3512 5341 3564 5393 in
3629 5341 3776 5394 omni
3823 5343 4010 5393 morbo

2455 5425 2928 5489 medicamcntnn'i,
2962 5429 3180 5495 etquod
3216 5430 3398 5480 multis
3425 5443 3636 5495 quoque
3657 5427 3775 5480 aliis
3841 5427 4010 5479 modis

2453 5529 2566 5569 erat
2597 5519 3071 5587 jucundissimum.
3099 5521 3230 5572 Nam
3258 5537 3377 5573 cum
3442 5538 3528 5586 eo,
3591 5522 3733 5589 quod
3791 5521 4013 5575 curabat

2455 5612 2777 5678 certissime,
2859 5613 3089 5666 habebat
3143 5614 3303 5666 etiam
3369 5613 3723 5678 celeritatem,
3785 5625 3836 5668 et
3892 5629 4010 5667 cum
