4226 6436
187 445 295 512 493

1474 450 1650 509 νΙΤΑ
1691 449 1750 508 S.
1785 448 2185 510 EUDOCIMI.

3342 446 3447 510 494

184 566 487 629 celeritate,
525 563 785 621 molestiae
818 567 1163 632 vacuitatem,
1193 577 1246 620 et
1305 582 1427 622 cum
1500 567 1763 621 molestiae
1795 574 1836 627 Α
1867 567 2150 628 rationem,
2179 566 2440 630 ipsorum,
2481 564 2720 632 inquam,
2760 562 3116 632 malignorum
3155 563 3446 632 spirituum

188 661 479 721 vacuitate,
538 661 683 728 quod
709 662 854 714 nulla
879 660 1231 715 eratomnino
1252 660 1506 714 solvenda
1528 676 1761 726 merces,

182 760 238 804 et
277 750 411 803 nihil
452 750 669 819 penitus
700 752 884 806 damni
920 752 1312 822 accipiebatur.
1392 753 1620 806 Deﬁciet
1676 766 1765 807 me

186 845 399 910 tempus
447 852 500 897 et
529 845 724 909 oratio,
766 846 1101 914 defecta:un
1140 854 1303 900 erunt
1366 861 1560 899 manus
1633 848 1765 899 seri-

180 935 390 1002 ptionis
448 938 594 1005 operi
655 938 978 995 servientes.
1070 938 1115 993 si
1181 939 1514 992 voluerimus
1586 939 1766 992 omnia

184 1026 681 1095 comprehendere,
746 1044 865 1096 qua:
929 1038 983 1083 et
1060 1030 1214 1099 prius
1297 1030 1408 1094 ille,
1508 1030 1598 1085 ubi
1664 1029 1767 1083 fuit

181 1120 449 1185 sepultus,
487 1127 541 1171 et
574 1133 718 1174 nunc
753 1121 859 1175 huc
888 1136 1113 1192 quoque
1148 1120 1464 1187 translatus,
1500 1122 1629 1176 facit
1664 1123 1763 1176 mi-

183 1211 388 1265 racula.

254 1300 321 1355 Χ.
361 1300 628 1366 Quoniam
661 1317 843 1360 autem
880 1307 1258 1361 translationis
1286 1306 1537 1361 meminit
1564 1306 1760 1370 oratio,

178 1391 248 1442 de
321 1406 382 1445 ea
438 1410 657 1463 quoque
726 1396 1069 1449 tractandum
1140 1404 1243 1462 est,
1303 1397 1762 1466 quemadmodum

176 1483 318 1535 facta
352 1485 423 1538 sit
458 1496 508 1539 et
550 1503 797 1556 quamam
834 1490 1202 1553 fueritcausa,
1250 1490 1393 1558 quod
1435 1491 1579 1544 illius
1646 1507 1768 1545 cor-

179 1591 281 1643 pus
301 1578 573 1647 sepultum
603 1580 657 1633 in
681 1581 877 1635 finibus
901 1582 1209 1647 Charsiani,
1230 1584 1299 1637 sit
1324 1585 1376 1637 iu
1397 1585 1542 1638 hanc
1558 1585 1764 1654 regiam

177 1672 499 1726 translatum
528 1674 824 1730 civitatem.
862 1676 1053 1747 Magna
1096 1687 1150 1731 et
1202 1680 1355 1731 velox
1418 1693 1538 1745 ejus
1602 1680 1766 1731 mira-

178 1764 428 1818 culorum
478 1765 621 1821 fama
682 1769 735 1820 in
812 1784 1008 1825 omnes
1062 1779 1245 1839 partes
1299 1771 1652 1838 pervadebat,
1707 1779 1764 1824 et

174 1855 437 1923 implebat
463 1872 621 1911 aures
644 1860 926 1914 omnium:
965 1870 1230 1913 ernatura
1267 1860 1485 1929 quidem
1550 1861 1629 1914 sic
1664 1860 1759 1913 ha-

182 1946 369 2011 bebat,
394 1963 539 2002 nunc
566 1959 747 2003 autem
785 1951 1027 2005 velocior
1056 1968 1274 2022 quoque
1306 1952 1449 2007 facta
1484 1963 1568 2008 est
1632 1970 1761 2023 pro-

177 2047 300 2111 pter
329 2040 403 2095 rei
436 2042 761 2096 novitatem.
790 2042 896 2098 Ubi
929 2045 1077 2099 enim
1135 2046 1437 2115 speraverit
1467 2046 1760 2117 quispiam,

178 2134 460 2190 hominem
495 2137 551 2190 in
577 2139 780 2194 mundo
820 2142 1120 2203 viventem,
1155 2151 1209 2195 et
1238 2143 1328 2211 qui
1391 2143 1575 2211 populi
1642 2160 1764 2197 sus-

180 2237 403 2297 ceperat
450 2230 1008 2294 administrationem,
1070 2241 1124 2284 et
1174 2231 1266 2300 qui
1334 2232 1560 2302 singulis
1610 2234 1762 2287 horis

180 2320 346 2371 tantis
372 2319 679 2386 agitabatur
708 2319 987 2383 fluctibus,
1023 2336 1183 2389 posse
1219 2338 1315 2391 per
1347 2337 1407 2377 se
1449 2323 1758 2392 quiescere,

176 2419 232 2463 et
304 2410 622 2465 interiorem
686 2413 963 2468 hominem
1032 2414 1233 2469 habere
1292 2415 1442 2469 nulla
1510 2424 1761 2471 vexatum

174 2502 452 2565 molestia,
489 2502 798 2572 illaasosque
822 2515 875 2558 et
908 2505 1231 2559 manifestos
1263 2506 1316 2558 in
1350 2521 1407 2559 se
1434 2521 1763 2561 conservare

174 2604 335 2665 typos
367 2595 458 2648 Dei
490 2598 787 2658 meruerim,
820 2606 875 2650 et
942 2599 1061 2663 ejus
1120 2607 1265 2650 metu
1328 2611 1422 2650 cor
1486 2601 1762 2653 custodire

173 2688 441 2739 mundum
484 2688 552 2739 ab
610 2688 864 2740 omnibus
936 2687 1246 2742 sordibus?
1307 2688 1439 2742 Nam
1502 2690 1758 2759 pietatem

172 2778 397 2841 quidem
428 2791 705 2843 exercere,
740 2788 797 2833 et
826 2781 1078 2849 amplecti
1110 2780 1477 2842 honestatem,
1513 2781 1763 2836 virtutis-

174 2884 282 2937 que
314 2870 709 2941 aliquantisper
764 2882 820 2927 et
871 2874 963 2927 Dei
1021 2873 1335 2928 meminisse
1362 2874 1761 2940 mandatorum,

174 2968 227 3015 in
256 2963 440 3017 multis
471 2964 701 3018 fortasse
756 2964 1007 3017 invenies
1068 2981 1133 3019 ex
1195 2967 1263 3020 iis
1320 2968 1505 3032 etiam,
1557 2969 1648 3038 qui
1707 2969 1761 3021 in

174 3057 385 3109 mundo
416 3057 623 3109 vivunt.
661 3055 782 3109 Non
826 3056 969 3109 enim
1028 3071 1121 3111 eos
1151 3058 1375 3119 omnino
1406 3061 1606 3113 virtute
1658 3077 1763 3114 nu-

172 3146 451 3209 dabimus,
484 3154 538 3199 et
574 3155 830 3216 tanquam
881 3149 1156 3218 propriam
1208 3151 1613 3218 possessionem
1681 3153 1762 3206 eis

174 3238 310 3290 solis
353 3236 677 3300 tribuemus,
710 3239 803 3309 qui
844 3249 1024 3295 sunta
1078 3243 1282 3296 mundo
1342 3243 1599 3312 separati.
1655 3243 1761 3299 Sed

171 3330 242 3383 ad
287 3339 492 3383 tantam
520 3331 942 3401 impatibilitatis
978 3343 1032 3387 et
1055 3334 1270 3389 virtutis
1334 3351 1455 3391 esse
1510 3346 1760 3393 evectum

172 3422 545 3485 altitudinem,
577 3434 636 3476 ut
676 3434 1046 3494 consequatur
1075 3428 1197 3494 quis
1222 3428 1450 3498 gratiam
1491 3439 1543 3484 et
1575 3431 1761 3501 splen-

170 3511 364 3565 tierent
400 3512 812 3577 miraculorum,
850 3514 901 3568 id
932 3530 1122 3568 eorum
1160 3518 1334 3569 solum
1374 3519 1603 3579 dixeris.
1665 3522 1761 3588 qui

174 3606 385 3658 mundo
441 3616 493 3658 et
544 3606 838 3657 mundanis
889 3608 1144 3663 omnibus
1213 3611 1439 3661 multam
1519 3612 1753 3666 salutem

169 3701 455 3758 dixerunt,
493 3707 552 3748 et
584 3697 909 3753 solitudines
934 3700 1106 3771 magis
1152 3715 1315 3770 quam
1380 3701 1649 3769 civitates,
1702 3714 1759 3759 et

168 3792 409 3854 deserta,
441 3800 492 3843 et
520 3790 679 3859 longe
729 3807 847 3847 esse
879 3805 1145 3848 remotmn
1177 3798 1244 3849 ab
1302 3796 1490 3850 amicis
1545 3808 1764 3867 propter

171 3882 455 3935 Christum
487 3894 614 3936 sunt
645 3884 899 3951 amplexi,
928 3900 1231 3954 eorumque
1280 3902 1586 3955 paucorum
1626 3908 1637 3943 :
1684 3890 1760 3941 si-

170 3975 395 4042 quidem
465 3989 761 4042 paucorum
793 3979 1044 4029 novimus
1077 3991 1193 4028 eam
1218 3992 1337 4044 qua:
1363 3988 1447 4031 est
1481 3994 1578 4047 pro
1631 3980 1762 4033 viri-

171 4064 300 4119 bus.
334 4064 754 4132 perfectionem.

250 4154 346 4209 XI.
368 4154 501 4209 Cum
527 4156 605 4210 sic
625 4172 755 4226 ergo
774 4156 917 4212 fama
938 4160 1051 4229 ejus
1085 4160 1273 4216 mortis
1292 4168 1346 4215 et
1373 4162 1757 4219 miraculorum

169 4256 316 4302 esset
347 4249 611 4317 dispersa,
642 4251 762 4319 ejus
801 4261 1056 4321 parentes
1098 4253 1203 4325 (eis
1248 4256 1393 4310 enim
1437 4258 1617 4311 adhuc
1673 4256 1762 4309 vi-

169 4343 435 4398 ventibus
459 4354 537 4397 est
573 4353 827 4401 mortuus
854 4349 869 4413 )
902 4355 957 4403 et
986 4348 1221 4403 maxime
1248 4359 1443 4412 mater,
1468 4364 1590 4417 qua:
1643 4364 1761 4403 ma-

171 4438 326 4491 ximo
356 4447 412 4490 et
450 4438 868 4505 germanissimo
901 4456 1108 4503 amore,
1142 4451 1201 4494 ut
1238 4441 1378 4497 ﬁlios
1419 4442 1599 4495 solent
1647 4458 1761 4497 ma-

174 4540 314 4593 tres,
344 4543 467 4582 eum
494 4530 957 4599 prosequebatur,
990 4547 1245 4601 magnum
1277 4532 1454 4602 ignem
1487 4534 1760 4589 habebant

1874 656 2296 724 morborumque
2354 665 2407 709 et
2440 652 2814 717 aiIectionum,
2848 661 2905 706 ut
2940 652 3031 721 qui
3088 653 3315 722 perinde
3381 669 3445 708 ac

1870 750 1914 802 si
1950 749 2262 802 horribilem
2302 758 2588 811 terrorem,
2648 759 2702 801 et
2747 747 3007 801 accedere
3053 761 3165 800 non
3219 746 3443 815 permit-

1870 849 2094 904 tentem,
2129 842 2205 895 eis
2237 841 2465 894 incutiat
2519 841 2853 909 sepulcrum,
2889 854 2995 892 non
3053 838 3265 908 possint
3313 854 3441 907 per-

1870 950 2120 988 manere:
2164 934 2247 987 vel
2276 934 2456 1002 potius
2491 943 2547 988 ut
2594 934 2782 988 hostes
2837 932 3056 1002 quidam
3108 943 3161 986 et
3205 932 3441 996 inimici,

1871 1024 1961 1092 qui
2020 1022 2177 1078 fortis
2234 1024 2583 1093 imperatoris
2643 1040 2712 1077 ne
2761 1025 2975 1093 possint
3024 1024 3243 1092 quidem
3298 1024 3443 1077 ferre

1867 1126 2244 1183 conspectum,
2279 1117 2372 1170 sed
2431 1132 2524 1171 eos
2560 1131 2696 1184 quos
2728 1126 3015 1185 ceperunt,
3046 1116 3230 1170 statim
3264 1117 3451 1171 diruit-

1871 1216 2004 1269 tant,
2039 1216 2092 1261 et
2127 1209 2177 1261 in
2200 1207 2375 1277 fugam
2407 1222 2463 1261 se
2490 1208 2786 1276 conjiciant
2818 1225 2831 1273 ;
2868 1208 2980 1261 h:cc
3004 1223 3128 1260 cum
3166 1208 3253 1261 illa
3287 1209 3451 1263 γὶόὶετ

1872 1306 1976 1358 set,
2046 1309 2100 1351 et
2149 1299 2403 1367 sepulcro
2448 1298 2645 1352 fuisset
2687 1297 3042 1362 circumfusa,
3090 1299 3335 1367 jucunde
3392 1309 3448 1354 et

1868 1397 2150 1443 etcauore
2185 1390 2440 1455 deﬂebat,
2490 1390 2685 1459 partim
2749 1389 2967 1459 quidem
3020 1391 3189 1445 filium
3259 1391 3448 1463 lugens

1872 1490 1930 1535 ut
1959 1492 2256 1547 mortuum,
2289 1482 2485 1551 partim
2517 1492 2702 1537 autem
2754 1494 2814 1539 ut
2860 1500 2922 1538 ex
2984 1486 3095 1539 Deo
3150 1484 3443 1547 viventem,

1868 1582 1924 1627 et
1959 1574 2122 1628 tantis
2160 1574 2438 1644 dignatum
2472 1576 2750 1628 miraculis
2778 1576 3058 1630 admirans
3086 1617 3101 1641 ,
3126 1586 3182 1629 et
3245 1588 3301 1631 ut
3326 1593 3449 1647 qua:

1870 1665 1983 1734 ipsa
2016 1682 2232 1736 quoque
2256 1668 2429 1739 gratia
2450 1676 2505 1721 et
2532 1667 2703 1737 gloria
2738 1668 3031 1735 frueretur,
3062 1677 3203 1724 eteo
3226 1670 3449 1726 nomine

1869 1756 2214 1825 gloriaretur.

1940 1847 2053 1902 ΧΗ.
2087 1849 2211 1915 Fili,
2272 1867 2403 1907 voce
2455 1853 2667 1909 diccbat
2701 1852 2913 1919 altiore,
2969 1854 3063 1916 fili,
3121 1853 3209 1907 lux
3246 1861 3449 1908 aeterna

1867 1955 2111 1995 meorum
2137 1943 2443 2007 oculorum,
2473 1945 2568 2009 fili,
2595 1962 2854 2001 arcanum
2891 1946 3163 2015 quoddam
3186 1955 3240 1998 et
3258 1945 3450 2001 ineﬁ‘ae

1866 2034 1975 2089 bile
2008 2035 2212 2091 bonum
2242 2039 2564 2108 parentibus
2599 2058 2614 2094 :
2647 2040 2922 2095 undenam
2967 2040 3062 2095 tibi
3130 2040 3247 2094 haec
3301 2040 3450 2097 clara

1866 2135 1922 2180 et
1954 2144 2147 2200 magna
2172 2131 2261 2185 lux
2281 2131 2626 2189 curationum
2661 2132 2682 2185 ?
2714 2131 2998 2188 Undenam
3032 2134 3251 2202 copiosa
3297 2134 3453 2187 ﬂuxit

1867 2223 2034 2290 gratia
2072 2224 2309 2292 Spiritus
2338 2226 2360 2277 ?
2396 2228 2477 2277 An
2499 2236 2627 2279 sunt
2659 2227 2771 2279 haec
2797 2226 3021 2280 omnino
3046 2228 3148 2295 piae
3186 2227 3308 2280 vita:
3360 2244 3448 2280 re-

1868 2316 2202 2379 muneratio,
2277 2325 2331 2369 ct
2368 2318 2711 2371 occultorum
2768 2318 3070 2372 laborum?
3127 2322 3207 2372 An
3268 2322 3451 2390 potius

1878 2419 1989 2458 non
2009 2406 2185 2459 solum
2214 2409 2612 2471 remuneratio,
2668 2410 2763 2462 sed
2808 2408 2966 2462 arrha
3013 2418 3073 2463 et
3126 2411 3449 2479 prooemium

1867 2498 2158 2563 bonorum,
2192 2516 2311 2569 quae
2347 2506 2396 2556 te
2428 2511 2550 2569 post
2587 2502 2701 2556 haec
2728 2513 2955 2556 manent
2989 2503 3009 2555 ?
3051 2501 3181 2556 Sum
3210 2519 3312 2571 ego
3367 2520 3452 2559 re-

1868 2606 1992 2642 vera
2019 2592 2175 2645 beata
2217 2594 2360 2647 inter
2406 2606 2627 2659 matres,
2688 2612 2809 2663 qua:
2856 2596 3015 2665 digna
3056 2612 3173 2650 sum
3239 2598 3445 2667 habita,

1864 2697 1983 2748 qua:
2015 2697 2191 2737 essein
2231 2695 2285 2738 et
2317 2701 2543 2739 vocarer
2604 2696 2774 2740 mater
2818 2688 2939 2740 talis
3008 2688 3122 2741 ﬁlii.
3188 2687 3302 2742 Non
3352 2691 3445 2743 tibi

1866 2774 2098 2843 amplius
2126 2786 2357 2831 contexo
2390 2779 2811 2835 lamentationes
2850 2789 3131 2834 maternas
3185 2790 3446 2850 tanquam

1867 2866 1998 2933 filio,
2032 2870 2125 2923 sed
2162 2881 2416 2940 tanquam
2455 2874 2549 2926 Dei
2584 2876 2765 2927 amico
2789 2872 3020 2943 hymnos
3040 2890 3178 2928 cano
3232 2875 3451 2943 Spirita~

1868 2962 1968 3014 les.
2003 2958 2118 3013 Non
2156 2963 2392 3031 amplius
2428 2973 2477 3017 te
2506 2980 2639 3017 voco
2668 2966 2861 3029 filium,
2892 2975 2945 3019 et
2972 2966 3208 3020 fructum
3248 2969 3453 3021 ventris

1869 3055 1995 3117 mei,
2019 3054 2110 3109 sed
2142 3054 2309 3108 filium
2344 3054 2437 3107 Dei
2473 3071 2569 3125 per
2593 3056 2846 3125 gratiam,
2880 3072 2990 3109 non
3041 3073 3105 3109 ex
3155 3059 3440 3126 sanguini-

1866 3147 1989 3211 bus,
2020 3162 2122 3201 nec
2156 3162 2218 3201 ex
2271 3148 2551 3203 voluntate
2610 3149 2818 3211 carnis,
2874 3149 2967 3203 sed
3018 3165 3205 3203 revera
3264 3159 3450 3204 natum

1791 3276 1831 3332 ϐ
1870 3254 1933 3291 ex
1960 3239 2068 3292 Deo
2102 3240 2166 3291 ”.
2213 3242 2385 3302 Quem
2445 3254 2571 3293 cum
2614 3240 2729 3307 ipsa
2786 3242 3065 3309 genuerim
3137 3241 3450 3304 earualiter,

1866 3330 1933 3384 ab
1978 3331 2093 3399 ipso
2145 3346 2340 3383 rursus
2404 3331 2643 3384 vicissim
2678 3346 2907 3401 generor
2941 3333 3281 3402 spiritaliter.
3339 3333 3452 3391 Nec

1864 3422 2129 3478 erubesco
2157 3439 2280 3478 eum
2316 3439 2511 3477 vocare
2560 3432 2790 3493 patrem,
2860 3424 3017 3495 cujus
3076 3442 3239 3481 verus
3296 3440 3452 3498 pater

1866 3524 1949 3569 est
1978 3516 2064 3568 ille
2098 3517 2336 3569 ccelestis
2367 3535 2379 3570 :
2408 3518 2621 3586 cognati
2654 3528 2857 3579 autem,
2887 3518 3059 3588 angeli
3116 3527 3173 3572 et
3229 3530 3448 3575 sancto-

1865 3620 1986 3657 rum
2024 3607 2268 3660 omnium
2297 3605 2471 3670 chori,
2516 3608 2783 3659 bonorum
2818 3621 3046 3675 operum
3107 3611 3451 3665 communio-

1865 3709 1955 3757 ne,
1993 3704 2047 3749 et
2095 3698 2403 3765 aequalitate
2444 3696 2921 3751 remunerationis.
2952 3695 3153 3750 Curam
3196 3714 3322 3765 gere
3351 3717 3449 3770 pa-

1866 3797 2110 3848 rentum,
2151 3788 2354 3855 quibus
2384 3797 2467 3841 est
2494 3790 2713 3857 gravius
2752 3791 2825 3842 tui
2874 3789 3233 3858 desiderium,
3288 3805 3447 3862 quam

1865 3887 2137 3933 senectus.
2176 3878 2361 3949 Atqui,
2393 3895 2425 3934 o
2459 3878 2797 3943 charissime,
2826 3882 3055 3951 pulchre
3081 3885 3285 3937 carnali
3348 3894 3453 3941 tua

1865 3973 2025 4024 matri
2055 3972 2257 4025 referes
2283 3973 2511 4042 gratiam
2544 3989 2640 4041 pro
2669 3973 2812 4028 datis
2858 3974 3150 4040 alimentis,
3187 3976 3231 4031 si
3286 3978 3450 4048 spiri-

1864 4064 1955 4118 tali
2012 4074 2105 4117 tuo
2170 4063 2317 4118 Patri
2389 4064 2497 4119 tuis
2550 4063 3033 4122 intercessionibus
3080 4082 3201 4123 eam
3256 4070 3453 4125 reddas

1865 4155 2212 4211 familiarem.
2273 4156 2511 4211 Pulchre
2590 4174 2809 4229 quoque
2866 4163 3008 4228 patri
3086 4171 3179 4215 tuo
3247 4164 3453 4219 referes

1863 4250 2109 4320 gratiam,
2132 4250 2274 4320 quod
2308 4259 2359 4305 te
2385 4250 2453 4305 ad
2489 4252 2615 4317 hoc,
2648 4264 2899 4317 utesses,
2938 4253 3275 4323 produxerit,
3306 4259 3348 4309 si
3383 4259 3449 4313 ad

1862 4341 1983 4410 ejus
2037 4342 2337 4397 senectutis
2410 4352 2465 4397 et
2530 4345 2921 4399 imbecillitatis
3000 4347 3242 4415 requiem
3300 4349 3453 4404 sinus

1865 4434 2101 4487 Abrahae
2131 4435 2382 4503 petieris.
2429 4434 2554 4488 Haec
2610 4451 2755 4490 nune
2791 4437 2859 4491 ad
2918 4447 2969 4491 te
3026 4440 3367 4496 contendunt
3398 4454 3451 4497 et

1864 4527 2034 4595 patris
2064 4526 2315 4590 canities,
2353 4535 2408 4581 et
2440 4528 2695 4583 matrisin
2719 4539 2875 4597 partu
2896 4528 3131 4595 dolores,
3155 4539 3210 4584 et
3262 4532 3448 4590 ubera.

174 4622 232 4675 in
272 4620 595 4685 visceribus,
632 4622 795 4677 simul
823 4623 1041 4692 quidem
1073 4634 1127 4678 et
1158 4625 1406 4678 utﬁlium
1440 4624 1759 4681 desideran-
1793 4626 1835 4680 D
1864 4635 1985 4689 quae
2016 4628 2095 4685 ῐιιν
2128 4621 2218 4689 (illi
2252 4636 2308 4675 BS
2332 4622 2558 4675 υηιηῖεκ
2590 4631 2743 4690 Pam?
2767 4622 3295 4691 Ρειτυοίυεςευιίειίν
3326 4639 3454 4680 cum

174 4724 281 4777 tes,
308 4720 362 4767 et
393 4711 681 4780 cupientes
707 4713 949 4783 conspici
985 4725 1242 4783 parentes
1285 4716 1429 4784 ejus,
1491 4715 1581 4784 qui
1628 4717 1766 4772 adeo

175 4805 359 4859 clarus
397 4811 516 4859 erat
546 4802 850 4860 miraculis.
880 4804 1050 4859 Mater
1070 4822 1199 4875 ergo
1233 4822 1341 4861 non
1398 4806 1583 4863 ferens
1643 4826 1765 4864 cor-

174 4900 263 4954 dis
290 4902 583 4969 impetum,
611 4898 894 4964 arbitrata,
925 4915 1047 4955 esse
1078 4902 1206 4970 quid
1239 4917 1465 4971 parvum
1506 4914 1561 4956 et
1603 4904 1757 4957 nihili

177 4993 515 5059 faciendum,
551 5003 605 5048 et
646 5008 750 5047 non
790 4996 922 5050 satis
954 4997 1164 5050 firmam
1192 4997 1294 5067 pia:
1326 4998 1488 5050 matri
1525 5013 1759 5052 excusa-

180 5087 388 5139 tionem
414 5086 515 5141 via
550 5084 947 5153 longitudinem
985 5096 1039 5141 et
1073 5089 1376 5143 senectutis
1419 5089 1764 5145 imbecillita-

180 5185 312 5241 tem,
367 5180 560 5231 horum
637 5178 882 5231 omnium
959 5180 1163 5234 nullam
1238 5180 1447 5238 ducens
1472 5183 1763 5251 rationem,

182 5267 425 5341 profecta
460 5268 715 5339 Byzantio
749 5269 815 5323 ad
856 5270 931 5331 id,
978 5272 1121 5339 quod
1164 5272 1275 5342 jam
1342 5275 1492 5342 prius
1510 5275 1768 5339 diximus,

179 5358 543 5416 Charsianum
595 5360 902 5415 incredibili
942 5363 1188 5429 pervenit
1219 5362 1519 5417 celeritate.
1568 5364 1772 5422 Deinde

179 5468 303 5509 cum
344 5454 645 5518 aSpexisset
689 5469 880 5507 eorum
918 5454 1344 5523 multitudinem,
1389 5456 1481 5525 qui
1545 5458 1764 5516 assidue

176 5541 516 5599 accedebant
540 5545 607 5597 ad
635 5544 972 5614 sepulcrum,
1016 5556 1071 5601 et
1126 5547 1352 5611 donum,
1409 5550 1552 5619 quod
1616 5566 1764 5605 asse-

177 5636 515 5705 quebantur,
552 5635 642 5700 qui
680 5637 868 5691 multis
900 5648 952 5690 et
990 5640 1155 5693 variis
1182 5639 1504 5695 laborabant
1558 5642 1765 5696 morbis

178 5737 235 5781 et
260 5724 666 5787 affectionibus,
696 5737 750 5781 et
771 5746 930 5798 quam
959 5730 1191 5786 celerem
1216 5732 1657 5801 adipiscebantur
1674 5751 1769 5788 cu-

290 5910 693 5975 "Joan.i,15.

1871 4725 2028 4766 esses
2056 4711 2237 4765 adhuc
2260 4710 2460 4767 infans.
2495 4710 2696 4765 Curam
2725 4727 2853 4781 gere
2879 4721 3191 4780 parentum,
3262 4728 3451 4769 curam

1868 4818 1994 4874 gere
2023 4814 2403 4875 cognatorum.
2432 4804 2760 4867 Laetabitur,
2791 4814 2875 4859 sat
2908 4806 3041 4867 scio,
3067 4806 3233 4873 Deus,
3291 4824 3453 4877 quem

1869 4906 1923 4951 tu
1956 4898 2335 4953 honorandum
2370 4899 2648 4954 censesrin
2712 4899 3052 4971 parentibus,
3103 4915 3241 4968 quos
3299 4902 3456 4971 jubet

1867 4990 2012 5045 illius
2052 5000 2383 5062 praeceptum
2418 4992 2710 5055 honorare,
2746 5000 2937 5062 utpote
2961 4991 3109 5062 quod
3158 5006 3255 5060 per
3303 4992 3454 5062 ipsos

1868 5082 2044 5139 honor
2079 5084 2145 5138 ad
2191 5083 2342 5138 illum
2389 5082 2617 5138 feratur.
2664 5082 2797 5137 Nam
2844 5093 2898 5137 et
2949 5084 3159 5154 primus
3209 5086 3454 5141 omnium

1870 5185 1955 5231 est
1994 5185 2169 5246 pater,
2204 5186 2257 5231 et
2288 5176 2489 5248 opifex,
2523 5186 2580 5231 et
2607 5191 2795 5243 causa,
2836 5186 2895 5232 ut
2917 5177 2985 5231 ad
3038 5179 3165 5245 hoc,
3222 5186 3283 5232 ut
3320 5179 3453 5240 sint,

1872 5268 2266 5337 producantur.

1940 5360 2084 5416 Xlll.
2122 5360 2248 5414 llaec
2272 5359 2429 5425 dixit,
2460 5369 2517 5416 et
2538 5362 2693 5432 jubet
2721 5363 2833 5417 tolli
2863 5363 3125 5433 lapidem,
3159 5372 3213 5418 et
3238 5379 3453 5433 capsam

1881 5455 2022 5510 trahi
2050 5463 2199 5508 extra
2229 5460 2670 5509 munumentum.
2716 5454 2876 5521 Quod
2898 5472 3023 5511 cum
3054 5457 3254 5509 factum
3288 5469 3453 5521 esset,

1878 5550 1969 5604 ubi
2008 5563 2070 5603 ea
2098 5547 2343 5618 jubente,
2376 5557 2598 5616 apertus
2650 5557 2735 5602 est
2760 5550 2989 5612 loculus,
3018 5548 3263 5603 cernitur
3299 5551 3462 5604 mira-

1878 5640 2083 5705 culum,
2119 5650 2173 5694 et
2195 5640 2262 5693 ad
2299 5638 2593 5693 videndum
2627 5639 3051 5707 diviuissimum,
3082 5651 3137 5695 et
3164 5641 3229 5695 ad
3264 5642 3453 5697 dicen-

1880 5737 2008 5789 dum
2036 5733 2524 5805 jucundissimum,
2561 5743 2614 5789 et
2645 5735 2712 5791 ad
2742 5752 2828 5800 ea,
2879 5752 2997 5805 quae
3039 5743 3456 5807 prmcesseranr,
