4226 6436
788 432 893 493 495

2107 421 2390 482 MENSIS
2429 422 2722 484 JULIUS.

3950 416 4048 477 496

788 543 1158 628 confirmanda
1190 542 1601 600 validissimum.
1628 541 1822 595 Decem
1867 548 1920 594 et
1968 546 2089 594 octo
2140 550 2360 591 menses
2398 544 2439 597 Α
2473 535 2857 589 miraculorum
2890 533 3025 588 tales
3082 532 3326 588 ostendit
3359 532 3589 586 radios?
3637 531 3714 584 Ex
3744 538 3795 583 te
3821 528 4048 598 pulcher

789 641 1164 710 praterierant
1184 645 1304 707 post
1332 644 1585 702 mortem,
1611 636 1771 704 etqui
1800 642 1878 688 tot
1917 641 2043 685 ante
2080 629 2198 684 dies
2244 635 2362 682 erat

789 748 1057 799 mortuus,
1084 732 1288 787 nullum
1314 729 1507 785 habuit
1539 729 1775 799 signum,
1807 741 1917 780 non
1965 723 2212 794 corporis
2262 720 2365 775 ﬂu-

790 828 1028 893 xionem,
1053 840 1156 881 non
1172 822 1509 895 compaginis
1526 819 1879 884 solutionem,
1898 832 2005 871 non
2023 815 2205 871 carnis
2226 828 2357 869 cono

790 920 1179 990 sumptionem,
1201 931 1307 970 non
1344 915 1644 983 nigrorem,
1666 925 1774 964 non
1804 908 2011 975 aliquid
2035 908 2179 978 quod
2214 917 2362 961 esset

789 1012 1098 1072 evanidum,
1134 1005 1392 1076 autquod
1448 1003 1824 1065 emarcuisset,
1892 1011 1946 1055 et
2004 1008 2150 1055 esset
2189 999 2359 1067 lique-

789 1106 989 1159 factum
1020 1121 1032 1156 :
1069 1102 1162 1156 sed
1202 1108 1345 1154 totus
1376 1098 1658 1153 videbatur
1710 1109 1928 1158 recens,
1963 1092 2192 1163 perinde
2228 1105 2292 1143 ac
2316 1088 2361 1142 si

789 1212 965 1267 nuper
1006 1211 1127 1249 eum
1174 1192 1483 1259 reliquisset
1512 1190 1716 1243 anima.
1748 1184 2151 1255 Propemodum
2209 1182 2359 1235 vide-

791 1292 985 1345 bantur
1016 1302 1137 1342 esse
1168 1285 1409 1339 membra
1443 1296 1563 1337 cum
1592 1290 1762 1345 motu,
1794 1294 1945 1349 gena:
1970 1292 2093 1331 cum
2141 1275 2359 1339 rubore,

789 1384 939 1439 labra
962 1396 1085 1436 cum
1115 1378 1264 1442 ﬂore,
1305 1392 1366 1431 os
1396 1391 1520 1432 cum
1563 1372 1834 1427 anhelitu.
1862 1369 2270 1430 Existimasses,
2309 1368 2363 1418 te

790 1490 917 1531 eum
976 1474 1199 1527 omnino
1255 1469 1439 1523 videre
1494 1481 1605 1520 non
1664 1472 1962 1526 mortuum,
2022 1460 2117 1514 sed
2188 1456 2366 1528 potius

790 1566 1175 1628 dormientem,
1199 1570 1293 1615 aut
1322 1560 1559 1629 seipsum
1590 1555 1953 1624 colligentem,
1981 1562 2034 1607 et
2055 1551 2367 1621 diligentius

791 1658 990 1729 aliquid
1026 1656 1397 1709 meditantem.
1428 1651 1596 1705 Porro
1632 1644 2197 1715 autemipszetuniczc,
2235 1642 2366 1711 ipsa:

791 1763 966 1807 vestes
996 1748 1241 1820 stragula:
1279 1747 1414 1799 adeo
1467 1752 1623 1797 erant
1672 1744 1897 1809 integrae
1932 1746 1987 1791 et
2046 1735 2244 1798 illaesx,
2310 1744 2364 1787 ct

793 1846 939 1897 nullo
970 1844 1297 1897 detrimento
1346 1836 1550 1889 affectae
1597 1833 1761 1904 (quod
1817 1828 2012 1884 attinet
2059 1827 2127 1881 ad
2183 1826 2366 1894 sepul-

2474 627 2691 696 quidem
2716 626 3041 696 germinavit
3080 627 3311 695 palmes,
3339 625 3433 679 sed
3462 625 3602 691 apud
3648 639 3747 677 nos
3789 624 4047 691 produxit

2474 719 2659 772 botros
2686 718 3096 781 miraculorum,
3131 727 3185 771 et
3209 716 3259 771 ei
3284 716 3507 785 plaCuit,
3535 727 3591 769 ut
3619 731 3719 769 nos
3744 718 4047 767 frueremur

2475 818 2654 862 musto
2719 807 3014 878 gratiarum
3078 816 3131 860 et
3171 806 3542 860 curationum.
3598 806 3720 858 Non
3757 814 3880 857 erat
3942 804 4047 858 Deo

2473 899 2709 963 difficile,
2730 899 2773 952 si
2795 898 2934 952 unde
2953 898 3236 967 processit,
3263 913 3384 951 eum
3411 897 3672 951 voluisset
3706 896 3838 948 illuc
3868 910 4048 949 rursus

2474 992 2771 1047 divertere.
2802 990 2878 1044 Ne
2915 990 3150 1045 videaris
3176 1006 3304 1059 ergo
3362 1003 3664 1058 repugnare
3694 989 3910 1057 judicio
3962 986 4048 1039 Dei

2475 1093 2527 1139 et
2560 1084 2849 1146 voluntati,
2884 1098 3064 1152 neque
3096 1082 3256 1136 nobis
3286 1082 3497 1135 divinas
3523 1082 3723 1150 gratias
3783 1080 4047 1132 invideas.

2475 1176 2549 1231 Ne
2582 1191 2684 1231 nos
2716 1174 2865 1229 fonte
2899 1175 3227 1244 privaveris,
3262 1175 3352 1243 qui
3387 1188 3496 1225 non
3539 1172 3698 1225 nobis
3752 1172 3911 1231 solis,
3961 1174 4048 1225 sed

2474 1269 2635 1323 etiam
2665 1266 3027 1321 communiter
3056 1264 3311 1318 omnibus
3344 1262 3511 1316 estad
3534 1261 3826 1315 fruendum
3862 1276 4052 1330 propo—

2475 1360 2633 1413 situs.
2686 1359 2766 1413 Ad
2824 1358 3052 1426 gloriam
3111 1357 3205 1410 tibi
3232 1354 3457 1419 sufficit,
3513 1353 3659 1424 quod
3721 1356 3841 1422 ejus
3886 1365 4055 1407 mater

2474 1456 2815 1522 apparueris,
2860 1452 3098 1521 decujus
3129 1451 3290 1503 etiam
3343 1456 3563 1502 mortuo
3613 1460 3850 1511 corpore
3916 1454 4054 1497 tanta

2473 1557 2556 1600 est
2609 1548 2909 1601 contentio.
2983 1544 3092 1596 Nos
3151 1548 3388 1612 priuscx
3444 1541 3546 1592 hac
3575 1538 3816 1604 expelles
3862 1536 4055 1605 patria,

2474 1655 2636 1708 quam
2664 1638 2767 1693 hoc
2800 1639 2944 1692 bono
2974 1637 3133 1691 nobis
3168 1652 3197 1691 a
3258 1634 3369 1688 Deo
3410 1635 3536 1687 dato
3584 1641 3831 1686 nostram
3878 1631 4056 1699 prives

2474 1734 2728 1803 patriam.
2773 1731 2863 1783 Illa
2898 1740 3187 1799 postquam
3230 1728 3346 1780 haec
3381 1725 3661 1787 audiisset,
3702 1726 3888 1777 sciens
3941 1736 4057 1774 esse

2476 1820 2579 1874 sibi
2642 1819 2860 1889 aliquod
2948 1818 3251 1888 sapientius
3324 1814 3653 1884 capiendum
3740 1814 4055 1875 consilium,

794 1934 993 2004 turam)
1015 1942 1174 2001 atque
1203 1931 1244 1983 si
1269 1929 1503 1983 fuissent
1536 1902 1724 1994 posita:
1764 1923 1817 1976 in
1845 1936 1988 1985 arca,
2044 1928 2099 1974 et
2126 1917 2360 1988 diligen-
2393 1902 2437 1961 Β
2471 1912 2697 1982 quievit.
2730 1911 2936 1965 Deinde
2976 1921 3157 1966 autem
3190 1908 3590 1977 cumjussisset
3622 1920 3816 1960 omnes
3856 1905 4057 1968 valere,

792 2040 873 2083 tcr
902 2026 1202 2081 custoditus.
1248 2020 1341 2073 Est
1375 2018 1605 2071 mortuis
1636 2013 1959 2082 corporibus
1989 2024 2057 2063 ex
2114 2023 2175 2061 se
2233 2006 2366 2076 quid

793 2116 1144 2189 iujucundum
1176 2129 1237 2167 ac
1273 2120 1493 2164 tetrum.
1552 2108 1647 2161 Est
1684 2104 1927 2158 vestibus
1982 2114 2196 2169 quoque
2248 2112 2368 2165 qua:

794 2188 952 2281 longo
984 2205 1556 2276 tcmporejacuerunt,
1596 2206 1650 2252 et
1692 2196 1812 2250 aliis
1864 2190 2130 2265 ejusmodi
2196 2188 2368 2242 malus

793 2304 1012 2375 quidam
1041 2301 1196 2363 odor,
1228 2307 1281 2351 et
1307 2297 1397 2364 qui
1435 2292 1666 2348 oﬂcndit
1700 2289 2009 2346 odoratum.
2042 2284 2156 2339 lllic
2184 2291 2366 2336 autem

792 2374 929 2452 nihil
953 2391 1245 2466 ejusmodi,
1275 2391 1367 2444 sed
1401 2391 1576 2441 bonus
1606 2384 1763 2445 odor,
1801 2390 1854 2434 et
1877 2379 2075 2449 gratia,
2117 2384 2171 2429 et
2216 2374 2367 2427 dele-

794 2490 979 2553 ctatio,
1012 2496 1264 2556 tanquam
1288 2496 1398 2536 non
1436 2476 1651 2548 aliquod
1684 2473 1993 2543 sepulcrum
2022 2477 2077 2522 et
2131 2466 2364 2526 loculus.

795 2584 889 2638 sed
917 2580 1106 2635 hortus
1146 2584 1289 2630 esset
1312 2582 1553 2644 apertus.
1586 2566 1895 2621 Probantur
1920 2577 1982 2615 ea
2029 2574 2150 2631 quae
2222 2557 2369 2611 dicta

793 2686 941 2735 sunt,
977 2682 1033 2729 et
1062 2669 1207 2741 quod
1237 2679 1436 2735 corpus
1471 2670 1616 2716 esset
1647 2659 1827 2713 adhuc
1859 2655 2133 2724 integrum
2178 2660 2234 2705 et
2278 2665 2367 2704 re-

792 2780 943 2829 cens,
978 2779 1042 2819 ex
1064 2763 1168 2816 hoc
1197 2757 1342 2829 quod
1366 2753 1630 2825 sequitur.

864 2857 1004 2913 XlV.
1036 2852 1267 2919 Quidam
1304 2846 1632 2907 monachus,
1662 2841 1866 2908 Joseph
1910 2838 2152 2899 nomine,
2192 2847 2369 2887 sacer—

794 2956 913 3018 dos,
934 2950 1089 3019 etqui
1109 2943 1294 3017 pietati
1315 2940 1592 3001 studebat,
1620 2950 1741 2990 cum
1768 2943 1898 2986 tunc
1919 2932 2155 2993 adesset,
2181 2926 2367 2996 subje-

794 3015 1195 3099 ctis—manibus,
1226 3042 1279 3086 et
1306 3030 1588 3099 amplexus
1610 3032 1906 3085 mortuum,
1933 3022 2234 3076 conabatur
2260 3015 2370 3070 eri‘

793 3132 1041 3206 gereJlle
1061 3137 1242 3184 autem
1275 3123 1568 3180 cedebatet
1587 3118 1878 3171 videbatur
1904 3127 2117 3181 parere,
2145 3121 2199 3163 et
2221 3109 2367 3177 seip-

797 3202 917 3281 sum
972 3205 1979 3280 tradere.Erectusitaquefuitvirille
2014 3202 2365 3264 admirabilis,

795 3314 1038 3371 articulis
1071 3318 1127 3364 et
1145 3305 1499 3376 compagibus
1524 3311 1671 3354 recte
1700 3298 1844 3351 inter
1866 3309 1990 3349 sese
2015 3292 2368 3347 habentibus.

795 3406 948 3473 Quod
979 3418 1103 3457 cum
1138 3400 1358 3453 vidisset
1390 3394 1690 3465 presbyter,
1725 3399 1780 3443 et
1819 3398 1968 3443 metu
1999 3396 2143 3439 esset
2194 3382 2373 3452 reple-

799 3512 904 3561 tus,
940 3494 1144 3563 rogavit
1190 3500 1248 3543 ut
1279 3488 1623 3558 permitteret
1654 3498 1715 3535 ea
1757 3480 1994 3541 auferre,
2027 3475 2225 3542 quibus
2257 3482 2373 3525 crat

796 3561 1041 3641 indutus.
1073 3582 1195 3648 Ipse
1228 3586 1411 3631 autem
1434 3588 1626 3627 rursus
1651 3570 1851 3641 paruit,
1879 3578 1934 3621 ct
1996 3580 2188 3618 manus
2213 3561 2374 3616 remi-

796 3680 866 3735 sit
905 3672 1226 3746 presbytero
1250 3676 1305 3723 et
1364 3665 1554 3736 pedes,
1601 3664 1747 3717 utiis
1773 3669 2020 3714 uteretur
2078 3663 2135 3708 ut
2192 3655 2369 3706 vellet.

796 3744 959 3825 Exuit
1006 3744 1134 3834 ergo
1187 3776 1312 3815 eum
1362 3756 1621 3812 sacerdos
1674 3752 1883 3815 tunica,
1938 3758 1994 3803 et
2042 3762 2167 3801 eum
2198 3744 2369 3798 altera

796 3860 992 3918 induit.
1017 3858 1059 3910 A
1091 3854 1319 3925 pedibus
1369 3863 1497 3904 vero
1534 3853 1751 3901 amovet
1778 3858 1886 3897 non
1926 3842 2099 3897 solum
2132 3842 2370 3902 calceos,

795 3956 889 4009 sed
923 3968 988 4007 ea
1015 3949 1203 4012 etiam,
1232 3959 1353 4015 qua:
1397 3944 1548 3996 intus
1577 3946 1735 3996 erant
1787 3952 1850 3992 ex
1910 3936 2087 3990 serico
2119 3935 2369 4001 imposita

796 4050 1047 4122 pedibus.
1074 4044 1199 4100 ﬂare
1238 4054 1368 4111 ergo
1422 4039 1605 4092 omnia
1659 4046 1767 4089 tam
1802 4032 1959 4086 facile
1996 4030 2143 4092 fecit,
2168 4028 2374 4081 etcitra

798 4118 967 4195 ullum
1012 4137 1274 4198 laborem,
1366 4127 1593 4198 perinde
1644 4142 1708 4179 ac
1740 4126 1782 4178 si
1844 4123 1936 4178 ille
1978 4136 2140 4191 opem
2208 4118 2377 4173 ferret

797 4230 1093 4292 sacerdoti,
1157 4236 1210 4281 et
1297 4240 1358 4280 se
1433 4222 1697 4284 traderet,
1799 4226 1856 4272 ut
1937 4231 2003 4270 eo
2089 4210 2376 4267 commode

799 4327 871 4380 uti
899 4332 1105 4394 posset.
1169 4316 1377 4372 Deinde
1442 4328 1570 4368 eum
1636 4325 1834 4365 rursus
1890 4307 2123 4361 reclinat
2178 4304 2234 4355 in
2289 4317 2373 4362 ca,

797 4436 899 4490 qua
932 4418 1084 4486 prius
1140 4420 1277 4477 erat,
1331 4408 1537 4477 figura:
1594 4404 1730 4459 adeo
1761 4413 1817 4457 ut
1874 4401 1927 4454 id
1971 4408 2142 4454 totum
2193 4395 2377 4449 divino

799 4486 1001 4568 factum
1082 4507 1153 4562 sit
1230 4501 1489 4563 consilio,
1550 4495 1696 4567 quod
1749 4495 1829 4548 sic
1879 4492 2129 4562 sepultus
2189 4486 2374 4549 fuerit,

2471 2006 2693 2061 domum
2731 2006 3047 2060 revertitur.
3084 2005 3177 2057 llle
3202 2019 3331 2059 vero
3361 2004 3483 2071 pius
3536 2004 3589 2054 in
3626 2002 3819 2070 primis
3867 2012 4060 2053 mona-

2471 2100 2610 2154 chus
2638 2108 2694 2153 et
2709 2098 3070 2162 sacerdos,dc
3089 2112 3195 2164 quo
3220 2096 3368 2165 prius
3399 2095 3652 2157 diximus,
3696 2107 3822 2147 cum
3842 2104 4058 2147 reman-

2472 2194 2652 2258 sisset,
2687 2202 2742 2247 ct
2770 2191 2981 2246 dierum
3069 2189 3425 2245 multitudine
3465 2204 3685 2242 omnem
3734 2187 4065 2255 expulsisset

2471 2288 2860 2357 suspicionem,
2887 2296 2941 2340 et
2968 2286 3023 2339 in
3047 2301 3109 2339 eo
3133 2283 3491 2339 custodiendo
3508 2282 3785 2336 effecisset
3806 2279 4060 2335 custodes

2474 2378 2844 2442 socordiores,
2904 2386 3071 2430 noctu
3121 2376 3421 2444 ingressus,
3456 2375 3704 2429 divinum
3758 2371 4064 2425 suﬂ'uratus

2474 2477 2557 2523 est
2587 2471 2931 2533 thesaurum,
2954 2480 3005 2522 et
3038 2485 3161 2522 cum
3197 2469 3345 2521 furto
3366 2466 3597 2534 aufugit.
3649 2466 3756 2518 Sed
3789 2466 3932 2518 odor
3963 2463 4067 2517 mi-

2476 2562 2786 2617 raculorum
2823 2561 3068 2616 ostendit
3102 2571 3471 2632 unguentum,
3492 2558 3640 2629 quod
3671 2558 3977 2619 celabatur,
4010 2565 4064 2608 et

2476 2657 2793 2713 morborum
2826 2656 3040 2711 curatio
3070 2654 3171 2709 fuit
3207 2655 3338 2708 furti
3374 2652 3704 2708 accusatrix.

2544 2746 2683 2801 XVI.
2715 2746 2911 2800 Mulier
2944 2748 3089 2801 enim
3130 2750 3402 2814 quaedam,
3438 2748 3568 2800 dum
3614 2747 3660 2799 is
3683 2746 3738 2798 in
3771 2746 3858 2799 via
3885 2745 4063 2798 ferre-

2476 2848 2585 2903 tur,
2608 2848 2661 2892 et
2687 2840 2923 2907 quicum
2955 2839 3204 2894 ferebant
3253 2842 3305 2891 in
3335 2840 3595 2907 quodam,
3669 2847 3728 2891 ut
3783 2848 3867 2890 est
3934 2850 4065 2891 con-

2476 2940 2824 2993 sentaneum,
2874 2932 3074 2986 vellent
3103 2931 3224 2985 loco
3254 2932 3599 2999 requiescere
3625 2946 3637 2982 :
3664 2929 3780 2993 illa,
3813 2930 4063 2996 inquam,

2475 3038 2597 3075 cum
2632 3038 2662 3075 a
2699 3023 2934 3093 maligno
2963 3033 3255 3077 vexaretur
3274 3022 3492 3091 spiritu,
3530 3024 3582 3075 in
3610 3024 3848 3076 loculum
3874 3023 4061 3082 irruit,

2477 3124 2529 3169 et
2551 3116 3022 3185 graviterinsiliit,
3056 3124 3109 3168 et
3129 3116 3299 3169 veluti
3324 3132 3353 3168 a
3379 3131 3576 3186 magno
3601 3115 3769 3168 ﬂuctu
3803 3116 3907 3169 fuit
3932 3130 4061 3169 exa-

2476 3208 2662 3275 gitata.
2728 3207 2933 3262 Deinde
2984 3224 3107 3261 cum
3196 3208 3835 3276 sanctumlturpissimis
3916 3217 4064 3261 esset

2475 3295 2736 3351 insectata
2774 3300 3094 3361 maledictis,
3137 3313 3248 3350 non
3296 3297 3386 3349 illa
3434 3297 3652 3365 quidem
3678 3300 3933 3359 omnino,
3969 3297 4062 3349 sed

2475 3390 2566 3454 qui
2601 3405 2720 3443 eam
2770 3390 3137 3454 inhabitabat,
3190 3403 3352 3458 quem
3408 3388 3785 3443 adversarium
3831 3388 4062 3453 dixeris,

2478 3488 2633 3544 fortis
2666 3486 2755 3540 ille
2788 3487 2856 3540 ab
2888 3502 2955 3539 eo
2989 3500 3289 3554 percussus
3322 3484 3574 3547 recessit,
3602 3484 3793 3538 abiens
3827 3486 3880 3536 in
3925 3482 4061 3545 loca,

2476 3584 2543 3638 ad
2573 3596 2691 3651 quat
2723 3597 2751 3633 a
2794 3580 2904 3633 Deo
2936 3579 3116 3632 fuerat
3141 3578 3564 3633 condemnatus.
3595 3577 3686 3631 Illa
3707 3589 3893 3631 autem
3933 3593 4063 3630 sana

2476 3677 2693 3729 domum
2721 3686 2909 3724 rursus
2952 3679 3036 3724 est
3087 3684 3330 3723 reversa.
3394 3669 3511 3721 Non
3570 3669 3790 3737 longum
3846 3680 4062 3736 tempus

2478 3767 2880 3825 intercesserat,
2912 3771 2967 3816 et
3020 3760 3168 3830 virgo
3203 3759 3449 3828 quaedam
3482 3760 3735 3827 przel'ccta
3788 3768 4064 3810 monaste-

2479 3854 2731 3924 rii,,quod
2786 3853 3081 3906 vocabatur
3114 3850 3475 3907 Mantineum,
3524 3862 3646 3901 cum
3681 3854 3899 3901 secreto
3930 3863 4065 3917 quo-

2479 3951 2603 4005 dam
2629 3960 2681 4001 et
2707 3946 2858 4018 gravi
2890 3942 3080 4000 morbo
3103 3942 3397 4005 laboraret,
3418 3949 3473 3995 et
3501 3956 3610 3994 non
3636 3949 3816 4008 posset
3846 3956 4063 4009 graves,

2478 4056 2611 4109 quos
2647 4037 2920 4093 sentiebat
2950 4051 3015 4090 ex
3049 4050 3134 4100 eo,
3168 4033 3308 4087 ferre
3333 4034 3572 4093 dolores,
3602 4047 3721 4085 cum
3754 4034 4068 4085 rescivisset

2481 4130 2611 4184 illud
2645 4138 2923 4184 mortuum
2984 4128 3151 4180 vitam
3208 4124 3444 4178 aﬂerens
3506 4137 3705 4193 corpus
3741 4122 3951 4187 aﬂ'erri,
4012 4134 4065 4177 et

2481 4236 2677 4291 magna
2711 4219 2815 4274 fide
2850 4217 3085 4274 etanimi
3107 4216 3304 4273 ardore
3356 4216 3405 4269 ei
3469 4214 3609 4268 facta
3668 4214 3911 4277 obviam,
3950 4227 4068 4268 tan-

2480 4328 2642 4381 quam
2672 4313 2879 4366 viventi
2910 4320 2965 4365 et
2995 4310 3236 4364 audienti
3268 4319 3458 4363 sancto
3484 4309 3549 4361 ad
3581 4306 3822 4361 loculqu
3848 4306 3898 4360 ei
3920 4322 4068 4360 mor-

2481 4407 2608 4459 bum
2644 4404 2891 4465 dixisset,
2946 4402 3187 4456 ardentis
3252 4400 3376 4453 fidei
3418 4397 3750 4463 mercedem,
3830 4400 4065 4455 celerem

2482 4496 2691 4550 invenit
2720 4496 3081 4548 curationem.
3118 4492 3400 4562 Ejusmodi
3436 4491 3694 4547 miracula
3759 4492 3991 4553 iaciens.
4014 4504 4068 4545 et

800 4616 859 4661 ut
895 4613 1012 4659 erat
1059 4608 1221 4653 antea
1252 4614 1265 4649 :
1296 4602 1356 4648 ut
1421 4593 1504 4647 vel
1576 4606 1642 4643 ex
1694 4588 1797 4641 hoc
1837 4594 1981 4642 esset
2031 4580 2374 4637 manifestum
2409 4592 2455 4650 υ
2483 4606 2601 4645 eam
2629 4605 2657 4643 a
2698 4588 2808 4643 ι)ρο
2834 4588 3059 4658 gloriam
3093 4587 3427 4656 admiscens,
3473 4585 3790 4657 Byzantium
3842 4586 4065 4639 tandem

795 4700 1069 4757 omnibus,
1113 4690 1258 4762 quod
1320 4695 1445 4757 post
1528 4681 1866 4754 sepulturam
1941 4674 2201 4731 manserit
2253 4687 2377 4725 cor-

798 4809 899 4862 pus
981 4786 1260 4857 potentius
1339 4778 1567 4835 interitu
1638 4784 1693 4830 et
1766 4771 2149 4829 dissolutione.
2220 4764 2375 4828 Quod

800 4886 1014 4955 quidem
1040 4880 1214 4933 visum
1241 4873 1427 4929 multis
1462 4870 1809 4927 daemonibus
1853 4874 1907 4919 et
1954 4866 2163 4920 morbis
2213 4878 2377 4919 causa

802 4980 923 5039 fuit,
954 4983 1013 5027 ut
1055 4972 1354 5039 fugerent;
1400 4974 1457 5019 et
1484 4962 1707 5016 merito.
1754 4961 1811 5011 Si
1857 4959 2002 5011 enim
2054 4959 2214 5010 etiam
2255 4972 2379 5009 cum

801 5080 946 5121 esset
971 5063 1321 5124 absconsum,
1352 5063 1467 5111 erat
1487 5054 1570 5109 eis
1600 5050 1866 5115 terribile,
1898 5056 2184 5118 postquam
2207 5063 2379 5117 appa-

804 5161 911 5214 ruit
936 5153 1207 5225 quomodo
1239 5164 1350 5205 non
1390 5156 1536 5203 esset
1591 5142 1884 5213 ejusmodi,
1938 5153 1995 5194 ut
2042 5156 2150 5193 non
2201 5148 2380 5208 posset

804 5248 1026 5304 omnino
1046 5242 1303 5299 sustineri
1325 5240 1348 5295 ?

877 5340 987 5393 XV.
1012 5337 1151 5404 Quid
1194 5332 1459 5406 posthaec
1493 5340 1576 5385 est
1604 5336 1961 5384 consecutum
1995 5326 2017 5379 ?
2073 5324 2382 5379 Contende-

806 5436 896 5487 bat
926 5439 1118 5491 mater,
1151 5440 1307 5482 sacro
1339 5422 1553 5479 sublato
1594 5435 1845 5488 corpore.
1875 5420 2096 5474 demum
2155 5419 2379 5472 reverti.

809 5526 932 5579 Haec
953 5521 1120 5584 enim,
1144 5518 1375 5581 dicebat,
1404 5516 1561 5571 stella
1600 5530 1667 5569 ex
1695 5529 1814 5568 meo
1849 5524 2038 5567 ventre
2093 5527 2211 5566 orta
2277 5521 2378 5564 est.

808 5619 909 5684 Qui
947 5624 1125 5670 autem
1150 5610 1202 5663 in
1229 5623 1291 5663 ea
1321 5607 1639 5662 habitabant
1683 5606 1927 5675 regione,
1980 5604 2382 5658 contendebant

812 5725 919 5762 non
948 5704 1271 5765 concedere,
1313 5709 1371 5753 ut
1404 5700 1456 5751 id
1478 5698 1881 5769 aggrederetur,
1914 5697 2053 5748 Nam
2079 5696 2205 5761 etsi,
2233 5695 2381 5748 dieeo

814 5803 966 5863 bant,
994 5812 1057 5849 ex
1082 5803 1133 5848 te
1162 5790 1428 5863 processit
1454 5790 1539 5844 illa
1562 5789 1736 5853 stella,
1766 5789 2009 5843 cernitur
2039 5795 2217 5840 tamen
2243 5786 2383 5855 apud

816 5909 910 5950 nos
926 5892 1206 5949 occidisse.
1228 5887 1654 5956 Quomodocrgo
1679 5898 1800 5939 eum
1823 5901 1850 5941 ει
1868 5883 2025 5937 nobis
2039 5883 2276 5946 auferes,
2296 5881 2384 5949 qui

2476 4683 2846 4739 introducitur
2896 4696 3096 4750 corpus
3169 4680 3491 4748 parentibus
3572 4680 4065 4749 jucundissimum,

2481 4775 2911 4843 mortalibusque
2945 4770 3322 4839 utilissimum,
3361 4772 3515 4826 malis
3550 4773 3838 4840 spiritibus
3871 4781 4067 4840 poten-

2483 4869 2609 4928 tius,
2639 4863 3052 4931 :egritudinibus
3082 4872 3136 4917 et
3166 4865 3370 4917 morbis
3399 4862 3651 4927 validius,
3693 4862 4067 4917 medicamen-

2485 4969 2599 5012 tum
2634 4972 2756 5010 verc
2788 4956 3207 5023 inexpugnabile
3242 4971 3255 5007 :
3304 4970 3483 5025 neque
3517 4956 3707 5011 valens
3746 4956 3929 5010 solum
3967 4959 4068 5012 ad-

2484 5064 2673 5102 versus
2710 5063 2876 5102 unum
2910 5046 3183 5108 morbum,
3212 5046 3327 5109 sed,
3372 5058 3429 5101 ut
3459 5046 3628 5101 semel
3676 5043 3877 5110 dicam.
3935 5048 4067 5099 resi-

2485 5152 2633 5193 stens
2660 5139 2931 5191 omnibus.

2558 5236 2727 5288 Mater
2750 5246 2877 5299 ergo
2913 5231 3030 5284 laeta
3058 5229 3149 5283 tali
3184 5228 3359 5282 reditu
3401 5228 3517 5293 lilii,
3545 5239 3599 5283 et
3626 5228 3789 5283 simul
3816 5240 3980 5289 caput
4016 5232 4065 5281 in

2484 5329 2703 5382 Christo
2732 5324 2941 5387 tollens,
2985 5323 3439 5391 splendoremque
3497 5329 3552 5374 et
3602 5310 4068 5389 magnificentiam

2487 5420 2538 5471 in
2594 5430 2840 5487 tempore
2918 5413 3240 5477 ostendens,
3310 5411 3522 5481 argenti
3585 5427 3783 5480 magno
3840 5424 4068 5482 sumptu

2486 5526 2701 5580 capsam
2737 5508 2913 5563 induit
2942 5527 2953 5561 :
2988 5524 3095 5563 non
3122 5510 3296 5562 solum
3340 5505 3392 5559 id
3427 5505 3656 5570 faciens,
3719 5515 3982 5575 tanquam
4016 5510 4069 5561 in

2487 5605 2711 5673 gratiam
2753 5602 2864 5661 filii,
2897 5604 2988 5654 sed
3019 5617 3143 5655 cum
3176 5598 3401 5652 studens
3451 5600 3740 5660 honorare,
3810 5608 4069 5669 tanquam

2491 5695 2583 5749 Dei
2622 5694 2853 5747 amicum
2888 5710 2901 5745 :
2961 5702 3015 5745 ut
3053 5689 3182 5743 illud
3242 5691 3460 5759 quidem
3498 5697 3644 5742 esset
3704 5701 3936 5749 natura),
3973 5693 4073 5745 hoc

2492 5803 2619 5841 vero
2655 5787 2723 5855 pii
2758 5784 2947 5849 animi,
2974 5794 3027 5837 ct
3058 5784 3255 5837 mentis
3283 5782 3453 5835 Deum
3513 5783 3770 5836 amantis.
3812 5781 3947 5835 Cum
3994 5784 4072 5836 sic

2492 5894 2619 5949 ergo
2658 5892 2870 5947 capsum
2910 5887 3133 5947 argento
3164 5885 3417 5947 parentes
3446 5877 3637 5945 Optimi
3667 5876 4069 5932 circumdedis-
