4226 6436
163 395 260 457 491

904 401 1367 462 MARTYRIUM
1410 403 1448 462 S
1510 401 1804 464 SOPl-IIAE
1847 407 1935 464 ΕΓ
1983 408 2354 468 FlLlARUM
2401 409 2596 468 EJUS.

3302 407 3403 465 4‘38

162 517 301 571 sent,
334 509 434 562 hoe
459 525 584 564 vere
615 525 828 566 sacrum
871 512 1131 582 templum
1190 512 1471 582 deponunt
1497 513 1551 567 in
1607 515 1728 584 pul-
1759 523 1805 580 Α
1835 530 2022 569 πηοτιυς
2054 515 2328 585 fugantur,
2362 515 2532 570 morbi
2565 515 2868 578 solvuntur,
2901 523 2953 569 el
2975 515 3114 568 Deus
3144 513 3198 567 in
3230 517 3405 567 omni-

159 597 290 652 chro
310 601 532 668 templo,
557 603 700 669 quod
731 604 829 672 ipsi
848 603 1087 672 Deiparaa
1106 613 1552 669 construxerant,
1577 621 1730 661 eom-

157 703 352 744 munes
381 691 691 748 hominibus
720 695 896 749 eﬁ'eeti
929 695 1327 758 benefactores,
1364 697 1492 752 dato
1563 699 1729 764 dono,

155 781 298 848 quod
329 785 639 839 extenditur
669 787 721 840 in
766 789 1156 856 sempiternum
1197 804 1209 839 :
1245 803 1340 856 per
1409 804 1566 859 quem
1621 791 1730 846 da:-

1839 607 1959 668 bus,
1993 615 2046 660 et
2076 623 2172 677 per
2202 607 2386 662 omnia
2415 606 3052 679 gloriﬁcatur.Quoniam
3090 621 3214 659 eum
3246 605 3406 660 decet

1839 700 2018 753 omnis
2047 698 2238 768 gloria.
2272 701 2448 754 honor
2478 710 2532 754 et
2561 699 2826 764 adoratio,
2877 711 3025 752 nunc
3078 704 3133 751 et
3191 709 3408 766 semper

1838 801 1892 846 et
1933 793 1986 846 in
2023 795 2216 852 szeeula
2235 794 2583 847 saeculorum.
2614 793 2804 845 Amen.
3287 805 3292 812 '

847 1067 1255 1219 MEN
1268 1065 1438 1220 SI
1455 1063 1555 1219 S
1674 1063 2737 1224 AUGUSTUS.

796 1410 1438 1507 ΜΑΡΤΥΡΙΟΝ
1511 1416 1741 1503 ΤΩΝ
1816 1408 2158 1501 ΑΓΙΩΝ
2232 1406 2801 1501 ΓΥΝΑΙΚΩΝ

1319 1771 1442 1826 ΚΑΙ
1473 1767 1610 1824 ΤΩΝ
1640 1767 2046 1824 ΘΥΓΑΤΕΡΩΝ
2076 1767 2309 1822 ΑΥΤΗΣ

471 1907 1180 2049 ΠΙΣΤΕΩΣ,
1282 1898 1971 2019 ΕΑΠΙΔΟΣ
2088 1902 2368 2012 ΚΑΙ
2483 1898 3149 2014 ΑΓΑΠΗΣ.

661 2199 1393 2294 MARTYBIUM
1471 2196 2185 2290 SANCTARUM
2267 2192 2912 2285 MULIERUM

1397 2370 2227 2490 SO‘PHl/E

1501 2559 1581 2609 ET
1616 2556 1766 2608 EJUS
1797 2553 2105 2607 FILIARUM

779 2681 1184 2816 FlDEl,
1324 2679 1603 2782 SPEI
1715 2676 1879 2778 ET
2012 2640 2834 2780 CHABITATIS.

526 2898 718 2958 (Latine
743 2894 869 2955 apud
892 2889 1092 2940 Surium
1118 2886 1178 2936 ad
1200 2887 1332 2935 diem
1363 2888 1377 2935 ι
1412 2885 1643 2947 Augusti;
1673 2884 1840 2935 Grece
1874 2899 1934 2934 ex
1965 2885 2068 2933 cod.
2103 2896 2192 2930 ms.
2220 2882 2375 2930 Grave.
2409 2884 2543 2930 Paris
2587 2894 2638 2929 n.
2669 2881 2922 2950 1526,5aec
2980 2883 3088 2937 ιιι.)

258 3198 335 3250 Α’.
369 3194 524 3249 Μετᾶ
566 3192 625 3245 τὸ
653 3191 1044 3260 διαγγελθῆναι
1085 3191 1363 3259 πανταχοῦ
1393 3191 1450 3242 τὸ
1493 3193 1762 3261 σωτήριον
1796 3191 1836 3256 Β

1796 3191 1836 3256 3‘
1936 3189 1974 3244 Ι.
2009 3187 2304 3260 Postquam
2341 3186 2806 3243 fuissetsalutaris
2862 3186 3174 3257 prmdicatio
3239 3186 3435 3258 ubique

185 3291 472 3358 κήρυγμα,
502 3284 853 3354 πλωρηθῆναί
896 3299 955 3336 τε
991 3281 1060 3335 τὰ
1095 3281 1272 3335 πάντα
1309 3280 1403 3334 τοῦ
1429 3282 1631 3349 γνῶναι
1667 3280 1760 3333 τὸν

187 3379 413 3449 λύριον,
447 3378 611 3429 οἱονεὶ
650 3375 902 3444 λείψανον
927 3375 1125 3436 κακίας
1164 3373 1439 3444 Ἀδριανὸς
1468 3375 1565 3444 τὴν
1594 3373 1756 3427 αὐτο-

187 3473 434 3539 κράτορα
479 3468 756 3536 Ῥημαίων
800 3468 1002 3518 διέπων
1029 3467 1222 3535 ἀρχὴν,
1257 3466 1456 3532 πολλὴν
1492 3467 1649 3536 εἴπερ
1676 3484 1758 3529 τις

186 3561 347 3621 ἄλλος
368 3558 466 3627 τὴν
513 3558 646 3626 πρὶς
671 3557 795 3618 τοὺς
823 3555 1212 3626 ψευδωνύμους
1241 3555 1394 3616 Θεοῦς
1417 3556 1763 3610 ἐπεδείκνυτο

188 3649 657 3719 δεισιδαιμονίαν,
711 3650 838 3711 τοὺς
891 3648 986 3718 μὲν
1049 3646 1310 3710 Θωπείαις
1367 3646 1760 3719 ὑπερχόμενος,

189 3743 316 3804 τοὺς
343 3742 403 3794 δὲ
429 3742 522 3794 καὶ
546 3742 794 3801 ἀπειλαῖς
829 3739 1248 3808 καταπλήττων.
1283 3737 1418 3792 Κατ’
1450 3742 1626 3793 ἐκεῖνο
1659 3738 1767 3792 τοί-

190 3851 288 3884 νυν
320 3831 535 3900 καιροῦ,
569 3831 702 3897 γυνή
733 3846 816 3890 τις
844 3827 1075 3898 εὐσεϐὴς
1111 3831 1204 3880 καὶ
1238 3828 1504 3897 φιλόθεος,
1531 3827 1770 3898 τοῦνομα

190 3925 387 3991 Σοφία,
410 3923 598 3989 γένους
621 3922 728 3973 τῶν
748 3920 1045 3988 ἐπιφανῶν,
1071 3919 1251 3988 χώρας
1285 3919 1521 3982 Ἰταλῶν,
1544 3919 1770 3989 χηρείαν

193 4016 484 4068 ὑποστᾶσα
541 4014 732 4082 ἀνδρὸς
773 4011 1078 4080 Θυγατράσι
1121 4011 1308 4080 μόναις
1341 4013 1490 4083 τρισὶ
1524 4013 1613 4066 τὸν
1657 4011 1770 4082 βίον

195 4105 476 4157 ἐσάλευεν.
524 4101 671 4170 Αὕτη
705 4103 769 4170 τῇ
822 4101 1150 4171 περιωνύμῳ
1177 4103 1286 4154 τῶν
1319 4105 1528 4156 πόλεων
1580 4103 1771 4175 Ῥώμῃ

192 4196 591 4266 ὲπιδημὴσασα
613 4195 730 4254 ταῖς
752 4192 1044 4263 παρθένοις
1070 4193 1203 4263 ὁμοῦ
1238 4195 1370 4248 πολὺ
1393 4196 1452 4248 τὸ
1470 4195 1656 4266 χάριεν
1680 4197 1773 4249 καὶ

203 4289 498 4356 ἐπαγωγὸν
553 4288 808 4356 ἐχούσαις
866 4289 1006 4340 κατά
1045 4305 1100 4338 τε
1136 4287 1293 4357 σῶμα
1325 4288 1418 4340 καὶ
1439 4289 1538 4358 τὴν
1570 4287 1770 4356 ψυχὴν,

202 4377 300 4443 οὐχ
331 4374 554 4442 ὑπήχθη
587 4375 654 4441 τῇ
690 4373 889 4444 πλάνῃ,
930 4373 1045 4425 οὐδὲ
1082 4374 1216 4442 πρδς
1241 4373 1340 4443 τὴν
1366 4372 1458 4426 τοῦ
1483 4373 1775 4437 δυσσεὸοὖς

207 4467 586 4538 βασιλεύοντος
624 4466 922 4533 θρησκείαν
963 4465 1245 4530 ἀπέκλινε,
1294 4467 1412 4518 λίαν
1451 4467 1548 4538 τὴν
1581 4467 1776 4538 κλῆσιν

1863 3284 2208 3345 annuntiata,
2241 3290 2297 3336 et
2329 3280 2512 3335 omnia
2539 3287 2723 3334 essent
2753 3279 2954 3348 repleta
2990 3280 3301 3350 cognitione
3333 3279 3437 3334 Do—

1862 3372 2017 3439 mini,
2052 3372 2216 3426 veluti
2242 3371 2486 3440 quaedam
2518 3372 2739 3425 sceleris
2753 3371 2996 3440 reliquiae
3025 3373 3290 3426 Adrianus
3321 3371 3434 3425 Βο-

1864 3481 2147 3520 manorum
2176 3462 2561 3518 administrans
2619 3460 2907 3532 imperium
2933 3503 2947 3527 ,
2984 3463 3038 3516 in
3067 3461 3232 3518 falsos
3287 3462 3438 3529 deos,

1866 3558 1959 3628 qui
2003 3556 2380 3618 nominantur,
2446 3555 2767 3609 ostendebat
2824 3554 3141 3624 plurimam,
3195 3553 3239 3607 si
3299 3553 3442 3608 ullus

1866 3649 2024 3712 alius,
2045 3645 2513 3718 superstitionem,
2561 3644 2695 3699 alios
2727 3645 2944 3713 quidem
3001 3643 3246 3698 alliciens
3297 3643 3443 3698 blan-

1868 3738 2036 3802 ditiis,
2071 3739 2205 3792 alios
2254 3745 2436 3791 autem
2467 3737 2630 3791 etiam
2666 3735 2830 3789 minis
2863 3733 3138 3790 territans.
3191 3733 3288 3789 lllo
3342 3749 3442 3788 au-

1873 3841 1980 3886 tem
2011 3838 2253 3897 tempore
2282 3827 2476 3882 mulier
2520 3827 2765 3896 quaedam
2802 3827 2886 3897 pia
2923 3835 2977 3882 et
3031 3825 3304 3897 religiosa,
3342 3841 3444 3880 no,-

1877 3924 2025 3978 mine
2045 3920 2268 3991 Sophia,
2289 3921 2431 3976 clara
2461 3935 2682 3992 genere,
2706 3919 2837 3974 itala
2887 3917 3128 3984 natione,
3152 3934 3275 3973 cum
3301 3927 3450 3974 esset

1875 4015 2093 4072 viduata
2127 4015 2346 4081 marito,
2373 4029 2496 4070 cum
2525 4014 2699 4068 tribus
2738 4013 2949 4069 ﬁliabus
2979 4011 3108 4068 solis
3141 4011 3303 4066 vitam
3330 4012 3446 4082 agi.

1874 4109 2043 4164 tabat.
2073 4106 2146 4161 Ea
2159 4123 2282 4162 cum
2304 4105 2464 4161 simul
2499 4121 2620 4161 cum
2639 4105 2957 4176 virginibus,
2985 4119 3105 4174 quae
3132 4103 3451 4158 erantvalde

1875 4201 2140 4264 honestae,
2196 4206 2250 4251 et
2282 4196 2558 4266 elegantes
2613 4195 2794 4248 animo
2861 4205 2915 4247 et
2965 4207 3216 4262 corpore,
3264 4193 3451 4246 Roma:

1876 4298 2084 4345 versata
2112 4297 2277 4354 esset,
2307 4286 2553 4342 nonfuit
2605 4299 2790 4340 errore
2843 4284 3085 4349 seducta,
3150 4298 3326 4355 neque
3384 4284 3453 4338 ad

1877 4381 2033 4450 impii
2071 4379 2412 4449 imperatoris
2496 4377 2781 4430 reclinavit
2860 4373 3199 4445 religienem,
3295 4373 3451 4430 factis

1878 4472 2010 4542 ipsis
2107 4470 2332 4540 pulchre
2423 4483 2579 4523 suam
2658 4466 2953 4521 ostendens
3029 4465 3450 4536 appellationem

205 4559 300 4612 ἐπὶ
333 4558 441 4611 τῶν
472 4558 648 4626 ἔργων
677 4557 1018 4620 δεικνύουσα,
1050 4558 1082 4626 ἡ
1113 4557 1208 4626 τῆς
1237 4557 1440 4611 ἄνωθεν
1482 4559 1649 4622 ὅντως
1689 4577 1775 4612 σο·
1803 4538 1846 4597 c

1803 4538 1846 4597 ο
1879 4581 2000 4634 quae
2029 4577 2226 4618 nomen
2254 4577 2380 4617 vere
2445 4561 2763 4630 sumpsisset
2795 4575 2823 4614 a
2877 4574 3110 4628 superna
3163 4559 3450 4627 sapientia,

209 4655 332 4722 φίας
365 4650 674 4719 ἐπώνυμος.
719 4649 781 4702 Ἠ
802 4650 908 4720 γὰρ
932 4650 1136 4703 ἄνωθεν
1183 4652 1367 4719 σοφία,
1401 4651 1561 4719 φησὶν
1585 4653 1611 4704 ὁ
1634 4651 1775 4714 θεῖος

222 4740 496 4803 Ἰἀκωὸος,
529 4741 745 4807 πρῶτον
779 4740 876 4807 μὲν
910 4741 1046 4808 ἁγνή
1082 4743 1248 4805 ἐστιν,
1284 4743 1476 4794 ἔπειτα
1504 4741 1774 4812 εἰρηνικὴ,

211 4833 490 4902 εὐπειθὴς,
553 4833 725 4901 μεστὴ
756 4831 938 4892 ἐλέους
987 4834 1080 4883 καὶ
1138 4832 1366 4900 καρπῶν
1404 4834 1642 4899 ἀγαθῶν.
1689 4833 1776 4899 Ἐξ

213 4920 288 4978 ὧν
321 4925 431 4993 γὰρ
460 4926 486 4974 δ
516 4927 614 4992 τῆς
645 4924 844 4995 ἀρετῆς
880 4924 1008 4992 παρ’
1038 4924 1178 4992 αὑτῇ
1211 4925 1416 4994 καρπὲις
1451 4925 1780 4997 ἐγνωρίζετο

210 5017 329 5076 ταῖς
389 5015 693 5082 Θυγατράσι
757 5017 855 5076 τὰς
900 5016 1272 5084 προσηγορίας
1344 5017 1650 5084 ἡρμόζετο·
1689 5016 1783 5070 καὶ

213 5110 440 5160 ὲιιιεῖναι⁶
481 5105 644 5158 πάλιν
702 5105 1077 5172 amem-3n;
1131 5105 1334 5168 ταύτας
1388 5108 1517 5176 παρ’
1564 5110 1782 5171 ἑαυταῖς

215 5199 512 5262 ἐδείκνυον,
551 5197 642 5248 καὶ
669 5196 820 5248 οὐδὲν
848 5197 1056 5267 ἀπᾷδον
1104 5197 1222 5248 οὐδὲ
1253 5197 1530 5268 ἀλλότριον
1559 5193 1704 5268 εἶχον
1733 5201 1781 5252 οί

216 5291 403 5344 κλάδοι
429 5289 527 5357 τῆς
558 5288 735 5360 ῥίζης.

290 5380 368 5434 Β.
415 5380 570 5432 Ἐπεὶ
609 5381 666 5432 δὲ
709 5378 860 5449 παρὰ
897 5381 1031 5432 πᾶσι
1072 5379 1382 5450 διεϐεϐόητο
1411 5384 1444 5452 ἦ
1479 5400 1536 5435 τε
1573 5381 1788 5446 σύνεσις

215 5475 445 5527 ἐκείνων
497 5471 592 5523 καὶ
629 5473 660 5542 ἡ
700 5475 865 5541 ἀρετὴ
914 5473 1006 5524 καὶ
1041 5473 1099 5524 rb
1136 5475 1272 5542 πρὸς
1319 5475 1554 5545 Χριστὸν
1603 5475 1784 5539 σέϐας,

217 5568 321 5620 οὐκ
372 5566 610 5632 ἐνεγκὼν
647 5566 675 5615 ὁ
721 5564 814 5617 τοῦ
871 5564 1065 5632 φθόνου
1124 5567 1322 5636 πατὴρ,
1380 5568 1466 5620 διὰ
1503 5566 1788 5636 βασκάνων

217 5657 521 5728 ὀφθαλμῶν
562 5657 834 5725 Ἀντιόχου
877 5657 1019 5718 τινος
1055 5658 1266 5727 ἀνδρὸς,
1305 5657 1401 5730 τὴν
1439 5662 1534 5728 τῆς
1585 5658 1788 5722 πόλεως

1880 4667 1936 4711 et
1970 4657 2245 4710 diceretur
2267 4654 2493 4722 Sophia.
2517 4652 2648 4718 Quae
2675 4658 2758 4706 est
2785 4651 2930 4705 enim
2959 4649 3193 4720 desuper
3226 4647 3455 4719 Sapien-

1882 4748 1976 4810 tia,
2010 4745 2186 4815 inquit
2212 4743 2429 4799 divinus
2470 4743 2724 4808 Jacobus,
2749 4742 2983 4812 primum
3003 4741 3224 4810 quidem
3252 4741 3450 4811 pudiea

1883 4848 1986 4904 est,
2017 4837 2212 4892 deinde
2265 4836 2512 4908 paciﬁca,
2546 4835 2812 4898 modesta,
2847 4833 3129 4894 obediens,
3164 4833 3323 4901 plena
3357 4834 3459 4886 mi-

1888 4929 2181 4986 sericordia
2213 4937 2267 4982 et
2301 4925 2566 4981 fructibus
2599 4924 2780 4980 bonis.
2817 4924 2895 4978 Eo
2925 4923 3096 4987 enim,
3121 4922 3284 4992 ,quod
3339 4923 3453 4976 vir-

1890 5022 2023 5076 tutis
2061 5022 2271 5075 l'ructus
2304 5027 2447 5089 apud
2488 5032 2608 5071 eam
2680 5014 3102 5086 agnoscebatur,
3179 5014 3461 5084 adaptavit

1891 5114 2102 5168 ﬁliabus
2163 5113 2275 5167 suis
2333 5110 2775 5182 appellationes:
2831 5116 2883 5162 et
2913 5107 3018 5161 illa:
3052 5122 3240 5161 rursus
3301 5107 3354 5159 in
3400 5121 3459 5161 se

1891 5205 2252 5261 ostendebant
2281 5219 2402 5258 esse
2430 5217 2610 5268 veras,
2665 5215 2846 5270 neque
2926 5200 3199 5254 habebant
3249 5198 3462 5266 aliquid

1893 5297 2053 5361 rami,
2083 5295 2228 5365 quod
2257 5295 2590 5363 discreparet
2617 5301 2710 5348 aut
2740 5300 2884 5346 esset
2911 5291 3146 5344 alienum
3179 5304 3208 5342 a
3257 5290 3458 5343 radice.

1966 5387 2032 5442 ll.
2061 5388 2198 5445 Cum
2222 5396 2403 5442 autem
2419 5385 2784 5440 celebraretur
2800 5382 2942 5452 apud
2960 5397 3150 5436 omnes
3175 5389 3227 5436 et
3252 5380 3461 5433 illarum

1896 5478 2182 5550 prudentia
2217 5478 2481 5540 etvirtus,
2519 5487 2573 5531 et
2604 5477 2657 5529 in
2689 5473 2968 5527 Christum
2999 5471 3204 5542 religio,
3238 5485 3346 5523 non
3379 5469 3466 5522 fe-

1897 5589 2024 5628 rens
2047 5581 2199 5642 pater
2221 5572 2458 5637 invidim,
2478 5586 2573 5640 per
2600 5566 2808 5622 invidos
2829 5565 3013 5620 oculos
3043 5563 3326 5632 cujusdam
3349 5563 3462 5613 An-

1899 5665 2065 5720 tiochi
2092 5705 2106 5730 ,
2127 5665 2284 5732 cuius
2302 5664 2424 5718 ﬁdei
2445 5661 2730 5717 commissa
2751 5660 2924 5714 fuerat
2949 5657 3267 5728 praefectura
3288 5653 3458 5719 urbis,

222 5752 490 5824 πρόνοιαν
538 5749 990 5818 πεπιστευμένου,
1047 5752 1142 5822 τὴν
1181 5752 1460 5806 εὐσέϐειαν
1511 5752 1690 5806 αὐτῶν
1723 5752 1797 5824 τῷ
1887 5783 1891 5811 ε

1792 5775 1797 5800 ι
1887 5755 2158 5828 signiﬁcat
2199 5756 2506 5825 imperatori
2530 5768 2715 5808 earnm
2741 5751 3019 5823 pietatem,
3063 5757 3116 5804 et
3166 5761 3256 5800 eas
3284 5745 3461 5801 defert
