4226 6436
807 395 910 458 499

2043 396 2324 456 MENSIS
2371 395 2793 462 AUGUSTUS.
3978 397 4070 461 500

818 503 1003 577 lingua
1022 505 1207 560 dolosa
1244 508 1444 576 impius
1478 515 1527 561 et
1573 508 1750 560 verbis
1777 507 1906 561 odii.
1951 507 2208 563 Protinus
2265 524 2378 579 ergt

2504 507 2712 575 βασιλεί
2766 511 2934 579 δήλην
2979 512 3143 573 ποιεῖ,
3204 509 3296 561 καὶ
3355 510 3422 562 τὰ
3470 511 3588 562 κατ’
3632 510 3800 571 stiti;
3853 508 4066 578 γλώσσῃ

823 599 912 652 ille
931 599 1006 650 ira
1024 600 1264 668 percitus
1286 600 1712 662 inconsiderata,
1739 616 1833 654 eos
1861 617 1996 670 quos
2025 603 2203 655 solent
2228 618 2392 656 voca-

816 707 873 745 re
893 691 1255 761 apparitores,
1281 691 1445 744 mittit
1468 692 1534 745 ad
1556 708 1649 746 eas
1681 693 2047 749 adducendas.
2079 695 2183 749 Illa:
2207 705 2392 748 autem

812 799 936 836 cum
968 782 1286 838 didicissent
1315 797 1533 837 causam
1586 800 1775 838 eorum
1827 786 2114 850 adventus,
2159 803 2392 856 cumque

812 874 1134 946 corporibus
1157 876 1772 943 essentinseparabiles.
1809 881 1977 949 magis
2033 883 2196 933 etiam
2255 897 2391 934 con-

808 969 1174 1037 iungerentur
1197 965 1412 1034 spiritu.
1445 970 1578 1022 nihil
1631 971 1983 1024 ostendentes
2035 971 2174 1041 tiliae,
2245 973 2388 1037 quod

807 1069 916 1114 non
944 1075 1067 1113 cum
1111 1063 1284 1118 matre
1318 1064 1663 1126 conveniret,
1701 1071 1757 1116 ut
1791 1080 1910 1132 quae
1971 1063 2389 1118 inveniebantur

807 1151 955 1204 inter
996 1168 1051 1206 se
1077 1154 1320 1210 fraterne
1359 1156 1688 1221 consentire,
1723 1166 1776 1210 et
1807 1166 1964 1210 erant
1994 1156 2159 1208 velati
2188 1171 2384 1210 corona

805 1246 905 1300 sibi
930 1250 1152 1316 :equalis
1179 1269 1191 1303 :
1214 1266 1333 1320 quae
1360 1267 1456 1321 per
1483 1252 1626 1320 ipsas
1649 1260 1702 1304 et
1731 1262 1955 1303 matrem
1989 1250 2379 1320 complebatur,

804 1339 1060 1396 alacriter
1115 1343 1353 1396 iverunt.
1403 1345 1696 1412 Postquam
1754 1353 1934 1397 autem
1975 1343 2234 1396 sederunt
2287 1359 2383 1412 pro

803 1430 1064 1486 tribunali
1099 1434 1342 1503 prazfecti
1376 1434 1549 1499 urbis,
1588 1449 1710 1491 cum
1738 1433 1867 1503 ipsa;
1923 1450 2046 1488 eum
2093 1435 2183 1502 qui
2229 1434 2382 1497 dixit,

803 1532 1053 1578 nonessc
1078 1526 1350 1580 timendos
1377 1541 1471 1581 eos
1526 1527 1618 1595 qui
1692 1527 1947 1581 occidunt
2002 1542 2201 1596 corpus
2251 1527 2291 1590 ί,
2329 1535 2385 1580 et

802 1616 1074 1683 pollicitus
1110 1631 1190 1672 est
1216 1636 1243 1673 a
1275 1637 1332 1674 se
1361 1620 1589 1674 dandam
1619 1634 1739 1674 esse
1796 1621 2143 1688 sapientiam,
2196 1618 2384 1672 Domi-

802 1708 1326 1776 numinvocassent,
1374 1721 1428 1765 et
1455 1726 1514 1765 se
1577 1712 1756 1766 crucis
1811 1712 1976 1778 ﬁgura
2037 1712 2379 1775 muniissent,

2499 595 2646 666 δολία
2681 599 2774 648 καὶ
2805 597 2985 666 λόγοις
3028 599 3218 667 μίσους
3255 601 3281 651 ὁ
3315 599 3582 666 δυσσεϐὴς
3621 602 3864 667 φανεροῖ.
3892 599 4066 666 Παρα-

2498 687 2690 756 χρῆμα
2713 688 2893 741 τοίνυν
2919 690 3080 752 αὐτὸς
3098 689 3369 759 ἀλογίστῳ
3405 689 3561 760 Θυμῷ
3601 690 3904 758 ἐπιτρέψας
3930 689 4064 756 οὓςή

2497 780 2644 843 τάξις
2669 782 3047 850 προτίκτωρας
3073 777 3180 835 οἶδε
3221 782 3421 844 καλεῖν,
3457 781 3550 834 ἐπὶ
3573 784 3634 834 τὸ
3661 783 3890 853 ἀγαγεῖν
3930 784 4064 835 ὲκεί-

2496 888 2592 932 νας
2642 873 2939 940 ἐκπέμπει.
2980 873 3045 925 Αἱ
3077 872 3130 924 δὲ
3167 874 3266 940 τῆς
3308 873 3616 942 παρουσίας
3645 872 3831 924 αὐτῶν
3872 871 4065 940 μαθοῦ-

2497 981 2589 1015 σαι
2626 951 2685 1015 τὸ
2708 966 2901 1027 αἴτιον,
2933 965 3234 1032 ἀδιαίρετοι
3269 967 3599 1035 σωματικῶς
3620 962 3778 1018 οὖσαι
3806 967 3904 1016 καὶ
3935 965 4063 1015 κατὰ

2495 1054 2712 1123 πνεῦμα
2770 1054 2968 1122 μᾶλλον
3032 1055 3383 1122 συνήπτοντο,
3420 1055 3573 1106 οὐδέν
3606 1071 3663 1105 τε
3712 1052 4059 1119 ασὺμιρωνον,

2491 1147 2681 1216 ὥσπερ
2709 1147 2948 1215 εἴρηται,
2984 1145 3119 1214 πρὸς
3144 1145 3242 1214 τὴν
3275 1145 3488 1212 μητέρα
3516 1143 3956 1211 ἐπιδειξάμεναι,
3982 1143 4066 1190 καὶ

2489 1238 2750 1304 ἀλλήλαις
2800 1236 3008 1302 ἀδελφά
3055 1233 3349 1305 φρονοῦσαι
3391 1235 3738 1303 ηὑρίσκοντο,
3776 1233 3874 1283 καὶ
3909 1229 4064 1281 οἱονεὶ

2491 1330 2756 1397 στέφανος
2789 1325 2928 1396 ἦσαν
2983 1327 3160 1395 ἐαυτῷ
3215 1328 3352 1389 ἴσος,
3390 1326 3456 1400 δι”
3486 1326 3665 1377 αὐτῶν
3702 1341 3759 1376 τε
3821 1323 3916 1374 καὶ
3974 1321 4062 1387 τῆς

2493 1422 2700 1491 μητρὶς
2725 1420 3244 1490 συμπληρούμενος,
3285 1421 3368 1480 Ὠς
3401 1419 3455 1470 δὲ
3491 1419 3584 1470 ἐπὶ
3610 1417 3700 1467 τοῦ
3735 1412 4059 1483 ἡγεμονικοῦ

2489 1512 2834 1578 κατέστησαν
2868 1512 3130 1576 βήματος,
3160 1507 3247 1557 τὸν
3277 1509 3504 1559 είπόντα
3531 1507 3604 1574 μὴ
3635 1500 4064 1574 φοϐηθῆναιὰπὸ

2485 1604 2595 1656 τῶν
2655 1600 3070 1654 ἀποκτενόντων
3125 1597 3184 1649 τὸ
3227 1596 3404 1665 σῶμα,
3460 1598 3787 1668 δοθήσεσθαι
3822 1613 3879 1646 τε
3939 1593 4062 1661 παρ’

2485 1697 2647 1759 αὑτοῦ
2685 1695 2878 1764 σοφίαν
2923 1694 3401 1762 ἐπαγγειλαμένου
3443 1693 3926 1761 ἐπικαλεσάμεναι
3955 1690 4062 1740 Κύ-

801 1802 950 1852 omni
1015 1801 1208 1854 timore
1260 1802 1534 1869 deposito,
1622 1811 1895 1856 steterunt
1958 1819 2080 1856 cum
2135 1804 2259 1856 forti
2325 1813 2378 1857 et

2487 1807 2618 1860 ριον,
2658 1789 2750 1843 καὶ
2783 1788 2859 1857 τῷ
2903 1787 3182 1856 σταυρικῷ
3217 1784 3370 1853 τύπῳ
3397 1784 3898 1852 περιφραξάμεναι,
3932 1799 4064 1834 παν-

802 1899 1071 1955 gcneroso
1116 1892 1320 1944 animo.
1355 1892 1531 1946 Judex
1598 1904 1801 1957 autem,
1883 1896 2146 1964 conjectis
2215 1896 2381 1949 ineas

799 1980 993 2043 oculis,
1029 1997 1150 2034 cum
1193 1982 1401 2034 vultum
1434 1983 1975 2047 vidissetliberalcm,
2035 1997 2384 2055 mentemque

800 2086 1048 2141 magnam
1103 2083 1159 2127 et
1217 2075 1556 2143 przeclaratn,
1614 2076 1702 2128 cui
1753 2076 1957 2129 ferebat
2011 2080 2382 2133 testimonium

798 2165 1080 2220 oculorum
1120 2166 1409 2219 etltabitus
1441 2165 1722 2229 modestia,
1785 2168 2007 2222 mittens
2051 2168 2199 2239 fungi
2258 2187 2381 2224 mu-

796 2257 1162 2327 nerejudicis,
1185 2273 1478 2313 conversus
1495 2268 1578 2313 est
1603 2259 1667 2313 ad
1705 2259 2139 2317 admirationem.

867 2413 951 2465 lll.
989 2413 1320 2467 Cumautem
1353 2425 1576 2468 matrem
1599 2429 1764 2484 prepe
1795 2417 2378 2481 curassetsistendam,

795 2515 848 2562 ct
879 2506 997 2559 illas
1028 2508 1369 2560 semovisset:
1397 2507 1514 2560 Non
1553 2524 1714 2576 parva
1746 2519 1893 2569 sunt,
1931 2508 2126 2577 inquit,
2179 2526 2210 2563 0
2254 2527 2378 2564 mu-

797 2596 914 2664 lier,
943 2615 1059 2666 quae
1084 2602 1343 2653 adversus
1365 2611 1414 2653 te
1435 2601 1777 2655 deferuntur.
1809 2602 1862 2656 Si
1888 2603 2102 2670 quidem
2123 2620 2230 2657 non
2256 2621 2379 2673 par-

795 2706 858 2742 va
895 2707 979 2743 res
1007 2701 1108 2754 est,
1141 2707 1350 2745 morum
1385 2708 1411 2744 a
1439 2695 1754 2761 parentibus
1802 2696 2123 2748 traditorum
2170 2707 2224 2751 et
2248 2697 2378 2752 reli-

793 2784 970 2850 gionis
1008 2786 1247 2854 negatio.
1287 2785 1396 2838 Cur
1421 2802 1549 2857 ergo
1582 2787 1952 2840 Romanorum
1988 2791 2262 2860 regionem
2286 2793 2382 2844 im-

793 2878 1003 2946 plevisti
1023 2878 1254 2932 tumultu
1272 2881 1695 2948 etdissensione,
1717 2885 1939 2937 omnino
1954 2899 2061 2937 non
2082 2900 2203 2938 esse
2223 2886 2375 2950 deos,

793 2972 886 3024 sed
912 2987 1007 3024 eos
1038 2988 1157 3026 esse
1188 2975 1364 3026 solum
1398 2974 1619 3026 nomina
1653 2990 1773 3042 quae
1795 2976 2103 3043 rebusipsis
2132 2987 2374 3044 careant,

793 3063 1094 3116 asserens?
1119 3063 1214 3116 Dic
1237 3078 1366 3131 ergo
1424 3079 1584 3132 quam
1614 3065 1848 3132 primum
1895 3069 2144 3134 patriam,
2181 3083 2371 3138 genus,

2487 1884 2574 1946 τὸς
2601 1883 2909 1936 ἀποστᾶσαι
2935 1881 3107 1942 δέους,
3145 1878 3281 1946 μετὰ
3309 1875 3560 1944 γενναίου
3592 1874 3684 1925 τοῦ
3717 1876 4062 1942 φρονήματος

2486 1977 2747 2041 ἔστησαν.
2796 1973 2951 2024 Ἐπεὶ
3007 1971 3060 2022 δὲ
3121 1970 3354 2030 ταύταις.
3397 1969 3458 2020 τὸ
3514 1967 3670 2036 ὄμμα
3716 1965 3990 2016 ἐπέϐαλεν
4038 1966 4062 2014 ὁ

2486 2069 2739 2131 δικάζων,
2780 2065 2902 2118 ίδὼν
2935 2067 3274 2133 παράστημα
3303 2061 3521 2125 εὐγενὲς
3555 2058 3649 2111 καὶ
3682 2057 3914 2126 μέγεθος
3951 2056 4066 2109 δια-

2485 2159 2657 2226 νοίας,
2694 2157 2802 2208 ἀπό
2841 2172 2902 2206 τε
2931 2154 3037 2206 τῶν
3073 2150 3368 2219 ὀφοαλμῶν
3400 2150 3495 2202 καὶ
3538 2152 3636 2216 τῆς
3667 2149 3754 2200 τοῦ
3785 2146 4063 2214 σχήματος

2488 2249 2937 2322 μαρτυρούμενον
2982 2241 3303 2312 εὐκοσμίας,
3337 2242 3396 2292 τὺ
3437 2241 3676 2304 δικάζειν
3706 2239 3885 2307 ἀφεὶς,
3935 2237 4062 2306 πρὸς

2484 2343 2544 2394 τὸ
2580 2345 2678 2394 Θαυ
2691 2341 2883 2409 μάζειν
2912 2340 3202 2406 ἐτράπετο.

2556 2432 2630 2487 Γ’,
2657 2433 2767 2502 Τὴν
2789 2430 2881 2483 οὖν
2913 2429 3126 2498 μητέρα
3157 2425 3381 2495 πλησίον
3412 2440 3928 2493 παραστησαμενος,
3963 2422 4062 2473 x31-

2485 2527 2665 2587 κείνας
2695 2541 2797 2574 που
2837 2521 3115 2592 μεταθεὶς,
3150 2518 3223 2568 0'3
3272 2517 3464 2584 μικρὰ,
3492 2514 3672 2583 φησὶν,
3701 2506 3743 2563 ὦ
3777 2512 3956 2576 γύναι,
3994 2512 4061 2561 τα

2483 2620 2626 2671 κατὰ
2666 2616 2746 2680 σὲ,
2781 2614 2940 2681 εἴπερ
2973 2611 3092 2662 οὐδὲ
3141 2607 3337 2677 μικρὸν
3374 2603 3876 2674 πατροπαραδὸτων
3921 2599 4060 2650 ἐθῶν

2483 2715 2576 2764 καὶ
2608 2707 2970 2774 σεϐασμάτων
3004 2704 3228 2772 ἄρνησις
3264 2718 3275 2728 ·
3310 2700 3397 2751 ἵνα
3434 2699 3485 2750 τί
3514 2699 3605 2750 οὖν
3635 2698 3729 2765 τὴν
3770 2692 4061 2762 Ῥωμαίων

2481 2802 2725 2872 ταραχῆς
2761 2798 3062 2865 ἐνέπλησας
3120 2794 3212 2845 καὶ
3261 2792 3632 2859 διχοστασίας,
3687 2789 3819 2856 μηδὲ
3863 2787 3923 2838 τὸ
3954 2803 4061 2838 πα·

2487 2896 2665 2966 ράπαν
2696 2889 2835 2944 εἶναι
2861 2889 3036 2953 Οεοὺς,
3065 2885 3177 2939 ἀλλ’
3206 2885 3448 2954 ὀνόματα
3477 2882 3635 2952 μόνον
3667 2881 3862 2940 αὐτοὺς
3888 2879 4060 2930 τελεῖν

2482 2988 2824 3059 πραγμάτων
2853 2985 3056 3054 ἔρημα,
3112 2978 3532 3046 διατεινομένης
3581 2975 3720 3041 Λέγε
3773 2975 3956 3025 τοίνυν
4000 2972 4061 3022 τὸ

2481 3083 2643 3149 τάχος
2691 3079 2945 3146 πατρίδα,
2990 3076 3170 3141 γένος,
3219 3073 3388 3140 ὄνομα
3421 3070 3605 3122 καὶτὸ
3649 3067 3835 3128 σέϐας.
3880 3066 3945 3118 Ἦ
3976 3065 4058 3133 δὲ,

792 3170 992 3207 nomen
1017 3164 1066 3208 et
1119 3155 1456 3224 religionem.
1492 3156 1583 3210 Illa
1608 3167 1788 3213 autem
1820 3176 1831 3211 :
1866 3159 2106 3213 Primum
2128 3161 2373 3228 quidem,

2488 3173 2713 3240 Πρῶτον
2751 3171 2851 3238 μὲν
2905 3167 3047 3234 ἐμοὶ,
3105 3165 3233 3234 ἔφη,
3295 3169 3387 3215 καὶ
3443 3162 3719 3229 ἐξαίρετον
3756 3161 3951 3227 ὄνομα,
3998 3160 4059 3210 τὸ

789 3247 987 3316 inquit,
1052 3247 1187 3300 mihi
1234 3257 1317 3302 cst
1366 3251 1700 3318 prmcipuum
1760 3267 1980 3313 nomen,
2041 3267 2105 3304 ex
2158 3251 2376 3305 Christo

790 3340 1072 3408 appellari.
1094 3338 1298 3408 Sonitia
1328 3351 1531 3402 autem,
1561 3349 1646 3395 est
1671 3341 1801 3395 mihi
1821 3343 2138 3410 impositum
2173 3361 2370 3400 nomen

792 3448 820 3484 τι
854 3431 1193 3500 parentibus.
1227 3430 1415 3486 Genus
1455 3433 1594 3488 duco
1637 3449 1700 3488 ex
1740 3435 1806 3489 iis
1853 3437 1944 3505 qui
2007 3438 2211 3506 primos
2260 3455 2376 3492 ma-

788 3523 1049 3591 gistratus
1091 3522 1448 3592 gcsseruntin
1472 3521 1649 3585 Italia,
1682 3524 1734 3574 in
1765 3535 1869 3590 qua
1894 3527 2056 3577 etiam
2082 3541 2202 3578 sum
2222 3538 2370 3580 nata.

788 3615 937 3668 Inter
963 3615 1144 3668 omnia
1169 3630 1322 3679 vero,
1351 3623 1409 3668 ut
1438 3629 1467 3668 a
1501 3629 1587 3669 me
1617 3614 1822 3668 dictum
1857 3626 1958 3677 est,
1990 3617 2188 3687 glorior
2211 3619 2370 3673 invo-

786 3705 1001 3760 catione
1036 3704 1140 3760 mei
1172 3703 1370 3760 Christi
1399 3714 1453 3759 et
1486 3705 1722 3771 Domini,
1746 3707 1832 3761 cui
1861 3707 1933 3761 lui
1971 3709 2148 3764 oblata
2191 3715 2368 3766 conti-

787 3813 896 3852 nuo
923 3799 990 3851 ab
1026 3807 1172 3860 ortu,
1204 3808 1258 3852 et
1288 3799 1375 3851 cui
1400 3798 1570 3852 obtuli
1601 3800 1834 3855 fructum
1860 3804 1964 3857 mei
2014 3806 2151 3859 uteri
2187 3824 2200 3860 :
2242 3824 2368 3875 pro-

787 3902 908 3960 pter
936 3905 1096 3960 quem
1128 3891 1289 3945 etiam
1307 3892 1556 3946 venimus
1577 3893 1630 3945 in
1662 3894 1807 3946 hanc
1839 3894 2210 3949 Romanorum
2238 3900 2373 3951 civi-

785 3992 975 4044 tatem,
1006 3995 1063 4036 ut
1087 3997 1208 4036 cum
1237 3992 1438 4035 rectam
1474 3982 1632 4034 fidem
1670 3996 1839 4051 usque
1867 3983 1931 4037 ad
1963 3993 2191 4037 mortem
2230 4001 2365 4039 con-

785 4075 1205 4138 servaverimus,
1273 4074 1562 4142 pulchrum
1625 4075 1881 4131 viaticum
1916 4077 2229 4142 atterentes,
2267 4096 2366 4150 pro

782 4166 1004 4221 Christo
1036 4174 1342 4235 susceptam
1373 4167 1826 4231 decertationem,
1861 4179 1918 4222 et
1955 4179 2308 4226 transeuntes
2336 4189 2366 4227 a

785 4266 960 4312 morte
996 4257 1049 4310 in
1085 4257 1269 4320 vitam,
1305 4256 1548 4311 ltzeredes
1585 4258 1759 4312 simus
1793 4260 2061 4315 bonorum
2079 4279 2198 4330 qua:
2239 4276 2368 4318 sunt

784 4350 894 4403 illic
925 4351 1209 4418 promissa.

856 4443 944 4496 ιν.
980 4443 1184 4497 Horum
1215 4445 1504 4498 verborum
1538 4444 1865 4508 libertatem,
1898 4454 1951 4499 et
1975 4448 2366 4505 cumliberlate

2481 3263 2766 3316 καλεῖσθαι
2811 3260 2919 3314 ἀπὸ
2947 3257 3183 3328 Χριστοῦ
3211 3275 3222 3287 ·
3261 3255 3433 3322 Σοφία
3463 3255 3518 3305 δὲ
3548 3255 3607 3304 τὸ
3653 3254 3758 3304 ἀπὸ
3795 3252 3903 3302 τῶν
3926 3269 4058 3318 γεν·

2478 3351 2720 3422 νητόρων
2751 3348 2983 3415 λέγομαι
3010 3363 3022 3376 ·
3051 3346 3241 3409 γένους
3264 3340 3609 3408 τυγχάνουσα
3635 3338 3742 3389 τῶν
3770 3339 3870 3397 τὰς
3903 3338 4057 3406 πρώ-

2476 3455 2576 3498 τας
2618 3435 2792 3505 ἁρχὰς
2845 3429 3330 3500 περιϐεϐλημένων
3388 3429 3444 3478 ἐν
3509 3426 3732 3495 Ἰταλίᾳ·
3794 3425 3917 3477 ὅθεν
3962 3428 4057 3477 καὶ

2477 3528 2767 3598 ὥρμημαι.
2815 3526 2905 3578 Ἐν
2937 3526 3072 3575 πᾶσι
3102 3521 3182 3584 δὲ,
3222 3520 3296 3583 ὥς
3333 3536 3423 3589 μοι
3464 3519 3702 3590 εἴρηται,
3733 3521 3800 3588 τῇ
3825 3518 4056 3587 ἐπικλή-

2479 3638 2562 3673 σει
2589 3618 2683 3672 τοῦ
2712 3618 2845 3687 ὲμοῦ
2871 3617 3144 3669 Δεσπὸτου
3177 3613 3415 3686 Χριστοῦ
3447 3615 3785 3683 σεμνύνομαι
3828 3612 4054 3680 μᾶλλον,

2475 3712 2519 3785 ᾧ
2568 3714 2661 3764 καὶ
2712 3710 3090 3781 προσηνέχθην
3136 3709 3295 3771 εὐθὺς
3350 3710 3413 3760 ἐκ
3462 3710 3792 3775 γεννήσεως,
3828 3707 3921 3756 καὶ
3963 3705 4056 3756 τὸν

2473 3789 2580 3856 τῶν
2611 3802 2759 3872 ἐμῶν
2813 3801 3019 3854 ὠδίνων
3065 3799 3276 3867 καρπὸν
3328 3800 3702 3866 προσενήνοχα
3726 3813 3739 3825 ·
3771 3797 3836 3848 δι’
3873 3797 3929 3848 ὃν
3963 3797 4058 3848 καὶ

2476 3900 2554 3958 εἱς
2581 3897 2734 3964 τήνδε
2777 3895 2872 3962 τὴν
2934 3892 3222 3959 Ῥωμαίων
3274 3890 3752 3956 παραγέγόναμεν,
3792 3889 3867 3946 ῶς
3899 3890 3963 3940 ἂν
3998 3892 4054 3941 τι)

2478 3988 2604 4056 περὶ
2630 3986 2726 4056 τὴν
2761 3986 2941 4036 πίστιν
2965 3983 3112 4049 ὑγιὲς
3156 3982 3320 4052 μέχρι
3355 3984 3446 4034 καὶ
3481 3981 3644 4033 αὑτοῦ
3681 3980 3914 4033 Θανάτου
3941 3983 4055 4033 διας

2475 4082 2810 4151 τηρήσασαι,
2860 4079 2953 4131 καὶ
3005 4077 3165 4129 καλὸν
3218 4075 3429 4145 ἐφόδιον
3466 4077 3564 4144 τὴν
3624 4075 3766 4144 ὑπὲρ
3809 4075 4055 4144 Χριστοῦ

2473 4169 2702 4235 ἄθλησιν
2740 4167 3102 4234 ἐπαγόμεναι.
3144 4163 3452 4233 μεταϐᾶσαί
3505 4181 3563 4214 τε
3613 4163 3721 4214 ἀπο
3753 4163 3847 4213 τοῦ
3888 4163 4056 4215 Θανα-

2474 4276 2565 4310 του
2597 4261 2674 4319 εἰς
2704 4259 2798 4326 τὴν
2826 4258 2967 4324 ζωὴν
2998 4257 3103 4307 τῶι
3134 4258 3190 4306 ὲν
3224 4256 3581 4320 ἐπαγγελίαις
3603 4255 3812 4304 ἐκεῖῦεν
3850 4255 4056 4324 κληρο-

2473 4353 2803 4420 νομήσωμεν
2830 4348 3072 4414 ἀγαθῶν.

2545 4444 2616 4497 A'.
2654 4442 2829 4497 Τῶνδε
2888 4442 2993 4493 τῶν
3030 4441 3293 4510 ῥημάτων
3332 4441 3358 4492 ὁ
3409 4439 3674 4509 δυσσεϐὴς
3709 4441 3809 4509 τὴν
3843 4441 4060 4493 ἐλευθε-

784 4537 1108 4605 sapientiam
1137 4537 1436 4589 admiratus
1461 4546 1543 4589 est
1575 4538 1793 4605 impius.
1821 4537 1889 4594 Ut
1919 4541 2012 4606 qui
2044 4551 2222 4594 autem
2257 4543 2362 4609 iam

2479 4541 2598 4610 ρίαν
2642 4541 2736 4592 καὶ
2788 4540 2846 4590 τι
2887 4536 3023 4606 μετὰ
3066 4534 3380 4606 παρρησίας
3429 4534 3717 4587 εὐσύνετον
3777 4535 3868 4585 διὰ
3927 4534 4058 4586 ϐαυ-

786 4629 967 4698 primo
985 4629 1125 4681 facto
1152 4627 1395 4697 periculo
1431 4639 1577 4683 esset
1628 4641 1940 4698 superatus,
1985 4639 2112 4686 tunc
2144 4635 2361 4701 quidem

786 4722 995 4776 distulit
1023 4722 1290 4791 virginum
1317 4723 1794 4790 interrogationem
1829 4741 1842 4787 ;
1885 4726 2022 4792 apud
2077 4728 2362 4794 quamdam

787 4826 967 4868 autem
985 4815 1262 4867 mulierem
1289 4814 1496 4867 ordinis
1514 4815 1797 4876 senatorii,
1819 4819 2034 4870 nomine
2051 4819 2361 4880 Palladiam.

787 4908 940 4976 jubet
969 4923 1062 4961 eas
1097 4922 1220 4960 cum
1242 4916 1413 4960 matre
1438 4907 1666 4971 servari,
1699 4908 1973 4977 imperans
1997 4918 2052 4962 ut
2083 4927 2175 4964 eas
2206 4913 2364 4970 tertio

788 5000 874 5053 die
907 5000 1238 5067 produceret
1268 4998 1332 5051 ad
1368 4999 1854 5055 exanimationem.
1895 4999 1999 5055 Illa:
2034 5011 2212 5054 autem
2255 5005 2366 5056 otio

785 5094 928 5163 quod
947 5094 1026 5146 eis
1048 5095 1232 5147 datum
1253 5093 1448 5156 luerat,
1477 5105 1621 5148 recte
1644 5103 1859 5148 utentes
1888 5096 2123 5149 animum
2140 5073 2365 5151 adhibe-

790 5193 919 5244 bant
945 5188 1124 5254 matri,
1155 5203 1273 5257 qua:
1305 5187 1382 5240 eis
1415 5189 1677 5242 suadebat
1708 5205 1767 5242 ea
1800 5190 1995 5257 quibus
2042 5200 2155 5244 erat
2208 5207 2362 5261 opus.

792 5281 1175 5335 DiCebatenim
1212 5282 1448 5352 ciszEgo
1479 5283 1716 5351 quidem,
1741 5299 1772 5336 o
1804 5284 2011 5337 dilectu:
2049 5286 2189 5346 ﬁliae,
2242 5301 2362 5338 cum

793 5391 885 5430 vos
917 5375 1216 5429 secundum
1253 5390 1472 5428 carnem
1504 5377 1835 5444 genuissem,
1869 5378 2278 5432 omnidoelrina
2311 5389 2362 5431 ct

789 5470 958 5524 sacris
989 5469 1207 5522 Litteris
1234 5469 1430 5523 erudii.
1465 5467 1736 5533 Quoniam
1786 5481 1962 5525 autem
2020 5483 2364 5541 tempnswos

792 5570 945 5614 voeat
980 5560 1043 5613 ad
1062 5570 1360 5622 certamen,
1387 5575 1631 5613 meorum
1663 5562 1950 5616 verborum
1987 5564 2196 5618 lrttctus
2225 5581 2362 5632 qua-

790 5652 852 5703 lis
886 5653 974 5715 sit,
1009 5653 1057 5703 in
1093 5653 1242 5708 vobis
1283 5662 1573 5722 appareat:
1607 5664 1659 5706 et
1691 5653 1779 5707 diu
1807 5671 1832 5710 a
1877 5657 2359 5711 vobismeditatam

895 5833 905 5856 '
940 5828 1128 5897 Matth,
1158 5850 1204 5898 κ,
1237 5833 1326 5886 98.

2478 4652 2644 4702 ματος
2681 4629 3079 4699 ποιησάμενος,
3117 4628 3190 4686 ὼς
3225 4627 3326 4695 ἤδη
3353 4626 3440 4676 διὰ
3472 4627 3568 4690 τῆς
3602 4627 3823 4696 πρώτης
3860 4631 4058 4698 πείρας

2472 4729 2570 4794 τὴν
2609 4723 2777 4794 ἧτταν
2803 4721 3117 4788 δεξάμενος,
3151 4717 3268 4769 τότε
3345 4719 3441 4785 μὲν
3486 4718 3581 4786 τὴν
3610 4718 3745 4788 πρὸς
3787 4721 3887 4783 τὰς
3916 4739 4060 4790 παρ·

2476 4822 2661 4878 θένα-,ς
2704 4814 2970 4886 ἐρώτησιν
3022 4813 3341 4880 ὑπερέθετο,
3383 4811 3531 4878 παρά
3579 4827 3684 4859 τινι
3742 4812 3796 4861 δὲ
3828 4817 4056 4876 γυναικὶ

2473 4912 2581 4964 τῶν
2602 4911 2698 4977 τῆς
2724 4907 3024 4973 συγκλήτου
3052 4903 3278 4966 τάξεως,
3303 4901 3539 4967 τοῦνομα
3561 4900 3857 4971 Παλλαδία,
3887 4918 3993 4970 πρε
4009 4921 4058 4954 :-

2475 5007 2653 5058 τάττει
2720 4998 3109 5069 φυλάττεσθαι,
3168 4996 3361 5065 τρίτην
3429 4994 3646 5063 ἡμέραν
3701 5003 4057 5063 παραγαγεῖν

2475 5099 2642 5158 αὑτάς
2677 5098 2754 5155 εἰς
2785 5093 3056 5163 ἐρώτησιν
3104 5086 3394 5145 κελεύσας.
3438 5087 3502 5137 Αἱ
3536 5086 3590 5137 δὲ
3625 5087 3723 5155 τὴν
3758 5087 4058 5155 δεδομένην

2477 5191 2671 5259 σχολὴν
2691 5187 2746 5238 εὖ
2778 5185 3094 5250 διαΟέμεναι
3136 5184 3202 5251 τῇ
3258 5181 3428 5250 μητρὶ
3455 5183 3746 5248 προσεῖχον
3775 5181 3842 5231 τὰ
3863 5181 4056 5232 δέοντι

2473 5277 2833 5348 παραινούση.
2874 5273 3066 5339 Ἔλεγε
3109 5272 3214 5340 γὰρ
3265 5272 3490 5332 αὑταῖς·
3556 5269 3699 5337 Ἐγὼ
3749 5271 3850 5338 μὲν
3885 5272 4054 5339 ὑμᾶς,

2473 5362 2516 5420 ὦ
2560 5370 2724 5419 τέκνα
2780 5363 3111 5432 ποθούμενα,
3169 5362 3228 5414 τὸ
3268 5361 3411 5413 κατά
3463 5361 3641 5418 σάρκα
3711 5365 4053 5432 γεννήσασι.

2476 5462 2690 5531 παιδείᾳ
2731 5462 2879 5529 πάσῃ
2908 5457 3000 5509 καὶ
3037 5458 3198 5524 ἱεροῖς
3243 5451 3417 5519 λόγοις,
3463 5453 3866 5524 ἐμεμψάμην,
3899 5457 4055 5510 ἐπεξ

2475 5553 2567 5609 οὖν
2589 5554 2779 5624 καιρὸς
2806 5553 2883 5612 είς
2911 5548 3094 5618 ἀγῶνα
3119 5548 3449 5616 παρακαλεῖ,
3479 5549 3505 5598 ὁ
3551 5547 3656 5599 τῶν
3686 5549 3838 5618 ἐμῶν
3877 5551 4054 5619 λόγων

2476 5652 2684 5728 καρπὸς
2742 5651 2944 5712 ὁποῖος,
2993 5648 3047 5701 ‘sv
3095 5645 3220 5715 ὑμῖν
3273 5641 3535 5709 ὀροήτω⁶
3577 5643 3667 5695 καὶ
3721 5643 3793 5714 μὴ
3839 5646 3938 5716 τὴν
3991 5649 4053 5697 ὲκ
