4226 6436
226 400 334 466 501

990 398 1449 461 MABTYRIUM
1494 399 1553 457 s.
1596 394 1892 457 SOPHI;E
1932 395 2025 454 EI‘
2065 376 2444 455 FILIARUM
2488 394 2690 455 EJUS.

3348 389 3451 451 502

229 512 428 568 πολλοῦ
461 510 947 582 διαμελετηθεῖσαν
983 513 1113 580 ὑμῖν
1161 513 1384 581 ἀρετὴν,
1417 512 1449 580 ἡ
1490 509 1556 562 δι’
1603 509 1784 577 ὀλίγου
1820 511 1860 566 Δ
1891 509 2171 573 virtutem,
2201 526 2289 580 qu:

1902 509 2171 573 virtutem,
2201 525 2322 580 quae
2357 509 2513 565 vobis
2538 506 2687 562 brevi
2727 516 2810 561 est
2839 504 3146 569 inferenda,
3180 517 3285 557 non
3338 503 3449 555 vin-

220 604 700 674 ἐπενεχθησομένη
725 606 828 675 ὲπή
840 622 956 675 ρεια
979 604 1245 675 διελέγξῃ,
1280 604 1416 674 μηδὲ
1445 604 1506 656 τὸ
1524 606 1623 674 τῆς
1652 603 1788 657 πλά-

222 713 325 765 νης
370 698 661 766 ἀνίσχυρον
706 699 803 766 τὴν
846 697 1045 760 παντὸς
1080 698 1432 767 ἰσχυροτέραν
1484 696 1786 766 κατισχύσῃ

222 786 507 854 ἀλήθειαν.
534 788 816 840 ’Ὑποπτόν
839 805 925 856 μοι
948 789 1046 856 τῆς
1074 788 1288 859 ἡλικίας
1308 787 1460 857 ὑμῶν
1483 787 1543 839 τὸ
1572 787 1782 849 νεάζον,

223 878 360 931 ἀλλὰ
393 878 467 947 μὴ
499 878 747 931 δειλιάτω
769 878 856 931 τὸν
906 880 1148 932 κίνδυνον
1178 897 1189 909 ·
1236 880 1386 946 ἕξετε
1441 879 1549 948 γὰρ
1593 880 1784 949 βοηθὸν

220 970 325 1037 τὴν
353 971 561 1039 ἄμαχον
588 969 681 1022 τοῦ
714 969 950 1040 Χριστοῦ
978 972 1311 1042 συμμαχίαν.
1342 972 1469 1023 Δότε
1502 971 1786 1039 τοιγαροῦν

221 1058 305 1127 τῷ
333 1059 449 1128 ἐμῷ
495 1061 662 1128 γήρᾳ,
705 1059 824 1111 δότε
853 1065 963 1123 τοῖς
997 1061 1281 1131 ὑμετέροις
1327 1063 1535 1128 ἀγῶσιν
1578 1063 1787 1130 ἐνσκιρ-

223 1149 388 1218 τῆσαι
416 1149 825 1218 νεανικώτερον,
858 1153 1134 1205 ἀνένδοτον
1179 1154 1306 1222 ἄχρι
1342 1153 1531 1215 τέλους
1561 1152 1659 1221 τὴν
1706 1155 1787 1213 είς

224 1242 460 1310 Χριστὸν
500 1241 853 1311 διατηροῦσαι
886 1244 1196 1312 ὁμολογίαν,
1232 1248 1287 1306 ὃς
1314 1246 1405 1296 καὶ
1432 1245 1573 1313 χειρὶ
1605 1243 1787 1311 στέψει

223 1333 290 1397 τῇ
344 1329 613 1398 ἀθανάτῳ,
673 1333 765 1383 καὶ
810 1335 1159 1402 ἀμαράντους
1214 1336 1341 1403 ὑμῖν
1389 1334 1615 1404 παρέξει
1665 1334 1787 1394 τοὺς

226 1421 546 1494 στεφάνους,
607 1423 723 1490 μεθ’
772 1419 831 1476 οὗ
874 1425 967 1476 καὶ
1019 1427 1097 1486 εἰς
1133 1426 1331 1486 αἰῶνας
1374 1425 1559 1477 ἐτεισοε
1594 1441 1789 1493 συγχο-

228 1512 503 1580 ρεύουται,
536 1516 630 1566 καὶ
660 1513 936 1584 ἄφθαρτον
970 1517 1255 1585 τρυορῶσαι
1299 1517 1528 1587 τρυφὴν,
1567 1517 1791 1569 πλοῦτόν

222 1616 283 1652 τε
311 1599 526 1662 ἄσυλον,
565 1605 657 1653 καὶ
684 1603 876 1671 ἡδονὴν
901 1605 1279 1674 καρπούμεναι
1319 1606 1589 1674 μηδέποτε
1622 1622 1789 1657 παυο-

228 1692 423 1761 μένη-ι.
495 1694 777 1761 Φρονίμων
844 1696 935 1748 οὖν
1010 1698 1158 1749 ἐστιν
1228 1695 1791 1760 ἀντικαταλλάξασθαι

225 1786 341 1835 τῶν
372 1785 587 1851 μικρῶν
609 1786 676 1835 τὰ
710 1788 962 1853 μέγιστα,
996 1789 1104 1839 τῶν
1144 1791 1393 1842 ἀστάτων
1429 1791 1498 1840 τά
1537 1789 1727 1855 μένοντ

225 1874 338 1923 τῶν
387 1875 618 1941 ῥεόντων
658 1876 721 1925 τὰ
776 1878 849 1943 μὴ
907 1876 1210 1946 κενούμενα
1243 1892 1257 1907 ⁸
1306 1881 1425 1930 ἐπεὶ
1478 1880 1575 1932 καὶ
1605 1882 1793 1933 πασῶν

227 1965 573 2031 πραγμάτων
596 1964 733 2032 αὕτη
762 1968 1084 2036 τιμιωτέρα,
1105 1969 1287 2035 ὀλίγου
1308 1971 1539 2038 αἵματος
1556 1973 1794 2042 οὐρανῶν

226 2055 543 2121 ὠνήσασθαι
581 2059 678 2126 τὴν
712 2058 1010 2126 βασιλείαν.
1043 2061 1148 2113 Καὶ
1176 2061 1345 2115 ταῦτα
1385 2064 1479 2132 μὲν
1514 2068 1541 2131 ἡ
1578 2066 1763 2132 Σοφία.

302 2145 374 2197 Ε’.
404 2149 467 2198 Αἱ
500 2148 555 2199 δὲ
597 2153 766 2218 μητρί
794 2151 1016 2225 τοιαύτῃ
1045 2156 1418 2224 προσήκουσαι
1454 2156 1751 2226 Θυγατέρες
1778 2174 1791 2187 ο

229 2232 304 2283 Συ
332 2234 453 2300 μὲν,
491 2230 661 2296 εἷπον,
698 2230 742 2288 ῶ
769 2239 1038 2309 σεϐασμῗα
1069 2242 1260 2312 μῆτερ,
1291 2244 1476 2313 εὐχαῖς
1508 2247 1656 2313 ἡμᾶς
1676 2246 1797 2306 ταῖς

235 2328 531 2392 μητρυιαῖς
582 2330 973 2398 παράπεμψον,
1016 2334 1383 2404 φυλακτήριον
1425 2340 1556 2407 ἡμῖν
1600 2337 1798 2404 ἀγαθὸν

232 2413 410 2475 αὖτέις
435 2417 809 2486 παρασχοῦσι.
854 2420 911 2471 Ὀ
937 2421 990 2471 δὲ
1024 2424 1297 2488 προειπὼν
1321 2424 1541 2492 Κύριος,
1576 2426 1663 2493 Μὴ
1700 2443 1796 2493 με·

234 2506 539 2574 ριμνήσητε
577 2508 691 2567 πῶς
732 2508 763 2575 ἦ
795 2508 846 2558 τί
881 2509 1307 2579 ἀπολογήσεσθε,
1342 2515 1468 2565 ὅταν
1510 2517 1600 2565 ἐπὶ
1644 2520 1799 2583 βασι-

236 2598 347 2658 λεῖς
382 2598 579 2665 ἀχθῆτε
633 2598 724 2648 καὶ
774 2599 1068 2665 ἡγεμόνας,
1118 2595 1271 2663 οὗτος
1314 2605 1550 2666 πάντως,
1589 2604 1663 2665 ὡς
1698 2604 1796 2672 μὲν

234 2685 464 2753 ἀληθὴς,
495 2686 551 2736 οὐ
578 2685 939 2752 διαψεύτεται,
972 2688 1043 2751 ῶς
1072 2690 1127 2742 δὲ
1159 2692 1400 2757 δυνατὸς,
1429 2692 1797 2763 ἐκπληρώσει,

237 2778 494 2846 παρέχων
523 2780 657 2848 ἡμῖν
687 2781 898 2847 σοφίαν,
926 2782 991 2834 δι’
1025 2777 1089 2851 ἦς
1117 2783 1455 2853 δυνησάμεθα
1486 2785 1580 2854 τὴν
1615 2787 1802 2855 μωρὰν

236 2870 410 2930 ὗντως
437 2870 529 2921 και
554 2874 1007 2939 καταργουμένην
1032 2874 1249 2942 νικῆσαι
1283 2876 1493 2943 σοφίαν,
1528 2879 1622 2929 καὶ
1639 2894 1804 2945 φανε-

241 2957 357 3027 ρῶς
392 2957 777 3027 τροπώσασθαι
816 2961 913 3027 τὴν
954 2960 1228 3013 ἀσέὸειαν.
1280 2962 1400 3014 Τῶν
1434 2959 1525 3014 οὖν
1564 2962 1801 3031 ὡρισμέ-

242 3067 350 3102 νων
413 3050 581 3113 τριῶν
636 3049 857 3117 ήμερῶν
918 3053 1020 3121 ἤδη
1074 3053 1458 3123 παρηκουσῶν,
1522 3055 1655 3125 πρὸς
1704 3054 1803 3124 τὴν

1711 1807 1788 1893 ‘3"
1823 1830 1868 1888 B

1890 614 1975 657 cat
2001 603 2215 673 injuria:
2248 619 2423 671 neque
2446 602 2647 655 erroris
2686 598 3027 654 imbecillitas
3096 610 3155 650 re
3212 596 3455 663 qualibet

1888 692 2164 745 fortiorem
2190 702 2410 761 superet
2444 691 2747 745 veritatem.
2769 688 2896 742 Mihi
2924 696 3007 742 est
3034 692 3281 751 suspecta
3324 696 3455 738 aetas

1888 794 2061 838 vestra
2088 785 2341 852 juvenilis
2368 794 2421 838 et
2443 792 2623 839 tenera
2645 800 2659 847 ;
2682 782 2774 838 sed
2800 797 2907 835 non
2943 779 3258 834 extimescat
3311 781 3456 845 peri-

1887 874 2282 931 culum.Vcbis
2334 877 2479 930 enim
2534 891 2690 944 opem
2747 873 2885 928 feret
2927 871 3189 924 invictum
3254 867 3453 921 Christi

1888 968 2166 1023 auxilium.
2202 971 2331 1023 Date
2370 984 2496 1038 ergo
2519 983 2652 1021 mete
2673 965 2959 1027 senectuti,
2994 963 3135 1025 date,
3164 969 3219 1013 ut
3266 958 3456 1011 vestris

1888 1062 2277 1115 certaminibus
2311 1060 2624 1130 iuveniliter
2656 1058 2946 1122 cxsultem,
2977 1056 3182 1107 firmam
3219 1064 3270 1105 et
3294 1050 3458 1104 stabi-

1889 1148 1992 1203 lem
2022 1161 2297 1205 servantes
2319 1166 2485 1219 usque
2506 1152 2571 1203 ad
2605 1149 2763 1202 finem
2791 1147 2989 1201 Christi
3024 1144 3417 1199 confessionem
3444 1160 3454 1191 :

1890 1242 1977 1308 qui
1998 1251 2226 1293 etmanu
2255 1241 2534 1295 coronabit
2555 1236 2865 1301 immortali,
2892 1244 2942 1288 et
2961 1248 3077 1301 quae
3105 1247 3209 1283 non
3237 1238 3461 1295 possunt

1891 1349 2245 1393 marcescere,
2268 1332 2418 1385 vobis
2455 1330 2981 1399 prathebiteoronas,
2998 1335 3124 1394 post
3142 1339 3276 1393 quas
3300 1324 3351 1375 in
3373 1337 3462 1374 sa:-

1892 1428 2010 1483 cula
2032 1422 2396 1480 cliorossitnul
2414 1423 2645 1484 ducetis,
2666 1434 2714 1473 et
2735 1419 2985 1473 fruemini
3006 1417 3236 1480 deliciis,
3258 1417 3307 1468 in
3331 1431 3463 1484 quas

1894 1533 2005 1572 non
2063 1518 2206 1571 cadit
2254 1515 2523 1576 interitus,
2552 1522 2606 1566 et
2638 1510 3049 1579 consequemini
3084 1508 3319 1570 divitias,
3346 1526 3463 1575 qua:

1893 1627 2001 1665 non
2026 1617 2251 1678 possunt
2280 1606 2519 1674 subripi,
2545 1614 2599 1658 et
2624 1618 2742 1672 qua:
2778 1614 3051 1669 nunquam
3073 1598 3292 1659 desinit,
3313 1598 3463 1650 volu-

1895 1710 2044 1770 ptate
2074 1697 2374 1767 potiemini.
2395 1698 2489 1749 Est
2507 1710 2634 1764 ergo
2660 1691 3011 1764 prudentium
3037 1694 3216 1757 parvis
3252 1705 3466 1768 permu-

1903 1802 2015 1846 tare
2045 1790 2297 1853 maxima,
2324 1788 2668 1841 instabilibus
2702 1784 3095 1854 permanentia,
3174 1781 3466 1835 ﬂuentibus

1896 1898 1958 1937 ea
2009 1888 2128 1951 quas
2156 1894 2260 1933 non
2285 1880 2691 1933 exinaniuntur.
2719 1875 2811 1927 Est
2844 1875 2990 1927 enim
3035 1874 3274 1927 omnium
3302 1888 3471 1940 nego-

1897 1977 2095 2028 tiorum
2126 1973 2227 2024 hoc
2250 1971 2409 2040 longe
2434 1967 2973 2038 praestantissimum,
3000 1978 3174 2033 pauco
3211 1962 3471 2031 sanguine

1897 2080 2077 2121 emere
2110 2079 2333 2133 regnum
2366 2064 2650 2117 calorum.
2686 2061 2754 2113 Et
2779 2059 2893 2113 haec
2927 2058 3145 2127 quidem
3176 2054 3399 2130 Sophia.

1970 2154 2032 2207 V.
2063 2155 2210 2207 Matri
2236 2164 2413 2205 autem
2434 2159 2794 2218 congruentes
2820 2149 2940 2201 tilire
2970 2147 3085 2200 :Tu
3117 2146 3355 2214 quidem,
3392 2144 3473 2195 in-

1898 2247 2111 2315 quiunt,
2140 2260 2171 2297 ο
2197 2243 2500 2296 veneranda
2526 2250 2719 2302 mater,
2749 2254 2849 2293 nos
2912 2237 3173 2292 maternis
3220 2236 3472 2306 precibus

1900 2347 2248 2403 prosequere,
2268 2346 2359 2385 eas
2382 2332 2542 2386 nobis
2563 2330 2809 2400 praebens
2828 2330 3031 2384 bonum
3054 2336 3298 2383 tutamen
3322 2345 3334 2381 :
3367 2327 3471 2383 Do-

1900 2430 2079 2482 minus
2096 2443 2159 2479 au
2170 2434 2297 2490 tem,
2320 2425 2409 2494 qui
2428 2425 2588 2479 dixit:
2620 2423 2699 2477 Ne
2715 2421 2930 2477 solliciti
2950 2421 3071 2475 sitis
3092 2420 3361 2489 quomodo
3380 2426 3475 2472 aut

1898 2519 2025 2585 quid
2048 2517 2437 2583 respondeatis,
2458 2514 2673 2584 quando
2690 2513 2961 2568 ducemini
2980 2514 3043 2568 ad
3064 2526 3217 2581 reges
3231 2518 3283 2564 et
3334 2523 3473 2578 prae-

1900 2608 2045 2661 sides
2067 2610 2085 2637 ³
2108 2606 2183 2672 ;ἰε
2205 2608 2448 2670 omnino,
2471 2607 2629 2673 utqui
2648 2606 2914 2665 sitverax,
2935 2618 3041 2655 non
3061 2602 3392 2665 mentietur;
3418 2608 3475 2653 ut

1900 2699 2273 2768 quisitautem
2293 2706 2507 2766 potens,
2528 2695 2855 2765 promissum
2902 2691 3170 2761 implebit,
3221 2691 3474 2761 praebens

1902 2787 2057 2841 nobis
2072 2786 2530 2857 sapientiam,per
2554 2800 2716 2855 quam
2741 2783 3042 2853 poterimus
3095 2796 3221 2835 vere
3251 2780 3473 2835 stultum
3521 2779 3524 2783 ’

1904 2880 2228 2947 sapientiam
2243 2889 2427 2947 etquae
2440 2878 2749 2932 exinanitur
2769 2878 3004 2940 vincere,
3026 2885 3081 2930 et
3097 2881 3355 2928 adversus
3375 2875 3482 2926 im-‘

1903 2970 2158 3040 pietatem
2180 2979 2362 3038 aperte
2382 2977 2643 3037 troptum
2661 2969 2891 3039 erigere.
2906 2967 3038 3021 Cum
3061 2977 3171 3020 tres
3189 2980 3318 3035 ergo
3340 2980 3478 3034 prre~

1906 3064 2080 3118 stituti
2099 3064 2214 3118 dics
2225 3064 2330 3134 jam
2356 3062 2768 3133 praeteriissent,
2788 3062 3065 3116 ducuntur
3083 3068 3283 3113 sanctte
3300 3058 3364 3111 ad
3396 3056 3481 3109 in-

241 3142 513 3208 ἐρὼτησιν
548 3142 602 3192 αί
659 3141 815 3208 ἆγιαι
855 3144 1069 3212 ῆγοντο.
1114 3141 1246 3197 Εἶτα
1284 3146 1311 3196 ὁ
1352 3144 1586 3210 δικάζων
1628 3146 1803 3211 δεινὸς
1830 3162 1871 3217 c
1906 3156 2289 3225 ter-rogatione:

1906 3156 2346 3225 termgationem.
2383 3154 2766 3223 Deindejudex
2800 3168 2923 3208 cum
2953 3154 3100 3208 esset
3135 3151 3384 3215 callidus,
3425 3159 3482 3205 et

239 3230 321 3283 ὣν
349 3236 441 3284 καὶ
476 3234 757 3302 σκοπήσας
792 3235 843 3286 τί
869 3234 1156 3305 χαλάσειεν
1189 3236 1254 3289 ἂν
1289 3237 1544 3291 νεανίδων
1575 3239 1801 3291 ἁπαλῶν

240 3324 522 3394 λογισμὸν,
552 3326 712 3396 πολλῇ
750 3328 951 3390 ταύτας
997 3329 1275 3399 ὑπήρχετο
1318 3331 1615 3401 κολακείαυ
1666 3331 1757 3385 καί
1783 3349 1800 3367 ο

251 3414 450 3485 Ὀρῶν,
481 3416 652 3484 ὑμῶν,
677 3418 800 3486 ἔφη,
833 3418 892 3470 τὸ
924 3419 1136 3483 κάλλος,
1170 3419 1212 3471 ὦ
1244 3422 1451 3484 παῖδες,
1484 3425 1579 3475 καὶ
1616 3424 1713 3492 τὴν
1739 3427 1804 3478 ὲκ

238 3509 340 3576 τῆς
393 3508 609 3577 μορφῆς
656 3509 858 3578 ταύτην
914 3509 1293 3578 ἀπορρέουσαν
1337 3510 1553 3580 ἡδονὴν,
1600 3514 1700 3566 οὐκ
1745 3516 1805 3580 ἐξ

241 3601 592 3668 ἀνθρωπίνης
625 3600 864 3670 ἡγοῦμαι
899 3602 1179 3671 προελθεῖν
1213 3602 1356 3671 ὑμᾶς
1391 3602 1622 3671 φύσεως,
1670 3608 1806 3664 ἀλλά

241 3707 387 3753 τινος
437 3692 714 3763 θειοτέρας
757 3696 848 3748 ἐπὶ
883 3694 1123 3765 θαύματι
1169 3699 1277 3753 τῶν
1320 3697 1569 3766 ὁρώντων
1599 3702 1807 3758 ἀποτα-

240 3784 441 3854 χθῆναι
464 3801 478 3815 ·
513 3785 601 3840 διὰ
626 3788 797 3841 ταῦτα
838 3794 932 3846 καὶ
974 3796 1248 3865 πατρικὴν
1280 3797 1683 3866 ἐνδεικνύμενος
1710 3800 1809 3867 τὴν

246 3881 508 3947 στοργὴν,
546 3880 680 3943 ἀξιῶ
725 3882 891 3949 ὑμᾶς,
927 3885 1198 3952 φίλταται,
1228 3889 1300 3956 μὴ
1327 3889 1654 3958 βουληθῆναι
1672 3890 1807 3952 ὅλως

243 3971 545 4038 ἀπειθῆσαι
592 3971 835 4038 φιλοῦντι
882 3977 1078 4045 πατρὶ,
1135 3978 1268 4030 ἀλλά
1324 3980 1514 4048 πρῶτα
1566 3983 1663 4049 μὲν
1717 3984 1809 4036 ἐπὶ

244 4062 371 4113 νοῦν
412 4062 596 4115 λαϐεῖν
629 4063 755 4117 ἔνθα
804 4065 1015 4135 ἡλικίας
1049 4072 1080 4139 ἠ
1118 4070 1300 4142 μήτηρ
1338 4072 1490 4141 ὑμῶν
1541 4075 1709 4137 ἐστιν,
1742 4070 1809 4144 ἦς

243 4155 340 4206 καὶ
368 4154 725 4225 μαστίζεσθαι
753 4158 833 4210 δεῖ
860 4162 921 4213 τὸ
950 4162 1147 4230 γῆρας,
1176 4163 1334 4232 εἴπερ
1362 4165 1520 4234 ὑμεῖς
1545 4164 1810 4217 ἀπειθοῦ-

248 4261 340 4298 σαι
388 4248 670 4315 φαίνεσθε.
740 4252 970 4305 Ἔπειτα
1009 4254 1065 4306 δὲ
1111 4254 1207 4305 καὶ
1254 4256 1315 4308 τὸ
1359 4255 1475 4308 νέον
1526 4255 1623 4323 τῆς
1655 4255 1808 4323 ὑμῶν

242 4338 467 4407 ἡλικίας
491 4342 569 4401 είς
604 4342 833 4409 καρδίαν
866 4344 1081 4404 θέσθαι,
1118 4345 1212 4398 τοῦ
1247 4347 1474 4407 κάλλους
1518 4362 1576 4396 τε
1620 4345 1679 4396 τὸ
1712 4346 1811 4400 άν-

247 4432 339 4496 θος
385 4434 476 4485 καὶ
520 4433 619 4501 τὴν
666 4434 977 4504 ἀπόρρητον
1015 4438 1340 4508 εὐμορφίαν,
1384 4440 1450 4508 ἣν
1488 4440 1615 4492 ὅσον
1648 4440 1811 4494 ἐθαύ-

247 4539 421 4592 μασα,
444 4521 697 4575 τοσοῦτον
723 4524 917 4592 ἔσομαι
944 4529 1190 4591 κολάζων
1222 4530 1314 4582 καὶ
1350 4513 1423 4598 μή
1454 4530 1803 4601 βουλόμενος,
1842 4505 1889 4563 θ

245 4616 361 4680 εἴγε
382 4615 536 4678 ὑμεῖς
560 4616 637 4685 τῷ
668 4617 741 4686 μὴ
764 4618 1047 4672 πείθεσθαι
1078 4619 1345 4676 λυποῦσαί
1374 4639 1437 4691 με
1474 4626 1609 4692 πρὸς
1632 4626 1805 4696 ὀργὴν

245 4706 555 4774 ὲξαγάγητε
583 4724 595 4735 ·
646 4712 739 4761 καὶ
774 4712 918 4771 τότε,
953 4712 1093 4778 φεῦι
1128 4715 1411 4767 ἀπολεῖσθε
1452 4733 1639 4779 κακῶς
1682 4721 1809 4772 ὅταν

245 4801 358 4852 ἔδει
398 4800 594 4868 μᾶλλον
628 4800 771 4869 ὑμᾶς
818 4804 1053 4872 χαίρειν,
1086 4806 1406 4875 εὐπραγεῖν,
1442 4808 1675 4862 πλούτου
1719 4810 1812 4862 καὶ

243 4892 402 4960 δόξης
438 4893 529 4945 καὶ
560 4892 842 4966 βασιλικῆς
866 4896 1159 4949 ἀπολαύειν
1195 4900 1502 4966 εὐμενείας,
1537 4901 1714 4953 αὐτῶν
1754 4919 1813 4954 τε

243 4984 356 5036 τῶν
395 4985 575 5037 καλῶν
609 4985 702 5037 τοῦ
734 4990 925 5057 καιροῦ
955 4992 1166 5059 καὶτῆς
1194 4992 1408 5059 ἡλικίας
1436 4996 1808 5063 κατατρυφᾷν.

259 5075 424 5128 Ἀλλά
454 5078 624 5129 ταῦτα
657 5077 754 5146 μὲν
780 5080 806 5130 6
832 5080 1089 5149 δικάζων.

322 5164 412 5229 ς’.
447 5161 510 5219 Kl
553 5168 610 5219 δὲ
640 5168 913 5234 παρθένοι,
944 5172 1012 5223 τά
1042 5172 1143 5240 τῆς
1180 5172 1378 5241 Σοφίας
1414 5174 1768 5244 βλαστήματα
1796 5192 1809 5206 ⁸

257 5259 473 5326 Ἡμεῖς,
498 5259 669 5323 εἷπον,
697 5261 821 5314 οὔτε
852 5261 957 5315 τῶν
990 5266 1328 5333 ἐπαγγελιῶν
1360 5284 1451 5318 σου
1480 5267 1701 5329 τούτων,
1742 5268 1817 5331 ὡς

251 5354 509 5423 εἴρηκας,
546 5355 835 5422 ἐφιέμεθα,
860 5355 982 5407 οὔτε
1025 5357 1134 5409 τῶν
1168 5358 1402 5413 ἀπειλῶν
1438 5360 1530 5413 καὶ
1564 5359 1812 5428 βασάνων

249 5443 662 5510 ἐπιτρεφόμεθα
690 5463 703 5478 ⁸
748 5447 1037 5516 ἀφθάρτων
1067 5448 1173 5519 γάρ
1207 5452 1418 5519 ἐρῶμεν
1449 5454 1686 5518 ἀγαθῶν,
1721 5453 1816 5505 καὶ

250 5531 532 5602 ἀφθάρτου
557 5532 841 5602 Νυμφίου,
865 5538 970 5588 τῶν
995 5540 1351 5609 ἀνθρωπίνων
1382 5543 1598 5597 πάντων
1649 5561 1818 5596 κατα-

251 5621 619 5691 φρονήσασαι.
660 5624 781 5677 Ὀτι
813 5624 870 5679 δὲ
900 5624 996 5696 τὴν
1026 5628 1235 5698 μητέρα
1267 5629 1513 5685 κολάσειν
1552 5632 1814 5700 ἀπειλεῖς,

362 5802 380 5828 ²
416 5797 602 5853 Matth.
641 5816 693 5862 χ,
734 5802 821 5855 49.

1907 3245 2580 3313 considerassetquidnam
2604 3255 2919 3298 tenerarum
2943 3243 3477 3298 adolescentularum

1908 3338 2145 3390 animum
2164 3338 2398 3392 maxime
2426 3337 2706 3392 remittere
2739 3346 2795 3391 et
2835 3336 3078 3390 emollire
3142 3344 3342 3405 posset,
3389 3348 3480 3387 eas

1909 3430 2092 3483 multis
2110 3446 2397 3500 aggressus
2415 3440 2497 3485 est
2525 3429 2834 3495 blanditiis;
2866 3439 2920 3485 et
2950 3447 2964 3482 :
2985 3429 3119 3484 Cum
3141 3427 3371 3487 videam,
3394 3426 3480 3478 in-

1908 3521 2044 3588 quit,
2059 3536 2091 3574 o
2111 3521 2320 3588 puellas,
2340 3528 2567 3575 vestram
2589 3519 3065 3589 pulchritudinem,
3088 3527 3140 3572 et
3158 3532 3276 3586 quae
3295 3531 3357 3571 ex
3380 3514 3484 3589 hac

1910 3611 2286 3674 formaeillutt,
2311 3614 2666 3682 voluptatem,
2697 3627 2804 3665 non
2836 3610 3088 3665 existimo
3122 3623 3219 3663 vos
3255 3623 3323 3661 ex
3381 3606 3487 3659 hu-

1910 3720 2065 3760 mana
2086 3705 2413 3775 processisse
2434 3715 2648 3770 natura,
2669 3705 2762 3759 sed
2781 3720 2811 3759 e
2847 3703 3115 3759 diviniore
3154 3700 3330 3769 aliqua
3360 3712 3481 3753 esse

1911 3798 2102 3859 editas,
2119 3797 2184 3851 ad
2202 3812 2389 3851 eorum
2411 3796 2503 3865 qui
2528 3811 2625 3850 vos
2648 3806 2903 3857 cernunt.
2921 3792 3355 3848 admirationem.
3416 3789 3484 3845 Et

1912 3890 2034 3943 ideo
2059 3888 2110 3941 in
2134 3903 2228 3942 vos
2252 3898 2534 3957 paternam
2556 3888 2849 3943 ostendens
2870 3885 3325 3947 benevolentiam,
3350 3897 3481 3952 rogo

1913 3995 2028 4046 vos,
2047 3980 2399 4047 charissimze,
2441 3995 2509 4034 ne
2533 3981 2732 4034 amanti
2757 3982 2893 4049 patri
2923 3980 3100 4034 velitis
3117 3978 3340 4032 omnino
3362 3991 3483 4030 esse

1913 4074 2313 4129 inobedicntes:
2347 4075 2437 4127 sed
2466 4074 2697 4141 primum
2728 4074 2943 4141 quidem
3006 4071 3237 4140 cogitate
3277 4084 3382 4138 qua
3413 4068 3483 4121 sit

1912 4172 2070 4218 astate
2120 4173 2291 4218 mater
2334 4173 2532 4228 vestra,
2569 4164 2725 4232 cuius
2764 4178 2988 4218 necesse
3036 4172 3119 4216 est
3185 4161 3483 4231 tlagelletur

1913 4261 2187 4318 senectus,
2210 4254 2255 4308 si
2274 4269 2368 4309 vos
2386 4271 2494 4309 non
2524 4255 2832 4323 paruerilis.
2856 4254 3055 4308 Deinde
3074 4254 3255 4308 animo
3271 4261 3484 4307 versate

1916 4357 2150 4402 vestram
2199 4356 2435 4400 teneram
2462 4346 2904 4410 astatcm,llorem
2967 4345 3395 4414 pulchritudinis
3429 4355 3484 4399 et

1917 4439 2175 4508 speciem,
2192 4453 2309 4507 qua:
2328 4452 2434 4492 non
2454 4437 2825 4507 potestverbis
2847 4435 3074 4505 exprimi
3099 4455 3109 4488 ε
3131 4451 3293 4505 quam
3316 4447 3486 4505 quan-

1916 4540 2027 4585 tum
2063 4530 2323 4593 admiror,
2352 4540 2560 4584 tantum
2586 4531 2800 4599 pamiam
2821 4529 2982 4581 etiam
3024 4529 3244 4591 invitus,
3294 4528 3339 4582 si
3391 4544 3485 4594 vos

1916 4638 2022 4676 non
2043 4621 2277 4690 parendo
2296 4623 2597 4676 molestiam
2616 4621 2925 4682 aiferentes,
2946 4634 3030 4672 me
3053 4618 3117 4672 ad
3136 4619 3266 4672 iram
3291 4634 3484 4688 provo.

1917 4714 2184 4769 caveritis.
2211 4714 2439 4775 Ettunc,
2465 4712 2596 4781 proli
2617 4712 2767 4767 dolor
2792 4712 2803 4765 ί
2831 4711 2970 4766 male
2986 4710 3245 4781 peribitis,
3270 4713 3485 4781 quando

1919 4821 2016 4859 vos
2041 4805 2268 4857 maxime
2300 4812 2580 4873 oporteret
2602 4803 2863 4873 gaudere,
2895 4801 3079 4856 felices
3095 4818 3234 4868 esse,
3259 4802 3486 4864 divitiis,

1922 4909 1976 4955 et
2008 4897 2192 4967 gloria,
2228 4903 2281 4949 et
2312 4893 2656 4963 imperatoria
2685 4892 2787 4947 frui
2817 4893 3220 4954 benevolentia,
3244 4891 3486 4960 ipsisque

1923 4988 2183 5056 temporis
2225 4987 2485 5041 etaetatis
2514 5001 2610 5041 vos
2644 4986 2862 5055 explere
2919 4984 3149 5039 deliciis.
3208 4982 3314 5039 Sed
3369 4982 3487 5037 haec

1921 5070 2134 5150 quidem
2181 5078 2363 5145 iudex.

1996 5168 2083 5222 Vl.
2127 5170 2387 5223 Dixerunt
2429 5179 2610 5224 autem
2651 5169 2903 5237 virgines,
2946 5168 3160 5236 Sophia:
3208 5166 3482 5237 germina:

1926 5259 2033 5316 Nos
2060 5276 2235 5329 neque
2265 5260 2671 5329 promissa,quae
2702 5269 2757 5313 tu
2785 5259 2964 5314 dixisti
2995 5261 3266 5328 cupimus,
3307 5273 3488 5326 neque

1920 5353 2118 5416 minas,
2189 5368 2289 5407 nec
2346 5359 2611 5404 tormenta
2667 5366 2941 5404 curamus.
3000 5351 3258 5405 Amamus
3340 5350 3483 5402 enim

1921 5446 2083 5508 bona,
2114 5445 2165 5497 in
2210 5457 2315 5510 quo
2345 5456 2452 5496 non
2494 5442 2637 5496 cadit
2664 5441 2937 5505 interitus,
2987 5452 3041 5494 et
3071 5440 3362 5509 Sponsum.
3394 5437 3485 5505 qni

1924 5551 2030 5589 non
2075 5534 2235 5603 perit,
2297 5532 2535 5586 humana
2598 5532 2778 5587 omnia
2838 5540 3271 5585 contemnentes.
3331 5530 3484 5594 Quod

1922 5634 2101 5682 autem
2150 5623 2372 5679 minaris
2409 5632 2635 5679 matrem
2669 5631 2719 5677 te
2774 5637 2895 5679 esse
2966 5621 3147 5691 ﬂagris
3191 5632 3483 5685 caesurum,
