4226 6436
736 373 837 436 503

1991 370 2273 434 MENSIS
2318 375 2468 436 AUC
2485 376 2746 438 US'I'US.

3896 363 3992 425 504

743 497 998 552 tanquam
1039 485 1140 538 hoc
1197 489 1356 542 modo
1397 505 1497 545 nos
1549 491 1836 545 territurus
1901 499 2120 560 prapter
2170 498 2363 549 natum

2433 490 2502 552 ὡς
2536 491 2612 561 τῷ
2647 493 2832 561 τρόπῳ
2863 492 3034 561 τούτῳ
3065 492 3318 559 ιςοῦήσων
3352 489 3492 558 ἡμᾶς
3528 483 3614 538 διὰ
3644 482 3739 554 τὴν
3767 481 3997 552 φυσικὴν

748 578 911 634 ralem
958 577 1100 632 inter
1144 595 1243 635 nos
1287 581 1514 636 invicem
1569 584 2010 645 consensionem,
2056 582 2234 636 nescis
2273 589 2323 634 te

745 671 906 727 nobis
965 678 1018 724 et
1080 670 1156 725 illi
1207 677 1535 728 annuntiare
1585 676 1852 730 bonorum
1908 674 2318 745 perfectionem.

743 760 889 826 Quid
961 761 1106 815 enim
1183 762 1516 818 Christianis
1580 776 1756 834 potest
1831 782 1952 821 esse
2004 765 2322 834 jucundius,

747 868 909 922 quam
964 853 1072 922 pati
1124 869 1220 923 pro
1271 854 1526 910 Christo?
1576 857 1800 911 Etiamsi
1842 874 1950 914 non
1998 858 2327 912 haberemus

749 945 904 1008 tales,
955 959 1076 1014 quae
1119 943 1435 1013 sperantur,
1476 950 1962 1014 remunerationes,
2011 966 2173 1018 quam
2218 963 2323 999 non

744 1038 931 1108 gloriae
976 1039 1348 1106 praestantiam
1404 1052 1638 1110 superat,
1683 1044 1792 1111 pati
1837 1058 1930 1110 pro
1977 1057 2042 1094 eo
2088 1040 2178 1108 qui
2229 1055 2326 1093 nos

747 1132 1031 1186 formavit?
1060 1133 1286 1197 Quando
1334 1143 1512 1188 autem
1568 1136 1721 1189 nobis
1759 1136 1921 1188 etiam
1963 1145 2206 1204 paratum
2245 1141 2326 1188 est

747 1241 975 1296 regnum
1029 1225 1312 1282 caelorum.
1365 1235 1419 1280 et
1469 1227 1689 1288 divitiae,
1736 1226 1788 1278 in
1838 1241 1971 1294 quas
2031 1241 2137 1279 non
2184 1224 2324 1277 cadit

744 1317 1021 1382 interitus,
1075 1329 1125 1373 et
1171 1320 1450 1387 perceptio
1501 1319 1766 1374 bonorum
1830 1331 2180 1379 :eternorum.
2233 1333 2326 1371 co-

743 1408 864 1460 nari
899 1421 999 1460 nos
1051 1409 1336 1461 traducere
1373 1423 1400 1460 a
1433 1422 1614 1463 nostra
1650 1409 1921 1463 sententia
1966 1407 2327 1478 promissione

744 1495 1040 1553 bonorum.
1073 1513 1191 1565 quae
1222 1506 1351 1551 sunt
1377 1500 1440 1552 ad
1489 1509 1724 1568 tempus,
1752 1509 1832 1556 est
1861 1508 2047 1568 aperta
2094 1498 2321 1551 insania.

745 1588 826 1642 Ne
861 1586 1066 1642 fallaris
1095 1603 1246 1657 ergo,
1291 1590 1478 1658 judex.
1517 1588 1700 1657 Neque
1727 1590 1867 1642 enim
1901 1597 2187 1644 assentans
2218 1597 2329 1641 tra-

748 1679 866 1744 hes,
897 1695 1071 1749 neque
1118 1681 1350 1749 puniens
1381 1696 1478 1733 nos
1524 1691 1855 1735 convertes:
1900 1681 1991 1735 sed
2039 1689 2166 1733 tunc
2211 1696 2326 1733 ma-

741 1773 919 1837 jorem
969 1771 1164 1824 amres
1209 1772 1540 1838 molestiam,
1586 1775 1628 1827 si
1683 1788 1910 1841 parcens
1964 1774 2109 1834 huic,
2165 1786 2325 1842 quam

2429 585 2562 650 πρὶς
2593 584 2826 652 ἀλλήλας
2853 585 3219 653 συμπάθειαν,
3252 580 3482 648 λέληθας
3517 580 3648 647 ἡμῖν
3687 595 3744 628 τε
3776 576 3999 643 κάκείνῃ

2428 671 2525 738 τὴν
2589 673 2897 744 τελειότητα
2945 675 3053 725 τῶν
3103 672 3323 740 ἀγαθῶν
3376 669 3888 735 εὐαγγελιζόμενος.
3941 667 4002 717 Ti

2429 765 2535 834 γὰρ
2559 767 2822 834 ἡδύτερον
2851 768 3195 836 Χριστιανοῖς
3223 764 3312 816 τοῦ
3343 764 3483 830 ὑπὲρ
3512 759 3750 831 Χριστοῦ
3781 760 3994 823 παθεῖν;

2431 857 2538 910 Καὶ
2569 859 2616 909 εί
2655 858 2730 927 μὴ
2759 857 3018 920 τοιαύτας
3051 855 3410 924 ὲλπιζομένας
3441 854 3661 921 εἴχομεν
3681 849 3999 910 ἀντιδόσεις,

2428 951 2542 1004 ἀλλ’
2575 951 2706 1004 αὖτὸ
2737 969 2798 1017 γε
2853 951 2911 1002 τὸ
2943 950 3169 1018 πάσχειν
3221 948 3359 1015 ὑπὲρ
3407 945 3500 998 τοῦ
3549 944 3854 1001 πλάσαντος
3891 941 4002 992 τίνα

2427 1041 2583 1110 δόξης
2615 1041 2923 1112 ὑπερϐολὴν
2954 1039 3274 1094 καταλείπει
3299 1055 3313 1102 ;
3340 1038 3512 1089 Ὅταν
3546 1036 3602 1088 δὲ
3633 1034 3726 1087 καὶ
3758 1033 4002 1101 οὐρανῶν

2429 1133 2562 1202 ἡμῖν
2589 1133 2945 1204 ἓτοιμάζηται
2987 1133 3256 1202 βασιλεία,
3293 1130 3389 1181 καὶ
3430 1128 3658 1188 πλοῦτος
3698 1125 4000 1193 ἄφθαρτος,

2429 1222 2520 1274 καὶ
2548 1221 2782 1274 αίωνίων
2807 1221 3107 1282 ἀπόλαυσις
3136 1217 3376 1286 ἀγαθῶν,
3403 1215 3462 1268 τὸ
3488 1214 3844 1284 μεταπείσειν
3868 1213 3999 1273 ὅλως

2429 1309 2724 1378 ἐπιχειρεῖν
2767 1307 2988 1375 ἀγαθῶν
3033 1307 3387 1377 προσκαίρων
3420 1303 3800 1370 ἐπαγγελίαις,
3829 1303 4006 1370 μωρία

2430 1402 2625 1469 σλφήςο
2659 1399 2750 1470 Μὴ
2781 1400 2958 1452 τοίνυν
2999 1400 3212 1463 ἁπατῶ,
3235 1397 3464 1451 δικαστά
3489 1412 3502 1426 ·
3537 1393 3659 1447 οὔτε
3697 1396 3806 1462 γὰρ
3844 1392 4004 1442 κολα-

2431 1489 2604 1542 κεύων
2651 1489 2924 1552 ἐλκύσεις,
2970 1487 3092 1540 οὔτε
3128 1487 3369 1549 κολάζων
3425 1483 3789 1555 μετατρέψεις
3822 1482 4003 1549 ἡμᾶς·

2429 1579 2565 1633 ἀλλά
2607 1579 2727 1632 τότε
2766 1580 2966 1650 μᾶλλον
3012 1580 3275 1643 ἀνιάσεις,
3319 1579 3436 1644 εἴγε
3491 1575 3810 1643 φειδόμενος
3851 1573 4007 1640 ἡμῶν

2428 1671 2526 1740 τῆς
2567 1672 2709 1740 μέγα
2761 1671 2912 1741 παρὰ
2959 1673 3043 1723 σοὶ
3094 1669 3296 1740 ταύτης
3340 1666 3711 1738 νομιζομένης
3747 1665 4002 1734 νεότητος

2430 1767 2525 1816 καὶ
2575 1764 2676 1834 τῆς
2720 1763 2888 1834 ὥρας,
2931 1764 2993 1816 οὐ
3031 1763 3273 1833 χαλεπὰς
3306 1761 3528 1826 ἐπάξεις
3571 1761 3668 1821 τὰς
3717 1757 3967 1818 κολάσεις
3993 1772 4005 1784 ο

749 1870 804 1915 tu
843 1862 1181 1928 magnifacis,
1217 1863 1486 1930 juventuti
1535 1877 1590 1917 et
1624 1862 2041 1932 pulchritudini,
2088 1879 2195 1916 non
2251 1863 2326 1916 sis
2361 1839 2363 1866 ἒ

2433 1857 2734 1928 ζημιώσεις
2772 1856 2882 1928 γὰρ
2919 1857 3141 1916 πάντως
3183 1855 3293 1907 τῶν
3343 1854 3605 1924 μειζόνων
3655 1849 3882 1918 ἀγαθῶν
3917 1849 4011 1914 τὴν

743 1969 936 2025 graves
963 1954 1209 2008 illaturus
1243 1956 1537 2010 cruciatus.
1580 1955 1688 2009 Nos
1718 1958 1860 2010 enim
1897 1955 2096 2010 damno
2127 1955 2328 2011 aﬂicies

751 2045 1016 2113 majorum
1075 2044 1346 2099 bonorum
1385 2046 1867 2101 remunerationis.
1907 2047 2195 2116 Postquam
2230 2063 2328 2102 au-

749 2135 883 2190 divit
918 2135 1085 2205 judex
1128 2137 1268 2190 hanc
1333 2135 1540 2190 firmam
1575 2147 1629 2192 et
1668 2147 2008 2193 constantem
2047 2138 2324 2192 defensio-

750 2245 872 2283 nem
905 2230 1088 2285 statuit
1133 2245 1226 2286 eas
1258 2245 1510 2301 separare
1542 2246 1572 2284 a
1601 2247 1657 2284 se
1706 2231 1959 2293 invicem,
2003 2241 2056 2284 et
2089 2232 2327 2302 singula-

750 2323 844 2374 tim
893 2336 985 2376 eas
1033 2322 1302 2377 adducere
1333 2324 1399 2374 ad
1440 2322 1918 2388 examinationem,
1956 2333 2012 2376 ut
2058 2323 2137 2376 sic
2189 2338 2324 2392 quo-

745 2430 852 2483 que.
884 2429 976 2468 eas
1023 2414 1227 2483 majore
1261 2412 1506 2469 alliceret
1557 2413 1822 2475 molestia,
1862 2422 1918 2466 ut
1956 2414 2033 2468 eis
2085 2424 2328 2468 uteretur

747 2507 1216 2562 imbecillioribus.
1261 2507 1395 2562 Cum
1425 2516 1606 2561 autem
1641 2506 2032 2576 interrogasset
2062 2508 2126 2562 de
2173 2516 2328 2562 aetate

745 2612 801 2655 et
829 2599 1142 2655 nominibus
1169 2600 1619 2670 uniuscujusque,
1650 2610 1704 2656 et.
1735 2615 1764 2655 a
1799 2608 1974 2656 matre
2005 2601 2324 2671 accepisset,

750 2710 912 2749 unam
947 2694 1166 2764 quidem
1209 2693 1387 2750 vocari
1416 2694 1627 2760 Fidem,
1669 2704 1725 2749 et
1759 2696 1868 2764 jam
1921 2710 2079 2765 agere
2121 2709 2325 2748 annum

748 2787 1062 2853 duodecim;
1099 2787 1322 2842 alteram
1353 2797 1533 2841 autem
1564 2787 1778 2842 duobus
1809 2787 1967 2840 annis
2001 2802 2121 2842 esse
2148 2787 2326 2856 priore

749 2880 1041 2944 minorem,
1089 2894 1210 2945 quae
1243 2888 1470 2934 vocatur
1507 2877 1674 2947 Spes;
1726 2878 1941 2932 tertiam
1999 2889 2180 2933 autem
2228 2896 2327 2934 no-

749 2971 943 3025 minari
1021 2971 1238 3041 quidem
1322 2969 1673 3036 Cliaritatem,
1755 2986 1862 3025 uno
1928 2980 2108 3025 autem
2187 2987 2329 3026 anno

749 3080 870 3120 esse
922 3065 1165 3120 secunda
1219 3064 1532 3118 minorem:
1587 3062 1816 3132 primam
1870 3063 2033 3133 jussit
2092 3065 2328 3134 primum

749 3159 1000 3231 produci,
1039 3169 1137 3212 et:
1177 3157 1458 3221 Sacrifica,
1495 3156 1649 3218 dixit,
1689 3155 1886 3221 Dianae,
1928 3174 1960 3210 ο
2010 3158 2324 3212 adolescen-
2355 3175 2399 3232 ρ

753 3252 862 3307 tula
909 3268 922 3305 :
962 3266 1069 3306 non
1115 3251 1218 3306 hoc
1272 3250 1368 3305 tibi
1406 3265 1606 3303 novum
1659 3249 2006 3318 imperamus,
2056 3250 2149 3305 sed
2186 3252 2328 3320 quod

752 3361 782 3401 a
816 3341 971 3397 nobis
1012 3356 1227 3411 quoque
1271 3342 1330 3396 fit
1361 3339 1590 3410 jamdiu.

831 3435 941 3490 Vll.
976 3435 1066 3488 lita
1100 3445 1282 3489 autem
1317 3445 1571 3501 tanquam
1601 3449 1666 3486 eo
1697 3432 1812 3502 ipso
1859 3433 2016 3486 vellet
2043 3432 2329 3487 ostendere

754 3541 855 3583 eos
880 3527 1079 3581 frustra
1115 3526 1260 3597 ipsas
1295 3539 1598 3595 separasse,
1634 3526 1876 3579 volentes
1901 3541 1965 3578 ex
2001 3525 2170 3578 tribus
2202 3540 2332 3577 con-

759 3629 959 3676 textam
1023 3618 1394 3674 comminuere
1454 3625 1720 3678 catenam,
1783 3625 1836 3671 ut
1888 3615 1978 3686 qui
2021 3615 2333 3686 ignorarent

756 3728 878 3766 esse
915 3713 960 3764 ci
1019 3727 1080 3764 ex
1138 3712 1246 3764 alto
1303 3711 1580 3764 audaciam
1631 3719 1682 3763 et
1725 3709 2048 3772 doctrinam,
2100 3725 2330 3774 quonam

758 3805 965 3865 scilicet
1039 3805 1196 3858 modo
1256 3812 1504 3872 oporteat
1570 3802 1900 3871 respondere
1937 3820 1947 3853 :
1984 3801 2025 3851 0
2079 3809 2330 3864 vestram,

759 3899 991 3961 dicebat,
1033 3914 1154 3966 qua:
1188 3898 1238 3949 in
1275 3896 1599 3965 profundum
1641 3911 1808 3962 usque
1859 3903 2126 3962 penetrat,
2179 3894 2332 3946 cacci-

762 4002 946 4050 tatem,
1005 3989 1094 4057 qui
1159 3996 1263 4041 tam
1334 3987 1528 4041 misere
1579 3984 1942 4044 caecutieutes,
2016 3984 2136 4038 aliis
2173 3985 2334 4037 etiam

761 4080 925 4135 vultis
957 4095 1075 4134 esse
1119 4078 1217 4131 via:
1254 4077 1418 4130 duces
1454 4093 1469 4130 :
1501 4088 1554 4130 et
1585 4092 1773 4145 cogere
1809 4075 1991 4140 vultis,
2033 4084 2092 4129 ut
2143 4090 2335 4144 proce-

759 4177 950 4229 damus
984 4173 1261 4226 vobiscum
1292 4170 1357 4224 ad
1389 4171 1634 4224 eamdem
1666 4169 1804 4222 viam
1849 4168 2136 4223 interitus!
2177 4167 2338 4233 Quis-

763 4283 887 4321 nam
929 4278 1110 4319 autem
1147 4265 1330 4327 homo,
1369 4265 1410 4315 si
1444 4262 1636 4329 sapiat,
1689 4259 2109 4330 persnadebitur
2139 4275 2167 4312 a
2210 4275 2338 4312 vero

763 4359 981 4429 quidem
1030 4356 1138 4411 Deo
1180 4353 1451 4415 recedere,
1486 4354 1642 4419 cujus
1692 4367 1948 4404 manuum
2003 4365 2165 4419 opera
2214 4357 2340 4401 sunt

763 4452 883 4505 t'tell
920 4461 973 4505 et
1017 4459 1178 4514 terra,
1221 4457 1274 4502 et
1302 4447 1478 4500 omnia
1513 4460 1629 4515 qua:
1661 4453 1788 4498 sunt
1819 4444 1872 4496 in
1902 4443 1980 4496 eis
2017 4460 2028 4495 :
2061 4440 2127 4496 ad
2175 4457 2337 4511 opera

2433 1948 2731 2002 ἀντίδοσιν.
2775 1947 2990 2018 Ταύτην
3043 1947 3118 2010 ὡς
3165 1949 3362 2017 ἤκουσε
3397 1947 3496 2010 τὴν
3537 1944 3702 2012 ἀτενῆ
3749 1942 3848 1996 καὶ
3879 1941 4013 1994 ἀπὸ-

2433 2059 2583 2094 τονον
2616 2043 2643 2094 ὁ
2674 2041 2910 2106 δικάζων
2944 2041 3266 2109 ἀπολογίαν,
3301 2039 3442 2107 ἔγνω
3475 2038 3669 2092 διελεῖν
3705 2037 3876 2097 αὐτὰς
3916 2032 4011 2087 ἀπ’

2430 2135 2696 2202 ἀλλήλων,
2744 2135 2839 2187 καὶ
2890 2133 3032 2185 κατά
3082 2133 3214 2193 μίαν
3271 2132 3512 2199 εἰσάγειν
3559 2128 3693 2197 πρὸς
3721 2129 3822 2197 τὴν
3874 2125 4011 2193 ἐρῶ·

2429 2225 2619 2294 τησινξ,
2660 2226 2745 2277 ἵνα
2774 2225 2866 2278 καὶ
2917 2224 3118 2293 μᾶλλον
3147 2223 3288 2276 οὕτω
3331 2224 3572 2294 λυπήσῃ,
3610 2221 3705 2272 καὶ
3734 2220 3809 2280 ὼς
3846 2217 4011 2269 ἀσθε-

2432 2317 2713 2387 νεστέραις
2772 2317 3064 2386 χρήσαιτο.
3138 2315 3453 2385 Ἐρωτήσας
3497 2313 3553 2366 δὲ
3599 2310 3859 2382 καὶπερὶ
3912 2309 4012 2375 τῆς

2429 2409 2648 2478 ἡλικίας
2696 2408 2932 2476 ἑκάστης
2980 2407 3075 2459 καὶ
3134 2405 3264 2476 περὶ
3293 2405 3402 2459 τῶν
3428 2406 3727 2475 ὀνομάτων,
3776 2400 3873 2455 καὶ
3901 2400 4010 2452 imi)

2430 2503 2530 2570 τῆς
2577 2500 2988 2570 γεννησαμένης
3026 2498 3234 2568 μαθὼν,
3276 2497 3372 2569 τὴν
3429 2497 3528 2567 μὲν
3580 2497 3767 2547 Πίστιν
3807 2512 3866 2546 τε
3908 2510 4009 2546 κα.-

2429 2593 2639 2647 λεῖσθαι
2679 2594 2772 2645 καὶ
2806 2593 2908 2662 ἤδη
2938 2592 3240 2654 δωδέκατον
3277 2589 3396 2651 ἔτος
3422 2588 3634 2643 ἀνύειν·
3668 2586 3765 2655 τὴν
3799 2585 3857 2637 δὲ
3892 2584 4015 2636 δυσὶ

2433 2685 2649 2758 χρόνοις
2682 2685 3080 2753 λείπεσθαιτῆς
3109 2682 3384 2752 προτέρας
3407 2677 3530 2750 ἦςὴ
3562 2678 3752 2746 κλῆσις
3785 2675 3970 2735 Ἐλπίς
3993 2713 4006 2724 .

2431 2782 2529 2852 τὴν
2558 2781 2613 2833 δὲ
2645 2779 2837 2851 τρίτην
2872 2778 3124 2848 Ἀγάπην
3164 2776 3261 2846 μὲν
3290 2771 3674 2841 ὀνομάζεσθαι,
3711 2769 3794 2822 ὲνὶ
3827 2768 3885 2820 δὲ
3915 2770 4015 2834 τῆς

2430 2877 2691 2947 δευτέρας
2742 2876 2985 2945 ὑστερεῖν
3027 2873 3136 2926 ἔτει
3175 2873 3275 2941 τὴν
3319 2868 3542 2941 πρώτην
3576 2865 4014 2938 παραντησάμε·

2433 2988 2522 3033 νος
2543 2987 2556 3001 ·
2589 2969 2783 3032 Θῦσον,
2813 2961 2857 3022 ὧ
2893 2968 3092 3030 νεανίς,
3141 2966 3318 3033 ἔλεγε,
3346 2967 3413 3034 τῇ
3450 2961 3726 3034 ’Λρτέμιδι
3754 2978 3768 2992 ·
3796 2961 3856 3012 οῦ
3891 2972 4016 3012 και-

2434 3063 2524 3116 νόν
2574 3078 2654 3113 σοι
2678 3058 2834 3112 τοῦτο
2857 3057 3268 3129 προστάττομεν
3295 3055 3356 3108 τὸ
3379 3054 3682 3124 ἐπίταγμα,
3717 3050 3834 3107 ἀλλ’
3876 3051 4016 3119 ὅπερ

2435 3154 2500 3204 ἐκ
2528 3149 2723 3204 πολλοῦ
2757 3149 2861 3220 ἤδη
2913 3147 3006 3202 καὶ
3036 3146 3164 3218 παρ’
3195 3145 3354 3216 ἡμῶν
3384 3144 3615 3212 γίνεται.

2505 3418 2576 3469 Ζ’.
2627 3414 2688 3467 Ἡ
2723 3411 2779 3467 δὲ
2811 3411 2997 3483 ὥσπερ
3029 3409 3259 3465 αὐτόθεν
3296 3405 3669 3472 ὲπ.δείξασθαι
3701 3401 4006 3474 βουλομένη

2435 3511 2516 3562 ὅτι
2551 3508 2641 3561 ἐπὶ
2673 3507 2890 3578 ματαίῳ
2925 3506 3022 3577 τὴν
3050 3504 3320 3574 διαίρεσιν
3345 3493 3527 3555 θὺτῶν
3556 3500 3887 3568 ἐποιήσαντο
3917 3495 4017 3564 τὴν

2436 3605 2498 3654 ἐκ
2539 3599 2708 3670 τριῶν
2762 3598 2948 3667 σειρὰν
3001 3596 3263 3648 λεπτῦναι
3308 3592 3639 3661 βουλόμενοι,
3691 3588 4019 3656 ἀγνοοῦντες

2435 3697 2515 3748 ὅτι
2550 3692 2758 3747 ἀνωθεν
2803 3690 2864 3745 τὸ
2916 3689 3116 3763 θάρσος
3165 3687 3380 3748 αὑταῖς,
3430 3683 3524 3735 καὶ
3574 3681 3734 3752 ήτοῦ
3786 3681 3907 3742 πῶς
3937 3681 4022 3731 δεῖ

2437 3787 2826 3854 ἀπολογεῖσθαι
2875 3781 3234 3836 διδασκαλία·
3273 3779 3337 3829 Ὢ
3385 3777 3484 3845 τῆς
3531 3776 3610 3836 είς
3670 3771 3834 3842 βάθος
3863 3771 4021 3840 ὑμῶν

2437 3877 2818 3948 διικνουμένης
2876 3873 3210 3946 πωρώσεως,
3253 3869 3474 3937 ἔλεγεν·
3519 3868 3568 3920 οἳ
3627 3866 3832 3927 ἀθλίως
3877 3865 4023 3918 οὕτω

2439 3973 2865 4040 τυφλώττοντες,
2929 3968 3024 4020 καὶ
3076 3968 3286 4038 ἑτέροις
3334 3959 3473 4016 εἶναι
3516 3961 3698 4026 ὁδηγοὶ
3735 3957 4021 4026 βούλεσθε,

2442 4066 2532 4114 7.1“.
2567 4064 2700 4132 πρὸς
2737 4063 2835 4131 τὴν
2879 4058 3049 4130 αὐτὴν
3099 4057 3229 4127 ὑμῖν
3287 4055 3538 4124 χωρῆσαι
3588 4051 3686 4121 τῆς
3742 4050 4026 4111 ἀπωλείας

2442 4159 2556 4209 ὁδὸν
2613 4152 2976 4222 ἀναγκάζετε.
3040 4151 3135 4214 Τίς
3191 4151 3237 4204 δ’
3285 4150 3350 4203 ἂν
3390 4145 3672 4217 εὑφρονῶν
3728 4142 4024 4214 ἅνθρωπος

2445 4247 2694 4317 πεισθείη
2756 4245 3063 4312 ἀποστῆναι
3119 4243 3217 4311 μὲν
3277 4241 3367 4293 τοῦ
3423 4236 3679 4307 ἀληθινοῦ
3747 4236 3922 4299 θεοῦ,
3957 4231 4020 4288 οὗ

2444 4339 2582 4406 ἔργα
2640 4335 2836 4405 χειρῶν
2898 4331 3122 4402 οὐρανὸς
3178 4329 3273 4383 καὶ
3333 4329 3400 4396 γῆ
3462 4325 3557 4379 καὶ
3603 4325 3670 4377 τὰ
3718 4325 3776 4376 ὲν
3833 4324 4021 4384 αὐτοῖς

2446 4432 2700 4490 ἅπαντα,
2750 4424 2932 4494 ἔργοις
2979 4423 3035 4476 δὲ
3093 4419 3292 4492 χειρῶν
3351 4417 3711 4488 ἀνθρωπίνων
3747 4415 3820 4479 ὡς
3879 4415 4024 4477 θεοῖς

764 4553 946 4600 autem
981 4555 1237 4605 manuum
1281 4539 1584 4598 hominum,
1629 4545 1882 4606 tanquam
1917 4537 1982 4590 ad
2024 4535 2153 4590 deos
2188 4547 2340 4589 acce-

2451 4519 2793 4593 προσελθετν,
2848 4518 2941 4570 καὶ
2995 4514 3173 4578 αὐτοῖς
3209 4515 3236 4566 ὁ
3286 4512 3406 4565 νοῦν
3441 4511 3578 4579 ἔχων
3618 4511 3870 4579 ἀνοήτοις
3900 4506 4024 4560 οῦσι

762 4639 911 4699 dere,
942 4645 1000 4689 et
1036 4632 1097 4687 iis
1141 4647 1259 4701 quae
1309 4639 1433 4684 sunt
1484 4628 1680 4683 mentis
1736 4629 1998 4697 expertia,
2043 4637 2098 4680 et
2143 4627 2336 4696 surda,

764 4729 925 4797 eliget
955 4724 1158 4779 cultum
1200 4722 1437 4776 offerre?
1464 4720 1648 4774 Fuerit
1696 4721 1798 4775 hoc
1840 4733 2086 4773 summus
2128 4727 2337 4785 stupor,

765 4829 819 4872 et
856 4830 961 4872 tam
1004 4831 1193 4871 eorum
1221 4813 1310 4883 qui
1349 4812 1560 4882 jubent,
1602 4828 1759 4879 quam
1792 4813 1881 4879 qui
1916 4820 2124 4880 parent,
2156 4825 2341 4864 amen-

771 4913 864 4965 n'a.
897 4910 1003 4963 Fac
1049 4925 1177 4978 ergo
1228 4907 1370 4976 quod
1412 4905 1512 4968 vis,
1566 4914 1619 4958 et
1659 4903 1855 4973 quibus
1904 4904 1985 4956 vis
2044 4918 2141 4954 nos
2193 4902 2341 4953 trade

771 5003 944 5058 malis.
992 5001 1177 5055 Melius
1222 5010 1304 5054 est
1347 4999 1490 5053 enim
1536 4999 1682 5067 prius
1726 4997 1833 5066 pati
1865 4995 2064 5056 omnia,
2096 4994 2222 5048 dum
2256 5008 2344 5045 sa-

770 5102 970 5168 pimus,
1024 5109 1185 5164 quam
1241 5090 1552 5162 persuaderi
1606 5102 1662 5144 ut
1725 5089 1844 5143 talia
1888 5088 2169 5141 faciamus.
2215 5084 2344 5151 Qua:

771 5193 914 5244 dicta
975 5189 1209 5254 fuerant,
1269 5185 1478 5254 replent
1518 5183 1594 5236 ira
1645 5183 1914 5249 judicent;
1954 5189 2006 5232 et
2054 5195 2176 5232 cum
2232 5193 2342 5231 non

776 5293 961 5352 posset
994 5285 1346 5349 persuadere,
1385 5277 1451 5331 ad
1499 5276 1603 5329 vim
1648 5275 1949 5329 faciendam
1996 5288 2053 5326 se
2089 5272 2341 5324 contulit.

771 5375 930 5429 lubet
964 5387 1092 5442 ergo
1115 5369 1163 5423 ci
1203 5369 1364 5422 adimi
1397 5377 1625 5428 vestem,
1661 5375 1712 5417 et
1743 5364 1990 5418 manibus
2036 5377 2176 5431 pone
2223 5362 2343 5417 vin-

776 5463 900 5525 ctis,
942 5479 1060 5515 eam
1095 5458 1262 5530 virgis
1299 5456 1570 5512 verberari
1608 5455 1966 5524 gravissimis.
1999 5453 2133 5506 Cum
2165 5463 2344 5506 autem

775 5554 1111 5625 eatperientia
1179 5550 1440 5620 majorem
1499 5547 1811 5604 ostenderet
1881 5547 2242 5600 constantiam
2294 5553 2345 5598 et

778 5647 1212 5702 vehementiores
1263 5641 1508 5713 spiritus,
1569 5651 1623 5694 et
1669 5646 1890 5708 martyr,
1950 5654 2054 5692 non
2110 5647 2166 5690 ut
2231 5652 2348 5705 qua:

780 5741 945 5809 virgis
1000 5737 1315 5799 caederetur,
1357 5735 1450 5791 sed
1509 5745 1566 5788 ut
1620 5747 1737 5802 qum
1796 5733 1927 5785 rosis
1978 5742 2340 5801 spargeretnr,

784 5834 958 5906 potius
988 5840 1129 5887 esset
1163 5827 1376 5895 affecta,
1414 5844 1478 5881 ne
1509 5826 1768 5882 vibicibus
1802 5823 2008 5892 quidem
2041 5825 2090 5876 in
2125 5839 2345 5891 corpore

2447 4617 2536 4667 καὶ
2554 4614 2756 4681 κωφοῖς
2776 4610 3151 4679 προσαγαγεῖν
3171 4606 3456 4674 λατρείαν;
3484 4601 3631 4670 δεινὴ
3660 4600 3818 4652 τοῦτο
3845 4616 4025 4668 παρα-

2445 4705 2669 4776 πληξία,
2701 4704 2868 4770 δεινὴ,
2903 4701 2998 4752 καὶ
3028 4698 3135 4749 τῶν
3169 4696 3529 4748 κελευὸύντων
3568 4693 3661 4745 καὶ
3697 4692 3807 4742 τῶν
3841 4689 4028 4740 πειθο-

2449 4802 2624 4868 μένων
2650 4799 2825 4850 ἄνοια.
2857 4793 3070 4862 Πρᾶττε
3101 4787 3392 4859 τοιγαροῦν
3414 4786 3440 4839 δ
3473 4785 3678 4858 βοωιειν
3709 4784 3803 4836 καὶ·
3838 4778 3920 4846 οἷς
3958 4783 4024 4836 ἂν

2448 4892 2627 4961 βούλει
2676 4886 2972 4954 παραδίδου
3024 4887 3240 4947 κακοῖς·
3283 4883 3493 4952 βέλτιον
3540 4884 3649 4946 γάρ
3683 4878 3866 4930 πάντα
3924 4897 4028 4930 πα-

2448 4982 2558 5032 Οείν
2598 4982 2885 5050 πρότερον,
2939 4976 3044 5039 ἕως
3091 4974 3150 5027 τὸ
3204 4975 3422 5042 φρονεῖν
3464 4971 3681 5039 ἔχομεν,
3719 4970 3752 5038 ἢ
3795 4970 4029 5022 τοιαῦτα

2447 5074 2643 5144 δράσαι
2681 5073 2993 5140 πεισθῆναι.
3038 5065 3224 5135 Θυμοῦ
3265 5066 3332 5118 τὰ
3367 5064 3604 5134 ρηθέντα
3627 5061 3900 5132 πληροῦσι
3931 5063 4028 5115 τὶν

2448 5164 2709 5234 δικαστὴν
2747 5164 2838 5216 καὶ
2871 5161 2964 5213 τοῦ
2993 5161 3198 5212 πείθειν
3234 5160 3520 5229 ἀπορήσας
3553 5156 3755 5225 ἐχώρει
3797 5154 3938 5223 πρὸς
3970 5159 4032 5208 τὺ

2453 5259 2756 5330 βιάζεσοαι.
2796 5254 3018 5307 Κελεύει
3047 5254 3252 5324 ταύτης
3283 5251 3639 5321 ἀφαιρεῖσθαι
3669 5249 3769 5316 τὴν
3794 5247 4031 5318 ἐσθῆτα,

2451 5355 2543 5406 καὶ
2577 5355 2763 5422 χεῖρας
2803 5348 2978 5401 ὀπίσω
3010 5349 3256 5401 δεθεῖσαν
3309 5343 3527 5416 ῥάϐδοις
3563 5339 3891 5412 βαρυτάτοις
3925 5340 4031 5391 τύ-

2451 5443 2701 5496 πτεσθαι.
2735 5441 2888 5492 Ἐπεὶ
2923 5440 2977 5493 δὲ
3008 5441 3171 5491 πλέον
3201 5439 3233 5506 ἡ
3268 5437 3431 5506 πεῖρα
3450 5433 3510 5486 τὸ
3551 5431 3780 5502 στερρὸν
3809 5429 4031 5482 ἐδείκνυ

2451 5538 2544 5591 τοῦ
2595 5535 2965 5604 φρονήματος,
2997 5532 3090 5584 καὶ
3132 5532 3164 5598 ἡ
3199 5530 3405 5600 μάρτυς
3432 5529 3508 5588 ὡς
3539 5526 3602 5577 οὐ
3634 5521 4030 5593 ραεῧιζομένη,

2456 5611 2589 5685 ἀλλὰ
2622 5629 2796 5700 ῥόδοις
2839 5627 3036 5696 μᾶλλον
3100 5621 3399 5690 βαλλομένη
3440 5618 3692 5680 διέκειτο,
3736 5631 3812 5682 μη
3849 5614 3873 5663 ὲ
3913 5630 4038 5679 μω-

2457 5725 2652 5776 ),ὡπων
2713 5719 2790 5790 τῷ
2850 5719 3061 5787 σώματι
3123 5714 3296 5780 αὐτῆς
3358 5707 3824 5779 ἐπιφαινομένων,
3894 5703 4038 5770 πρὸς

2457 5817 2712 5886 Cepetum
2756 5812 2957 5882 μᾶλλον
2991 5811 3016 5859 ὸ
3065 5807 3345 5877 δικαστὴς,
3378 5802 3684 5870 ἦρεθίζετο,
3727 5796 3814 5848 καὶ
3847 5794 4038 5868 ἀμφε-
