  <div class='ocr_page' id='page_1' title='image "/cluster/home/n/w/nwhite01/storage/ocr_20150623/115/nnc1.0046980261/270.png"; bbox 0 0 4226 6436; ppageno 0'>
   <div class='ocr_carea' id='block_1_1' title="bbox 202 405 315 465">
    <p class='ocr_par' dir='ltr' id='par_1_1' title="bbox 202 405 315 465">
     <span class='ocr_line' id='line_1_1' title="bbox 202 405 315 465; baseline 0.018 -2"><span class='ocrx_word' id='word_1_1' title='bbox 202 405 315 465; x_wconf 80' lang='lat'><strong>505</strong></span> 
     </span>
    </p>
   </div>
   <div class='ocr_carea' id='block_1_2' title="bbox 987 395 2708 463">
    <p class='ocr_par' dir='ltr' id='par_1_2' title="bbox 987 395 2708 463">
     <span class='ocr_line' id='line_1_2' title="bbox 987 395 2708 463; baseline 0.002 -5"><span class='ocrx_word' id='word_1_2' title='bbox 987 399 1446 459; x_wconf 79' lang='lat' dir='ltr'><strong>MARTYRIUM</strong></span> <span class='ocrx_word' id='word_1_3' title='bbox 1500 398 1562 458; x_wconf 90' lang='lat' dir='ltr'><strong>S.</strong></span> <span class='ocrx_word' id='word_1_4' title='bbox 1606 395 1909 456; x_wconf 81' lang='lat' dir='ltr'><strong>SOPHle</strong></span> <span class='ocrx_word' id='word_1_5' title='bbox 1952 398 2044 456; x_wconf 80' lang='grc' dir='ltr'><strong>ΕΤ</strong></span> <span class='ocrx_word' id='word_1_6' title='bbox 2081 398 2460 460; x_wconf 77' lang='lat' dir='ltr'><strong>FILIARUM</strong></span> <span class='ocrx_word' id='word_1_7' title='bbox 2505 401 2708 463; x_wconf 85' lang='lat' dir='ltr'><strong>EJUS.</strong></span> 
     </span>
    </p>
   </div>
   <div class='ocr_carea' id='block_1_3' title="bbox 3353 405 3457 470">
    <p class='ocr_par' dir='ltr' id='par_1_3' title="bbox 3353 405 3457 470">
     <span class='ocr_line' id='line_1_3' title="bbox 3353 405 3457 470; baseline -0.029 0"><span class='ocrx_word' id='word_1_8' title='bbox 3353 405 3457 470; x_wconf 73' lang='grc'><strong>506</strong></span> 
     </span>
    </p>
   </div>
   <div class='ocr_carea' id='block_1_4' title="bbox 209 508 2708 586">
    <p class='ocr_par' dir='ltr' id='par_1_4' title="bbox 209 508 2708 586">
     <span class='ocr_line' id='line_1_4' title="bbox 209 508 2708 586; baseline 0.001 -21"><span class='ocrx_word' id='word_1_9' title='bbox 209 515 392 586; x_wconf 79' lang='grc' dir='ltr'>ιὲρους</span> <span class='ocrx_word' id='word_1_10' title='bbox 439 515 608 584; x_wconf 66' lang='grc' dir='ltr'>αὐτῆς</span> <span class='ocrx_word' id='word_1_11' title='bbox 636 512 943 584; x_wconf 75' lang='grc' dir='ltr'>ἐκκοπῆναι</span> <span class='ocrx_word' id='word_1_12' title='bbox 969 512 1094 575; x_wconf 84' lang='grc' dir='ltr'>τοὺς</span> <span class='ocrx_word' id='word_1_13' title='bbox 1145 511 1383 582; x_wconf 75' lang='grc' dir='ltr'>μαστοὺς</span> <span class='ocrx_word' id='word_1_14' title='bbox 1415 509 1769 579; x_wconf 79' lang='grc' dir='ltr'><strong>προστάττει.</strong></span> <span class='ocrx_word' id='word_1_15' title='bbox 1802 508 1852 568; x_wconf 82' lang='grc' dir='ltr'><strong>Α</strong></span> <span class='ocrx_word' id='word_1_16' title='bbox 1878 509 1995 578; x_wconf 85' lang='lat' dir='ltr'><strong>ejus</strong></span> <span class='ocrx_word' id='word_1_17' title='bbox 2028 513 2439 581; x_wconf 75' lang='lat' dir='ltr'><strong>apparentibus,</strong></span> <span class='ocrx_word' id='word_1_18' title='bbox 2476 513 2708 568; x_wconf 87' lang='lat' dir='ltr'><strong>incitaba</strong></span> 
     </span>
    </p>
   </div>
   <div class='ocr_carea' id='block_1_5' title="bbox 1888 508 3459 586">
    <p class='ocr_par' dir='ltr' id='par_1_5' title="bbox 1888 509 3459 584">
     <span class='ocr_line' id='line_1_5' title="bbox 1888 509 3459 584; baseline 0.007 -21"><span class='ocrx_word' id='word_1_19' title='bbox 1888 509 1995 578; x_wconf 70' lang='lat' dir='ltr'><strong>ejus</strong></span> <span class='ocrx_word' id='word_1_20' title='bbox 2028 513 2439 581; x_wconf 75' lang='lat' dir='ltr'><strong>apparentibus,</strong></span> <span class='ocrx_word' id='word_1_21' title='bbox 2476 513 2805 568; x_wconf 72' lang='lat' dir='ltr'><strong>incitabatur</strong></span> <span class='ocrx_word' id='word_1_22' title='bbox 2830 513 3183 584; x_wconf 82' lang='lat' dir='ltr'><strong>magisjudex</strong></span> <span class='ocrx_word' id='word_1_23' title='bbox 3230 517 3298 573; x_wconf 93' lang='lat' dir='ltr'><strong>ad</strong></span> <span class='ocrx_word' id='word_1_24' title='bbox 3331 534 3459 574; x_wconf 90' lang='lat' dir='ltr'><strong>cru-</strong></span> 
     </span>
    </p>
   </div>
   <div class='ocr_carea' id='block_1_6' title="bbox 208 603 2708 677">
    <p class='ocr_par' dir='ltr' id='par_1_6' title="bbox 208 603 2708 677">
     <span class='ocr_line' id='line_1_6' title="bbox 208 603 2708 677; baseline -0 -17"><span class='ocrx_word' id='word_1_25' title='bbox 208 610 319 661; x_wconf 73' lang='grc' dir='ltr'>Καὶ</span> <span class='ocrx_word' id='word_1_26' title='bbox 350 603 415 677; x_wconf 73' lang='grc' dir='ltr'>ἦν</span> <span class='ocrx_word' id='word_1_27' title='bbox 450 607 580 659; x_wconf 68' lang='grc' dir='ltr'>ἰδεῖν</span> <span class='ocrx_word' id='word_1_28' title='bbox 614 606 674 657; x_wconf 73' lang='grc' dir='ltr'><strong>έν</strong></span> <span class='ocrx_word' id='word_1_29' title='bbox 706 605 882 674; x_wconf 79' lang='grc' dir='ltr'>τούτῳ</span> <span class='ocrx_word' id='word_1_30' title='bbox 928 603 1213 675; x_wconf 83' lang='grc' dir='ltr'>τεράστιόν</span> <span class='ocrx_word' id='word_1_31' title='bbox 1247 620 1300 655; x_wconf 89' lang='grc' dir='ltr'><strong>τι</strong></span> <span class='ocrx_word' id='word_1_32' title='bbox 1333 604 1566 671; x_wconf 74' lang='grc' dir='ltr'>πρᾶγμα</span> <span class='ocrx_word' id='word_1_33' title='bbox 1595 617 1778 653; x_wconf 84' lang='grc' dir='ltr'>καινο-</span> <span class='ocrx_word' id='word_1_34' title='bbox 1878 603 2169 668; x_wconf 85' lang='lat' dir='ltr'><strong>delitatem,</strong></span> <span class='ocrx_word' id='word_1_35' title='bbox 2205 615 2261 659; x_wconf 93' lang='lat' dir='ltr'><strong>et</strong></span> <span class='ocrx_word' id='word_1_36' title='bbox 2286 606 2439 674; x_wconf 81' lang='lat' dir='ltr'><strong>jubet</strong></span> <span class='ocrx_word' id='word_1_37' title='bbox 2462 607 2511 660; x_wconf 86' lang='lat' dir='ltr'><strong>ei</strong></span> <span class='ocrx_word' id='word_1_38' title='bbox 2550 606 2708 660; x_wconf 88' lang='lat' dir='ltr'><strong>mami</strong></span> 
     </span>
    </p>
   </div>
   <div class='ocr_carea' id='block_1_7' title="bbox 1888 603 3460 677">
    <p class='ocr_par' dir='ltr' id='par_1_7' title="bbox 1888 603 3460 674">
     <span class='ocr_line' id='line_1_7' title="bbox 1888 603 3460 674; baseline 0.006 -17"><span class='ocrx_word' id='word_1_39' title='bbox 1888 603 2169 668; x_wconf 81' lang='lat' dir='ltr'><strong>delitatem,</strong></span> <span class='ocrx_word' id='word_1_40' title='bbox 2205 615 2261 659; x_wconf 93' lang='lat' dir='ltr'><strong>et</strong></span> <span class='ocrx_word' id='word_1_41' title='bbox 2286 606 2439 674; x_wconf 90' lang='lat' dir='ltr'><strong>jubet</strong></span> <span class='ocrx_word' id='word_1_42' title='bbox 2462 607 2511 660; x_wconf 90' lang='lat' dir='ltr'><strong>ei</strong></span> <span class='ocrx_word' id='word_1_43' title='bbox 2550 606 2813 660; x_wconf 89' lang='lat' dir='ltr'><strong>mamillas</strong></span> <span class='ocrx_word' id='word_1_44' title='bbox 2851 607 3121 662; x_wconf 82' lang='lat' dir='ltr'><strong>exscindi.</strong></span> <span class='ocrx_word' id='word_1_45' title='bbox 3160 607 3296 663; x_wconf 87' lang='lat' dir='ltr'><strong>Tum</strong></span> <span class='ocrx_word' id='word_1_46' title='bbox 3328 612 3460 666; x_wconf 90' lang='lat' dir='ltr'><strong>lice-</strong></span> 
     </span>
    </p>
   </div>
   <div class='ocr_carea' id='block_1_8' title="bbox 206 694 2708 769">
    <p class='ocr_par' dir='ltr' id='par_1_8' title="bbox 206 694 2708 769">
     <span class='ocr_line' id='line_1_8' title="bbox 206 694 2708 769; baseline 0 -16"><span class='ocrx_word' id='word_1_47' title='bbox 206 700 568 769; x_wconf 86' lang='grc' dir='ltr'>τομούμενον.</span> <span class='ocrx_word' id='word_1_48' title='bbox 600 698 749 753; x_wconf 78' lang='grc' dir='ltr'>Ἀντὶ</span> <span class='ocrx_word' id='word_1_49' title='bbox 774 698 885 767; x_wconf 73' lang='grc' dir='ltr'><strong>γὰρ</strong></span> <span class='ocrx_word' id='word_1_50' title='bbox 930 697 1164 765; x_wconf 76' lang='grc' dir='ltr'>αἵματος</span> <span class='ocrx_word' id='word_1_51' title='bbox 1206 695 1426 766; x_wconf 57' lang='grc' dir='ltr'><strong>κρουνοὶ⁸</strong></span> <span class='ocrx_word' id='word_1_52' title='bbox 1478 694 1778 765; x_wconf 79' lang='grc' dir='ltr'>κατέρρεον</span> <span class='ocrx_word' id='word_1_53' title='bbox 1878 695 1970 750; x_wconf 87' lang='lat' dir='ltr'><strong>bat</strong></span> <span class='ocrx_word' id='word_1_54' title='bbox 2001 695 2056 749; x_wconf 87' lang='lat' dir='ltr'><strong>in</strong></span> <span class='ocrx_word' id='word_1_55' title='bbox 2095 711 2159 751; x_wconf 85' lang='lat' dir='ltr'><strong>ea</strong></span> <span class='ocrx_word' id='word_1_56' title='bbox 2212 698 2402 752; x_wconf 84' lang='lat' dir='ltr'><strong>videre</strong></span> <span class='ocrx_word' id='word_1_57' title='bbox 2452 712 2566 753; x_wconf 90' lang='lat' dir='ltr'><strong>rem</strong></span> <span class='ocrx_word' id='word_1_58' title='bbox 2618 714 2708 752; x_wconf 69' lang='lat' dir='ltr'><strong>not</strong></span> 
     </span>
    </p>
   </div>
   <div class='ocr_carea' id='block_1_9' title="bbox 1888 694 3459 769">
    <p class='ocr_par' dir='ltr' id='par_1_9' title="bbox 1888 695 3459 767">
     <span class='ocr_line' id='line_1_9' title="bbox 1888 695 3459 767; baseline 0.006 -18"><span class='ocrx_word' id='word_1_59' title='bbox 1888 695 1970 750; x_wconf 85' lang='lat' dir='ltr'><strong>bat</strong></span> <span class='ocrx_word' id='word_1_60' title='bbox 2001 695 2056 749; x_wconf 88' lang='lat' dir='ltr'><strong>in</strong></span> <span class='ocrx_word' id='word_1_61' title='bbox 2095 711 2159 751; x_wconf 90' lang='lat' dir='ltr'><strong>ea</strong></span> <span class='ocrx_word' id='word_1_62' title='bbox 2212 698 2402 752; x_wconf 89' lang='lat' dir='ltr'><strong>videre</strong></span> <span class='ocrx_word' id='word_1_63' title='bbox 2452 712 2566 753; x_wconf 90' lang='lat' dir='ltr'><strong>rem</strong></span> <span class='ocrx_word' id='word_1_64' title='bbox 2618 712 2814 752; x_wconf 86' lang='lat' dir='ltr'><strong>novam</strong></span> <span class='ocrx_word' id='word_1_65' title='bbox 2850 706 2905 753; x_wconf 92' lang='lat' dir='ltr'><strong>et</strong></span> <span class='ocrx_word' id='word_1_66' title='bbox 2953 699 3344 767; x_wconf 78' lang='lat' dir='ltr'><strong>prodigiosam.</strong></span> <span class='ocrx_word' id='word_1_67' title='bbox 3397 696 3459 759; x_wconf 81' lang='lat' dir='ltr'><strong>Ei</strong></span> 
     </span>
    </p>
   </div>
   <div class='ocr_carea' id='block_1_10' title="bbox 187 784 2708 864">
    <p class='ocr_par' dir='ltr' id='par_1_10' title="bbox 187 784 2705 861">
     <span class='ocr_line' id='line_1_10' title="bbox 187 784 2705 861; baseline -0.002 -14"><span class='ocrx_word' id='word_1_68' title='bbox 187 793 519 861; x_wconf 68' lang='grc' dir='ltr'>γάλακτος·</span> <span class='ocrx_word' id='word_1_69' title='bbox 570 792 708 861; x_wconf 81' lang='grc' dir='ltr'>ὅπερ</span> <span class='ocrx_word' id='word_1_70' title='bbox 754 790 848 843; x_wconf 80' lang='grc' dir='ltr'>καὶ</span> <span class='ocrx_word' id='word_1_71' title='bbox 878 792 957 842; x_wconf 79' lang='grc' dir='ltr'>ἐτι</span> <span class='ocrx_word' id='word_1_72' title='bbox 1006 787 1231 841; x_wconf 82' lang='grc' dir='ltr'><strong>πλείονα</strong></span> <span class='ocrx_word' id='word_1_73' title='bbox 1272 786 1350 858; x_wconf 84' lang='grc' dir='ltr'>τῷ</span> <span class='ocrx_word' id='word_1_74' title='bbox 1378 786 1655 849; x_wconf 76' lang='grc' dir='ltr'>δικάζοντι</span> <span class='ocrx_word' id='word_1_75' title='bbox 1687 784 1779 837; x_wconf 86' lang='grc' dir='ltr'><strong>τὸν</strong></span> <span class='ocrx_word' id='word_1_76' title='bbox 1879 786 2026 841; x_wconf 85' lang='lat' dir='ltr'><strong>enim</strong></span> <span class='ocrx_word' id='word_1_77' title='bbox 2075 800 2174 856; x_wconf 89' lang='lat' dir='ltr'><strong>pro</strong></span> <span class='ocrx_word' id='word_1_78' title='bbox 2228 790 2493 859; x_wconf 74' lang='lat' dir='ltr'><strong>sanguine</strong></span> <span class='ocrx_word' id='word_1_79' title='bbox 2531 788 2705 844; x_wconf 80' lang='lat' dir='ltr'><strong>liueba</strong></span> 
     </span>
    </p>
   </div>
   <div class='ocr_carea' id='block_1_11' title="bbox 1888 784 3464 864">
    <p class='ocr_par' dir='ltr' id='par_1_11' title="bbox 1888 786 3464 864">
     <span class='ocr_line' id='line_1_11' title="bbox 1888 786 3464 864; baseline 0.006 -23"><span class='ocrx_word' id='word_1_80' title='bbox 1888 786 2026 841; x_wconf 78' lang='lat' dir='ltr'><strong>enim</strong></span> <span class='ocrx_word' id='word_1_81' title='bbox 2075 800 2174 856; x_wconf 92' lang='lat' dir='ltr'><strong>pro</strong></span> <span class='ocrx_word' id='word_1_82' title='bbox 2228 790 2493 859; x_wconf 74' lang='lat' dir='ltr'><strong>sanguine</strong></span> <span class='ocrx_word' id='word_1_83' title='bbox 2531 788 2772 844; x_wconf 75' lang='lat' dir='ltr'><strong>[luebant</strong></span> <span class='ocrx_word' id='word_1_84' title='bbox 2805 790 2903 845; x_wconf 88' lang='lat' dir='ltr'><strong>rivi</strong></span> <span class='ocrx_word' id='word_1_85' title='bbox 2933 790 3110 849; x_wconf 84' lang='lat' dir='ltr'><strong>lactis.</strong></span> <span class='ocrx_word' id='word_1_86' title='bbox 3144 792 3300 858; x_wconf 83' lang='lat' dir='ltr'><strong>Quod</strong></span> <span class='ocrx_word' id='word_1_87' title='bbox 3341 796 3464 864; x_wconf 87' lang='lat' dir='ltr'><strong>qui-</strong></span> 
     </span>
    </p>
   </div>
   <div class='ocr_carea' id='block_1_12' title="bbox 205 878 1781 952">
    <p class='ocr_par' dir='ltr' id='par_1_12' title="bbox 205 878 1781 952">
     <span class='ocr_line' id='line_1_12' title="bbox 205 878 1781 952; baseline -0.006 -15"><span class='ocrx_word' id='word_1_88' title='bbox 205 882 386 952; x_wconf 80' lang='grc' dir='ltr'>θυμὸν</span> <span class='ocrx_word' id='word_1_89' title='bbox 409 882 643 950; x_wconf 78' lang='grc' dir='ltr'><strong>ἀνῆπτε,</strong></span> <span class='ocrx_word' id='word_1_90' title='bbox 676 883 766 936; x_wconf 70' lang='grc' dir='ltr'><strong>καὶ</strong></span> <span class='ocrx_word' id='word_1_91' title='bbox 809 880 939 951; x_wconf 70' lang='grc' dir='ltr'>πρὸς</span> <span class='ocrx_word' id='word_1_92' title='bbox 966 879 1177 950; x_wconf 75' lang='grc' dir='ltr'>ἐσχάρᾳ</span> <span class='ocrx_word' id='word_1_93' title='bbox 1207 878 1633 950; x_wconf 77' lang='grc' dir='ltr'>πυρακτωθείσῃ</span> <span class='ocrx_word' id='word_1_94' title='bbox 1665 878 1781 929; x_wconf 76' lang='grc' dir='ltr'>ἔπι-</span> 
     </span>
    </p>
   </div>
   <div class='ocr_carea' id='block_1_13' title="bbox 205 968 1782 1042">
    <p class='ocr_par' dir='ltr' id='par_1_13' title="bbox 205 968 1782 1042">
     <span class='ocr_line' id='line_1_13' title="bbox 205 968 1782 1042; baseline -0.004 -15"><span class='ocrx_word' id='word_1_95' title='bbox 205 974 431 1042; x_wconf 66' lang='grc' dir='ltr'>τεθῇναι</span> <span class='ocrx_word' id='word_1_96' title='bbox 478 974 683 1042; x_wconf 86' lang='grc' dir='ltr'>ταύτην</span> <span class='ocrx_word' id='word_1_97' title='bbox 740 971 1096 1025; x_wconf 78' lang='grc' dir='ltr'><strong>διεκελεύετο.</strong></span> <span class='ocrx_word' id='word_1_98' title='bbox 1161 968 1302 1024; x_wconf 63' lang='grc' dir='ltr'>Ἀλλ’</span> <span class='ocrx_word' id='word_1_99' title='bbox 1351 970 1540 1038; x_wconf 81' lang='grc' dir='ltr'>ὥσπερ</span> <span class='ocrx_word' id='word_1_100' title='bbox 1575 971 1782 1031; x_wconf 78' lang='grc' dir='ltr'>ἐκεῖνος</span> 
     </span>
    </p>
   </div>
   <div class='ocr_carea' id='block_1_14' title="bbox 210 1057 1779 1134">
    <p class='ocr_par' dir='ltr' id='par_1_14' title="bbox 210 1057 1779 1134">
     <span class='ocr_line' id='line_1_14' title="bbox 210 1057 1779 1134; baseline -0.015 -5"><span class='ocrx_word' id='word_1_101' title='bbox 210 1062 449 1134; x_wconf 78' lang='grc' dir='ltr'>πονηρὸς</span> <span class='ocrx_word' id='word_1_102' title='bbox 478 1062 552 1116; x_wconf 78' lang='grc' dir='ltr'>ὣν</span> <span class='ocrx_word' id='word_1_103' title='bbox 585 1062 833 1125; x_wconf 74' lang='grc' dir='ltr'>ἐπινοίας</span> <span class='ocrx_word' id='word_1_104' title='bbox 872 1061 971 1114; x_wconf 69' lang='grc' dir='ltr'><strong>οὐκ</strong></span> <span class='ocrx_word' id='word_1_105' title='bbox 1014 1060 1215 1129; x_wconf 79' lang='grc' dir='ltr'>ήπόρει</span> <span class='ocrx_word' id='word_1_106' title='bbox 1242 1058 1379 1128; x_wconf 85' lang='grc' dir='ltr'>πρὸς</span> <span class='ocrx_word' id='word_1_107' title='bbox 1408 1059 1467 1111; x_wconf 74' lang='grc' dir='ltr'>τὸ</span> <span class='ocrx_word' id='word_1_108' title='bbox 1508 1057 1779 1120; x_wconf 74' lang='grc' dir='ltr'>κολάζειν,</span> 
     </span>
    </p>
   </div>
   <div class='ocr_carea' id='block_1_15' title="bbox 209 1147 1780 1221">
    <p class='ocr_par' dir='ltr' id='par_1_15' title="bbox 209 1147 1780 1221">
     <span class='ocr_line' id='line_1_15' title="bbox 209 1147 1780 1221; baseline -0.004 -16"><span class='ocrx_word' id='word_1_109' title='bbox 209 1154 388 1217; x_wconf 76' lang='grc' dir='ltr'>οὕτως</span> <span class='ocrx_word' id='word_1_110' title='bbox 406 1154 682 1221; x_wconf 74' lang='grc' dir='ltr'>δ’Δγαθδς</span> <span class='ocrx_word' id='word_1_111' title='bbox 715 1153 875 1207; x_wconf 84' lang='grc' dir='ltr'>πάλιν</span> <span class='ocrx_word' id='word_1_112' title='bbox 900 1153 988 1206; x_wconf 78' lang='grc' dir='ltr'><strong>διὰ</strong></span> <span class='ocrx_word' id='word_1_113' title='bbox 1011 1154 1121 1206; x_wconf 84' lang='grc' dir='ltr'>τῶν</span> <span class='ocrx_word' id='word_1_114' title='bbox 1152 1151 1509 1220; x_wconf 69' lang='grc' dir='ltr'><strong>ἐπαγομένων</strong></span> <span class='ocrx_word' id='word_1_115' title='bbox 1538 1147 1780 1212; x_wconf 66' lang='grc' dir='ltr'>δοξάζειν</span> 
     </span>
    </p>
   </div>
   <div class='ocr_carea' id='block_1_16' title="bbox 210 1237 1786 1315">
    <p class='ocr_par' dir='ltr' id='par_1_16' title="bbox 210 1237 1786 1315">
     <span class='ocr_line' id='line_1_16' title="bbox 210 1237 1786 1315; baseline -0.006 -16"><span class='ocrx_word' id='word_1_116' title='bbox 210 1250 313 1315; x_wconf 56' lang='grc' dir='ltr'>τὴν</span> <span class='ocrx_word' id='word_1_117' title='bbox 342 1246 501 1313; x_wconf 79' lang='grc' dir='ltr'>ἁγίαν</span> <span class='ocrx_word' id='word_1_118' title='bbox 552 1246 611 1298; x_wconf 83' lang='grc' dir='ltr'><strong>οὑ</strong></span> <span class='ocrx_word' id='word_1_119' title='bbox 640 1246 1027 1315; x_wconf 72' lang='grc' dir='ltr'>διελίμπανενο</span> <span class='ocrx_word' id='word_1_120' title='bbox 1059 1248 1196 1313; x_wconf 79' lang='grc' dir='ltr'>ὅπερ</span> <span class='ocrx_word' id='word_1_121' title='bbox 1229 1238 1322 1296; x_wconf 85' lang='grc' dir='ltr'>οὖν</span> <span class='ocrx_word' id='word_1_122' title='bbox 1372 1239 1654 1294; x_wconf 82' lang='grc' dir='ltr'>κάνταῦθα</span> <span class='ocrx_word' id='word_1_123' title='bbox 1701 1237 1786 1306; x_wconf 83' lang='grc' dir='ltr'>γί-</span> 
     </span>
    </p>
   </div>
   <div class='ocr_carea' id='block_1_17' title="bbox 210 1327 1787 1405">
    <p class='ocr_par' dir='ltr' id='par_1_17' title="bbox 210 1327 1787 1405">
     <span class='ocr_line' id='line_1_17' title="bbox 210 1327 1787 1405; baseline -0.005 -16"><span class='ocrx_word' id='word_1_124' title='bbox 210 1342 383 1391; x_wconf 78' lang='grc' dir='ltr'>νεται.</span> <span class='ocrx_word' id='word_1_125' title='bbox 416 1335 487 1389; x_wconf 81' lang='grc' dir='ltr'><strong>Τὸ</strong></span> <span class='ocrx_word' id='word_1_126' title='bbox 512 1334 623 1405; x_wconf 87' lang='grc' dir='ltr'><strong>πῦρ</strong></span> <span class='ocrx_word' id='word_1_127' title='bbox 652 1335 756 1405; x_wconf 79' lang='grc' dir='ltr'>γὰρ</span> <span class='ocrx_word' id='word_1_128' title='bbox 784 1327 956 1404; x_wconf 70' lang='grc' dir='ltr'>αὐτὴν</span> <span class='ocrx_word' id='word_1_129' title='bbox 988 1334 1158 1403; x_wconf 78' lang='grc' dir='ltr'>παρα)</span> <span class='ocrx_word' id='word_1_130' title='bbox 1172 1332 1305 1386; x_wconf 79' lang='grc' dir='ltr'>αὸδν</span> <span class='ocrx_word' id='word_1_131' title='bbox 1332 1332 1520 1401; x_wconf 82' lang='grc' dir='ltr'>ἀπαθῆ</span> <span class='ocrx_word' id='word_1_132' title='bbox 1551 1330 1787 1400; x_wconf 77' lang='grc' dir='ltr'><strong>διετήρει</strong></span> 
     </span>
    </p>
   </div>
   <div class='ocr_carea' id='block_1_18' title="bbox 210 1420 1791 1497">
    <p class='ocr_par' dir='ltr' id='par_1_18' title="bbox 210 1420 1791 1497">
     <span class='ocr_line' id='line_1_18' title="bbox 210 1420 1791 1497; baseline -0.003 -19"><span class='ocrx_word' id='word_1_133' title='bbox 210 1431 313 1497; x_wconf 80' lang='grc' dir='ltr'><strong>τὴν</strong></span> <span class='ocrx_word' id='word_1_134' title='bbox 350 1424 486 1480; x_wconf 75' lang='grc' dir='ltr'>ίδῖαν</span> <span class='ocrx_word' id='word_1_135' title='bbox 528 1425 797 1480; x_wconf 72' lang='grc' dir='ltr'>ἀποϐαλὸν</span> <span class='ocrx_word' id='word_1_136' title='bbox 828 1428 1149 1495; x_wconf 78' lang='grc' dir='ltr'>ὲνέργειαν,”</span> <span class='ocrx_word' id='word_1_137' title='bbox 1193 1420 1313 1477; x_wconf 81' lang='grc' dir='ltr'>εἶτα</span> <span class='ocrx_word' id='word_1_138' title='bbox 1352 1426 1448 1479; x_wconf 71' lang='grc' dir='ltr'><strong>καὶ</strong></span> <span class='ocrx_word' id='word_1_139' title='bbox 1480 1420 1637 1485; x_wconf 77' lang='grc' dir='ltr'>αὖθις</span> <span class='ocrx_word' id='word_1_140' title='bbox 1692 1422 1791 1491; x_wconf 80' lang='grc' dir='ltr'>ἀρ-</span> 
     </span>
    </p>
   </div>
   <div class='ocr_carea' id='block_1_19' title="bbox 214 1513 1790 1587">
    <p class='ocr_par' dir='ltr' id='par_1_19' title="bbox 214 1513 1790 1587">
     <span class='ocr_line' id='line_1_19' title="bbox 214 1513 1790 1587; baseline -0.004 -17"><span class='ocrx_word' id='word_1_141' title='bbox 214 1521 406 1571; x_wconf 84' lang='grc' dir='ltr'>θεῖσαν</span> <span class='ocrx_word' id='word_1_142' title='bbox 430 1518 657 1583; x_wconf 73' lang='grc' dir='ltr'>ἐκεῖθεν,</span> <span class='ocrx_word' id='word_1_143' title='bbox 686 1519 765 1580; x_wconf 83' lang='grc' dir='ltr'><strong>είς</strong></span> <span class='ocrx_word' id='word_1_144' title='bbox 783 1517 1022 1585; x_wconf 76' lang='grc' dir='ltr'>τήγανον</span> <span class='ocrx_word' id='word_1_145' title='bbox 1052 1513 1318 1587; x_wconf 77' lang='grc' dir='ltr'><strong>βληθῆναι</strong></span> <span class='ocrx_word' id='word_1_146' title='bbox 1365 1515 1581 1569; x_wconf 83' lang='grc' dir='ltr'>κελεύει</span> <span class='ocrx_word' id='word_1_147' title='bbox 1618 1513 1790 1583; x_wconf 71' lang='grc' dir='ltr'>πίσσῃ</span> 
     </span>
    </p>
   </div>
   <div class='ocr_carea' id='block_1_20' title="bbox 212 1600 1792 1677">
    <p class='ocr_par' dir='ltr' id='par_1_20' title="bbox 212 1600 1792 1677">
     <span class='ocr_line' id='line_1_20' title="bbox 212 1600 1792 1677; baseline -0.006 -16"><span class='ocrx_word' id='word_1_148' title='bbox 212 1607 507 1661; x_wconf 71' lang='grc' dir='ltr'>διακαυθὲν</span> <span class='ocrx_word' id='word_1_149' title='bbox 526 1608 617 1660; x_wconf 76' lang='grc' dir='ltr'>καὶ</span> <span class='ocrx_word' id='word_1_150' title='bbox 634 1608 914 1677; x_wconf 77' lang='grc' dir='ltr'>ἀσφάλτῳ.</span> <span class='ocrx_word' id='word_1_151' title='bbox 934 1606 1051 1676; x_wconf 85' lang='grc' dir='ltr'><strong>Ἐφ’</strong></span> <span class='ocrx_word' id='word_1_152' title='bbox 1069 1600 1130 1661; x_wconf 74' lang='grc' dir='ltr'>οὗ</span> <span class='ocrx_word' id='word_1_153' title='bbox 1154 1608 1328 1660; x_wconf 82' lang='grc' dir='ltr'>στᾶσα</span> <span class='ocrx_word' id='word_1_154' title='bbox 1348 1607 1515 1676; x_wconf 87' lang='grc' dir='ltr'>μέσου</span> <span class='ocrx_word' id='word_1_155' title='bbox 1536 1602 1792 1675; x_wconf 80' lang='grc' dir='ltr'>ἀτρέπτῳ</span> 
     </span>
    </p>
   </div>
   <div class='ocr_carea' id='block_1_21' title="bbox 215 1697 1790 1770">
    <p class='ocr_par' dir='ltr' id='par_1_21' title="bbox 215 1697 1790 1770">
     <span class='ocr_line' id='line_1_21' title="bbox 215 1697 1790 1770; baseline -0.004 -19"><span class='ocrx_word' id='word_1_156' title='bbox 215 1702 315 1754; x_wconf 75' lang='grc' dir='ltr'><strong>καὶ</strong></span> <span class='ocrx_word' id='word_1_157' title='bbox 343 1700 550 1754; x_wconf 87' lang='grc' dir='ltr'>ἀπαθεῖ</span> <span class='ocrx_word' id='word_1_158' title='bbox 576 1699 654 1768; x_wconf 87' lang='grc' dir='ltr'>τῷ</span> <span class='ocrx_word' id='word_1_159' title='bbox 682 1700 957 1770; x_wconf 63' lang='grc' dir='ltr'>προσώπῳ</span> <span class='ocrx_word' id='word_1_160' title='bbox 985 1701 1086 1768; x_wconf 83' lang='grc' dir='ltr'>τὴν</span> <span class='ocrx_word' id='word_1_161' title='bbox 1110 1698 1319 1752; x_wconf 78' lang='grc' dir='ltr'>ἀνωθεν</span> <span class='ocrx_word' id='word_1_162' title='bbox 1349 1699 1534 1751; x_wconf 72' lang='grc' dir='ltr'>ἐκάλει</span> <span class='ocrx_word' id='word_1_163' title='bbox 1569 1697 1790 1749; x_wconf 79' lang='grc' dir='ltr'>ἐπικου-</span> 
     </span>
    </p>
   </div>
   <div class='ocr_carea' id='block_1_22' title="bbox 1880 877 3466 951">
    <p class='ocr_par' dir='ltr' id='par_1_22' title="bbox 1880 877 3466 951">
     <span class='ocr_line' id='line_1_22' title="bbox 1880 877 3466 951; baseline 0.006 -19"><span class='ocrx_word' id='word_1_164' title='bbox 1880 877 2003 932; x_wconf 92' lang='lat' dir='ltr'><strong>dem</strong></span> <span class='ocrx_word' id='word_1_165' title='bbox 2053 878 2221 948; x_wconf 91' lang='lat' dir='ltr'><strong>judici</strong></span> <span class='ocrx_word' id='word_1_166' title='bbox 2267 881 2531 951; x_wconf 83' lang='lat' dir='ltr'><strong>majorem</strong></span> <span class='ocrx_word' id='word_1_167' title='bbox 2586 881 2766 936; x_wconf 89' lang='lat' dir='ltr'><strong>adhuc</strong></span> <span class='ocrx_word' id='word_1_168' title='bbox 2812 882 2946 937; x_wconf 89' lang='lat' dir='ltr'><strong>iram</strong></span> <span class='ocrx_word' id='word_1_169' title='bbox 3002 886 3354 951; x_wconf 83' lang='lat' dir='ltr'><strong>accendebat,</strong></span> <span class='ocrx_word' id='word_1_170' title='bbox 3407 898 3466 942; x_wconf 90' lang='lat' dir='ltr'><strong>et</strong></span> 
     </span>
    </p>
   </div>
   <div class='ocr_carea' id='block_1_23' title="bbox 1884 971 3468 1046">
    <p class='ocr_par' dir='ltr' id='par_1_23' title="bbox 1884 971 3468 1046">
     <span class='ocr_line' id='line_1_23' title="bbox 1884 971 3468 1046; baseline 0.006 -23"><span class='ocrx_word' id='word_1_171' title='bbox 1884 983 2049 1038; x_wconf 85' lang='lat' dir='ltr'><strong>supra</strong></span> <span class='ocrx_word' id='word_1_172' title='bbox 2106 971 2423 1026; x_wconf 87' lang='lat' dir='ltr'><strong>candentem</strong></span> <span class='ocrx_word' id='word_1_173' title='bbox 2472 972 2655 1027; x_wconf 81' lang='lat' dir='ltr'><strong>locum</strong></span> <span class='ocrx_word' id='word_1_174' title='bbox 2708 988 2828 1028; x_wconf 87' lang='lat' dir='ltr'><strong>eam</strong></span> <span class='ocrx_word' id='word_1_175' title='bbox 2867 975 3027 1045; x_wconf 84' lang='lat' dir='ltr'><strong>jussit</strong></span> <span class='ocrx_word' id='word_1_176' title='bbox 3075 976 3303 1046; x_wconf 88' lang='lat' dir='ltr'><strong>imponi.</strong></span> <span class='ocrx_word' id='word_1_177' title='bbox 3360 977 3468 1032; x_wconf 89' lang='lat' dir='ltr'><strong>Sed</strong></span> 
     </span>
    </p>
   </div>
   <div class='ocr_carea' id='block_1_24' title="bbox 1885 1064 3469 1141">
    <p class='ocr_par' dir='ltr' id='par_1_24' title="bbox 1885 1064 3469 1141">
     <span class='ocr_line' id='line_1_24' title="bbox 1885 1064 3469 1141; baseline 0.006 -24"><span class='ocrx_word' id='word_1_178' title='bbox 1885 1064 2159 1132; x_wconf 90' lang='lat' dir='ltr'><strong>quomodo</strong></span> <span class='ocrx_word' id='word_1_179' title='bbox 2207 1064 2296 1120; x_wconf 89' lang='lat' dir='ltr'><strong>ille</strong></span> <span class='ocrx_word' id='word_1_180' title='bbox 2327 1081 2449 1120; x_wconf 89' lang='lat' dir='ltr'><strong>cum</strong></span> <span class='ocrx_word' id='word_1_181' title='bbox 2500 1076 2648 1121; x_wconf 84' lang='lat' dir='ltr'><strong>esset</strong></span> <span class='ocrx_word' id='word_1_182' title='bbox 2687 1068 2881 1129; x_wconf 84' lang='lat' dir='ltr'><strong>malus,</strong></span> <span class='ocrx_word' id='word_1_183' title='bbox 2930 1067 3086 1122; x_wconf 79' lang='lat' dir='ltr'><strong>facile</strong></span> <span class='ocrx_word' id='word_1_184' title='bbox 3126 1070 3469 1141; x_wconf 73' lang='lat' dir='ltr'><strong>exmgitabat</strong></span> 
     </span>
    </p>
   </div>
   <div class='ocr_carea' id='block_1_25' title="bbox 1885 1152 3468 1223">
    <p class='ocr_par' dir='ltr' id='par_1_25' title="bbox 1885 1152 3468 1223">
     <span class='ocr_line' id='line_1_25' title="bbox 1885 1152 3468 1223; baseline 0.002 -17"><span class='ocrx_word' id='word_1_185' title='bbox 1885 1152 2148 1220; x_wconf 90' lang='lat' dir='ltr'><strong>supplicia</strong></span> <span class='ocrx_word' id='word_1_186' title='bbox 2180 1171 2192 1204; x_wconf 91' lang='lat'><strong>:</strong></span> <span class='ocrx_word' id='word_1_187' title='bbox 2227 1153 2299 1207; x_wconf 90' lang='lat' dir='ltr'><strong>ita</strong></span> <span class='ocrx_word' id='word_1_188' title='bbox 2328 1154 2489 1208; x_wconf 91' lang='lat' dir='ltr'><strong>etiam</strong></span> <span class='ocrx_word' id='word_1_189' title='bbox 2529 1158 2705 1208; x_wconf 88' lang='lat' dir='ltr'><strong>bonus</strong></span> <span class='ocrx_word' id='word_1_190' title='bbox 2735 1152 2875 1208; x_wconf 89' lang='lat' dir='ltr'><strong>Deus</strong></span> <span class='ocrx_word' id='word_1_191' title='bbox 2917 1168 3015 1223; x_wconf 87' lang='lat' dir='ltr'><strong>per</strong></span> <span class='ocrx_word' id='word_1_192' title='bbox 3041 1169 3101 1208; x_wconf 91' lang='lat' dir='ltr'><strong>ea</strong></span> <span class='ocrx_word' id='word_1_193' title='bbox 3133 1170 3253 1223; x_wconf 67' lang='lat' dir='ltr'><strong>qua:</strong></span> <span class='ocrx_word' id='word_1_194' title='bbox 3285 1156 3468 1209; x_wconf 90' lang='lat' dir='ltr'><strong>inten-</strong></span> 
     </span>
    </p>
   </div>
   <div class='ocr_carea' id='block_1_26' title="bbox 1887 1244 3475 1316">
    <p class='ocr_par' dir='ltr' id='par_1_26' title="bbox 1887 1244 3475 1316">
     <span class='ocr_line' id='line_1_26' title="bbox 1887 1244 3475 1316; baseline 0.002 -19"><span class='ocrx_word' id='word_1_195' title='bbox 1887 1244 2163 1306; x_wconf 85' lang='lat' dir='ltr'><strong>tabantur.</strong></span> <span class='ocrx_word' id='word_1_196' title='bbox 2200 1254 2442 1299; x_wconf 88' lang='lat' dir='ltr'><strong>sanetam</strong></span> <span class='ocrx_word' id='word_1_197' title='bbox 2489 1259 2599 1299; x_wconf 92' lang='lat' dir='ltr'><strong>non</strong></span> <span class='ocrx_word' id='word_1_198' title='bbox 2646 1245 2897 1300; x_wconf 83' lang='lat' dir='ltr'><strong>cessabat</strong></span> <span class='ocrx_word' id='word_1_199' title='bbox 2948 1245 3276 1316; x_wconf 78' lang='lat' dir='ltr'><strong>glorificare.</strong></span> <span class='ocrx_word' id='word_1_200' title='bbox 3317 1245 3475 1311; x_wconf 84' lang='lat' dir='ltr'><strong>Quod</strong></span> 
     </span>
    </p>
   </div>
   <div class='ocr_carea' id='block_1_27' title="bbox 1890 1335 3476 1408">
    <p class='ocr_par' dir='ltr' id='par_1_27' title="bbox 1890 1335 3476 1408">
     <span class='ocr_line' id='line_1_27' title="bbox 1890 1335 3476 1408; baseline 0.001 -18"><span class='ocrx_word' id='word_1_201' title='bbox 1890 1337 1977 1390; x_wconf 84' lang='lat' dir='ltr'><strong>hic</strong></span> <span class='ocrx_word' id='word_1_202' title='bbox 2013 1351 2232 1405; x_wconf 89' lang='lat' dir='ltr'><strong>quoque</strong></span> <span class='ocrx_word' id='word_1_203' title='bbox 2278 1337 2556 1392; x_wconf 89' lang='lat' dir='ltr'><strong>usuvenit.</strong></span> <span class='ocrx_word' id='word_1_204' title='bbox 2592 1335 2728 1391; x_wconf 85' lang='lat' dir='ltr'><strong>Nam</strong></span> <span class='ocrx_word' id='word_1_205' title='bbox 2770 1352 2894 1391; x_wconf 88' lang='lat' dir='ltr'><strong>cum</strong></span> <span class='ocrx_word' id='word_1_206' title='bbox 2945 1337 3086 1408; x_wconf 80' lang='lat' dir='ltr'><strong>ignis</strong></span> <span class='ocrx_word' id='word_1_207' title='bbox 3120 1352 3238 1392; x_wconf 89' lang='lat' dir='ltr'><strong>eam</strong></span> <span class='ocrx_word' id='word_1_208' title='bbox 3274 1352 3476 1407; x_wconf 88' lang='lat' dir='ltr'><strong>apprc-</strong></span> 
     </span>
    </p>
   </div>
   <div class='ocr_carea' id='block_1_28' title="bbox 1893 1425 3476 1498">
    <p class='ocr_par' dir='ltr' id='par_1_28' title="bbox 1893 1425 3476 1498">
     <span class='ocr_line' id='line_1_28' title="bbox 1893 1425 3476 1498; baseline 0.001 -18"><span class='ocrx_word' id='word_1_209' title='bbox 1893 1425 2191 1487; x_wconf 89' lang='lat' dir='ltr'><strong>hendisset,</strong></span> <span class='ocrx_word' id='word_1_210' title='bbox 2265 1426 2628 1481; x_wconf 81' lang='lat' dir='ltr'><strong>conservabat</strong></span> <span class='ocrx_word' id='word_1_211' title='bbox 2685 1426 2932 1493; x_wconf 60' lang='lat' dir='ltr'><strong>illaesam,</strong></span> <span class='ocrx_word' id='word_1_212' title='bbox 2992 1428 3190 1482; x_wconf 83' lang='lat' dir='ltr'><strong>amissa</strong></span> <span class='ocrx_word' id='word_1_213' title='bbox 3258 1428 3476 1498; x_wconf 81' lang='lat' dir='ltr'><strong>prepria</strong></span> 
     </span>
    </p>
   </div>
   <div class='ocr_carea' id='block_1_29' title="bbox 1892 1516 3478 1587">
    <p class='ocr_par' dir='ltr' id='par_1_29' title="bbox 1892 1516 3478 1587">
     <span class='ocr_line' id='line_1_29' title="bbox 1892 1516 3478 1587; baseline 0.003 -14"><span class='ocrx_word' id='word_1_214' title='bbox 1892 1518 2227 1587; x_wconf 84' lang='lat' dir='ltr'><strong>operatione.</strong></span> <span class='ocrx_word' id='word_1_215' title='bbox 2267 1516 2472 1571; x_wconf 87' lang='lat' dir='ltr'><strong>Deinde</strong></span> <span class='ocrx_word' id='word_1_216' title='bbox 2504 1532 2700 1572; x_wconf 85' lang='lat' dir='ltr'><strong>rursus</strong></span> <span class='ocrx_word' id='word_1_217' title='bbox 2733 1533 2949 1587; x_wconf 89' lang='lat' dir='ltr'><strong>quoque</strong></span> <span class='ocrx_word' id='word_1_218' title='bbox 2982 1518 3132 1573; x_wconf 90' lang='lat' dir='ltr'><strong>illinc</strong></span> <span class='ocrx_word' id='word_1_219' title='bbox 3182 1519 3478 1578; x_wconf 85' lang='lat' dir='ltr'><strong>sublatam.</strong></span> 
     </span>
    </p>
   </div>
   <div class='ocr_carea' id='block_1_30' title="bbox 1891 1594 3474 1681">
    <p class='ocr_par' dir='ltr' id='par_1_30' title="bbox 1891 1594 3474 1681">
     <span class='ocr_line' id='line_1_30' title="bbox 1891 1594 3474 1681; baseline 0 -16"><span class='ocrx_word' id='word_1_220' title='bbox 1891 1612 2043 1680; x_wconf 85' lang='lat' dir='ltr'><strong>jubet</strong></span> <span class='ocrx_word' id='word_1_221' title='bbox 2059 1610 2209 1681; x_wconf 86' lang='lat' dir='ltr'><strong>injici</strong></span> <span class='ocrx_word' id='word_1_222' title='bbox 2228 1610 2282 1664; x_wconf 91' lang='lat' dir='ltr'><strong>in</strong></span> <span class='ocrx_word' id='word_1_223' title='bbox 2306 1609 2631 1679; x_wconf 86' lang='lat' dir='ltr'><strong>sartaginem</strong></span> <span class='ocrx_word' id='word_1_224' title='bbox 2660 1609 2778 1678; x_wconf 90' lang='lat' dir='ltr'><strong>pice</strong></span> <span class='ocrx_word' id='word_1_225' title='bbox 2796 1594 3082 1664; x_wconf 72' lang='lat' dir='ltr'><strong>accensam</strong></span> <span class='ocrx_word' id='word_1_226' title='bbox 3104 1618 3157 1663; x_wconf 92' lang='lat' dir='ltr'><strong>et</strong></span> <span class='ocrx_word' id='word_1_227' title='bbox 3181 1610 3474 1665; x_wconf 89' lang='lat' dir='ltr'><strong>bitumine.</strong></span> 
     </span>
    </p>
   </div>
   <div class='ocr_carea' id='block_1_31' title="bbox 1894 1700 3479 1773">
    <p class='ocr_par' dir='ltr' id='par_1_31' title="bbox 1894 1700 3479 1773">
     <span class='ocr_line' id='line_1_31' title="bbox 1894 1700 3479 1773; baseline 0 -17"><span class='ocrx_word' id='word_1_228' title='bbox 1894 1702 1953 1756; x_wconf 84' lang='lat' dir='ltr'><strong>In</strong></span> <span class='ocrx_word' id='word_1_229' title='bbox 1999 1703 2159 1773; x_wconf 86' lang='lat' dir='ltr'><strong>cujus</strong></span> <span class='ocrx_word' id='word_1_230' title='bbox 2192 1708 2348 1758; x_wconf 86' lang='lat' dir='ltr'><strong>stans</strong></span> <span class='ocrx_word' id='word_1_231' title='bbox 2375 1701 2578 1769; x_wconf 89' lang='lat' dir='ltr'><strong>medio,</strong></span> <span class='ocrx_word' id='word_1_232' title='bbox 2614 1700 2882 1756; x_wconf 86' lang='lat' dir='ltr'><strong>constanti</strong></span> <span class='ocrx_word' id='word_1_233' title='bbox 2914 1709 2968 1755; x_wconf 90' lang='lat' dir='ltr'><strong>et</strong></span> <span class='ocrx_word' id='word_1_234' title='bbox 3001 1701 3225 1755; x_wconf 88' lang='lat' dir='ltr'><strong>minime</strong></span> <span class='ocrx_word' id='word_1_235' title='bbox 3260 1702 3479 1756; x_wconf 89' lang='lat' dir='ltr'><strong>turbato</strong></span> 
     </span>
    </p>
   </div>
   <div class='ocr_carea' id='block_1_32' title="bbox 219 1785 2708 1863">
    <p class='ocr_par' dir='ltr' id='par_1_32' title="bbox 219 1785 2708 1863">
     <span class='ocr_line' id='line_1_32' title="bbox 219 1785 2708 1863; baseline -0.003 -18"><span class='ocrx_word' id='word_1_236' title='bbox 219 1793 345 1863; x_wconf 87' lang='grc' dir='ltr'>ρίαν</span> <span class='ocrx_word' id='word_1_237' title='bbox 366 1810 380 1824; x_wconf 69' lang='grc'><strong><em>⁸</em></strong></span> <span class='ocrx_word' id='word_1_238' title='bbox 414 1792 511 1847; x_wconf 75' lang='grc' dir='ltr'>καὶ</span> <span class='ocrx_word' id='word_1_239' title='bbox 540 1792 701 1855; x_wconf 71' lang='grc' dir='ltr'>εὐθὺς</span> <span class='ocrx_word' id='word_1_240' title='bbox 735 1792 794 1845; x_wconf 79' lang='grc' dir='ltr'>τὸ</span> <span class='ocrx_word' id='word_1_241' title='bbox 835 1791 943 1857; x_wconf 88' lang='grc' dir='ltr'><strong>πῦρ</strong></span> <span class='ocrx_word' id='word_1_242' title='bbox 970 1792 1153 1844; x_wconf 79' lang='grc' dir='ltr'>οὐκέτι</span> <span class='ocrx_word' id='word_1_243' title='bbox 1182 1786 1250 1860; x_wconf 83' lang='grc' dir='ltr'>ἦν</span> <span class='ocrx_word' id='word_1_244' title='bbox 1285 1789 1414 1857; x_wconf 88' lang='grc' dir='ltr'>πῦρ,</span> <span class='ocrx_word' id='word_1_245' title='bbox 1451 1789 1545 1841; x_wconf 72' lang='grc' dir='ltr'><strong>καὶ</strong></span> <span class='ocrx_word' id='word_1_246' title='bbox 1573 1787 1631 1838; x_wconf 86' lang='grc' dir='ltr'><strong>τὸ</strong></span> <span class='ocrx_word' id='word_1_247' title='bbox 1660 1785 1791 1855; x_wconf 82' lang='grc' dir='ltr'>φλέ-</span> <span class='ocrx_word' id='word_1_248' title='bbox 1824 1842 1863 1863; x_wconf 51' lang='grc' dir='ltr'><strong>ἢ</strong></span> <span class='ocrx_word' id='word_1_249' title='bbox 1896 1793 2047 1847; x_wconf 62' lang='lat' dir='ltr'><strong>vultu</strong></span> <span class='ocrx_word' id='word_1_250' title='bbox 2098 1808 2398 1862; x_wconf 75' lang='lat' dir='ltr'><strong>supernum</strong></span> <span class='ocrx_word' id='word_1_251' title='bbox 2451 1794 2708 1849; x_wconf 63' lang='grc' dir='ltr'><strong>ῑηνοοανῑ]</strong></span> 
     </span>
    </p>
   </div>
   <div class='ocr_carea' id='block_1_33' title="bbox 1888 1785 3481 1863">
    <p class='ocr_par' dir='ltr' id='par_1_33' title="bbox 1896 1793 3481 1862">
     <span class='ocr_line' id='line_1_33' title="bbox 1896 1793 3481 1862; baseline 0 -15"><span class='ocrx_word' id='word_1_252' title='bbox 1896 1793 2047 1847; x_wconf 85' lang='lat' dir='ltr'><strong>vultu</strong></span> <span class='ocrx_word' id='word_1_253' title='bbox 2098 1808 2398 1862; x_wconf 88' lang='lat' dir='ltr'><strong>supernum</strong></span> <span class='ocrx_word' id='word_1_254' title='bbox 2451 1794 2723 1849; x_wconf 84' lang='lat' dir='ltr'><strong>invocavit</strong></span> <span class='ocrx_word' id='word_1_255' title='bbox 2771 1793 3056 1848; x_wconf 80' lang='lat' dir='ltr'><strong>auxilium.</strong></span> <span class='ocrx_word' id='word_1_256' title='bbox 3100 1793 3170 1849; x_wconf 87' lang='lat' dir='ltr'><strong>Et</strong></span> <span class='ocrx_word' id='word_1_257' title='bbox 3218 1794 3481 1849; x_wconf 86' lang='lat' dir='ltr'><strong>continuo</strong></span> 
     </span>
    </p>
   </div>
   <div class='ocr_carea' id='block_1_34' title="bbox 216 1842 2708 1959">
    <p class='ocr_par' dir='ltr' id='par_1_34' title="bbox 216 1842 2708 1955">
     <span class='ocr_line' id='line_1_34' title="bbox 216 1842 2708 1955; baseline 0.002 -19"><span class='ocrx_word' id='word_1_258' title='bbox 216 1842 317 1950; x_wconf 48' lang='grc' dir='ltr'>ἴγον</span> <span class='ocrx_word' id='word_1_259' title='bbox 370 1885 449 1946; x_wconf 83' lang='grc' dir='ltr'><strong>είς</strong></span> <span class='ocrx_word' id='word_1_260' title='bbox 499 1883 818 1953; x_wconf 79' lang='grc' dir='ltr'>ψυχρότητα</span> <span class='ocrx_word' id='word_1_261' title='bbox 860 1882 1244 1951; x_wconf 76' lang='grc' dir='ltr'>μετεϐάλλετο,</span> <span class='ocrx_word' id='word_1_262' title='bbox 1292 1879 1368 1944; x_wconf 84' lang='grc' dir='ltr'><strong>ὡς</strong></span> <span class='ocrx_word' id='word_1_263' title='bbox 1412 1880 1591 1932; x_wconf 83' lang='grc' dir='ltr'>δοκεῖν</span> <span class='ocrx_word' id='word_1_264' title='bbox 1640 1876 1793 1949; x_wconf 81' lang='grc' dir='ltr'>παρὰ</span> <span class='ocrx_word' id='word_1_265' title='bbox 1824 1842 1865 1897; x_wconf 74' lang='grc' dir='ltr'><strong><em>Β</em></strong></span> <span class='ocrx_word' id='word_1_266' title='bbox 1897 1885 2036 1955; x_wconf 81' lang='lat' dir='ltr'><strong>ignis</strong></span> <span class='ocrx_word' id='word_1_267' title='bbox 2062 1842 2319 1940; x_wconf 61' lang='lat' dir='ltr'><strong>nonrerat</strong></span> <span class='ocrx_word' id='word_1_268' title='bbox 2346 1885 2508 1955; x_wconf 90' lang='lat' dir='ltr'><strong>ignis,</strong></span> <span class='ocrx_word' id='word_1_269' title='bbox 2547 1894 2602 1940; x_wconf 89' lang='lat' dir='ltr'><strong>et</strong></span> <span class='ocrx_word' id='word_1_270' title='bbox 2632 1901 2708 1940; x_wconf 85' lang='lat' dir='ltr'><strong>art</strong></span> 
     </span>
    </p>
   </div>
   <div class='ocr_carea' id='block_1_35' title="bbox 1888 1842 3475 1959">
    <p class='ocr_par' dir='ltr' id='par_1_35' title="bbox 1897 1884 3475 1959">
     <span class='ocr_line' id='line_1_35' title="bbox 1897 1884 3475 1959; baseline -0.001 -20"><span class='ocrx_word' id='word_1_271' title='bbox 1897 1885 2036 1955; x_wconf 81' lang='lat' dir='ltr'><strong>ignis</strong></span> <span class='ocrx_word' id='word_1_272' title='bbox 2062 1900 2171 1940; x_wconf 91' lang='lat' dir='ltr'><strong>non</strong></span> <span class='ocrx_word' id='word_1_273' title='bbox 2203 1894 2319 1940; x_wconf 88' lang='lat' dir='ltr'><strong>erat</strong></span> <span class='ocrx_word' id='word_1_274' title='bbox 2346 1885 2508 1955; x_wconf 91' lang='lat' dir='ltr'><strong>ignis,</strong></span> <span class='ocrx_word' id='word_1_275' title='bbox 2547 1894 2602 1940; x_wconf 91' lang='lat' dir='ltr'><strong>et</strong></span> <span class='ocrx_word' id='word_1_276' title='bbox 2632 1885 2797 1941; x_wconf 91' lang='lat' dir='ltr'><strong>ardor</strong></span> <span class='ocrx_word' id='word_1_277' title='bbox 2822 1894 3062 1940; x_wconf 88' lang='lat' dir='ltr'><strong>mutatus</strong></span> <span class='ocrx_word' id='word_1_278' title='bbox 3096 1884 3201 1939; x_wconf 76' lang='lat' dir='ltr'><strong>fuit</strong></span> <span class='ocrx_word' id='word_1_279' title='bbox 3230 1885 3283 1939; x_wconf 88' lang='lat' dir='ltr'><strong>in</strong></span> <span class='ocrx_word' id='word_1_280' title='bbox 3320 1884 3475 1959; x_wconf 78' lang='lat' dir='ltr'><strong>frigi—</strong></span> 
     </span>
    </p>
   </div>
   <div class='ocr_carea' id='block_1_36' title="bbox 217 1972 1793 2046">
    <p class='ocr_par' dir='ltr' id='par_1_36' title="bbox 217 1972 1793 2046">
     <span class='ocr_line' id='line_1_36' title="bbox 217 1972 1793 2046; baseline -0.001 -18"><span class='ocrx_word' id='word_1_281' title='bbox 217 1976 450 2043; x_wconf 80' lang='grc' dir='ltr'>λειμῶνι</span> <span class='ocrx_word' id='word_1_282' title='bbox 475 1974 732 2046; x_wconf 78' lang='grc' dir='ltr'>δροσὼδει</span> <span class='ocrx_word' id='word_1_283' title='bbox 762 1974 857 2027; x_wconf 74' lang='grc' dir='ltr'>καὶ</span> <span class='ocrx_word' id='word_1_284' title='bbox 890 1975 947 2028; x_wconf 79' lang='grc' dir='ltr'>ὲν</span> <span class='ocrx_word' id='word_1_285' title='bbox 980 1974 1087 2044; x_wconf 81' lang='grc' dir='ltr'><strong>πόᾳ</strong></span> <span class='ocrx_word' id='word_1_286' title='bbox 1116 1974 1223 2028; x_wconf 76' lang='grc' dir='ltr'>τινὶ</span> <span class='ocrx_word' id='word_1_287' title='bbox 1261 1973 1478 2045; x_wconf 82' lang='grc' dir='ltr'>μαλακῇ</span> <span class='ocrx_word' id='word_1_288' title='bbox 1505 1972 1603 2044; x_wconf 75' lang='grc' dir='ltr'>τὴν</span> <span class='ocrx_word' id='word_1_289' title='bbox 1630 1972 1793 2040; x_wconf 82' lang='grc' dir='ltr'>ἁγίαν</span> 
     </span>
    </p>
   </div>
   <div class='ocr_carea' id='block_1_37' title="bbox 214 2063 707 2119">
    <p class='ocr_par' dir='ltr' id='par_1_37' title="bbox 214 2063 707 2119">
     <span class='ocr_line' id='line_1_37' title="bbox 214 2063 707 2119; baseline -0.004 0"><span class='ocrx_word' id='word_1_290' title='bbox 214 2063 707 2119; x_wconf 77' lang='grc' dir='ltr'>διαναπαύσεσθαι.</span> 
     </span>
    </p>
   </div>
   <div class='ocr_carea' id='block_1_38' title="bbox 296 2153 1797 2229">
    <p class='ocr_par' dir='ltr' id='par_1_38' title="bbox 296 2153 1797 2229">
     <span class='ocr_line' id='line_1_38' title="bbox 296 2153 1797 2229; baseline -0.002 -20"><span class='ocrx_word' id='word_1_291' title='bbox 296 2157 379 2209; x_wconf 82' lang='lat' dir='ltr'><strong>H&#39;.</strong></span> <span class='ocrx_word' id='word_1_292' title='bbox 424 2156 610 2218; x_wconf 72' lang='grc' dir='ltr'>Οὕτως</span> <span class='ocrx_word' id='word_1_293' title='bbox 635 2153 730 2210; x_wconf 84' lang='grc' dir='ltr'><strong>οῦν</strong></span> <span class='ocrx_word' id='word_1_294' title='bbox 762 2156 982 2210; x_wconf 84' lang='grc' dir='ltr'>πάντων</span> <span class='ocrx_word' id='word_1_295' title='bbox 1011 2154 1120 2209; x_wconf 83' lang='grc' dir='ltr'><strong>τῶν</strong></span> <span class='ocrx_word' id='word_1_296' title='bbox 1147 2155 1508 2229; x_wconf 73' lang='grc' dir='ltr'>ἐπαγομένων</span> <span class='ocrx_word' id='word_1_297' title='bbox 1536 2155 1797 2223; x_wconf 77' lang='grc' dir='ltr'>κολαστη-</span> 
     </span>
    </p>
   </div>
   <div class='ocr_carea' id='block_1_39' title="bbox 225 2246 1796 2321">
    <p class='ocr_par' dir='ltr' id='par_1_39' title="bbox 225 2246 1796 2321">
     <span class='ocr_line' id='line_1_39' title="bbox 225 2246 1796 2321; baseline 0 -22"><span class='ocrx_word' id='word_1_298' title='bbox 225 2247 359 2319; x_wconf 81' lang='grc' dir='ltr'>ρίων</span> <span class='ocrx_word' id='word_1_299' title='bbox 390 2248 541 2300; x_wconf 70' lang='grc' dir='ltr'>οὐδὲν</span> <span class='ocrx_word' id='word_1_300' title='bbox 574 2251 672 2319; x_wconf 76' lang='grc' dir='ltr'><strong>μὲν</strong></span> <span class='ocrx_word' id='word_1_301' title='bbox 711 2249 810 2320; x_wconf 81' lang='grc' dir='ltr'>τὴν</span> <span class='ocrx_word' id='word_1_302' title='bbox 843 2251 1101 2321; x_wconf 81' lang='grc' dir='ltr'>μάρτυρα</span> <span class='ocrx_word' id='word_1_303' title='bbox 1128 2249 1222 2302; x_wconf 88' lang='grc' dir='ltr'><strong>τοῦ</strong></span> <span class='ocrx_word' id='word_1_304' title='bbox 1249 2248 1487 2319; x_wconf 78' lang='grc' dir='ltr'>Χριστοῦ</span> <span class='ocrx_word' id='word_1_305' title='bbox 1526 2246 1796 2318; x_wconf 81' lang='grc' dir='ltr'>βλαπτόν-</span> 
     </span>
    </p>
   </div>
   <div class='ocr_carea' id='block_1_40' title="bbox 220 2339 1797 2412">
    <p class='ocr_par' dir='ltr' id='par_1_40' title="bbox 220 2339 1797 2412">
     <span class='ocr_line' id='line_1_40' title="bbox 220 2339 1797 2412; baseline 0 -20"><span class='ocrx_word' id='word_1_306' title='bbox 220 2356 356 2404; x_wconf 85' lang='grc' dir='ltr'>των,</span> <span class='ocrx_word' id='word_1_307' title='bbox 390 2341 516 2402; x_wconf 77' lang='grc' dir='ltr'>τοὺς</span> <span class='ocrx_word' id='word_1_308' title='bbox 558 2340 798 2410; x_wconf 81' lang='grc' dir='ltr'>ὁρῶντας</span> <span class='ocrx_word' id='word_1_309' title='bbox 831 2342 888 2394; x_wconf 69' lang='grc' dir='ltr'>δὲ</span> <span class='ocrx_word' id='word_1_310' title='bbox 921 2342 1120 2412; x_wconf 74' lang='grc' dir='ltr'>μᾶλλον</span> <span class='ocrx_word' id='word_1_311' title='bbox 1152 2344 1231 2403; x_wconf 77' lang='grc' dir='ltr'><strong>εἰς</strong></span> <span class='ocrx_word' id='word_1_312' title='bbox 1266 2339 1455 2409; x_wconf 85' lang='grc' dir='ltr'>θαῦμα</span> <span class='ocrx_word' id='word_1_313' title='bbox 1479 2339 1797 2407; x_wconf 74' lang='grc' dir='ltr'>κινούντων,</span> 
     </span>
    </p>
   </div>
   <div class='ocr_carea' id='block_1_41' title="bbox 224 2430 1802 2503">
    <p class='ocr_par' dir='ltr' id='par_1_41' title="bbox 224 2430 1802 2503">
     <span class='ocr_line' id='line_1_41' title="bbox 224 2430 1802 2503; baseline 0.001 -22"><span class='ocrx_word' id='word_1_314' title='bbox 224 2430 330 2483; x_wconf 76' lang='grc' dir='ltr'><strong>οὐκ</strong></span> <span class='ocrx_word' id='word_1_315' title='bbox 360 2430 499 2501; x_wconf 80' lang='grc' dir='ltr'>ἔχων</span> <span class='ocrx_word' id='word_1_316' title='bbox 544 2432 569 2483; x_wconf 83' lang='grc' dir='ltr'><strong>ὃ</strong></span> <span class='ocrx_word' id='word_1_317' title='bbox 600 2450 651 2484; x_wconf 85' lang='grc' dir='ltr'><strong>τι</strong></span> <span class='ocrx_word' id='word_1_318' title='bbox 700 2433 797 2486; x_wconf 74' lang='grc' dir='ltr'><strong>καὶ</strong></span> <span class='ocrx_word' id='word_1_319' title='bbox 826 2432 1071 2503; x_wconf 85' lang='grc' dir='ltr'>δράσειεν</span> <span class='ocrx_word' id='word_1_320' title='bbox 1108 2433 1135 2483; x_wconf 81' lang='grc' dir='ltr'>ὁ</span> <span class='ocrx_word' id='word_1_321' title='bbox 1180 2430 1273 2484; x_wconf 88' lang='grc' dir='ltr'><strong>τοῦ</strong></span> <span class='ocrx_word' id='word_1_322' title='bbox 1303 2431 1542 2501; x_wconf 86' lang='grc' dir='ltr'>πονηροῦ</span> <span class='ocrx_word' id='word_1_323' title='bbox 1574 2433 1802 2501; x_wconf 74' lang='grc' dir='ltr'>γνήσιος</span> 
     </span>
    </p>
   </div>
   <div class='ocr_carea' id='block_1_42' title="bbox 227 2522 1801 2594">
    <p class='ocr_par' dir='ltr' id='par_1_42' title="bbox 227 2522 1801 2594">
     <span class='ocr_line' id='line_1_42' title="bbox 227 2522 1801 2594; baseline -0.001 -18"><span class='ocrx_word' id='word_1_324' title='bbox 227 2524 554 2594; x_wconf 74' lang='grc' dir='ltr'><strong>ὑπηρέτης,</strong></span> <span class='ocrx_word' id='word_1_325' title='bbox 593 2524 682 2576; x_wconf 71' lang='grc' dir='ltr'>τὶιν</span> <span class='ocrx_word' id='word_1_326' title='bbox 729 2525 816 2577; x_wconf 80' lang='grc' dir='ltr'>διὰ</span> <span class='ocrx_word' id='word_1_327' title='bbox 864 2525 1049 2591; x_wconf 82' lang='grc' dir='ltr'>ξίφους</span> <span class='ocrx_word' id='word_1_328' title='bbox 1105 2523 1334 2575; x_wconf 78' lang='grc' dir='ltr'>θάνατον</span> <span class='ocrx_word' id='word_1_329' title='bbox 1391 2522 1801 2592; x_wconf 70' lang='grc' dir='ltr'>ἀποφθέγγεται</span> 
     </span>
    </p>
   </div>
   <div class='ocr_carea' id='block_1_43' title="bbox 229 2607 1800 2683">
    <p class='ocr_par' dir='ltr' id='par_1_43' title="bbox 229 2607 1800 2683">
     <span class='ocr_line' id='line_1_43' title="bbox 229 2607 1800 2683; baseline -0.003 -15"><span class='ocrx_word' id='word_1_330' title='bbox 229 2616 356 2668; x_wconf 88' lang='grc' dir='ltr'>κατ’</span> <span class='ocrx_word' id='word_1_331' title='bbox 396 2615 586 2683; x_wconf 71' lang='grc' dir='ltr'>αὐτῆς.</span> <span class='ocrx_word' id='word_1_332' title='bbox 612 2610 684 2667; x_wconf 75' lang='grc' dir='ltr'>Οῦ</span> <span class='ocrx_word' id='word_1_333' title='bbox 716 2613 1149 2682; x_wconf 85' lang='grc' dir='ltr'>διαγγελθέντος,</span> <span class='ocrx_word' id='word_1_334' title='bbox 1182 2612 1395 2683; x_wconf 84' lang='grc' dir='ltr'>φανερά</span> <span class='ocrx_word' id='word_1_335' title='bbox 1418 2607 1485 2682; x_wconf 84' lang='grc' dir='ltr'>ἦν</span> <span class='ocrx_word' id='word_1_336' title='bbox 1518 2614 1551 2683; x_wconf 81' lang='grc' dir='ltr'>ἡ</span> <span class='ocrx_word' id='word_1_337' title='bbox 1591 2613 1800 2683; x_wconf 84' lang='grc' dir='ltr'>μάρτυς</span> 
     </span>
    </p>
   </div>
   <div class='ocr_carea' id='block_1_44' title="bbox 230 2700 1801 2776">
    <p class='ocr_par' dir='ltr' id='par_1_44' title="bbox 230 2700 1801 2776">
     <span class='ocr_line' id='line_1_44' title="bbox 230 2700 1801 2776; baseline -0.003 -18"><span class='ocrx_word' id='word_1_338' title='bbox 230 2706 449 2775; x_wconf 84' lang='grc' dir='ltr'>πλήρης</span> <span class='ocrx_word' id='word_1_339' title='bbox 499 2700 630 2758; x_wconf 70' lang='grc' dir='ltr'>οὖσα</span> <span class='ocrx_word' id='word_1_340' title='bbox 664 2704 869 2776; x_wconf 69' lang='grc' dir='ltr'>χαρᾶς*</span> <span class='ocrx_word' id='word_1_341' title='bbox 907 2707 973 2776; x_wconf 84' lang='grc' dir='ltr'>τῇ</span> <span class='ocrx_word' id='word_1_342' title='bbox 1022 2704 1188 2776; x_wconf 78' lang='grc' dir='ltr'>μητρῖ</span> <span class='ocrx_word' id='word_1_343' title='bbox 1227 2722 1285 2757; x_wconf 90' lang='grc' dir='ltr'><strong>τε</strong></span> <span class='ocrx_word' id='word_1_344' title='bbox 1330 2704 1574 2776; x_wconf 75' lang='grc' dir='ltr'>προσῆγε</span> <span class='ocrx_word' id='word_1_345' title='bbox 1616 2704 1801 2773; x_wconf 87' lang='grc' dir='ltr'>δέησιν</span> 
     </span>
    </p>
   </div>
   <div class='ocr_carea' id='block_1_45' title="bbox 232 2795 1803 2869">
    <p class='ocr_par' dir='ltr' id='par_1_45' title="bbox 232 2795 1803 2869">
     <span class='ocr_line' id='line_1_45' title="bbox 232 2795 1803 2869; baseline -0.001 -19"><span class='ocrx_word' id='word_1_346' title='bbox 232 2796 376 2867; x_wconf 77' lang='grc' dir='ltr'>ὑπὲρ</span> <span class='ocrx_word' id='word_1_347' title='bbox 409 2796 677 2867; x_wconf 75' lang='grc' dir='ltr'>θυγατρὸς</span> <span class='ocrx_word' id='word_1_348' title='bbox 709 2795 987 2869; x_wconf 77' lang='grc' dir='ltr'>εῦχεσθαι,</span> <span class='ocrx_word' id='word_1_349' title='bbox 1018 2798 1111 2851; x_wconf 71' lang='grc' dir='ltr'>καὶ</span> <span class='ocrx_word' id='word_1_350' title='bbox 1134 2798 1253 2861; x_wconf 86' lang='grc' dir='ltr'>ταῖς</span> <span class='ocrx_word' id='word_1_351' title='bbox 1282 2796 1540 2866; x_wconf 78' lang='grc' dir='ltr'>ἀδελφαῖς</span> <span class='ocrx_word' id='word_1_352' title='bbox 1570 2796 1803 2869; x_wconf 80' lang='grc' dir='ltr'>παρῄνει</span> 
     </span>
    </p>
   </div>
   <div class='ocr_carea' id='block_1_46' title="bbox 226 2885 1804 2961">
    <p class='ocr_par' dir='ltr' id='par_1_46' title="bbox 226 2885 1804 2961">
     <span class='ocr_line' id='line_1_46' title="bbox 226 2885 1804 2961; baseline -0.002 -18"><span class='ocrx_word' id='word_1_353' title='bbox 226 2890 405 2961; x_wconf 78' lang='grc' dir='ltr'>’μηδὲν</span> <span class='ocrx_word' id='word_1_354' title='bbox 439 2889 539 2961; x_wconf 84' lang='grc' dir='ltr'>τῆς</span> <span class='ocrx_word' id='word_1_355' title='bbox 570 2887 704 2960; x_wconf 80' lang='grc' dir='ltr'>πρὸς</span> <span class='ocrx_word' id='word_1_356' title='bbox 737 2890 796 2942; x_wconf 79' lang='grc' dir='ltr'><strong>τὸ</strong></span> <span class='ocrx_word' id='word_1_357' title='bbox 833 2889 1085 2961; x_wconf 74' lang='grc' dir='ltr'>βραϐεῖον</span> <span class='ocrx_word' id='word_1_358' title='bbox 1113 2891 1210 2958; x_wconf 82' lang='grc' dir='ltr'>τῆς</span> <span class='ocrx_word' id='word_1_359' title='bbox 1256 2890 1366 2945; x_wconf 80' lang='grc' dir='ltr'><strong>ἀνω</strong></span> <span class='ocrx_word' id='word_1_360' title='bbox 1396 2889 1639 2960; x_wconf 87' lang='grc' dir='ltr'>κλήσεως</span> <span class='ocrx_word' id='word_1_361' title='bbox 1660 2885 1804 2940; x_wconf 87' lang='grc' dir='ltr'>’καθ-</span> 
     </span>
    </p>
   </div>
   <div class='ocr_carea' id='block_1_47' title="bbox 232 2978 1803 3049">
    <p class='ocr_par' dir='ltr' id='par_1_47' title="bbox 232 2978 1803 3049">
     <span class='ocr_line' id='line_1_47' title="bbox 232 2978 1803 3049; baseline -0.001 -14"><span class='ocrx_word' id='word_1_362' title='bbox 232 2984 450 3049; x_wconf 78' lang='grc' dir='ltr'>υφεῖναι</span> <span class='ocrx_word' id='word_1_363' title='bbox 509 2982 777 3048; x_wconf 78' lang='grc' dir='ltr'>σπουδῆς·</span> <span class='ocrx_word' id='word_1_364' title='bbox 824 2978 1047 3047; x_wconf 85' lang='grc' dir='ltr'>Οίδατε,</span> <span class='ocrx_word' id='word_1_365' title='bbox 1081 2981 1335 3049; x_wconf 84' lang='grc' dir='ltr'>λέγουσα,</span> <span class='ocrx_word' id='word_1_366' title='bbox 1368 2981 1473 3033; x_wconf 89' lang='grc' dir='ltr'>τίνι</span> <span class='ocrx_word' id='word_1_367' title='bbox 1507 2979 1803 3044; x_wconf 80' lang='grc' dir='ltr'>συνεταξά-</span> 
     </span>
    </p>
   </div>
   <div class='ocr_carea' id='block_1_48' title="bbox 234 3067 1802 3142">
    <p class='ocr_par' dir='ltr' id='par_1_48' title="bbox 234 3067 1802 3142">
     <span class='ocr_line' id='line_1_48' title="bbox 234 3067 1802 3142; baseline -0.001 -17"><span class='ocrx_word' id='word_1_368' title='bbox 234 3072 401 3142; x_wconf 85' lang='grc' dir='ltr'>μεθα,</span> <span class='ocrx_word' id='word_1_369' title='bbox 456 3072 548 3125; x_wconf 71' lang='grc' dir='ltr'>καὶ</span> <span class='ocrx_word' id='word_1_370' title='bbox 592 3067 653 3125; x_wconf 75' lang='grc' dir='ltr'><strong>οῦ</strong></span> <span class='ocrx_word' id='word_1_371' title='bbox 682 3073 747 3142; x_wconf 82' lang='grc' dir='ltr'>τῇ</span> <span class='ocrx_word' id='word_1_372' title='bbox 793 3070 1053 3141; x_wconf 85' lang='grc' dir='ltr'>σφραγῖδι</span> <span class='ocrx_word' id='word_1_373' title='bbox 1088 3072 1565 3142; x_wconf 69' lang='grc' dir='ltr'>ὲνεσημάνθημεν.</span> <span class='ocrx_word' id='word_1_374' title='bbox 1599 3071 1802 3124; x_wconf 79' lang='grc' dir='ltr'>Τούτου</span> 
     </span>
    </p>
   </div>
   <div class='ocr_carea' id='block_1_49' title="bbox 1896 1975 3477 2046">
    <p class='ocr_par' dir='ltr' id='par_1_49' title="bbox 1896 1975 3477 2046">
     <span class='ocr_line' id='line_1_49' title="bbox 1896 1975 3477 2046; baseline 0 -15"><span class='ocrx_word' id='word_1_375' title='bbox 1896 1976 2117 2031; x_wconf 82' lang='lat' dir='ltr'><strong>ditatem</strong></span> <span class='ocrx_word' id='word_1_376' title='bbox 2154 1976 2335 2031; x_wconf 84' lang='lat' dir='ltr'><strong>:adeo</strong></span> <span class='ocrx_word' id='word_1_377' title='bbox 2382 1985 2442 2031; x_wconf 89' lang='lat' dir='ltr'><strong>ut</strong></span> <span class='ocrx_word' id='word_1_378' title='bbox 2471 1975 2747 2031; x_wconf 88' lang='lat' dir='ltr'><strong>videretur</strong></span> <span class='ocrx_word' id='word_1_379' title='bbox 2775 1977 2830 2029; x_wconf 86' lang='lat' dir='ltr'><strong>in</strong></span> <span class='ocrx_word' id='word_1_380' title='bbox 2879 1975 3096 2030; x_wconf 86' lang='lat' dir='ltr'><strong>roscido</strong></span> <span class='ocrx_word' id='word_1_381' title='bbox 3134 1985 3289 2046; x_wconf 89' lang='lat' dir='ltr'><strong>prato</strong></span> <span class='ocrx_word' id='word_1_382' title='bbox 3332 1987 3388 2031; x_wconf 88' lang='lat' dir='ltr'><strong>et</strong></span> <span class='ocrx_word' id='word_1_383' title='bbox 3419 1978 3477 2031; x_wconf 90' lang='lat' dir='ltr'><strong>in</strong></span> 
     </span>
    </p>
   </div>
   <div class='ocr_carea' id='block_1_50' title="bbox 1896 2066 2865 2136">
    <p class='ocr_par' dir='ltr' id='par_1_50' title="bbox 1896 2066 2865 2136">
     <span class='ocr_line' id='line_1_50' title="bbox 1896 2066 2865 2136; baseline -0.001 -15"><span class='ocrx_word' id='word_1_384' title='bbox 1896 2066 2046 2121; x_wconf 85' lang='lat' dir='ltr'><strong>molli</strong></span> <span class='ocrx_word' id='word_1_385' title='bbox 2088 2066 2257 2122; x_wconf 88' lang='lat' dir='ltr'><strong>herba</strong></span> <span class='ocrx_word' id='word_1_386' title='bbox 2286 2074 2471 2122; x_wconf 84' lang='lat' dir='ltr'><strong>sancta</strong></span> <span class='ocrx_word' id='word_1_387' title='bbox 2500 2066 2865 2136; x_wconf 83' lang='lat' dir='ltr'><strong>requiescere.</strong></span> 
     </span>
    </p>
   </div>
   <div class='ocr_carea' id='block_1_51' title="bbox 1969 2157 3483 2228">
    <p class='ocr_par' dir='ltr' id='par_1_51' title="bbox 1969 2157 3483 2228">
     <span class='ocr_line' id='line_1_51' title="bbox 1969 2157 3483 2228; baseline 0 -17"><span class='ocrx_word' id='word_1_388' title='bbox 1969 2157 2107 2212; x_wconf 87' lang='lat' dir='ltr'><strong>Vlll.</strong></span> <span class='ocrx_word' id='word_1_389' title='bbox 2168 2158 2257 2213; x_wconf 89' lang='lat' dir='ltr'><strong>Sic</strong></span> <span class='ocrx_word' id='word_1_390' title='bbox 2281 2173 2410 2227; x_wconf 83' lang='lat' dir='ltr'><strong>ergo</strong></span> <span class='ocrx_word' id='word_1_391' title='bbox 2439 2159 2720 2222; x_wconf 91' lang='lat' dir='ltr'><strong>omnibus,</strong></span> <span class='ocrx_word' id='word_1_392' title='bbox 2764 2173 2883 2228; x_wconf 68' lang='lat' dir='ltr'><strong>quae</strong></span> <span class='ocrx_word' id='word_1_393' title='bbox 2911 2158 3311 2221; x_wconf 82' lang='lat' dir='ltr'><strong>inferebantur,</strong></span> <span class='ocrx_word' id='word_1_394' title='bbox 3346 2171 3483 2227; x_wconf 84' lang='lat' dir='ltr'><strong>sup-</strong></span> 
     </span>
    </p>
   </div>
   <div class='ocr_carea' id='block_1_52' title="bbox 1898 2246 3482 2319">
    <p class='ocr_par' dir='ltr' id='par_1_52' title="bbox 1898 2246 3482 2319">
     <span class='ocr_line' id='line_1_52' title="bbox 1898 2246 3482 2319; baseline 0.001 -18"><span class='ocrx_word' id='word_1_395' title='bbox 1898 2248 2077 2319; x_wconf 85' lang='lat' dir='ltr'><strong>pliciis</strong></span> <span class='ocrx_word' id='word_1_396' title='bbox 2124 2257 2415 2318; x_wconf 84' lang='lat' dir='ltr'><strong>martyrem</strong></span> <span class='ocrx_word' id='word_1_397' title='bbox 2463 2247 2680 2316; x_wconf 88' lang='lat' dir='ltr'><strong>quidem</strong></span> <span class='ocrx_word' id='word_1_398' title='bbox 2728 2246 2931 2302; x_wconf 87' lang='lat' dir='ltr'><strong>Christi</strong></span> <span class='ocrx_word' id='word_1_399' title='bbox 2962 2248 3097 2302; x_wconf 89' lang='lat' dir='ltr'><strong>nihil</strong></span> <span class='ocrx_word' id='word_1_400' title='bbox 3132 2247 3482 2311; x_wconf 74' lang='lat' dir='ltr'><strong>lzedentibus,</strong></span> 
     </span>
    </p>
   </div>
   <div class='ocr_carea' id='block_1_53' title="bbox 1900 2338 3484 2411">
    <p class='ocr_par' dir='ltr' id='par_1_53' title="bbox 1900 2338 3484 2411">
     <span class='ocr_line' id='line_1_53' title="bbox 1900 2338 3484 2411; baseline -0.004 -13"><span class='ocrx_word' id='word_1_401' title='bbox 1900 2357 1993 2398; x_wconf 85' lang='lat' dir='ltr'><strong>eos</strong></span> <span class='ocrx_word' id='word_1_402' title='bbox 2025 2351 2228 2407; x_wconf 87' lang='lat' dir='ltr'><strong>autem,</strong></span> <span class='ocrx_word' id='word_1_403' title='bbox 2273 2341 2365 2411; x_wconf 91' lang='lat' dir='ltr'><strong>qui</strong></span> <span class='ocrx_word' id='word_1_404' title='bbox 2402 2340 2764 2411; x_wconf 86' lang='lat' dir='ltr'><strong>aspiciebant,</strong></span> <span class='ocrx_word' id='word_1_405' title='bbox 2811 2340 3163 2396; x_wconf 86' lang='lat' dir='ltr'><strong>moventibus</strong></span> <span class='ocrx_word' id='word_1_406' title='bbox 3208 2339 3275 2394; x_wconf 88' lang='lat' dir='ltr'><strong>ad</strong></span> <span class='ocrx_word' id='word_1_407' title='bbox 3310 2338 3484 2393; x_wconf 87' lang='lat' dir='ltr'><strong>admi-</strong></span> 
     </span>
    </p>
   </div>
   <div class='ocr_carea' id='block_1_54' title="bbox 1904 2432 3483 2507">
    <p class='ocr_par' dir='ltr' id='par_1_54' title="bbox 1904 2432 3483 2507">
     <span class='ocr_line' id='line_1_54' title="bbox 1904 2432 3483 2507; baseline -0.003 -17"><span class='ocrx_word' id='word_1_408' title='bbox 1904 2436 2189 2500; x_wconf 86' lang='lat' dir='ltr'><strong>rationem,</strong></span> <span class='ocrx_word' id='word_1_409' title='bbox 2225 2435 2478 2491; x_wconf 88' lang='lat' dir='ltr'><strong>nesciens</strong></span> <span class='ocrx_word' id='word_1_410' title='bbox 2507 2436 2765 2504; x_wconf 89' lang='lat' dir='ltr'><strong>quidnam</strong></span> <span class='ocrx_word' id='word_1_411' title='bbox 2818 2444 3002 2507; x_wconf 79' lang='lat' dir='ltr'><strong>ageret</strong></span> <span class='ocrx_word' id='word_1_412' title='bbox 3047 2432 3267 2505; x_wconf 77' lang='lat' dir='ltr'><strong>maligni</strong></span> <span class='ocrx_word' id='word_1_413' title='bbox 3318 2432 3483 2487; x_wconf 87' lang='lat' dir='ltr'><strong>mini-</strong></span> 
     </span>
    </p>
   </div>
   <div class='ocr_carea' id='block_1_55' title="bbox 1903 2525 3485 2597">
    <p class='ocr_par' dir='ltr' id='par_1_55' title="bbox 1903 2525 3485 2597">
     <span class='ocr_line' id='line_1_55' title="bbox 1903 2525 3485 2597; baseline 0.001 -17"><span class='ocrx_word' id='word_1_414' title='bbox 1903 2537 2017 2580; x_wconf 84' lang='lat' dir='ltr'><strong>ster</strong></span> <span class='ocrx_word' id='word_1_415' title='bbox 2070 2542 2381 2593; x_wconf 87' lang='lat' dir='ltr'><strong>germanus,</strong></span> <span class='ocrx_word' id='word_1_416' title='bbox 2439 2526 2493 2580; x_wconf 90' lang='lat' dir='ltr'><strong>in</strong></span> <span class='ocrx_word' id='word_1_417' title='bbox 2549 2542 2667 2580; x_wconf 89' lang='lat' dir='ltr'><strong>eam</strong></span> <span class='ocrx_word' id='word_1_418' title='bbox 2704 2527 2894 2581; x_wconf 89' lang='lat' dir='ltr'><strong>mortis</strong></span> <span class='ocrx_word' id='word_1_419' title='bbox 2951 2526 3131 2597; x_wconf 85' lang='lat' dir='ltr'><strong>gladio</strong></span> <span class='ocrx_word' id='word_1_420' title='bbox 3188 2525 3485 2581; x_wconf 66' lang='lat' dir='ltr'><strong>inferenda</strong></span> 
     </span>
    </p>
   </div>
   <div class='ocr_carea' id='block_1_56' title="bbox 1903 2615 3483 2687">
    <p class='ocr_par' dir='ltr' id='par_1_56' title="bbox 1903 2615 3483 2687">
     <span class='ocr_line' id='line_1_56' title="bbox 1903 2615 3483 2687; baseline 0.001 -19"><span class='ocrx_word' id='word_1_421' title='bbox 1903 2616 2218 2687; x_wconf 84' lang='lat' dir='ltr'><strong>pronuntiat</strong></span> <span class='ocrx_word' id='word_1_422' title='bbox 2247 2617 2599 2671; x_wconf 87' lang='lat' dir='ltr'><strong>sententiam.</strong></span> <span class='ocrx_word' id='word_1_423' title='bbox 2647 2615 2802 2681; x_wconf 85' lang='lat' dir='ltr'><strong>Quod</strong></span> <span class='ocrx_word' id='word_1_424' title='bbox 2834 2632 2959 2671; x_wconf 90' lang='lat' dir='ltr'><strong>cum</strong></span> <span class='ocrx_word' id='word_1_425' title='bbox 3013 2626 3161 2671; x_wconf 88' lang='lat' dir='ltr'><strong>esset</strong></span> <span class='ocrx_word' id='word_1_426' title='bbox 3190 2616 3240 2671; x_wconf 87' lang='lat' dir='ltr'><strong>ei</strong></span> <span class='ocrx_word' id='word_1_427' title='bbox 3269 2631 3483 2670; x_wconf 82' lang='lat' dir='ltr'><strong>renun-</strong></span> 
     </span>
    </p>
   </div>
   <div class='ocr_carea' id='block_1_57' title="bbox 1904 2709 3482 2781">
    <p class='ocr_par' dir='ltr' id='par_1_57' title="bbox 1904 2709 3482 2781">
     <span class='ocr_line' id='line_1_57' title="bbox 1904 2709 3482 2781; baseline -0.003 -16"><span class='ocrx_word' id='word_1_428' title='bbox 1904 2711 2115 2775; x_wconf 89' lang='lat' dir='ltr'><strong>tiatum,</strong></span> <span class='ocrx_word' id='word_1_429' title='bbox 2162 2719 2409 2780; x_wconf 90' lang='lat' dir='ltr'><strong>apertum</strong></span> <span class='ocrx_word' id='word_1_430' title='bbox 2439 2717 2576 2775; x_wconf 85' lang='lat' dir='ltr'><strong>erat,</strong></span> <span class='ocrx_word' id='word_1_431' title='bbox 2612 2709 2807 2781; x_wconf 87' lang='lat' dir='ltr'><strong>gaudio</strong></span> <span class='ocrx_word' id='word_1_432' title='bbox 2851 2709 3067 2779; x_wconf 90' lang='lat' dir='ltr'><strong>plenam</strong></span> <span class='ocrx_word' id='word_1_433' title='bbox 3118 2723 3240 2764; x_wconf 86' lang='lat' dir='ltr'><strong>esse</strong></span> <span class='ocrx_word' id='word_1_434' title='bbox 3274 2718 3482 2780; x_wconf 82' lang='lat' dir='ltr'><strong>marty-</strong></span> 
     </span>
    </p>
   </div>
   <div class='ocr_carea' id='block_1_58' title="bbox 1906 2800 3485 2874">
    <p class='ocr_par' dir='ltr' id='par_1_58' title="bbox 1906 2800 3485 2874">
     <span class='ocr_line' id='line_1_58' title="bbox 1906 2800 3485 2874; baseline -0.003 -16"><span class='ocrx_word' id='word_1_435' title='bbox 1906 2820 2040 2859; x_wconf 86' lang='lat' dir='ltr'><strong>rem.</strong></span> <span class='ocrx_word' id='word_1_436' title='bbox 2073 2806 2200 2870; x_wconf 72' lang='lat' dir='ltr'><strong>Quaz</strong></span> <span class='ocrx_word' id='word_1_437' title='bbox 2230 2812 2457 2860; x_wconf 85' lang='lat' dir='ltr'><strong>matrem</strong></span> <span class='ocrx_word' id='word_1_438' title='bbox 2510 2811 2595 2857; x_wconf 84' lang='lat' dir='ltr'><strong>est</strong></span> <span class='ocrx_word' id='word_1_439' title='bbox 2632 2812 2852 2874; x_wconf 84' lang='lat' dir='ltr'><strong>precata</strong></span> <span class='ocrx_word' id='word_1_440' title='bbox 2875 2844 2889 2867; x_wconf 94' lang='lat'><strong>,</strong></span> <span class='ocrx_word' id='word_1_441' title='bbox 2919 2810 2979 2856; x_wconf 88' lang='lat' dir='ltr'><strong>ut</strong></span> <span class='ocrx_word' id='word_1_442' title='bbox 3004 2811 3187 2857; x_wconf 89' lang='lat' dir='ltr'><strong>oraret</strong></span> <span class='ocrx_word' id='word_1_443' title='bbox 3224 2815 3322 2871; x_wconf 89' lang='lat' dir='ltr'><strong>pro</strong></span> <span class='ocrx_word' id='word_1_444' title='bbox 3353 2800 3485 2865; x_wconf 78' lang='lat' dir='ltr'><strong>ﬁlia,</strong></span> 
     </span>
    </p>
   </div>
   <div class='ocr_carea' id='block_1_59' title="bbox 1907 2891 3481 2959">
    <p class='ocr_par' dir='ltr' id='par_1_59' title="bbox 1907 2891 3481 2959">
     <span class='ocr_line' id='line_1_59' title="bbox 1907 2891 3481 2959; baseline -0.004 -8"><span class='ocrx_word' id='word_1_445' title='bbox 1907 2906 1959 2951; x_wconf 91' lang='lat' dir='ltr'><strong>et</strong></span> <span class='ocrx_word' id='word_1_446' title='bbox 1996 2912 2209 2951; x_wconf 88' lang='lat' dir='ltr'><strong>sorores</strong></span> <span class='ocrx_word' id='word_1_447' title='bbox 2242 2905 2327 2950; x_wconf 91' lang='lat' dir='ltr'><strong>est</strong></span> <span class='ocrx_word' id='word_1_448' title='bbox 2376 2896 2683 2959; x_wconf 81' lang='lat' dir='ltr'><strong>exhortata,</strong></span> <span class='ocrx_word' id='word_1_449' title='bbox 2726 2904 2786 2948; x_wconf 90' lang='lat' dir='ltr'><strong>ut</strong></span> <span class='ocrx_word' id='word_1_450' title='bbox 2836 2908 2943 2947; x_wconf 90' lang='lat' dir='ltr'><strong>non</strong></span> <span class='ocrx_word' id='word_1_451' title='bbox 2992 2892 3306 2948; x_wconf 87' lang='lat' dir='ltr'><strong>dubitarent</strong></span> <span class='ocrx_word' id='word_1_452' title='bbox 3338 2891 3481 2946; x_wconf 90' lang='lat' dir='ltr'><strong>mori</strong></span> 
     </span>
    </p>
   </div>
   <div class='ocr_carea' id='block_1_60' title="bbox 1907 2982 3487 3057">
    <p class='ocr_par' dir='ltr' id='par_1_60' title="bbox 1907 2982 3487 3057">
     <span class='ocr_line' id='line_1_60' title="bbox 1907 2982 3487 3057; baseline -0.003 -17"><span class='ocrx_word' id='word_1_453' title='bbox 1907 3002 2005 3057; x_wconf 89' lang='lat' dir='ltr'><strong>pro</strong></span> <span class='ocrx_word' id='word_1_454' title='bbox 2047 2987 2433 3055; x_wconf 87' lang='lat' dir='ltr'><strong>consequendo</strong></span> <span class='ocrx_word' id='word_1_455' title='bbox 2473 2987 2663 3041; x_wconf 87' lang='lat' dir='ltr'><strong>bravio</strong></span> <span class='ocrx_word' id='word_1_456' title='bbox 2705 2994 2925 3039; x_wconf 62' lang='lat' dir='ltr'><strong>aeterna:</strong></span> <span class='ocrx_word' id='word_1_457' title='bbox 2974 2982 3277 3036; x_wconf 88' lang='lat' dir='ltr'><strong>vocationis</strong></span> <span class='ocrx_word' id='word_1_458' title='bbox 3311 2999 3325 3036; x_wconf 88' lang='lat'>:</span> <span class='ocrx_word' id='word_1_459' title='bbox 3367 2982 3487 3035; x_wconf 84' lang='lat' dir='ltr'><strong>Sci-</strong></span> 
     </span>
    </p>
   </div>
   <div class='ocr_carea' id='block_1_61' title="bbox 1908 3072 3488 3141">
    <p class='ocr_par' dir='ltr' id='par_1_61' title="bbox 1908 3072 3488 3141">
     <span class='ocr_line' id='line_1_61' title="bbox 1908 3072 3488 3141; baseline -0.002 -12"><span class='ocrx_word' id='word_1_460' title='bbox 1908 3075 1998 3141; x_wconf 89' lang='lat' dir='ltr'><strong>tis,</strong></span> <span class='ocrx_word' id='word_1_461' title='bbox 2052 3073 2262 3139; x_wconf 91' lang='lat' dir='ltr'><strong>dicens,</strong></span> <span class='ocrx_word' id='word_1_462' title='bbox 2315 3075 2401 3129; x_wconf 90' lang='lat' dir='ltr'><strong>cui</strong></span> <span class='ocrx_word' id='word_1_463' title='bbox 2442 3089 2644 3129; x_wconf 86' lang='lat' dir='ltr'><strong>nomen</strong></span> <span class='ocrx_word' id='word_1_464' title='bbox 2690 3073 2938 3128; x_wconf 82' lang='lat' dir='ltr'><strong>dedimus</strong></span> <span class='ocrx_word' id='word_1_465' title='bbox 2985 3081 3041 3127; x_wconf 84' lang='lat' dir='ltr'><strong>et</strong></span> <span class='ocrx_word' id='word_1_466' title='bbox 3084 3072 3242 3140; x_wconf 87' lang='lat' dir='ltr'><strong>cujus</strong></span> <span class='ocrx_word' id='word_1_467' title='bbox 3295 3085 3488 3126; x_wconf 87' lang='lat' dir='ltr'><strong>sumus</strong></span> 
     </span>
    </p>
   </div>
   <div class='ocr_carea' id='block_1_62' title="bbox 233 3162 2708 3239">
    <p class='ocr_par' dir='ltr' id='par_1_62' title="bbox 233 3164 2708 3239">
     <span class='ocr_line' id='line_1_62' title="bbox 233 3164 2708 3239; baseline -0.001 -20"><span class='ocrx_word' id='word_1_468' title='bbox 233 3168 315 3227; x_wconf 84' lang='grc' dir='ltr'><strong>είς</strong></span> <span class='ocrx_word' id='word_1_469' title='bbox 346 3164 572 3233; x_wconf 70' lang='grc' dir='ltr'>ἔσχατον</span> <span class='ocrx_word' id='word_1_470' title='bbox 596 3166 859 3234; x_wconf 70' lang='grc' dir='ltr'>ἐμμεῖναι</span> <span class='ocrx_word' id='word_1_471' title='bbox 892 3168 958 3237; x_wconf 73' lang='grc' dir='ltr'>τῇ</span> <span class='ocrx_word' id='word_1_472' title='bbox 985 3164 1250 3236; x_wconf 77' lang='grc' dir='ltr'>ὁμολογίᾳ</span> <span class='ocrx_word' id='word_1_473' title='bbox 1275 3166 1349 3235; x_wconf 83' lang='grc' dir='ltr'>μὴ</span> <span class='ocrx_word' id='word_1_474' title='bbox 1378 3166 1801 3234; x_wconf 75' lang='grc' dir='ltr'>ὲκκακήσωμεν·</span> <span class='ocrx_word' id='word_1_475' title='bbox 1832 3166 1879 3230; x_wconf 88' lang='lat' dir='ltr'><strong><em>C</em></strong></span> <span class='ocrx_word' id='word_1_476' title='bbox 1908 3168 2132 3238; x_wconf 75' lang='lat' dir='ltr'><strong>signatae</strong></span> <span class='ocrx_word' id='word_1_477' title='bbox 2177 3167 2477 3239; x_wconf 83' lang='lat' dir='ltr'><strong>signaculo.</strong></span> <span class='ocrx_word' id='word_1_478' title='bbox 2512 3165 2573 3221; x_wconf 86' lang='lat' dir='ltr'><strong>In</strong></span> <span class='ocrx_word' id='word_1_479' title='bbox 2615 3166 2708 3236; x_wconf 77' lang='lat' dir='ltr'><strong>eju:</strong></span> 
     </span>
    </p>
   </div>
   <div class='ocr_carea' id='block_1_63' title="bbox 1888 3162 3487 3239">
    <p class='ocr_par' dir='ltr' id='par_1_63' title="bbox 1908 3162 3487 3239">
     <span class='ocr_line' id='line_1_63' title="bbox 1908 3162 3487 3239; baseline -0.005 -16"><span class='ocrx_word' id='word_1_480' title='bbox 1908 3168 2132 3238; x_wconf 66' lang='lat' dir='ltr'><strong>signatae</strong></span> <span class='ocrx_word' id='word_1_481' title='bbox 2177 3167 2477 3239; x_wconf 90' lang='lat' dir='ltr'><strong>signaculo.</strong></span> <span class='ocrx_word' id='word_1_482' title='bbox 2512 3165 2573 3221; x_wconf 88' lang='lat' dir='ltr'><strong>In</strong></span> <span class='ocrx_word' id='word_1_483' title='bbox 2615 3166 2731 3236; x_wconf 86' lang='lat' dir='ltr'><strong>ejus</strong></span> <span class='ocrx_word' id='word_1_484' title='bbox 2766 3165 2832 3220; x_wconf 88' lang='lat' dir='ltr'><strong>ad</strong></span> <span class='ocrx_word' id='word_1_485' title='bbox 2874 3164 3037 3218; x_wconf 85' lang='lat' dir='ltr'><strong>ﬁnem</strong></span> <span class='ocrx_word' id='word_1_486' title='bbox 3102 3177 3273 3233; x_wconf 89' lang='lat' dir='ltr'><strong>usque</strong></span> <span class='ocrx_word' id='word_1_487' title='bbox 3312 3162 3487 3233; x_wconf 81' lang='lat' dir='ltr'><strong>persi-</strong></span> 
     </span>
    </p>
   </div>
   <div class='ocr_carea' id='block_1_64' title="bbox 229 3255 1804 3327">
    <p class='ocr_par' dir='ltr' id='par_1_64' title="bbox 229 3255 1804 3327">
     <span class='ocr_line' id='line_1_64' title="bbox 229 3255 1804 3327; baseline -0.001 -19"><span class='ocrx_word' id='word_1_488' title='bbox 229 3256 336 3326; x_wconf 74' lang='grc' dir='ltr'>”μία</span> <span class='ocrx_word' id='word_1_489' title='bbox 369 3256 551 3326; x_wconf 80' lang='grc' dir='ltr'>μήτηρ</span> <span class='ocrx_word' id='word_1_490' title='bbox 582 3257 730 3327; x_wconf 79' lang='grc' dir='ltr'>ἡμᾶς</span> <span class='ocrx_word' id='word_1_491' title='bbox 758 3256 1023 3325; x_wconf 74' lang='grc' dir='ltr'>ἐγείνατο,</span> <span class='ocrx_word' id='word_1_492' title='bbox 1051 3256 1085 3327; x_wconf 80' lang='grc' dir='ltr'>ὴ</span> <span class='ocrx_word' id='word_1_493' title='bbox 1119 3256 1256 3327; x_wconf 77' lang='grc' dir='ltr'>αὑτὴ</span> <span class='ocrx_word' id='word_1_494' title='bbox 1283 3257 1381 3319; x_wconf 80' lang='grc' dir='ltr'>τὰς</span> <span class='ocrx_word' id='word_1_495' title='bbox 1408 3256 1555 3324; x_wconf 81' lang='grc' dir='ltr'>τρεῖς</span> <span class='ocrx_word' id='word_1_496' title='bbox 1578 3255 1804 3325; x_wconf 84' lang='grc' dir='ltr'>ἀνεθρέ-</span> 
     </span>
    </p>
   </div>
   <div class='ocr_carea' id='block_1_65' title="bbox 228 3348 1804 3421">
    <p class='ocr_par' dir='ltr' id='par_1_65' title="bbox 228 3348 1804 3421">
     <span class='ocr_line' id='line_1_65' title="bbox 228 3348 1804 3421; baseline -0.001 -20"><span class='ocrx_word' id='word_1_497' title='bbox 228 3350 405 3416; x_wconf 68' lang='grc' dir='ltr'>ψατό,</span> <span class='ocrx_word' id='word_1_498' title='bbox 440 3350 545 3402; x_wconf 80' lang='grc' dir='ltr'><strong>ὑπὸ</strong></span> <span class='ocrx_word' id='word_1_499' title='bbox 578 3352 707 3418; x_wconf 79' lang='grc' dir='ltr'>μιᾶς</span> <span class='ocrx_word' id='word_1_500' title='bbox 740 3350 1057 3421; x_wconf 64' lang='grc' dir='ltr'>ἐτράφημεν</span> <span class='ocrx_word' id='word_1_501' title='bbox 1089 3350 1186 3420; x_wconf 82' lang='grc' dir='ltr'>τὴν</span> <span class='ocrx_word' id='word_1_502' title='bbox 1247 3348 1567 3419; x_wconf 77' lang='grc' dir='ltr'>σωματικὴν</span> <span class='ocrx_word' id='word_1_503' title='bbox 1597 3348 1804 3419; x_wconf 80' lang='grc' dir='ltr'>τροφήν</span> 
     </span>
    </p>
   </div>
   <div class='ocr_carea' id='block_1_66' title="bbox 231 3440 1805 3512">
    <p class='ocr_par' dir='ltr' id='par_1_66' title="bbox 231 3440 1805 3512">
     <span class='ocr_line' id='line_1_66' title="bbox 231 3440 1805 3512; baseline 0.001 -19"><span class='ocrx_word' id='word_1_504' title='bbox 231 3458 291 3493; x_wconf 86' lang='grc' dir='ltr'><strong>τε</strong></span> <span class='ocrx_word' id='word_1_505' title='bbox 320 3443 413 3493; x_wconf 75' lang='grc' dir='ltr'><strong>καὶ</strong></span> <span class='ocrx_word' id='word_1_506' title='bbox 448 3442 546 3510; x_wconf 85' lang='grc' dir='ltr'><strong>τὴν</strong></span> <span class='ocrx_word' id='word_1_507' title='bbox 578 3444 957 3512; x_wconf 86' lang='grc' dir='ltr'>πνευματικήν</span> <span class='ocrx_word' id='word_1_508' title='bbox 981 3459 994 3473; x_wconf 89' lang='grc'><strong>·</strong></span> <span class='ocrx_word' id='word_1_509' title='bbox 1021 3441 1078 3493; x_wconf 85' lang='grc' dir='ltr'>ἓν</span> <span class='ocrx_word' id='word_1_510' title='bbox 1110 3443 1169 3494; x_wconf 75' lang='grc' dir='ltr'>τὸ</span> <span class='ocrx_word' id='word_1_511' title='bbox 1188 3442 1338 3505; x_wconf 88' lang='grc' dir='ltr'>τέλος</span> <span class='ocrx_word' id='word_1_512' title='bbox 1366 3444 1459 3494; x_wconf 77' lang='grc' dir='ltr'>καὶ</span> <span class='ocrx_word' id='word_1_513' title='bbox 1480 3443 1600 3504; x_wconf 86' lang='grc' dir='ltr'>ταῖς</span> <span class='ocrx_word' id='word_1_514' title='bbox 1626 3440 1805 3512; x_wconf 78' lang='grc' dir='ltr'>τρισὶν</span> 
     </span>
    </p>
   </div>
   <div class='ocr_carea' id='block_1_67' title="bbox 231 3531 1806 3601">
    <p class='ocr_par' dir='ltr' id='par_1_67' title="bbox 231 3531 1806 3601">
     <span class='ocr_line' id='line_1_67' title="bbox 231 3531 1806 3601; baseline 0 -17"><span class='ocrx_word' id='word_1_515' title='bbox 231 3533 397 3597; x_wconf 71' lang='grc' dir='ltr'>[στω.</span> <span class='ocrx_word' id='word_1_516' title='bbox 443 3533 562 3593; x_wconf 90' lang='grc' dir='ltr'>ταῖς</span> <span class='ocrx_word' id='word_1_517' title='bbox 598 3532 851 3598; x_wconf 80' lang='grc' dir='ltr'>ἀδελφαῖς</span> <span class='ocrx_word' id='word_1_518' title='bbox 900 3533 1105 3600; x_wconf 81' lang='grc' dir='ltr'>ἁδελφά</span> <span class='ocrx_word' id='word_1_519' title='bbox 1140 3533 1366 3601; x_wconf 80' lang='grc' dir='ltr'>φανήτω</span> <span class='ocrx_word' id='word_1_520' title='bbox 1432 3532 1527 3584; x_wconf 71' lang='grc' dir='ltr'><strong>καὶ</strong></span> <span class='ocrx_word' id='word_1_521' title='bbox 1560 3531 1629 3583; x_wconf 83' lang='grc' dir='ltr'>τὰ</span> <span class='ocrx_word' id='word_1_522' title='bbox 1672 3547 1806 3599; x_wconf 80' lang='grc' dir='ltr'>φρο-</span> 
     </span>
    </p>
   </div>
   <div class='ocr_carea' id='block_1_68' title="bbox 232 3621 1804 3695">
    <p class='ocr_par' dir='ltr' id='par_1_68' title="bbox 232 3621 1804 3695">
     <span class='ocr_line' id='line_1_68' title="bbox 232 3621 1804 3695; baseline -0.002 -16"><span class='ocrx_word' id='word_1_523' title='bbox 232 3630 474 3694; x_wconf 70' lang='grc' dir='ltr'>νήματαθ</span> <span class='ocrx_word' id='word_1_524' title='bbox 502 3625 700 3676; x_wconf 78' lang='grc' dir='ltr'>οἰκεῖον</span> <span class='ocrx_word' id='word_1_525' title='bbox 735 3623 1039 3693; x_wconf 81' lang='grc' dir='ltr'>ὑπόδειγμα</span> <span class='ocrx_word' id='word_1_526' title='bbox 1059 3625 1179 3687; x_wconf 87' lang='grc' dir='ltr'>ταῖς</span> <span class='ocrx_word' id='word_1_527' title='bbox 1206 3622 1326 3693; x_wconf 84' lang='grc' dir='ltr'>μετ’</span> <span class='ocrx_word' id='word_1_528' title='bbox 1351 3621 1539 3693; x_wconf 77' lang='grc' dir='ltr'>αὐτὴν,</span> <span class='ocrx_word' id='word_1_529' title='bbox 1558 3626 1591 3694; x_wconf 82' lang='grc' dir='ltr'><strong>ή</strong></span> <span class='ocrx_word' id='word_1_530' title='bbox 1614 3624 1804 3695; x_wconf 82' lang='grc' dir='ltr'>πρώτη</span> 
     </span>
    </p>
   </div>
   <div class='ocr_carea' id='block_1_69' title="bbox 234 3714 1805 3789">
    <p class='ocr_par' dir='ltr' id='par_1_69' title="bbox 234 3714 1805 3789">
     <span class='ocr_line' id='line_1_69' title="bbox 234 3714 1805 3789; baseline 0.003 -23"><span class='ocrx_word' id='word_1_531' title='bbox 234 3714 500 3781; x_wconf 82' lang='grc' dir='ltr'>γενέσθω.</span> <span class='ocrx_word' id='word_1_532' title='bbox 531 3714 753 3779; x_wconf 83' lang='grc' dir='ltr'>Τούτοις</span> <span class='ocrx_word' id='word_1_533' title='bbox 787 3717 843 3771; x_wconf 77' lang='lat' dir='ltr'><strong>al</strong></span> <span class='ocrx_word' id='word_1_534' title='bbox 896 3717 1125 3786; x_wconf 76' lang='grc' dir='ltr'>ἀδελφαὶ</span> <span class='ocrx_word' id='word_1_535' title='bbox 1169 3718 1282 3779; x_wconf 86' lang='grc' dir='ltr'>τοῖς</span> <span class='ocrx_word' id='word_1_536' title='bbox 1332 3715 1514 3784; x_wconf 85' lang='grc' dir='ltr'>λόγοις</span> <span class='ocrx_word' id='word_1_537' title='bbox 1562 3718 1805 3789; x_wconf 70' lang='grc' dir='ltr'>ἐπιρρω-</span> 
     </span>
    </p>
   </div>
   <div class='ocr_carea' id='block_1_70' title="bbox 235 3804 1807 3877">
    <p class='ocr_par' dir='ltr' id='par_1_70' title="bbox 235 3804 1807 3877">
     <span class='ocr_line' id='line_1_70' title="bbox 235 3804 1807 3877; baseline 0 -20"><span class='ocrx_word' id='word_1_538' title='bbox 235 3804 471 3870; x_wconf 78' lang='grc' dir='ltr'>σθεῖσαι,</span> <span class='ocrx_word' id='word_1_539' title='bbox 520 3807 614 3857; x_wconf 73' lang='grc' dir='ltr'>καὶ</span> <span class='ocrx_word' id='word_1_540' title='bbox 642 3806 742 3876; x_wconf 87' lang='grc' dir='ltr'>τὴν</span> <span class='ocrx_word' id='word_1_541' title='bbox 779 3807 1033 3877; x_wconf 81' lang='grc' dir='ltr'>μάρτυρα</span> <span class='ocrx_word' id='word_1_542' title='bbox 1078 3804 1475 3875; x_wconf 84' lang='grc' dir='ltr'>προσειποῦσαι</span> <span class='ocrx_word' id='word_1_543' title='bbox 1508 3804 1577 3856; x_wconf 82' lang='grc' dir='ltr'><strong>τά</strong></span> <span class='ocrx_word' id='word_1_544' title='bbox 1619 3805 1807 3857; x_wconf 78' lang='grc' dir='ltr'>τελευο</span> 
     </span>
    </p>
   </div>
   <div class='ocr_carea' id='block_1_71' title="bbox 231 3892 1804 3961">
    <p class='ocr_par' dir='ltr' id='par_1_71' title="bbox 231 3892 1804 3961">
     <span class='ocr_line' id='line_1_71' title="bbox 231 3892 1804 3961; baseline -0.001 -14"><span class='ocrx_word' id='word_1_545' title='bbox 231 3895 360 3948; x_wconf 89' lang='grc' dir='ltr'>ταῖα</span> <span class='ocrx_word' id='word_1_546' title='bbox 416 3894 512 3946; x_wconf 79' lang='grc' dir='ltr'><strong>καὶ</strong></span> <span class='ocrx_word' id='word_1_547' title='bbox 560 3895 969 3960; x_wconf 76' lang='grc' dir='ltr'>ἀσπασάμεναι,</span> <span class='ocrx_word' id='word_1_548' title='bbox 1031 3894 1221 3961; x_wconf 71' lang='grc' dir='ltr'>ἠξίουν</span> <span class='ocrx_word' id='word_1_549' title='bbox 1276 3894 1417 3959; x_wconf 80' lang='grc' dir='ltr'>ὑπὲρ</span> <span class='ocrx_word' id='word_1_550' title='bbox 1482 3893 1659 3944; x_wconf 81' lang='grc' dir='ltr'>αὐτῶν</span> <span class='ocrx_word' id='word_1_551' title='bbox 1710 3892 1804 3945; x_wconf 89' lang='grc' dir='ltr'><strong>τοῦ</strong></span> 
     </span>
    </p>
   </div>
   <div class='ocr_carea' id='block_1_72' title="bbox 232 3983 1805 4057">
    <p class='ocr_par' dir='ltr' id='par_1_72' title="bbox 232 3983 1805 4057">
     <span class='ocr_line' id='line_1_72' title="bbox 232 3983 1805 4057; baseline -0.001 -18"><span class='ocrx_word' id='word_1_552' title='bbox 232 3988 415 4039; x_wconf 81' lang='grc' dir='ltr'>κοινοῦ</span> <span class='ocrx_word' id='word_1_553' title='bbox 468 3985 724 4054; x_wconf 83' lang='grc' dir='ltr'>δεηθῆναι</span> <span class='ocrx_word' id='word_1_554' title='bbox 780 3984 1073 4053; x_wconf 87' lang='grc' dir='ltr'>Δεσπότου,</span> <span class='ocrx_word' id='word_1_555' title='bbox 1128 3984 1218 4037; x_wconf 77' lang='grc' dir='ltr'><strong>τὸν</strong></span> <span class='ocrx_word' id='word_1_556' title='bbox 1270 3984 1388 4037; x_wconf 77' lang='grc' dir='ltr'>ἴσον</span> <span class='ocrx_word' id='word_1_557' title='bbox 1435 3983 1573 4055; x_wconf 80' lang='grc' dir='ltr'>αὐτῇ</span> <span class='ocrx_word' id='word_1_558' title='bbox 1605 3986 1805 4057; x_wconf 85' lang='grc' dir='ltr'>δρόμον</span> 
     </span>
    </p>
   </div>
   <div class='ocr_carea' id='block_1_73' title="bbox 228 4077 1805 4148">
    <p class='ocr_par' dir='ltr' id='par_1_73' title="bbox 228 4077 1805 4148">
     <span class='ocr_line' id='line_1_73' title="bbox 228 4077 1805 4148; baseline 0 -15"><span class='ocrx_word' id='word_1_559' title='bbox 228 4079 464 4133; x_wconf 78' lang='grc' dir='ltr'>διελθεῖν</span> <span class='ocrx_word' id='word_1_560' title='bbox 512 4079 901 4148; x_wconf 75' lang='grc' dir='ltr'>ἀπροσκόπως,</span> <span class='ocrx_word' id='word_1_561' title='bbox 952 4079 1038 4132; x_wconf 76' lang='grc' dir='ltr'>ἵνα</span> <span class='ocrx_word' id='word_1_562' title='bbox 1076 4078 1168 4132; x_wconf 74' lang='grc' dir='ltr'><strong>καὶ</strong></span> <span class='ocrx_word' id='word_1_563' title='bbox 1205 4078 1313 4132; x_wconf 81' lang='grc' dir='ltr'>τῶν</span> <span class='ocrx_word' id='word_1_564' title='bbox 1360 4077 1491 4132; x_wconf 76' lang='grc' dir='ltr'>ἴσων</span> <span class='ocrx_word' id='word_1_565' title='bbox 1530 4080 1805 4143; x_wconf 82' lang='grc' dir='ltr'>ἀξιωθῶσι</span> 
     </span>
    </p>
   </div>
   <div class='ocr_carea' id='block_1_74' title="bbox 232 4172 540 4239">
    <p class='ocr_par' dir='ltr' id='par_1_74' title="bbox 232 4172 540 4239">
     <span class='ocr_line' id='line_1_74' title="bbox 232 4172 540 4239; baseline 0 -16"><span class='ocrx_word' id='word_1_566' title='bbox 232 4172 540 4239; x_wconf 77' lang='grc' dir='ltr'>στεφάνων.</span> 
     </span>
    </p>
   </div>
   <div class='ocr_carea' id='block_1_75' title="bbox 301 4261 1803 4337">
    <p class='ocr_par' dir='ltr' id='par_1_75' title="bbox 301 4261 1803 4337">
     <span class='ocr_line' id='line_1_75' title="bbox 301 4261 1803 4337; baseline 0.002 -21"><span class='ocrx_word' id='word_1_567' title='bbox 301 4261 381 4318; x_wconf 85' lang='grc' dir='ltr'><strong>Θ’.</strong></span> <span class='ocrx_word' id='word_1_568' title='bbox 455 4263 516 4317; x_wconf 86' lang='grc' dir='ltr'><em>Ἢ</em></span> <span class='ocrx_word' id='word_1_569' title='bbox 566 4263 624 4317; x_wconf 80' lang='grc' dir='ltr'>δὲ</span> <span class='ocrx_word' id='word_1_570' title='bbox 676 4264 900 4333; x_wconf 85' lang='grc' dir='ltr'>γενναία</span> <span class='ocrx_word' id='word_1_571' title='bbox 958 4264 1142 4337; x_wconf 87' lang='grc' dir='ltr'>μήτηρ</span> <span class='ocrx_word' id='word_1_572' title='bbox 1198 4264 1351 4319; x_wconf 74' lang='grc' dir='ltr'>οὐδὲν</span> <span class='ocrx_word' id='word_1_573' title='bbox 1410 4265 1630 4334; x_wconf 71' lang='grc' dir='ltr'>ἀγεννὲς</span> <span class='ocrx_word' id='word_1_574' title='bbox 1683 4264 1803 4319; x_wconf 72' lang='grc' dir='ltr'>οὐδὲ</span> 
     </span>
    </p>
   </div>
   <div class='ocr_carea' id='block_1_76' title="bbox 234 4355 1805 4429">
    <p class='ocr_par' dir='ltr' id='par_1_76' title="bbox 234 4355 1805 4429">
     <span class='ocr_line' id='line_1_76' title="bbox 234 4355 1805 4429; baseline -0.002 -18"><span class='ocrx_word' id='word_1_575' title='bbox 234 4357 578 4428; x_wconf 64' lang='grc' dir='ltr'>μικρόψυχόν</span> <span class='ocrx_word' id='word_1_576' title='bbox 604 4375 656 4410; x_wconf 83' lang='grc' dir='ltr'><strong>τι</strong></span> <span class='ocrx_word' id='word_1_577' title='bbox 679 4358 775 4410; x_wconf 77' lang='grc' dir='ltr'>καὶ</span> <span class='ocrx_word' id='word_1_578' title='bbox 798 4361 1109 4425; x_wconf 86' lang='grc' dir='ltr'>γυναικεῖον</span> <span class='ocrx_word' id='word_1_579' title='bbox 1138 4359 1443 4428; x_wconf 84' lang='grc' dir='ltr'>πάσχουσα,</span> <span class='ocrx_word' id='word_1_580' title='bbox 1476 4356 1589 4411; x_wconf 86' lang='grc' dir='ltr'>ἀλλ’</span> <span class='ocrx_word' id='word_1_581' title='bbox 1614 4355 1805 4429; x_wconf 82' lang='grc' dir='ltr'>ὥσπερ</span> 
     </span>
    </p>
   </div>
   <div class='ocr_carea' id='block_1_77' title="bbox 223 4443 1805 4520">
    <p class='ocr_par' dir='ltr' id='par_1_77' title="bbox 223 4443 1805 4520">
     <span class='ocr_line' id='line_1_77' title="bbox 223 4443 1805 4520; baseline -0.003 -15"><span class='ocrx_word' id='word_1_582' title='bbox 223 4450 528 4519; x_wconf 75' lang='grc' dir='ltr'>αἰδουμένη</span> <span class='ocrx_word' id='word_1_583' title='bbox 563 4448 820 4499; x_wconf 79' lang='grc' dir='ltr'>ταπεινὸν</span> <span class='ocrx_word' id='word_1_584' title='bbox 854 4450 949 4500; x_wconf 75' lang='grc' dir='ltr'>καὶ</span> <span class='ocrx_word' id='word_1_585' title='bbox 982 4446 1200 4512; x_wconf 80' lang='grc' dir='ltr'>ἀνάξιον</span> <span class='ocrx_word' id='word_1_586' title='bbox 1230 4448 1501 4518; x_wconf 83' lang='grc' dir='ltr'>θυγατρὸς</span> <span class='ocrx_word' id='word_1_587' title='bbox 1544 4443 1805 4520; x_wconf 84' lang='grc' dir='ltr'>τοιαύτης</span> 
     </span>
    </p>
   </div>
   <div class='ocr_carea' id='block_1_78' title="bbox 227 4538 1805 4615">
    <p class='ocr_par' dir='ltr' id='par_1_78' title="bbox 227 4538 1805 4615">
     <span class='ocr_line' id='line_1_78' title="bbox 227 4538 1805 4615; baseline -0.004 -14"><span class='ocrx_word' id='word_1_588' title='bbox 227 4547 327 4601; x_wconf 76' lang='grc' dir='ltr'>καὶ</span> <span class='ocrx_word' id='word_1_589' title='bbox 356 4542 550 4596; x_wconf 84' lang='grc' dir='ltr'>παθεῖν</span> <span class='ocrx_word' id='word_1_590' title='bbox 591 4546 683 4596; x_wconf 71' lang='grc' dir='ltr'><strong>καὶ</strong></span> <span class='ocrx_word' id='word_1_591' title='bbox 729 4544 924 4610; x_wconf 78' lang='grc' dir='ltr'>εἰπεῖν,</span> <span class='ocrx_word' id='word_1_592' title='bbox 966 4542 1099 4607; x_wconf 81' lang='grc' dir='ltr'>ὅλως</span> <span class='ocrx_word' id='word_1_593' title='bbox 1132 4538 1199 4615; x_wconf 79' lang='grc' dir='ltr'>ἦν</span> <span class='ocrx_word' id='word_1_594' title='bbox 1229 4542 1431 4614; x_wconf 76' lang='grc' dir='ltr'>ὑψηλὴ,</span> <span class='ocrx_word' id='word_1_595' title='bbox 1460 4542 1595 4607; x_wconf 84' lang='grc' dir='ltr'>ὅλως</span> <span class='ocrx_word' id='word_1_596' title='bbox 1630 4561 1805 4614; x_wconf 84' lang='grc' dir='ltr'>μεγα-</span> 
     </span>
    </p>
   </div>
   <div class='ocr_carea' id='block_1_79' title="bbox 226 4633 1803 4708">
    <p class='ocr_par' dir='ltr' id='par_1_79' title="bbox 226 4633 1803 4708">
     <span class='ocr_line' id='line_1_79' title="bbox 226 4633 1803 4708; baseline -0.002 -18"><span class='ocrx_word' id='word_1_597' title='bbox 226 4637 471 4708; x_wconf 78' lang='grc' dir='ltr'>λόφρων,</span> <span class='ocrx_word' id='word_1_598' title='bbox 502 4634 661 4687; x_wconf 87' lang='grc' dir='ltr'>τοῦτο</span> <span class='ocrx_word' id='word_1_599' title='bbox 686 4635 1002 4705; x_wconf 81' lang='grc' dir='ltr'>λυπουμένη</span> <span class='ocrx_word' id='word_1_600' title='bbox 1033 4635 1211 4706; x_wconf 76' lang='grc' dir='ltr'>μόνον,</span> <span class='ocrx_word' id='word_1_601' title='bbox 1248 4633 1323 4706; x_wconf 75' lang='grc' dir='ltr'>μὴ</span> <span class='ocrx_word' id='word_1_602' title='bbox 1360 4634 1457 4696; x_wconf 65' lang='grc' dir='ltr'>τὰς</span> <span class='ocrx_word' id='word_1_603' title='bbox 1498 4633 1665 4697; x_wconf 87' lang='grc' dir='ltr'>ἀλλας</span> <span class='ocrx_word' id='word_1_604' title='bbox 1706 4635 1803 4687; x_wconf 82' lang='grc' dir='ltr'>ίδοι</span> 
     </span>
    </p>
   </div>
   <div class='ocr_carea' id='block_1_80' title="bbox 232 4721 1804 4798">
    <p class='ocr_par' dir='ltr' id='par_1_80' title="bbox 232 4721 1804 4798">
     <span class='ocr_line' id='line_1_80' title="bbox 232 4721 1804 4798; baseline -0.007 -17"><span class='ocrx_word' id='word_1_605' title='bbox 232 4728 436 4798; x_wconf 85' lang='grc' dir='ltr'>μικρόν</span> <span class='ocrx_word' id='word_1_606' title='bbox 463 4741 516 4778; x_wconf 90' lang='grc' dir='ltr'><strong>τι</strong></span> <span class='ocrx_word' id='word_1_607' title='bbox 548 4721 643 4779; x_wconf 83' lang='grc' dir='ltr'><strong>τοῦ</strong></span> <span class='ocrx_word' id='word_1_608' title='bbox 685 4723 1126 4793; x_wconf 85' lang='grc' dir='ltr'>παραδείγματος</span> <span class='ocrx_word' id='word_1_609' title='bbox 1171 4723 1271 4794; x_wconf 84' lang='grc' dir='ltr'><strong>τῆς</strong></span> <span class='ocrx_word' id='word_1_610' title='bbox 1323 4722 1545 4794; x_wconf 87' lang='grc' dir='ltr'>πρώτης</span> <span class='ocrx_word' id='word_1_611' title='bbox 1581 4725 1804 4778; x_wconf 85' lang='grc' dir='ltr'>ἀπολει-</span> 
     </span>
    </p>
   </div>
   <div class='ocr_carea' id='block_1_81' title="bbox 231 4814 1801 4889">
    <p class='ocr_par' dir='ltr' id='par_1_81' title="bbox 231 4814 1801 4889">
     <span class='ocr_line' id='line_1_81' title="bbox 231 4814 1801 4889; baseline -0.002 -17"><span class='ocrx_word' id='word_1_612' title='bbox 231 4820 484 4888; x_wconf 85' lang='grc' dir='ltr'>φθείσας,</span> <span class='ocrx_word' id='word_1_613' title='bbox 519 4819 614 4871; x_wconf 64' lang='grc' dir='ltr'><strong>καὶ</strong></span> <span class='ocrx_word' id='word_1_614' title='bbox 648 4814 973 4888; x_wconf 77' lang='grc' dir='ltr'>κινδυνεύσῃ</span> <span class='ocrx_word' id='word_1_615' title='bbox 1007 4818 1132 4885; x_wconf 72' lang='grc' dir='ltr'>μιᾶς</span> <span class='ocrx_word' id='word_1_616' title='bbox 1161 4816 1393 4887; x_wconf 79' lang='grc' dir='ltr'>ὀφθῆναι</span> <span class='ocrx_word' id='word_1_617' title='bbox 1424 4816 1590 4889; x_wconf 87' lang='grc' dir='ltr'>μόνης</span> <span class='ocrx_word' id='word_1_618' title='bbox 1619 4817 1715 4871; x_wconf 62' lang='grc' dir='ltr'><strong>καλ⁸</strong></span> <span class='ocrx_word' id='word_1_619' title='bbox 1741 4817 1801 4870; x_wconf 87' lang='grc' dir='ltr'><strong>ού</strong></span> 
     </span>
    </p>
   </div>
   <div class='ocr_carea' id='block_1_82' title="bbox 226 4906 1804 4982">
    <p class='ocr_par' dir='ltr' id='par_1_82' title="bbox 226 4906 1804 4982">
     <span class='ocr_line' id='line_1_82' title="bbox 226 4906 1804 4982; baseline -0.001 -18"><span class='ocrx_word' id='word_1_620' title='bbox 226 4912 399 4981; x_wconf 82' lang='grc' dir='ltr'>τριῶν</span> <span class='ocrx_word' id='word_1_621' title='bbox 432 4911 691 4964; x_wconf 87' lang='grc' dir='ltr'>τοιούτων</span> <span class='ocrx_word' id='word_1_622' title='bbox 748 4906 888 4964; x_wconf 69' lang='grc' dir='ltr'>εἶναι</span> <span class='ocrx_word' id='word_1_623' title='bbox 932 4910 1114 4981; x_wconf 88' lang='grc' dir='ltr'>μήτηρ</span> <span class='ocrx_word' id='word_1_624' title='bbox 1139 4909 1359 4982; x_wconf 85' lang='grc' dir='ltr'>γνησία.</span> <span class='ocrx_word' id='word_1_625' title='bbox 1388 4909 1478 4963; x_wconf 86' lang='grc' dir='ltr'>Διδ</span> <span class='ocrx_word' id='word_1_626' title='bbox 1513 4911 1605 4963; x_wconf 77' lang='grc' dir='ltr'>καὶ</span> <span class='ocrx_word' id='word_1_627' title='bbox 1633 4910 1804 4977; x_wconf 77' lang='grc' dir='ltr'>ἀξίοις</span> 
     </span>
    </p>
   </div>
   <div class='ocr_carea' id='block_1_83' title="bbox 228 5002 1802 5074">
    <p class='ocr_par' dir='ltr' id='par_1_83' title="bbox 228 5002 1802 5074">
     <span class='ocr_line' id='line_1_83' title="bbox 228 5002 1802 5074; baseline -0.001 -17"><span class='ocrx_word' id='word_1_628' title='bbox 228 5006 335 5074; x_wconf 80' lang='grc' dir='ltr'>τὴν</span> <span class='ocrx_word' id='word_1_629' title='bbox 383 5003 552 5057; x_wconf 88' lang='grc' dir='ltr'>παῖδα</span> <span class='ocrx_word' id='word_1_630' title='bbox 597 5003 925 5072; x_wconf 80' lang='grc' dir='ltr'>προέπεμπε</span> <span class='ocrx_word' id='word_1_631' title='bbox 978 5003 1187 5071; x_wconf 85' lang='grc' dir='ltr'>λόγοις·</span> <span class='ocrx_word' id='word_1_632' title='bbox 1257 5002 1401 5071; x_wconf 87' lang='grc' dir='ltr'>Ἐγὼ</span> <span class='ocrx_word' id='word_1_633' title='bbox 1444 5004 1542 5071; x_wconf 86' lang='grc' dir='ltr'><strong>μέν</strong></span> <span class='ocrx_word' id='word_1_634' title='bbox 1583 5020 1667 5064; x_wconf 84' lang='grc' dir='ltr'><strong>σε,</strong></span> <span class='ocrx_word' id='word_1_635' title='bbox 1707 5003 1802 5055; x_wconf 82' lang='grc' dir='ltr'>θύ-</span> 
     </span>
    </p>
   </div>
   <div class='ocr_carea' id='block_1_84' title="bbox 231 5092 1805 5165">
    <p class='ocr_par' dir='ltr' id='par_1_84' title="bbox 231 5092 1805 5165">
     <span class='ocr_line' id='line_1_84' title="bbox 231 5092 1805 5165; baseline 0 -18"><span class='ocrx_word' id='word_1_636' title='bbox 231 5110 430 5165; x_wconf 85' lang='grc' dir='ltr'>γατερ,</span> <span class='ocrx_word' id='word_1_637' title='bbox 457 5093 747 5165; x_wconf 68' lang='grc' dir='ltr'>ἐγέννησα,</span> <span class='ocrx_word' id='word_1_638' title='bbox 768 5094 1024 5163; x_wconf 83' lang='grc' dir='ltr'>λέγουσα,</span> <span class='ocrx_word' id='word_1_639' title='bbox 1057 5093 1152 5147; x_wconf 72' lang='grc' dir='ltr'>καὶ</span> <span class='ocrx_word' id='word_1_640' title='bbox 1183 5093 1377 5155; x_wconf 82' lang='grc' dir='ltr'>πόνους</span> <span class='ocrx_word' id='word_1_641' title='bbox 1406 5092 1610 5148; x_wconf 84' lang='grc' dir='ltr'>ὠδίνων</span> <span class='ocrx_word' id='word_1_642' title='bbox 1642 5096 1805 5165; x_wconf 73' lang='grc' dir='ltr'>ἐκαρ-</span> 
     </span>
    </p>
   </div>
   <div class='ocr_carea' id='block_1_85' title="bbox 229 5184 1804 5257">
    <p class='ocr_par' dir='ltr' id='par_1_85' title="bbox 229 5184 1804 5257">
     <span class='ocr_line' id='line_1_85' title="bbox 229 5184 1804 5257; baseline 0 -17"><span class='ocrx_word' id='word_1_643' title='bbox 229 5188 445 5257; x_wconf 63' lang='grc' dir='ltr'>τέρησσι</span> <span class='ocrx_word' id='word_1_644' title='bbox 474 5189 565 5241; x_wconf 70' lang='grc' dir='ltr'>ἐπὶ</span> <span class='ocrx_word' id='word_1_645' title='bbox 600 5189 703 5247; x_wconf 84' lang='grc' dir='ltr'><strong>σοί,</strong></span> <span class='ocrx_word' id='word_1_646' title='bbox 748 5187 841 5239; x_wconf 79' lang='grc' dir='ltr'><strong>καὶ</strong></span> <span class='ocrx_word' id='word_1_647' title='bbox 875 5188 954 5250; x_wconf 85' lang='grc' dir='ltr'><strong>είς</strong></span> <span class='ocrx_word' id='word_1_648' title='bbox 981 5185 1139 5239; x_wconf 83' lang='grc' dir='ltr'>τοῦτό</span> <span class='ocrx_word' id='word_1_649' title='bbox 1180 5200 1241 5238; x_wconf 77' lang='grc' dir='ltr'><strong>σε</strong></span> <span class='ocrx_word' id='word_1_650' title='bbox 1274 5184 1489 5257; x_wconf 84' lang='grc' dir='ltr'>ήλικίας</span> <span class='ocrx_word' id='word_1_651' title='bbox 1524 5186 1804 5255; x_wconf 81' lang='grc' dir='ltr'>τρέφουσα</span> 
     </span>
    </p>
   </div>
   <div class='ocr_carea' id='block_1_86' title="bbox 227 5272 1804 5348">
    <p class='ocr_par' dir='ltr' id='par_1_86' title="bbox 227 5272 1804 5348">
     <span class='ocr_line' id='line_1_86' title="bbox 227 5272 1804 5348; baseline 0 -18"><span class='ocrx_word' id='word_1_652' title='bbox 227 5272 443 5347; x_wconf 56' lang='grc' dir='ltr'>ἤγαγον</span> <span class='ocrx_word' id='word_1_653' title='bbox 466 5296 479 5309; x_wconf 87' lang='grc'><strong>·</strong></span> <span class='ocrx_word' id='word_1_654' title='bbox 518 5277 658 5348; x_wconf 77' lang='grc' dir='ltr'>πλὴν</span> <span class='ocrx_word' id='word_1_655' title='bbox 696 5277 830 5331; x_wconf 83' lang='grc' dir='ltr'><strong>ἀλλά</strong></span> <span class='ocrx_word' id='word_1_656' title='bbox 856 5276 1050 5346; x_wconf 82' lang='grc' dir='ltr'>ἀπέχω</span> <span class='ocrx_word' id='word_1_657' title='bbox 1088 5276 1155 5329; x_wconf 88' lang='grc' dir='ltr'><strong>τά</strong></span> <span class='ocrx_word' id='word_1_658' title='bbox 1182 5278 1416 5346; x_wconf 82' lang='grc' dir='ltr'>τροφαῖα</span> <span class='ocrx_word' id='word_1_659' title='bbox 1445 5276 1562 5340; x_wconf 85' lang='grc' dir='ltr'>νῦν,</span> <span class='ocrx_word' id='word_1_660' title='bbox 1611 5276 1804 5346; x_wconf 86' lang='grc' dir='ltr'>ἀπέχω</span> 
     </span>
    </p>
   </div>
   <div class='ocr_carea' id='block_1_87' title="bbox 233 5369 1804 5439">
    <p class='ocr_par' dir='ltr' id='par_1_87' title="bbox 233 5369 1804 5439">
     <span class='ocr_line' id='line_1_87' title="bbox 233 5369 1804 5439; baseline 0.001 -18"><span class='ocrx_word' id='word_1_661' title='bbox 233 5370 348 5422; x_wconf 76' lang='grc' dir='ltr'>τῶν</span> <span class='ocrx_word' id='word_1_662' title='bbox 393 5371 571 5425; x_wconf 86' lang='grc' dir='ltr'>πόνων</span> <span class='ocrx_word' id='word_1_663' title='bbox 624 5370 724 5433; x_wconf 85' lang='grc' dir='ltr'>τὰς</span> <span class='ocrx_word' id='word_1_664' title='bbox 773 5369 1070 5431; x_wconf 86' lang='grc' dir='ltr'>ἀντιδόσεις</span> <span class='ocrx_word' id='word_1_665' title='bbox 1120 5370 1299 5439; x_wconf 87' lang='grc' dir='ltr'>πολλῷ</span> <span class='ocrx_word' id='word_1_666' title='bbox 1353 5370 1426 5439; x_wconf 86' lang='grc' dir='ltr'>τῷ</span> <span class='ocrx_word' id='word_1_667' title='bbox 1478 5369 1706 5439; x_wconf 80' lang='grc' dir='ltr'>μείζονι.</span> <span class='ocrx_word' id='word_1_668' title='bbox 1741 5370 1804 5423; x_wconf 72' lang='lat' dir='ltr'><strong>Ei</strong></span> 
     </span>
    </p>
   </div>
   <div class='ocr_carea' id='block_1_88' title="bbox 233 5458 1803 5532">
    <p class='ocr_par' dir='ltr' id='par_1_88' title="bbox 233 5458 1803 5532">
     <span class='ocr_line' id='line_1_88' title="bbox 233 5458 1803 5532; baseline 0.002 -21"><span class='ocrx_word' id='word_1_669' title='bbox 233 5463 346 5531; x_wconf 79' lang='grc' dir='ltr'>γὰρ</span> <span class='ocrx_word' id='word_1_670' title='bbox 376 5461 470 5513; x_wconf 65' lang='grc' dir='ltr'>καὶ.</span> <span class='ocrx_word' id='word_1_671' title='bbox 495 5459 686 5532; x_wconf 77' lang='grc' dir='ltr'>μηδεὶς</span> <span class='ocrx_word' id='word_1_672' title='bbox 711 5458 937 5513; x_wconf 88' lang='grc' dir='ltr'>δύναται</span> <span class='ocrx_word' id='word_1_673' title='bbox 962 5460 1215 5527; x_wconf 78' lang='grc' dir='ltr'>γονεῦσιν</span> <span class='ocrx_word' id='word_1_674' title='bbox 1239 5458 1547 5511; x_wconf 83' lang='grc' dir='ltr'>ἀντιδοῦναι</span> <span class='ocrx_word' id='word_1_675' title='bbox 1575 5460 1803 5529; x_wconf 82' lang='grc' dir='ltr'>χάριτας</span> 
     </span>
    </p>
   </div>
   <div class='ocr_carea' id='block_1_89' title="bbox 228 5544 1801 5621">
    <p class='ocr_par' dir='ltr' id='par_1_89' title="bbox 228 5544 1801 5621">
     <span class='ocr_line' id='line_1_89' title="bbox 228 5544 1801 5621; baseline 0 -17"><span class='ocrx_word' id='word_1_676' title='bbox 228 5554 361 5614; x_wconf 78' lang='grc' dir='ltr'>ἴσας</span> <span class='ocrx_word' id='word_1_677' title='bbox 406 5548 555 5618; x_wconf 82' lang='grc' dir='ltr'>(πῶς</span> <span class='ocrx_word' id='word_1_678' title='bbox 586 5552 695 5619; x_wconf 83' lang='grc' dir='ltr'>γὰρ</span> <span class='ocrx_word' id='word_1_679' title='bbox 748 5552 880 5621; x_wconf 86' lang='grc' dir='ltr'>παρ’</span> <span class='ocrx_word' id='word_1_680' title='bbox 920 5544 997 5606; x_wconf 79' lang='grc' dir='ltr'>ὧν</span> <span class='ocrx_word' id='word_1_681' title='bbox 1044 5551 1178 5605; x_wconf 80' lang='grc' dir='ltr'>αὐτὸ</span> <span class='ocrx_word' id='word_1_682' title='bbox 1225 5551 1285 5603; x_wconf 84' lang='grc' dir='ltr'><strong>τὸ</strong></span> <span class='ocrx_word' id='word_1_683' title='bbox 1328 5548 1468 5604; x_wconf 80' lang='grc' dir='ltr'>εἶναι</span> <span class='ocrx_word' id='word_1_684' title='bbox 1518 5550 1801 5621; x_wconf 73' lang='grc' dir='ltr'>εἴληφενς)</span> 
     </span>
    </p>
   </div>
   <div class='ocr_carea' id='block_1_90' title="bbox 232 5644 1797 5719">
    <p class='ocr_par' dir='ltr' id='par_1_90' title="bbox 232 5644 1797 5719">
     <span class='ocr_line' id='line_1_90' title="bbox 232 5644 1797 5719; baseline 0.001 -21"><span class='ocrx_word' id='word_1_685' title='bbox 232 5645 372 5699; x_wconf 70' lang='grc' dir='ltr'>ἀλλὰ</span> <span class='ocrx_word' id='word_1_686' title='bbox 424 5644 490 5696; x_wconf 87' lang='grc' dir='ltr'><strong>σύ</strong></span> <span class='ocrx_word' id='word_1_687' title='bbox 547 5662 638 5713; x_wconf 88' lang='grc' dir='ltr'><strong>μοι</strong></span> <span class='ocrx_word' id='word_1_688' title='bbox 693 5644 870 5699; x_wconf 82' lang='grc' dir='ltr'>πάντα</span> <span class='ocrx_word' id='word_1_689' title='bbox 925 5647 1364 5719; x_wconf 82' lang='grc' dir='ltr'>μεγαλοπρεπῶς</span> <span class='ocrx_word' id='word_1_690' title='bbox 1414 5647 1797 5712; x_wconf 80' lang='grc' dir='ltr'>ἀποδέδωκας,</span> 
     </span>
    </p>
   </div>
   <div class='ocr_carea' id='block_1_91' title="bbox 232 5736 1796 5809">
    <p class='ocr_par' dir='ltr' id='par_1_91' title="bbox 232 5736 1796 5809">
     <span class='ocr_line' id='line_1_91' title="bbox 232 5736 1796 5809; baseline 0.001 -21"><span class='ocrx_word' id='word_1_691' title='bbox 232 5737 492 5807; x_wconf 73' lang='grc' dir='ltr'>τοιαύτης</span> <span class='ocrx_word' id='word_1_692' title='bbox 510 5736 609 5805; x_wconf 80' lang='grc' dir='ltr'><strong>ἐμὲ</strong></span> <span class='ocrx_word' id='word_1_693' title='bbox 642 5738 1158 5809; x_wconf 81' lang='grc' dir='ltr'>θυγατρὸς.μητέρα</span> <span class='ocrx_word' id='word_1_694' title='bbox 1181 5738 1426 5803; x_wconf 81' lang='grc' dir='ltr'>δείξασα,</span> <span class='ocrx_word' id='word_1_695' title='bbox 1458 5736 1630 5801; x_wconf 74' lang='grc' dir='ltr'>οὕτως</span> <span class='ocrx_word' id='word_1_696' title='bbox 1657 5738 1796 5806; x_wconf 82' lang='grc' dir='ltr'>ὑπὲρ</span> 
     </span>
    </p>
   </div>
   <div class='ocr_carea' id='block_1_92' title="bbox 234 5826 1796 5904">
    <p class='ocr_par' dir='ltr' id='par_1_92' title="bbox 234 5826 1796 5904">
     <span class='ocr_line' id='line_1_92' title="bbox 234 5826 1796 5904; baseline 0 -24"><span class='ocrx_word' id='word_1_697' title='bbox 234 5826 475 5889; x_wconf 61' lang='grc' dir='ltr'>Χριστοῦ</span> <span class='ocrx_word' id='word_1_698' title='bbox 536 5828 933 5898; x_wconf 62' lang='grc' dir='ltr'>μεγαλοψύχως</span> <span class='ocrx_word' id='word_1_699' title='bbox 979 5831 1277 5904; x_wconf 71' lang='grc' dir='ltr'>ἀθλήσασα.</span> <span class='ocrx_word' id='word_1_700' title='bbox 1334 5828 1475 5899; x_wconf 69' lang='grc' dir='ltr'>Πρδς</span> <span class='ocrx_word' id='word_1_701' title='bbox 1513 5830 1568 5881; x_wconf 81' lang='grc' dir='ltr'>ὃν</span> <span class='ocrx_word' id='word_1_702' title='bbox 1620 5830 1796 5894; x_wconf 75' lang='grc' dir='ltr'>ἄπιθι,</span> 
     </span>
    </p>
   </div>
   <div class='ocr_carea' id='block_1_93' title="bbox 1907 3253 3483 3327">
    <p class='ocr_par' dir='ltr' id='par_1_93' title="bbox 1907 3253 3483 3327">
     <span class='ocr_line' id='line_1_93' title="bbox 1907 3253 3483 3327; baseline -0.004 -14"><span class='ocrx_word' id='word_1_703' title='bbox 1907 3269 2051 3313; x_wconf 88' lang='lat' dir='ltr'><strong>stere</strong></span> <span class='ocrx_word' id='word_1_704' title='bbox 2085 3259 2448 3322; x_wconf 80' lang='lat' dir='ltr'><strong>confessione,</strong></span> <span class='ocrx_word' id='word_1_705' title='bbox 2501 3272 2569 3312; x_wconf 90' lang='lat' dir='ltr'><strong>ne</strong></span> <span class='ocrx_word' id='word_1_706' title='bbox 2621 3256 2831 3327; x_wconf 82' lang='lat' dir='ltr'><strong>ignavia</strong></span> <span class='ocrx_word' id='word_1_707' title='bbox 2869 3254 3118 3310; x_wconf 66' lang='lat' dir='ltr'><strong>adducta</strong></span> <span class='ocrx_word' id='word_1_708' title='bbox 3149 3253 3483 3308; x_wconf 87' lang='lat' dir='ltr'><strong>dubitemus.</strong></span> 
     </span>
    </p>
   </div>
   <div class='ocr_carea' id='block_1_94' title="bbox 1912 3343 3483 3425">
    <p class='ocr_par' dir='ltr' id='par_1_94' title="bbox 1912 3343 3483 3425">
     <span class='ocr_line' id='line_1_94' title="bbox 1912 3343 3483 3425; baseline -0.004 -21"><span class='ocrx_word' id='word_1_709' title='bbox 1912 3351 2026 3405; x_wconf 86' lang='lat' dir='ltr'><strong>Una</strong></span> <span class='ocrx_word' id='word_1_710' title='bbox 2064 3360 2236 3403; x_wconf 86' lang='lat' dir='ltr'><strong>mater</strong></span> <span class='ocrx_word' id='word_1_711' title='bbox 2280 3365 2378 3403; x_wconf 90' lang='lat' dir='ltr'><strong>nos</strong></span> <span class='ocrx_word' id='word_1_712' title='bbox 2415 3350 2620 3418; x_wconf 77' lang='lat' dir='ltr'><strong>genuit,</strong></span> <span class='ocrx_word' id='word_1_713' title='bbox 2665 3347 2856 3425; x_wconf 81' lang='lat' dir='ltr'><strong>eadem</strong></span> <span class='ocrx_word' id='word_1_714' title='bbox 2892 3354 3003 3399; x_wconf 81' lang='lat' dir='ltr'><strong>tres</strong></span> <span class='ocrx_word' id='word_1_715' title='bbox 3044 3344 3196 3407; x_wconf 88' lang='lat' dir='ltr'><strong>aluit,</strong></span> <span class='ocrx_word' id='word_1_716' title='bbox 3247 3343 3316 3397; x_wconf 88' lang='lat' dir='ltr'><strong>ab</strong></span> <span class='ocrx_word' id='word_1_717' title='bbox 3377 3358 3483 3397; x_wconf 88' lang='lat' dir='ltr'><strong>una</strong></span> 
     </span>
    </p>
   </div>
   <div class='ocr_carea' id='block_1_95' title="bbox 1910 3435 3482 3509">
    <p class='ocr_par' dir='ltr' id='par_1_95' title="bbox 1910 3435 3482 3509">
     <span class='ocr_line' id='line_1_95' title="bbox 1910 3435 3482 3509; baseline -0.007 -10"><span class='ocrx_word' id='word_1_718' title='bbox 1910 3459 2098 3499; x_wconf 88' lang='lat' dir='ltr'><strong>sumus</strong></span> <span class='ocrx_word' id='word_1_719' title='bbox 2171 3440 2415 3497; x_wconf 69' lang='lat' dir='ltr'><strong>educata:</strong></span> <span class='ocrx_word' id='word_1_720' title='bbox 2487 3449 2595 3494; x_wconf 89' lang='lat' dir='ltr'><strong>tam</strong></span> <span class='ocrx_word' id='word_1_721' title='bbox 2668 3438 2935 3509; x_wconf 80' lang='lat' dir='ltr'><strong>corporali</strong></span> <span class='ocrx_word' id='word_1_722' title='bbox 2998 3435 3257 3491; x_wconf 86' lang='lat' dir='ltr'><strong>alimento</strong></span> <span class='ocrx_word' id='word_1_723' title='bbox 3318 3451 3482 3507; x_wconf 87' lang='lat' dir='ltr'><strong>quam</strong></span> 
     </span>
    </p>
   </div>
   <div class='ocr_carea' id='block_1_96' title="bbox 1909 3528 3486 3607">
    <p class='ocr_par' dir='ltr' id='par_1_96' title="bbox 1909 3528 3486 3607">
     <span class='ocr_line' id='line_1_96' title="bbox 1909 3528 3486 3607; baseline -0.008 -14"><span class='ocrx_word' id='word_1_724' title='bbox 1909 3538 2173 3607; x_wconf 86' lang='lat' dir='ltr'><strong>spiritali;</strong></span> <span class='ocrx_word' id='word_1_725' title='bbox 2209 3537 2278 3592; x_wconf 89' lang='lat' dir='ltr'><strong>sit</strong></span> <span class='ocrx_word' id='word_1_726' title='bbox 2308 3551 2448 3590; x_wconf 86' lang='lat' dir='ltr'><strong>unus</strong></span> <span class='ocrx_word' id='word_1_727' title='bbox 2479 3533 2603 3589; x_wconf 84' lang='lat' dir='ltr'><strong>linis</strong></span> <span class='ocrx_word' id='word_1_728' title='bbox 2628 3531 2790 3587; x_wconf 90' lang='lat' dir='ltr'><strong>etiam</strong></span> <span class='ocrx_word' id='word_1_729' title='bbox 2821 3531 3017 3591; x_wconf 88' lang='lat' dir='ltr'><strong>tribus,</strong></span> <span class='ocrx_word' id='word_1_730' title='bbox 3051 3529 3334 3583; x_wconf 88' lang='lat' dir='ltr'><strong>sororibus</strong></span> <span class='ocrx_word' id='word_1_731' title='bbox 3375 3528 3486 3583; x_wconf 89' lang='lat' dir='ltr'><strong>sint</strong></span> 
     </span>
    </p>
   </div>
   <div class='ocr_carea' id='block_1_97' title="bbox 1908 3619 3479 3697">
    <p class='ocr_par' dir='ltr' id='par_1_97' title="bbox 1908 3619 3479 3697">
     <span class='ocr_line' id='line_1_97' title="bbox 1908 3619 3479 3697; baseline -0.006 -15"><span class='ocrx_word' id='word_1_732' title='bbox 1908 3628 2129 3682; x_wconf 79' lang='lat' dir='ltr'><strong>sororiae</strong></span> <span class='ocrx_word' id='word_1_733' title='bbox 2174 3637 2229 3681; x_wconf 90' lang='lat' dir='ltr'><strong>et</strong></span> <span class='ocrx_word' id='word_1_734' title='bbox 2257 3640 2526 3697; x_wconf 79' lang='lat' dir='ltr'><strong>germana:</strong></span> <span class='ocrx_word' id='word_1_735' title='bbox 2576 3626 2906 3677; x_wconf 81' lang='lat' dir='ltr'><strong>voluntates.</strong></span> <span class='ocrx_word' id='word_1_736' title='bbox 2940 3619 3022 3675; x_wconf 89' lang='lat' dir='ltr'><strong>Sit</strong></span> <span class='ocrx_word' id='word_1_737' title='bbox 3065 3620 3242 3691; x_wconf 90' lang='lat' dir='ltr'><strong>prima</strong></span> <span class='ocrx_word' id='word_1_738' title='bbox 3290 3620 3479 3673; x_wconf 87' lang='lat' dir='ltr'><strong>dome-</strong></span> 
     </span>
    </p>
   </div>
   <div class='ocr_carea' id='block_1_98' title="bbox 1910 3714 3474 3788">
    <p class='ocr_par' dir='ltr' id='par_1_98' title="bbox 1910 3714 3474 3788">
     <span class='ocr_line' id='line_1_98' title="bbox 1910 3714 3474 3788; baseline -0.003 -12"><span class='ocrx_word' id='word_1_739' title='bbox 1910 3721 2107 3776; x_wconf 79' lang='lat' dir='ltr'><strong>Sticum</strong></span> <span class='ocrx_word' id='word_1_740' title='bbox 2152 3717 2454 3788; x_wconf 75' lang='lat' dir='ltr'><strong>exemplar,</strong></span> <span class='ocrx_word' id='word_1_741' title='bbox 2486 3717 2551 3773; x_wconf 87' lang='lat' dir='ltr'><strong>iis</strong></span> <span class='ocrx_word' id='word_1_742' title='bbox 2595 3734 2714 3788; x_wconf 67' lang='lat' dir='ltr'><strong>quae</strong></span> <span class='ocrx_word' id='word_1_743' title='bbox 2742 3734 2862 3773; x_wconf 86' lang='lat' dir='ltr'><strong>eam</strong></span> <span class='ocrx_word' id='word_1_744' title='bbox 2910 3726 3335 3787; x_wconf 87' lang='lat' dir='ltr'><strong>consequentur.</strong></span> <span class='ocrx_word' id='word_1_745' title='bbox 3378 3714 3474 3771; x_wconf 83' lang='lat' dir='ltr'><strong>His</strong></span> 
     </span>
    </p>
   </div>
   <div class='ocr_carea' id='block_1_99' title="bbox 1908 3807 3469 3878">
    <p class='ocr_par' dir='ltr' id='par_1_99' title="bbox 1908 3807 3469 3878">
     <span class='ocr_line' id='line_1_99' title="bbox 1908 3807 3469 3878; baseline -0.004 -14"><span class='ocrx_word' id='word_1_746' title='bbox 1908 3814 2091 3868; x_wconf 81' lang='lat' dir='ltr'><strong>verbis</strong></span> <span class='ocrx_word' id='word_1_747' title='bbox 2147 3813 2479 3868; x_wconf 68' lang='lat' dir='ltr'><strong>conﬁrmata:</strong></span> <span class='ocrx_word' id='word_1_748' title='bbox 2535 3824 2774 3875; x_wconf 84' lang='lat' dir='ltr'><strong>sorores,</strong></span> <span class='ocrx_word' id='word_1_749' title='bbox 2822 3824 2946 3862; x_wconf 89' lang='lat' dir='ltr'><strong>cum</strong></span> <span class='ocrx_word' id='word_1_750' title='bbox 2985 3818 3277 3878; x_wconf 85' lang='lat' dir='ltr'><strong>martyrem</strong></span> <span class='ocrx_word' id='word_1_751' title='bbox 3332 3807 3469 3859; x_wconf 84' lang='lat' dir='ltr'><strong>allo-</strong></span> 
     </span>
    </p>
   </div>
   <div class='ocr_carea' id='block_1_100' title="bbox 1907 3900 3474 3970">
    <p class='ocr_par' dir='ltr' id='par_1_100' title="bbox 1907 3900 3474 3970">
     <span class='ocr_line' id='line_1_100' title="bbox 1907 3900 3474 3970; baseline -0.001 -17"><span class='ocrx_word' id='word_1_752' title='bbox 1907 3914 2154 3970; x_wconf 89' lang='lat' dir='ltr'><strong>quentes,</strong></span> <span class='ocrx_word' id='word_1_753' title='bbox 2192 3910 2501 3957; x_wconf 81' lang='lat' dir='ltr'><strong>extremum</strong></span> <span class='ocrx_word' id='word_1_754' title='bbox 2539 3902 2589 3956; x_wconf 91' lang='lat' dir='ltr'><strong>ei</strong></span> <span class='ocrx_word' id='word_1_755' title='bbox 2625 3900 2743 3955; x_wconf 83' lang='lat' dir='ltr'><strong>vale</strong></span> <span class='ocrx_word' id='word_1_756' title='bbox 2793 3900 3081 3964; x_wconf 81' lang='lat' dir='ltr'><strong>dixissent,</strong></span> <span class='ocrx_word' id='word_1_757' title='bbox 3122 3905 3380 3969; x_wconf 74' lang='lat' dir='ltr'><strong>rogarunt</strong></span> <span class='ocrx_word' id='word_1_758' title='bbox 3413 3908 3474 3951; x_wconf 89' lang='lat' dir='ltr'><strong>ut</strong></span> 
     </span>
    </p>
   </div>
   <div class='ocr_carea' id='block_1_101' title="bbox 1909 3990 3482 4066">
    <p class='ocr_par' dir='ltr' id='par_1_101' title="bbox 1909 3990 3482 4066">
     <span class='ocr_line' id='line_1_101' title="bbox 1909 3990 3482 4066; baseline -0.004 -17"><span class='ocrx_word' id='word_1_759' title='bbox 1909 4010 2008 4066; x_wconf 89' lang='lat' dir='ltr'><strong>pro</strong></span> <span class='ocrx_word' id='word_1_760' title='bbox 2047 4009 2105 4048; x_wconf 88' lang='lat' dir='ltr'><strong>se</strong></span> <span class='ocrx_word' id='word_1_761' title='bbox 2138 4007 2487 4047; x_wconf 86' lang='lat' dir='ltr'><strong>communem</strong></span> <span class='ocrx_word' id='word_1_762' title='bbox 2543 4000 2858 4061; x_wconf 87' lang='lat' dir='ltr'><strong>precaretur</strong></span> <span class='ocrx_word' id='word_1_763' title='bbox 2909 3990 3225 4053; x_wconf 88' lang='lat' dir='ltr'><strong>Dominum,</strong></span> <span class='ocrx_word' id='word_1_764' title='bbox 3274 3998 3333 4042; x_wconf 90' lang='lat' dir='ltr'><strong>ut</strong></span> <span class='ocrx_word' id='word_1_765' title='bbox 3362 3990 3482 4043; x_wconf 85' lang='lat' dir='ltr'><strong>sine</strong></span> 
     </span>
    </p>
   </div>
   <div class='ocr_carea' id='block_1_102' title="bbox 1909 4084 3486 4153">
    <p class='ocr_par' dir='ltr' id='par_1_102' title="bbox 1909 4084 3486 4153">
     <span class='ocr_line' id='line_1_102' title="bbox 1909 4084 3486 4153; baseline -0.007 -8"><span class='ocrx_word' id='word_1_766' title='bbox 1909 4088 2210 4145; x_wconf 70' lang='lat' dir='ltr'><strong>oﬂensione</strong></span> <span class='ocrx_word' id='word_1_767' title='bbox 2262 4100 2483 4140; x_wconf 89' lang='lat' dir='ltr'><strong>cursum</strong></span> <span class='ocrx_word' id='word_1_768' title='bbox 2526 4084 2575 4138; x_wconf 90' lang='lat' dir='ltr'><strong>ei</strong></span> <span class='ocrx_word' id='word_1_769' title='bbox 2615 4100 2798 4153; x_wconf 88' lang='lat' dir='ltr'><strong>parem</strong></span> <span class='ocrx_word' id='word_1_770' title='bbox 2841 4094 3185 4153; x_wconf 78' lang='lat' dir='ltr'><strong>peragerent,</strong></span> <span class='ocrx_word' id='word_1_771' title='bbox 3235 4090 3293 4134; x_wconf 93' lang='lat' dir='ltr'><strong>ut</strong></span> <span class='ocrx_word' id='word_1_772' title='bbox 3327 4096 3486 4151; x_wconf 89' lang='lat' dir='ltr'><strong>pares</strong></span> 
     </span>
    </p>
   </div>
   <div class='ocr_carea' id='block_1_103' title="bbox 1908 4174 3314 4250">
    <p class='ocr_par' dir='ltr' id='par_1_103' title="bbox 1908 4174 3314 4250">
     <span class='ocr_line' id='line_1_103' title="bbox 1908 4174 3314 4250; baseline -0.006 -18"><span class='ocrx_word' id='word_1_773' title='bbox 1908 4193 2124 4250; x_wconf 90' lang='lat' dir='ltr'><strong>quoque</strong></span> <span class='ocrx_word' id='word_1_774' title='bbox 2150 4185 2623 4249; x_wconf 82' lang='lat' dir='ltr'><strong>consequerentur</strong></span> <span class='ocrx_word' id='word_1_775' title='bbox 2654 4190 2908 4229; x_wconf 85' lang='lat' dir='ltr'><strong>coronas.</strong></span> <span class='ocrx_word' id='word_1_776' title='bbox 3310 4174 3314 4178; x_wconf 83' lang='grc'><em>’</em></span> 
     </span>
    </p>
   </div>
   <div class='ocr_carea' id='block_1_104' title="bbox 1978 4262 3483 4329">
    <p class='ocr_par' dir='ltr' id='par_1_104' title="bbox 1978 4262 3483 4329">
     <span class='ocr_line' id='line_1_104' title="bbox 1978 4262 3483 4329; baseline -0.005 -5"><span class='ocrx_word' id='word_1_777' title='bbox 1978 4270 2070 4325; x_wconf 84' lang='lat' dir='ltr'><strong>1x.</strong></span> <span class='ocrx_word' id='word_1_778' title='bbox 2142 4268 2419 4324; x_wconf 85' lang='lat' dir='ltr'><strong>Generosa</strong></span> <span class='ocrx_word' id='word_1_779' title='bbox 2467 4275 2647 4323; x_wconf 83' lang='lat' dir='ltr'><strong>autem</strong></span> <span class='ocrx_word' id='word_1_780' title='bbox 2700 4262 2896 4328; x_wconf 86' lang='lat' dir='ltr'><strong>mater,</strong></span> <span class='ocrx_word' id='word_1_781' title='bbox 2953 4280 3065 4321; x_wconf 89' lang='lat' dir='ltr'><strong>non</strong></span> <span class='ocrx_word' id='word_1_782' title='bbox 3127 4263 3483 4329; x_wconf 89' lang='lat' dir='ltr'><strong>illiberaliter,</strong></span> 
     </span>
    </p>
   </div>
   <div class='ocr_carea' id='block_1_105' title="bbox 1908 4357 3485 4439">
    <p class='ocr_par' dir='ltr' id='par_1_105' title="bbox 1908 4357 3485 4439">
     <span class='ocr_line' id='line_1_105' title="bbox 1908 4357 3485 4439; baseline -0.004 -20"><span class='ocrx_word' id='word_1_783' title='bbox 1908 4380 2086 4439; x_wconf 86' lang='lat' dir='ltr'><strong>neque</strong></span> <span class='ocrx_word' id='word_1_784' title='bbox 2139 4363 2339 4434; x_wconf 85' lang='lat' dir='ltr'><strong>pusillo</strong></span> <span class='ocrx_word' id='word_1_785' title='bbox 2370 4373 2425 4417; x_wconf 88' lang='lat' dir='ltr'><strong>et</strong></span> <span class='ocrx_word' id='word_1_786' title='bbox 2457 4360 2776 4417; x_wconf 69' lang='lat' dir='ltr'><strong>effeminato</strong></span> <span class='ocrx_word' id='word_1_787' title='bbox 2813 4358 3002 4413; x_wconf 89' lang='lat' dir='ltr'><strong>animo</strong></span> <span class='ocrx_word' id='word_1_788' title='bbox 3039 4371 3096 4411; x_wconf 88' lang='lat' dir='ltr'><strong>se</strong></span> <span class='ocrx_word' id='word_1_789' title='bbox 3130 4371 3345 4428; x_wconf 90' lang='lat' dir='ltr'><strong>gerens,</strong></span> <span class='ocrx_word' id='word_1_790' title='bbox 3389 4357 3485 4413; x_wconf 85' lang='lat' dir='ltr'><strong>sed</strong></span> 
     </span>
    </p>
   </div>
   <div class='ocr_carea' id='block_1_106' title="bbox 1911 4447 3484 4524">
    <p class='ocr_par' dir='ltr' id='par_1_106' title="bbox 1911 4447 3484 4524">
     <span class='ocr_line' id='line_1_106' title="bbox 1911 4447 3484 4524; baseline -0.004 -16"><span class='ocrx_word' id='word_1_791' title='bbox 1911 4453 2137 4524; x_wconf 87' lang='lat' dir='ltr'><strong>perinde</strong></span> <span class='ocrx_word' id='word_1_792' title='bbox 2177 4468 2237 4506; x_wconf 86' lang='lat' dir='ltr'><strong>ac</strong></span> <span class='ocrx_word' id='word_1_793' title='bbox 2289 4454 2621 4507; x_wconf 88' lang='lat' dir='ltr'><strong>erubescens</strong></span> <span class='ocrx_word' id='word_1_794' title='bbox 2661 4448 2865 4520; x_wconf 86' lang='lat' dir='ltr'><strong>aliquid</strong></span> <span class='ocrx_word' id='word_1_795' title='bbox 2895 4448 3095 4513; x_wconf 82' lang='lat' dir='ltr'><strong>facere,</strong></span> <span class='ocrx_word' id='word_1_796' title='bbox 3145 4455 3240 4502; x_wconf 89' lang='lat' dir='ltr'><strong>aut</strong></span> <span class='ocrx_word' id='word_1_797' title='bbox 3279 4447 3484 4511; x_wconf 87' lang='lat' dir='ltr'><strong>dicere,</strong></span> 
     </span>
    </p>
   </div>
   <div class='ocr_carea' id='block_1_107' title="bbox 1910 4538 3485 4618">
    <p class='ocr_par' dir='ltr' id='par_1_107' title="bbox 1910 4538 3485 4618">
     <span class='ocr_line' id='line_1_107' title="bbox 1910 4538 3485 4618; baseline -0.006 -17"><span class='ocrx_word' id='word_1_798' title='bbox 1910 4547 2053 4618; x_wconf 90' lang='lat' dir='ltr'><strong>quod</strong></span> <span class='ocrx_word' id='word_1_799' title='bbox 2092 4555 2236 4601; x_wconf 87' lang='lat' dir='ltr'><strong>esset</strong></span> <span class='ocrx_word' id='word_1_800' title='bbox 2292 4545 2562 4616; x_wconf 87' lang='lat' dir='ltr'><strong>abjectum</strong></span> <span class='ocrx_word' id='word_1_801' title='bbox 2603 4553 2659 4598; x_wconf 90' lang='lat' dir='ltr'><strong>et</strong></span> <span class='ocrx_word' id='word_1_802' title='bbox 2710 4542 2991 4612; x_wconf 85' lang='lat' dir='ltr'><strong>indignum</strong></span> <span class='ocrx_word' id='word_1_803' title='bbox 3047 4539 3139 4592; x_wconf 88' lang='lat' dir='ltr'><strong>tali</strong></span> <span class='ocrx_word' id='word_1_804' title='bbox 3180 4538 3312 4601; x_wconf 83' lang='lat' dir='ltr'><strong>tilia,</strong></span> <span class='ocrx_word' id='word_1_805' title='bbox 3367 4548 3485 4591; x_wconf 90' lang='lat' dir='ltr'><strong>erat</strong></span> 
     </span>
    </p>
   </div>
   <div class='ocr_carea' id='block_1_108' title="bbox 1907 4629 3483 4710">
    <p class='ocr_par' dir='ltr' id='par_1_108' title="bbox 1907 4629 3483 4710">
     <span class='ocr_line' id='line_1_108' title="bbox 1907 4629 3483 4710; baseline -0.009 -14"><span class='ocrx_word' id='word_1_806' title='bbox 1907 4640 2129 4696; x_wconf 86' lang='lat' dir='ltr'><strong>omnino</strong></span> <span class='ocrx_word' id='word_1_807' title='bbox 2168 4638 2347 4710; x_wconf 85' lang='lat' dir='ltr'><strong>magni</strong></span> <span class='ocrx_word' id='word_1_808' title='bbox 2387 4648 2441 4692; x_wconf 90' lang='lat' dir='ltr'><strong>et</strong></span> <span class='ocrx_word' id='word_1_809' title='bbox 2468 4636 2668 4690; x_wconf 84' lang='lat' dir='ltr'><strong>excelsi</strong></span> <span class='ocrx_word' id='word_1_810' title='bbox 2694 4633 2884 4697; x_wconf 88' lang='lat' dir='ltr'><strong>animi,</strong></span> <span class='ocrx_word' id='word_1_811' title='bbox 2915 4631 3056 4687; x_wconf 88' lang='lat' dir='ltr'><strong>hanc</strong></span> <span class='ocrx_word' id='word_1_812' title='bbox 3089 4629 3268 4685; x_wconf 91' lang='lat' dir='ltr'><strong>solum</strong></span> <span class='ocrx_word' id='word_1_813' title='bbox 3299 4629 3483 4684; x_wconf 88' lang='lat' dir='ltr'><strong>animo</strong></span> 
     </span>
    </p>
   </div>
   <div class='ocr_carea' id='block_1_109' title="bbox 1907 4726 3484 4802">
    <p class='ocr_par' dir='ltr' id='par_1_109' title="bbox 1907 4726 3484 4802">
     <span class='ocr_line' id='line_1_109' title="bbox 1907 4726 3484 4802; baseline -0.007 -15"><span class='ocrx_word' id='word_1_814' title='bbox 1907 4733 2183 4802; x_wconf 88' lang='lat' dir='ltr'><strong>accipiens</strong></span> <span class='ocrx_word' id='word_1_815' title='bbox 2218 4730 2544 4794; x_wconf 89' lang='lat' dir='ltr'><strong>molestiam,</strong></span> <span class='ocrx_word' id='word_1_816' title='bbox 2570 4743 2640 4783; x_wconf 91' lang='lat' dir='ltr'><strong>ne</strong></span> <span class='ocrx_word' id='word_1_817' title='bbox 2673 4728 2882 4783; x_wconf 84' lang='lat' dir='ltr'><strong>videret</strong></span> <span class='ocrx_word' id='word_1_818' title='bbox 2911 4726 3043 4780; x_wconf 86' lang='lat' dir='ltr'><strong>alias</strong></span> <span class='ocrx_word' id='word_1_819' title='bbox 3078 4726 3265 4794; x_wconf 62' lang='lat' dir='ltr'><strong>prima:</strong></span> <span class='ocrx_word' id='word_1_820' title='bbox 3294 4738 3484 4777; x_wconf 83' lang='lat' dir='ltr'><strong>exem-</strong></span> 
     </span>
    </p>
   </div>
   <div class='ocr_carea' id='block_1_110' title="bbox 1906 4816 3482 4898">
    <p class='ocr_par' dir='ltr' id='par_1_110' title="bbox 1906 4816 3482 4898">
     <span class='ocr_line' id='line_1_110' title="bbox 1906 4816 3482 4898; baseline -0.008 -18"><span class='ocrx_word' id='word_1_821' title='bbox 1906 4825 2055 4898; x_wconf 93' lang='lat' dir='ltr'><strong>plum</strong></span> <span class='ocrx_word' id='word_1_822' title='bbox 2113 4839 2220 4878; x_wconf 91' lang='lat' dir='ltr'><strong>non</strong></span> <span class='ocrx_word' id='word_1_823' title='bbox 2286 4822 2520 4892; x_wconf 88' lang='lat' dir='ltr'><strong>assequi,</strong></span> <span class='ocrx_word' id='word_1_824' title='bbox 2575 4831 2630 4876; x_wconf 91' lang='lat' dir='ltr'><strong>et</strong></span> <span class='ocrx_word' id='word_1_825' title='bbox 2663 4819 2874 4874; x_wconf 88' lang='lat' dir='ltr'><strong>veniret</strong></span> <span class='ocrx_word' id='word_1_826' title='bbox 2924 4818 2978 4870; x_wconf 90' lang='lat' dir='ltr'><strong>in</strong></span> <span class='ocrx_word' id='word_1_827' title='bbox 3031 4816 3359 4887; x_wconf 85' lang='lat' dir='ltr'><strong>periculum,</strong></span> <span class='ocrx_word' id='word_1_828' title='bbox 3413 4829 3482 4867; x_wconf 90' lang='lat' dir='ltr'><strong>ne</strong></span> 
     </span>
    </p>
   </div>
   <div class='ocr_carea' id='block_1_111' title="bbox 1908 4910 3483 4977">
    <p class='ocr_par' dir='ltr' id='par_1_111' title="bbox 1908 4910 3483 4977">
     <span class='ocr_line' id='line_1_111' title="bbox 1908 4910 3483 4977; baseline -0.008 -5"><span class='ocrx_word' id='word_1_829' title='bbox 1908 4920 2071 4972; x_wconf 90' lang='lat' dir='ltr'><strong>unius</strong></span> <span class='ocrx_word' id='word_1_830' title='bbox 2106 4917 2295 4977; x_wconf 88' lang='lat' dir='ltr'><strong>solius,</strong></span> <span class='ocrx_word' id='word_1_831' title='bbox 2335 4926 2389 4969; x_wconf 88' lang='lat' dir='ltr'><strong>et</strong></span> <span class='ocrx_word' id='word_1_832' title='bbox 2437 4929 2543 4966; x_wconf 90' lang='lat' dir='ltr'><strong>non</strong></span> <span class='ocrx_word' id='word_1_833' title='bbox 2600 4912 2761 4965; x_wconf 89' lang='lat' dir='ltr'><strong>trium</strong></span> <span class='ocrx_word' id='word_1_834' title='bbox 2810 4910 3088 4966; x_wconf 85' lang='lat' dir='ltr'><strong>videretur</strong></span> <span class='ocrx_word' id='word_1_835' title='bbox 3136 4920 3257 4961; x_wconf 88' lang='lat' dir='ltr'><strong>esse</strong></span> <span class='ocrx_word' id='word_1_836' title='bbox 3310 4915 3483 4959; x_wconf 87' lang='lat' dir='ltr'><strong>mater</strong></span> 
     </span>
    </p>
   </div>
   <div class='ocr_carea' id='block_1_112' title="bbox 1907 4995 3483 5078">
    <p class='ocr_par' dir='ltr' id='par_1_112' title="bbox 1907 4995 3483 5078">
     <span class='ocr_line' id='line_1_112' title="bbox 1907 4995 3483 5078; baseline -0.009 -16"><span class='ocrx_word' id='word_1_837' title='bbox 1907 5021 2180 5078; x_wconf 87' lang='lat' dir='ltr'><strong>germana.</strong></span> <span class='ocrx_word' id='word_1_838' title='bbox 2222 5003 2485 5069; x_wconf 83' lang='lat' dir='ltr'><strong>Quocirca</strong></span> <span class='ocrx_word' id='word_1_839' title='bbox 2540 5001 2701 5055; x_wconf 88' lang='lat' dir='ltr'><strong>tiliam</strong></span> <span class='ocrx_word' id='word_1_840' title='bbox 2756 5000 2932 5069; x_wconf 79' lang='lat' dir='ltr'><strong>dignis</strong></span> <span class='ocrx_word' id='word_1_841' title='bbox 2967 4995 3151 5052; x_wconf 82' lang='lat' dir='ltr'><strong>verbis</strong></span> <span class='ocrx_word' id='word_1_842' title='bbox 3186 5009 3483 5066; x_wconf 85' lang='lat' dir='ltr'><strong>proseque-</strong></span> 
     </span>
    </p>
   </div>
   <div class='ocr_carea' id='block_1_113' title="bbox 1909 5086 3482 5165">
    <p class='ocr_par' dir='ltr' id='par_1_113' title="bbox 1909 5086 3482 5165">
     <span class='ocr_line' id='line_1_113' title="bbox 1909 5086 3482 5165; baseline -0.01 -12"><span class='ocrx_word' id='word_1_843' title='bbox 1909 5101 2110 5153; x_wconf 87' lang='lat' dir='ltr'><strong>batur:</strong></span> <span class='ocrx_word' id='word_1_844' title='bbox 2146 5096 2253 5165; x_wconf 76' lang='lat' dir='ltr'><strong>Ego</strong></span> <span class='ocrx_word' id='word_1_845' title='bbox 2306 5092 2550 5163; x_wconf 85' lang='lat' dir='ltr'><strong>quidem,</strong></span> <span class='ocrx_word' id='word_1_846' title='bbox 2592 5108 2625 5147; x_wconf 92' lang='grc' dir='ltr'><strong>ο</strong></span> <span class='ocrx_word' id='word_1_847' title='bbox 2660 5090 2789 5154; x_wconf 84' lang='lat' dir='ltr'><strong>lilia,</strong></span> <span class='ocrx_word' id='word_1_848' title='bbox 2843 5098 2896 5143; x_wconf 90' lang='lat' dir='ltr'><strong>te</strong></span> <span class='ocrx_word' id='word_1_849' title='bbox 2948 5088 3131 5157; x_wconf 86' lang='lat' dir='ltr'><strong>genui,</strong></span> <span class='ocrx_word' id='word_1_850' title='bbox 3170 5086 3379 5150; x_wconf 88' lang='lat' dir='ltr'><strong>dicens,</strong></span> <span class='ocrx_word' id='word_1_851' title='bbox 3427 5094 3482 5139; x_wconf 88' lang='lat' dir='ltr'><strong>et</strong></span> 
     </span>
    </p>
   </div>
   <div class='ocr_carea' id='block_1_114' title="bbox 1908 5174 3484 5258">
    <p class='ocr_par' dir='ltr' id='par_1_114' title="bbox 1908 5174 3484 5258">
     <span class='ocr_line' id='line_1_114' title="bbox 1908 5174 3484 5258; baseline -0.008 -18"><span class='ocrx_word' id='word_1_852' title='bbox 1908 5198 2138 5258; x_wconf 37' lang='lat' dir='ltr'><strong>propter.</strong></span> <span class='ocrx_word' id='word_1_853' title='bbox 2172 5196 2223 5239; x_wconf 89' lang='lat' dir='ltr'><strong>te</strong></span> <span class='ocrx_word' id='word_1_854' title='bbox 2271 5186 2364 5239; x_wconf 89' lang='lat' dir='ltr'><strong>tuli</strong></span> <span class='ocrx_word' id='word_1_855' title='bbox 2402 5192 2588 5252; x_wconf 85' lang='lat' dir='ltr'><strong>partus</strong></span> <span class='ocrx_word' id='word_1_856' title='bbox 2622 5180 2858 5246; x_wconf 87' lang='lat' dir='ltr'><strong>dolores,</strong></span> <span class='ocrx_word' id='word_1_857' title='bbox 2894 5187 2949 5233; x_wconf 89' lang='lat' dir='ltr'><strong>et</strong></span> <span class='ocrx_word' id='word_1_858' title='bbox 2993 5186 3046 5233; x_wconf 87' lang='lat' dir='ltr'><strong>te</strong></span> <span class='ocrx_word' id='word_1_859' title='bbox 3105 5176 3354 5231; x_wconf 85' lang='lat' dir='ltr'><strong>nutriens</strong></span> <span class='ocrx_word' id='word_1_860' title='bbox 3384 5174 3484 5230; x_wconf 85' lang='lat' dir='ltr'><strong>de-</strong></span> 
     </span>
    </p>
   </div>
   <div class='ocr_carea' id='block_1_115' title="bbox 1906 5265 3480 5341">
    <p class='ocr_par' dir='ltr' id='par_1_115' title="bbox 1906 5265 3480 5341">
     <span class='ocr_line' id='line_1_115' title="bbox 1906 5265 3480 5341; baseline -0.008 -8"><span class='ocrx_word' id='word_1_861' title='bbox 1906 5278 2032 5333; x_wconf 82' lang='lat' dir='ltr'><strong>duxi</strong></span> <span class='ocrx_word' id='word_1_862' title='bbox 2070 5277 2137 5331; x_wconf 85' lang='lat' dir='ltr'><strong>ad</strong></span> <span class='ocrx_word' id='word_1_863' title='bbox 2189 5279 2325 5330; x_wconf 88' lang='lat' dir='ltr'><strong>hanc</strong></span> <span class='ocrx_word' id='word_1_864' title='bbox 2383 5287 2555 5341; x_wconf 86' lang='lat' dir='ltr'><strong>usque</strong></span> <span class='ocrx_word' id='word_1_865' title='bbox 2612 5281 2825 5327; x_wconf 61' lang='lat' dir='ltr'><strong>atatem</strong></span> <span class='ocrx_word' id='word_1_866' title='bbox 2877 5269 3022 5324; x_wconf 86' lang='lat' dir='ltr'><strong>:sed</strong></span> <span class='ocrx_word' id='word_1_867' title='bbox 3074 5282 3223 5322; x_wconf 88' lang='lat' dir='ltr'><strong>nunc</strong></span> <span class='ocrx_word' id='word_1_868' title='bbox 3269 5265 3480 5336; x_wconf 88' lang='lat' dir='ltr'><strong>accipio</strong></span> 
     </span>
    </p>
   </div>
   <div class='ocr_carea' id='block_1_116' title="bbox 1908 5361 3480 5432">
    <p class='ocr_par' dir='ltr' id='par_1_116' title="bbox 1908 5361 3480 5432">
     <span class='ocr_line' id='line_1_116' title="bbox 1908 5361 3480 5432; baseline -0.006 -9"><span class='ocrx_word' id='word_1_869' title='bbox 1908 5372 2211 5424; x_wconf 82' lang='lat' dir='ltr'><strong>mercedem</strong></span> <span class='ocrx_word' id='word_1_870' title='bbox 2259 5366 2661 5430; x_wconf 86' lang='lat' dir='ltr'><strong>alimentorum,</strong></span> <span class='ocrx_word' id='word_1_871' title='bbox 2710 5364 2917 5432; x_wconf 86' lang='lat' dir='ltr'><strong>accipio</strong></span> <span class='ocrx_word' id='word_1_872' title='bbox 2948 5361 3193 5417; x_wconf 84' lang='lat' dir='ltr'><strong>laborum</strong></span> <span class='ocrx_word' id='word_1_873' title='bbox 3227 5373 3480 5414; x_wconf 88' lang='lat' dir='ltr'><strong>remune-</strong></span> 
     </span>
    </p>
   </div>
   <div class='ocr_carea' id='block_1_117' title="bbox 1905 5449 3482 5526">
    <p class='ocr_par' dir='ltr' id='par_1_117' title="bbox 1905 5449 3482 5526">
     <span class='ocr_line' id='line_1_117' title="bbox 1905 5449 3482 5526; baseline -0.011 -3"><span class='ocrx_word' id='word_1_874' title='bbox 1905 5466 2163 5523; x_wconf 86' lang='lat' dir='ltr'><strong>rationes,</strong></span> <span class='ocrx_word' id='word_1_875' title='bbox 2214 5471 2413 5526; x_wconf 86' lang='lat' dir='ltr'><strong>easque</strong></span> <span class='ocrx_word' id='word_1_876' title='bbox 2467 5456 2869 5526; x_wconf 86' lang='lat' dir='ltr'><strong>multiplicatas.</strong></span> <span class='ocrx_word' id='word_1_877' title='bbox 2940 5450 3073 5508; x_wconf 80' lang='lat' dir='ltr'><strong>Nam</strong></span> <span class='ocrx_word' id='word_1_878' title='bbox 3130 5449 3233 5504; x_wconf 89' lang='lat' dir='ltr'><strong>etsi</strong></span> <span class='ocrx_word' id='word_1_879' title='bbox 3296 5449 3482 5505; x_wconf 87' lang='lat' dir='ltr'><strong>nullus</strong></span> 
     </span>
    </p>
   </div>
   <div class='ocr_carea' id='block_1_118' title="bbox 1905 5536 3481 5626">
    <p class='ocr_par' dir='ltr' id='par_1_118' title="bbox 1905 5536 3481 5626">
     <span class='ocr_line' id='line_1_118' title="bbox 1905 5536 3481 5626; baseline -0.012 -17"><span class='ocrx_word' id='word_1_880' title='bbox 1905 5554 2076 5626; x_wconf 88' lang='lat' dir='ltr'><strong>possit</strong></span> <span class='ocrx_word' id='word_1_881' title='bbox 2114 5562 2296 5619; x_wconf 87' lang='lat' dir='ltr'><strong>parem</strong></span> <span class='ocrx_word' id='word_1_882' title='bbox 2333 5548 2556 5617; x_wconf 86' lang='lat' dir='ltr'><strong>gratiam</strong></span> <span class='ocrx_word' id='word_1_883' title='bbox 2601 5544 2805 5598; x_wconf 79' lang='lat' dir='ltr'><strong>referre</strong></span> <span class='ocrx_word' id='word_1_884' title='bbox 2834 5542 3151 5612; x_wconf 85' lang='lat' dir='ltr'><strong>parentibus</strong></span> <span class='ocrx_word' id='word_1_885' title='bbox 3186 5536 3481 5610; x_wconf 89' lang='lat' dir='ltr'><strong>(quomodo</strong></span> 
     </span>
    </p>
   </div>
   <div class='ocr_carea' id='block_1_119' title="bbox 1905 5629 3475 5708">
    <p class='ocr_par' dir='ltr' id='par_1_119' title="bbox 1905 5629 3475 5708">
     <span class='ocr_line' id='line_1_119' title="bbox 1905 5629 3475 5708; baseline -0.013 -7"><span class='ocrx_word' id='word_1_886' title='bbox 1905 5648 2048 5701; x_wconf 91' lang='lat' dir='ltr'><strong>enim</strong></span> <span class='ocrx_word' id='word_1_887' title='bbox 2077 5656 2197 5697; x_wconf 88' lang='lat' dir='ltr'><strong>cum</strong></span> <span class='ocrx_word' id='word_1_888' title='bbox 2230 5640 2297 5694; x_wconf 90' lang='lat' dir='ltr'><strong>ab</strong></span> <span class='ocrx_word' id='word_1_889' title='bbox 2326 5640 2391 5694; x_wconf 90' lang='lat' dir='ltr'><strong>iis</strong></span> <span class='ocrx_word' id='word_1_890' title='bbox 2421 5639 2617 5708; x_wconf 73' lang='lat' dir='ltr'><strong>ipsum,</strong></span> <span class='ocrx_word' id='word_1_891' title='bbox 2639 5635 2783 5706; x_wconf 88' lang='lat' dir='ltr'><strong>quod</strong></span> <span class='ocrx_word' id='word_1_892' title='bbox 2813 5650 3018 5699; x_wconf 86' lang='lat' dir='ltr'><strong>sumus,</strong></span> <span class='ocrx_word' id='word_1_893' title='bbox 3052 5629 3475 5702; x_wconf 87' lang='lat' dir='ltr'><strong>acceperimus?)</strong></span> 
     </span>
    </p>
   </div>
   <div class='ocr_carea' id='block_1_120' title="bbox 1908 5720 3477 5793">
    <p class='ocr_par' dir='ltr' id='par_1_120' title="bbox 1908 5720 3477 5793">
     <span class='ocr_line' id='line_1_120' title="bbox 1908 5720 3477 5793; baseline -0.009 -5"><span class='ocrx_word' id='word_1_894' title='bbox 1908 5748 1965 5793; x_wconf 85' lang='lat' dir='ltr'><strong>tu</strong></span> <span class='ocrx_word' id='word_1_895' title='bbox 2017 5745 2195 5788; x_wconf 85' lang='lat' dir='ltr'><strong>tamen</strong></span> <span class='ocrx_word' id='word_1_896' title='bbox 2232 5732 2361 5785; x_wconf 86' lang='lat' dir='ltr'><strong>mihi</strong></span> <span class='ocrx_word' id='word_1_897' title='bbox 2400 5729 2580 5785; x_wconf 87' lang='lat' dir='ltr'><strong>omnia</strong></span> <span class='ocrx_word' id='word_1_898' title='bbox 2631 5728 2971 5782; x_wconf 73' lang='lat' dir='ltr'><strong>abundanter</strong></span> <span class='ocrx_word' id='word_1_899' title='bbox 3017 5720 3317 5784; x_wconf 71' lang='lat' dir='ltr'><strong>reddidisti,</strong></span> <span class='ocrx_word' id='word_1_900' title='bbox 3350 5734 3477 5775; x_wconf 90' lang='lat' dir='ltr'><strong>cum</strong></span> 
     </span>
    </p>
   </div>
   <div class='ocr_carea' id='block_1_121' title="bbox 1911 5818 3475 5883">
    <p class='ocr_par' dir='ltr' id='par_1_121' title="bbox 1911 5818 3475 5883">
     <span class='ocr_line' id='line_1_121' title="bbox 1911 5818 3475 5883; baseline -0.01 0"><span class='ocrx_word' id='word_1_901' title='bbox 1911 5844 1996 5883; x_wconf 91' lang='lat' dir='ltr'><strong>me</strong></span> <span class='ocrx_word' id='word_1_902' title='bbox 2058 5824 2176 5881; x_wconf 86' lang='lat' dir='ltr'><strong>talis</strong></span> <span class='ocrx_word' id='word_1_903' title='bbox 2248 5825 2365 5881; x_wconf 79' lang='lat' dir='ltr'><strong>lilia:</strong></span> <span class='ocrx_word' id='word_1_904' title='bbox 2414 5833 2637 5878; x_wconf 83' lang='lat' dir='ltr'><strong>matrem</strong></span> <span class='ocrx_word' id='word_1_905' title='bbox 2709 5835 2826 5875; x_wconf 90' lang='lat' dir='ltr'><strong>esse</strong></span> <span class='ocrx_word' id='word_1_906' title='bbox 2870 5818 3192 5876; x_wconf 71' lang='lat' dir='ltr'><strong>ostenderis,</strong></span> <span class='ocrx_word' id='word_1_907' title='bbox 3252 5824 3307 5870; x_wconf 79' lang='lat' dir='ltr'><strong>et</strong></span> <span class='ocrx_word' id='word_1_908' title='bbox 3368 5821 3475 5868; x_wconf 79' lang='lat' dir='ltr'><strong>ram</strong></span> 
     </span>
    </p>
   </div>
  </div>
