4226 6436
250 393 360 456 509

1035 390 1502 452 MARTYRIUM
1542 393 1604 452 S.
1647 392 1946 454 SOPHIAE.
1982 396 2074 455 ΕΤ
2112 396 2496 458 FlLIARUM
2530 398 2739 460 EJUS.

3407 393 3512 460 510

253 506 344 572 οἷς
381 509 576 576 ἔδρασε
610 507 709 577 τὴν
753 499 926 577 ἧτταν
971 506 1456 579 ἀπενεγκάμενος,
1498 510 1591 562 καὶ
1624 509 1847 580 ἀπόρως
1875 513 1922 572 Α

1977 514 2123 568 notuit
2163 513 2253 569 ille
2307 522 2491 569 meme
2523 528 2700 568 caecus
2733 512 3058 582 intelligere,
3091 529 3341 583 quaenam
3383 518 3530 570 esset

255 604 400 674 ἔχων
430 602 620 672 ῶσπερ
667 603 736 652 τὰ
785 601 929 653 κατὰ
969 600 1197 669 γνώμην
1229 601 1366 670 αὐτῇ
1396 598 1592 666 ποιῶν,
1621 600 1713 652 τὸν
1752 599 1840 652 διὰ

262 695 453 764 ξίφους
508 692 739 746 θάνατον
767 692 964 761 ἐπίσης
1000 695 1066 761 τῇ
1112 691 1340 762 ἀδελφῇ,
1391 691 1482 744 καὶ
1520 691 1641 744 κατ’
1671 691 1842 758 αὐτῆς

260 785 647 853 ἀποφαίνεται.
683 783 853 836 Πάλιν
882 783 939 836 δὲ
977 783 1072 836 καὶ
1104 784 1244 852 αὐτὴ
1294 783 1394 853 τὴν
1427 785 1704 854 μητρικὴν
1743 783 1842 854 μὲν

261 880 542 950 ἐξιτήριον
579 877 902 929 ἐπεκαλεῖτο
937 877 1133 945 εὐχήν·
1170 874 1268 946 τὴν
1305 876 1626 929 τελευταίαν
1665 877 1722 928 δέ
1754 877 1846 929 καὶ

265 973 386 1042 μετ’
450 971 620 1040 αὐτὴν
671 969 909 1039 ἀδελφὴν
955 967 1204 1038 διανίστη
1262 969 1402 1040 πρὸς
1452 970 1580 1033 τοὺς
1628 971 1848 1038 ἀγῶνας

265 1065 578 1134 ὑπόδειγμα
629 1064 828 1132 ἑαυτὴν
875 1061 1116 1129 ἀσφαλὲς
1167 1061 1407 1122 διδοῦσα,
1463 1063 1557 1114 καὶ
1621 1063 1847 1124 πιστοὺς

263 1157 375 1207 ἀπὸ
403 1152 497 1206 τοῦ
533 1153 728 1205 παθεῖν
775 1152 900 1212 τοὺς
950 1149 1143 1218 λόγους
1196 1151 1532 1219 παρέχουσα.
1586 1145 1716 1202 Εἶτα
1771 1149 1849 1219 τῷ

265 1247 510 1316 κειμένῳ
537 1242 830 1314 προσφῦσα
852 1242 1092 1310 λειψὰνῳ
1118 1243 1217 1314 τῆς
1245 1243 1482 1313 ἀδελφῆς
1515 1241 1847 1313 περιείχετο,

266 1338 578 1404 κατεφίλει,
612 1335 1084 1405 περιεπτύσσετο·
1132 1334 1290 1387 τοῦτο
1337 1334 1436 1404 μὲν
1465 1334 1539 1398 ὼς
1575 1334 1739 1402 ἁγίας
1774 1352 1853 1386 τι-

271 1427 455 1496 μῶσα,
488 1424 648 1476 τοῦτο
678 1422 733 1476 δὲ
768 1426 859 1475 καὶ
903 1421 1184 1493 Θαρροῦσα
1213 1422 1289 1486 ὡς
1321 1423 1558 1492 ἀδελφῆς
1587 1422 1854 1492 δακρῦσαι

270 1517 428 1584 παρὰ
461 1515 561 1583 τῆς
610 1514 933 1580 συγγενείας
993 1513 1278 1580 ἐφέλκετο,
1329 1523 1422 1565 καὶ
1483 1513 1618 1584 πρὸς
1664 1513 1856 1582 ἡδονὴν

267 1605 592 1659 ἁνθείλκετο
623 1603 805 1668 πάλιν,
838 1603 915 1672 τῷ
967 1603 1268 1656 συνειδέναι
1305 1604 1560 1674 μάρτυρα
1607 1604 1705 1674 τὴν
1739 1620 1854 1657 κει-

273 1698 446 1767 μένην
478 1692 639 1750 εἶναι.
672 1696 794 1758 Πῶς
830 1699 939 1767 γὰρ
975 1697 1040 1749 ἂν
1074 1695 1166 1748 καὶ
1200 1695 1465 1765 ἐδάκρυσε
1499 1697 1634 1766 πρὸς
1656 1697 1720 1766 ἢν
1757 1694 1857 1765 ἤδη

272 1793 475 1863 ἐχώρει
508 1793 594 1845 διὰ
629 1791 721 1844 τοῦ
772 1791 888 1843 ἴσου
920 1791 1123 1860 τρόπου
1175 1793 1271 1858 τῆς
1323 1789 1609 1858 τελευτῆς;
1644 1789 1858 1856 δέχεται

272 1887 568 1958 τοιγαροῦν
585 1891 678 1940 καὶ
703 1885 840 1955 αὑτὴ
861 1885 948 1936 τὸν
965 1884 1055 1936 διὰ
1086 1883 1272 1952 ξίφους
1293 1883 1542 1948 Θάνατον,
1563 1886 1654 1936 καί
1672 1885 1855 1939 ἄπεισι

271 1983 374 2049 τὴν
401 1982 571 2048 καλὴν
591 1978 836 2047 πορείαν,
857 1977 955 2046 τὴν
980 1977 1261 2048 μακαρίαν
1275 1977 1594 2047 ὗντωςδόδδν,
1615 1979 1708 2031 καὶ
1724 1980 1856 2031 πᾶσι

280 2075 382 2144 μὲν
417 2072 762 2140 Χριστιανοίς
787 2068 1162 2140 ἐπιθυμητὴν,
1196 2069 1408 2137 ὀλίγοις
1440 2071 1496 2122 δὲ
1529 2071 1787 2140 βάσιμον.

1945 606 2060 656 haec
2094 601 2286 665 virtus,
2341 617 2462 670 quze
2507 601 2741 656 faciebat
2784 601 3064 656 miracula.
3112 603 3427 659 Unde-etsi
3473 604 3529 658 in

1945 695 2222 760 omnibus,
2257 712 2378 766 qua:
2427 693 2578 760 fecit,
2653 705 2940 764 superatus
2996 695 3215 762 fuisset,
3278 698 3531 752 nesciens

1949 794 2130 840 tamen
2183 788 2315 857 quid
2364 798 2571 858 ageret,
2611 788 2664 840 in
2694 802 2814 840 eam
2891 788 3080 842 mortis
3132 803 3228 857 per
3291 789 3531 857 gladium

1948 875 2268 942 inl‘erendre,
2315 894 2468 945 teque
2511 887 2671 948 atque
2712 879 2765 931 in
2797 878 2916 947 ejus
2965 892 3230 942 sororem,
3279 891 3529 948 pronun-

1952 970 2049 1024 tiat
2091 973 2442 1026 sententiam.
2493 971 2702 1026 Rursus
2756 980 2937 1026 autem
2985 987 3046 1026 ea
3080 987 3294 1042 quoque
3341 971 3395 1023 in
3435 970 3532 1025 de-

1953 1075 2111 1115 cessu
2146 1077 2334 1130 preces
2368 1062 2692 1132 implorabat
2717 1071 2992 1117 maternas
3021 1078 3036 1120 :
3070 1073 3406 1133 postremam
3435 1077 3537 1114 au-

1958 1163 2064 1210 rem
2123 1162 2245 1222 post
2299 1154 2469 1222 ipsam
2513 1169 2755 1209 sororem
2804 1154 3073 1210 excitabat
3103 1155 3170 1207 ad
3217 1153 3539 1214 certamina,

1954 1245 2190 1314 seipsam
2240 1246 2528 1314 pulchrum
2578 1257 2633 1300 et
2690 1256 2897 1300 certum
2945 1246 3222 1315 exemplar
3269 1244 3534 1314 praebens,

1954 1347 2099 1391 etcx
2138 1352 2248 1391 uno
2298 1337 2443 1406 quod
2493 1352 2651 1407 passa
2704 1338 2795 1401 sit,
2830 1338 3135 1390 orationem
3179 1336 3382 1390 faciens
3440 1334 3542 1388 lide

1957 1429 2195 1500 dignam.
2251 1429 2455 1484 Deinde
2490 1431 2804 1495 adjacentes
2845 1429 3047 1484 sororis
3101 1429 3367 1482 accedens
3415 1427 3545 1480 reti.

1959 1524 2133 1593 quias,
2167 1537 2258 1575 eas
2289 1524 2720 1592 amplectebatur
2755 1541 2768 1576 :
2803 1532 2856 1578 et
2888 1524 3083 1591 partim
3123 1523 3345 1590 quidem
3382 1535 3451 1573 ex
3481 1532 3548 1573 eo

1959 1625 2254 1680 commota,
2282 1616 2427 1684 quod
2462 1624 2607 1669 esset
2637 1631 2810 1681 soror,
2847 1618 2912 1669 ad
2947 1614 3353 1686 lacrymandum
3380 1621 3550 1666 attra-

1962 1708 2160 1762 hebata
2193 1712 2518 1779 cognatione
2557 1727 2571 1766 :
2601 1712 2795 1782 partim
2829 1721 3012 1766 autem
3059 1710 3369 1778 intelligens
3405 1723 3554 1762 mar-

1962 1810 2132 1869 tyrem
2165 1818 2283 1855 eam
2311 1817 2452 1868 esse,
2483 1819 2604 1872 quae
2631 1804 2866 1874 jaeebat,
2897 1803 3159 1871 reliquias
3208 1801 3552 1865 honorabat,

1965 1904 2221 1963 tanquam
2293 1908 2531 1960 sanctas,
2600 1906 2654 1951 et
2723 1897 2790 1950 ad
2861 1897 3119 1967 gaudium
3153 1895 3553 1950 retrahebatur.

1963 1984 2248 2050 Quomodo
2289 1987 2434 2040 enim
2480 2000 2700 2056 propter
2750 1989 3450 2057 sanctam‘laerymaretur,
3487 1983 3556 2038 ad

1967 2091 2127 2143 quam
2181 2079 2415 2133 libenter
2460 2081 2576 2150 pari
2643 2081 2803 2136 modo
2858 2084 3053 2136 mortis
3099 2082 3209 2150 jam
3279 2078 3554 2140 tendebat.

270 2167 518 2251 'Suseipit
565 2179 693 2235 ergo
733 2163 848 2232 ipsa
896 2177 1114 2233 quoque
1171 2175 1404 2216 mortem
1445 2165 1645 2232 gladio,
1694 2174 1750 2216 et
1802 2165 2085 2232 pulchram
2136 2170 2274 2224 viam
2338 2172 2662 2241 ingreditur,
2720 2175 2864 2228 viam
2919 2189 3046 2228 vere
3077 2173 3319 2237 beatam,
3355 2180 3410 2225 et
3437 2173 3560 2240 qua?

276 2272 367 2315 est
422 2259 724 2328 expetenda
783 2256 1001 2326 quidem
1064 2258 1316 2310 ontnibus
1346 2255 1690 2320 Christianis,
1725 2258 1817 2312 sed
1861 2275 2024 2328 quam
2075 2265 2229 2330 pauci
2266 2265 2480 2319 ineunt.

353 2354 454 2407 IB’.
497 2354 555 2405 '0
585 2353 766 2406 τοίνυν
799 2353 1000 2421 ἄνομος
1040 2351 1302 2420 δικαστὴς
1334 2354 1412 2414 είς
1465 2351 1692 2421 ἔσχατον
1728 2353 1866 2404 ἀπο-

283 2449 410 2517 ρίας
449 2445 619 2500 ἐλθὼν
649 2446 742 2498 καὶ
779 2443 842 2497 τὸ
865 2445 963 2512 τῆς
992 2443 1256 2513 αἰσχύνης
1289 2445 1595 2513 περιφανὲς
1627 2445 1864 2512 ὑπενεγ-

283 2546 405 2595 κεῖν
435 2541 495 2592 ob
536 2539 835 2608 δυνάμενος
856 2576 870 2600 ,
901 2538 1050 2605 ὅμως
1082 2538 1180 2588 ἐπὶ
1217 2538 1283 2604 τῇ
1330 2537 1544 2607 ἐσχάτῃ
1577 2536 1687 2587 τῶν
1719 2536 1874 2588 ἀδελ·-

287 2636 407 2702 ιρῶν
470 2632 699 2683 ἐσάλευε
752 2631 851 2691 τὰς
901 2627 1148 2691 ἐλπίδας.
1190 2627 1425 2681 Ἔδακνε
1462 2630 1570 2698 γὰρ
1613 2628 1778 2681 αὑτὸν
1815 2627 1874 2680 τὸ

285 2724 488 2793 κομιδῆ
518 2727 639 2774 νέον
669 2723 764 2792 τῆς
793 2724 1097 2792 μάρτυρος,
1139 2720 1214 2784 ὡς
1260 2722 1683 2792 εὐεπιχείρητον
1719 2721 1870 2793 αὐτῷ

287 2815 624 2886 γενήσεσθαι
675 2814 1153 2885 προσδοκώμενον.
1207 2815 1361 2866 Ἐπεὶ
1401 2815 1456 2865 δὲ
1491 2815 1586 2866 καὶ
1621 2815 1870 2885 προσῆγε

288 2910 390 2972 τὰς
421 2909 744 2978 ἐρωτήσεις,
788 2910 883 2961 καὶ
925 2907 1123 2974 λόγους
1171 2905 1345 2958 ἐκίνει
1391 2906 1602 2959 πείθειν
1637 2907 1874 2975 δυναμὲο

292 3015 418 3063 νους
443 3018 457 3032 ο
501 3003 592 3070 Mr,
626 3003 896 3054 ἀπατάτω
931 3017 1015 3064 σε,
1048 2999 1216 3070 φησιν
1239 3001 1273 3070 ἡ
1311 2999 1551 3069 ’Λγὰπη,
1583 2999 1644 3052 το
1681 2998 1873 3068 νεαρόν

297 3113 405 3168 μου
430 3098 528 3163 τῆς
557 3096 801 3165 ἡλικίας,
824 3097 896 3158 ὡς
927 3096 1338 3162 εὐεξαπάτητον
1365 3095 1542 3159 ἔσται,
1572 3095 1668 3148 καὶ
1693 3095 1876 3162 λόγοις

293 3189 413 3248 τοῖς
460 3190 571 3249 σοῖς
624 3186 860 3248 εὐκόλως
895 3184 1234 3255 δολὼμενον⁶
1277 3186 1481 3250 διδάξει
1514 3187 1622 3256 γάρ
1661 3203 1719 3237 σε
1759 3184 1878 3255 μετ’

297 3283 484 3350 ὀλίγον
534 3283 567 3352 ἡ
611 3283 780 3352 πεῖρα
823 3281 906 3333 ὅτι
958 3280 1060 3350 τῆς
1095 3279 1266 3349 αὐτῆς
1311 3279 1468 3349 ῥίζης
1509 3277 1692 3349 ὄρπηξ
1739 3277 1873 3346 ἐγὼ,

299 3377 398 3428 καὶ
443 3376 573 3444 μίας
623 3374 840 3440 ἐκείνης
883 3373 1122 3442 γαστρὸς
1171 3372 1444 3441 γέννημα,
1493 3365 1568 3424 ὧν
1614 3372 1713 3441 ἤδη
1787 3369 1881 3422 δύο

304 3467 556 3538 βλαστῶν
598 3467 694 3518 καὶ
728 3465 936 3516 τέκνων
973 3467 1054 3524 είς
1099 3465 1296 3531 πεῖραν
1333 3462 1623 3530 ἐλήλυθας.
1661 3463 1736 3515 Οὐ
1774 3462 1883 3530 γὰρ

305 3560 394 3612 ἐπ’
437 3561 561 3627 ἐμοὶ
598 3560 666 3610 τὰ
696 3558 802 3609 τῶν
837 3554 1235 3625 προλαϐουσῶν
1271 3554 1730 3625 αἰσχυνθήσεται,
1765 3554 1885 3606 ούδέ

305 3653 406 3723 τὴν
442 3650 621 3705 αὐτῶν
669 3651 960 3718 εὐγένειαν
990 3648 1100 3716 ἐγὼ
1133 3648 1443 3720 ψεύσομαι,
1484 3646 1620 3700 ἀλλὰ
1646 3645 1886 3717 τοσούτῳ

309 3747 514 3818 μᾶλλον
569 3745 863 3817 ὑπερϐαλῶ
906 3744 1000 3797 καὶ
1047 3746 1112 3812 τῇ
1171 3741 1441 3812 καρτερίᾳ
1473 3783 1486 3807 ,
1537 3741 1645 3807 ὅσῳ
1695 3741 1786 3792 καὶ
1819 3741 1887 3810 τῇ

307 3840 475 3912 πείρᾳ
523 3836 852 3900 πλεονεκτῶ,
903 3835 1002 3907 τὴν
1050 3834 1145 3888 τοῦ
1198 3832 1438 3903 Χριστοῦ
1491 3831 1751 3902 βοήθειαν
1794 3830 1889 3883 ἐπὶ

307 3935 541 3994 ταύταις
580 3930 969 4000 δεδιδαγμένη.
1018 3925 1133 3982 οὐκ
1171 3928 1373 3996 ἤνεγκε
1423 3926 1522 3994 τὴν
1568 3924 1888 3996 παρρησίαν

309 4025 524 4094 ταύτην
569 4027 596 4075 ὁ
654 4025 878 4092 μιαρὸς,
914 4022 1032 4073 ἀλλ’
1069 4020 1230 4089 ίκρίῳ
1275 4021 1377 4086 τὴν
1427 4019 1677 4086 Ἀγάπην
1719 4019 1892 4086 ἀναρ-

306 4113 514 4172 τᾶσθαι
562 4113 800 4177 κελεύει,
841 4115 938 4166 καὶ
986 4112 1152 4182 ἱμᾶσι
1197 4109 1477 4163 τείνεσοαι
1525 4107 1889 4178 πανταχόθεν,

308 4229 390 4275 ως
415 4209 514 4272 τὰς
541 4209 649 4263 τῶν
683 4205 860 4279 μελῶν
901 4204 1168 4275 ἁρμονίας
1198 4203 1276 4276 τῷ
1310 4203 1526 4272 σφοδρῷ
1556 4203 1660 4272 τῆς
1703 4203 1893 4254 ἐνστά-

313 4320 456 4366 σεως
484 4302 585 4371 τῆς
612 4301 753 4353 κατὰ
780 4298 948 4370 φύσιν
977 4296 1292 4358 συνθέσεως
1326 4293 1684 4347 διασπᾶσθαι.
1733 4291 1896 4344 Ἀλλὰ

315 4397 353 4464 ἡ
404 4392 498 4447 τοῦ
558 4393 693 4444 Θεοῦ
743 4391 972 4458 δύναμις
1008 4391 1040 4459 ἡ
1077 4389 1186 4442 τῶν
1243 4388 1420 4442 ἄλλων
1467 4383 1715 4454 ἀδελφῶν
1761 4399 1898 4453 προ-

314 4485 515 4543 στᾶσα,
543 4482 636 4534 καὶ
659 4481 776 4551 μετ’
804 4479 976 4548 αὐτῆς
1005 4474 1093 4550 ἦν,
1121 4478 1305 4546 ἅπαθῆ
1329 4477 1515 4530 κακῶν
1536 4478 1896 4546 συντηροῦσα.

2043 2356 2159 2412 Xll.
2211 2359 2435 2428 Iniquus
2493 2370 2676 2414 autem
2731 2360 2901 2432 judex
2951 2375 3076 2415 cum
3138 2358 3206 2414 ad
3260 2368 3561 2415 extremam

1971 2450 2210 2505 venisset
2243 2452 2658 2518 dubitationem,
2697 2461 2751 2507 et
2779 2467 2887 2507 non
2920 2459 3106 2521 posset
3135 2461 3382 2520 apertam
3417 2449 3564 2504 ferre

1973 2537 2350 2612 ignominiam,
2387 2545 2440 2598 in
2476 2554 2720 2598 extrema
2764 2553 2948 2598 tamen
2985 2558 3175 2598 sorore
3228 2542 3410 2596 adhuc
3461 2554 3561 2610 spe

1977 2638 2286 2690 tenebatur.
2327 2637 2464 2690 Eum
2512 2637 2655 2690 enim
2709 2637 2962 2690 movebat
2999 2637 3153 2689 valde
3195 2643 3379 2688 tenera
3418 2633 3565 2687 illius

1978 2739 2128 2795 aetas,
2175 2746 2294 2800 qua.
2327 2731 2377 2784 ei
2405 2731 2817 2785 existimabatur
2864 2729 2983 2784 fore
3018 2736 3331 2798 expugnatu
3364 2725 3560 2780 facilis.

1976 2822 2269 2892 Postquam
2300 2833 2480 2877 autem
2511 2824 2760 2878 adhibuit
2804 2823 3290 2891 interrogationes,
3323 2827 3377 2872 et
3401 2817 3573 2871 movit

1979 2917 2171 2978 verba,
2212 2933 2332 2986 qua:
2374 2925 2625 2985 poterant
2678 2914 3010 2985 persuadere
3048 2934 3060 2966 :
3111 2909 3190 2965 Ne
3227 2919 3279 2963 te
3306 2907 3567 2977 decipiat,

1978 3008 2155 3078 inquit
2196 3007 2467 3071 Charitas,
2529 3018 2660 3061 astas
2709 3023 2826 3060 mea
2883 3015 3093 3067 tenera,
3142 3011 3200 3056 ut
3243 3016 3364 3071 qua:
3417 2997 3572 3052 facile

1981 3102 2152 3174 possit
2211 3101 2416 3172 decipi,
2466 3111 2522 3156 et
2553 3117 2582 3153 a
2613 3101 2720 3154 tuis
2780 3099 2964 3153 verbis
3018 3097 3183 3152 allici.
3224 3094 3303 3148 Te
3352 3089 3571 3146 docebit

1983 3214 2106 3252 mox
2138 3197 2497 3267 experientia,
2532 3211 2620 3249 me
2654 3209 2774 3248 esse
2819 3207 3027 3246 ramum
3074 3188 3318 3259 ejusdem
3349 3184 3572 3244 radicis,

1981 3299 2036 3344 et
2106 3288 2275 3342 fetum
2333 3287 2477 3340 illius
2523 3287 2686 3339 unius
2749 3284 2910 3348 uteri,
2968 3283 3128 3350 cujus
3184 3280 3294 3349 jam
3341 3279 3572 3331 duorum

1983 3383 2289 3455 germinum
2331 3389 2385 3434 et
2427 3379 2655 3432 ﬁliarum
2693 3377 2868 3432 fecisti
2903 3374 3227 3446 periculum.
3263 3371 3378 3425 Non
3404 3369 3550 3423 enim

1985 3481 2246 3544 quantum
2281 3473 2450 3525 inme
2501 3471 2627 3536 erit,
2673 3469 2887 3539 priores
2928 3468 3144 3537 pudore
3199 3463 3429 3518 alliciant
3486 3475 3581 3513 nc-

1987 3580 2093 3636 que
2135 3562 2478 3635 dcgenerabo
2517 3561 2594 3615 ab
2639 3561 2827 3614 eadem
2898 3558 3189 3612 nobilitate
3258 3573 3271 3608 :
3312 3551 3404 3607 sed
3457 3561 3579 3603 tan-

1987 3666 2102 3711 tum
2140 3655 2411 3724 superabo
2449 3651 2790 3715 fortitudine,
2833 3660 3046 3719 quanto
3094 3647 3360 3714 majorem
3401 3643 3577 3697 habeo

1990 3748 2404 3821 experientiam,
2436 3753 2494 3801 ut
2523 3761 2643 3815 quae
2671 3744 2874 3801 Christi
2918 3741 3181 3797 auxilium
3228 3739 3280 3791 in
3318 3737 3398 3791 eis
3441 3733 3583 3788 didi-

1993 3844 2196 3903 ceritnl
2232 3841 2381 3897 Hanc
2427 3842 2732 3895 libertatem
2782 3855 2894 3892 non
2940 3838 3062 3891 tulit
3119 3834 3438 3890 sceleratus,
3489 3829 3582 3882 sed

1989 3939 2146 4009 jubet
2179 3933 2437 4005 suspendi
2483 3933 2846 3993 Charitatem,
2883 3939 2938 3983 et
2987 3926 3136 3981 omni
3178 3940 3242 3979 ex
3295 3932 3450 3992 parte
3485 3937 3580 3972 ex-

1997 4029 2142 4086 tendi
2193 4028 2322 4082 loris
2366 4026 2504 4081 adeo
2546 4034 2605 4080 ut
2657 4023 3022 4078 membrorum
3071 4032 3364 4086 compages
3408 4014 3579 4068 vehe-

1999 4124 2165 4179 menti
2206 4124 2292 4176 illa
2323 4121 2673 4176 contentione
2710 4119 3102 4172 divellerentur
3137 4130 3166 4168 a
3205 4111 3440 4166 naturali
3490 4123 3586 4162 sua

1998 4214 2388 4285 compositione
2416 4229 2430 4278 ;
2458 4211 2550 4267 sed
2587 4210 2676 4264 Dei
2700 4207 2890 4272 virtus,
2919 4219 3039 4274 quae
3071 4205 3298 4256 aliarum
3335 4211 3585 4252 sororum

2002 4323 2188 4363 cur-am
2233 4314 2494 4376 gesserat,
2531 4317 2654 4356 cum
2703 4301 2820 4369 ipsa
2855 4310 3072 4368 quoque
3105 4303 3241 4358 erat,
3277 4291 3426 4346 illam
3455 4287 3588 4340 illa:-

2002 4414 2118 4454 sam
2169 4410 2451 4452 servansa
2495 4393 2669 4447 matis.
2727 4390 3063 4444 Accenditur
3114 4401 3243 4455 ergo
3273 4385 3322 4437 ei
3368 4394 3588 4450 quoque

2005 4493 2197 4547 iornax
2225 4506 2290 4544 ex
2331 4487 2509 4543 omnis
2544 4485 2760 4556 generis
2791 4481 3041 4547 materia,
3071 4495 3192 4534 cum
3223 4478 3266 4531 is
3294 4474 3384 4545 qui
3415 4475 3591 4542 jusse-

329 4577 664 4630 Ἀνάπτεται
703 4571 1000 4644 τοιγαροῦν
1042 4571 1138 4625 καὶ
1186 4569 1325 4640 αὐτῇ
1372 4569 1604 4638 κάμινος
1654 4571 1718 4619 ἐκ
1753 4585 1896 4619 παν-

2010 4594 2112 4648 rat,
2151 4584 2301 4654 prius
2336 4579 2643 4634 vehementi
2691 4578 2769 4630 ira
2819 4575 3010 4627 luisset
3052 4572 3308 4624 incensus
3351 4583 3366 4625 :
3406 4564 3590 4623 Vides,

314 4668 562 4735 τοδαπῆς
607 4667 760 4737 ὕλης,
788 4665 1057 4735 πρότερον
1098 4662 1190 4716 τοῦ
1233 4661 1630 4733 προστάξαντος
1665 4659 1901 4729 ἰσχυρῶς

2010 4675 2138 4728 dicit
2172 4673 2257 4725 ille
2315 4669 2557 4738 martyri,
2599 4668 2776 4736 ignem
2827 4665 2918 4732 qui
2969 4671 3159 4716 contra
3207 4667 3259 4711 te
3317 4663 3590 4708 movetur.

2011 4764 2128 4818 Non
2187 4763 2388 4832 poteris
2420 4761 2575 4814 aliter
2618 4759 2793 4812 minas
2834 4756 2953 4826 ejus
3001 4754 3261 4821 eﬂ‘ugere,
3300 4747 3404 4802 nisi
3448 4742 3593 4814 quod

2014 4858 2313 4927 imperatur
2354 4853 2577 4908 minime
2629 4851 3016 4921 tergiversaris,
3057 4845 3313 4898 elTectum
3366 4838 3594 4892 reddere

2016 4952 2312 5006 studueris.
2360 4947 2470 5016 Ego
2501 4959 2681 4999 autem
2725 4956 2774 4998 te
2809 4953 2927 4996 utar
2957 4939 3118 4993 etiam
3161 4933 3465 5002 benignius.
3501 4929 3596 4983 Dic

2017 5043 2162 5095 cnim
2194 5039 2366 5094 solum
2404 5053 2418 5089 :
2453 5036 2639 5105 Magna
2669 5034 2859 5097 Diana,
2897 5040 2953 5084 et
2979 5027 3161 5083 statim
3198 5025 3264 5080 ab
3296 5022 3445 5078 omni
3484 5019 3598 5074 cri-

2019 5133 2316 5187 minatione
2364 5128 2704 5183 liberaberis.
2747 5123 2840 5177 Illa
2878 5135 3059 5177 autem
3102 5138 3116 5174 :
3169 5117 3342 5177 Absit,
3398 5109 3595 5179 inquit,

2022 5236 2080 5279 ut
2111 5224 2190 5278 vel
2225 5221 2340 5276 solo
2376 5223 2536 5274 verbo
2572 5217 2763 5273 faciam
2806 5213 3007 5283 aliquid
3037 5211 3261 5278 impium
3296 5215 3351 5258 et
3379 5201 3600 5257 indeco-

317 4767 460 4834 ὀργῇ
510 4760 895 4820 διακαυθέντος
917 4775 931 4789 ⁸

326 4856 592 4926 μάρτυρι,
640 4853 700 4906 τδ
772 4851 914 4904 κατα
973 4847 1067 4902 σοῦ
1116 4849 1406 4917 καιόμενον
1461 4847 1610 4916 -πῦρς
1675 4846 1906 4915 Ἑτέρως

1009 4758 1170 4827 Ὁρᾷς
1222 4755 1339 4820 οὖν,
1389 4755 1594 4817 ἐκεῖνος
1641 4771 1778 4824 φησι
1836 4755 1902 4822 τῇ

325 4946 422 5004 οὖν
459 4951 559 5002 οὐκ
600 4951 665 5002 ἂν
703 4949 890 5000 δύναιο
936 4951 1034 5017 τὴν
1071 4946 1302 5013 ἀπειλὴν
1351 4943 1517 4998 αὐτοῦ
1552 4945 1833 5012 ἐκφυγεῖν,
1861 4943 1907 4994 εἰ

329 5051 407 5112 μη
441 5043 503 5094 τὸ
531 5042 1011 5112 προσταττόμενον
1055 5039 1210 5091 οὐδὲν
1247 5035 1655 5108 ὑπερτιθεμένη
1689 5034 1908 5086 τελέσαι
1950 5031 1956 5035 ’

332 5136 647 5206 σπουδάσῃς
671 5150 684 5164 ·
736 5133 845 5201 ἐγὼ
872 5133 928 5184 δέ
978 5149 1058 5185 σοι
1103 5131 1201 5183 καὶ
1233 5128 1743 5198 φιλανθρωπότερον
1770 5127 1916 5196 χρή-

331 5239 528 5296 σομαι·
586 5227 706 5278 είπέ
764 5227 873 5294 γὰρ
932 5225 1076 5277 κατὰ
1114 5223 1413 5294 πρόσχημα
1480 5222 1682 5292 ῥήματι
1748 5219 1919 5288 μόνῳ,

331 5318 563 5386 Μεγάλη
618 5320 651 5384 ἠ
717 5317 1017 5387 Ἄρτεμις,
1085 5316 1178 5369 καὶ
1237 5314 1400 5376 εὐθὺς
1465 5311 1679 5382 ἀπολύῃ
1738 5310 1922 5379 πάσης

2025 5327 2165 5378 rum,
2209 5322 2265 5367 et
2306 5311 2542 5381 linguam
2593 5307 2680 5361 lali
2720 5304 2956 5376 polluant
3004 5301 3302 5364 locutione,
3344 5309 3464 5364 qua:
3517 5297 3602 5345 est

332 5412 540 5474 αἰτίας.
579 5410 644 5461 'Ii
667 5410 758 5474 δὲ,
809 5411 899 5478 Μὴ
929 5409 1143 5477 γένοιτό
1181 5426 1294 5479 μοι,
1343 5405 1499 5476 φησὶ,
1535 5405 1669 5475 μηδέ
1717 5403 1922 5474 ῥήματι

2026 5405 2200 5458 aliena
2256 5420 2284 5456 a
2321 5402 2520 5472 pietate
2561 5399 2615 5453 in
2647 5413 2794 5459 eum,
2845 5397 2933 5465 qui
2969 5393 3193 5447 creavit.

338 5505 489 5577 μόνῳ
519 5503 731 5556 ἀνόσιόν
753 5520 807 5556 τι
839 5503 1034 5574 δρᾶσαι
1067 5503 1161 5557 καὶ
1184 5477 1460 5574 Ἵάπρεπές,
1495 5501 1587 5555 καὶ
1625 5501 1880 5568 γλῶσσαν
1916 5501 2165 5569 ῥυπιῦσαι
2214 5497 2441 5568 τοιούτῳ
2503 5495 2802 5565 φοέγματι,
2863 5488 3141 5560 ἀλλοτρίῳ
3194 5486 3307 5543 δντι
3341 5483 3439 5554 τῆς
3467 5477 3604 5549 πρὸς

333 5598 427 5650 τὸν
477 5597 818 5665 πεποιηκότα
862 5597 1189 5661 θεοσεϐείας.

2102 5685 2233 5739 XIII.
2272 5683 2409 5749 Quid
2451 5680 2683 5736 deinde?
2712 5675 2904 5733 Verbis
2948 5674 3151 5729 relictis
3200 5669 3349 5752 iecit,
3381 5667 3522 5738 quod
3551 5683 3599 5723 et

2023 5780 2248 5849 jnbebat
2282 5777 2379 5838 ira,
2414 5787 2467 5831 et.
2494 5775 2658 5842 jussit
2691 5785 2809 5826 eam
2841 5770 2942 5840 jaci
2979 5767 3031 5821 in
3063 5768 3260 5836 ignem.
3297 5765 3386 5816 Illa
3421 5773 3603 5819 autem

2029 5847 2135 5923 non
2190 5869 2361 5924 solum
2421 5881 2511 5922 eos
2544 5863 2630 5933 qui
2689 5862 2856 5930 ipsam
2916 5867 3070 5913 erant
3127 5847 3597 5922 comprehensuri,

415 5695 514 5749 II".
545 5694 610 5746 Τί
636 5692 698 5747 τὸ
731 5694 838 5746 ἀπὸ
872 5691 1066 5760 τοῦδε;
1100 5693 1240 5756 Τοὺς
1261 5692 1453 5761 λόγους
1489 5692 1647 5760 ἀφεὶς
1672 5730 1686 5752 ,
1720 5689 1780 5741 τὸ
1813 5687 1918 5740 ὑπὸ

342 5788 436 5842 τοῦ
457 5785 630 5856 θυμοῦ
657 5785 945 5839 κελευσῦἐν
971 5788 1170 5845 ἐποίει,
1197 5787 1292 5839 καὶ
1313 5783 1694 5848 ἀκοντίζεσθαι
1712 5779 1918 5849 ταύτην

341 5881 422 5953 τῷ
456 5882 585 5950 πυρὶ
616 5879 999 5946 προσέταττεν.
1037 5879 1101 5932 'H
1131 5881 1192 5935 δὲ.
1212 5881 1269 5933 οὐ
1300 5881 1422 5942 τοὺς
1465 5874 1909 5945 συλληψομένως
