4226 6436
709 381 807 446 511

1988 381 2269 441 MENSIS
2309 379 2732 440 AUGUSTUS.

3872 374 3979 441 512

711 491 805 545 sed
835 488 1227 560 propemodum
1279 488 1454 559 ipsum
1493 489 1657 544 etiam
1686 489 1900 560 jussum
1929 491 2292 560 praveniens,

2415 489 2586 553 μόνον,
2637 484 2772 539 ἀλλὰ
2815 484 3014 555 μικροῦ
3050 483 3149 538 καὶ
3197 483 3329 540 αὐτὸ
3361 485 3422 538 τὸ
3456 488 3789 556 πρόσταγμα
3831 487 3976 555 φθά-

713 582 765 634 in
811 579 1047 634 mediam
1102 578 1373 633 ﬂammam
1430 579 1661 644 insiluit,
1711 590 1968 651 tanquam
2034 582 2089 636 in
2129 597 2298 651 aquas

711 671 913 726 calidas
968 680 1023 725 et
1051 671 1264 725 lavacra
1304 672 1651 727 suavissima.
1683 673 1938 727 Protinus
1988 687 2114 743 ergo
2147 673 2299 727 flam-

716 774 805 812 ma
861 759 1078 828 quidem
1132 758 1559 825 diffundebatur,
1589 770 1644 815 et
1699 763 2144 832 apprehendebat
2205 777 2299 816 eos

709 852 799 919 qui
819 852 1255 907 circumstabant.
1285 851 1487 924 Tetigit
1511 865 1692 908 autem
1719 855 1857 923 ignis
1889 857 2060 925 ipsum
2083 869 2297 924 quoque

706 939 963 1007 judicem,
983 951 1093 994 tum
1123 950 1181 994 ut
1206 940 1559 994 ulcisceretur
1580 943 1935 1011 impietatem,
1968 952 2078 996 tum
2103 953 2160 996 ut
2183 945 2297 1012 ipse

714 1031 941 1084 minime
973 1031 1265 1097 dubitaret,
1316 1032 1410 1086 sed
1438 1041 1683 1086 uteretur
1717 1036 1897 1104 seipso
1931 1042 2065 1089 teste
2103 1035 2297 1089 divinae

714 1123 993 1190 potentiae.
1045 1123 1136 1176 Sic
1181 1138 1310 1194 ergo
1365 1139 1453 1178 res
1493 1123 1708 1193 quidem
1769 1126 2062 1196 impiorum
2096 1126 2296 1181 allicie-

713 1215 926 1267 bantur'
966 1214 1262 1282 dedecore;
1331 1216 1733 1287 gloriﬁcabatur
1792 1229 1975 1272 autem
2023 1217 2166 1273 Deus
2201 1234 2298 1288 per

714 1324 867 1362 suam
922 1320 1241 1380 martyrem.
1312 1312 1489 1368 Judici
1539 1324 1720 1368 autem
1778 1313 1916 1368 male
1960 1329 2018 1369 se
2062 1315 2298 1370 habebat

715 1416 778 1454 ea
815 1417 938 1471 pars
976 1404 1240 1472 corporis,
1290 1419 1455 1472 quam
1496 1403 1711 1456 flamma
1747 1405 2017 1474 tetigerat,
2048 1414 2101 1459 et
2129 1407 2296 1459 mittit

713 1494 997 1563 quosdam,
1028 1497 1118 1566 qui
1146 1504 1392 1550 sanctam
1421 1496 1775 1550 adducerent.
1796 1496 1896 1561 Qui
1929 1507 2110 1552 autem
2141 1498 2294 1553 missi

718 1584 956 1650 fuerant,
980 1587 1166 1640 vident
1197 1588 1460 1657 quosdam
1506 1589 1753 1642 candidis
1785 1589 2001 1643 indutos
2034 1589 2293 1656 vestibus,

712 1675 946 1745 eleganti
997 1686 1049 1731 et
1082 1678 1311 1732 honesta
1345 1679 1545 1748 specie,
1579 1682 1668 1748 qui
1720 1679 1804 1733 vel
1838 1680 1950 1734 sola
1977 1680 2152 1734 forma
2203 1695 2297 1750 po-

717 1770 890 1820 terant
925 1768 1194 1822 adducere
1229 1770 1280 1822 in
1324 1770 1738 1822 admirationem
1769 1787 1782 1833 ;
1829 1771 1918 1839 qui
1958 1770 2120 1825 etiam
2152 1786 2295 1840 szepe

2403 594 2588 640 νουσα,
2643 578 2731 630 ἐπὶ
2780 577 2949 646 μέσης
3001 577 3167 646 ἥλατο
3217 576 3316 646 τῆς
3370 577 3593 645 φλογὸς,
3646 579 3838 648 ὥσπερ
3885 579 3980 630 ἐπὶ

2404 670 2621 739 Θερμῶν
2665 669 2872 722 ὑδάτων
2919 669 3011 720 καὶ
3057 668 3299 738 λουτρῶν
3358 668 3572 738 ἥδιστα.
3638 670 3973 738 Παραυτίκα

2403 761 2594 832 γοῦνὴ
2632 763 2728 830 μὲν
2773 760 2903 828 φλὸξ
2950 761 3217 831 διεχεῖτο,
3275 761 3372 814 καὶ
3422 760 3534 812 τῶν
3587 765 3977 827 περιεστώτων

2403 852 2817 920 ἐπελαμϐάνετο
2840 867 2852 882 ⁸
2885 854 3090 921 ἥπτετο
3113 853 3166 905 δὲ
3195 854 3286 905 καὶ
3317 853 3484 905 αὐτοῦ
3522 852 3613 904 τοῦ
3639 855 3976 916 δικάζοντος,

2403 943 2522 1012 ἅμα
2573 944 2668 1012 μὲν
2723 940 2822 1013 τὴν
2863 943 3119 995 ἀσέϐειαν
3175 944 3536 1012 ἀμυνόμενον,
3578 946 3670 997 καὶ
3727 947 3866 1013 πρὸς
3919 946 3981 998 τδ

2406 1037 2572 1107 μηδὲν
2605 1039 2766 1091 αὑτὸν
2800 1037 3108 1106 ἀμφίϐολον
3139 1036 3304 1104 ἔχειν,
3353 1036 3467 1089 ἀλλ’
3513 1037 3688 1105 ἐαυτῷ
3735 1039 3978 1106 μάρτυρι

2403 1129 2637 1198 χρῆσθαι
2669 1129 2768 1197 τῆς
2797 1127 2891 1180 τοῦ
2923 1126 3058 1180 Θεοῦ
3083 1127 3388 1195 δυνάμεως.
3423 1127 3608 1190 Οὕτως
3641 1118 3736 1180 οὗν
3780 1127 3850 1179 τὰ
3881 1130 3977 1195 μὲν

2401 1220 2508 1272 τῶν
2553 1220 2768 1272 ἀσεϐῶν
2819 1218 3211 1290 κατῃσχύνετο,
3255 1218 3388 1280 Θεὸς
3430 1218 3485 1270 δὲ
3529 1218 3617 1270 διὰ
3663 1219 3762 1285 τῆς
3811 1220 3978 1270 αὐτοῦ

2407 1310 2680 1380 μάρτυρος
2711 1309 2994 1374 ἐδοξάζετο
3015 1325 3029 1338 ⁸
3067 1307 3182 1378 εἶχε
3215 1309 3270 1360 δὲ
3303 1308 3396 1361 καὶ
3427 1308 3504 1377 τῷ
3541 1310 3773 1379 δικαστῇ
3809 1313 3976 1377 πονή-

2407 1421 2508 1473 ρως
2539 1403 2597 1455 τὸ
2625 1401 3056 1472 παραπολαῦσαι)
3104 1402 3200 1469 τῆς
3235 1401 3432 1470 φλογὸς
3469 1404 3635 1472 μέρος
3665 1402 3760 1454 τοῦ
3793 1404 3978 1470 σώμα-

2401 1513 2512 1560 τος,
2565 1497 2660 1547 καὶ
2712 1495 2921 1563 πέμπει
2969 1494 3118 1554 τινας
3173 1494 3400 1556 ἄξοντας
3442 1495 3539 1564 τὴν
3585 1496 3769 1562 ἁγίαν.
3811 1497 3875 1548 Οἱ
3922 1496 3980 1547 δέ

2402 1587 2750 1657 πεμφθέντες
2782 1583 3255 1654 λευκημονοῠντας
3290 1585 3478 1655 ἐώρων
3507 1589 3658 1651 τινας
3690 1587 3980 1657 εὐπροσώ-

2404 1698 2538 1742 πους
2576 1681 2658 1732 ὅτι
2696 1679 2932 1749 μάλιστα
2972 1677 3068 1730 καὶ
3101 1678 3397 1746 χαρίεντας
3430 1677 3692 1748 ἔκπληξιν
3740 1681 3850 1732 ἀπὸ
3883 1680 3983 1748 τῆς

2408 1773 2620 1841 μορφῆς
2672 1769 2920 1838 ἐμποιεῖν
2964 1770 3329 1839 δυναμένουςο
3378 1769 3428 1821 οἳ
3496 1771 3592 1822 καὶ
3628 1772 3894 1834 πολλάκις
3925 1775 3984 1823 ἐν

714 1859 814 1912 visi
847 1861 1064 1912 fuerant
1096 1875 1218 1914 cum
1259 1860 1416 1914 beata
1460 1863 1663 1915 versari
1704 1862 1754 1915 in
1788 1861 2030 1928 fornace,
2065 1873 2118 1917 et
2144 1864 2301 1917 simul

2415 1863 2470 1928 τῇ
2495 1861 2708 1928 καμίνῳ
2733 1858 2987 1918 συνόντες
3014 1861 3077 1926 τῇ
3115 1857 3366 1928 μακαρίᾳ
3390 1858 3484 1910 καὶ
3507 1862 3984 1928 συναναφέροντες

715 1965 838 2004 eum
888 1965 949 2004 ea
987 1966 1179 2019 preces
1231 1951 1482 2006 fundere.
1535 1953 1670 2007 Cum
1725 1963 1905 2006 autem
1944 1954 2024 2008 eis
2055 1965 2295 2008 sanctam

716 2046 1044 2100 conantibus
1094 2062 1288 2116 capere
1335 2048 1524 2102 soluta:
1556 2059 1742 2101 essent
1773 2049 2030 2112 (tenerae,
2065 2065 2169 2102 non
2205 2065 2299 2102 va-

717 2135 896 2188 lentes
953 2135 1154 2203 aliquid
1197 2135 1434 2205 amplius
1494 2133 1674 2189 facere
1723 2152 1735 2187 :
1780 2136 2069 2205 Egredere,
2099 2138 2299 2192 clama-

717 2223 873 2289 bant,
916 2227 1109 2278 ancilla
1154 2224 1248 2280 Dei
1297 2242 1310 2279 :
1350 2235 1507 2280 vocat
1558 2236 1608 2280 te
1647 2228 1832 2296 judex.
1891 2230 2022 2292 Quae
2076 2229 2176 2282 etsi
2234 2243 2296 2283 ex

719 2316 842 2384 igne
885 2332 1102 2386 egressa
1149 2328 1295 2372 esset
1325 2318 1511 2380 illaesa,
1549 2333 1673 2371 cum
1706 2319 1750 2371 ei
1785 2321 2013 2372 omnino
2048 2335 2154 2372 non
2200 2336 2300 2372 no-

719 2409 924 2464 cuisset
966 2409 1125 2479 ignis,
1159 2419 1213 2464 et
1244 2411 1443 2479 impius
1489 2424 1687 2479 corpus
1727 2410 1948 2463 haberet
1988 2412 2167 2464 adhuc
2197 2428 2284 2466 se-

723 2502 1120 2565 miustulatum,
1163 2511 1218 2556 et
1260 2518 1321 2556 ex
1361 2503 1478 2571 ipso
1523 2511 1710 2571 posset
1751 2501 2053 2574 intelligere
2089 2523 2102 2556 :
2151 2519 2300 2557 cras-

719 2608 842 2647 sam
905 2605 1085 2648 tamen
1143 2593 1343 2646 nubem
1397 2592 1583 2650 ferens
1632 2595 1683 2646 in
1740 2597 1933 2658 oculis,
1979 2606 2094 2648 erat
2147 2597 2300 2664 plane

719 2685 1006 2753 insipiens.
1065 2685 1360 2754 Propterea
1409 2685 1460 2737 in
1507 2699 1627 2737 eam
1687 2701 1877 2740 rursus
1937 2689 2038 2740 alia
2093 2688 2303 2742 induxit

722 2776 1006 2846 supplicia,
1048 2775 1277 2846 etjubet
1323 2777 1443 2845 ejus
1486 2777 1726 2830 membra
1779 2778 2014 2848 transﬁgi
2053 2778 2299 2830 terebris.

721 2868 858 2921 Cum
913 2880 1093 2922 antem
1164 2877 1369 2940 martyr
1423 2870 1629 2921 habens
1667 2871 1890 2922 omnino
1943 2880 2174 2922 mentem
2236 2872 2301 2925 ad

725 2959 893 3013 Deum
924 2961 1212 3021 sublatam,
1242 2975 1432 3024 parum
1468 2969 1558 3013 aut
1588 2960 1724 3012 nihil
1757 2972 1973 3014 curaret
2007 2971 2296 3030 tormenta,

723 3067 844 3105 eam
878 3061 1051 3105 morte
1089 3053 1437 3106 condemnat.
1489 3050 1642 3118 Quod
1681 3053 1898 3122 quidem
1942 3071 2064 3108 cum
2096 3057 2308 3126 audiis:

721 3151 807 3195 'set
841 3141 1262 3209 adulescentula,
1296 3145 1448 3214 Cujus
1478 3159 1587 3196 non
1626 3154 1780 3197 erant
1807 3146 1989 3212 pusilli
2023 3154 2076 3197 et
2107 3147 2302 3200 mulie-

2407 1951 2543 2020 αὐτῇ
2588 1951 2685 2012 τὰς
2718 1951 2883 2020 εὐχὰς
2919 1949 3244 2018 ὲθεάθησαν.
3303 1949 3459 2003 Ἐπεὶ
3497 1945 3591 2002 οὗν
3634 1951 3984 2019 ἐπιχειροῦσι

2407 2042 2622 2102 τούτοις
2661 2041 2759 2114 τὴν
2804 2042 2966 2110 ἁγίαν
3016 2041 3203 2092 λαϐεῖν
3257 2043 3523 2111 παρεῖντο
3579 2044 3633 2094 al
3679 2041 3877 2108 δεξιαὶ,
3922 2043 3984 2093 οὐ

2407 2133 2698 2199 δυνάμενοί
2746 2150 2797 2185 τι
2849 2133 3049 2198 δρᾶσαι
3083 2130 3245 2182 πλέον
3273 2148 3286 2162 ·
3347 2130 3546 2195 Ἐξιθι,
3585 2133 3780 2196 ἐϐόων,
3821 2134 3850 2202 ἡ
3887 2131 3986 2184 τοῦ

2405 2223 2545 2276 Θεοῦ
2585 2223 2770 2292 δούλη,
2813 2227 2840 2275 ὁ
2873 2221 3108 2284 δικάζων
3144 2221 3320 2274 καλεῖ.
3370 2223 3458 2284 Ὠς
3486 2222 3580 2276 οὖν
3619 2223 3844 2286 ἄθικτος
3875 2224 3986 2276 ἀπὸ

2411 2314 2506 2367 τοῦ
2550 2314 2723 2385 πυρὸς
2771 2311 2993 2384 ἐξῆλθεν
3033 2309 3184 2366 οὐδὲν
3225 2312 3398 2382 αὐτὴν
3447 2314 3508 2366 τὸ
3553 2317 3818 2384 παράπαν
3857 2315 3987 2385 βλά-

2410 2408 2635 2476 ψαντος,
2668 2409 2694 2459 ὁ
2727 2405 2993 2476 δυσσεϐὴς
3027 2407 3204 2458 καίτοι
3244 2406 3582 2475 ἡμίφλεκτον
3617 2408 3697 2460 ἔτι
3732 2408 3790 2459 τὸ
3823 2409 3989 2470 σῶμα

2410 2500 2572 2570 ἔχων,
2627 2499 2720 2552 καὶ
2773 2497 2866 2564 ἀφ’
2919 2497 3114 2548 ἐαυτοῦ
3165 2498 3407 2548 συνεῖναι
3458 2497 3779 2567 δυνάμενος,
3836 2501 3991 2567 ὅμως

2411 2592 2555 2661 παχὺ
2590 2591 2768 2660 φέρων
2802 2591 2861 2641 1'0
2887 2590 2974 2642 ἐπὶ
3004 2590 3111 2640 τῶν
3137 2589 3450 2655 ὀφθαλμῶν·
3471 2593 3568 2660 τῆς
3589 2590 3766 2658 ψυχῆς
3802 2593 3991 2658 νέφος,

2412 2685 2675 2744 ἀσύνετος
2720 2678 2807 2750 ἦν.
2867 2681 2976 2732 Καὶ
3025 2680 3112 2730 διὰ
3152 2679 3313 2730 τοῦτο
3361 2681 3454 2731 καὶ
3502 2680 3658 2740 αὖθις
3714 2683 3993 2751 τιμωρίας

2413 2776 2622 2843 ἐπῆγεν
2657 2773 2873 2843 ἐτέρας,
2913 2775 3006 2825 καὶ
3034 2772 3330 2835 τρυπάνοις
3359 2771 3530 2843 αὐτὴν
3555 2771 3764 2824 κελεύει
3793 2773 3996 2826 διαπε-

2413 2866 2674 2936 ρονᾶσθαι
2711 2866 2777 2919 τὰ
2810 2865 2966 2935 μέλη.
3016 2862 3173 2917 Ἐπεὶ
3207 2852 3262 2916 δέ
3295 2864 3393 2935 τὴν
3427 2864 3674 2918 διάνοιαν
3723 2866 3814 2919 διὰ
3851 2883 3996 2918 παν-

2410 2963 2498 3021 τὸς
2527 2959 2660 3030 πρὸς
2688 2959 2821 3012 Θεὸν
2854 2959 3050 3028 ἔχουσα
3083 2958 3188 3010 τῶν
3215 2959 3580 3027 ἐπαγομένων
3607 2958 3766 3028 ὀλίγα
3790 2962 4000 3030 ἐφρόν-

2411 3052 2559 3112 τιζεν
2592 3051 2623 3118 ἦ
2653 3049 2829 3112 οὐδὲν,
2882 3051 2975 3102 τὸν
3017 3049 3102 3102 διὰ
3155 3047 3342 3118 ξίφους
3388 3051 3618 3104 Θάνατον
3671 3055 3768 3104 καὶ⁵
3816 3054 3996 3120 αὐτῆς

2415 3141 2757 3207 κατακρίνει,
2801 3142 2937 3211 ὅπερ
2959 3142 2990 3212 ἡ
3013 3143 3178 3212 μηδὲν
3201 3143 3422 3210 ἀγεννὲς
3451 3144 3584 3213 μηδέ
3605 3144 3744 3210 Θῆλ.υ
3763 3147 4000 3214 φρονοῦ-

723 3233 851 3287 bres
896 3234 1141 3303 spiritus.
1215 3244 1270 3286 et
1314 3244 1618 3302 reputasset
1673 3235 1772 3289 hoc
1824 3249 1942 3292 esse
2007 3237 2169 3289 veluti
2229 3237 2301 3290 si-

2415 3253 2480 3288 σα
2522 3236 2700 3296 νεᾶνις
2728 3234 3030 3298 ἀκούσασα,
3063 3237 3158 3286 καὶ
3187 3235 3375 3303 ῶσπερ
3409 3235 3677 3304 σφραγῖδα
3710 3235 3870 3287 τοῦτο
3899 3240 4000 3290 καὶ

728 3325 1022 3392 gnaculum
1053 3333 1108 3376 et
1136 3323 1444 3377 firmitatem
1478 3339 1586 3378 sum
1623 3324 1676 3376 in
1723 3325 1887 3379 Deum
1921 3327 2305 3393 confessionis,

726 3433 948 3487 magnas
996 3415 1103 3470 Deo
1138 3421 1245 3487 egit
1276 3419 1475 3488 gratias
1514 3437 1524 3470 :
1559 3419 1672 3487 Ago
1705 3419 1798 3472 tibi
1847 3421 2066 3489 gratias,
2100 3423 2307 3488 dicens,

726 3510 908 3563 divina
941 3509 1201 3570 Trinitas,
1233 3526 1339 3563 una
1370 3510 1650 3571 divinitas,
1682 3526 1787 3560 una
1833 3511 2024 3580 gloria,
2066 3529 2173 3566 una
2212 3531 2308 3581 po-

727 3604 922 3661 tentia,
961 3601 1104 3669 quod
1152 3609 1203 3655 te
1247 3609 1300 3655 et
1332 3602 1438 3655 tuis
1482 3600 1809 3670 martyribus
1857 3603 1991 3655 meis
2036 3605 2312 3660 sororibus

726 3694 943 3763 dignam
977 3710 1083 3756 me,
1116 3709 1235 3762 quas
1276 3709 1394 3746 sutn
1439 3693 1682 3753 minima,
1728 3694 2034 3748 reddidisti.
2061 3696 2311 3756 Concede

729 3799 931 3846 autem,
977 3795 1034 3837 ut
1079 3795 1254 3839 mater
1279 3800 1395 3838 mea
1442 3795 1562 3855 post
1599 3800 1778 3837 meum
1810 3787 2094 3840 decessum
2124 3791 2310 3843 tandiu

732 3878 802 3928 sit
858 3875 909 3926 in
957 3875 1057 3928 hac
1101 3877 1296 3932 misera
1337 3878 1449 3930 vita
1509 3885 1808 3942 superstes,
1858 3885 1919 3928 ut
1969 3877 2072 3931 tuis
2106 3879 2314 3934 ancillis

731 3968 871 4037 justa
912 3968 1093 4021 faciat.

807 4138 942 4195 XIV.
988 4139 1123 4196 Cum
1156 4141 1235 4197 sic
1270 4152 1488 4213 precata
1534 4155 1679 4200 esset
1719 4146 1874 4200 beata
1916 4147 2165 4204 Charitas
2215 4149 2310 4204 ad-

737 4234 1000 4286 mirandae
1039 4234 1160 4287 filia
1193 4243 1367 4286 mater
1405 4236 1737 4289 admirabilis
1773 4253 1871 4305 pro
1915 4253 1976 4290 ea
2017 4250 2097 4292 est
2128 4256 2316 4307 preca-

739 4334 815 4387 ta,
855 4339 962 4375 non
1006 4333 1065 4376 ut
1099 4338 1217 4376 eam
1279 4323 1486 4378 videret
1547 4325 1746 4393 vivam,
1775 4335 1830 4381 et
1872 4326 2033 4398 longo
2073 4337 2317 4398 tempore

735 4423 962 4482 viveret.
1017 4435 1244 4477 mortem
1295 4423 1579 4494 eﬂugiens,
1621 4436 1678 4478 et
1712 4439 1830 4478 eam
1867 4426 2036 4479 solam
2092 4426 2319 4482 haberet

2412 3328 2713 3396 ἀσφάλειαν
2760 3327 2860 3394 τῆς
2917 3324 3053 3393 πρὸς
3107 3324 3239 3376 Θεὸν
3284 3323 3575 3392 ὁμολογίας
3625 3324 3996 3398 λογισαμένη,

2415 3419 2616 3478 πολλὰς
2646 3417 2913 3487 ὡμολόγει
2940 3416 3014 3484 τῷ
3043 3415 3159 3485 Θεῷ
3192 3417 3424 3487 χάριτας
3444 3431 3458 3445 ’
3511 3414 3838 3487 Εὑχαριστῶ
3887 3437 3996 3485 σοι,

2413 3512 2669 3574 λέγουσα,
2710 3512 2828 3564 Οεία
2875 3511 3075 3580 Τριᾶς,
3136 3511 3232 3580 μία
3287 3506 3499 3580 Θεότης,
3559 3509 3655 3579 μία
3700 3510 3854 3574 δόξα,
3893 3513 3996 3581 μία

2423 3605 2674 3676 δύναμις,
2707 3606 2786 3659 ὅτι
2823 3604 2919 3657 καί
2953 3622 3018 3674 με
3050 3603 3143 3656 τοῦ
3172 3604 3460 3673 νυμᾳῶνος
3488 3604 3582 3656 τοῦ
3619 3604 3710 3656 σοῦ
3743 3605 3842 3656 καὶ
3888 3605 4000 3657 τῶν

2416 3696 2524 3750 σῶν
2612 3697 2906 3768 μαρτύρων
2976 3696 3086 3748 τῶν
3146 3695 3296 3764 ἐμῶν
3358 3695 3610 3763 ἀδελφῶν
3673 3698 3836 3762 ἀξίαν
3898 3699 4001 3768 τὴν

2417 3789 2708 3854 ἐλαχίστην
2756 3786 2984 3848 ἔδειξας.
3033 3786 3131 3844 Ab;
3180 3784 3237 3834 δὲ
3296 3785 3389 3836 καὶ
3418 3786 3516 3853 τὴν
3568 3787 3707 3854 ἐμὴν
3771 3790 4000 3859 μητέρα

2420 3879 2557 3947 μετὰ
2581 3880 2678 3949 τὴν
2698 3877 2834 3948 ἐμὴν
2864 3876 3123 3947 τελευτὴν
3148 3875 3224 3946 τῷ
3249 3876 3578 3946 ταλαιπώρῳ
3604 3878 3776 3946 τούτῳ
3797 3882 4004 3950 ὲπιζῆ-

2420 3990 2508 4025 σαι
2555 3972 2676 4042 βίῳ,
2712 3973 2836 4025 ὅσον
2870 3971 2938 4023 τὰ
2987 3970 3353 4040 νενομισμένα
3385 3971 3503 4032 ταῖς
3551 3972 3670 4033 σαῖς
3715 3970 3999 4040 Θεραπαι-

2417 4065 2556 4117 νίσιν
2588 4050 3040 4132 ’ἀφοσιώσασθαα

2493 4159 2593 4210 1Δ’.
2635 4157 2792 4210 Οὖτω
2833 4156 2933 4224 τῆς
2978 4156 3258 4224 μακαρίας
3294 4154 3581 4222 δεηθείσης
3638 4157 3914 4227 ἰ’ίγάπης,
3970 4159 4002 4228 ᾔ

2419 4247 2516 4315 τῆς
2573 4247 2882 4315 Θαυμασίας
2944 4246 3216 4312 θυγατρὸς
3276 4244 3559 4312 θαυμασία
3624 4247 3810 4314 μήτηρ
3875 4253 4004 4300 τι·ιά

2420 4337 2563 4406 ὺπέρ
2596 4335 2768 4404 αὐτῆς
2822 4334 3009 4402 δέησιν
3044 4333 3302 4395 ἐποιεῖτο,
3338 4332 3436 4400 οὐχ
3484 4332 3570 4384 ἵνα
3606 4333 3788 4396 ζῶσαν
3828 4336 4004 4404 αὐτὴν

2420 4431 2545 4502 ὁρᾷ,
2607 4428 2718 4482 οὐδ’
2775 4427 2862 4482 ἵνα.
2916 4428 3126 4499 μακρὸν
3171 4427 3366 4496 χρόνον
3419 4426 3557 4496 βιῴη
3617 4427 3708 4478 τὸν
3766 4426 4005 4480 Θάνατον

739 4517 1165 4569 consolationem
1214 4526 1270 4570 et
1317 4532 1467 4586 spem
1535 4519 1856 4582 senectutis,
1904 4533 2028 4571 cum
2071 4519 2138 4572 ab
2199 4521 2301 4572 alii:

2425 4521 2762 4590 ἐκφυγοῦσα,
2798 4523 2893 4574 καὶ
2941 4519 3294 4589 παραμυθίαν
3334 4519 3503 4587 αὐτὴν
3539 4520 3707 4588 μόνην
3738 4520 3858 4588 ἔχοι
3909 4524 4004 4572 καὶ

741 4617 885 4662 esset
930 4608 1144 4662 deserta
1207 4608 1453 4674 filiabus;
1501 4607 1638 4661 nihil
1699 4609 1895 4662 borum
1946 4619 2028 4661 est
2077 4618 2316 4675 precata,

742 4710 835 4752 aut
865 4701 1062 4761 voluit;
1110 4699 1224 4753 base
1254 4700 1400 4752 enim
1446 4699 1721 4767 judicabat
1768 4715 1890 4753 esse
1944 4710 2176 4753 matrum
2219 4700 2322 4753 illi-

741 4792 940 4846 beralis
985 4802 1038 4844 et
1075 4791 1256 4861 pusilli
1308 4791 1497 4853 animi,
1542 4799 1597 4844 et
1645 4807 1765 4860 qua:
1815 4792 2100 4845 intuentur
2141 4793 2317 4846 solum

739 4883 807 4935 ad
857 4883 910 4935 id
949 4883 1090 4950 quod
1143 4881 1319 4943 adest,
1356 4889 1408 4933 et
1452 4879 1596 4948 quod
1639 4879 1894 4931 videtur:
1942 4878 2035 4931 sed
2086 4885 2140 4930 ut
2192 4894 2322 4932 con-

744 4975 1027 5028 venienter
1063 4973 1182 5043 ejus
1231 4971 1514 5042 proposito
1563 4971 1840 5038 acciperet
1893 4973 2321 5024 consummatio-

743 5085 888 5133 nem,
916 5076 969 5122 et
991 5068 1130 5121 bona
1158 5067 1295 5120 facta
1327 5067 1501 5122 bonus
1531 5075 1849 5134 sequeretur
1879 5065 2076 5118 exitus.
2112 5064 2322 5129 Quam-

741 5178 932 5230 obrem
985 5174 1052 5228 ad
1099 5183 1334 5228 mortem
1400 5173 1448 5227 ei
1501 5173 1707 5226 addens
1759 5172 2023 5235 animum,
2071 5177 2126 5224 et
2155 5173 2220 5225 ad
2264 5171 2324 5224 fi.

747 5285 874 5323 nem
931 5283 1124 5322 cursus
1179 5266 1509 5321 confirmans
1553 5281 1566 5318 :
1614 5263 1782 5334 Euge,
1830 5263 2067 5326 dicebat,
2105 5279 2135 5317 ο
2183 5263 2321 5326 lilia;

749 5377 782 5415 ο
814 5361 918 5414 mei
972 5358 1112 5414 uteri
1174 5374 1362 5413 revera
1417 5357 1548 5412 felix
1591 5357 1804 5427 planta!
1837 5371 1869 5409 o
1912 5370 2033 5424 qua:
2086 5356 2325 5410 honora-

748 5456 874 5510 νιειί
954 5453 1234 5523 parentes!
1282 5467 1314 5506 o
1359 5467 1478 5520 qua:
1524 5453 1689 5504 Deum
1747 5451 1800 5504 in
1851 5450 1955 5503 tuis
2014 5449 2323 5518 glorificasti

752 5549 1030 5604 membris.
1077 5545 1209 5612 Quis
1264 5561 1369 5599 non
1415 5553 1562 5598 tuam
1616 5543 1858 5596 laudabit
1911 5542 2327 5596 fortitudinem?

750 5643 882 5702 Quis
917 5655 1024 5693 non
1046 5637 1212 5692 animi
1245 5637 1410 5691 robur
1435 5634 1897 5689 etconstantiam?
1917 5635 2060 5688 Vade
2090 5635 2152 5688 ad
2179 5651 2327 5688 cmu-

755 5748 972 5786 munem
1011 5731 1322 5793 Dominum,
1358 5727 1422 5780 ad
1464 5727 1780 5791 thalamum,
1811 5726 1862 5778 in
1900 5741 2057 5794 quem
2094 5743 2200 5780 non
2241 5743 2328 5779 ca-

754 5824 839 5877 dit
893 5821 1167 5885 interitus,
1211 5820 1273 5874 ad
1315 5821 1552 5888 quietem
1595 5831 1778 5871 revera
1819 5818 2048 5878 beatam,
2086 5818 2324 5871 laborum

2425 4614 2738 4683 γηροκόμον
2793 4611 2980 4663 ἐλπίδα
3029 4610 3136 4660 τῶν
3187 4609 3360 4662 ἄλλων
3418 4608 3739 4676 θυγατέρων
3788 4611 4004 4679 ἔρημος

2423 4707 2592 4760 οὖσα·
2637 4706 2790 4756 οεὸδέν
2835 4702 3073 4754 τοιοῦτον
3115 4702 3147 4771 ἡ
3197 4701 3401 4769 ηὓξατο
3453 4700 3775 4769 ἢὴθέλησε.
3812 4701 4007 4753 Ταῦτα

2423 4799 2532 4867 γὰρ
2579 4797 2819 4864 ἀγεννῶν
2863 4795 3040 4862 ἔκρινε
3085 4794 3339 4863 μητέρων
3390 4795 3482 4842 καὶ
3538 4795 3672 4859 πρὸς
3719 4793 3778 4842 τὸ
3827 4795 4006 4861 παρὶν

2430 4891 2591 4961 μόνον
2633 4887 2970 4959 βλεπουσῶν,
3007 4886 3120 4938 ἀλλ’
3159 4883 3300 4935 ῶστε
3335 4884 3482 4935 κατὰ
3517 4884 3618 4952 τὴν
3654 4883 3830 4950 αὐτῆς
3867 4885 4005 4953 πρὸ·

2426 4987 2576 5038 Θεσιν
2614 4984 2707 5034 καὶ
2739 4982 2838 5050 τὴν
2874 4979 3153 5032 τελείωσιν
3192 4975 3451 5038 δέξασθαι
3503 4975 3598 5026 καὶ
3632 4974 3824 5034 καλαῖς
3859 4978 4005 5044 πρά-

2428 5075 2541 5139 ξεσι
2575 5072 2736 5125 καλὸν
2788 5070 3156 5138 ἀκολουθῆσαι
3207 5068 3304 5120 καὶ
3355 5067 3526 5128 τέλος.
3572 5066 3662 5117 Διὸ
3710 5064 3804 5116 καὶ
3867 5065 4010 5134 πρὸς

2425 5170 2519 5220 τὸν
2547 5167 2776 5218 θάνατον
2809 5162 3186 5229 ἐπαλείφουσα
3235 5159 3464 5226 ταύτην,
3503 5158 3596 5208 καὶ
3640 5155 3775 5225 πρὸς
3813 5157 3878 5209 τὸ
3914 5155 4006 5207 τοῦ

2427 5259 2630 5328 δρόμου
2693 5257 2842 5316 τέλος
2915 5252 3340 5324 ἐπιρῤωννῦσαο
3401 5249 3564 5316 Εὖγε,
3635 5241 3678 5300 ὦ
3734 5247 4006 5313 Θύγατερ,

2427 5353 2601 5418 ἔλεγε,
2636 5344 2680 5402 ῶ
2716 5347 2949 5418 γαστρὸς
3000 5346 3138 5415 ἐμῆς
3193 5344 3466 5414 μακάριον
3513 5342 3682 5402 ὅντως
3733 5340 3931 5405 φυτὸν,
3967 5331 4010 5390 ὧ

2429 5445 2606 5512 γονεῖς
2633 5443 2934 5512 τιμήσασα,
2986 5433 3029 5492 ὦ
3085 5439 3220 5491 Θεὸν
3288 5441 3344 5489 ἐν
3395 5438 3509 5496 τοῖς
3553 5435 3666 5494 σοῖς
3724 5431 4009 5496 δοξάσασα

2439 5533 2665 5603 μέλεσι·
2701 5532 2785 5593 τίς
2813 5547 2870 5582 σε
2906 5531 3002 5598 τῆς
3035 5527 3259 5596 ἀνδρίας
3291 5525 3392 5577 ούκ
3432 5523 3749 5585 ἐπαινέσει;
3784 5521 3874 5584 τίς
3911 5521 4011 5586 τῆς

2433 5627 2751 5694 καρτερίας,
2805 5622 2890 5685 τίς
2938 5621 3036 5687 τῆς
3088 5619 3433 5679 ἐνστάσεωςς
3497 5615 3688 5668 "Amo:
3747 5613 3892 5679 πρὸς
3923 5611 4012 5662 τὸν

2433 5718 2608 5771 κοινὸν
2641 5716 2939 5782 Δεσπότην,
2979 5709 3116 5779 πρὸς
3143 5710 3234 5760 τὸν
3278 5707 3542 5775 νυμφῶνα
3575 5704 3665 5755 τὴν
3697 5703 4008 5777 ἄφθαρτον.

2435 5807 2569 5876 πρὸς
2595 5806 2690 5874 τὴν
2731 5804 3002 5873 μακαρίαν
3035 5801 3200 5862 ὅντως
3232 5801 3554 5857 ἀνάπαυσιν,
3591 5795 4008 5862 ἁπολειῴσμένη
