4226 6436
252 429 364 493 513

1529 428 1700 489 VITA
1746 425 1805 488 S.
1852 427 2252 489 STEPHANI.

3402 427 3503 492 514

246 537 362 590 τῶν
389 538 565 592 ἄθλων
600 540 697 603 τὰς
731 539 985 610 ἀμοιϐάς.
1018 541 1114 603 ’Ὡς
1144 557 1234 593 σου
1268 539 1355 592 τδν
1390 537 1655 606 στέφανον
1685 547 1822 606 φαν·
1853 546 1901 604 Α

1853 546 1901 604 Α
1928 550 2219 609 acceptura
2254 538 2744 596 remunerationes.
2781 539 2853 595 Ut
2895 538 3103 594 visione
3153 537 3506 608 apprehende

248 631 493 700 τάξομαι
532 630 690 703 δεξιᾷ
740 636 1045 703 Δεσποτικῇ
1081 630 1531 703 προτεινόμενονῐ
1581 633 1669 694 Ὠς
1702 632 1827 695 τοὺς

249 723 514 790 ἀγγέλους
567 724 680 792 ὁρῶ
729 726 1038 795 χαίροντας,
1108 725 1202 775 καὶ
1250 722 1348 791 τὴν
1399 721 1497 792 σὴν
1549 722 1829 776 τελείωσιν

249 812 660 880 ἁναμένονταςί
719 815 782 864 Ὢ
833 814 974 876 οἵαις
1029 811 1139 873 ἐγὼ
1179 810 1326 881 τρίσι
1375 811 1680 881 θυγατράσι
1729 807 1829 880 τὴν

249 900 465 972 Τριάδα
517 905 833 974 τετίμηκαε
877 901 979 959 Οἴα
1029 905 1199 976 δῶρα,
1248 898 1336 956 οἷα
1383 903 1601 972 θύματα
1659 920 1828 972 προσ-

254 995 465 1066 ήνεγκα
494 997 703 1067 ταύτῃῐ
742 997 1008 1059 Τοιαύτας
1042 997 1229 1065 εὐχὰς,
1263 995 1538 1056 τοιούτους
1575 995 1763 1062 λόγους
1797 996 1828 1063 ἡ

253 1088 399 1158 καλὴ
439 1092 622 1159 μήτηρ
655 1090 864 1158 ἐφόδιον
895 1092 962 1158 τῇ
1004 1088 1240 1157 θυγατρὶ
1276 1086 1658 1156 παρασχοῦσα,
1695 1087 1829 1155 προς

250 1181 354 1249 τὴν
393 1180 734 1250 ποθουμένην
763 1181 880 1233 ὁδὸν
912 1182 1241 1250 παρέπεμψε
1261 1197 1276 1213 ο
1310 1181 1401 1232 τὴν
1445 1179 1644 1246 αὐχένα
1681 1179 1823 1247 οὖνὴ

255 1275 508 1344 μακαρία
561 1273 894 1342 προτείνασα
946 1273 1036 1324 τὸν
1091 1274 1231 1342 ὑπὲρ
1295 1271 1532 1341 Χριστοῦ
1593 1271 1823 1323 θάνατον

251 1365 464 1434 ὑπέστη
495 1363 812 1434 προθύμως,
839 1359 904 1432 ἦς
933 1364 995 1416 τὸ
1027 1366 1187 1434 σῶμα
1216 1365 1248 1433 ὴ
1277 1365 1457 1434 μήτηρ
1501 1362 1828 1431 περιπαθῶς

253 1455 374 1523 ἅμα
413 1454 506 1506 καὶ
545 1452 791 1514 εὐλαϐῶς
831 1453 1244 1522 κατησπάζετο,
1297 1453 1358 1504 τό
1393 1469 1448 1503 τε
1485 1452 1579 1520 τῆς
1618 1452 1830 1520 φύσεως

252 1545 352 1595 καὶ
398 1546 458 1595 τὸ
507 1544 606 1613 τῆς
658 1542 884 1612 γνώμης
935 1543 1188 1604 ποιοῦσα.
1236 1542 1579 1595 εὐωδιάσασά
1629 1560 1687 1594 τε
1739 1543 1832 1594 καὶ

251 1636 676 1705 περιστείλασα,
717 1637 864 1698 ὅπως
891 1636 996 1687 ἔδει
1032 1639 1128 1704 τὴν
1162 1636 1255 1686 καὶ
1287 1634 1500 1703 μητέρα
1545 1633 1640 1686 καὶ
1681 1634 1832 1700 φιλο-

255 1731 536 1798 μςὶρτυρα,
575 1727 1012 1798 μεγαλοπρεπῶς
1042 1743 1100 1778 τε
1137 1726 1232 1778 καὶ
1258 1725 1579 1794 φιλοτίμως,
1616 1725 1708 1776 καὶ
1732 1726 1830 1775 ὅσα

252 1821 421 1887 νόμος
466 1821 558 1871 ἐπὶ
604 1819 870 1879 τοιούτοις
915 1819 1167 1884 γίνεσθαι.
1213 1817 1490 1884 λειψάνοις
1538 1816 1827 1875 τελέσασα,

1931 648 2208 699 coronam,
2245 648 2366 702 quae
2396 633 2616 688 dextera
2651 633 2858 688 Domini
2898 633 3209 703 porrigitur.
3246 631 3314 685 Ut
3347 631 3505 687 video

1931 726 2150 795 angelos
2179 726 2443 791 laetantes,
2471 737 2523 781 et
2552 732 2930 793 exspectantes
2964 733 3109 778 tuam
3147 738 3501 778 consumma-

1931 819 2154 872 tionem.
2220 818 2264 871 Ο
2317 819 2512 887 quibus
2573 833 2672 888 ego
2737 817 2905 871 tribus
2964 817 3176 879 ﬁliabus
3247 817 3505 870 honoravi

1930 908 2250 963 Trinitatem
2285 910 2500 978 :qualia
2539 909 2700 973 dona,
2739 909 2926 978 quales
2969 909 3016 962 ei
3058 908 3227 960 obtuli
3260 905 3504 960 sufﬁtus?

1931 1000 2088 1055 Tales
2126 1017 2334 1070 preces,
2386 1003 2508 1055 talia
2556 1003 2720 1054 verba
2753 1017 2874 1055 cum
2909 1001 3122 1070 egregia
3174 1008 3345 1052 mater
3384 999 3506 1050 filiae

1931 1093 2249 1162 pra-buisset
2286 1094 2554 1156 viaticum,
2589 1101 2876 1162 prosecuta
2913 1103 2994 1145 est
3022 1091 3084 1143 ad
3117 1090 3254 1143 viam
3291 1089 3509 1143 deside-

1935 1192 2128 1237 ratam.
2176 1183 2384 1236 Collum
2448 1183 2626 1250 itaque
2679 1183 2964 1251 porrigens
3029 1182 3203 1241 beata,
3258 1192 3509 1249 prompto

1932 1282 1985 1325 et
2013 1274 2177 1327 alacri
2227 1273 2408 1326 animo
2448 1273 2611 1326 subiit
2650 1282 2877 1326 mortem
2914 1285 3009 1340 pro
3055 1269 3294 1325 Christo.
3341 1272 3509 1339 Cujus

1931 1380 2127 1431 corpus
2162 1376 2332 1419 mater
2377 1367 2533 1418 simul
2583 1381 2705 1418 cum
2754 1380 2942 1435 magna
2974 1364 3257 1418 affectione
3297 1372 3349 1416 et
3391 1364 3509 1433 pie-

1934 1465 2039 1508 tate
2072 1465 2153 1508 est
2184 1457 2425 1522 amplexa
2464 1473 2474 1508 :
2511 1455 2820 1524 faciensque
2866 1455 3006 1524 quod
3041 1456 3254 1508 volebat
3289 1455 3424 1508 ratio
3455 1465 3508 1507 et

1934 1560 2145 1608 natura,
2182 1563 2300 1600 cum
2337 1548 2512 1615 ipsum
2545 1546 2821 1609 suliiisset,
2848 1556 2900 1600 et
2930 1557 2985 1599 ut
3013 1547 3237 1599 decebat
3279 1557 3506 1599 matrem

1935 1650 1989 1696 et
2063 1650 2350 1710 martyrum
2422 1651 2716 1700 amantem,
2781 1638 3059 1706 splendide
3110 1649 3161 1691 et
3230 1637 3512 1706 magniﬁce

1933 1734 2348 1799 composuisset,
2401 1739 2452 1783 et
2497 1745 2557 1782 ea
2615 1729 2854 1788 fecisset,
2903 1744 3019 1796 qua:
3065 1728 3132 1781 de
3178 1743 3328 1780 more
3377 1729 3512 1782 ﬁunt

1935 1823 1986 1875 in
2034 1823 2195 1876 rebus
2237 1821 2561 1890 huiusmodi,
2597 1821 2648 1874 id
2700 1835 2913 1890 quoque
2951 1820 3002 1873 in
3054 1822 3253 1888 templo
3285 1821 3512 1890 deponit

250 1913 367 1972 τοῖς
397 1910 507 1962 τῶν
539 1909 784 1978 ἀδελφῶν
815 1910 910 1964 καὶ
939 1910 1102 1962 τοῦτο
1145 1909 1448 1969 συνάπτει,
1485 1907 1577 1958 καὶ
1607 1905 1683 1974 τῷ
1716 1906 1826 1973 ναῷ
1859 1894 1901 1955 Β

1859 1894 1901 1955 Β
1931 1912 2088 1965 simul
2120 1927 2241 1964 cum
2282 1914 2579 1976 sororibus,
2617 1913 2759 1978 quod
2797 1912 2882 1966 illa
2934 1912 3080 1978 prius
3115 1913 3371 1980 praeclare
3423 1928 3516 1963 eit-

253 2002 590 2071 κατατίθησι
632 2002 829 2067 ταῦτα,
865 2002 922 2053 ὃν
959 2002 1116 2068 ἔτυχε
1169 2001 1438 2069 πρότερον
1473 1999 1829 2065 ἀναστήσασα

253 2091 585 2158 φιλοκάλως,
619 2092 756 2158 μέγα
781 2108 833 2142 τι
859 2091 1048 2159 χρῆμα
1072 2089 1165 2141 καὶ
1188 2088 1464 2158 θησαυρὸν
1487 2089 1830 2156 ὰδαπάνητον

253 2186 287 2250 ὴ
357 2182 712 2251 φιλόχριστος
785 2182 956 2242 ὅντως
1017 2182 1384 2252 δωρησαμένη
1457 2184 1828 2252 Χριστιανοῖς,

255 2274 404 2324 ἴασιν
436 2271 639 2341 ψυχῆς,
681 2274 824 2325 ἴασιν
866 2272 1139 2342 σώματος,
1174 2273 1523 2343 ἀπρόσκοπον
1560 2272 1678 2342 βίου
1713 2273 1828 2324 δια-

255 2366 472 2435 γωγὴν,
513 2367 649 2436 πρὸς
683 2366 815 2418 Θεὸν
850 2367 1146 2429 οίκείωσιν,
1193 2366 1444 2435 μεγάλων
1477 2366 1699 2432 ἀγαθῶν
1727 2383 1829 2416 πα-

257 2459 423 2526 ροχὴν
458 2458 744 2529 δωρεῖσθαι
775 2459 1094 2526 δυνάμενον.
1134 2454 1264 2510 Εἶτα
1296 2458 1436 2526 μετὰ
1469 2458 1571 2524 τὴν
1607 2457 1822 2524 ἐκείνης

250 2551 565 2611 τελείωσιν,
622 2551 794 2618 τριῶν
843 2550 979 2600 ὅλων
1036 2549 1262 2615 ἡμερῶν
1309 2549 1738 2616 διαγενομένων,
1797 2551 1828 2616 ὴ

255 2641 554 2699 καλλίπαις
607 2639 746 2706 αὕτη
809 2639 993 2706 μήτηρ
1047 2637 1341 2702 ἐξελθοῦσα
1393 2637 1494 2704 τὴν
1536 2636 1679 2704 ὑπὲρ
1725 2636 1832 2687 τῶν

258 2731 423 2799 ἱερῶν
458 2731 664 2781 παίδων
687 2732 985 2780 τελέσουσα
1017 2729 1264 2797 μνήμην,
1298 2727 1590 2796 προσφῦσα
1623 2730 1686 2797 τῇ
1723 2727 1832 2779 τῶν

254 2824 532 2891 λειψάνων
590 2823 770 2891 σορῷν
830 2823 999 2890 Τίμια
1063 2820 1215 2890 παρὰ
1263 2821 1380 2891 Θεῷ
1430 2821 1669 2888 θύματα,
1703 2819 1829 2890 ἔφη,

247 2919 652 2986 τετελειωμένα
686 2917 1122 2986 καλλιερήματα,
1150 2916 1375 2980 δέξασθε
1405 2917 1502 2984 τὴν
1542 2917 1699 2985 ὑμῶν
1725 2934 1831 2985 μη-

253 3011 392 3079 τέρα
465 3012 732 3075 σύσκηνον
808 3011 922 3069 τοῖς
1003 3009 1300 3076 ὑμετέροις
1367 3003 1447 3068 οἷς
1528 3011 1831 3059 κατοικεῖτε

255 3100 632 3169 σκηνώμασιν.
667 3099 851 3150 Ταῦτα
903 3099 1030 3166 ἔφη,
1067 3098 1162 3149 καὶ
1199 3098 1528 3166 συναπήχθη
1567 3100 1679 3158 τοῖς
1729 3099 1827 3166 ῥή-

260 3213 430 3264 μασιν
476 3195 507 3262 ἡ
551 3193 794 3261 γενναία,
839 3194 931 3244 καὶ
980 3191 1148 3244 ’ύπνον
1199 3190 1416 3243 ὕπνωσε
1465 3192 1555 3243 τὸν
1606 3190 1829 3254 δικαίοις

257 3286 595 3356 ἁρμόζοντα,
633 3286 664 3355 ή
705 3289 890 3355 μήτηρ
927 3282 1296 3354 προστεθεῖσα
1336 3287 1454 3345 ταῖς
1503 3283 1830 3351 Θυγατράσι,

256 3381 354 3431 καὶ
383 3381 535 3447 κοινῇ
563 3378 723 3429 πάλιν
751 3379 827 3446 τῷ
858 3379 966 3430 τῶν
987 3376 1160 3444 ἁγίων
1199 3374 1362 3444 χορῷ.
1389 3375 1454 3426 Δί
1484 3374 1614 3441 γοῦν
1650 3376 1834 3428 συνελ-

256 3471 451 3523 θοῦσαι
495 3468 840 3535 φιλευσεΰείς
887 3470 954 3521 τὰ
1001 3468 1370 3542 νενομισμένα
1420 3467 1516 3519 καὶ
1565 3465 1652 3517 ἐπ’
1693 3466 1828 3533 αὐτῇ

254 3562 574 3624 τελέσασαι,
640 3565 704 3627 τῇ
753 3563 904 3628 κοινῇ
979 3561 1087 3611 τῶν
1138 3558 1456 3626 θυγατέρων
1507 3557 1649 3624 σορῷ
1701 3572 1832 3606 κατ-

255 3655 463 3703 έθεντο.
519 3651 664 3701 Ἔδει
707 3651 814 3716 γάρ
847 3650 1037 3719 ῶσπερ
1063 3652 1171 3702 τῶν
1204 3650 1412 3718 ψυχῶν,
1463 3646 1603 3698 οὓτω
1639 3647 1702 3716 δὴ
1735 3647 1830 3698 καὶ

256 3745 369 3794 τῶν
415 3742 684 3809 σωμάτων
722 3742 851 3811 μίαν
881 3741 1060 3792 αὐτῶν
1095 3736 1235 3793 εἶναι
1270 3739 1370 3811 τὴν
1416 3739 1721 3804 κατοικίαν,
1752 3741 1831 3801 εις

254 3834 418 3897 ὃόξαν
449 3835 685 3903 Πατρὺς,
730 3835 852 3886 Γίοῦ
881 3835 974 3887 καὶ
1006 3833 1163 3901 ἁγίου
1198 3832 1537 3901 Πνεύματος,
1566 3833 1664 3902 τῆς
1701 3833 1831 3899 μιᾶς

255 3926 535 3994 θεότητος,
641 3927 838 3997 πρέπει
872 3929 1020 3979 πᾶσα
1062 3927 1211 3991 δόξα,
1247 3926 1404 3995 τιμὴ,
1453 3925 1546 3976 καὶ
1593 3922 1832 3989 προσκύο

255 4036 436 4089 νησις,
462 4020 557 4070 νῦν
587 4023 678 4071 καὶ
706 4021 786 4080 είς
817 4022 941 4080 τοὺς
975 4019 1178 4079 αἰῶνας
1210 4018 1318 4069 τῶν
1348 4017 1583 4071 αἰώνων.
1631 4014 1828 4083 Ἀμήν.

1934 2005 2215 2066 citaverat,
2260 2019 2370 2059 rem
2412 2018 2656 2072 magnam
2704 2010 2755 2055 et
2786 2002 3117 2066 thesaurum,
3151 2004 3509 2070 quiconsumi

1935 2110 2046 2148 non
2109 2102 2308 2162 potest,
2365 2109 2490 2146 vere
2549 2108 2737 2146 amans
2798 2093 2998 2146 Christi
3057 2091 3258 2145 femina
3324 2094 3513 2164 largiti:

1934 2187 2261 2241 Christianis
2320 2185 2583 2241 medelam
2655 2185 2870 2248 animm,
2927 2185 3188 2239 medelam
3248 2187 3511 2254 corporis,

1934 2279 2253 2332 inoffensam
2326 2279 2446 2330 vita:
2497 2278 2942 2338 trausactionem,
2996 2275 3106 2328 Deo
3169 2277 3511 2343 conjunctio-

1939 2387 2086 2433 nem,
2120 2378 2173 2423 et
2215 2368 2304 2437 qui
2349 2376 2523 2437 potest
2573 2382 2762 2438 magna
2801 2367 2943 2420 bona
2982 2366 3245 2434 pra'bere.
3305 2366 3511 2419 Deinde

1935 2479 2057 2517 cum
2090 2473 2198 2516 tres
2229 2460 2423 2531 integri
2452 2459 2566 2514 dies
2599 2460 3040 2514 intercessissent
3067 2472 3186 2528 post
3215 2459 3358 2512 illius
3385 2476 3517 2513 cono

1936 2556 2377 2619 summationem,
2440 2569 2652 2623 egressa
2715 2553 2829 2606 haec
2880 2553 3213 2622 egregiarum
3283 2551 3512 2604 ﬁliarum

1934 2659 2106 2701 mater
2162 2662 2260 2714 pro
2315 2646 2676 2700 sacrosanctis
2731 2645 2938 2697 filiabus
3013 2653 3298 2710 peractura
3362 2659 3512 2697 com-

1934 2735 2404 2799 memorationem,
2434 2735 2698 2789 accedens
2731 2734 2795 2786 ad
2846 2732 3081 2785 loculum
3117 2730 3466 2801 reliquiarum
3497 2752 3508 2784 :

1936 2832 2210 2892 Pretiosae,
2263 2829 2416 2889 dixit,
2476 2827 2620 2897 apud
2686 2825 2856 2879 Deum
2897 2824 3104 2888 bostiw,
3141 2835 3517 2877 consummata

1936 2933 1988 2977 et
2041 2923 2266 2992 pulchre
2308 2922 2454 2974 litata
2516 2919 2797 2982 sacriﬁcia,
2847 2917 3077 2986 accipite
3123 2926 3357 2971 vestram
3399 2933 3516 2970 ma-

1937 3025 2069 3067 trem
2134 3013 2578 3068 contubernalem
2634 3014 2685 3065 in
2757 3010 2973 3070 vestris,
3041 3025 3162 3077 qua:
3242 3008 3513 3073 habitatis,

1935 3105 2316 3157 tabernaculis.
2363 3105 2488 3156 llaec
2539 3103 2694 3163 dixit,
2743 3112 2792 3154 et
2827 3102 2986 3152 simul
3034 3118 3156 3154 cum
3199 3101 3280 3155 bis
3333 3103 3514 3155 verbis

1937 3197 2194 3250 abscessit
2226 3197 2418 3248 "mlier
2451 3193 2688 3263 egregia,
2731 3202 2783 3246 et
2814 3206 3030 3256 somno,
3065 3194 3154 3260 qui
3181 3193 3344 3258 justis
3379 3208 3516 3245 con-

1939 3290 2102 3358 gruit,
2137 3288 2428 3341 obdormiit
2470 3297 2643 3340 mater
2690 3285 2870 3339 addita
2908 3284 3139 3347 ﬁliabus,
3181 3293 3233 3336 et
3265 3299 3515 3336 commu-

1939 3381 1993 3432 ni
2052 3395 2238 3431 rursus
2309 3380 2878 3431 choro-sanctorum.
2949 3374 3082 3429 Cum
3167 3384 3345 3430 autem
3413 3376 3513 3445 piae

1938 3469 2322 3523 convenissent
2373 3467 2612 3530 feminae,
2644 3467 2693 3520 ei
2719 3481 2937 3534 quoque
2965 3466 3125 3532 justis
3156 3466 3310 3518 factis
3345 3466 3516 3533 depo-

1938 3573 2165 3620 suerunt
2219 3563 2270 3614 in
2311 3563 2587 3616 communi
2647 3561 2823 3615 loculo
2883 3561 3138 3615 filiarum.
3215 3559 3514 3630 Oportebat

1937 3658 2103 3721 enim,
2155 3655 2425 3724 quomodo
2479 3655 2807 3717 animarum,
2860 3652 2930 3706 ita
2988 3653 3152 3706 etiam
3220 3667 3507 3720 c0rporum

1939 3763 2056 3800 esse
2097 3763 2258 3800 unam
2328 3745 2711 3797 habitationem
2756 3761 2770 3794 :
2817 3745 2881 3796 ad
2949 3745 3171 3810 gloriam
3245 3743 3418 3796 Patris
3460 3754 3513 3795 et

1939 3838 2080 3899 Filii,
2133 3846 2186 3891 et
2237 3835 2474 3906 Spiritus
2521 3836 2717 3900 sancti,
2766 3837 2928 3889 unius
2969 3835 3290 3894 divinitatis.
3347 3832 3506 3903 quam

1939 3925 2092 3980 decet
2132 3912 2533 3995 omnis/gloria,
2592 3925 2763 3978 honor
2807 3933 2861 3977 et
2919 3924 3183 3988 ador-ario,
3257 3940 3399 3978 nunc
3460 3933 3515 3978 et

1941 4016 1995 4069 in
2034 4015 2226 4068 sweula
2267 4015 2613 4068 seculorum.
2668 4013 2862 4066 Amen.

1716 4380 2059 4499 VlTA

973 4634 1324 4790 SAN
1352 4633 1658 4786 ΟΤΙ
1847 4626 2809 4782 STEPHANI

1479 4897 1705 4958 ΡΛΡᾸΞ
1753 4897 1852 4957 ΕΤ
1901 4895 2320 4956 MAllTYRlS.

1062 5063 1262 5127 (Latine
1284 5062 1412 5124 apud
1443 5059 1638 5111 Surium
1661 5058 1720 5105 ad
1743 5058 1872 5105 diem
1899 5057 1930 5103 2
1949 5056 2178 5119 Augusti.
2194 5057 2362 5110 Graece
2385 5069 2482 5104 non
2507 5055 2709 5113 exstat.)

329 5395 453 5459 Quo
485 5399 726 5462 tempore
778 5394 1093 5450 Valerianus
1153 5400 1205 5446 et
1242 5386 1830 5457 Gallienusimpictatis
1861 5392 1907 5452 D
1937 5385 2237 5450 detulisset,
2258 5399 2446 5440 omnes
2464 5383 2582 5452 ejus
2597 5379 3504 5448 facultatesipsebaberetetquos-

258 5471 945 5551 sectatoresimperabant,
967 5485 1396 5540 Christianorum
1429 5478 1831 5549 quamplurimi,

261 5578 647 5635 acerbissimos
701 5587 958 5649 tyrannos
1001 5581 1355 5641 declinantes,
1379 5575 1682 5629 latitabant.
1718 5571 1835 5626 Non

258 5673 684 5727 deeranttamen
713 5672 804 5742 qui
842 5672 961 5726 ﬁdei
993 5682 1268 5725 certamen
1299 5671 1615 5732 subeuntes,
1640 5675 1837 5736 marty-

262 5761 333 5812 rii
369 5759 601 5829 palmam
641 5771 1082 5832 assequerentur.
1123 5761 1250 5814 Erat
1322 5761 1465 5813 enim
1491 5757 1571 5810 lex
1593 5756 1838 5826 proposi-

265 5856 322 5902 ta
375 5861 434 5906 ut
471 5850 773 5922 quicunque
798 5852 1166 5908 Christianum
1221 5851 1496 5906 hominem
1533 5849 1833 5902 latitantem

1939 5493 2156 5546 cunque
2181 5478 2414 5530 honores
2434 5475 2490 5528 in
2506 5463 2747 5528 exercitu
2764 5472 3023 5541 petiisset,
3045 5471 3288 5524 obtinere
3301 5477 3504 5538 posset.

1938 5568 2035 5620 Illo
2079 5568 2238 5638 igitur
2269 5576 2510 5635 tempore
2565 5565 2626 5617 Β.
2691 5565 2948 5618 Romana:
3013 5564 3160 5616 urbis
3221 5563 3508 5631 episcopus

1941 5660 2272 5728 Stephanus,
2305 5673 2428 5710 cum
2477 5665 2648 5710 totum
2704 5657 2910 5710 clerum
2969 5663 3371 5726 congregasset,
3431 5653 3510 5706 sic

1940 5769 2064 5807 eum
2085 5751 2288 5806 affatus
2317 5759 2436 5806 est:
2473 5750 2740 5815 Audistis,
2778 5750 2974 5803 fratres
3009 5761 3062 5801 et
3107 5747 3508 5807 commilitones

1942 5847 2069 5912 mei,
2108 5847 2546 5905 crudelissimum
2607 5847 2844 5900 edictum
2906 5843 3128 5908 diaboli,
3175 5853 3229 5897 ut
3278 5841 3318 5892 si
3385 5839 3506 5906 quis
