4226 6436
735 397 840 458 515

1973 400 2258 460 MENSIS
2313 403 2744 464 AUGUS'I‘US.

3879 406 3974 463 516

726 513 1091 567 Christianum
1125 513 1583 583 deprehenderit,
1620 531 1809 570 omnes
1863 515 1978 584 ejus
2020 518 2301 573 facultates
2327 526 2378 585 Α
2405 523 2640 577 Titulum
2665 529 2909 574 vocatum
2943 520 3109 575 fuisse
3135 521 3390 582 diximus,
3426 523 3605 591 itaque
3666 522 3976 576 Nemesium

728 606 839 673 ipse
863 606 1154 675 possideat.
1181 606 1370 658 Moneo
1391 607 1552 676 igitur
1580 623 1692 671 vos,
1729 609 1942 669 fratres,
1967 620 2024 662 ut
2055 621 2298 665 terrenas

724 697 939 750 divitias
963 701 1342 759 eontemnatis,
1368 715 1474 764 quo
1504 700 1736 753 etelestis
1758 703 1904 769 regni
1934 701 2295 755 luere-ditatem

726 791 1007 857 percipere
1058 793 1312 858 possitis:
1373 790 1545 843 Nolite
1604 792 1961 858 hujusmundi
2029 794 2299 861 principes

723 883 1079 947 extimescere
1112 897 1123 932 :
1152 884 1242 934 sed
1281 882 1443 935 Deum
1506 885 1623 936 cmli
1685 897 1738 936 et
1800 893 1955 938 terrze
1990 886 2298 946 Dominum,

723 974 948 1041 ejusque
975 974 1305 1041 unigenitum
1339 974 1526 1026 Filium
1548 974 1728 1027 Jesum
1757 977 2026 1028 Christum
2058 979 2298 1039 adorare,

727 1065 876 1117 illum
892 1066 1068 1125 colite,
1089 1068 1152 1117 ad
1182 1067 1330 1118 illum
1351 1066 1647 1136 confugite,
1668 1069 1756 1136 qui
1782 1080 1954 1135 potest
1985 1084 2083 1121 nos
2113 1084 2300 1122 omnes

730 1158 1294 1224 eriperedemanibus
1360 1158 1698 1212 inimicorum
1762 1171 2071 1213 nostrorum
2135 1173 2188 1214 et
2235 1163 2300 1215 de

728 1251 920 1302 diaboli
959 1251 1164 1302 malitia
1205 1251 1453 1304 liberatos
1507 1267 1603 1304 sua
1651 1253 1819 1321 gratia
1857 1253 2225 1306 corroborare.

799 1335 861 1385 II.
890 1333 1040 1388 Tunc
1068 1340 1343 1404 presbyter
1383 1339 1622 1405 quidam,
1678 1340 1894 1393 nemine
1925 1341 2139 1395 Bonus:
2169 1343 2296 1404 Nos,

728 1423 942 1492 inquit,
1008 1435 1252 1479 terrenas
1341 1439 1556 1480 nostras
1631 1428 1911 1484 facultates
1997 1433 2302 1501 relinquere

727 1517 780 1567 in
817 1517 998 1568 animo
1031 1518 1315 1580 habemus,
1340 1521 1584 1586 quinimo
1622 1524 1937 1590 sanguinem
1963 1523 2136 1590 ipsum
2180 1539 2301 1591 pro-

732 1614 850 1674 pter
887 1609 1167 1661 Dominum
1228 1622 1474 1662 nostrum
1528 1610 1709 1663 .Iesum
1755 1613 2056 1675 Christum,
2104 1625 2154 1666 ct
2181 1616 2296 1680 ejus

729 1700 963 1752 nominis
1016 1700 1406 1754 confessionem
1455 1703 1734 1754 effundere
1794 1707 1960 1770 parati
2008 1722 2214 1767 sumus,
2249 1718 2302 1759 ut

727 1791 878 1845 illum
899 1792 1109 1858 assequi
1139 1792 1279 1860 digni
1303 1793 1616 1846 ellieiamur.
1645 1794 1735 1846 His
1757 1796 1933 1855 dictis,
1954 1812 2140 1852 omnes
2191 1800 2302 1853 cle-

2405 615 2455 665 in
2491 630 2681 679 aquam
2713 613 2947 674 demisit,
2983 623 3036 666 et
3067 614 3356 681 baptizavit
3390 617 3442 666 in
3509 617 3725 669 nomine
3785 617 3978 680 Patris,

2407 713 2458 755 et
2488 704 2701 767 [’ilii,et
2733 704 2962 770 Spiritus
2997 705 3191 757 sancti.
3251 706 3387 758 Cum
3467 723 3591 759 vero
3650 724 3713 759 ex
3776 709 3982 775 piscina

2403 796 2639 858 exiisset,
2667 801 2827 861 erepit
2881 795 3046 863 ipsius
3081 798 3183 848 filia
3227 800 3460 850 clamare
3497 817 3507 850 :
3567 800 3642 853 En
3697 801 3978 854 hominem

2403 888 2579 946 video,
2616 889 2704 954 qui
2739 888 2912 956 tetigit.
2971 890 3156 940 oculos
3211 904 3378 950 meos,
3433 891 3482 941 in
3535 891 3691 957 cujus
3745 893 3977 944 circuitu

2405 994 2609 1047 magna:
2647 981 2782 1032 lucis
2814 981 3070 1047 Splendor
3101 992 3340 1047 apparet.
3395 981 3546 1034 Tune
3581 981 3896 1049 Stephanus
3932 993 3980 1035 et

2402 1065 2572 1135 ipsam
2609 1069 2844 1122 Nemesii
2877 1069 3034 1121 filiani
3073 1069 3384 1137 baptizavit,
3409 1086 3523 1136 qui-.e
3561 1069 3763 1124 Luetlla
3801 1083 3981 1126 vorata

2401 1171 2504 1211 est.
2555 1156 2629 1210 Ex
2669 1160 2768 1211 hoc
2833 1170 3075 1226 tempore
3146 1159 3296 1210 multi
3349 1168 3631 1226 coeperunt
3693 1160 3759 1210 ad
3820 1162 3979 1228 pedes

2403 1249 2548 1301 beati
2585 1247 2854 1314 pontificis
2908 1247 3168 1316 Stephani
3222 1264 3278 1300 se
3324 1258 3690 1315 prosternere,
3750 1258 3803 1300 et
3860 1266 3979 1301 cum

2404 1334 2655 1402 lacrymis
2707 1336 3032 1402 baptismum
3069 1337 3134 1387 ab
3162 1351 3226 1388 eo
3255 1348 3459 1404 petere.
3494 1337 3583 1390 Illo
3614 1339 3795 1405 itaque
3873 1339 3980 1397 die.

2402 1441 2508 1492 quo
2540 1427 2740 1479 Lucilla
2765 1427 3035 1494 baptiZata
3066 1435 3164 1489 est,
3188 1442 3362 1480 mares
3384 1440 3436 1480 et
3459 1427 3674 1480 femina:
3699 1430 3980 1497 sexaginta

2402 1519 2508 1572 duo
2563 1519 2817 1585 baptizati
2876 1529 3023 1571 snnt.
3079 1516 3168 1572 Sic
3229 1520 3410 1585 igitur,
3459 1520 3641 1572 divina
3675 1521 3851 1588 gratia
3922 1531 3980 1572 et

2407 1625 2512 1678 ope
2544 1611 2853 1678 adjuvante,
2893 1610 3044 1662 mulli
3084 1608 3182 1660 viri
3216 1608 3381 1662 Deum
3425 1622 3730 1663 metuentes
3762 1628 3828 1663 ex
3854 1628 3985 1678 gen-

2413 1704 2574 1766 tibus,
2605 1703 2818 1755 beatum
2857 1704 3162 1771 pontificem
3206 1704 3542 1771 Stephanum
3599 1706 3878 1767 adierunt,
3928 1712 3984 1754 ut

2405 1797 2471 1850 ab
2502 1797 2594 1849 illo
2616 1796 2822 1849 Christi
2862 1797 3190 1864 baptismum
3219 1798 3548 1864 acciperent.
3591 1794 3708 1846 Mox
3743 1796 3827 1846 ille
3860 1811 3985 1847 san-

731 1884 826 1934 rici
869 1882 931 1935 ad
977 1883 1268 1934 beatissimi
1301 1885 1572 1949 pontificis
1617 1887 1781 1953 pedes
1813 1891 2088 1954 prostrati,
2140 1891 2302 1960 signi-
2339 1872 2377 1924 Β
2409 1886 2682 1939 etissimus
2737 1887 3002 1954 pontifex,
3043 1883 3282 1954 Spiritus
3319 1886 3486 1938 sancti
3520 1886 3690 1954 gratia
3726 1887 3985 1945 refertus,

729 1973 978 2038 ficarunt,
1026 1976 1166 2042 quod
1198 1978 1424 2044 quisque
1464 1980 1690 2045 gentiles
1752 1980 1896 2031 domi
1965 1996 2073 2033 sine.
2135 1982 2305 2035 habe~

731 2079 831 2129 ret,
857 2068 943 2133 qui
972 2069 1230 2133 baptizari
1266 2079 1534 2132 Optarent.
1567 2070 1748 2137 Itaque
1768 2086 1795 2122 a
1818 2072 2069 2138 pontifice
2096 2089 2307 2140 quaere-

729 2157 861 2210 bant
895 2173 1017 2209 num
1061 2159 1201 2232 alio,
1255 2176 1320 2210 an
1375 2160 1439 2212 ad
1495 2177 1617 2213 eum
1681 2163 1798 2215 illos
1850 2163 2061 2217 ducturi
2103 2173 2302 2226 essent,

728 2265 836 2318 quo
898 2249 1154 2316 baptizari
1223 2262 1462 2313 possent.
1516 2252 1686 2306 Jussit
1749 2255 1908 2322 igitur
1953 2258 2302 2312 beatissimus

729 2344 1038 2410 episcopus,
1069 2352 1123 2395 ut
1153 2353 1370 2410 postero
1401 2345 1485 2396 die
1514 2346 1579 2396 ad
1616 2352 1879 2413 cryptam,
1931 2350 2301 2416 quzeappella-

730 2446 815 2487 tur
846 2432 1165 2500 Nepotiana,
1195 2450 1384 2488 omnes
1415 2436 1791 2488 convenirent.
1860 2437 1995 2490 Cum
2045 2439 2206 2507 igitur
2238 2438 2304 2492 ad

729 2543 845 2581 eam
904 2537 1142 2594 cryptam
1191 2530 1594 2589 convenissent,
1650 2529 1854 2582 inventi
1897 2538 2024 2581 sunt
2055 2529 2164 2583 illic
2194 2539 2300 2584 tam

731 2635 930 2678 mares,
991 2636 1150 2688 quam
1196 2620 1430 2683 feminaz,
1453 2629 1673 2674 centum
1718 2631 1770 2674 et
1800 2631 1952 2684 octo;
2013 2638 2149 2690 quos
2207 2623 2295 2676 illo

733 2712 849 2778 ipso
881 2712 968 2765 die
996 2711 1242 2764 Pontifex
1299 2712 1351 2764 in
1401 2714 1620 2765 nomine
1680 2713 1886 2766 Domini
1933 2715 2104 2767 nostri
2163 2713 2292 2766 Jesu

729 2801 930 2854 Christi
965 2802 1305 2855 sanctissimo
1326 2801 1650 2869 baptismate
1680 2812 1731 2855 et
1749 2804 1866 2855 aliis
1882 2803 2082 2856 divinis
2104 2815 2302 2872 myste-

735 2893 830 2945 riis
861 2894 1220 2957 consecravit,
1267 2903 1321 2946 et
1360 2903 1417 2946 ut
1476 2893 1578 2946 illis
1611 2893 1877 2960 placatum
1917 2909 1977 2946 ac
2012 2894 2301 2962 propitium

731 2983 895 3036 i'leum
933 2985 1196 3041 redderet,
1243 2984 1563 3036 sacriticium
1617 2984 1829 3048 obtulit,
1869 2987 2053 3054 siCque
2110 3003 2301 3040 omnes

731 3084 1195 3129 sacramentorum
1228 3076 1514 3143 participes
1543 3077 1668 3129 facti
1696 3088 1846 3131 sunt.

809 3167 894 3219 Ill.
930 3167 1004 3220 Eo
1025 3177 1201 3220 autem
1227 3169 1333 3231 die,
1360 3168 1447 3236 qui
1470 3170 1726 3236 deinceps
1746 3179 1964 3222 secutus
1983 3181 2086 3233 est,
2112 3174 2298 3224 beatus

733 3261 1051 3327 Stephanus
1086 3259 1358 3312 ordinavit
1426 3269 1533 3312 tres
1590 3260 1956 3329 presbyteros,
2013 3272 2066 3316 et
2097 3273 2298 3332 septem

729 3353 1007 3414 diaconos,
1046 3366 1107 3404 ac
1138 3351 1407 3404 sexdecim
1431 3350 1656 3404 clericos
1704 3362 1754 3405 et
1789 3354 1981 3407 sedens
2022 3371 2208 3408 omnes
2245 3356 2307 3407 ito

729 3446 808 3498 los
854 3444 1084 3496 docebat
1135 3443 1199 3494 dc
1245 3458 1406 3511 regno
1442 3441 1568 3501 Dei,
1602 3459 1664 3497 ac
1693 3445 1758 3497 de
1834 3448 2164 3512 sempiterna
2215 3448 2303 3500 illa

732 3539 858 3596 vita,
894 3553 1011 3604 qum
1030 3537 1203 3588 futura
1224 3545 1324 3587 est.
1357 3535 1475 3587 Mox
1508 3547 1786 3603 cmperunt
1825 3537 2004 3605 populi
2056 3554 2117 3589 ex
2151 3538 2303 3594 Grie-

729 3632 808 3685 eis
859 3639 911 3681 et
940 3627 1158 3695 reliquis
1180 3628 1426 3696 gentibus
1457 3628 1518 3679 ad
1558 3643 1678 3680 eum
1704 3628 1909 3689 venire,
1961 3632 2049 3696 qui
2093 3630 2302 3685 divinos

729 3736 1008 3775 sermones
1070 3722 1370 3794 audientes,
1398 3737 1425 3772 a
1461 3719 1741 3792 Stephano
1770 3721 2018 3789 pontifice
2049 3722 2293 3791 baptiza-

729 3815 946 3866 bantur.
987 3814 1194 3863 Interea
1221 3812 1592 3877 venitqnidam
1633 3814 1882 3864 tribunus
1917 3813 2168 3877 militum,
2198 3813 2305 3867 Νες

737 3907 936 3960 mosius
959 3905 1197 3964 nomine,
1243 3903 1323 3957 cui
1363 3914 1477 3956 crat
1511 3903 1611 3955 filia
1655 3905 1809 3957 unica
1867 3920 1986 3973 qua:
2044 3907 2110 3958 ab
2152 3906 2305 3958 incu-

732 3999 945 4052 nabulis
1010 4005 1226 4064 apertos
1261 3995 1476 4062 quidem
1512 3996 1700 4047 oculos
1725 3996 2008 4056 habuerat,
2046 3997 2135 4050 sed
2166 3997 2298 4050 nihil

731 4093 950 4144 omnino
982 4089 1296 4156 aspiciebat.
1330 4087 1421 4139 Ille
1451 4101 1508 4138 se
1541 4087 1604 4139 ad
1640 4088 1777 4139 beati
1807 4088 2076 4154 pontiﬁcis
2134 4088 2301 4158 pedes

730 4183 1039 4252 prostravit,
1097 4194 1159 4232 ac
1219 4179 1388 4230 dixit:
1443 4177 1547 4231 Oro
1587 4187 1656 4239 te,
1701 4177 1964 4245 pontifex,
2007 4189 2062 4230 ut
2121 4194 2203 4229 me.
2251 4187 2302 4229 et

731 4274 889 4328 filiam
917 4285 1090 4323 meam
1149 4269 1411 4335 baptizes,
1480 4284 1585 4336 quo
1647 4277 1696 4321 et
1772 4269 1886 4335 ipsa
1941 4269 2298 4333 illuminetnr,

732 4368 1017 4420 etanimas
1083 4371 1297 4415 nostras
1373 4361 1439 4413 ab
1499 4361 1716 4413 aeternis
1775 4362 2015 4414 tenebris
2083 4364 2300 4428 eripias,

728 4456 978 4525 quoniam
1019 4454 1084 4506 ad
1144 4454 1281 4507 hanc
1320 4467 1488 4519 usque
1523 4452 1662 4504 diem
1694 4464 1911 4517 semper
1975 4451 2026 4500 in
2052 4452 2302 4502 aerumnis

2407 1978 2568 2044 coepit
2592 1978 3024 2030 Christianorum
3061 1978 3460 2031 multitudinem
3491 1979 3542 2030 in
3582 1995 3748 2031 unum
3805 1978 3983 2030 locum

2407 2083 2732 2132 convocare,
2761 2068 3058 2136 divinaque
3095 2068 3263 2121 officia
3293 2068 3594 2122 celebrabat
3617 2071 3667 2120 in
3685 2079 3986 2137 martyrum

2404 2161 2665 2224 latibulis,
2695 2178 2813 2230 qua:
2856 2172 3055 2231 cryptae
3101 2162 3444 2229 appellantur
3499 2179 3511 2214 :
3573 2177 3680 2228 quo
3740 2171 3987 2229 tempore

2403 2252 2717 2306 Nemesinm
2754 2265 2961 2320 patrem
2995 2252 3215 2305 Lucillm
3245 2253 3516 2306 ordinavit
3547 2253 3863 2306 diaconum.

2477 2341 2542 2394 V.
2578 2343 2873 2409 lmpietatis
2905 2357 3031 2395 vero
3071 2353 3369 2395 sectatores
3426 2344 3643 2411 quidam
3689 2359 3812 2397 cum
3872 2345 3989 2399 haec

2407 2434 2760 2494 audivissent,
2823 2434 3044 2502 insuper
3072 2443 3126 2487 et
3174 2435 3490 2487 Nemesium
3527 2435 3806 2487 tribunum
3861 2453 3983 2489 eum

2407 2536 2516 2580 tota
2543 2526 2744 2579 familia
2780 2526 2980 2580 Christi
3013 2526 3174 2580 fidem
3241 2528 3458 2590 sectari,
3509 2527 3892 2595 baptistnoque
3934 2540 3989 2583 et

2409 2614 2532 2667 fidei
2564 2615 2767 2668 lumine
2787 2615 3054 2682 adjutum,
3079 2616 3376 2669 caecitatem
3402 2616 3680 2684 pristinam
3695 2619 3988 2686 abjecisse,

2409 2723 2520 2761 rem
2555 2709 2866 2761 detulerunt
2897 2710 2961 2761 ad
2987 2693 3328 2763 Glabrionem
3367 2719 3418 2761 et
3452 2711 3742 2763 Maximum
3777 2728 3982 2764 consu-

2403 2801 2501 2862 ies,
2531 2800 2775 2853 homines
2791 2801 2993 2874 scilicet
3027 2802 3324 2869 impietatis
3340 2802 3490 2854 valde
3522 2803 3989 2859 studiosos.Tnnc

2407 2894 2482 2946 illi
2517 2895 2582 2947 tle
2617 2908 2676 2946 ea
2714 2909 2770 2946 re
2790 2894 3178 2958 consultantes,
3203 2906 3596 2962 praeceperunt,
3635 2907 3691 2950 ut
3731 2913 3984 2966 quocun-

2411 3001 2514 3054 que
2552 2987 2603 3038 in
2666 2989 2783 3039 loco
2839 2986 3122 3039 Nemesius
3174 2988 3436 3040 diaconus
3495 2989 3724 3042 inveniri
3779 3002 3986 3056 posset,

2408 3079 2634 3129 omnino
2669 3078 3000 3145 gravissimis
3026 3079 3304 3145 suppliciis
3340 3078 3691 3147 atiligeretur.
3721 3081 3858 3140 Cum
3887 3099 3956 3135 au
3979 3119 3990 3125 -

2407 3177 2509 3221 tem
2540 3167 2822 3221 Nemesius
2860 3169 2972 3236 ipse
3008 3169 3237 3238 quodam
3284 3170 3373 3224 die
3427 3187 3523 3239 per
3568 3174 3706 3225 viain
3753 3175 3987 3241 Appiam

2410 3261 2512 3313 iter
2540 3259 2762 3323 faceret,
2783 3270 3179 3330 etessetprope
3209 3261 3391 3316 Martis
3427 3265 3707 3332 templum,
3746 3275 3798 3318 et
3825 3266 3986 3320 Vale-

2409 3353 2626 3405 rianum
2669 3368 2730 3407 ac
2765 3353 3048 3405 Maximum
3079 3354 3272 3420 impios
3309 3355 3558 3407 homines
3597 3357 3823 3421 videret,
3894 3359 3991 3426 qui

2409 3453 2466 3496 ut
2493 3452 2649 3496 antea
2681 3455 3072 3498 consueverant
3103 3443 3394 3498 fmilissima
3422 3446 3762 3502 daemonibus
3819 3452 3992 3502 sacri-

2406 3536 2522 3590 ficia
2568 3536 2885 3597 offerebant,
2922 3537 2991 3590 ita
3026 3536 3191 3590 Deum
3288 3539 3464 3609 ipsum
3516 3540 3666 3592 ﬂexis
3755 3543 3988 3609 genibus

2405 3627 2579 3680 oravit
2615 3648 2626 3678 :
2663 3629 2890 3680 Domine
2931 3629 3068 3682 Deus
3093 3640 3303 3683 creator
3337 3630 3457 3683 coeli
3484 3641 3538 3683 et
3571 3642 3747 3692 terrae,
3783 3634 3988 3700 dissipa

2407 3720 2626 3770 consilia
2646 3729 2697 3770 et
2717 3720 3017 3782 machinas,
3046 3722 3237 3787 quibus
3268 3721 3514 3772 diabolus
3537 3723 3802 3774 humanas
3826 3738 3992 3775 men-

2408 3820 2487 3862 tes
2519 3812 2773 3879 pervertit
2806 3829 2818 3876 ;
2845 3813 3041 3880 dissipa
3071 3828 3185 3870 eas.
3208 3827 3409 3878 quaeso,
3430 3829 3736 3881 pernomen
3774 3814 3990 3870 Domini

2407 3905 2573 3957 nostri
2623 3904 2749 3958 Jesu
2828 3903 3033 3958 Christi
3106 3903 3226 3958 Ii'ilii
3290 3905 3388 3969 tui,
3457 3921 3615 3974 quem
3675 3908 3869 3960 misisti
3934 3910 3991 3962 in

2409 3996 2554 4049 hunc
2587 3998 2868 4069 mundum.
2913 3997 3142 4050 Contere
3184 3997 3464 4060 Satanam,
3497 4007 3555 4049 ut
3600 4000 3784 4051 miseri
3833 4001 3990 4051 etin-

2407 4085 2592 4137 felices
2616 4087 2701 4138 isti
2721 4087 2785 4137 ab
2801 4088 2918 4153 ejus
2949 4087 3152 4152 laqueis
3167 4087 3360 4152 quibus
3384 4085 3573 4137 irretiti
3598 4096 3722 4138 sunt
3747 4087 3995 4155 eripian-

2409 4187 2515 4238 tur,
2550 4193 2609 4230 ac
2647 4159 2926 4230 humanis.
2964 4178 3210 4230 munibus
3275 4176 3532 4231 fabricata
3565 4177 3856 4230 simulacra
3899 4181 3998 4233 dc—

2407 4270 2797 4336 relinquentes,
2841 4278 3135 4338 agnoscant
3168 4279 3217 4321 te
3249 4269 3490 4321 omnium
3528 4285 3708 4322 rerum
3758 4283 3986 4324 creato-

2415 4371 2549 4420 rem,
2578 4359 2744 4409 Ileum
2777 4367 2832 4410 et
2869 4358 3083 4410 Patrem
3131 4359 3584 4426 omnipotentem,
3657 4364 3710 4411 et
3761 4362 3998 4414 unicum

2411 4447 2608 4501 Filium
2643 4458 2793 4502 tuutn
2834 4451 3120 4503 Dominum
3163 4448 3348 4504 Jesum
3387 4450 3682 4503 Christum.
3711 4450 3803 4504 Illa
3871 4456 3996 4520 ipsa

727 4558 781 4602 et
813 4547 1090 4601 doloribus
1124 4543 1522 4612 propterhujns
1552 4541 1672 4594 filiae
1704 4556 1834 4594 mere
1859 4539 2152 4593 cmeitatetii
2185 4557 2302 4593 vcr-
2339 4557 2379 4610 θ
2412 4541 2542 4592 hora
2576 4540 2781 4608 impius
2808 4540 3071 4595 Maximus
3116 4559 3143 4594 a
3191 4543 3436 4595 daemone
3485 4553 3789 4610 correptus,
3850 4562 3994 4600 voce

726 4646 876 4690 satus
907 4633 1002 4686 fui.
1029 4631 1182 4685 Tunc
1209 4631 1400 4683 beatus
1431 4632 1719 4699 episr-Opus
1750 4649 1761 4682 :
1797 4630 1849 4683 Si
1880 4630 2076 4696 credis,
2100 4631 2298 4698 inquit,

725 4743 788 4782 ex
832 4735 941 4780 toto
978 4725 1161 4784 corde,
1198 4725 1379 4775 omnia
1431 4723 1526 4776 tibi
1579 4724 1822 4777 credenti
1872 4739 2128 4777 concessa
2181 4723 2300 4777 fuc-

724 4820 852 4871 rint.
875 4817 950 4869 Ad
982 4816 1093 4868 hch
1119 4813 1400 4866 Nemesius
1424 4814 1703 4866 tribunus:
1737 4815 1846 4882 ligo
1877 4815 1940 4865 ad
1966 4815 2103 4866 hanc
2132 4830 2300 4882 usque

723 4911 866 4963 diem
895 4916 1005 4961 toto
1033 4907 1213 4958 animo
1241 4904 1465 4965 credidi,
1523 4913 1578 4956 et
1602 4919 1745 4957 nunc
1810 4904 1974 4957 credo
2009 4905 2293 4957 Dominum

723 5001 906 5056 Jesum
941 5000 1216 5053 Christum
1250 4997 1416 5049 [leum
1440 5012 1559 5051 esse
1593 4998 1682 5066 qui
1722 4999 1937 5065 aperuit
1960 4997 2146 5051 oculos
2177 5001 2299 5050 caeci

727 5095 833 5148 nati
866 5111 878 5146 :
915 5106 1093 5161 neque
1126 5090 1269 5143 enim
1295 5090 1543 5141 humanis
1571 5089 1812 5141 consiliis
1874 5091 2162 5156 impulsus,
2209 5087 2301 5141 sed

725 5188 844 5254 ejus
881 5186 1052 5252 ipsius
1083 5183 1384 5245 vocatione,
1421 5181 1485 5235 ad
1521 5181 1863 5234 sanctitatem
1903 5189 2046 5234 tuam
2082 5182 2226 5234 veni.

797 5273 887 5329 IV.
923 5274 1014 5326 llis
1047 5273 1268 5334 auditis,
1294 5272 1473 5324 statim
1507 5271 1698 5326 beatus
1741 5271 1986 5340 pontifex
2030 5272 2303 5324 hominem

726 5370 880 5425 illum
925 5363 1148 5419 adduxit
1226 5363 1290 5417 ad
1338 5364 1513 5416 locum
1587 5364 1898 5431 quemdam,
1955 5366 2045 5429 qui
2080 5371 2299 5415 voratur

727 5460 940 5514 Titulus
969 5455 1199 5526 pastoris
1233 5470 1506 5523 ;eumque
1537 5464 1592 5507 et
1623 5457 1822 5524 ipsum,
1881 5464 1933 5506 et
1964 5454 2081 5520 ejus
2137 5455 2300 5507 titiam

725 5551 1056 5608 catechismo
1085 5545 1451 5612 instruxisset,
1485 5548 1937 5614 quemadmodum
1977 5545 2301 5599 Christiana:

728 5645 850 5699 fidei
880 5653 1117 5694 canones
1142 5646 1195 5692 et
1221 5639 1353 5690 ordo
1373 5639 1626 5704 postulat,
1650 5638 1810 5704 jussit
1829 5653 1921 5690 eos
1939 5640 2187 5706 jejunare
2210 5653 2302 5694 us-

726 5751 828 5802 que
847 5734 912 5787 ad
935 5747 1231 5799 vesperam.
1259 5731 1390 5782 Cum
1430 5735 1610 5781 autem
1652 5732 1891 5783 venisset
1919 5731 2047 5783 hora
2083 5745 2302 5796 vesper~

726 5831 859 5896 tina.
893 5827 1168 5884 benedixit
1232 5842 1379 5893 aquze
1451 5826 1502 5878 in
1567 5841 1630 5880 eo
1668 5825 1988 5894 Ioco,quctn
2063 5825 2300 5893 pastoris

2417 4646 2607 4698 magna
2633 4631 2800 4698 C(Epit
2829 4630 3400 4684 clamarezNeinesius
3435 4645 3579 4682 nunc
3613 4629 3785 4683 factus
3831 4633 4004 4686 Chri-

2405 4723 2611 4775 stianus
2635 4737 2717 4772 me
2743 4721 3000 4773 incendit.
3037 4722 3170 4774 Ecce
3190 4722 3332 4776 illius
3353 4725 3525 4777 oratio
3549 4741 3634 4778 me
3656 4726 3882 4777 cruciat.
3915 4727 3999 4781 Ex

2415 4814 2502 4866 illa
2522 4813 2681 4880 igitur
2701 4813 2826 4864 hora
2855 4814 3055 4880 egressi
3088 4830 3116 4868 e
3139 4817 3354 4883 templo,
3373 4816 3652 4883 jusserunt
3678 4814 4003 4871 Nemesium

2414 4905 2662 4958 detineri.
2699 4906 2832 4958 Cum
2874 4922 3000 4959 vero
3043 4907 3131 4973 qui
3164 4922 3286 4958 eum
3334 4915 3637 4973 tenuerant,
3669 4909 4009 4966 verberibus

2414 4998 2712 5068 pulsarent,
2737 5009 2958 5065 repente
2988 4999 3246 5050 Maximus
3276 4999 3470 5053 consul
3499 4999 3693 5053 efflavit
3722 5000 4003 5056 animam.

2487 5089 3075 5157 VLItaqueiVemesius
3097 5091 3491 5146 statimductus
3525 5101 3608 5144 est
3640 5091 3705 5143 ad
3742 5090 4008 5145 Valeria-

2405 5199 2533 5236 num
2570 5183 2622 5234 in
2659 5182 2941 5249 palatium,
2973 5184 3113 5249 quod
3143 5184 3352 5237 Claudii
3393 5184 3619 5236 nomine
3649 5184 4003 5251 appellatur.

2406 5273 2576 5338 Quem
2612 5274 2690 5326 sic
2716 5271 2908 5326 affatus
2942 5275 3396 5327 estValerianus:
3429 5273 3494 5325 Et
3550 5277 3766 5329 ubinam
3802 5287 3912 5338 est,
3971 5295 4008 5329 ο

2406 5365 2647 5428 Nemesi,
2684 5365 2972 5432 prudentia
3008 5370 3093 5419 illa
3131 5376 3238 5428 tua,
3264 5381 3424 5433 quam
3454 5380 3667 5437 semper
3697 5366 3748 5416 in
3784 5374 3840 5418 te
3896 5382 4012 5420 eo-

2406 5459 2709 5527 gnovitnus,
2746 5469 2854 5511 tum
2891 5459 2944 5510 in
3002 5457 3240 5510 consiliis
3273 5459 3546 5522 ineundis,
3589 5469 3698 5510 tum
3727 5457 3780 5509 in
3822 5461 4011 5512 rebus

2408 5550 2656 5618 gerendis
2699 5548 3107 5603 firmissimam?
3158 5548 3236 5600 An
3287 5551 3600 5617 ignoramus
3656 5563 3777 5609 nos,
3849 5549 4004 5614 quid

2408 5641 2923 5709 Optimum,qnidve
2958 5639 3254 5707 pessimum
3323 5642 3411 5693 sit.
3462 5640 3663 5709 quippe
3731 5639 3826 5705 qui
3883 5652 4014 5692 non

2409 5733 2554 5785 aliud
2584 5742 2633 5784 te
2661 5733 3022 5784 adhortantur
3065 5742 3122 5785 ut
3158 5732 3344 5794 facias,
3377 5732 3481 5785 nisi
3514 5733 3658 5800 quod
3691 5729 4013 5785 utilitatem

2412 5826 2507 5876 tibi
2541 5825 2732 5878 afferre
2766 5825 2954 5892 possit,
2986 5836 3042 5878 ut
3071 5824 3278 5877 scilicet
3309 5840 3426 5892 qum
3455 5841 3577 5878 vera
3611 5829 3734 5874 sunt
3770 5820 4012 5889 ample-
