4226 6436
246 423 350 487 5Π

1493 427 1663 487 νιΤΑ
1709 426 1770 488 S.
1813 427 2214 488 STEPHANI.

3381 443 3491 509 518

244 547 422 599 etens,
455 535 585 587 deos
623 533 771 602 ipsos
802 547 909 586 non
938 533 1177 599 deseras,
1216 550 1350 604 quos
1390 539 1536 591 omni
1572 547 1813 609 tempore
1843 547 1888 604 Λ
1917 539 2126 592 miseris
2157 539 2332 593 modis
2367 548 2418 594 te
2447 555 2781 600 consumam.
2808 545 2930 602 Haec
2950 549 3103 616 dixit,
3142 560 3197 606 et
3228 551 3488 626 Sempro-

243 645 274 682 a
307 628 539 697 puerilia
573 627 789 680 coluisti
822 635 876 681 et
920 638 1205 682 veneratus
1231 629 1331 682 es?
1392 631 1470 684 Ad
1538 631 1651 686 hinc
1709 631 1813 686 Ne-

245 717 449 772 mesius
471 717 736 769 diaconus
758 734 769 768 :
790 715 922 786 Ego,
945 717 1137 784 inquit,
1169 718 1586 774 scelestissimus
1615 722 1817 774 verita-

242 818 352 865 tem
374 813 540 879 ipsam
573 810 990 878 dereliqueram,
1030 820 1083 863 et
1115 811 1431 878 sanguinem
1464 812 1811 866 innocentem

239 901 565 962 effuderant,
602 910 654 954 et
685 902 750 954 ad
793 904 1083 968 hocusque
1111 913 1324 970 tempus
1378 905 1618 971 peccatis
1676 920 1813 958 onc-

239 1003 392 1046 ratus
425 993 633 1047 fueram
673 1009 688 1057 ;
734 994 825 1048 sed
861 991 1063 1045 Christi
1127 992 1340 1046 Domini
1376 1004 1426 1046 et
1478 994 1571 1048 Dei
1604 995 1814 1048 miseri-

238 1086 426 1138 cordia
491 1087 651 1139 modo
709 1086 945 1151 adjutus,
1009 1085 1225 1137 tandem
1262 1086 1571 1140 Creatorem
1633 1103 1809 1139 meum

237 1177 488 1243 cognovi,
535 1177 688 1244 cujus
750 1177 1014 1242 baptismo
1043 1175 1375 1230 illuiniuatus
1420 1193 1559 1238 sitm,
1616 1179 1705 1244 qui
1758 1185 1813 1231 et

237 1271 429 1321 cordis
463 1270 564 1320 mei
600 1267 783 1320 oculos
810 1269 1046 1334 aperuit,
1079 1277 1129 1321 et
1165 1272 1442 1336 corporeis
1507 1271 1626 1325 filia:
1678 1286 1813 1326 mete

238 1358 460 1425 pupillis
494 1359 674 1408 lumen
724 1358 980 1410 restituit.
1020 1357 1173 1412 Hunc
1195 1360 1380 1425 adoro,
1421 1361 1564 1414 hunc
1623 1364 1809 1427 timeo,

240 1452 367 1504 huic
403 1449 605 1502 cultum
637 1460 690 1502 et
723 1466 913 1518 preces
943 1453 1165 1518 supplex
1212 1452 1401 1515 offero,
1462 1457 1614 1525 cujus
1662 1457 1813 1512 auxi-

236 1542 369 1592 lium
400 1556 611 1608 semper
638 1541 960 1608 implorabo,
1004 1553 1058 1595 et
1109 1545 1398 1600 simulacra
1431 1549 1637 1612 omnia,
1692 1565 1810 1617 qua:

235 1634 514 1686 damoues
549 1649 668 1687 esse
695 1636 943 1702 cognovi,
978 1645 1032 1688 et
1066 1639 1205 1704 ipsa,
1246 1648 1300 1691 et
1353 1655 1542 1692 eorum
1576 1642 1809 1695 cultores

234 1738 459 1773 aversor
496 1711 839 1776 etexsecror.
865 1726 1014 1778 'l‘unc
1047 1729 1124 1780 ait
1146 1728 1457 1782 Valerianus
1481 1750 1491 1782 :
1513 1731 1648 1785 Nota
1679 1733 1807 1785 mihi

235 1823 368 1866 sunt
402 1815 657 1866 veneficia
702 1826 810 1878 tua,
853 1818 1050 1883 quibus
1092 1819 1354 1874 humanas
1397 1823 1567 1876 caedes
1599 1835 1809 1890 patrare

233 1918 402 1956 ausus
423 1920 501 1964 es,
526 1907 725 1974 quippe
745 1908 829 1973 qui
848 1920 899 1960 et
923 1907 1211 1962 Maximum
1236 1912 1511 1965 consulem
1538 1915 1643 1966 tuis
1667 1930 1801 1983 pne-

233 1996 412 2063 Stigiis
436 1996 501 2049 de
520 1997 695 2050 medio
718 1999 980 2050 sustulisti
1023 2019 1035 2052 :
1071 2002 1202 2068 quin
1229 2003 1390 2055 etiam
1419 2004 1594 2059 adhuc
1623 2015 1810 2060 contra

234 2097 481 2148 nostrain
526 2097 579 2141 et
624 2089 932 2155 reipublica:
963 2090 1190 2144 salutem
1239 2103 1440 2148 temere
1478 2097 1810 2152 christiano-

233 2193 357 2230 rum
388 2192 547 2230 causa
582 2176 703 2230 talia
730 2178 990 2232 veneficia
1016 2195 1272 2236 exercere
1298 2199 1404 2236 non
1435 2185 1676 2242 desistis.

307 2267 420 2322 VII.
480 2267 574 2319 llis
612 2269 794 2331 dictis,
833 2270 1153 2324 Valerianus
1206 2273 1283 2326 ira
1343 2276 1602 2342 percitus.
1645 2279 1810 2346 jussit

233 2359 387 2410 illum
422 2358 474 2410 in
506 2359 718 2426 privato
748 2373 966 2412 carcere
998 2361 1253 2426 detineri,
1295 2381 1480 2433 quem,
1518 2385 1641 2422 cum
1671 2386 1808 2439 opus

232 2450 449 2511 fuisset,
489 2450 788 2502 sistendum
832 2454 1108 2521 praecepit.
1153 2454 1325 2510 Jussit
1355 2459 1517 2511 etiam
1551 2460 1806 2530 Sempro-

232 2543 387 2594 nium
432 2541 667 2594 Neniesii
703 2540 984 2606 famulum,
1021 2545 1239 2599 domino
1269 2563 1367 2601 suo
1405 2551 1803 2616 fidelissimum,

232 2632 346 2686 illic
372 2647 567 2701 praesto
591 2650 728 2696 esse,
762 2649 923 2701 aquo
956 2636 1200 2703 ejusdem
1229 2638 1465 2695 Nemesii
1498 2651 1606 2696 tum
1642 2644 1802 2708 facta,

232 2733 349 2778 tum
388 2727 528 2778 bona
555 2727 733 2779 omnia
767 2727 1174 2795 inquirerentur
1201 2750 1213 2783 :
1244 2733 1400 2801 cujus
1442 2739 1607 2789 etiam
1643 2739 1804 2791 filiam

233 2814 495 2869 Lucillam
525 2819 786 2873 custodlri
817 2821 1072 2888 prmcepit
1098 2821 1239 2889 apud
1262 2825 1585 2877 sceleratam
1613 2843 1804 2894 quam-

234 2908 364 2961 dam
405 2910 713 2973 mulierem,
752 2915 976 2966 nomine
1016 2913 1323 2967 lllaximam.
1358 2915 1583 2971 Postero
1625 2931 1804 2974 autem

232 2998 320 3052 die
375 3000 541 3068 jussit
612 3002 988 3069 iniquissimus
1053 3005 1368 3059 Valerianus
1424 3009 1806 3078 Sempronium

233 3091 375 3142 tradi
418 3091 631 3143 cuidam
668 3092 904 3155 tribuno,
938 3095 1031 3162 qui
1075 3098 1368 3151 vocabatur
1410 3098 1709 3171 Olympius,
1748 3117 1806 3159 ut

229 3189 597 3248 tOrqueretur,
639 3192 692 3235 et
728 3184 793 3236 de
827 3186 1049 3240 domino
1096 3189 1266 3256 ipsius
1315 3207 1410 3259 per
1454 3209 1576 3247 eum
1624 3197 1803 3266 inqui-
1831 3215 1874 3276 ρ

227 3283 465 3326 reretur.
504 3274 654 3327 Illum
694 3277 854 3346 igitur
885 3279 1163 3348 Olympius
1206 3284 1288 3336 his
1324 3287 1499 3338 verbis
1524 3305 1810 3357 aggressus

227 3375 318 3418 est
372 3365 700 3421 :Novistine
735 3386 836 3437 qua
881 3373 947 3424 de
1000 3387 1162 3427 causa
1218 3375 1306 3429 hic
1351 3390 1476 3432 ante
1522 3395 1620 3432 nos
1667 3399 1802 3436 con—

227 3456 458 3509 stitutus
489 3472 546 3510 es
577 3458 598 3509 ?
643 3457 768 3511 Hac
797 3459 883 3513 ille
913 3462 1005 3513 ait.
1031 3464 1109 3516 Ad
1137 3481 1256 3531 qua:
1288 3466 1638 3537 Sempronius
1673 3474 1810 3526 nihil

225 3549 534 3614 respondit.
571 3547 678 3601 Sed
721 3550 1078 3606 nihilominus
1129 3555 1412 3625 Olympius
1453 3578 1464 3613 :
1515 3561 1798 3631 Ausculta,

225 3637 429 3707 inquit,
481 3639 791 3708 Semproni,
832 3655 887 3697 et
918 3646 1002 3699 fac
1034 3650 1179 3715 quod
1216 3651 1411 3718 jubent
1448 3654 1810 3723 imperatores

226 3733 406 3783 llOsll‘i
438 3747 452 3783 :
479 3734 564 3785 sin
611 3734 813 3797 minus,
859 3738 1045 3789 multis
1077 3748 1132 3790 et
1163 3742 1326 3793 variis
1363 3748 1648 3798 tormentis
1681 3764 1807 3800 cru-

225 3823 485 3877 ciaberis.
521 3824 785 3880 Ostendas
823 3827 986 3897 igitur
1033 3831 1187 3884 nobis
1216 3831 1454 3888 Nemcsii
1486 3836 1689 3891 domini
1725 3840 1802 3892 tui

225 3914 539 3980 facultates,
588 3920 785 3972 deinde
813 3935 941 3973 vero
969 3923 1216 3990 propitiis
1242 3927 1463 3980 deorttm
1493 3940 1800 3984 nostrorum

226 4009 549 4062 numinibus
572 4013 871 4066 sacrilices.
895 4014 974 4066 Ad
1001 4016 1112 4069 hare
1139 4015 1530 4086 Sempronius:
1557 4025 1608 4076 Si
1637 4024 1803 4077 facul-

226 4109 372 4152 tates
402 4098 606 4151 domini
636 4102 739 4152 mei
777 4101 1013 4154 Nemesii
1050 4108 1302 4171 requiris,
1343 4112 1478 4162 scito
1507 4113 1622 4165 illas
1651 4131 1676 4166 a
1717 4130 1800 4168 me

225 4191 450 4244 Christo
479 4190 648 4244 fuisse
679 4192 922 4258 oblatas;
956 4210 1062 4248 non
1100 4197 1244 4250 enim
1283 4210 1488 4263 nostra,
1521 4203 1615 4256 sed
1657 4205 1799 4280 illius

228 4291 387 4335 crant
419 4283 575 4335 bona.
604 4285 757 4348 Quod
784 4302 909 4338 vero
938 4288 1074 4339 dicis
1118 4299 1170 4341 et
1203 4306 1286 4342 me
1315 4293 1567 4357 hortaris,
1614 4306 1669 4349 ut
1700 4299 1800 4352 diis

229 4374 338 4428 tuis
377 4373 700 4437 sacrificent,
748 4376 892 4430 nullo
934 4379 1096 4433 modo
1133 4381 1330 4436 faciam
1360 4403 1373 4438 :
1402 4384 1617 4440 Christo
1652 4390 1794 4441 enim

224 4466 479 4521 sacrifico
531 4468 623 4522 Dei
666 4470 900 4524 viventis
949 4473 1084 4527 Filio
1144 4478 1467 4532 sacrificium
1521 4480 1694 4534 laudis
1744 4490 1799 4534 et

1917 632 2065 684 nium
2117 630 2528 685 custodiendam
2583 637 2799 690 tradidit
2833 638 3074 695 Tertullo
3111 643 3350 710 cuidam,
3385 645 3487 700 do-

1917 736 2035 774 mus
2098 737 2210 775 suae
2263 723 2632 791 gubernatori.
2698 729 2981 797 lixuperiae
3031 743 3207 786 autem
3269 736 3485 807 conjugi

1916 810 2192 881 Olympius
2209 815 2324 882 ipse
2341 819 2601 880 narravit,
2624 822 3077 886 quemadmodum
3104 826 3478 894 Sempronius,

1914 902 2039 956 Jcsu
2071 903 2271 958 Christi
2327 907 2421 960 Dei
2459 912 2539 961 sui
2576 912 2794 965 nomine
2843 914 3118 978 invocato,
3152 916 3335 972 Martis
3364 919 3483 974 ido-

1915 993 2023 1046 lum
2057 997 2470 1050 comminuerat.

1988 1085 2119 1141 Vill.
2160 1086 2311 1142 Tunc
2348 1089 2612 1159 Exuperia
2649 1109 2815 1146 uxor:
2852 1097 2908 1149 Si
2955 1107 3120 1160 tanta,
3158 1099 3355 1168 inquit,
3403 1114 3486 1156 est.

1915 1175 2114 1230 Christi
2146 1181 2401 1246 potentia,
2430 1193 2684 1249 quantam
2716 1186 2868 1247 dicis,
2901 1189 3066 1240 satius
3099 1192 3251 1244 nobis
3285 1203 3368 1245 cst
3394 1194 3490 1246 dc-

1915 1267 2044 1322 liinc
2094 1271 2215 1324 illos
2259 1272 2405 1340 ipsos
2452 1276 2582 1327 deos
2633 1278 2959 1346 relinquere,
2995 1283 3084 1348 qui
3144 1298 3320 1351 neque
3382 1286 3486 1339 sibi

1913 1372 2088 1424 neque
2121 1361 2278 1414 nobis
2319 1377 2475 1429 opem
2505 1364 2646 1419 ferre
2681 1379 2929 1433 possunt.
2974 1370 3293 1433 Quaeramus
3323 1372 3485 1442 igitur

1914 1447 2086 1501 Deum
2138 1451 2310 1515 illum,
2335 1455 2425 1521 qui
2457 1455 2690 1510 Nemesii
2743 1460 2940 1513 tribuni
2972 1462 3088 1514 lilia:
3126 1462 3305 1516 lumen
3327 1467 3488 1518 resti-

1915 1539 2038 1590 tuit.
2077 1538 2229 1593 Tunc
2262 1540 2542 1612 Olympius
2579 1548 2823 1601 Tertullo
2874 1554 3151 1620 praecepit,
3193 1562 3250 1605 ut
3297 1557 3486 1610 mitius

1913 1644 1970 1684 se
2000 1644 2210 1700 gereret
2231 1645 2352 1687 eum
2384 1637 2727 1706 Sempronio,
2755 1643 3021 1710 siquidem
3052 1644 3284 1699 Nemesii
3316 1664 3488 1716 pecu-

1913 1724 2018 1776 niis
2078 1727 2417 1793 inquirendis
2477 1732 2589 1799 ipse
2664 1751 2882 1802 operam
2942 1739 3071 1791 dare
3127 1742 3319 1793 vellet..
3373 1741 3486 1795 Hoc

1914 1812 2225 1866 mandatum
2253 1828 2544 1872 exsecutus
2579 1833 2661 1876 est
2703 1823 2996 1880 Tertullus.
3037 1828 3318 1898 Olympius
3353 1847 3485 1886 vero

1913 1915 2034 1953 cum
2065 1905 2295 1974 conjuge
2322 1905 2612 1976 Exuperia,
2647 1921 2700 1965 et
2732 1916 2890 1969 unico
2914 1917 3025 1969 filio
3053 1917 3356 1983 Theodulo,
3395 1922 3484 1975 illa

1912 1989 2027 2058 ipsa
2051 1999 2213 2046 nocte
2251 2010 2546 2062 venerunt,
2601 2012 2656 2056 et
2687 2004 2751 2056 ad
2795 2008 2959 2072 pedes
3008 2009 3315 2076 Sempronii
3353 2027 3484 2080 pro-

1912 2084 2090 2145 strati,
2126 2083 2418 2138 dixerunt:
2445 2087 2554 2142 Nos
2586 2092 2746 2159 paulo
2777 2105 2904 2147 ante
2937 2095 3138 2150 Christi
3173 2101 3477 2166 potentiam

1912 2172 2290 2242 cognovimus,
2322 2194 2511 2232 verum
2546 2183 2754 2238 scrlicet
2808 2185 2974 2238 Deum
3023 2187 3174 2240 illum
3211 2203 3351 2255 esse,
3383 2191 3479 2261 qui

1909 2266 2144 2322 Nemesii
2171 2269 2372 2322 tribuni
2405 2271 2522 2322 lilia:
2547 2273 2827 2327 oculorum
2865 2277 3048 2330 lumen
3083 2279 3250 2333 dedit.
3281 2280 3483 2345 Quam-

1909 2359 2094 2414 obrem
2157 2371 2207 2417 te
2237 2379 2542 2432 precamur,
2594 2375 2651 2418 ut
2696 2383 2856 2421 cures
2909 2371 3066 2423 nobis
3093 2373 3205 2425 dari
3241 2376 3477 2429 salmare

1908 2451 2174 2520 baptisma
2209 2455 2263 2506 in
2299 2456 2518 2508 nomine
2558 2456 2684 2510 Jesu
2723 2461 2952 2520 Christi,
2991 2479 3155 2530 quem
3187 2475 3243 2518 tu
3278 2468 3476 2534 praedi-

1908 2555 2017 2594 cas.
2049 2541 2347 2612 Respondit
2380 2548 2772 2615 Sempronius:
2811 2550 2872 2604 Si
2912 2554 3288 2620 pteuitentiam
3323 2559 3482 2628 agitis

1908 2648 1972 2688 ex
2012 2644 2123 2688 toto
2157 2638 2319 2690 corde
2350 2650 2552 2703 vestro,
2601 2641 2871 2710 benignus
2908 2654 2990 2697 est
3050 2647 3191 2700 Deus
3222 2667 3395 2715 meus,
3427 2661 3481 2706 et

1908 2728 2137 2795 accipiet
2161 2744 2252 2781 vos
2296 2732 2669 2798 paenitentiam
2700 2748 2942 2798 agentes.
2971 2738 3126 2793 Tunc
3153 2739 3471 2810 Olympius:

1906 2819 2154 2887 Jamjam,
2189 2823 2383 2889 inquit,
2437 2825 2652 2890 faciam,
2703 2839 2759 2880 ut
2799 2832 2988 2884 credas
3023 2849 3105 2885 me
3159 2845 3270 2888 toto
3314 2838 3479 2891 corde

1906 2910 2107 2964 Christi
2140 2914 2231 2966 Dei
2258 2914 2417 2967 fidem
2461 2919 2634 2985 sequi.
2669 2917 2792 2972 lltec
2821 2921 2980 2986 dixit,
3012 2935 3067 2977 et
3096 2929 3278 2982 statim
3311 2930 3471 2982 cubi-

1907 3005 2086 3057 culum
2134 3010 2408 3075 patefccit,
2455 3013 2508 3064 in
2562 3029 2668 3081 quo
2723 3017 2957 3072 habebat
3011 3023 3178 3075 multa
3234 3034 3287 3076 et
3332 3026 3480 3079 varia

1906 3094 2068 3149 idola.
2107 3099 2312 3162 Quibus
2341 3103 2575 3156 ostensis
2612 3123 2622 3157 :
2655 3105 2757 3170 En,
2785 3109 2978 3176 inquit,
3014 3111 3324 3182 Semproni,
3360 3118 3475 3171 hzec

1908 3193 2087 3243 omnia
2131 3195 2416 3248 simulacra
2455 3197 2506 3248 in
2546 3209 2816 3266 potestate
2859 3213 2947 3255 tua
3007 3215 3134 3258 sunt
3181 3225 3195 3259 :
3240 3208 3322 3261 fac
3359 3210 3461 3264 illis

1914 3283 2168 3350 quidquid
2217 3285 2366 3339 libet.
2414 3287 2516 3340 Cui
2562 3289 2919 3360 Sempronius
2957 3313 2969 3348 :
3005 3297 3133 3364 Age,
3185 3300 3479 3356 simulacra

1914 3373 2012 3424 ista
2041 3377 2220 3427 omnia
2271 3379 2522 3431 manibus
2572 3384 2805 3450 prepriis
2856 3395 3102 3450 contere,
3139 3403 3384 3457 auroque
3425 3403 3480 3445 et

1913 3475 2156 3533 argento,
2204 3483 2267 3520 ex
2315 3472 2511 3536 quibus
2559 3475 2808 3528 confecta
2840 3488 2987 3541 sunt,
3028 3481 3149 3547 igne
3198 3484 3471 3547 conﬂatis,

1911 3571 2179 3623 pauperes
2211 3575 2500 3629 congrcga,
2551 3573 2604 3617 et
2659 3566 2764 3619 illis
2816 3567 2930 3622 haec
2984 3572 3270 3628 distribue.
3327 3577 3480 3631 Fecit

1911 3650 2113 3710 omnia,
2153 3666 2272 3718 qme
2316 3653 2675 3721 Sempronius
2724 3658 2960 3723 dixerat,
2997 3663 3302 3731 Olympius.
3339 3668 3482 3723 nihil

1909 3755 2131 3806 prorsus
2177 3745 2453 3797 dubitans.
2515 3747 2759 3815 [tepente
2808 3767 2937 3804 vero
2970 3755 3152 3807 audita
3189 3767 3275 3811 est
3315 3775 3414 3812 vox
3447 3777 3477 3813 e

1909 3831 2067 3894 cutio,
2099 3831 2328 3886 dicens:
2370 3835 2426 3886 in
2480 3845 2550 3900 te,
2594 3843 2902 3906 Scn'tproni,
2942 3849 3208 3913 requievit
3255 3851 3478 3917 spiritus

1909 3936 2078 3976 meus.
2123 3926 2432 3981 Audierunt
2479 3944 2668 3982 vocem
2723 3933 2869 3988 illam
2934 3935 3220 4007 Olympius
3263 3953 3312 3994 el
3356 3947 3478 4011 ejus

1909 4033 2063 4077 uxor,
2092 4027 2144 4069 et
2186 4021 2237 4069 in
2269 4019 2370 4071 fide
2401 4021 2512 4086 ipsa
2544 4022 2665 4075 facti
2709 4038 2836 4079 sunt
2871 4029 3158 4096 firmiores,
3205 4035 3273 4086 ob
3317 4036 3476 4103 idque

1906 4109 1970 4162 ad
1998 4109 2234 4167 salutare
2263 4111 2529 4178 baptisma
2563 4117 2950 4183 promptiores.
2988 4125 3172 4190 itaque
3218 4128 3476 4194 Sempro-

1903 4201 2051 4253 nium
2071 4203 2448 4270 precabantur,
2477 4214 2726 4272 petentes
2751 4219 2806 4262 ut
2837 4211 3070 4279 sigillum
3095 4217 3296 4269 Christi
3330 4221 3477 4272 acci-

1907 4304 2117 4361 perent,
2137 4306 2189 4346 et
2209 4311 2304 4363 per
2324 4311 2517 4364 aquam
2538 4313 2600 4350 ac
2617 4297 2875 4367 Spiritum
2895 4305 3075 4358 denuo
3095 4323 3472 4367 nascerentur.

1975 4386 2067 4438 1X.
2124 4390 2314 4438 Omnia
2368 4390 2481 4439 haec
2534 4391 2890 4458 Sempronius
2941 4399 3198 4453 Ncmcsio
3253 4404 3476 4457 domino

1905 4498 2003 4536 suo
2031 4485 2237 4539 retulit.
2271 4484 2398 4550 Quze
2433 4503 2555 4540 cum
2590 4488 2878 4542 Nemcsius
2907 4492 3232 4556 accepisset,
3272 4495 3472 4547 celeri-

224 4560 1056 4621 conl‘essionis,cuietdomiuus
1082 4583 1235 4621 meus
1259 4570 1794 4642 Nemesiusseipsum
1830 4550 1874 4604 Β
1906 4586 1987 4630 ter
2024 4578 2159 4631 adiit
2201 4580 2265 4630 ad
2318 4579 2690 4632 beatissimqu
2743 4582 3054 4649 pontificem
3104 4581 3469 4652 Stephanum,

222 4649 442 4704 obtulit.
478 4651 610 4704 Cum
655 4652 768 4707 haec
799 4653 1025 4710 dixisset
1057 4657 1438 4728 Sempronius,
1475 4662 1658 4717 furore
1707 4681 1797 4717 ac-

221 4755 424 4796 census
461 4752 544 4797 est
579 4742 878 4814 Olympius,
915 4757 966 4800 et
995 4751 1318 4806 satellitibus
1343 4755 1474 4807 dixit
1501 4771 1514 4808 :
1546 4755 1795 4810 Proster-

222 4833 339 4886 nite
390 4834 665 4887 hominem
716 4837 901 4902 istum,
932 4849 986 4892 et
1035 4843 1197 4910 virgis
1249 4847 1534 4912 percutitc.
1591 4849 1796 4903 Alfcrte

221 4935 352 4980 ante
392 4927 542 4980 illum
576 4928 735 4982 deum
773 4928 996 4985 Martem
1044 4948 1107 4988 ac
1161 4937 1447 5004 tripodem,
1483 4948 1540 4992 ut
1579 4940 1660 4992 vel
1693 4940 1796 4993 diis

226 5017 362 5086 ipsis
417 5019 574 5071 thura
615 5019 828 5082 offerat,
865 5023 944 5075 vel
995 5024 1112 5078 sine
1162 5025 1567 5084 intermissione
1617 5033 1793 5100 aliqua

222 5109 393 5178 virgis
443 5110 798 5178 percutiatur.
833 5113 1066 5168 Allatum
1098 5118 1257 5186 igitur
1296 5135 1519 5174 aureum
1544 5125 1793 5198 [cereum]

220 5200 410 5254 Martis
441 5201 644 5255 idolum
675 5218 780 5256 una
811 5219 932 5259 cum
965 5209 1196 5276 tripode,
1231 5211 1282 5263 in
1312 5224 1608 5282 conspectu
1640 5215 1796 5269 Sem-

219 5295 396 5364 pronii
423 5295 657 5349 locatum
685 5297 804 5351 fuit.
832 5298 982 5363 Quod
1007 5316 1130 5354 cum
1157 5304 1510 5371 Sempronius
1538 5308 1790 5363 vidisset:

218 5386 500 5450 Conterat,
545 5387 740 5455 inquit,
780 5397 830 5442 te
863 5389 1125 5446 Dominus
1162 5393 1322 5448 Jesus
1352 5395 1600 5452 Christus
1625 5399 1793 5453 Filius

218 5475 314 5530 Dei
346 5477 472 5530 vivi.
511 5476 624 5532 lloc
663 5479 799 5534 dixit
831 5479 1209 5550 Sempronius,
1240 5501 1302 5538 ac
1331 5498 1555 5556 repente
1589 5491 1789 5544 idolum

217 5569 353 5621 illud
401 5569 479 5622 sic
524 5571 874 5639 liquefactum
911 5584 1014 5639 est,
1046 5578 1201 5645 quasi
1243 5593 1365 5632 cera
1394 5581 1518 5648 igne
1550 5583 1787 5638 admoto.

215 5660 375 5725 Quod
423 5676 546 5714 cum
603 5663 827 5717 vidisset
880 5665 1182 5736 Olympius,
1243 5678 1465 5740 stupore
1507 5676 1788 5742 perculsus

213 5754 491 5807 obmutuit
519 5771 531 5805 :
557 5769 678 5807 mox
702 5771 830 5810 vero
859 5757 1002 5813 domi
1021 5776 1132 5814 sua:
1153 5762 1298 5815 illum
1324 5765 1585 5818 custodiri
1604 5767 1786 5834 jussit,

214 5844 407 5901 dicens
440 5861 454 5902 :
489 5844 599 5902 llac
627 5857 787 5904 nocte
821 5853 1005 5906 omnia
1035 5860 1305 5911 tormenta
1336 5857 1431 5913 tibi
1460 5858 1703 5922 afferant,
1730 5869 1782 5913 et

1900 4670 2056 4736 eique
2087 4686 2198 4722 rem
2235 4686 2451 4724 omnem
2484 4674 2755 4740 exposuit.
2799 4674 2888 4726 Ille
2933 4690 3063 4728 vero
3092 4675 3312 4729 Christo
3351 4678 3461 4730 Deo

1899 4773 2089 4816 nostro
2143 4763 2365 4831 gloriam
2418 4764 2590 4829 dedit,
2640 4775 2693 4818 ct
2738 4768 2982 4833 proxima
3028 4776 3188 4820 nocte
3235 4768 3471 4838 Olympii

1903 4857 2121 4908 domum
2153 4855 2306 4909 adiit.
2339 4855 2457 4918 Quo
2483 4857 2617 4919 viso,
2649 4858 2831 4910 statim
2863 4855 3142 4927 Olympius
3165 4863 3465 4926 prostravit

1897 4961 1955 5000 se
1990 4948 2053 5000 ad
2094 4948 2363 5013 pontificis
2395 4950 2562 5017 pedes
2605 4966 2709 5002 una
2735 4967 2856 5004 cum
2892 4968 3058 5005 uxore
3085 4954 3377 5022 Exuperia,
3409 4964 3467 5008 et

1898 5040 2006 5093 lilio
2062 5039 2361 5094 Theodulo.
2428 5043 2815 5098 Ercxitautem
2881 5045 3000 5098 illos
3078 5048 3466 5102 sanctissimus

1897 5133 2160 5200 pontifex,
2204 5144 2365 5203 atque
2410 5135 2786 5205 interrogavit,
2823 5152 2890 5189 an
2931 5139 3217 5193 crederent
3264 5140 3315 5193 in
3353 5140 3462 5194 Do-

1898 5224 2106 5277 minum
2136 5236 2380 5278 nostrum
2412 5225 2596 5279 Jcsum
2632 5229 2928 5281 Christum.
2962 5231 3060 5283 Cui
3089 5246 3278 5285 omnes
3331 5247 3464 5285 con-

1896 5315 2045 5369 cordi
2081 5318 2260 5369 animo
2294 5318 2697 5386 responderunt
2734 5335 2747 5372 :
2784 5319 3094 5385 Credimus,
3142 5323 3306 5374 Pater
3344 5338 3467 5376 san-

1894 5409 2152 5484 ctissime,
2177 5410 2230 5462 in
2251 5410 2484 5472 Patrem.
2509 5420 2565 5464 et
2586 5412 2802 5476 Filium,
2824 5423 2879 5467 et
2904 5412 3165 5483 Spiritum
3189 5426 3461 5473 sanctum.

1896 5497 2048 5553 Tunc
2106 5501 2352 5568 pontifex
2395 5515 2488 5556 eos
2530 5504 2825 5569 baptizavit
2875 5507 2926 5558 in
2966 5507 3186 5559 nomine
3237 5519 3462 5571 sanctte,

1894 5591 2380 5647 consubstantialis
2436 5602 2490 5647 et
2547 5594 2845 5650 individua:
2908 5608 3072 5664 atque
3138 5599 3462 5652 vivilieantis

1894 5679 2198 5737 Trinitatis.
2258 5683 2636 5740 Oslcnderunt
2693 5698 2874 5742 autem
2931 5690 3009 5742 illi
3048 5699 3102 5743 et
3137 5690 3298 5754 idola,
3342 5706 3462 5757 qua:

1894 5775 2131 5840 pr0priis
2158 5777 2411 5830 manibus
2435 5779 2891 5833 Comminuerant.
2919 5783 3033 5845 Qua
3062 5782 3127 5834 de
3152 5797 3208 5834 re
3232 5781 3460 5832 sanctis-

1894 5864 2063 5916 simus
2098 5866 2339 5933 pontifex
2390 5867 2588 5936 gratias
2621 5870 2723 5938 egit
2770 5870 2901 5937 Deo,
2938 5882 2991 5926 et
3034 5888 3129 5939 pro
3159 5872 3261 5925 illis
3293 5873 3462 5926 sacri-
