4226 6436
759 398 862 466 519

2003 391 2286 452 MENSIS
2327 391 2474 450 AUC
2493 389 2753 451 USTUS.

3908 389 4038 450 520

756 514 932 567 ficium
987 511 1190 567 obtulit
1247 512 1484 581 benigno
1547 518 1600 562 et
1629 508 1822 562 salutis
1868 516 2067 562 nostra:
2117 506 2328 559 auctori
2363 517 2406 567 Α
2439 521 2552 558 rum
2603 501 2861 570 reliquias
2913 501 3204 570 diligenter
3251 499 3504 567 inquiras.
3553 502 3684 556 Cum
3727 498 3827 555 hoc
3864 517 4043 551 inan—

757 603 990 658 Domino
1061 601 1191 657 Iesu
1238 601 1487 665 Christo;
1533 615 1739 669 eosque
1791 607 1991 652 sanctae
2037 597 2331 652 oblationis

750 695 1050 764 participes
1075 694 1224 749 fecit.
1250 697 1438 764 Itaque
1456 701 1565 746 tota
1590 692 1676 745 illa
1700 691 1893 745 domus
1919 690 2111 762 gaudio
2134 704 2332 760 magno

756 793 810 838 et
863 784 1137 838 hilaritate
1174 785 1376 853 repleta
1409 793 1514 837 est.

834 876 902 929 Χ.
947 875 1167 930 Tertius
1239 878 1354 930 dies
1401 877 1761 945 praeterierat,
1820 889 1940 927 cum
2013 873 2334 928 Valerianus

763 979 816 1020 et
889 967 1173 1019 Gallienus
1245 967 1600 1036 imperatores
1652 968 1809 1019 valde
1865 966 2014 1031 impii
2068 965 2182 1017 haec
2230 979 2333 1016 auc

762 1059 1004 1121 dierunt,
1040 1059 1128 1125 qui
1175 1057 1356 1111 furore
1400 1059 1638 1122 accensi,
1685 1059 1971 1126 jusserunt
2021 1053 2334 1105 Nemesium

761 1158 815 1202 et
847 1151 965 1216 ejus
1017 1149 1177 1200 filiam
1233 1147 1524 1210 Lucillam,
1570 1149 1774 1201 indicta
1831 1161 2015 1201 causa.
2071 1144 2332 1212 torqueri.

766 1241 870 1294 Sed
900 1256 1022 1292 cum
1059 1241 1222 1293 nullis
1255 1241 1537 1292 tormentis
1565 1240 1630 1292 de
1664 1239 1938 1292 sententia
1973 1237 2175 1289 moveri
2211 1251 2335 1304 pos-

760 1341 905 1392 sent,
937 1332 1056 1385 illos
1083 1332 1398 1385 obtruncari
1444 1333 1746 1398 jusserunt.
1791 1331 1852 1382 Et
1884 1331 2005 1398 quia
2043 1329 2337 1397 cupiebant

757 1421 979 1473 Lucillae
1030 1421 1171 1490 patri
1219 1424 1572 1490 persuadere,
1605 1430 1662 1474 ut
1699 1421 2021 1476 sententiam
2077 1429 2334 1480 mutaret,

758 1522 1135 1579 praeceperunt
1167 1512 1426 1566 Lucillatn
1467 1511 1614 1580 prius
1654 1511 1993 1565 obtruncari.
2037 1510 2172 1563 Cum
2208 1524 2337 1562 vero

757 1617 812 1659 et
847 1605 1089 1660 Nemesii
1120 1607 1460 1675 propositum
1497 1605 1688 1658 stabile
1739 1615 1902 1671 atque
1934 1602 2212 1656 immobile
2244 1618 2338 1656 co-

757 1700 1095 1766 gnovissent,
1134 1698 1284 1751 illum
1317 1699 1482 1751 etiam
1517 1698 1692 1750 securi
1732 1696 1943 1765 percuti
1971 1696 2254 1763 jusserunt
2285 1694 2336 1747 in

758 1790 879 1843 Ioco
907 1789 1021 1850 illo,
1045 1790 1136 1857 qui
1155 1790 1396 1842 estinter
1421 1789 1557 1842 duas
1585 1791 1718 1847 vias,
1745 1789 1971 1856 Appiam
1997 1797 2048 1840 et
2067 1787 2336 1850 Latinam,

2434 597 2616 650 datum
2645 596 2947 662 accvpisset
2974 592 3336 655 Tertullinus,
3374 604 3493 660 post
3523 596 3658 647 duos
3694 594 3812 646 dies
3847 610 4032 660 quam

2435 687 2713 756 presbyter
2748 686 3032 738 ordinatus
3073 694 3176 745 est,
3211 700 3240 736 a
3281 684 3460 736 Marco
3507 685 3721 739 tribuno
3767 699 4038 751 Compre-

2444 781 2665 839 hensns,
2687 779 2751 831 ad
2774 777 3116 830 Valerianum
3137 775 3373 828 ducitur.
3391 775 3488 827 Cui
3519 776 3861 828 Valerianus:
3887 779 3926 827 Α
3941 793 4035 843 ge,

2439 870 2638 936 inquit,
2667 868 2870 920 domini
2901 867 2972 920 tui
2996 869 3253 934 pecunias
3289 867 3396 918 huc
3421 866 3593 928 affer;
3624 882 3801 919 secus.
3853 868 4040 919 inter-

2437 962 2656 1014 ficieris.
2693 962 2769 1012 Ad
2802 962 2914 1012 base
2937 956 3271 1012 Tertullinus
3306 959 3592 1025 respondit
3623 977 3634 1011 :
3667 960 3721 1010 Si
3758 973 3822 1024 pe
3865 962 4036 1013 uuias

2439 1053 2645 1104 domini
2689 1053 2794 1103 mei
2827 1060 2879 1103 et
2941 1061 2993 1102 lu
3050 1052 3250 1104 habere.
3305 1054 3483 1117 cupis,
3540 1061 3796 1102 aeternam
3855 1052 4036 1100 vitam

2438 1143 2653 1211 assequi
2689 1144 2926 1211 poteris;
2959 1157 3082 1193 nam
3117 1142 3204 1194 ille
3235 1157 3332 1209 pro
3357 1143 3579 1194 Christo
3613 1143 3878 1199 moriens.
3914 1140 4036 1192 Deo

2443 1236 2544 1303 ipsi
2581 1234 2870 1287 facultates
2902 1249 3028 1286 suas
3077 1234 3288 1295 obtulit,
3333 1233 3384 1284 in
3419 1233 3603 1285 futuro
3639 1234 3728 1284 illo
3763 1250 3887 1286 zevo
3935 1249 4041 1285 eas

2444 1337 2783 1395 recepturus.
2820 1326 2872 1380 Si
2908 1343 3036 1397 ergo
3064 1335 3117 1381 et
3159 1338 3212 1380 tu
3243 1343 3364 1380 vere
3397 1328 3450 1379 in
3491 1327 3656 1379 Deum
3695 1328 4038 1382 credideris.

2446 1431 2705 1490 mutaque
2729 1436 2792 1473 ac
2821 1436 3017 1473 sensus
3044 1421 3288 1488 expertia
3313 1421 3452 1473 idola
3482 1431 3800 1474 exsecratus
3827 1422 4033 1482 fueris,

2443 1512 2754 1565 misericors
2794 1520 2847 1564 et
2888 1511 3126 1564 clemens
3169 1510 3307 1564 Deus
3340 1521 3391 1564 te
3429 1512 3806 1578 paenitentiam
3863 1526 4040 1579 agen-

2447 1612 2553 1656 tem
2597 1602 2979 1670 amplectetur.
3034 1601 3188 1656 Tunc
3245 1603 3381 1653 dixit
3433 1601 3754 1655 Valerianus
3811 1621 3824 1654 :
3887 1605 4039 1672 Ergo

2444 1694 2650 1746 domini
2693 1693 2766 1746 tui
2825 1692 3072 1761 pecuni:e
3109 1702 3367 1744 a'lernum
3401 1693 3561 1745 vitam
3597 1694 3670 1745 illi
3734 1693 4038 1747 afferunt?

2447 1787 2700 1846 Maxime,
2741 1787 2916 1855 inquit
2972 1785 3335 1850 Tertullinus,
3379 1794 3432 1838 et
3486 1802 3591 1838 non
3635 1787 3816 1840 solum
3870 1799 4042 1840 aeter—

757 1895 866 1934 non
917 1880 1076 1949 longe
1126 1878 1191 1933 ab
1229 1879 1363 1932 urbe
1407 1879 1599 1932 Roma.
1661 1879 1884 1932 Postera
1945 1879 2031 1932 die
2091 1878 2337 1932 nefarius
2376 1867 2414 1920 Β
2448 1895 2572 1932 nam
2609 1881 2802 1943 vitam,
2833 1878 2926 1931 sed
2965 1889 3292 1948 perpetuum
3348 1879 3512 1930 etiam
3574 1893 3801 1945 regnum
3847 1881 4041 1931 conci-

759 1972 1080 2026 Valcrianus
1105 1972 1268 2042 jussit
1298 1971 1704 2044 Sempronium.
1742 1972 1958 2042 publice
1985 1971 2339 2032 audiendum,

756 2065 896 2118 sisti.
933 2064 1032 2117 Cui
1086 2064 1224 2116 dixit
1261 2081 1275 2114 :
1314 2063 1497 2128 Quare
1548 2080 1657 2117 non
1695 2065 1936 2117 consulis
1971 2065 2065 2116 tibi
2126 2064 2247 2131 ipsi,
2289 2073 2343 2116 et

757 2156 865 2208 diis
898 2165 949 2209 te
975 2155 1226 2224 subjicis,
1267 2171 1362 2224 per
1411 2173 1545 2224 quos
1593 2160 1851 2210 universa
1896 2166 2091 2209 natura
2130 2157 2340 2226 regitur

758 2255 811 2299 et
837 2247 1173 2314 gubernatur
1196 2248 1218 2298 ?
1240 2247 1495 2302 Christus
1520 2263 1604 2302 me
1626 2249 1763 2318 regit
1781 2257 1831 2301 et
1851 2248 2136 2318 gubernat,
2167 2248 2343 2317 inquit

760 2338 1148 2406 Sempronius,
1179 2339 1267 2408 qui
1294 2349 1348 2391 et
1375 2340 1517 2392 hanc
1543 2339 1872 2392 sententiam
1898 2340 2032 2392 mihi
2057 2339 2344 2392 confirma-

775 2430 874 2483 vit.
913 2428 1067 2483 Tunc
1099 2429 1267 2498 jussit
1293 2431 1614 2484 Valerianus
1643 2430 2024 2500 Sempronium
2070 2430 2123 2482 in
2161 2431 2340 2499 ignem

759 2521 985 2590 conjici.
1019 2521 1216 2575 Milites
1273 2523 1436 2592 igitur
1486 2538 1608 2576 cum
1651 2522 1828 2592 ignem
1883 2522 2111 2577 multum
2149 2537 2344 2575 accen-

760 2613 988 2675 dissent,
1023 2623 1271 2668 sanctum
1308 2615 1459 2667 illum
1504 2615 1680 2668 virum
1710 2614 2118 2682 Sempronium,
2147 2614 2344 2667 vinctis

761 2713 883 2770 post
910 2714 1058 2773 terga
1095 2705 1373 2766 manibus,
1411 2705 1465 2758 in
1515 2705 1750 2758 mediam
1788 2704 2055 2757 ﬂammam
2090 2703 2344 2772 eonjece-

765 2803 911 2848 runt.
941 2795 1126 2863 Itaque
1153 2797 1503 2850 beatissimus
1528 2805 1732 2866 martyr
1757 2795 2114 2865 Sempronius
2141 2795 2193 2847 in
2228 2809 2340 2848 me-

775 2887 860 2938 dia
899 2884 1120 2939 ﬂamma
1188 2887 1424 2956 positus,
1458 2887 1708 2956 spiritum
1773 2885 1904 2938 Jesu
1938 2885 2154 2939 Christo
2190 2899 2343 2938 com-

765 2980 1062 3033 mendavit.
1096 2980 1356 3033 Pretiosm
1412 2989 1594 3030 autem
1628 2978 1802 3046 ipsius
1835 2977 2079 3046 reliquias
2130 2977 2344 3031 intacta:

766 3079 1202 3136 permanserunt.
1262 3069 1420 3123 Venit
1471 3079 1656 3123 autem
1704 3070 1896 3123 beatus
1926 3068 2171 3139 pontifex
2211 3070 2338 3124 Ste-

2449 1972 2604 2024 liant.

2515 2059 2654 2114 XIII.
2701 2059 2795 2113 His
2830 2060 3048 2123 auditis,
3097 2061 3418 2114 Valerianus
3450 2063 3514 2113 ad
3568 2076 3662 2113 eos
3711 2076 4038 2113 sermonem

2452 2155 2711 2224 dirigens,
2757 2154 2848 2223 qui
2881 2153 3110 2207 aderant
3143 2173 3154 2206 :
3184 2154 3408 2217 Delirat,
3451 2153 3646 2222 inquit,
3682 2153 4039 2208 Tertullinus

2448 2249 2566 2302 iste.
2601 2247 2986 2301 Prosternatur
3025 2247 3188 2317 igitur
3223 2247 3276 2299 in
3309 2256 3530 2308 terram,
3557 2258 3610 2299 et
3644 2248 3833 2301 multis
3863 2248 4039 2317 virgis

2447 2340 2806 2408 percutiatur.
2845 2341 3030 2406 Itaque
3060 2355 3182 2392 cum
3223 2339 3284 2392 Β.
3313 2339 3650 2394 Tertullinus
3701 2341 3824 2393 sine
3864 2341 4040 2393 mise-

2448 2433 2680 2486 ricordia
2714 2433 3116 2495 verberaretur,
3141 2447 3271 2484 voce
3295 2448 3484 2500 magna
3513 2433 3726 2487 dicebat
3759 2451 3770 2487 :
3807 2431 4037 2486 Gratias

2447 2539 2546 2594 ago
2583 2523 2700 2585 tibi,
2748 2523 2975 2576 Domine
3005 2523 3130 2576 .Iesu
3165 2521 3404 2581 Christe,
3441 2523 3580 2592 quod
3619 2537 3726 2574 non
3755 2522 4037 2590 disjnnxi-

2448 2618 2518 2670 sti
2555 2633 2641 2669 me
2666 2633 2693 2670 a
2728 2617 2950 2669 domino
2979 2632 3101 2670 meo
3155 2626 3209 2670 et
3237 2631 3396 2670 servo
3431 2623 3522 2669 tuo
3551 2614 3821 2686 Olympio,
3853 2618 3946 2683 qui
3982 2628 4039 2668 et

2445 2725 2532 2762 me
2563 2709 2857 2762 antecessit
2892 2709 3154 2777 martyrio
3199 2707 3437 2761 functus.
3475 2709 3609 2760 Cum
3663 2708 3846 2775 itaque
3889 2709 4038 2759 inter

2447 2801 2676 2853 verbera
2713 2809 2764 2851 et
2793 2801 2978 2866 plagas
3010 2799 3113 2850 hoc
3135 2798 3363 2854 diceret.
3394 2799 3557 2864 jussit
3581 2798 3880 2864 imperator
3909 2800 4035 2864 ejus

2445 2890 2707 2944 lateribus
2769 2888 2950 2958 ignem
3001 2888 3214 2955 subjici.
3266 2889 3362 2940 Cui
3435 2887 3629 2940 nefarii
3679 2901 3840 2957 atque
3876 2891 4032 2957 impii

2449 2981 2700 3036 homines
2723 2981 2828 3035 hoc
2847 2996 2990 3050 saepe
3011 2979 3392 3036 inculcabant:
3422 2979 3722 3033 Tertulline
3743 2983 4032 3049 sacrilege.

2446 3076 2612 3130 redde
2647 3075 2908 3144 pecunias
2952 3074 3156 3127 domini
3203 3073 3300 3127 tui.
3354 3072 3547 3126 Beatus
3595 3088 3725 3126 vero
3760 3072 4029 3127 Tertulli-

765 3163 983 3228 phauus
1033 3178 1154 3214 cum
1207 3163 1421 3216 clericis
1453 3173 1508 3216 et
1556 3163 1685 3218 viris
1719 3162 2006 3232 religiosis,
2059 3165 2341 3231 sanctique
2370 3198 2412 3254 ο
2451 3184 2553 3222 nus
2582 3169 2853 3222 constanti
2892 3168 3074 3221 animo
3108 3178 3271 3236 atque
3297 3166 3449 3220 hilari
3487 3167 3637 3219 vultu
3668 3167 3886 3222 dicebat
3921 3168 4031 3220 Va—

763 3251 1072 3321 Semprouii
1114 3252 1369 3321 reliquias
1400 3253 1638 3323 collegit,
1688 3261 1746 3306 et
1783 3252 1901 3304 illas
1949 3266 2073 3304 cum
2108 3249 2340 3321 Olympii

760 3355 816 3398 et
841 3347 1140 3405 sociorum,
1199 3347 1288 3412 qui
1349 3347 1499 3413 prius
1555 3352 1779 3415 propter
1836 3342 2112 3399 Christum
2175 3346 2342 3399 inter-

764 3437 886 3491 fecti
915 3437 1152 3500 fuerant,
1183 3439 1548 3492 sanctissimis
1599 3438 1846 3507 reliquiis
1877 3439 2184 3493 collocavit.

845 3529 934 3582 XI.
996 3529 1126 3584 Post
1187 3531 1390 3583 multos
1450 3531 1569 3582 dies
1624 3529 1950 3581 Valerianus
1984 3541 2033 3580 et
2069 3529 2344 3583 Gallienus

762 3630 1052 3690 coeperunt
1093 3623 1309 3676 beatum
1363 3621 1678 3690 episcOpum
1737 3619 2076 3689 Stephanum
2126 3631 2178 3674 et
2225 3625 2344 3692 ejus

763 3713 968 3764 clerum
1010 3713 1288 3780 inquirere
1341 3731 1356 3766 ς
1410 3714 1539 3781 quin
1612 3713 1773 3766 etiam
1839 3713 2018 3767 edicto
2070 3717 2344 3784 preposito

758 3803 1066 3872 jusserunt,
1093 3812 1154 3857 ut
1181 3805 1496 3874 ubicunque
1522 3805 1728 3858 inventi
1755 3805 2007 3867 fuissent,
2032 3817 2146 3873 post
2179 3811 2344 3862 nmlta

763 3902 820 3945 et
852 3893 996 3946 varia
1030 3902 1329 3954 tormenta,
1385 3903 1562 3946 morte
1595 3893 1948 3947 acerbissima
1989 3908 2342 3951 necarentur.

764 3984 951 4052 Itaque
1013 3985 1223 4038 detenti
1285 3995 1411 4039 sunt
1476 3986 1662 4041 clerici
1725 3987 2034 4054 duodecim,
2098 4005 2340 4059 quorum

763 4077 982 4129 nomina
1025 4077 1138 4130 haec
1173 4087 1300 4131 sunt
1339 4097 1352 4132 :
1408 4076 1666 4144 Faustus,
1702 4078 1946 4143 Maurus,
2000 4081 2339 4143 Primitivus,

759 4158 1077 4223 tolumnius
1122 4167 1567 4240 [Caluiimiosus],
1614 4171 1877 4237 Joannes,
1915 4173 2339 4242 Exuperantius,

761 4257 1014 4326 (Lyrillus,
1037 4258 1367 4319 Honoratus,
1406 4257 1746 4314 Theodosius
1773 4260 2163 4333 [Theodorus].
2188 4263 2341 4316 Basi-

760 4353 884 4416 lius,
906 4354 1182 4420 Castulus,
1220 4355 1482 4411 Donatus.
1511 4356 1611 4422 Qui
1645 4372 1767 4410 cum
1797 4358 1980 4413 multis
2011 4359 2341 4412 cruciatibus

761 4451 1164 4512 torquerentur,
1192 4459 1367 4512 neque
1387 4445 1579 4499 adduci
1604 4456 1826 4514 possent
1848 4457 1909 4501 ut
1928 4447 2176 4504 facerent
2198 4450 2341 4519 quod

756 4534 896 4603 jussi
987 4544 1179 4601 erant,
1263 4545 1542 4605 postremo
1612 4538 1967 4607 imperatores

761 4724 904 4771 ctus.
925 4715 1169 4781 Quorum
1192 4719 1498 4774 veneranda
1519 4733 1744 4788 corpora
1766 4721 1975 4775 curavit
1997 4720 2351 4788 Tertullinus,

761 4811 852 4878 qui
872 4808 1050 4864 fuerat
1071 4809 1300 4880 Olympii
1333 4825 1544 4873 servus,
1573 4811 1822 4879 quamvis
1842 4811 2021 4867 adhuc
2043 4824 2190 4869 esset
2219 4831 2352 4884 gen-

765 4903 890 4970 tilis,
923 4912 980 4956 et
1001 4915 1189 4956 eorum
1228 4897 1485 4968 reliquias
1507 4897 1747 4967 reposuit
1784 4913 1953 4967 prope
1983 4914 2208 4967 corpora
2226 4916 2352 4955 san-

762 5007 974 5051 ctorum
1005 4993 1190 5048 Iuvini
1227 5001 1281 5046 et
1311 4991 1528 5058 Basilei,
1560 4991 1615 5045 in
1651 4991 1737 5048 via
1764 4990 1978 5048 Latina.
2011 4991 2125 5048 Cal.
2159 4993 2295 5064 Aug.

841 5110 963 5164 XII.
1024 5109 1151 5163 Hzec
1228 5123 1352 5162 cum
1415 5107 1720 5161 audivisset
1773 5107 1966 5162 beatus
2042 5107 2353 5178 Stephanus

763 5199 1042 5270 pontifex,
1069 5198 1233 5269 jussit
1261 5197 1327 5250 ad
1377 5211 1436 5250 se
1467 5194 1730 5250 accersiri
1763 5194 2154 5262 Tcrtulliuum,
2182 5213 2342 5266 quem

763 5294 953 5346 multis
991 5289 1402 5345 hortationibus
1432 5288 1499 5340 ad
1531 5288 1899 5341 Christianam
1930 5288 2088 5342 fidem
2116 5304 2346 5343 conver-

763 5399 882 5437 sum
903 5381 1169 5435 docuitde
1200 5393 1371 5448 regno
1401 5377 1522 5442 Dei,
1545 5385 1600 5431 et
1628 5378 2124 5446 sempiternaevitaa
2150 5389 2351 5448 myste-

766 5476 859 5528 riis
901 5473 1152 5536 initiavit,
1199 5469 1655 5538 sanctissimoque
1719 5470 2045 5538 baptismate
2076 5472 2348 5542 purgavit,

765 5576 927 5636 atque
956 5566 1107 5620 illum
1163 5563 1342 5618 adhuc
1391 5562 1515 5616 alba
1560 5571 1709 5616 veste
1754 5563 2031 5628 indutum,
2067 5565 2349 5618 ordinavit

767 5659 1163 5730 presbyterum.
1222 5655 1395 5720 Quem
1446 5669 1571 5708 cum
1629 5654 1906 5711 docuisset
1961 5655 2028 5706 de
2079 5654 2255 5707 salute
2285 5670 2347 5708 ac

764 5751 968 5806 ctelesti
997 5765 1165 5819 regno
1195 5758 1416 5804 sanctus
1446 5747 1691 5818 pontifex
1735 5765 1748 5802 :
1784 5747 1933 5810 Esto,
1966 5748 2138 5816 inquit
2170 5790 2184 5812 ,
2229 5749 2347 5812 tibi,

767 5844 957 5906 frater,
1015 5845 1118 5897 hoc
1148 5858 1286 5896 onus
1322 5842 1658 5911 impositum,
1700 5849 1758 5892 ut
1793 5839 2087 5893 multorum
2140 5849 2344 5908 marty-

2449 3260 2668 3314 Ierianu
2701 3279 2712 3314 :
2745 3262 2875 3331 Age,
2918 3260 3106 3333 misej',
3168 3260 3250 3312 fac
3283 3258 3570 3311 celerrime
3603 3260 3863 3326 quidquid
3920 3263 4030 3320 vis,

2453 3364 2509 3407 ut
2536 3371 2633 3422 per
2671 3354 2989 3408 incendium
3027 3364 3077 3403 et
3118 3352 3369 3403 ﬂammas
3413 3352 3547 3404 istas
3571 3367 3657 3402 me
3693 3353 4028 3405 sacrificium

2454 3448 2564 3499 Deo
2587 3453 2796 3515 gratum
2829 3443 3024 3496 oﬂ‘erre
3055 3444 3276 3510 possim.
3313 3442 3467 3494 Tunc
3497 3443 3665 3507 jussit
3705 3444 4034 3498 Valerianus

2453 3537 2816 3602 Tertullinnm
2855 3551 2962 3587 non
2996 3536 3228 3604 amplius
3267 3537 3568 3594 verberari.
3613 3537 3705 3589 sed
3743 3538 3881 3589 tradi
3932 3539 4028 3589 Sa-

2453 3632 2614 3702 pritio
2665 3630 2814 3683 urbis
2857 3630 3095 3700 praesidi,
3149 3630 3235 3684 cui
3268 3631 3400 3684 dixit
3455 3651 3466 3683 :
3517 3632 3649 3702 Age,
3693 3635 3911 3700 require
3967 3635 4030 3684 ab

2455 3725 2557 3777 isto
2604 3725 2866 3794 pecunias
2918 3722 3152 3794 Olympii
3193 3725 3397 3777 domini
3452 3724 3574 3788 sui;
3647 3725 3848 3780 deinde
3901 3742 4030 3796 coge

2454 3817 2603 3868 illum
2640 3818 2744 3868 diis
2781 3816 2989 3870 libare:
3023 3816 3166 3883 quod
3196 3817 3297 3868 nisi
3334 3817 3546 3880 fecerit,
3581 3819 3744 3872 rariis
3779 3831 4020 3872 tormen-

2454 3907 2522 3958 tis
2559 3905 2856 3959 crucietur.

2531 3996 2666 4051 XIV.
2701 3998 2836 4052 Cum
2892 3998 2996 4052 hoc
3032 3998 3345 4052 mandatum
3387 3999 3687 4068 accepisset
3736 4003 4026 4070 Sapritius,

2452 4092 2633 4143 statim
2664 4084 2897 4144 tribunal
2946 4089 3048 4144 sibi
3101 4089 3278 4160 parari
3319 4091 3479 4160 jussit
3524 4091 3573 4143 in
3629 4106 3692 4145 eo
3738 4091 3880 4154 loco,
3941 4111 4024 4168 qui

2453 4182 2752 4238 Mamertini
2787 4185 2980 4238 domus
3035 4185 3360 4254 appellatur,
3416 4185 3778 4255 prmeepitqtle
3835 4187 4026 4241 adduci

2450 4275 2514 4327 ad
2546 4291 2602 4328 se
2633 4286 2945 4344 martyrem,
2972 4291 3219 4343 praacone
3250 4277 3326 4329 sic
3355 4278 3630 4331 indicente
3663 4297 3676 4331 :
3717 4281 4027 4335 Adducatur

2453 4366 2557 4418 huc
2595 4366 2889 4435 sacrilegus
2921 4364 3258 4418 Tertullinus
3315 4383 3328 4418 :
3371 4367 3648 4420 Adductus
3696 4370 3882 4443 itaque
3933 4374 4028 4424 fuit

2451 4455 2812 4516 Tertullinus,
2844 4469 3006 4524 quem
3039 4470 3238 4524 praeses
3267 4455 3641 4523 interrogavit,
3675 4471 3782 4523 quo
3810 4473 4026 4511 nomine

2062 4542 2338 4610 jusserunt
2373 4555 2424 4612 ι)
2457 4559 2762 4602 vocaretur.
2809 4548 2908 4600 Cui
2949 4545 3323 4599 Tertullinus:
3352 4545 3630 4606 Peccator,
3677 4547 3872 4614 inquit,
3912 4565 4025 4600 sum

763 4625 886 4681 illos
939 4627 1252 4682 obtruncari
1312 4630 1365 4682 in
1416 4630 1500 4683 via
1556 4645 1676 4699 quae
1720 4630 2030 4700 appellatur
2082 4634 2354 4702 Aquaadu-

2460 4654 2577 4710 ego,
2615 4654 2805 4693 servus
2835 4651 3116 4691 servorum
3146 4636 3274 4692 .Iesu
3307 4637 3531 4692 Christi.
3567 4637 3720 4692 Tunc
3761 4638 4028 4707 Sapritius

2461 4744 2667 4798 praeses
2707 4729 2784 4782 sic
2815 4743 2937 4782 eum
2970 4728 3166 4782 affatus
3201 4738 3287 4782 est
3321 4745 3332 4779 :
3376 4728 3674 4782 Considera
3712 4745 3832 4797 qua:
3884 4745 4027 4783 nunc

2459 4823 2552 4876 tibi
2592 4823 3004 4890 praecipiuntur,
3037 4829 3093 4875 et
3123 4820 3242 4874 sine
3275 4835 3424 4874 mora
3459 4820 3648 4886 facias,
3692 4824 3837 4890 quod
3886 4823 4024 4886 dico,

2458 4921 2516 4965 ut
2547 4911 2717 4965 vivas.
2774 4911 2870 4964 Eia
2921 4909 3083 4979 igitur
3129 4909 3232 4963 diis
3281 4907 3550 4972 sacrifica,
3587 4917 3639 4961 et
3675 4907 3864 4968 redde.
3912 4924 4027 4976 qua:

2453 5005 2732 5077 jubemns,
2787 5005 2928 5056 bona
2981 5000 3214 5072 Olympii
3266 4999 3475 5052 domini
3531 5001 3641 5064 lui;
3697 5002 3779 5053 sin
3828 5001 4023 5060 minus.

2467 5107 2873 5152 tormentorum
2897 5093 3181 5165 suppliciis
3204 5101 3560 5162 consumptus
3588 5091 3774 5145 fueris.
3811 5093 3890 5144 Ad
3918 5093 4027 5147 base

2458 5189 2738 5257 respondit
2767 5185 3105 5240 Tertullinus
3135 5201 3148 5236 :
3182 5183 3237 5238 Si
3275 5197 3467 5236 nosses
3501 5192 3720 5236 aeternae
3754 5183 3880 5236 vita:
3913 5183 4030 5238 feli-

2455 5283 2703 5346 eitatem,
2739 5297 2848 5334 non
2899 5295 3050 5335 esses
3080 5281 3147 5333 de
3199 5277 3456 5347 prmsenti
3506 5277 3706 5330 saeculo
3740 5276 3934 5328 anxius
3970 5292 4031 5332 ac

2455 5378 2738 5438 sollicitus,
2796 5389 2856 5427 ea
2899 5387 3096 5426 curans
3123 5385 3242 5440 quas
3286 5386 3314 5422 a
3347 5369 3706 5430 daemonibus,
3743 5383 3882 5435 quos
3932 5384 4030 5424 vos

2455 5473 2657 5533 colitis,
2692 5477 3080 5537 suggeruntur,
3117 5472 3171 5517 et
3218 5463 3313 5517 tibi
3349 5471 3404 5516 et
3438 5461 3512 5514 tui
3556 5460 3830 5514 similibus
3865 5471 4032 5512 teter.

2456 5579 2554 5617 nos
2606 5561 2879 5614 cruciatus
2910 5557 3158 5610 afferent.
3194 5554 3288 5609 I-Iis
3315 5553 3536 5618 auditis,
3571 5551 3842 5621 Sapritius
3892 5568 4032 5620 ιπε-

2455 5670 2540 5708 ses
2563 5652 2723 5720 jussit
2755 5648 3044 5701 Tertullini
3078 5646 3272 5701 faciem
3306 5645 3576 5714 lapidibus
3628 5644 3834 5700 collidi.
3887 5643 4033 5699 San-

2456 5759 2574 5799 ctus
2628 5759 2755 5796 vero
2827 5741 3187 5804 Tertullinus,
3223 5738 3333 5792 Deo
3391 5738 3590 5809 gratias
3639 5752 3827 5806 agens,
3897 5736 4035 5792 dixit

2457 5838 2666 5908 praesidi
2701 5854 2711 5887 :
2751 5835 2826 5886 Tu
2866 5850 3042 5886 meum
3077 5849 3136 5886 os
3183 5832 3453 5900 confringi
3495 5829 3721 5898 iussisti.
3754 5835 3809 5882 et
3847 5826 4033 5882 Domi-
