  <div class='ocr_page' id='page_1' title='image "/cluster/home/n/w/nwhite01/storage/ocr_20150623/115/nnc1.0046980261/278.png"; bbox 0 0 4226 6436; ppageno 0'>
   <div class='ocr_carea' id='block_1_1' title="bbox 184 407 286 469">
    <p class='ocr_par' dir='ltr' id='par_1_1' title="bbox 184 407 286 469">
     <span class='ocr_line' id='line_1_1' title="bbox 184 407 286 469; baseline 0.039 -4"><span class='ocrx_word' id='word_1_1' title='bbox 184 407 286 469; x_wconf 71' lang='grc'><strong>521</strong></span> 
     </span>
    </p>
   </div>
   <div class='ocr_carea' id='block_1_2' title="bbox 1426 404 2155 467">
    <p class='ocr_par' dir='ltr' id='par_1_2' title="bbox 1426 404 2155 467">
     <span class='ocr_line' id='line_1_2' title="bbox 1426 404 2155 467; baseline 0.001 -2"><span class='ocrx_word' id='word_1_2' title='bbox 1426 406 1604 466; x_wconf 79' lang='grc' dir='ltr'><strong>νιΤΑ</strong></span> <span class='ocrx_word' id='word_1_3' title='bbox 1651 406 1711 463; x_wconf 90' lang='lat' dir='ltr'><strong>S.</strong></span> <span class='ocrx_word' id='word_1_4' title='bbox 1757 404 2155 467; x_wconf 77' lang='lat' dir='ltr'><strong>STEPHANI.</strong></span> 
     </span>
    </p>
   </div>
   <div class='ocr_carea' id='block_1_3' title="bbox 3299 406 3401 470">
    <p class='ocr_par' dir='ltr' id='par_1_3' title="bbox 3299 406 3401 470">
     <span class='ocr_line' id='line_1_3' title="bbox 3299 406 3401 470; baseline -0.02 -1"><span class='ocrx_word' id='word_1_5' title='bbox 3299 406 3401 470; x_wconf 78' lang='lat'><strong>522</strong></span> 
     </span>
    </p>
   </div>
   <div class='ocr_carea' id='block_1_4' title="bbox 183 515 3398 588">
    <p class='ocr_par' dir='ltr' id='par_1_4' title="bbox 183 515 3398 588">
     <span class='ocr_line' id='line_1_4' title="bbox 183 515 3398 588; baseline 0 -16"><span class='ocrx_word' id='word_1_6' title='bbox 183 534 289 573; x_wconf 85' lang='lat' dir='ltr'><strong>nus</strong></span> <span class='ocrx_word' id='word_1_7' title='bbox 345 534 494 572; x_wconf 84' lang='lat' dir='ltr'><strong>meus</strong></span> <span class='ocrx_word' id='word_1_8' title='bbox 527 517 686 572; x_wconf 82' lang='lat' dir='ltr'><strong>Jesus</strong></span> <span class='ocrx_word' id='word_1_9' title='bbox 717 515 987 578; x_wconf 75' lang='lat' dir='ltr'><strong>Christus,</strong></span> <span class='ocrx_word' id='word_1_10' title='bbox 1037 531 1194 586; x_wconf 82' lang='lat' dir='ltr'><strong>quem</strong></span> <span class='ocrx_word' id='word_1_11' title='bbox 1235 531 1332 586; x_wconf 87' lang='lat' dir='ltr'><strong>ego</strong></span> <span class='ocrx_word' id='word_1_12' title='bbox 1373 517 1511 578; x_wconf 86' lang='lat' dir='ltr'><strong>colo,</strong></span> <span class='ocrx_word' id='word_1_13' title='bbox 1567 529 1617 569; x_wconf 84' lang='lat' dir='ltr'><strong>te</strong></span> <span class='ocrx_word' id='word_1_14' title='bbox 1683 531 1744 568; x_wconf 87' lang='lat' dir='ltr'><strong>ac</strong></span> <span class='ocrx_word' id='word_1_15' title='bbox 1775 525 1816 576; x_wconf 76' lang='grc' dir='ltr'>Α</span> <span class='ocrx_word' id='word_1_16' title='bbox 1848 517 2194 573; x_wconf 71' lang='lat' dir='ltr'><strong>beatissimus</strong></span> <span class='ocrx_word' id='word_1_17' title='bbox 2260 519 2500 588; x_wconf 71' lang='lat' dir='ltr'><strong>pontifex</strong></span> <span class='ocrx_word' id='word_1_18' title='bbox 2545 537 2570 572; x_wconf 84' lang='lat' dir='ltr'><strong>a</strong></span> <span class='ocrx_word' id='word_1_19' title='bbox 2629 520 2948 575; x_wconf 76' lang='lat' dir='ltr'><strong>satellitibus</strong></span> <span class='ocrx_word' id='word_1_20' title='bbox 3001 528 3152 572; x_wconf 76' lang='lat' dir='ltr'><strong>extra</strong></span> <span class='ocrx_word' id='word_1_21' title='bbox 3201 522 3398 572; x_wconf 74' lang='lat' dir='ltr'><strong>mmnia</strong></span> 
     </span>
    </p>
   </div>
   <div class='ocr_carea' id='block_1_5' title="bbox 175 606 1740 677">
    <p class='ocr_par' dir='ltr' id='par_1_5' title="bbox 175 606 1740 677">
     <span class='ocr_line' id='line_1_5' title="bbox 175 606 1740 677; baseline -0.002 -13"><span class='ocrx_word' id='word_1_22' title='bbox 175 610 450 664; x_wconf 88' lang='lat' dir='ltr'><strong>diabolum</strong></span> <span class='ocrx_word' id='word_1_23' title='bbox 475 609 796 663; x_wconf 74' lang='lat' dir='ltr'><strong>idololatriae</strong></span> <span class='ocrx_word' id='word_1_24' title='bbox 825 616 1100 663; x_wconf 88' lang='lat' dir='ltr'><strong>auctorem</strong></span> <span class='ocrx_word' id='word_1_25' title='bbox 1128 617 1392 662; x_wconf 88' lang='lat' dir='ltr'><strong>conteret.</strong></span> <span class='ocrx_word' id='word_1_26' title='bbox 1415 606 1568 662; x_wconf 83' lang='lat' dir='ltr'><strong>Tunc</strong></span> <span class='ocrx_word' id='word_1_27' title='bbox 1602 623 1740 677; x_wconf 75' lang='lat' dir='ltr'><strong>prte-</strong></span> 
     </span>
    </p>
   </div>
   <div class='ocr_carea' id='block_1_6' title="bbox 179 697 1743 768">
    <p class='ocr_par' dir='ltr' id='par_1_6' title="bbox 179 697 1743 768">
     <span class='ocr_line' id='line_1_6' title="bbox 179 697 1743 768; baseline -0.002 -14"><span class='ocrx_word' id='word_1_28' title='bbox 179 716 272 754; x_wconf 90' lang='lat' dir='ltr'><strong>scs</strong></span> <span class='ocrx_word' id='word_1_29' title='bbox 315 701 448 754; x_wconf 79' lang='lat' dir='ltr'><strong>dixit</strong></span> <span class='ocrx_word' id='word_1_30' title='bbox 511 699 596 754; x_wconf 88' lang='lat' dir='ltr'><strong>his</strong></span> <span class='ocrx_word' id='word_1_31' title='bbox 643 701 734 768; x_wconf 86' lang='lat' dir='ltr'><strong>qui</strong></span> <span class='ocrx_word' id='word_1_32' title='bbox 791 711 1084 768; x_wconf 71' lang='lat' dir='ltr'><strong>praesentes</strong></span> <span class='ocrx_word' id='word_1_33' title='bbox 1122 708 1278 752; x_wconf 88' lang='lat' dir='ltr'><strong>erant</strong></span> <span class='ocrx_word' id='word_1_34' title='bbox 1321 719 1334 752; x_wconf 88' lang='lat'><strong>:</strong></span> <span class='ocrx_word' id='word_1_35' title='bbox 1370 697 1603 753; x_wconf 89' lang='lat' dir='ltr'><strong>Curnam</strong></span> <span class='ocrx_word' id='word_1_36' title='bbox 1644 700 1743 751; x_wconf 87' lang='lat' dir='ltr'><strong>iste</strong></span> 
     </span>
    </p>
   </div>
   <div class='ocr_carea' id='block_1_7' title="bbox 179 788 1742 860">
    <p class='ocr_par' dir='ltr' id='par_1_7' title="bbox 179 788 1742 860">
     <span class='ocr_line' id='line_1_7' title="bbox 179 788 1742 860; baseline -0.002 -17"><span class='ocrx_word' id='word_1_37' title='bbox 179 800 426 843; x_wconf 79' lang='lat' dir='ltr'><strong>moratur</strong></span> <span class='ocrx_word' id='word_1_38' title='bbox 474 788 706 860; x_wconf 82' lang='lat' dir='ltr'><strong>Olympii</strong></span> <span class='ocrx_word' id='word_1_39' title='bbox 752 790 1009 858; x_wconf 82' lang='lat' dir='ltr'><strong>pecunias</strong></span> <span class='ocrx_word' id='word_1_40' title='bbox 1057 789 1329 843; x_wconf 84' lang='lat' dir='ltr'><strong>reddere?</strong></span> <span class='ocrx_word' id='word_1_41' title='bbox 1389 790 1454 842; x_wconf 80' lang='lat' dir='ltr'><strong>Et</strong></span> <span class='ocrx_word' id='word_1_42' title='bbox 1506 789 1570 842; x_wconf 92' lang='lat' dir='ltr'><strong>ad</strong></span> <span class='ocrx_word' id='word_1_43' title='bbox 1621 805 1742 841; x_wconf 86' lang='lat' dir='ltr'><strong>cum</strong></span> 
     </span>
    </p>
   </div>
   <div class='ocr_carea' id='block_1_8' title="bbox 179 879 1741 951">
    <p class='ocr_par' dir='ltr' id='par_1_8' title="bbox 179 879 1741 951">
     <span class='ocr_line' id='line_1_8' title="bbox 179 879 1741 951; baseline -0.002 -15"><span class='ocrx_word' id='word_1_44' title='bbox 179 897 515 936; x_wconf 85' lang='lat' dir='ltr'><strong>conversus:</strong></span> <span class='ocrx_word' id='word_1_45' title='bbox 546 883 678 951; x_wconf 82' lang='lat' dir='ltr'><strong>Age,</strong></span> <span class='ocrx_word' id='word_1_46' title='bbox 712 881 906 950; x_wconf 90' lang='lat' dir='ltr'><strong>inquit,</strong></span> <span class='ocrx_word' id='word_1_47' title='bbox 934 879 1065 933; x_wconf 70' lang='lat' dir='ltr'><strong>affer</strong></span> <span class='ocrx_word' id='word_1_48' title='bbox 1093 880 1352 941; x_wconf 82' lang='lat' dir='ltr'><strong>pecunias</strong></span> <span class='ocrx_word' id='word_1_49' title='bbox 1388 896 1520 949; x_wconf 86' lang='lat' dir='ltr'><strong>quas</strong></span> <span class='ocrx_word' id='word_1_50' title='bbox 1557 880 1741 946; x_wconf 85' lang='lat' dir='ltr'><strong>debes,</strong></span> 
     </span>
    </p>
   </div>
   <div class='ocr_carea' id='block_1_9' title="bbox 181 971 1744 1039">
    <p class='ocr_par' dir='ltr' id='par_1_9' title="bbox 181 971 1744 1039">
     <span class='ocr_line' id='line_1_9' title="bbox 181 971 1744 1039; baseline -0.002 -13"><span class='ocrx_word' id='word_1_51' title='bbox 181 983 239 1026; x_wconf 83' lang='lat' dir='ltr'><strong>et</strong></span> <span class='ocrx_word' id='word_1_52' title='bbox 293 974 398 1025; x_wconf 87' lang='lat' dir='ltr'><strong>diis</strong></span> <span class='ocrx_word' id='word_1_53' title='bbox 453 974 717 1036; x_wconf 85' lang='lat' dir='ltr'><strong>sacrilica,</strong></span> <span class='ocrx_word' id='word_1_54' title='bbox 776 988 846 1025; x_wconf 93' lang='lat' dir='ltr'><strong>ne</strong></span> <span class='ocrx_word' id='word_1_55' title='bbox 916 971 1094 1039; x_wconf 82' lang='lat' dir='ltr'><strong>capite</strong></span> <span class='ocrx_word' id='word_1_56' title='bbox 1147 971 1527 1031; x_wconf 88' lang='lat' dir='ltr'><strong>obtruncatus,</strong></span> <span class='ocrx_word' id='word_1_57' title='bbox 1581 972 1744 1024; x_wconf 90' lang='lat' dir='ltr'><strong>vitam</strong></span> 
     </span>
    </p>
   </div>
   <div class='ocr_carea' id='block_1_10' title="bbox 185 1061 1745 1131">
    <p class='ocr_par' dir='ltr' id='par_1_10' title="bbox 185 1061 1745 1131">
     <span class='ocr_line' id='line_1_10' title="bbox 185 1061 1745 1131; baseline -0.003 -14"><span class='ocrx_word' id='word_1_58' title='bbox 185 1065 429 1118; x_wconf 83' lang='lat' dir='ltr'><strong>amittas.</strong></span> <span class='ocrx_word' id='word_1_59' title='bbox 487 1063 786 1131; x_wconf 81' lang='lat' dir='ltr'><strong>ReSpondit</strong></span> <span class='ocrx_word' id='word_1_60' title='bbox 830 1062 1162 1117; x_wconf 85' lang='lat' dir='ltr'><strong>Tertullinus</strong></span> <span class='ocrx_word' id='word_1_61' title='bbox 1207 1081 1219 1116; x_wconf 93' lang='lat'>:</span> <span class='ocrx_word' id='word_1_62' title='bbox 1268 1061 1377 1130; x_wconf 74' lang='lat' dir='ltr'><strong>Ego</strong></span> <span class='ocrx_word' id='word_1_63' title='bbox 1415 1062 1465 1114; x_wconf 91' lang='lat' dir='ltr'><strong>in</strong></span> <span class='ocrx_word' id='word_1_64' title='bbox 1516 1062 1745 1115; x_wconf 88' lang='lat' dir='ltr'><strong>Domino</strong></span> 
     </span>
    </p>
   </div>
   <div class='ocr_carea' id='block_1_11' title="bbox 185 1153 1742 1218">
    <p class='ocr_par' dir='ltr' id='par_1_11' title="bbox 185 1153 1742 1218">
     <span class='ocr_line' id='line_1_11' title="bbox 185 1153 1742 1218; baseline -0.001 -9"><span class='ocrx_word' id='word_1_65' title='bbox 185 1173 314 1209; x_wconf 90' lang='lat' dir='ltr'><strong>meo</strong></span> <span class='ocrx_word' id='word_1_66' title='bbox 364 1155 494 1209; x_wconf 84' lang='lat' dir='ltr'><strong>Jesu</strong></span> <span class='ocrx_word' id='word_1_67' title='bbox 551 1155 788 1218; x_wconf 86' lang='lat' dir='ltr'><strong>Christo,</strong></span> <span class='ocrx_word' id='word_1_68' title='bbox 830 1155 920 1208; x_wconf 90' lang='lat' dir='ltr'><strong>cui</strong></span> <span class='ocrx_word' id='word_1_69' title='bbox 960 1155 1191 1218; x_wconf 89' lang='lat' dir='ltr'><strong>credidi,</strong></span> <span class='ocrx_word' id='word_1_70' title='bbox 1250 1154 1606 1208; x_wconf 75' lang='lat' dir='ltr'><strong>confirmatus</strong></span> <span class='ocrx_word' id='word_1_71' title='bbox 1671 1153 1742 1208; x_wconf 88' lang='lat' dir='ltr'><strong>ita</strong></span> 
     </span>
    </p>
   </div>
   <div class='ocr_carea' id='block_1_12' title="bbox 180 1245 1744 1315">
    <p class='ocr_par' dir='ltr' id='par_1_12' title="bbox 180 1245 1744 1315">
     <span class='ocr_line' id='line_1_12' title="bbox 180 1245 1744 1315; baseline -0.003 -13"><span class='ocrx_word' id='word_1_72' title='bbox 180 1263 328 1311; x_wconf 87' lang='lat' dir='ltr'><strong>sum,</strong></span> <span class='ocrx_word' id='word_1_73' title='bbox 361 1259 415 1302; x_wconf 91' lang='lat' dir='ltr'><strong>et</strong></span> <span class='ocrx_word' id='word_1_74' title='bbox 448 1249 519 1301; x_wconf 89' lang='lat' dir='ltr'><strong>ita</strong></span> <span class='ocrx_word' id='word_1_75' title='bbox 546 1248 695 1300; x_wconf 90' lang='lat' dir='ltr'><strong>illum</strong></span> <span class='ocrx_word' id='word_1_76' title='bbox 727 1245 929 1300; x_wconf 88' lang='lat' dir='ltr'><strong>habere</strong></span> <span class='ocrx_word' id='word_1_77' title='bbox 954 1247 1133 1315; x_wconf 89' lang='lat' dir='ltr'><strong>cupio,</strong></span> <span class='ocrx_word' id='word_1_78' title='bbox 1168 1255 1224 1298; x_wconf 93' lang='lat' dir='ltr'><strong>ut</strong></span> <span class='ocrx_word' id='word_1_79' title='bbox 1255 1251 1573 1312; x_wconf 63' lang='lat' dir='ltr'><strong>praesentem</strong></span> <span class='ocrx_word' id='word_1_80' title='bbox 1607 1245 1744 1297; x_wconf 82' lang='lat' dir='ltr'><strong>hanc</strong></span> 
     </span>
    </p>
   </div>
   <div class='ocr_carea' id='block_1_13' title="bbox 181 1337 1744 1408">
    <p class='ocr_par' dir='ltr' id='par_1_13' title="bbox 181 1337 1744 1408">
     <span class='ocr_line' id='line_1_13' title="bbox 181 1337 1744 1408; baseline 0.001 -19"><span class='ocrx_word' id='word_1_81' title='bbox 181 1339 350 1391; x_wconf 80' lang='lat' dir='ltr'><strong>vitam</strong></span> <span class='ocrx_word' id='word_1_82' title='bbox 391 1354 486 1408; x_wconf 91' lang='lat' dir='ltr'><strong>pro</strong></span> <span class='ocrx_word' id='word_1_83' title='bbox 521 1339 689 1391; x_wconf 90' lang='lat' dir='ltr'><strong>nihilo</strong></span> <span class='ocrx_word' id='word_1_84' title='bbox 723 1337 942 1406; x_wconf 51' lang='lat' dir='ltr'><strong>ducam,</strong></span> <span class='ocrx_word' id='word_1_85' title='bbox 985 1337 1140 1407; x_wconf 83' lang='lat' dir='ltr'><strong>cujus</strong></span> <span class='ocrx_word' id='word_1_86' title='bbox 1170 1337 1347 1390; x_wconf 92' lang='lat' dir='ltr'><strong>nullos</strong></span> <span class='ocrx_word' id='word_1_87' title='bbox 1391 1347 1568 1391; x_wconf 88' lang='lat' dir='ltr'><strong>certos</strong></span> <span class='ocrx_word' id='word_1_88' title='bbox 1611 1339 1744 1390; x_wconf 85' lang='lat' dir='ltr'><strong>lines</strong></span> 
     </span>
    </p>
   </div>
   <div class='ocr_carea' id='block_1_14' title="bbox 182 1429 726 1484">
    <p class='ocr_par' dir='ltr' id='par_1_14' title="bbox 182 1429 726 1484">
     <span class='ocr_line' id='line_1_14' title="bbox 182 1429 726 1484; baseline -0.002 0"><span class='ocrx_word' id='word_1_89' title='bbox 182 1429 514 1484; x_wconf 88' lang='lat' dir='ltr'><strong>constitutos</strong></span> <span class='ocrx_word' id='word_1_90' title='bbox 545 1429 726 1483; x_wconf 88' lang='lat' dir='ltr'><strong>video.</strong></span> 
     </span>
    </p>
   </div>
   <div class='ocr_carea' id='block_1_15' title="bbox 253 1519 1744 1589">
    <p class='ocr_par' dir='ltr' id='par_1_15' title="bbox 253 1519 1744 1589">
     <span class='ocr_line' id='line_1_15' title="bbox 253 1519 1744 1589; baseline -0.001 -17"><span class='ocrx_word' id='word_1_91' title='bbox 253 1519 370 1572; x_wconf 79' lang='lat' dir='ltr'><strong>XV.</strong></span> <span class='ocrx_word' id='word_1_92' title='bbox 433 1519 558 1573; x_wconf 80' lang='lat' dir='ltr'><strong>Haec</strong></span> <span class='ocrx_word' id='word_1_93' title='bbox 606 1520 834 1574; x_wconf 85' lang='lat' dir='ltr'><strong>audiens</strong></span> <span class='ocrx_word' id='word_1_94' title='bbox 881 1519 1170 1589; x_wconf 87' lang='lat' dir='ltr'><strong>Sapritius,</strong></span> <span class='ocrx_word' id='word_1_95' title='bbox 1233 1520 1414 1574; x_wconf 89' lang='lat' dir='ltr'><strong>furore</strong></span> <span class='ocrx_word' id='word_1_96' title='bbox 1461 1534 1744 1582; x_wconf 84' lang='lat' dir='ltr'><strong>accensus,</strong></span> 
     </span>
    </p>
   </div>
   <div class='ocr_carea' id='block_1_16' title="bbox 176 1608 1742 1680">
    <p class='ocr_par' dir='ltr' id='par_1_16' title="bbox 176 1608 1742 1680">
     <span class='ocr_line' id='line_1_16' title="bbox 176 1608 1742 1680; baseline -0.002 -16"><span class='ocrx_word' id='word_1_97' title='bbox 176 1612 343 1680; x_wconf 86' lang='lat' dir='ltr'><strong>jussit</strong></span> <span class='ocrx_word' id='word_1_98' title='bbox 373 1608 734 1664; x_wconf 89' lang='lat' dir='ltr'><strong>Tertullinum</strong></span> <span class='ocrx_word' id='word_1_99' title='bbox 783 1611 834 1662; x_wconf 91' lang='lat' dir='ltr'><strong>in</strong></span> <span class='ocrx_word' id='word_1_100' title='bbox 880 1609 1025 1677; x_wconf 77' lang='lat' dir='ltr'><strong>ligno</strong></span> <span class='ocrx_word' id='word_1_101' title='bbox 1050 1611 1288 1674; x_wconf 75' lang='lat' dir='ltr'><strong>extendi,</strong></span> <span class='ocrx_word' id='word_1_102' title='bbox 1335 1620 1388 1663; x_wconf 90' lang='lat' dir='ltr'><strong>et</strong></span> <span class='ocrx_word' id='word_1_103' title='bbox 1437 1611 1617 1664; x_wconf 83' lang='lat' dir='ltr'><strong>nervis</strong></span> <span class='ocrx_word' id='word_1_104' title='bbox 1652 1612 1742 1662; x_wconf 88' lang='lat' dir='ltr'><strong>diu</strong></span> 
     </span>
    </p>
   </div>
   <div class='ocr_carea' id='block_1_17' title="bbox 181 1699 1745 1770">
    <p class='ocr_par' dir='ltr' id='par_1_17' title="bbox 181 1699 1745 1770">
     <span class='ocr_line' id='line_1_17' title="bbox 181 1699 1745 1770; baseline -0.001 -15"><span class='ocrx_word' id='word_1_105' title='bbox 181 1702 483 1755; x_wconf 86' lang='lat' dir='ltr'><strong>verberari.</strong></span> <span class='ocrx_word' id='word_1_106' title='bbox 508 1701 642 1754; x_wconf 89' lang='lat' dir='ltr'><strong>Cum</strong></span> <span class='ocrx_word' id='word_1_107' title='bbox 672 1702 834 1770; x_wconf 82' lang='lat' dir='ltr'><strong>igitur</strong></span> <span class='ocrx_word' id='word_1_108' title='bbox 861 1702 1041 1754; x_wconf 85' lang='lat' dir='ltr'><strong>nervis</strong></span> <span class='ocrx_word' id='word_1_109' title='bbox 1069 1701 1367 1754; x_wconf 69' lang='lat' dir='ltr'><strong>caederetur</strong></span> <span class='ocrx_word' id='word_1_110' title='bbox 1393 1699 1745 1764; x_wconf 86' lang='lat' dir='ltr'><strong>Tertullinus,</strong></span> 
     </span>
    </p>
   </div>
   <div class='ocr_carea' id='block_1_18' title="bbox 183 1791 1748 1854">
    <p class='ocr_par' dir='ltr' id='par_1_18' title="bbox 183 1791 1748 1854">
     <span class='ocr_line' id='line_1_18' title="bbox 183 1791 1748 1854; baseline 0 -8"><span class='ocrx_word' id='word_1_111' title='bbox 183 1795 454 1846; x_wconf 87' lang='lat' dir='ltr'><strong>clamabat</strong></span> <span class='ocrx_word' id='word_1_112' title='bbox 486 1811 497 1844; x_wconf 91' lang='lat'><strong>:</strong></span> <span class='ocrx_word' id='word_1_113' title='bbox 532 1795 758 1844; x_wconf 86' lang='lat' dir='ltr'><strong>Domine</strong></span> <span class='ocrx_word' id='word_1_114' title='bbox 786 1792 912 1846; x_wconf 87' lang='lat' dir='ltr'><strong>Jesu</strong></span> <span class='ocrx_word' id='word_1_115' title='bbox 933 1792 1168 1854; x_wconf 86' lang='lat' dir='ltr'><strong>Christe,</strong></span> <span class='ocrx_word' id='word_1_116' title='bbox 1199 1807 1264 1843; x_wconf 89' lang='lat' dir='ltr'><strong>ne</strong></span> <span class='ocrx_word' id='word_1_117' title='bbox 1289 1791 1509 1846; x_wconf 79' lang='lat' dir='ltr'><strong>deseras</strong></span> <span class='ocrx_word' id='word_1_118' title='bbox 1536 1805 1748 1846; x_wconf 81' lang='lat' dir='ltr'><strong>servum</strong></span> 
     </span>
    </p>
   </div>
   <div class='ocr_carea' id='block_1_19' title="bbox 1847 605 3400 678">
    <p class='ocr_par' dir='ltr' id='par_1_19' title="bbox 1847 605 3400 678">
     <span class='ocr_line' id='line_1_19' title="bbox 1847 605 3400 678; baseline -0.002 -16"><span class='ocrx_word' id='word_1_119' title='bbox 1847 620 1902 662; x_wconf 83' lang='lat' dir='ltr'><strong>et</strong></span> <span class='ocrx_word' id='word_1_120' title='bbox 1931 618 2139 677; x_wconf 84' lang='lat' dir='ltr'><strong>portant</strong></span> <span class='ocrx_word' id='word_1_121' title='bbox 2173 609 2397 678; x_wconf 81' lang='lat' dir='ltr'><strong>Appiam</strong></span> <span class='ocrx_word' id='word_1_122' title='bbox 2427 608 2492 661; x_wconf 87' lang='lat' dir='ltr'><strong>ad</strong></span> <span class='ocrx_word' id='word_1_123' title='bbox 2521 609 2780 678; x_wconf 85' lang='lat' dir='ltr'><strong>templum</strong></span> <span class='ocrx_word' id='word_1_124' title='bbox 2813 608 3017 662; x_wconf 82' lang='lat' dir='ltr'><strong>Martis.</strong></span> <span class='ocrx_word' id='word_1_125' title='bbox 3051 605 3168 673; x_wconf 87' lang='lat' dir='ltr'><strong>Quo</strong></span> <span class='ocrx_word' id='word_1_126' title='bbox 3197 607 3249 659; x_wconf 91' lang='lat' dir='ltr'><strong>in</strong></span> <span class='ocrx_word' id='word_1_127' title='bbox 3282 608 3400 660; x_wconf 79' lang='lat' dir='ltr'><strong>loco</strong></span> 
     </span>
    </p>
   </div>
   <div class='ocr_carea' id='block_1_20' title="bbox 1847 698 3401 769">
    <p class='ocr_par' dir='ltr' id='par_1_20' title="bbox 1847 698 3401 769">
     <span class='ocr_line' id='line_1_20' title="bbox 1847 698 3401 769; baseline -0.001 -18"><span class='ocrx_word' id='word_1_128' title='bbox 1847 700 2138 769; x_wconf 81' lang='lat' dir='ltr'><strong>episcopus</strong></span> <span class='ocrx_word' id='word_1_129' title='bbox 2181 698 2320 769; x_wconf 91' lang='lat' dir='ltr'><strong>ipse,</strong></span> <span class='ocrx_word' id='word_1_130' title='bbox 2378 699 2631 753; x_wconf 86' lang='lat' dir='ltr'><strong>omnibus</strong></span> <span class='ocrx_word' id='word_1_131' title='bbox 2675 699 3072 767; x_wconf 81' lang='lat' dir='ltr'><strong>spectantibus,</strong></span> <span class='ocrx_word' id='word_1_132' title='bbox 3113 698 3299 754; x_wconf 86' lang='lat' dir='ltr'><strong>oculos</strong></span> <span class='ocrx_word' id='word_1_133' title='bbox 3347 698 3401 749; x_wconf 93' lang='lat' dir='ltr'><strong>in</strong></span> 
     </span>
    </p>
   </div>
   <div class='ocr_carea' id='block_1_21' title="bbox 1847 789 3404 856">
    <p class='ocr_par' dir='ltr' id='par_1_21' title="bbox 1847 789 3404 856">
     <span class='ocr_line' id='line_1_21' title="bbox 1847 789 3404 856; baseline 0.001 -14"><span class='ocrx_word' id='word_1_134' title='bbox 1847 791 2040 845; x_wconf 77' lang='lat' dir='ltr'><strong>ccelum</strong></span> <span class='ocrx_word' id='word_1_135' title='bbox 2078 793 2275 856; x_wconf 80' lang='lat' dir='ltr'><strong>erexit,</strong></span> <span class='ocrx_word' id='word_1_136' title='bbox 2306 806 2366 846; x_wconf 92' lang='lat' dir='ltr'><strong>ac</strong></span> <span class='ocrx_word' id='word_1_137' title='bbox 2405 791 2539 844; x_wconf 79' lang='lat' dir='ltr'><strong>dixit</strong></span> <span class='ocrx_word' id='word_1_138' title='bbox 2587 808 2600 843; x_wconf 89' lang='lat'>:</span> <span class='ocrx_word' id='word_1_139' title='bbox 2657 791 2882 845; x_wconf 87' lang='lat' dir='ltr'><strong>Domine</strong></span> <span class='ocrx_word' id='word_1_140' title='bbox 2921 790 3079 853; x_wconf 80' lang='lat' dir='ltr'><strong>Deus,</strong></span> <span class='ocrx_word' id='word_1_141' title='bbox 3109 791 3266 845; x_wconf 79' lang='lat' dir='ltr'><strong>Pater</strong></span> <span class='ocrx_word' id='word_1_142' title='bbox 3298 789 3404 844; x_wconf 89' lang='lat' dir='ltr'><strong>Do-</strong></span> 
     </span>
    </p>
   </div>
   <div class='ocr_carea' id='block_1_22' title="bbox 1850 881 3404 952">
    <p class='ocr_par' dir='ltr' id='par_1_22' title="bbox 1850 881 3404 952">
     <span class='ocr_line' id='line_1_22' title="bbox 1850 881 3404 952; baseline -0.001 -19"><span class='ocrx_word' id='word_1_143' title='bbox 1850 882 1979 934; x_wconf 82' lang='lat' dir='ltr'><strong>mini</strong></span> <span class='ocrx_word' id='word_1_144' title='bbox 2020 883 2190 935; x_wconf 87' lang='lat' dir='ltr'><strong>nostri</strong></span> <span class='ocrx_word' id='word_1_145' title='bbox 2217 881 2346 936; x_wconf 82' lang='lat' dir='ltr'><strong>.Iesu</strong></span> <span class='ocrx_word' id='word_1_146' title='bbox 2375 883 2598 946; x_wconf 82' lang='lat' dir='ltr'><strong>Christi,</strong></span> <span class='ocrx_word' id='word_1_147' title='bbox 2636 885 2726 952; x_wconf 87' lang='lat' dir='ltr'><strong>qui</strong></span> <span class='ocrx_word' id='word_1_148' title='bbox 2762 883 3002 936; x_wconf 85' lang='lat' dir='ltr'><strong>evertisti</strong></span> <span class='ocrx_word' id='word_1_149' title='bbox 3049 882 3240 935; x_wconf 90' lang='lat' dir='ltr'><strong>turrim</strong></span> <span class='ocrx_word' id='word_1_150' title='bbox 3271 895 3404 935; x_wconf 89' lang='lat' dir='ltr'><strong>con-</strong></span> 
     </span>
    </p>
   </div>
   <div class='ocr_carea' id='block_1_23' title="bbox 1853 972 3408 1043">
    <p class='ocr_par' dir='ltr' id='par_1_23' title="bbox 1853 972 3408 1043">
     <span class='ocr_line' id='line_1_23' title="bbox 1853 972 3408 1043; baseline 0 -20"><span class='ocrx_word' id='word_1_151' title='bbox 1853 973 2082 1026; x_wconf 84' lang='lat' dir='ltr'><strong>fusionis</strong></span> <span class='ocrx_word' id='word_1_152' title='bbox 2115 974 2259 1042; x_wconf 87' lang='lat' dir='ltr'><strong>apud</strong></span> <span class='ocrx_word' id='word_1_153' title='bbox 2317 972 2668 1043; x_wconf 82' lang='lat' dir='ltr'><strong>Babylonem,</strong></span> <span class='ocrx_word' id='word_1_154' title='bbox 2719 974 2958 1038; x_wconf 92' lang='lat' dir='ltr'><strong>destrue,</strong></span> <span class='ocrx_word' id='word_1_155' title='bbox 3013 987 3216 1042; x_wconf 62' lang='lat' dir='ltr'><strong>quaaso,</strong></span> <span class='ocrx_word' id='word_1_156' title='bbox 3261 984 3408 1024; x_wconf 86' lang='lat' dir='ltr'><strong>nunc</strong></span> 
     </span>
    </p>
   </div>
   <div class='ocr_carea' id='block_1_24' title="bbox 1850 1063 3409 1134">
    <p class='ocr_par' dir='ltr' id='par_1_24' title="bbox 1850 1063 3409 1134">
     <span class='ocr_line' id='line_1_24' title="bbox 1850 1063 3409 1134; baseline 0 -18"><span class='ocrx_word' id='word_1_157' title='bbox 1850 1074 1904 1117; x_wconf 87' lang='lat' dir='ltr'><strong>et</strong></span> <span class='ocrx_word' id='word_1_158' title='bbox 1934 1063 2112 1118; x_wconf 90' lang='lat' dir='ltr'><strong>locum</strong></span> <span class='ocrx_word' id='word_1_159' title='bbox 2148 1065 2315 1127; x_wconf 91' lang='lat' dir='ltr'><strong>hunc,</strong></span> <span class='ocrx_word' id='word_1_160' title='bbox 2357 1065 2413 1118; x_wconf 88' lang='lat' dir='ltr'><strong>in</strong></span> <span class='ocrx_word' id='word_1_161' title='bbox 2446 1081 2552 1134; x_wconf 87' lang='lat' dir='ltr'><strong>quo</strong></span> <span class='ocrx_word' id='word_1_162' title='bbox 2583 1065 2781 1119; x_wconf 89' lang='lat' dir='ltr'><strong>diaboli</strong></span> <span class='ocrx_word' id='word_1_163' title='bbox 2813 1066 3129 1133; x_wconf 87' lang='lat' dir='ltr'><strong>superstitio</strong></span> <span class='ocrx_word' id='word_1_164' title='bbox 3173 1079 3269 1132; x_wconf 92' lang='lat' dir='ltr'><strong>per</strong></span> <span class='ocrx_word' id='word_1_165' title='bbox 3293 1063 3409 1117; x_wconf 87' lang='lat' dir='ltr'><strong>ido-</strong></span> 
     </span>
    </p>
   </div>
   <div class='ocr_carea' id='block_1_25' title="bbox 1851 1155 3405 1224">
    <p class='ocr_par' dir='ltr' id='par_1_25' title="bbox 1851 1155 3405 1224">
     <span class='ocr_line' id='line_1_25' title="bbox 1851 1155 3405 1224; baseline 0 -17"><span class='ocrx_word' id='word_1_166' title='bbox 1851 1155 2024 1209; x_wconf 87' lang='lat' dir='ltr'><strong>lorum</strong></span> <span class='ocrx_word' id='word_1_167' title='bbox 2071 1155 2274 1210; x_wconf 91' lang='lat' dir='ltr'><strong>cultum</strong></span> <span class='ocrx_word' id='word_1_168' title='bbox 2317 1168 2620 1211; x_wconf 81' lang='lat' dir='ltr'><strong>exercetur.</strong></span> <span class='ocrx_word' id='word_1_169' title='bbox 2668 1157 2803 1211; x_wconf 90' lang='lat' dir='ltr'><strong>Cum</strong></span> <span class='ocrx_word' id='word_1_170' title='bbox 2844 1157 2954 1209; x_wconf 75' lang='lat' dir='ltr'><strong>hzee</strong></span> <span class='ocrx_word' id='word_1_171' title='bbox 2991 1156 3219 1210; x_wconf 79' lang='lat' dir='ltr'><strong>dixisset</strong></span> <span class='ocrx_word' id='word_1_172' title='bbox 3270 1170 3405 1224; x_wconf 78' lang='lat' dir='ltr'><strong>pon-</strong></span> 
     </span>
    </p>
   </div>
   <div class='ocr_carea' id='block_1_26' title="bbox 1853 1246 3404 1318">
    <p class='ocr_par' dir='ltr' id='par_1_26' title="bbox 1853 1246 3404 1318">
     <span class='ocr_line' id='line_1_26' title="bbox 1853 1246 3404 1318; baseline 0 -20"><span class='ocrx_word' id='word_1_173' title='bbox 1853 1246 2006 1309; x_wconf 78' lang='lat' dir='ltr'><strong>tifex,</strong></span> <span class='ocrx_word' id='word_1_174' title='bbox 2057 1259 2284 1315; x_wconf 88' lang='lat' dir='ltr'><strong>repente</strong></span> <span class='ocrx_word' id='word_1_175' title='bbox 2325 1246 2467 1300; x_wconf 85' lang='lat' dir='ltr'><strong>facto</strong></span> <span class='ocrx_word' id='word_1_176' title='bbox 2515 1247 2758 1301; x_wconf 89' lang='lat' dir='ltr'><strong>tonitruo</strong></span> <span class='ocrx_word' id='word_1_177' title='bbox 2800 1257 2854 1300; x_wconf 91' lang='lat' dir='ltr'><strong>et</strong></span> <span class='ocrx_word' id='word_1_178' title='bbox 2892 1247 3104 1318; x_wconf 77' lang='lat' dir='ltr'><strong>fulgure</strong></span> <span class='ocrx_word' id='word_1_179' title='bbox 3145 1252 3404 1311; x_wconf 78' lang='lat' dir='ltr'><strong>maximo,</strong></span> 
     </span>
    </p>
   </div>
   <div class='ocr_carea' id='block_1_27' title="bbox 1854 1337 3406 1408">
    <p class='ocr_par' dir='ltr' id='par_1_27' title="bbox 1854 1337 3406 1408">
     <span class='ocr_line' id='line_1_27' title="bbox 1854 1337 3406 1408; baseline 0.001 -19"><span class='ocrx_word' id='word_1_180' title='bbox 1854 1338 2117 1406; x_wconf 80' lang='lat' dir='ltr'><strong>templum</strong></span> <span class='ocrx_word' id='word_1_181' title='bbox 2168 1337 2353 1392; x_wconf 83' lang='lat' dir='ltr'><strong>Martis</strong></span> <span class='ocrx_word' id='word_1_182' title='bbox 2406 1355 2595 1408; x_wconf 87' lang='lat' dir='ltr'><strong>magna</strong></span> <span class='ocrx_word' id='word_1_183' title='bbox 2656 1354 2717 1391; x_wconf 83' lang='lat' dir='ltr'><strong>ex</strong></span> <span class='ocrx_word' id='word_1_184' title='bbox 2755 1349 2907 1408; x_wconf 88' lang='lat' dir='ltr'><strong>parte</strong></span> <span class='ocrx_word' id='word_1_185' title='bbox 2958 1338 3185 1392; x_wconf 92' lang='lat' dir='ltr'><strong>corruit.</strong></span> <span class='ocrx_word' id='word_1_186' title='bbox 3251 1337 3406 1403; x_wconf 84' lang='lat' dir='ltr'><strong>Quod</strong></span> 
     </span>
    </p>
   </div>
   <div class='ocr_carea' id='block_1_28' title="bbox 1853 1429 3411 1499">
    <p class='ocr_par' dir='ltr' id='par_1_28' title="bbox 1853 1429 3411 1499">
     <span class='ocr_line' id='line_1_28' title="bbox 1853 1429 3411 1499; baseline 0.002 -19"><span class='ocrx_word' id='word_1_187' title='bbox 1853 1429 2100 1483; x_wconf 85' lang='lat' dir='ltr'><strong>videntes</strong></span> <span class='ocrx_word' id='word_1_188' title='bbox 2120 1430 2342 1491; x_wconf 88' lang='lat' dir='ltr'><strong>milites,</strong></span> <span class='ocrx_word' id='word_1_189' title='bbox 2375 1431 2747 1499; x_wconf 77' lang='lat' dir='ltr'><strong>perterrefacti</strong></span> <span class='ocrx_word' id='word_1_190' title='bbox 2790 1430 3139 1499; x_wconf 80' lang='lat' dir='ltr'><strong>aufugerunt,</strong></span> <span class='ocrx_word' id='word_1_191' title='bbox 3172 1446 3235 1484; x_wconf 91' lang='lat' dir='ltr'><strong>ac</strong></span> <span class='ocrx_word' id='word_1_192' title='bbox 3282 1432 3411 1485; x_wconf 82' lang='lat' dir='ltr'><strong>reli-</strong></span> 
     </span>
    </p>
   </div>
   <div class='ocr_carea' id='block_1_29' title="bbox 1853 1521 3411 1591">
    <p class='ocr_par' dir='ltr' id='par_1_29' title="bbox 1853 1521 3411 1591">
     <span class='ocr_line' id='line_1_29' title="bbox 1853 1521 3411 1591; baseline 0.004 -19"><span class='ocrx_word' id='word_1_193' title='bbox 1853 1528 2094 1591; x_wconf 86' lang='lat' dir='ltr'><strong>querunt</strong></span> <span class='ocrx_word' id='word_1_194' title='bbox 2150 1521 2522 1574; x_wconf 81' lang='lat' dir='ltr'><strong>beatissimum</strong></span> <span class='ocrx_word' id='word_1_195' title='bbox 2565 1521 2899 1590; x_wconf 89' lang='lat' dir='ltr'><strong>Stephanum</strong></span> <span class='ocrx_word' id='word_1_196' title='bbox 2965 1538 3086 1576; x_wconf 91' lang='lat' dir='ltr'><strong>cum</strong></span> <span class='ocrx_word' id='word_1_197' title='bbox 3155 1525 3411 1578; x_wconf 87' lang='lat' dir='ltr'><strong>omnibus</strong></span> 
     </span>
    </p>
   </div>
   <div class='ocr_carea' id='block_1_30' title="bbox 1854 1610 3410 1683">
    <p class='ocr_par' dir='ltr' id='par_1_30' title="bbox 1854 1610 3410 1683">
     <span class='ocr_line' id='line_1_30' title="bbox 1854 1610 3410 1683; baseline 0.003 -22"><span class='ocrx_word' id='word_1_198' title='bbox 1854 1610 2200 1669; x_wconf 71' lang='lat' dir='ltr'><strong>Christianis.</strong></span> <span class='ocrx_word' id='word_1_199' title='bbox 2244 1611 2332 1679; x_wconf 82' lang='lat' dir='ltr'><strong>qui</strong></span> <span class='ocrx_word' id='word_1_200' title='bbox 2388 1625 2511 1664; x_wconf 88' lang='lat' dir='ltr'><strong>eum</strong></span> <span class='ocrx_word' id='word_1_201' title='bbox 2569 1613 2737 1665; x_wconf 88' lang='lat' dir='ltr'><strong>secuti</strong></span> <span class='ocrx_word' id='word_1_202' title='bbox 2796 1613 3033 1668; x_wconf 81' lang='lat' dir='ltr'><strong>fuerant.</strong></span> <span class='ocrx_word' id='word_1_203' title='bbox 3078 1614 3264 1683; x_wconf 78' lang='lat' dir='ltr'><strong>Itaque</strong></span> <span class='ocrx_word' id='word_1_204' title='bbox 3323 1615 3410 1668; x_wconf 85' lang='lat' dir='ltr'><strong>illa</strong></span> 
     </span>
    </p>
   </div>
   <div class='ocr_carea' id='block_1_31' title="bbox 1857 1697 3416 1767">
    <p class='ocr_par' dir='ltr' id='par_1_31' title="bbox 1857 1697 3416 1767">
     <span class='ocr_line' id='line_1_31' title="bbox 1857 1697 3416 1767; baseline 0.001 -15"><span class='ocrx_word' id='word_1_205' title='bbox 1857 1699 1974 1767; x_wconf 89' lang='lat' dir='ltr'><strong>ipsa</strong></span> <span class='ocrx_word' id='word_1_206' title='bbox 2005 1699 2136 1752; x_wconf 79' lang='lat' dir='ltr'><strong>liora</strong></span> <span class='ocrx_word' id='word_1_207' title='bbox 2172 1698 2232 1750; x_wconf 88' lang='grc' dir='ltr'><strong>Β.</strong></span> <span class='ocrx_word' id='word_1_208' title='bbox 2274 1697 2590 1767; x_wconf 78' lang='lat' dir='ltr'><strong>Stephanus</strong></span> <span class='ocrx_word' id='word_1_209' title='bbox 2637 1699 2767 1753; x_wconf 88' lang='lat' dir='ltr'><strong>abiit</strong></span> <span class='ocrx_word' id='word_1_210' title='bbox 2803 1716 2924 1753; x_wconf 91' lang='lat' dir='ltr'><strong>cum</strong></span> <span class='ocrx_word' id='word_1_211' title='bbox 2966 1700 3217 1756; x_wconf 87' lang='lat' dir='ltr'><strong>omnibus</strong></span> <span class='ocrx_word' id='word_1_212' title='bbox 3261 1701 3416 1758; x_wconf 86' lang='lat' dir='ltr'><strong>Chri-</strong></span> 
     </span>
    </p>
   </div>
   <div class='ocr_carea' id='block_1_32' title="bbox 1858 1790 3413 1860">
    <p class='ocr_par' dir='ltr' id='par_1_32' title="bbox 1858 1790 3413 1860">
     <span class='ocr_line' id='line_1_32' title="bbox 1858 1790 3413 1860; baseline 0.001 -18"><span class='ocrx_word' id='word_1_213' title='bbox 1858 1790 2068 1853; x_wconf 79' lang='lat' dir='ltr'><strong>stianis,</strong></span> <span class='ocrx_word' id='word_1_214' title='bbox 2135 1806 2270 1860; x_wconf 92' lang='lat' dir='ltr'><strong>quos</strong></span> <span class='ocrx_word' id='word_1_215' title='bbox 2335 1807 2517 1844; x_wconf 85' lang='lat' dir='ltr'><strong>secum</strong></span> <span class='ocrx_word' id='word_1_216' title='bbox 2583 1791 2834 1855; x_wconf 84' lang='lat' dir='ltr'><strong>habebat,</strong></span> <span class='ocrx_word' id='word_1_217' title='bbox 2895 1792 2961 1845; x_wconf 87' lang='lat' dir='ltr'><strong>ad</strong></span> <span class='ocrx_word' id='word_1_218' title='bbox 3046 1794 3413 1847; x_wconf 71' lang='lat' dir='ltr'><strong>cmrneterium</strong></span> 
     </span>
    </p>
   </div>
   <div class='ocr_carea' id='block_1_33' title="bbox 185 1859 3410 1952">
    <p class='ocr_par' dir='ltr' id='par_1_33' title="bbox 185 1859 3410 1952">
     <span class='ocr_line' id='line_1_33' title="bbox 185 1859 3410 1952; baseline 0.003 -24"><span class='ocrx_word' id='word_1_219' title='bbox 185 1896 360 1942; x_wconf 78' lang='grc' dir='ltr'><strong>ιυυηι,</strong></span> <span class='ocrx_word' id='word_1_220' title='bbox 390 1884 485 1951; x_wconf 77' lang='lat' dir='ltr'><strong>qui</strong></span> <span class='ocrx_word' id='word_1_221' title='bbox 529 1884 684 1936; x_wconf 68' lang='lat' dir='ltr'><strong>ﬁdem</strong></span> <span class='ocrx_word' id='word_1_222' title='bbox 737 1893 790 1936; x_wconf 86' lang='lat' dir='ltr'><strong>et</strong></span> <span class='ocrx_word' id='word_1_223' title='bbox 833 1897 983 1950; x_wconf 89' lang='lat' dir='ltr'><strong>spem</strong></span> <span class='ocrx_word' id='word_1_224' title='bbox 1037 1898 1189 1937; x_wconf 89' lang='lat' dir='ltr'><strong>suam</strong></span> <span class='ocrx_word' id='word_1_225' title='bbox 1221 1881 1272 1936; x_wconf 89' lang='lat' dir='ltr'><strong>in</strong></span> <span class='ocrx_word' id='word_1_226' title='bbox 1325 1892 1376 1937; x_wconf 91' lang='lat' dir='ltr'><strong>te</strong></span> <span class='ocrx_word' id='word_1_227' title='bbox 1408 1884 1688 1941; x_wconf 83' lang='lat' dir='ltr'><strong>collocavit</strong></span> <span class='ocrx_word' id='word_1_228' title='bbox 1734 1902 1746 1938; x_wconf 90' lang='lat'><strong>:</strong></span> <span class='ocrx_word' id='word_1_229' title='bbox 1781 1859 1825 1912; x_wconf 72' lang='grc' dir='ltr'><strong>Β</strong></span> <span class='ocrx_word' id='word_1_230' title='bbox 1863 1880 1919 1933; x_wconf 84' lang='grc' dir='ltr'><strong>Β.</strong></span> <span class='ocrx_word' id='word_1_231' title='bbox 1950 1879 2280 1952; x_wconf 72' lang='lat' dir='ltr'><strong>I.ucill;e[at.</strong></span> <span class='ocrx_word' id='word_1_232' title='bbox 2307 1881 2568 1952; x_wconf 64' lang='lat' dir='ltr'><strong>Lucinae],</strong></span> <span class='ocrx_word' id='word_1_233' title='bbox 2595 1883 2684 1936; x_wconf 91' lang='lat' dir='ltr'><strong>ubi</strong></span> <span class='ocrx_word' id='word_1_234' title='bbox 2718 1882 2903 1936; x_wconf 90' lang='lat' dir='ltr'><strong>multis</strong></span> <span class='ocrx_word' id='word_1_235' title='bbox 2931 1883 3410 1938; x_wconf 78' lang='lat' dir='ltr'><strong>adhortationibus</strong></span> 
     </span>
    </p>
   </div>
   <div class='ocr_carea' id='block_1_34' title="bbox 184 1974 1746 2040">
    <p class='ocr_par' dir='ltr' id='par_1_34' title="bbox 184 1974 1746 2040">
     <span class='ocr_line' id='line_1_34' title="bbox 184 1974 1746 2040; baseline 0.001 -12"><span class='ocrx_word' id='word_1_236' title='bbox 184 1975 282 2030; x_wconf 87' lang='lat' dir='ltr'><strong>sed</strong></span> <span class='ocrx_word' id='word_1_237' title='bbox 316 1976 383 2028; x_wconf 90' lang='lat' dir='ltr'><strong>da</strong></span> <span class='ocrx_word' id='word_1_238' title='bbox 423 1975 584 2040; x_wconf 86' lang='lat' dir='ltr'><strong>vires,</strong></span> <span class='ocrx_word' id='word_1_239' title='bbox 621 1974 754 2027; x_wconf 91' lang='lat' dir='ltr'><strong>utin</strong></span> <span class='ocrx_word' id='word_1_240' title='bbox 811 1983 994 2029; x_wconf 85' lang='lat' dir='ltr'><strong>saneta</strong></span> <span class='ocrx_word' id='word_1_241' title='bbox 1024 1984 1078 2028; x_wconf 92' lang='lat' dir='ltr'><strong>et</strong></span> <span class='ocrx_word' id='word_1_242' title='bbox 1111 1985 1256 2029; x_wconf 86' lang='lat' dir='ltr'><strong>recta</strong></span> <span class='ocrx_word' id='word_1_243' title='bbox 1283 1976 1624 2030; x_wconf 90' lang='lat' dir='ltr'><strong>confessione</strong></span> <span class='ocrx_word' id='word_1_244' title='bbox 1659 1984 1746 2029; x_wconf 87' lang='lat' dir='ltr'><strong>tua</strong></span> 
     </span>
    </p>
   </div>
   <div class='ocr_carea' id='block_1_35' title="bbox 183 2064 1748 2134">
    <p class='ocr_par' dir='ltr' id='par_1_35' title="bbox 183 2064 1748 2134">
     <span class='ocr_line' id='line_1_35' title="bbox 183 2064 1748 2134; baseline 0.001 -18"><span class='ocrx_word' id='word_1_245' title='bbox 183 2078 558 2132; x_wconf 86' lang='lat' dir='ltr'><strong>perseverem,</strong></span> <span class='ocrx_word' id='word_1_246' title='bbox 598 2064 857 2132; x_wconf 89' lang='lat' dir='ltr'><strong>quoniam</strong></span> <span class='ocrx_word' id='word_1_247' title='bbox 902 2074 958 2117; x_wconf 92' lang='lat' dir='ltr'><strong>tu</strong></span> <span class='ocrx_word' id='word_1_248' title='bbox 1017 2080 1076 2118; x_wconf 90' lang='lat' dir='ltr'><strong>es</strong></span> <span class='ocrx_word' id='word_1_249' title='bbox 1131 2080 1258 2134; x_wconf 89' lang='lat' dir='ltr'><strong>spes</strong></span> <span class='ocrx_word' id='word_1_250' title='bbox 1313 2081 1452 2127; x_wconf 90' lang='lat' dir='ltr'><strong>mea,</strong></span> <span class='ocrx_word' id='word_1_251' title='bbox 1492 2064 1590 2118; x_wconf 83' lang='lat' dir='ltr'><strong>Fili</strong></span> <span class='ocrx_word' id='word_1_252' title='bbox 1653 2065 1748 2118; x_wconf 91' lang='lat' dir='ltr'><strong>Dei</strong></span> 
     </span>
    </p>
   </div>
   <div class='ocr_carea' id='block_1_36' title="bbox 184 2153 1747 2223">
    <p class='ocr_par' dir='ltr' id='par_1_36' title="bbox 184 2153 1747 2223">
     <span class='ocr_line' id='line_1_36' title="bbox 184 2153 1747 2223; baseline 0.004 -19"><span class='ocrx_word' id='word_1_253' title='bbox 184 2153 312 2208; x_wconf 79' lang='lat' dir='ltr'><strong>vivi.</strong></span> <span class='ocrx_word' id='word_1_254' title='bbox 370 2153 487 2205; x_wconf 75' lang='lat' dir='ltr'><strong>Mox</strong></span> <span class='ocrx_word' id='word_1_255' title='bbox 545 2155 706 2223; x_wconf 87' lang='lat' dir='ltr'><strong>jussit</strong></span> <span class='ocrx_word' id='word_1_256' title='bbox 777 2154 1047 2223; x_wconf 83' lang='lat' dir='ltr'><strong>Sapritius</strong></span> <span class='ocrx_word' id='word_1_257' title='bbox 1107 2154 1470 2210; x_wconf 89' lang='lat' dir='ltr'><strong>Tertullinum</strong></span> <span class='ocrx_word' id='word_1_258' title='bbox 1526 2157 1575 2209; x_wconf 94' lang='lat' dir='ltr'><strong>in</strong></span> <span class='ocrx_word' id='word_1_259' title='bbox 1631 2167 1747 2211; x_wconf 92' lang='lat' dir='ltr'><strong>rota</strong></span> 
     </span>
    </p>
   </div>
   <div class='ocr_carea' id='block_1_37' title="bbox 184 2245 1751 2315">
    <p class='ocr_par' dir='ltr' id='par_1_37' title="bbox 184 2245 1751 2315">
     <span class='ocr_line' id='line_1_37' title="bbox 184 2245 1751 2315; baseline 0.003 -18"><span class='ocrx_word' id='word_1_260' title='bbox 184 2245 460 2312; x_wconf 80' lang='lat' dir='ltr'><strong>suspendi.</strong></span> <span class='ocrx_word' id='word_1_261' title='bbox 501 2247 636 2298; x_wconf 91' lang='lat' dir='ltr'><strong>Dum</strong></span> <span class='ocrx_word' id='word_1_262' title='bbox 667 2246 826 2313; x_wconf 84' lang='lat' dir='ltr'><strong>igitur</strong></span> <span class='ocrx_word' id='word_1_263' title='bbox 854 2248 904 2298; x_wconf 92' lang='lat' dir='ltr'><strong>in</strong></span> <span class='ocrx_word' id='word_1_264' title='bbox 941 2255 1054 2299; x_wconf 89' lang='lat' dir='ltr'><strong>rota</strong></span> <span class='ocrx_word' id='word_1_265' title='bbox 1097 2248 1360 2315; x_wconf 87' lang='lat' dir='ltr'><strong>penderet</strong></span> <span class='ocrx_word' id='word_1_266' title='bbox 1404 2248 1593 2302; x_wconf 88' lang='lat' dir='ltr'><strong>beatus</strong></span> <span class='ocrx_word' id='word_1_267' title='bbox 1639 2249 1751 2313; x_wconf 89' lang='lat' dir='ltr'><strong>ille,</strong></span> 
     </span>
    </p>
   </div>
   <div class='ocr_carea' id='block_1_38' title="bbox 186 2333 1752 2401">
    <p class='ocr_par' dir='ltr' id='par_1_38' title="bbox 186 2333 1752 2401">
     <span class='ocr_line' id='line_1_38' title="bbox 186 2333 1752 2401; baseline 0.004 -15"><span class='ocrx_word' id='word_1_268' title='bbox 186 2333 421 2401; x_wconf 90' lang='lat' dir='ltr'><strong>Spiritus</strong></span> <span class='ocrx_word' id='word_1_269' title='bbox 467 2338 640 2390; x_wconf 90' lang='lat' dir='ltr'><strong>sancti</strong></span> <span class='ocrx_word' id='word_1_270' title='bbox 693 2339 959 2393; x_wconf 79' lang='lat' dir='ltr'><strong>auxilium</strong></span> <span class='ocrx_word' id='word_1_271' title='bbox 1012 2337 1325 2394; x_wconf 83' lang='lat' dir='ltr'><strong>invocabat.</strong></span> <span class='ocrx_word' id='word_1_272' title='bbox 1379 2338 1515 2394; x_wconf 89' lang='lat' dir='ltr'><strong>Cum</strong></span> <span class='ocrx_word' id='word_1_273' title='bbox 1572 2351 1752 2394; x_wconf 80' lang='lat' dir='ltr'><strong>autem</strong></span> 
     </span>
    </p>
   </div>
   <div class='ocr_carea' id='block_1_39' title="bbox 189 2426 1758 2500">
    <p class='ocr_par' dir='ltr' id='par_1_39' title="bbox 189 2426 1758 2500">
     <span class='ocr_line' id='line_1_39' title="bbox 189 2426 1758 2500; baseline 0.005 -22"><span class='ocrx_word' id='word_1_274' title='bbox 189 2426 362 2494; x_wconf 89' lang='lat' dir='ltr'><strong>ipsius</strong></span> <span class='ocrx_word' id='word_1_275' title='bbox 389 2427 626 2482; x_wconf 87' lang='lat' dir='ltr'><strong>animum</strong></span> <span class='ocrx_word' id='word_1_276' title='bbox 657 2445 720 2484; x_wconf 91' lang='lat' dir='ltr'><strong>ac</strong></span> <span class='ocrx_word' id='word_1_277' title='bbox 766 2432 1105 2500; x_wconf 84' lang='lat' dir='ltr'><strong>prepositum</strong></span> <span class='ocrx_word' id='word_1_278' title='bbox 1137 2431 1210 2484; x_wconf 93' lang='lat' dir='ltr'><strong>ita</strong></span> <span class='ocrx_word' id='word_1_279' title='bbox 1238 2431 1449 2485; x_wconf 90' lang='lat' dir='ltr'><strong>firmum</strong></span> <span class='ocrx_word' id='word_1_280' title='bbox 1484 2440 1537 2486; x_wconf 88' lang='lat' dir='ltr'><strong>et</strong></span> <span class='ocrx_word' id='word_1_281' title='bbox 1567 2432 1758 2486; x_wconf 86' lang='lat' dir='ltr'><strong>stabile</strong></span> 
     </span>
    </p>
   </div>
   <div class='ocr_carea' id='block_1_40' title="bbox 189 2519 1759 2591">
    <p class='ocr_par' dir='ltr' id='par_1_40' title="bbox 189 2519 1759 2591">
     <span class='ocr_line' id='line_1_40' title="bbox 189 2519 1759 2591; baseline 0.002 -18"><span class='ocrx_word' id='word_1_282' title='bbox 189 2519 415 2574; x_wconf 88' lang='lat' dir='ltr'><strong>vidisset</strong></span> <span class='ocrx_word' id='word_1_283' title='bbox 463 2520 753 2590; x_wconf 87' lang='lat' dir='ltr'><strong>Sapritius,</strong></span> <span class='ocrx_word' id='word_1_284' title='bbox 805 2531 863 2574; x_wconf 89' lang='lat' dir='ltr'><strong>ut</strong></span> <span class='ocrx_word' id='word_1_285' title='bbox 907 2523 1111 2574; x_wconf 67' lang='lat' dir='ltr'><strong>moveri</strong></span> <span class='ocrx_word' id='word_1_286' title='bbox 1157 2537 1265 2575; x_wconf 93' lang='lat' dir='ltr'><strong>non</strong></span> <span class='ocrx_word' id='word_1_287' title='bbox 1322 2533 1524 2591; x_wconf 86' lang='lat' dir='ltr'><strong>posset,</strong></span> <span class='ocrx_word' id='word_1_288' title='bbox 1576 2523 1759 2576; x_wconf 89' lang='lat' dir='ltr'><strong>retulit</strong></span> 
     </span>
    </p>
   </div>
   <div class='ocr_carea' id='block_1_41' title="bbox 190 2608 1757 2680">
    <p class='ocr_par' dir='ltr' id='par_1_41' title="bbox 190 2608 1757 2680">
     <span class='ocr_line' id='line_1_41' title="bbox 190 2608 1757 2680; baseline 0.003 -18"><span class='ocrx_word' id='word_1_289' title='bbox 190 2608 482 2664; x_wconf 80' lang='lat' dir='ltr'><strong>Valeriano</strong></span> <span class='ocrx_word' id='word_1_290' title='bbox 505 2616 760 2680; x_wconf 78' lang='lat' dir='ltr'><strong>tyranno,</strong></span> <span class='ocrx_word' id='word_1_291' title='bbox 787 2611 1150 2665; x_wconf 89' lang='lat' dir='ltr'><strong>Tertullinum</strong></span> <span class='ocrx_word' id='word_1_292' title='bbox 1173 2613 1339 2668; x_wconf 89' lang='lat' dir='ltr'><strong>nullis</strong></span> <span class='ocrx_word' id='word_1_293' title='bbox 1372 2614 1557 2678; x_wconf 89' lang='lat' dir='ltr'><strong>minis,</strong></span> <span class='ocrx_word' id='word_1_294' title='bbox 1591 2614 1757 2667; x_wconf 88' lang='lat' dir='ltr'><strong>nullis</strong></span> 
     </span>
    </p>
   </div>
   <div class='ocr_carea' id='block_1_42' title="bbox 188 2700 1762 2771">
    <p class='ocr_par' dir='ltr' id='par_1_42' title="bbox 188 2700 1762 2771">
     <span class='ocr_line' id='line_1_42' title="bbox 188 2700 1762 2771; baseline 0.003 -18"><span class='ocrx_word' id='word_1_295' title='bbox 188 2700 686 2763; x_wconf 72' lang='lat' dir='ltr'><strong>adhortationibus,</strong></span> <span class='ocrx_word' id='word_1_296' title='bbox 745 2701 914 2756; x_wconf 87' lang='lat' dir='ltr'><strong>nullis</strong></span> <span class='ocrx_word' id='word_1_297' title='bbox 967 2701 1204 2771; x_wconf 88' lang='lat' dir='ltr'><strong>denique</strong></span> <span class='ocrx_word' id='word_1_298' title='bbox 1266 2704 1604 2758; x_wconf 85' lang='lat' dir='ltr'><strong>cruciatibus</strong></span> <span class='ocrx_word' id='word_1_299' title='bbox 1670 2714 1762 2758; x_wconf 87' lang='lat' dir='ltr'><strong>aut</strong></span> 
     </span>
    </p>
   </div>
   <div class='ocr_carea' id='block_1_43' title="bbox 187 2793 1761 2862">
    <p class='ocr_par' dir='ltr' id='par_1_43' title="bbox 187 2793 1761 2862">
     <span class='ocr_line' id='line_1_43' title="bbox 187 2793 1761 2862; baseline 0.004 -16"><span class='ocrx_word' id='word_1_300' title='bbox 187 2793 460 2846; x_wconf 85' lang='lat' dir='ltr'><strong>machinis</strong></span> <span class='ocrx_word' id='word_1_301' title='bbox 491 2793 686 2846; x_wconf 85' lang='lat' dir='ltr'><strong>adduci</strong></span> <span class='ocrx_word' id='word_1_302' title='bbox 724 2808 901 2862; x_wconf 88' lang='lat' dir='ltr'><strong>posse,</strong></span> <span class='ocrx_word' id='word_1_303' title='bbox 930 2803 989 2848; x_wconf 92' lang='lat' dir='ltr'><strong>ut</strong></span> <span class='ocrx_word' id='word_1_304' title='bbox 1014 2794 1097 2849; x_wconf 87' lang='lat' dir='ltr'><strong>vel</strong></span> <span class='ocrx_word' id='word_1_305' title='bbox 1121 2794 1226 2848; x_wconf 88' lang='lat' dir='ltr'><strong>diis</strong></span> <span class='ocrx_word' id='word_1_306' title='bbox 1257 2795 1516 2862; x_wconf 86' lang='lat' dir='ltr'><strong>immolet,</strong></span> <span class='ocrx_word' id='word_1_307' title='bbox 1546 2796 1628 2850; x_wconf 90' lang='lat' dir='ltr'><strong>vel</strong></span> <span class='ocrx_word' id='word_1_308' title='bbox 1667 2797 1761 2852; x_wconf 89' lang='lat' dir='ltr'><strong>do-</strong></span> 
     </span>
    </p>
   </div>
   <div class='ocr_carea' id='block_1_44' title="bbox 189 2883 1758 2954">
    <p class='ocr_par' dir='ltr' id='par_1_44' title="bbox 189 2883 1758 2954">
     <span class='ocr_line' id='line_1_44' title="bbox 189 2883 1758 2954; baseline 0.004 -18"><span class='ocrx_word' id='word_1_309' title='bbox 189 2884 324 2938; x_wconf 85' lang='lat' dir='ltr'><strong>mini</strong></span> <span class='ocrx_word' id='word_1_310' title='bbox 365 2884 446 2936; x_wconf 91' lang='lat' dir='ltr'><strong>sui</strong></span> <span class='ocrx_word' id='word_1_311' title='bbox 502 2883 782 2938; x_wconf 75' lang='lat' dir='ltr'><strong>facultates</strong></span> <span class='ocrx_word' id='word_1_312' title='bbox 815 2900 876 2938; x_wconf 90' lang='lat' dir='ltr'><strong>ac</strong></span> <span class='ocrx_word' id='word_1_313' title='bbox 905 2887 1161 2954; x_wconf 89' lang='lat' dir='ltr'><strong>pecunias</strong></span> <span class='ocrx_word' id='word_1_314' title='bbox 1183 2885 1235 2938; x_wconf 92' lang='lat' dir='ltr'><strong>in</strong></span> <span class='ocrx_word' id='word_1_315' title='bbox 1259 2886 1498 2939; x_wconf 91' lang='lat' dir='ltr'><strong>medium</strong></span> <span class='ocrx_word' id='word_1_316' title='bbox 1545 2887 1758 2942; x_wconf 73' lang='lat' dir='ltr'><strong>afferat.</strong></span> 
     </span>
    </p>
   </div>
   <div class='ocr_carea' id='block_1_45' title="bbox 188 2976 1768 3048">
    <p class='ocr_par' dir='ltr' id='par_1_45' title="bbox 188 2976 1768 3048">
     <span class='ocr_line' id='line_1_45' title="bbox 188 2976 1768 3048; baseline 0.003 -19"><span class='ocrx_word' id='word_1_317' title='bbox 188 2977 346 3030; x_wconf 83' lang='lat' dir='ltr'><strong>Tunc</strong></span> <span class='ocrx_word' id='word_1_318' title='bbox 382 2976 690 3032; x_wconf 80' lang='lat' dir='ltr'><strong>Valerianus</strong></span> <span class='ocrx_word' id='word_1_319' title='bbox 720 2981 1044 3033; x_wconf 81' lang='lat' dir='ltr'><strong>sententiain</strong></span> <span class='ocrx_word' id='word_1_320' title='bbox 1096 2979 1298 3045; x_wconf 90' lang='lat' dir='ltr'><strong>ferens,</strong></span> <span class='ocrx_word' id='word_1_321' title='bbox 1335 2980 1494 3048; x_wconf 86' lang='lat' dir='ltr'><strong>jussit</strong></span> <span class='ocrx_word' id='word_1_322' title='bbox 1521 2980 1768 3034; x_wconf 88' lang='lat' dir='ltr'><strong>Tertulli-</strong></span> 
     </span>
    </p>
   </div>
   <div class='ocr_carea' id='block_1_46' title="bbox 189 3067 1766 3142">
    <p class='ocr_par' dir='ltr' id='par_1_46' title="bbox 189 3067 1766 3142">
     <span class='ocr_line' id='line_1_46' title="bbox 189 3067 1766 3142; baseline 0.003 -23"><span class='ocrx_word' id='word_1_323' title='bbox 189 3083 322 3120; x_wconf 84' lang='lat' dir='ltr'><strong>num</strong></span> <span class='ocrx_word' id='word_1_324' title='bbox 339 3067 722 3121; x_wconf 88' lang='lat' dir='ltr'><strong>obtruncari.E</strong></span> <span class='ocrx_word' id='word_1_325' title='bbox 742 3078 855 3123; x_wconf 90' lang='lat' dir='ltr'><strong>rota</strong></span> <span class='ocrx_word' id='word_1_326' title='bbox 876 3070 1036 3138; x_wconf 78' lang='lat' dir='ltr'><strong>igitur</strong></span> <span class='ocrx_word' id='word_1_327' title='bbox 1051 3071 1554 3140; x_wconf 74' lang='lat' dir='ltr'><strong>depositus,ductus</strong></span> <span class='ocrx_word' id='word_1_328' title='bbox 1570 3083 1652 3124; x_wconf 86' lang='lat' dir='ltr'><strong>est</strong></span> <span class='ocrx_word' id='word_1_329' title='bbox 1671 3089 1766 3142; x_wconf 89' lang='lat' dir='ltr'><strong>per</strong></span> 
     </span>
    </p>
   </div>
   <div class='ocr_carea' id='block_1_47' title="bbox 189 3154 1765 3230">
    <p class='ocr_par' dir='ltr' id='par_1_47' title="bbox 189 3154 1765 3230">
     <span class='ocr_line' id='line_1_47' title="bbox 189 3154 1765 3230; baseline 0.004 -22"><span class='ocrx_word' id='word_1_330' title='bbox 189 3155 335 3208; x_wconf 72' lang='lat' dir='ltr'><strong>Viam</strong></span> <span class='ocrx_word' id='word_1_331' title='bbox 359 3154 599 3209; x_wconf 82' lang='lat' dir='ltr'><strong>Latinam</strong></span> <span class='ocrx_word' id='word_1_332' title='bbox 617 3158 681 3210; x_wconf 85' lang='lat' dir='ltr'><strong>ad</strong></span> <span class='ocrx_word' id='word_1_333' title='bbox 701 3158 998 3211; x_wconf 89' lang='lat' dir='ltr'><strong>secundum</strong></span> <span class='ocrx_word' id='word_1_334' title='bbox 1021 3159 1168 3211; x_wconf 88' lang='lat' dir='ltr'><strong>urbis</strong></span> <span class='ocrx_word' id='word_1_335' title='bbox 1188 3159 1556 3230; x_wconf 88' lang='lat' dir='ltr'><strong>lapidem,quo</strong></span> <span class='ocrx_word' id='word_1_336' title='bbox 1575 3162 1626 3215; x_wconf 91' lang='lat' dir='ltr'><strong>in</strong></span> <span class='ocrx_word' id='word_1_337' title='bbox 1651 3164 1765 3217; x_wconf 88' lang='lat' dir='ltr'><strong>loco</strong></span> 
     </span>
    </p>
   </div>
   <div class='ocr_carea' id='block_1_48' title="bbox 191 3246 1766 3320">
    <p class='ocr_par' dir='ltr' id='par_1_48' title="bbox 191 3246 1766 3320">
     <span class='ocr_line' id='line_1_48' title="bbox 191 3246 1766 3320; baseline 0.004 -20"><span class='ocrx_word' id='word_1_338' title='bbox 191 3246 296 3300; x_wconf 91' lang='lat' dir='ltr'><strong>fuit</strong></span> <span class='ocrx_word' id='word_1_339' title='bbox 327 3248 503 3316; x_wconf 85' lang='lat' dir='ltr'><strong>capite</strong></span> <span class='ocrx_word' id='word_1_340' title='bbox 525 3250 897 3302; x_wconf 89' lang='lat' dir='ltr'><strong>obtruncatus.</strong></span> <span class='ocrx_word' id='word_1_341' title='bbox 926 3249 1054 3317; x_wconf 85' lang='lat' dir='ltr'><strong>Ejus</strong></span> <span class='ocrx_word' id='word_1_342' title='bbox 1077 3259 1257 3304; x_wconf 90' lang='lat' dir='ltr'><strong>autem</strong></span> <span class='ocrx_word' id='word_1_343' title='bbox 1282 3251 1543 3320; x_wconf 89' lang='lat' dir='ltr'><strong>reliquias</strong></span> <span class='ocrx_word' id='word_1_344' title='bbox 1567 3252 1623 3304; x_wconf 89' lang='grc' dir='ltr'>Β.</span> <span class='ocrx_word' id='word_1_345' title='bbox 1643 3254 1766 3307; x_wconf 85' lang='lat' dir='ltr'><strong>Ste-</strong></span> 
     </span>
    </p>
   </div>
   <div class='ocr_carea' id='block_1_49' title="bbox 191 3339 1767 3412">
    <p class='ocr_par' dir='ltr' id='par_1_49' title="bbox 191 3339 1767 3412">
     <span class='ocr_line' id='line_1_49' title="bbox 191 3339 1767 3412; baseline 0.004 -20"><span class='ocrx_word' id='word_1_346' title='bbox 191 3339 409 3407; x_wconf 88' lang='lat' dir='ltr'><strong>phanus</strong></span> <span class='ocrx_word' id='word_1_347' title='bbox 443 3339 679 3409; x_wconf 87' lang='lat' dir='ltr'><strong>collegit,</strong></span> <span class='ocrx_word' id='word_1_348' title='bbox 728 3349 780 3395; x_wconf 88' lang='lat' dir='ltr'><strong>et</strong></span> <span class='ocrx_word' id='word_1_349' title='bbox 806 3341 1055 3409; x_wconf 89' lang='lat' dir='ltr'><strong>sepelivit</strong></span> <span class='ocrx_word' id='word_1_350' title='bbox 1081 3341 1133 3394; x_wconf 92' lang='lat' dir='ltr'><strong>in</strong></span> <span class='ocrx_word' id='word_1_351' title='bbox 1173 3351 1377 3412; x_wconf 89' lang='lat' dir='ltr'><strong>crypta.</strong></span> <span class='ocrx_word' id='word_1_352' title='bbox 1400 3358 1516 3412; x_wconf 64' lang='lat' dir='ltr'><strong>quae</strong></span> <span class='ocrx_word' id='word_1_353' title='bbox 1541 3359 1767 3398; x_wconf 86' lang='lat' dir='ltr'><strong>arenosa</strong></span> 
     </span>
    </p>
   </div>
   <div class='ocr_carea' id='block_1_50' title="bbox 191 3428 1764 3510">
    <p class='ocr_par' dir='ltr' id='par_1_50' title="bbox 191 3428 1764 3510">
     <span class='ocr_line' id='line_1_50' title="bbox 191 3428 1764 3510; baseline 0.005 -28"><span class='ocrx_word' id='word_1_354' title='bbox 191 3428 424 3493; x_wconf 87' lang='lat' dir='ltr'><strong>dicitur,</strong></span> <span class='ocrx_word' id='word_1_355' title='bbox 447 3431 618 3500; x_wconf 90' lang='lat' dir='ltr'><strong>pridie</strong></span> <span class='ocrx_word' id='word_1_356' title='bbox 642 3430 904 3486; x_wconf 80' lang='lat' dir='ltr'><strong>Kalendas</strong></span> <span class='ocrx_word' id='word_1_357' title='bbox 923 3435 1148 3504; x_wconf 85' lang='lat' dir='ltr'><strong>August.</strong></span> <span class='ocrx_word' id='word_1_358' title='bbox 1174 3432 1328 3505; x_wconf 85' lang='lat' dir='ltr'><strong>[Cod.</strong></span> <span class='ocrx_word' id='word_1_359' title='bbox 1347 3436 1466 3489; x_wconf 83' lang='lat' dir='ltr'><strong>Kal.</strong></span> <span class='ocrx_word' id='word_1_360' title='bbox 1493 3436 1764 3510; x_wconf 78' lang='lat' dir='ltr'><strong>Augusti].</strong></span> 
     </span>
    </p>
   </div>
   <div class='ocr_carea' id='block_1_51' title="bbox 268 3521 1766 3583">
    <p class='ocr_par' dir='ltr' id='par_1_51' title="bbox 268 3521 1766 3583">
     <span class='ocr_line' id='line_1_51' title="bbox 268 3521 1766 3583; baseline 0.007 -10"><span class='ocrx_word' id='word_1_361' title='bbox 268 3521 410 3574; x_wconf 78' lang='lat' dir='ltr'><strong>XVI.</strong></span> <span class='ocrx_word' id='word_1_362' title='bbox 444 3522 665 3574; x_wconf 85' lang='lat' dir='ltr'><strong>Postero</strong></span> <span class='ocrx_word' id='word_1_363' title='bbox 700 3531 878 3577; x_wconf 90' lang='lat' dir='ltr'><strong>autem</strong></span> <span class='ocrx_word' id='word_1_364' title='bbox 916 3525 1002 3579; x_wconf 89' lang='lat' dir='ltr'><strong>die</strong></span> <span class='ocrx_word' id='word_1_365' title='bbox 1034 3525 1358 3579; x_wconf 82' lang='lat' dir='ltr'><strong>Valerianus</strong></span> <span class='ocrx_word' id='word_1_366' title='bbox 1391 3527 1536 3581; x_wconf 86' lang='lat' dir='ltr'><strong>misit</strong></span> <span class='ocrx_word' id='word_1_367' title='bbox 1568 3532 1766 3583; x_wconf 83' lang='lat' dir='ltr'><strong>cohor-</strong></span> 
     </span>
    </p>
   </div>
   <div class='ocr_carea' id='block_1_52' title="bbox 197 3612 1764 3684">
    <p class='ocr_par' dir='ltr' id='par_1_52' title="bbox 197 3612 1764 3684">
     <span class='ocr_line' id='line_1_52' title="bbox 197 3612 1764 3684; baseline 0.008 -21"><span class='ocrx_word' id='word_1_368' title='bbox 197 3622 330 3673; x_wconf 87' lang='lat' dir='ltr'><strong>tem,</strong></span> <span class='ocrx_word' id='word_1_369' title='bbox 356 3626 474 3679; x_wconf 66' lang='lat' dir='ltr'><strong>qua:</strong></span> <span class='ocrx_word' id='word_1_370' title='bbox 493 3612 709 3664; x_wconf 89' lang='lat' dir='ltr'><strong>beatum</strong></span> <span class='ocrx_word' id='word_1_371' title='bbox 730 3614 1042 3681; x_wconf 79' lang='lat' dir='ltr'><strong>pontificem</strong></span> <span class='ocrx_word' id='word_1_372' title='bbox 1070 3615 1408 3684; x_wconf 86' lang='lat' dir='ltr'><strong>Stephanum</strong></span> <span class='ocrx_word' id='word_1_373' title='bbox 1436 3634 1559 3674; x_wconf 89' lang='lat' dir='ltr'><strong>cum</strong></span> <span class='ocrx_word' id='word_1_374' title='bbox 1580 3623 1764 3676; x_wconf 92' lang='lat' dir='ltr'><strong>multis</strong></span> 
     </span>
    </p>
   </div>
   <div class='ocr_carea' id='block_1_53' title="bbox 194 3699 1761 3778">
    <p class='ocr_par' dir='ltr' id='par_1_53' title="bbox 194 3699 1761 3778">
     <span class='ocr_line' id='line_1_53' title="bbox 194 3699 1761 3778; baseline 0.006 -24"><span class='ocrx_word' id='word_1_375' title='bbox 194 3699 435 3764; x_wconf 87' lang='lat' dir='ltr'><strong>clericis,</strong></span> <span class='ocrx_word' id='word_1_376' title='bbox 471 3703 804 3772; x_wconf 83' lang='lat' dir='ltr'><strong>presbyteris</strong></span> <span class='ocrx_word' id='word_1_377' title='bbox 840 3719 903 3758; x_wconf 91' lang='lat' dir='ltr'><strong>ac</strong></span> <span class='ocrx_word' id='word_1_378' title='bbox 953 3704 1204 3760; x_wconf 89' lang='lat' dir='ltr'><strong>diaconis</strong></span> <span class='ocrx_word' id='word_1_379' title='bbox 1247 3709 1761 3778; x_wconf 88' lang='lat' dir='ltr'><strong>comprehenderet.</strong></span> 
     </span>
    </p>
   </div>
   <div class='ocr_carea' id='block_1_54' title="bbox 192 3793 1765 3874">
    <p class='ocr_par' dir='ltr' id='par_1_54' title="bbox 192 3793 1765 3874">
     <span class='ocr_line' id='line_1_54' title="bbox 192 3793 1765 3874; baseline 0.006 -25"><span class='ocrx_word' id='word_1_380' title='bbox 192 3793 334 3850; x_wconf 87' lang='lat' dir='ltr'><strong>Cum</strong></span> <span class='ocrx_word' id='word_1_381' title='bbox 369 3796 530 3867; x_wconf 89' lang='lat' dir='ltr'><strong>igitur</strong></span> <span class='ocrx_word' id='word_1_382' title='bbox 555 3797 792 3866; x_wconf 79' lang='lat' dir='ltr'><strong>pontifex</strong></span> <span class='ocrx_word' id='word_1_383' title='bbox 817 3807 872 3852; x_wconf 91' lang='lat' dir='ltr'><strong>et</strong></span> <span class='ocrx_word' id='word_1_384' title='bbox 900 3799 1020 3867; x_wconf 80' lang='lat' dir='ltr'><strong>ejus</strong></span> <span class='ocrx_word' id='word_1_385' title='bbox 1050 3801 1234 3854; x_wconf 85' lang='lat' dir='ltr'><strong>clerici</strong></span> <span class='ocrx_word' id='word_1_386' title='bbox 1265 3817 1390 3856; x_wconf 90' lang='lat' dir='ltr'><strong>cum</strong></span> <span class='ocrx_word' id='word_1_387' title='bbox 1418 3818 1484 3857; x_wconf 92' lang='lat' dir='ltr'><strong>eo</strong></span> <span class='ocrx_word' id='word_1_388' title='bbox 1511 3819 1765 3874; x_wconf 89' lang='lat' dir='ltr'><strong>compre-</strong></span> 
     </span>
    </p>
   </div>
   <div class='ocr_carea' id='block_1_55' title="bbox 197 3885 1766 3964">
    <p class='ocr_par' dir='ltr' id='par_1_55' title="bbox 197 3885 1766 3964">
     <span class='ocr_line' id='line_1_55' title="bbox 197 3885 1766 3964; baseline 0.006 -26"><span class='ocrx_word' id='word_1_389' title='bbox 197 3885 360 3938; x_wconf 84' lang='lat' dir='ltr'><strong>hensi</strong></span> <span class='ocrx_word' id='word_1_390' title='bbox 387 3895 592 3949; x_wconf 84' lang='lat' dir='ltr'><strong>essent,</strong></span> <span class='ocrx_word' id='word_1_391' title='bbox 632 3888 853 3955; x_wconf 89' lang='lat' dir='ltr'><strong>plurimi</strong></span> <span class='ocrx_word' id='word_1_392' title='bbox 902 3885 1202 3943; x_wconf 72' lang='lat' dir='ltr'><strong>Christiani</strong></span> <span class='ocrx_word' id='word_1_393' title='bbox 1252 3891 1497 3962; x_wconf 86' lang='lat' dir='ltr'><strong>lugentes</strong></span> <span class='ocrx_word' id='word_1_394' title='bbox 1546 3910 1572 3946; x_wconf 89' lang='lat' dir='ltr'><strong>a</strong></span> <span class='ocrx_word' id='word_1_395' title='bbox 1607 3895 1766 3964; x_wconf 77' lang='lat' dir='ltr'><strong>longe</strong></span> 
     </span>
    </p>
   </div>
   <div class='ocr_carea' id='block_1_56' title="bbox 196 3976 1767 4053">
    <p class='ocr_par' dir='ltr' id='par_1_56' title="bbox 196 3976 1767 4053">
     <span class='ocr_line' id='line_1_56' title="bbox 196 3976 1767 4053; baseline 0.008 -25"><span class='ocrx_word' id='word_1_396' title='bbox 196 3976 325 4028; x_wconf 89' lang='lat' dir='ltr'><strong>illos</strong></span> <span class='ocrx_word' id='word_1_397' title='bbox 359 3977 743 4042; x_wconf 83' lang='lat' dir='ltr'><strong>sequebantur.</strong></span> <span class='ocrx_word' id='word_1_398' title='bbox 771 3978 962 4031; x_wconf 73' lang='lat' dir='ltr'><strong>Postea</strong></span> <span class='ocrx_word' id='word_1_399' title='bbox 996 3995 1129 4032; x_wconf 77' lang='lat' dir='ltr'><strong>vero</strong></span> <span class='ocrx_word' id='word_1_400' title='bbox 1160 3998 1322 4050; x_wconf 89' lang='lat' dir='ltr'><strong>quam</strong></span> <span class='ocrx_word' id='word_1_401' title='bbox 1359 3982 1417 4035; x_wconf 88' lang='grc' dir='ltr'><strong>Β.</strong></span> <span class='ocrx_word' id='word_1_402' title='bbox 1457 3983 1767 4053; x_wconf 79' lang='lat' dir='ltr'><strong>Stephanus</strong></span> 
     </span>
    </p>
   </div>
   <div class='ocr_carea' id='block_1_57' title="bbox 190 4065 1764 4144">
    <p class='ocr_par' dir='ltr' id='par_1_57' title="bbox 190 4065 1764 4144">
     <span class='ocr_line' id='line_1_57' title="bbox 190 4065 1764 4144; baseline 0.011 -28"><span class='ocrx_word' id='word_1_403' title='bbox 190 4070 351 4140; x_wconf 81' lang='lat' dir='ltr'><strong>jussu</strong></span> <span class='ocrx_word' id='word_1_404' title='bbox 391 4065 658 4120; x_wconf 85' lang='lat' dir='ltr'><strong>Valeriani</strong></span> <span class='ocrx_word' id='word_1_405' title='bbox 693 4076 818 4122; x_wconf 88' lang='lat' dir='ltr'><strong>ante</strong></span> <span class='ocrx_word' id='word_1_406' title='bbox 848 4070 1018 4138; x_wconf 87' lang='lat' dir='ltr'><strong>ipsius</strong></span> <span class='ocrx_word' id='word_1_407' title='bbox 1051 4073 1290 4127; x_wconf 84' lang='lat' dir='ltr'><strong>tribunal</strong></span> <span class='ocrx_word' id='word_1_408' title='bbox 1344 4077 1496 4130; x_wconf 86' lang='lat' dir='ltr'><strong>stetit</strong></span> <span class='ocrx_word' id='word_1_409' title='bbox 1538 4095 1550 4131; x_wconf 87' lang='lat'><strong>:</strong></span> <span class='ocrx_word' id='word_1_410' title='bbox 1586 4078 1764 4144; x_wconf 80' lang='lat' dir='ltr'><strong>Tune,</strong></span> 
     </span>
    </p>
   </div>
   <div class='ocr_carea' id='block_1_58' title="bbox 197 4160 1762 4238">
    <p class='ocr_par' dir='ltr' id='par_1_58' title="bbox 197 4160 1762 4238">
     <span class='ocr_line' id='line_1_58' title="bbox 197 4160 1762 4238; baseline 0.006 -24"><span class='ocrx_word' id='word_1_411' title='bbox 197 4160 382 4229; x_wconf 85' lang='lat' dir='ltr'><strong>inquit</strong></span> <span class='ocrx_word' id='word_1_412' title='bbox 419 4160 833 4214; x_wconf 85' lang='lat' dir='ltr'><strong>scelestissimus</strong></span> <span class='ocrx_word' id='word_1_413' title='bbox 874 4163 1194 4232; x_wconf 91' lang='lat' dir='ltr'><strong>imperator,</strong></span> <span class='ocrx_word' id='word_1_414' title='bbox 1224 4182 1283 4219; x_wconf 88' lang='lat' dir='ltr'><strong>es</strong></span> <span class='ocrx_word' id='word_1_415' title='bbox 1307 4167 1395 4222; x_wconf 89' lang='lat' dir='ltr'><strong>ille</strong></span> <span class='ocrx_word' id='word_1_416' title='bbox 1430 4167 1762 4238; x_wconf 79' lang='lat' dir='ltr'><strong>Stephanus,</strong></span> 
     </span>
    </p>
   </div>
   <div class='ocr_carea' id='block_1_59' title="bbox 199 4251 1766 4323">
    <p class='ocr_par' dir='ltr' id='par_1_59' title="bbox 199 4251 1766 4323">
     <span class='ocr_line' id='line_1_59' title="bbox 199 4251 1766 4323; baseline 0.007 -17"><span class='ocrx_word' id='word_1_417' title='bbox 199 4252 296 4322; x_wconf 87' lang='lat' dir='ltr'><strong>qui</strong></span> <span class='ocrx_word' id='word_1_418' title='bbox 325 4251 720 4322; x_wconf 84' lang='lat' dir='ltr'><strong>rempublicam</strong></span> <span class='ocrx_word' id='word_1_419' title='bbox 751 4264 993 4306; x_wconf 87' lang='lat' dir='ltr'><strong>nostram</strong></span> <span class='ocrx_word' id='word_1_420' title='bbox 1028 4256 1347 4323; x_wconf 89' lang='lat' dir='ltr'><strong>perturbare</strong></span> <span class='ocrx_word' id='word_1_421' title='bbox 1377 4273 1440 4312; x_wconf 88' lang='lat' dir='ltr'><strong>ac</strong></span> <span class='ocrx_word' id='word_1_422' title='bbox 1469 4261 1766 4317; x_wconf 75' lang='lat' dir='ltr'><strong>dissolvere</strong></span> 
     </span>
    </p>
   </div>
   <div class='ocr_carea' id='block_1_60' title="bbox 202 4344 1767 4422">
    <p class='ocr_par' dir='ltr' id='par_1_60' title="bbox 202 4344 1767 4422">
     <span class='ocr_line' id='line_1_60' title="bbox 202 4344 1767 4422; baseline 0.008 -26"><span class='ocrx_word' id='word_1_423' title='bbox 202 4357 504 4413; x_wconf 71' lang='lat' dir='ltr'><strong>aggressus</strong></span> <span class='ocrx_word' id='word_1_424' title='bbox 555 4358 636 4406; x_wconf 89' lang='lat' dir='ltr'><strong>es,</strong></span> <span class='ocrx_word' id='word_1_425' title='bbox 674 4344 877 4413; x_wconf 86' lang='lat' dir='ltr'><strong>quique</strong></span> <span class='ocrx_word' id='word_1_426' title='bbox 927 4345 1171 4400; x_wconf 89' lang='lat' dir='ltr'><strong>consiliis</strong></span> <span class='ocrx_word' id='word_1_427' title='bbox 1205 4356 1254 4401; x_wconf 87' lang='lat' dir='ltr'><strong>et</strong></span> <span class='ocrx_word' id='word_1_428' title='bbox 1319 4352 1612 4422; x_wconf 65' lang='lat' dir='ltr'><strong>praestigiis</strong></span> <span class='ocrx_word' id='word_1_429' title='bbox 1661 4353 1767 4408; x_wconf 85' lang='lat' dir='ltr'><strong>tuis</strong></span> 
     </span>
    </p>
   </div>
   <div class='ocr_carea' id='block_1_61' title="bbox 201 4434 1767 4502">
    <p class='ocr_par' dir='ltr' id='par_1_61' title="bbox 201 4434 1767 4502">
     <span class='ocr_line' id='line_1_61' title="bbox 201 4434 1767 4502; baseline 0.007 -14"><span class='ocrx_word' id='word_1_430' title='bbox 201 4434 406 4488; x_wconf 83' lang='lat' dir='ltr'><strong>suades</strong></span> <span class='ocrx_word' id='word_1_431' title='bbox 424 4434 644 4502; x_wconf 87' lang='lat' dir='ltr'><strong>populo,</strong></span> <span class='ocrx_word' id='word_1_432' title='bbox 673 4444 728 4486; x_wconf 91' lang='lat' dir='ltr'><strong>ut</strong></span> <span class='ocrx_word' id='word_1_433' title='bbox 757 4451 784 4486; x_wconf 90' lang='lat' dir='ltr'><strong>a</strong></span> <span class='ocrx_word' id='word_1_434' title='bbox 810 4436 1034 4490; x_wconf 91' lang='lat' dir='ltr'><strong>deorum</strong></span> <span class='ocrx_word' id='word_1_435' title='bbox 1066 4438 1212 4492; x_wconf 92' lang='lat' dir='ltr'><strong>cultu</strong></span> <span class='ocrx_word' id='word_1_436' title='bbox 1234 4440 1540 4496; x_wconf 74' lang='lat' dir='ltr'><strong>desciscat?</strong></span> <span class='ocrx_word' id='word_1_437' title='bbox 1568 4447 1767 4500; x_wconf 72' lang='lat' dir='ltr'><strong>Adhmc</strong></span> 
     </span>
    </p>
   </div>
   <div class='ocr_carea' id='block_1_62' title="bbox 1851 1972 3418 2043">
    <p class='ocr_par' dir='ltr' id='par_1_62' title="bbox 1851 1972 3418 2043">
     <span class='ocr_line' id='line_1_62' title="bbox 1851 1972 3418 2043; baseline 0.003 -18"><span class='ocrx_word' id='word_1_438' title='bbox 1851 1972 2189 2027; x_wconf 85' lang='lat' dir='ltr'><strong>Christianos</strong></span> <span class='ocrx_word' id='word_1_439' title='bbox 2246 1975 2650 2037; x_wconf 85' lang='lat' dir='ltr'><strong>consolabatur,</strong></span> <span class='ocrx_word' id='word_1_440' title='bbox 2716 1975 2862 2043; x_wconf 83' lang='lat' dir='ltr'><strong>ipsos</strong></span> <span class='ocrx_word' id='word_1_441' title='bbox 2915 1974 3144 2027; x_wconf 90' lang='lat' dir='ltr'><strong>hortans</strong></span> <span class='ocrx_word' id='word_1_442' title='bbox 3193 1984 3247 2027; x_wconf 89' lang='lat' dir='ltr'><strong>et</strong></span> <span class='ocrx_word' id='word_1_443' title='bbox 3290 1989 3418 2029; x_wconf 87' lang='lat' dir='ltr'><strong>cor-</strong></span> 
     </span>
    </p>
   </div>
   <div class='ocr_carea' id='block_1_63' title="bbox 1854 2057 3419 2132">
    <p class='ocr_par' dir='ltr' id='par_1_63' title="bbox 1854 2057 3419 2132">
     <span class='ocr_line' id='line_1_63' title="bbox 1854 2057 3419 2132; baseline 0.003 -21"><span class='ocrx_word' id='word_1_444' title='bbox 1854 2057 2139 2125; x_wconf 89' lang='lat' dir='ltr'><strong>roborans,</strong></span> <span class='ocrx_word' id='word_1_445' title='bbox 2175 2077 2244 2115; x_wconf 88' lang='lat' dir='ltr'><strong>ne</strong></span> <span class='ocrx_word' id='word_1_446' title='bbox 2283 2073 2631 2132; x_wconf 80' lang='lat' dir='ltr'><strong>tyrannorum</strong></span> <span class='ocrx_word' id='word_1_447' title='bbox 2663 2064 2836 2116; x_wconf 88' lang='lat' dir='ltr'><strong>minas</strong></span> <span class='ocrx_word' id='word_1_448' title='bbox 2869 2073 2923 2118; x_wconf 89' lang='lat' dir='ltr'><strong>et</strong></span> <span class='ocrx_word' id='word_1_449' title='bbox 2941 2074 3205 2117; x_wconf 89' lang='lat' dir='ltr'><strong>tormenta</strong></span> <span class='ocrx_word' id='word_1_450' title='bbox 3234 2063 3419 2117; x_wconf 82' lang='lat' dir='ltr'><strong>formi-</strong></span> 
     </span>
    </p>
   </div>
   <div class='ocr_carea' id='block_1_64' title="bbox 1857 2149 3419 2220">
    <p class='ocr_par' dir='ltr' id='par_1_64' title="bbox 1857 2149 3419 2220">
     <span class='ocr_line' id='line_1_64' title="bbox 1857 2149 3419 2220; baseline 0.005 -22"><span class='ocrx_word' id='word_1_451' title='bbox 1857 2149 2067 2213; x_wconf 86' lang='lat' dir='ltr'><strong>darent,</strong></span> <span class='ocrx_word' id='word_1_452' title='bbox 2088 2165 2210 2204; x_wconf 90' lang='lat' dir='ltr'><strong>eum</strong></span> <span class='ocrx_word' id='word_1_453' title='bbox 2239 2152 2634 2220; x_wconf 86' lang='lat' dir='ltr'><strong>Dominnsipse</strong></span> <span class='ocrx_word' id='word_1_454' title='bbox 2666 2153 2808 2206; x_wconf 90' lang='lat' dir='ltr'><strong>dicat</strong></span> <span class='ocrx_word' id='word_1_455' title='bbox 2845 2151 3060 2206; x_wconf 80' lang='lat' dir='ltr'><strong>:Notite</strong></span> <span class='ocrx_word' id='word_1_456' title='bbox 3097 2155 3280 2206; x_wconf 82' lang='lat' dir='ltr'><strong>timere</strong></span> <span class='ocrx_word' id='word_1_457' title='bbox 3331 2171 3419 2206; x_wconf 68' lang='lat' dir='ltr'><strong>eos</strong></span> 
     </span>
    </p>
   </div>
   <div class='ocr_carea' id='block_1_65' title="bbox 1861 2243 3417 2314">
    <p class='ocr_par' dir='ltr' id='par_1_65' title="bbox 1861 2243 3417 2314">
     <span class='ocr_line' id='line_1_65' title="bbox 1861 2243 3417 2314; baseline 0.004 -22"><span class='ocrx_word' id='word_1_458' title='bbox 1861 2243 2190 2308; x_wconf 43' lang='lat' dir='ltr'><strong>qui&#39;possunt</strong></span> <span class='ocrx_word' id='word_1_459' title='bbox 2219 2246 2452 2297; x_wconf 77' lang='lat' dir='ltr'><strong>occidere</strong></span> <span class='ocrx_word' id='word_1_460' title='bbox 2489 2261 2695 2313; x_wconf 78' lang='lat' dir='ltr'><strong>corpus,</strong></span> <span class='ocrx_word' id='word_1_461' title='bbox 2745 2245 2981 2297; x_wconf 78' lang='lat' dir='ltr'><strong>(mimum</strong></span> <span class='ocrx_word' id='word_1_462' title='bbox 3011 2260 3130 2298; x_wconf 82' lang='lat' dir='ltr'><strong>vero</strong></span> <span class='ocrx_word' id='word_1_463' title='bbox 3163 2262 3262 2298; x_wconf 85' lang='lat' dir='ltr'><strong>non</strong></span> <span class='ocrx_word' id='word_1_464' title='bbox 3296 2263 3417 2314; x_wconf 75' lang='lat' dir='ltr'><strong>pos-</strong></span> 
     </span>
    </p>
   </div>
   <div class='ocr_carea' id='block_1_66' title="bbox 1857 2335 3419 2405">
    <p class='ocr_par' dir='ltr' id='par_1_66' title="bbox 1857 2335 3419 2405">
     <span class='ocr_line' id='line_1_66' title="bbox 1857 2335 3419 2405; baseline 0.004 -21"><span class='ocrx_word' id='word_1_465' title='bbox 1857 2343 1974 2384; x_wconf 75' lang='lat' dir='ltr'><strong>sunt</strong></span> <span class='ocrx_word' id='word_1_466' title='bbox 2008 2335 2238 2387; x_wconf 72' lang='lat' dir='ltr'><strong>occidere</strong></span> <span class='ocrx_word' id='word_1_467' title='bbox 2277 2353 2295 2388; x_wconf 81' lang='lat'><strong>.&#39;</strong></span> <span class='ocrx_word' id='word_1_468' title='bbox 2321 2337 2497 2388; x_wconf 77' lang='lat' dir='ltr'><strong>timete</strong></span> <span class='ocrx_word' id='word_1_469' title='bbox 2525 2336 2695 2398; x_wconf 78' lang='lat' dir='ltr'><strong>illum,</strong></span> <span class='ocrx_word' id='word_1_470' title='bbox 2740 2337 2826 2405; x_wconf 78' lang='lat' dir='ltr'><strong>qui</strong></span> <span class='ocrx_word' id='word_1_471' title='bbox 2869 2347 3034 2402; x_wconf 76' lang='lat' dir='ltr'><strong>potest</strong></span> <span class='ocrx_word' id='word_1_472' title='bbox 3084 2347 3132 2388; x_wconf 85' lang='lat' dir='ltr'><strong>et</strong></span> <span class='ocrx_word' id='word_1_473' title='bbox 3183 2339 3419 2390; x_wconf 82' lang='lat' dir='ltr'><strong>animam</strong></span> 
     </span>
    </p>
   </div>
   <div class='ocr_carea' id='block_1_67' title="bbox 1860 2426 3418 2494">
    <p class='ocr_par' dir='ltr' id='par_1_67' title="bbox 1860 2426 3418 2494">
     <span class='ocr_line' id='line_1_67' title="bbox 1860 2426 3418 2494; baseline 0 -16"><span class='ocrx_word' id='word_1_474' title='bbox 1860 2433 1906 2478; x_wconf 78' lang='lat' dir='ltr'><strong>et</strong></span> <span class='ocrx_word' id='word_1_475' title='bbox 1937 2440 2122 2492; x_wconf 76' lang='lat' dir='ltr'><strong>corpus</strong></span> <span class='ocrx_word' id='word_1_476' title='bbox 2151 2426 2363 2492; x_wconf 82' lang='lat' dir='ltr'><strong>perdere</strong></span> <span class='ocrx_word' id='word_1_477' title='bbox 2402 2428 2455 2479; x_wconf 81' lang='lat' dir='ltr'><strong>in</strong></span> <span class='ocrx_word' id='word_1_478' title='bbox 2485 2428 2770 2494; x_wconf 70' lang='lat' dir='ltr'><strong>gehennam</strong></span> <span class='ocrx_word' id='word_1_479' title='bbox 2816 2428 2853 2478; x_wconf 82' lang='lat'><strong>‘.</strong></span> <span class='ocrx_word' id='word_1_480' title='bbox 2889 2426 2984 2480; x_wconf 89' lang='lat' dir='ltr'><strong>His</strong></span> <span class='ocrx_word' id='word_1_481' title='bbox 3021 2427 3418 2481; x_wconf 73' lang='lat' dir='ltr'><strong>adhortationi-</strong></span> 
     </span>
    </p>
   </div>
   <div class='ocr_carea' id='block_1_68' title="bbox 1862 2517 3419 2587">
    <p class='ocr_par' dir='ltr' id='par_1_68' title="bbox 1862 2517 3419 2587">
     <span class='ocr_line' id='line_1_68' title="bbox 1862 2517 3419 2587; baseline 0.003 -19"><span class='ocrx_word' id='word_1_482' title='bbox 1862 2517 1963 2569; x_wconf 89' lang='lat' dir='ltr'><strong>bus</strong></span> <span class='ocrx_word' id='word_1_483' title='bbox 2022 2517 2199 2570; x_wconf 89' lang='lat' dir='ltr'><strong>bonus</strong></span> <span class='ocrx_word' id='word_1_484' title='bbox 2249 2518 2335 2571; x_wconf 87' lang='lat' dir='ltr'><strong>ille</strong></span> <span class='ocrx_word' id='word_1_485' title='bbox 2387 2523 2570 2586; x_wconf 82' lang='lat' dir='ltr'><strong>pastor</strong></span> <span class='ocrx_word' id='word_1_486' title='bbox 2613 2517 2860 2587; x_wconf 88' lang='lat' dir='ltr'><strong>proprias</strong></span> <span class='ocrx_word' id='word_1_487' title='bbox 2893 2531 3022 2570; x_wconf 90' lang='lat' dir='ltr'><strong>oves</strong></span> <span class='ocrx_word' id='word_1_488' title='bbox 3067 2519 3419 2580; x_wconf 86' lang='lat' dir='ltr'><strong>confirmans.</strong></span> 
     </span>
    </p>
   </div>
   <div class='ocr_carea' id='block_1_69' title="bbox 1864 2607 3208 2677">
    <p class='ocr_par' dir='ltr' id='par_1_69' title="bbox 1864 2607 3208 2677">
     <span class='ocr_line' id='line_1_69' title="bbox 1864 2607 3208 2677; baseline 0.001 -17"><span class='ocrx_word' id='word_1_489' title='bbox 1864 2607 2058 2660; x_wconf 84' lang='lat' dir='ltr'><strong>obtulit</strong></span> <span class='ocrx_word' id='word_1_490' title='bbox 2087 2607 2302 2661; x_wconf 82' lang='lat' dir='ltr'><strong>Christo</strong></span> <span class='ocrx_word' id='word_1_491' title='bbox 2329 2607 2436 2662; x_wconf 90' lang='lat' dir='ltr'><strong>Deo</strong></span> <span class='ocrx_word' id='word_1_492' title='bbox 2463 2609 2826 2677; x_wconf 87' lang='lat' dir='ltr'><strong>omnipotenti</strong></span> <span class='ocrx_word' id='word_1_493' title='bbox 2855 2609 3208 2662; x_wconf 88' lang='lat' dir='ltr'><strong>oblationem.</strong></span> 
     </span>
    </p>
   </div>
   <div class='ocr_carea' id='block_1_70' title="bbox 1935 2699 3423 2768">
    <p class='ocr_par' dir='ltr' id='par_1_70' title="bbox 1935 2699 3423 2768">
     <span class='ocr_line' id='line_1_70' title="bbox 1935 2699 3423 2768; baseline 0.001 -15"><span class='ocrx_word' id='word_1_494' title='bbox 1935 2699 2095 2754; x_wconf 72' lang='lat' dir='ltr'><strong>XVII.</strong></span> <span class='ocrx_word' id='word_1_495' title='bbox 2128 2702 2198 2753; x_wconf 88' lang='lat' dir='ltr'><strong>At</strong></span> <span class='ocrx_word' id='word_1_496' title='bbox 2234 2701 2429 2768; x_wconf 90' lang='lat' dir='ltr'><strong>impius</strong></span> <span class='ocrx_word' id='word_1_497' title='bbox 2454 2701 2792 2761; x_wconf 85' lang='lat' dir='ltr'><strong>Valerianus,</strong></span> <span class='ocrx_word' id='word_1_498' title='bbox 2827 2717 2948 2754; x_wconf 89' lang='lat' dir='ltr'><strong>cum</strong></span> <span class='ocrx_word' id='word_1_499' title='bbox 2980 2710 3032 2754; x_wconf 90' lang='lat' dir='ltr'><strong>et</strong></span> <span class='ocrx_word' id='word_1_500' title='bbox 3061 2701 3244 2754; x_wconf 74' lang='lat' dir='ltr'><strong>Martis</strong></span> <span class='ocrx_word' id='word_1_501' title='bbox 3290 2712 3423 2755; x_wconf 86' lang='lat' dir='ltr'><strong>tem-</strong></span> 
     </span>
    </p>
   </div>
   <div class='ocr_carea' id='block_1_71' title="bbox 1870 2790 3425 2861">
    <p class='ocr_par' dir='ltr' id='par_1_71' title="bbox 1870 2790 3425 2861">
     <span class='ocr_line' id='line_1_71' title="bbox 1870 2790 3425 2861; baseline 0.003 -18"><span class='ocrx_word' id='word_1_502' title='bbox 1870 2793 2018 2861; x_wconf 83' lang='lat' dir='ltr'><strong>plum</strong></span> <span class='ocrx_word' id='word_1_503' title='bbox 2060 2805 2311 2844; x_wconf 74' lang='lat' dir='ltr'><strong>eversum</strong></span> <span class='ocrx_word' id='word_1_504' title='bbox 2353 2791 2541 2854; x_wconf 88' lang='lat' dir='ltr'><strong>fuisse,</strong></span> <span class='ocrx_word' id='word_1_505' title='bbox 2589 2802 2645 2844; x_wconf 88' lang='lat' dir='ltr'><strong>et</strong></span> <span class='ocrx_word' id='word_1_506' title='bbox 2694 2790 3128 2847; x_wconf 86' lang='lat' dir='ltr'><strong>Christianorqu</strong></span> <span class='ocrx_word' id='word_1_507' title='bbox 3180 2795 3425 2847; x_wconf 87' lang='lat' dir='ltr'><strong>multitu-</strong></span> 
     </span>
    </p>
   </div>
   <div class='ocr_carea' id='block_1_72' title="bbox 1868 2882 3416 2952">
    <p class='ocr_par' dir='ltr' id='par_1_72' title="bbox 1868 2882 3416 2952">
     <span class='ocr_line' id='line_1_72' title="bbox 1868 2882 3416 2952; baseline 0.003 -18"><span class='ocrx_word' id='word_1_508' title='bbox 1868 2885 2047 2936; x_wconf 82' lang='lat' dir='ltr'><strong>dinem</strong></span> <span class='ocrx_word' id='word_1_509' title='bbox 2096 2899 2217 2935; x_wconf 88' lang='lat' dir='ltr'><strong>cum</strong></span> <span class='ocrx_word' id='word_1_510' title='bbox 2280 2883 2536 2952; x_wconf 75' lang='lat' dir='ltr'><strong>pontifice</strong></span> <span class='ocrx_word' id='word_1_511' title='bbox 2598 2882 2873 2951; x_wconf 86' lang='lat' dir='ltr'><strong>Stephano</strong></span> <span class='ocrx_word' id='word_1_512' title='bbox 2925 2898 3047 2936; x_wconf 88' lang='lat' dir='ltr'><strong>esse</strong></span> <span class='ocrx_word' id='word_1_513' title='bbox 3095 2883 3416 2944; x_wconf 87' lang='lat' dir='ltr'><strong>audivisset.</strong></span> 
     </span>
    </p>
   </div>
   <div class='ocr_carea' id='block_1_73' title="bbox 1871 2972 3424 3041">
    <p class='ocr_par' dir='ltr' id='par_1_73' title="bbox 1871 2972 3424 3041">
     <span class='ocr_line' id='line_1_73' title="bbox 1871 2972 3424 3041; baseline 0.003 -17"><span class='ocrx_word' id='word_1_514' title='bbox 1871 2974 2014 3026; x_wconf 85' lang='lat' dir='ltr'><strong>misit</strong></span> <span class='ocrx_word' id='word_1_515' title='bbox 2052 2972 2248 3028; x_wconf 78' lang='lat' dir='ltr'><strong>milites</strong></span> <span class='ocrx_word' id='word_1_516' title='bbox 2277 2972 2433 3041; x_wconf 83' lang='lat' dir='ltr'><strong>longe</strong></span> <span class='ocrx_word' id='word_1_517' title='bbox 2476 2972 2658 3039; x_wconf 83' lang='lat' dir='ltr'><strong>plures</strong></span> <span class='ocrx_word' id='word_1_518' title='bbox 2692 2973 2776 3026; x_wconf 91' lang='lat' dir='ltr'><strong>his</strong></span> <span class='ocrx_word' id='word_1_519' title='bbox 2827 2988 2964 3040; x_wconf 86' lang='lat' dir='ltr'><strong>quos</strong></span> <span class='ocrx_word' id='word_1_520' title='bbox 2992 2983 3149 3026; x_wconf 84' lang='lat' dir='ltr'><strong>antea</strong></span> <span class='ocrx_word' id='word_1_521' title='bbox 3181 2974 3424 3028; x_wconf 86' lang='lat' dir='ltr'><strong>miserat.</strong></span> 
     </span>
    </p>
   </div>
   <div class='ocr_carea' id='block_1_74' title="bbox 1871 3060 3424 3135">
    <p class='ocr_par' dir='ltr' id='par_1_74' title="bbox 1871 3060 3424 3135">
     <span class='ocr_line' id='line_1_74' title="bbox 1871 3060 3424 3135; baseline 0.001 -14"><span class='ocrx_word' id='word_1_522' title='bbox 1871 3067 1972 3132; x_wconf 76' lang='lat' dir='ltr'><strong>Qui</strong></span> <span class='ocrx_word' id='word_1_523' title='bbox 2009 3082 2131 3122; x_wconf 81' lang='lat' dir='ltr'><strong>eum</strong></span> <span class='ocrx_word' id='word_1_524' title='bbox 2171 3066 2468 3128; x_wconf 83' lang='lat' dir='ltr'><strong>venissent,</strong></span> <span class='ocrx_word' id='word_1_525' title='bbox 2507 3065 2834 3118; x_wconf 88' lang='lat' dir='ltr'><strong>invenerunt</strong></span> <span class='ocrx_word' id='word_1_526' title='bbox 2860 3067 3074 3118; x_wconf 90' lang='lat' dir='ltr'><strong>beatum</strong></span> <span class='ocrx_word' id='word_1_527' title='bbox 3116 3060 3424 3135; x_wconf 71' lang='lat' dir='ltr'><strong>pontiﬁcem</strong></span> 
     </span>
    </p>
   </div>
   <div class='ocr_carea' id='block_1_75' title="bbox 1875 3155 3424 3225">
    <p class='ocr_par' dir='ltr' id='par_1_75' title="bbox 1875 3155 3424 3225">
     <span class='ocr_line' id='line_1_75' title="bbox 1875 3155 3424 3225; baseline 0.001 -16"><span class='ocrx_word' id='word_1_528' title='bbox 1875 3156 2210 3225; x_wconf 76' lang='lat' dir='ltr'><strong>Stephanum</strong></span> <span class='ocrx_word' id='word_1_529' title='bbox 2262 3155 2372 3208; x_wconf 86' lang='lat' dir='ltr'><strong>Deo</strong></span> <span class='ocrx_word' id='word_1_530' title='bbox 2424 3155 2750 3209; x_wconf 88' lang='lat' dir='ltr'><strong>sacrificium</strong></span> <span class='ocrx_word' id='word_1_531' title='bbox 2803 3155 3141 3211; x_wconf 73' lang='lat' dir='ltr'><strong>offerentem.</strong></span> <span class='ocrx_word' id='word_1_532' title='bbox 3208 3159 3424 3214; x_wconf 90' lang='lat' dir='ltr'><strong>Illorum</strong></span> 
     </span>
    </p>
   </div>
   <div class='ocr_carea' id='block_1_76' title="bbox 1871 3247 3429 3319">
    <p class='ocr_par' dir='ltr' id='par_1_76' title="bbox 1871 3247 3429 3319">
     <span class='ocr_line' id='line_1_76' title="bbox 1871 3247 3429 3319; baseline 0.004 -19"><span class='ocrx_word' id='word_1_533' title='bbox 1871 3257 2051 3301; x_wconf 83' lang='lat' dir='ltr'><strong>autem</strong></span> <span class='ocrx_word' id='word_1_534' title='bbox 2078 3248 2315 3301; x_wconf 89' lang='lat' dir='ltr'><strong>adventu</strong></span> <span class='ocrx_word' id='word_1_535' title='bbox 2339 3257 2559 3301; x_wconf 89' lang='lat' dir='ltr'><strong>sanctus</strong></span> <span class='ocrx_word' id='word_1_536' title='bbox 2594 3247 2883 3319; x_wconf 85' lang='lat' dir='ltr'><strong>episcopus</strong></span> <span class='ocrx_word' id='word_1_537' title='bbox 2914 3248 3050 3302; x_wconf 88' lang='lat' dir='ltr'><strong>nihil</strong></span> <span class='ocrx_word' id='word_1_538' title='bbox 3082 3252 3429 3318; x_wconf 86' lang='lat' dir='ltr'><strong>perturbatus</strong></span> 
     </span>
    </p>
   </div>
   <div class='ocr_carea' id='block_1_77' title="bbox 1869 3339 3428 3406">
    <p class='ocr_par' dir='ltr' id='par_1_77' title="bbox 1869 3339 3428 3406">
     <span class='ocr_line' id='line_1_77' title="bbox 1869 3339 3428 3406; baseline 0.004 -16"><span class='ocrx_word' id='word_1_539' title='bbox 1869 3349 1973 3402; x_wconf 81' lang='lat' dir='ltr'><strong>e5t,</strong></span> <span class='ocrx_word' id='word_1_540' title='bbox 2023 3339 2116 3390; x_wconf 87' lang='lat' dir='ltr'><strong>sed</strong></span> <span class='ocrx_word' id='word_1_541' title='bbox 2157 3339 2450 3406; x_wconf 81' lang='lat' dir='ltr'><strong>tranquillo</strong></span> <span class='ocrx_word' id='word_1_542' title='bbox 2484 3347 2539 3391; x_wconf 86' lang='lat' dir='ltr'><strong>et</strong></span> <span class='ocrx_word' id='word_1_543' title='bbox 2594 3339 2780 3406; x_wconf 83' lang='lat' dir='ltr'><strong>quieto</strong></span> <span class='ocrx_word' id='word_1_544' title='bbox 2833 3341 3016 3392; x_wconf 90' lang='lat' dir='ltr'><strong>animo</strong></span> <span class='ocrx_word' id='word_1_545' title='bbox 3063 3339 3279 3395; x_wconf 86' lang='lat' dir='ltr'><strong>Christo</strong></span> <span class='ocrx_word' id='word_1_546' title='bbox 3321 3343 3428 3396; x_wconf 80' lang='lat' dir='ltr'><strong>Deo</strong></span> 
     </span>
    </p>
   </div>
   <div class='ocr_carea' id='block_1_78' title="bbox 1871 3429 3430 3500">
    <p class='ocr_par' dir='ltr' id='par_1_78' title="bbox 1871 3429 3430 3500">
     <span class='ocr_line' id='line_1_78' title="bbox 1871 3429 3430 3500; baseline 0.004 -18"><span class='ocrx_word' id='word_1_547' title='bbox 1871 3429 2194 3483; x_wconf 87' lang='lat' dir='ltr'><strong>sacrificium</strong></span> <span class='ocrx_word' id='word_1_548' title='bbox 2227 3430 2445 3493; x_wconf 88' lang='lat' dir='ltr'><strong>obtulit,</strong></span> <span class='ocrx_word' id='word_1_549' title='bbox 2492 3440 2653 3498; x_wconf 87' lang='lat' dir='ltr'><strong>atque</strong></span> <span class='ocrx_word' id='word_1_550' title='bbox 2694 3429 2895 3484; x_wconf 90' lang='lat' dir='ltr'><strong>ibidem</strong></span> <span class='ocrx_word' id='word_1_551' title='bbox 2927 3431 3107 3500; x_wconf 89' lang='lat' dir='ltr'><strong>capite</strong></span> <span class='ocrx_word' id='word_1_552' title='bbox 3139 3434 3430 3489; x_wconf 86' lang='lat' dir='ltr'><strong>obtrunca-</strong></span> 
     </span>
    </p>
   </div>
   <div class='ocr_carea' id='block_1_79' title="bbox 1871 3522 3427 3593">
    <p class='ocr_par' dir='ltr' id='par_1_79' title="bbox 1871 3522 3427 3593">
     <span class='ocr_line' id='line_1_79' title="bbox 1871 3522 3427 3593; baseline 0.001 -18"><span class='ocrx_word' id='word_1_553' title='bbox 1871 3531 1960 3576; x_wconf 92' lang='lat' dir='ltr'><strong>tus</strong></span> <span class='ocrx_word' id='word_1_554' title='bbox 1995 3531 2098 3586; x_wconf 88' lang='lat' dir='ltr'><strong>est,</strong></span> <span class='ocrx_word' id='word_1_555' title='bbox 2142 3531 2338 3589; x_wconf 88' lang='lat' dir='ltr'><strong>quarto</strong></span> <span class='ocrx_word' id='word_1_556' title='bbox 2382 3522 2565 3576; x_wconf 83' lang='lat' dir='ltr'><strong>Nonas</strong></span> <span class='ocrx_word' id='word_1_557' title='bbox 2622 3523 2872 3593; x_wconf 78' lang='lat' dir='ltr'><strong>Augusti.</strong></span> <span class='ocrx_word' id='word_1_558' title='bbox 2930 3524 3221 3578; x_wconf 87' lang='lat' dir='ltr'><strong>Christiani</strong></span> <span class='ocrx_word' id='word_1_559' title='bbox 3276 3543 3427 3588; x_wconf 83' lang='lat' dir='ltr'><strong>vero,</strong></span> 
     </span>
    </p>
   </div>
   <div class='ocr_carea' id='block_1_80' title="bbox 1868 3612 3425 3682">
    <p class='ocr_par' dir='ltr' id='par_1_80' title="bbox 1868 3612 3425 3682">
     <span class='ocr_line' id='line_1_80' title="bbox 1868 3612 3425 3682; baseline 0.003 -18"><span class='ocrx_word' id='word_1_560' title='bbox 1868 3613 1959 3682; x_wconf 89' lang='lat' dir='ltr'><strong>qui</strong></span> <span class='ocrx_word' id='word_1_561' title='bbox 1982 3621 2138 3666; x_wconf 88' lang='lat' dir='ltr'><strong>erant</strong></span> <span class='ocrx_word' id='word_1_562' title='bbox 2163 3612 2288 3675; x_wconf 89' lang='lat' dir='ltr'><strong>illic,</strong></span> <span class='ocrx_word' id='word_1_563' title='bbox 2309 3627 2430 3663; x_wconf 86' lang='lat' dir='ltr'><strong>enm</strong></span> <span class='ocrx_word' id='word_1_564' title='bbox 2453 3625 2510 3664; x_wconf 82' lang='lat' dir='ltr'><strong>se</strong></span> <span class='ocrx_word' id='word_1_565' title='bbox 2539 3612 2629 3664; x_wconf 88' lang='lat' dir='ltr'><strong>tali</strong></span> <span class='ocrx_word' id='word_1_566' title='bbox 2657 3623 2875 3680; x_wconf 81' lang='lat' dir='ltr'><strong>pastore</strong></span> <span class='ocrx_word' id='word_1_567' title='bbox 2902 3615 3121 3668; x_wconf 87' lang='lat' dir='ltr'><strong>orbatos</strong></span> <span class='ocrx_word' id='word_1_568' title='bbox 3145 3616 3425 3679; x_wconf 85' lang='lat' dir='ltr'><strong>vidissent,</strong></span> 
     </span>
    </p>
   </div>
   <div class='ocr_carea' id='block_1_81' title="bbox 1871 3694 3430 3772">
    <p class='ocr_par' dir='ltr' id='par_1_81' title="bbox 1871 3694 3430 3772">
     <span class='ocr_line' id='line_1_81' title="bbox 1871 3694 3430 3772; baseline 0.004 -18"><span class='ocrx_word' id='word_1_569' title='bbox 1871 3704 2066 3756; x_wconf 89' lang='lat' dir='ltr'><strong>multas</strong></span> <span class='ocrx_word' id='word_1_570' title='bbox 2099 3704 2360 3772; x_wconf 80' lang='lat' dir='ltr'><strong>lacrymas</strong></span> <span class='ocrx_word' id='word_1_571' title='bbox 2395 3694 2728 3756; x_wconf 75' lang='lat' dir='ltr'><strong>effuderunt.</strong></span> <span class='ocrx_word' id='word_1_572' title='bbox 2775 3702 2908 3771; x_wconf 78' lang='lat' dir='ltr'><strong>Ejus</strong></span> <span class='ocrx_word' id='word_1_573' title='bbox 2939 3714 3122 3758; x_wconf 88' lang='lat' dir='ltr'><strong>autem</strong></span> <span class='ocrx_word' id='word_1_574' title='bbox 3167 3720 3430 3760; x_wconf 79' lang='lat' dir='ltr'><strong>veneran-</strong></span> 
     </span>
    </p>
   </div>
   <div class='ocr_carea' id='block_1_82' title="bbox 1876 3793 3428 3865">
    <p class='ocr_par' dir='ltr' id='par_1_82' title="bbox 1876 3793 3428 3865">
     <span class='ocr_line' id='line_1_82' title="bbox 1876 3793 3428 3865; baseline 0.003 -18"><span class='ocrx_word' id='word_1_575' title='bbox 1876 3794 2004 3848; x_wconf 87' lang='lat' dir='ltr'><strong>dum</strong></span> <span class='ocrx_word' id='word_1_576' title='bbox 2047 3808 2247 3861; x_wconf 87' lang='lat' dir='ltr'><strong>corpus</strong></span> <span class='ocrx_word' id='word_1_577' title='bbox 2317 3795 2371 3846; x_wconf 90' lang='lat' dir='ltr'><strong>in</strong></span> <span class='ocrx_word' id='word_1_578' title='bbox 2429 3793 2515 3846; x_wconf 90' lang='lat' dir='ltr'><strong>illa</strong></span> <span class='ocrx_word' id='word_1_579' title='bbox 2568 3794 2755 3847; x_wconf 88' lang='lat' dir='ltr'><strong>eadem</strong></span> <span class='ocrx_word' id='word_1_580' title='bbox 2798 3805 2982 3864; x_wconf 85' lang='lat' dir='ltr'><strong>crypta</strong></span> <span class='ocrx_word' id='word_1_581' title='bbox 3035 3795 3428 3865; x_wconf 84' lang='lat' dir='ltr'><strong>deposuerunt.</strong></span> 
     </span>
    </p>
   </div>
   <div class='ocr_carea' id='block_1_83' title="bbox 1875 3885 3427 3958">
    <p class='ocr_par' dir='ltr' id='par_1_83' title="bbox 1875 3885 3427 3958">
     <span class='ocr_line' id='line_1_83' title="bbox 1875 3885 3427 3958; baseline 0.002 -18"><span class='ocrx_word' id='word_1_582' title='bbox 1875 3887 1962 3940; x_wconf 87' lang='lat' dir='ltr'><strong>ubi</strong></span> <span class='ocrx_word' id='word_1_583' title='bbox 1995 3895 2049 3940; x_wconf 89' lang='lat' dir='ltr'><strong>et</strong></span> <span class='ocrx_word' id='word_1_584' title='bbox 2083 3885 2201 3956; x_wconf 84' lang='lat' dir='ltr'><strong>ejus</strong></span> <span class='ocrx_word' id='word_1_585' title='bbox 2243 3887 2461 3954; x_wconf 83' lang='lat' dir='ltr'><strong>sanguis</strong></span> <span class='ocrx_word' id='word_1_586' title='bbox 2496 3885 2703 3938; x_wconf 79' lang='lat' dir='ltr'><strong>effusus</strong></span> <span class='ocrx_word' id='word_1_587' title='bbox 2750 3887 2946 3948; x_wconf 74' lang='lat' dir='ltr'><strong>fuerat,</strong></span> <span class='ocrx_word' id='word_1_588' title='bbox 2986 3888 3041 3938; x_wconf 88' lang='lat' dir='ltr'><strong>in</strong></span> <span class='ocrx_word' id='word_1_589' title='bbox 3094 3890 3178 3940; x_wconf 85' lang='lat' dir='ltr'><strong>via</strong></span> <span class='ocrx_word' id='word_1_590' title='bbox 3233 3891 3427 3958; x_wconf 80' lang='lat' dir='ltr'><strong>Appia,</strong></span> 
     </span>
    </p>
   </div>
   <div class='ocr_carea' id='block_1_84' title="bbox 1872 3978 3356 4052">
    <p class='ocr_par' dir='ltr' id='par_1_84' title="bbox 1872 3978 3356 4052">
     <span class='ocr_line' id='line_1_84' title="bbox 1872 3978 3356 4052; baseline 0.003 -21"><span class='ocrx_word' id='word_1_591' title='bbox 1872 3980 1922 4033; x_wconf 94' lang='lat' dir='ltr'><strong>in</strong></span> <span class='ocrx_word' id='word_1_592' title='bbox 1954 3996 2056 4046; x_wconf 86' lang='lat' dir='ltr'><strong>qua</strong></span> <span class='ocrx_word' id='word_1_593' title='bbox 2094 3989 2293 4050; x_wconf 87' lang='lat' dir='ltr'><strong>martyr</strong></span> <span class='ocrx_word' id='word_1_594' title='bbox 2332 3978 2418 4033; x_wconf 85' lang='lat' dir='ltr'><strong>ille</strong></span> <span class='ocrx_word' id='word_1_595' title='bbox 2443 3979 2611 4032; x_wconf 91' lang='lat' dir='ltr'><strong>multa</strong></span> <span class='ocrx_word' id='word_1_596' title='bbox 2644 3992 2765 4031; x_wconf 90' lang='lat' dir='ltr'><strong>cum</strong></span> <span class='ocrx_word' id='word_1_597' title='bbox 2798 3991 2928 4046; x_wconf 81' lang='lat' dir='ltr'><strong>pace</strong></span> <span class='ocrx_word' id='word_1_598' title='bbox 2961 3981 3223 4049; x_wconf 79' lang='lat' dir='ltr'><strong>requievit</strong></span> <span class='ocrx_word' id='word_1_599' title='bbox 3257 3981 3356 4052; x_wconf 89' lang='lat' dir='ltr'><strong>(l).</strong></span> 
     </span>
    </p>
   </div>
   <div class='ocr_carea' id='block_1_85' title="bbox 1948 4068 3429 4133">
    <p class='ocr_par' dir='ltr' id='par_1_85' title="bbox 1948 4068 3429 4133">
     <span class='ocr_line' id='line_1_85' title="bbox 1948 4068 3429 4133; baseline 0.005 -7"><span class='ocrx_word' id='word_1_600' title='bbox 1948 4071 2134 4126; x_wconf 71' lang='lat' dir='ltr'><strong>XVIII.</strong></span> <span class='ocrx_word' id='word_1_601' title='bbox 2198 4073 2398 4127; x_wconf 81' lang='lat' dir='ltr'><strong>Eodem</strong></span> <span class='ocrx_word' id='word_1_602' title='bbox 2455 4074 2541 4127; x_wconf 89' lang='lat' dir='ltr'><strong>die</strong></span> <span class='ocrx_word' id='word_1_603' title='bbox 2611 4068 2810 4126; x_wconf 79' lang='lat' dir='ltr'><strong>miiites</strong></span> <span class='ocrx_word' id='word_1_604' title='bbox 2862 4072 3128 4126; x_wconf 89' lang='lat' dir='ltr'><strong>idolorum</strong></span> <span class='ocrx_word' id='word_1_605' title='bbox 3190 4078 3429 4133; x_wconf 76' lang='lat' dir='ltr'><strong>cultores</strong></span> 
     </span>
    </p>
   </div>
   <div class='ocr_carea' id='block_1_86' title="bbox 1868 4164 3428 4233">
    <p class='ocr_par' dir='ltr' id='par_1_86' title="bbox 1868 4164 3428 4233">
     <span class='ocr_line' id='line_1_86' title="bbox 1868 4164 3428 4233; baseline 0.004 -17"><span class='ocrx_word' id='word_1_606' title='bbox 1868 4165 2153 4217; x_wconf 88' lang='lat' dir='ltr'><strong>diaconum</strong></span> <span class='ocrx_word' id='word_1_607' title='bbox 2215 4165 2288 4232; x_wconf 73' lang='grc'><strong>(2)</strong></span> <span class='ocrx_word' id='word_1_608' title='bbox 2329 4167 2614 4231; x_wconf 87' lang='lat' dir='ltr'><strong>quemdam</strong></span> <span class='ocrx_word' id='word_1_609' title='bbox 2701 4164 3045 4233; x_wconf 83' lang='lat' dir='ltr'><strong>invenerunt,</strong></span> <span class='ocrx_word' id='word_1_610' title='bbox 3098 4167 3428 4226; x_wconf 88' lang='lat' dir='ltr'><strong>Tharsitium</strong></span> 
     </span>
    </p>
   </div>
   <div class='ocr_carea' id='block_1_87' title="bbox 1869 4257 3427 4328">
    <p class='ocr_par' dir='ltr' id='par_1_87' title="bbox 1869 4257 3427 4328">
     <span class='ocr_line' id='line_1_87' title="bbox 1869 4257 3427 4328; baseline 0.001 -16"><span class='ocrx_word' id='word_1_611' title='bbox 1869 4257 2114 4319; x_wconf 87' lang='lat' dir='ltr'><strong>nomine,</strong></span> <span class='ocrx_word' id='word_1_612' title='bbox 2165 4257 2258 4326; x_wconf 87' lang='lat' dir='ltr'><strong>qui</strong></span> <span class='ocrx_word' id='word_1_613' title='bbox 2309 4257 2654 4326; x_wconf 86' lang='lat' dir='ltr'><strong>purissimum</strong></span> <span class='ocrx_word' id='word_1_614' title='bbox 2707 4260 2905 4313; x_wconf 86' lang='lat' dir='ltr'><strong>Christi</strong></span> <span class='ocrx_word' id='word_1_615' title='bbox 2954 4277 3151 4328; x_wconf 86' lang='lat' dir='ltr'><strong>corpus</strong></span> <span class='ocrx_word' id='word_1_616' title='bbox 3203 4262 3427 4317; x_wconf 83' lang='lat' dir='ltr'><strong>ferebat.</strong></span> 
     </span>
    </p>
   </div>
   <div class='ocr_carea' id='block_1_88' title="bbox 1870 4349 3434 4422">
    <p class='ocr_par' dir='ltr' id='par_1_88' title="bbox 1870 4349 3434 4422">
     <span class='ocr_line' id='line_1_88' title="bbox 1870 4349 3434 4422; baseline -0.001 -15"><span class='ocrx_word' id='word_1_617' title='bbox 1870 4351 2417 4421; x_wconf 84' lang='lat' dir='ltr'><strong>Comprehendcrunt</strong></span> <span class='ocrx_word' id='word_1_618' title='bbox 2471 4350 2637 4420; x_wconf 81' lang='lat' dir='ltr'><strong>igitur</strong></span> <span class='ocrx_word' id='word_1_619' title='bbox 2686 4349 2837 4405; x_wconf 89' lang='lat' dir='ltr'><strong>illum</strong></span> <span class='ocrx_word' id='word_1_620' title='bbox 2888 4352 3090 4405; x_wconf 82' lang='lat' dir='ltr'><strong>milites</strong></span> <span class='ocrx_word' id='word_1_621' title='bbox 3141 4369 3152 4403; x_wconf 93' lang='lat'>:</span> <span class='ocrx_word' id='word_1_622' title='bbox 3204 4368 3434 4422; x_wconf 69' lang='lat' dir='ltr'><strong>curmuo</strong></span> 
     </span>
    </p>
   </div>
   <div class='ocr_carea' id='block_1_89' title="bbox 1871 4446 3429 4516">
    <p class='ocr_par' dir='ltr' id='par_1_89' title="bbox 1871 4446 3429 4516">
     <span class='ocr_line' id='line_1_89' title="bbox 1871 4446 3429 4516; baseline 0.001 -16"><span class='ocrx_word' id='word_1_623' title='bbox 1871 4447 2142 4500; x_wconf 85' lang='lat' dir='ltr'><strong>curiosius</strong></span> <span class='ocrx_word' id='word_1_624' title='bbox 2178 4446 2246 4498; x_wconf 88' lang='lat' dir='ltr'><strong>ab</strong></span> <span class='ocrx_word' id='word_1_625' title='bbox 2268 4461 2333 4498; x_wconf 91' lang='lat' dir='ltr'><strong>eo</strong></span> <span class='ocrx_word' id='word_1_626' title='bbox 2363 4446 2722 4513; x_wconf 86' lang='lat' dir='ltr'><strong>inquirerent,</strong></span> <span class='ocrx_word' id='word_1_627' title='bbox 2747 4448 3216 4516; x_wconf 75' lang='lat' dir='ltr'><strong>quidnamsecum</strong></span> <span class='ocrx_word' id='word_1_628' title='bbox 3238 4447 3429 4509; x_wconf 86' lang='lat' dir='ltr'><strong>ferret.</strong></span> 
     </span>
    </p>
   </div>
   <div class='ocr_carea' id='block_1_90' title="bbox 199 4521 3431 4607">
    <p class='ocr_par' dir='ltr' id='par_1_90' title="bbox 199 4521 3431 4607">
     <span class='ocr_line' id='line_1_90' title="bbox 199 4521 3431 4607; baseline 0.004 -27"><span class='ocrx_word' id='word_1_629' title='bbox 199 4532 426 4580; x_wconf 81' lang='lat' dir='ltr'><strong>sanctus</strong></span> <span class='ocrx_word' id='word_1_630' title='bbox 455 4522 739 4592; x_wconf 83' lang='lat' dir='ltr'><strong>episcopus</strong></span> <span class='ocrx_word' id='word_1_631' title='bbox 767 4521 1079 4592; x_wconf 90' lang='lat' dir='ltr'><strong>Stephanus</strong></span> <span class='ocrx_word' id='word_1_632' title='bbox 1133 4532 1415 4596; x_wconf 87' lang='lat' dir='ltr'><strong>respondit</strong></span> <span class='ocrx_word' id='word_1_633' title='bbox 1447 4551 1458 4586; x_wconf 92' lang='lat'><strong>:</strong></span> <span class='ocrx_word' id='word_1_634' title='bbox 1487 4532 1594 4602; x_wconf 86' lang='lat' dir='ltr'><strong>Ego</strong></span> <span class='ocrx_word' id='word_1_635' title='bbox 1627 4550 1768 4587; x_wconf 78' lang='lat' dir='ltr'><strong>rem-</strong></span> <span class='ocrx_word' id='word_1_636' title='bbox 1804 4543 1842 4595; x_wconf 86' lang='grc' dir='ltr'><strong>ι)</strong></span> <span class='ocrx_word' id='word_1_637' title='bbox 1874 4546 1929 4589; x_wconf 90' lang='lat' dir='ltr'><strong>et</strong></span> <span class='ocrx_word' id='word_1_638' title='bbox 1958 4537 2074 4604; x_wconf 85' lang='lat' dir='ltr'><strong>ipse</strong></span> <span class='ocrx_word' id='word_1_639' title='bbox 2105 4536 2382 4605; x_wconf 88' lang='lat' dir='ltr'><strong>indignum</strong></span> <span class='ocrx_word' id='word_1_640' title='bbox 2415 4537 2684 4604; x_wconf 87' lang='lat' dir='ltr'><strong>judicaret</strong></span> <span class='ocrx_word' id='word_1_641' title='bbox 2713 4547 2839 4591; x_wconf 88' lang='lat' dir='ltr'><strong>ante</strong></span> <span class='ocrx_word' id='word_1_642' title='bbox 2871 4553 3065 4605; x_wconf 88' lang='lat' dir='ltr'><strong>porcos</strong></span> <span class='ocrx_word' id='word_1_643' title='bbox 3112 4539 3431 4607; x_wconf 82' lang='lat' dir='ltr'><strong>margaritas</strong></span> 
     </span>
    </p>
   </div>
   <div class='ocr_carea' id='block_1_91' title="bbox 201 4617 1769 4690">
    <p class='ocr_par' dir='ltr' id='par_1_91' title="bbox 201 4617 1769 4690">
     <span class='ocr_line' id='line_1_91' title="bbox 201 4617 1769 4690; baseline 0.005 -18"><span class='ocrx_word' id='word_1_644' title='bbox 201 4617 477 4690; x_wconf 85' lang='lat' dir='ltr'><strong>publicam</strong></span> <span class='ocrx_word' id='word_1_645' title='bbox 536 4631 645 4670; x_wconf 87' lang='lat' dir='ltr'><strong>non</strong></span> <span class='ocrx_word' id='word_1_646' title='bbox 687 4617 968 4688; x_wconf 88' lang='lat' dir='ltr'><strong>perturbo,</strong></span> <span class='ocrx_word' id='word_1_647' title='bbox 1024 4617 1118 4672; x_wconf 90' lang='lat' dir='ltr'><strong>sed</strong></span> <span class='ocrx_word' id='word_1_648' title='bbox 1174 4619 1444 4675; x_wconf 86' lang='lat' dir='ltr'><strong>admoneo</strong></span> <span class='ocrx_word' id='word_1_649' title='bbox 1478 4635 1532 4677; x_wconf 91' lang='lat' dir='ltr'><strong>et</strong></span> <span class='ocrx_word' id='word_1_650' title='bbox 1583 4625 1769 4680; x_wconf 81' lang='lat' dir='ltr'><strong>hortor</strong></span> 
     </span>
    </p>
   </div>
   <div class='ocr_carea' id='block_1_92' title="bbox 201 4707 1771 4784">
    <p class='ocr_par' dir='ltr' id='par_1_92' title="bbox 201 4707 1771 4784">
     <span class='ocr_line' id='line_1_92' title="bbox 201 4707 1771 4784; baseline 0.006 -21"><span class='ocrx_word' id='word_1_651' title='bbox 201 4723 398 4763; x_wconf 84' lang='lat' dir='ltr'><strong>omnes</strong></span> <span class='ocrx_word' id='word_1_652' title='bbox 427 4707 694 4769; x_wconf 88' lang='lat' dir='ltr'><strong>homines,</strong></span> <span class='ocrx_word' id='word_1_653' title='bbox 727 4718 786 4761; x_wconf 89' lang='lat' dir='ltr'><strong>ut</strong></span> <span class='ocrx_word' id='word_1_654' title='bbox 815 4709 1090 4763; x_wconf 88' lang='lat' dir='ltr'><strong>derelictis</strong></span> <span class='ocrx_word' id='word_1_655' title='bbox 1120 4709 1485 4780; x_wconf 67' lang='lat' dir='ltr'><strong>daemonibus,</strong></span> <span class='ocrx_word' id='word_1_656' title='bbox 1518 4717 1608 4784; x_wconf 91' lang='lat' dir='ltr'><strong>qui</strong></span> <span class='ocrx_word' id='word_1_657' title='bbox 1637 4718 1771 4772; x_wconf 90' lang='lat' dir='ltr'><strong>ado-</strong></span> 
     </span>
    </p>
   </div>
   <div class='ocr_carea' id='block_1_93' title="bbox 204 4797 1767 4866">
    <p class='ocr_par' dir='ltr' id='par_1_93' title="bbox 204 4797 1767 4866">
     <span class='ocr_line' id='line_1_93' title="bbox 204 4797 1767 4866; baseline 0.008 -14"><span class='ocrx_word' id='word_1_658' title='bbox 204 4807 399 4853; x_wconf 88' lang='lat' dir='ltr'><strong>rantur</strong></span> <span class='ocrx_word' id='word_1_659' title='bbox 447 4797 500 4851; x_wconf 92' lang='lat' dir='ltr'><strong>in</strong></span> <span class='ocrx_word' id='word_1_660' title='bbox 533 4797 652 4850; x_wconf 81' lang='lat' dir='ltr'><strong>istis</strong></span> <span class='ocrx_word' id='word_1_661' title='bbox 687 4799 881 4851; x_wconf 84' lang='lat' dir='ltr'><strong>vestris</strong></span> <span class='ocrx_word' id='word_1_662' title='bbox 938 4800 1117 4866; x_wconf 89' lang='lat' dir='ltr'><strong>idolis,</strong></span> <span class='ocrx_word' id='word_1_663' title='bbox 1154 4803 1220 4857; x_wconf 77' lang='lat' dir='ltr'><strong>ad</strong></span> <span class='ocrx_word' id='word_1_664' title='bbox 1261 4819 1448 4858; x_wconf 90' lang='lat' dir='ltr'><strong>verum</strong></span> <span class='ocrx_word' id='word_1_665' title='bbox 1515 4806 1678 4861; x_wconf 89' lang='lat' dir='ltr'><strong>Deum</strong></span> <span class='ocrx_word' id='word_1_666' title='bbox 1710 4825 1767 4863; x_wconf 90' lang='lat' dir='ltr'><strong>se</strong></span> 
     </span>
    </p>
   </div>
   <div class='ocr_carea' id='block_1_94' title="bbox 201 4887 1764 4959">
    <p class='ocr_par' dir='ltr' id='par_1_94' title="bbox 201 4887 1764 4959">
     <span class='ocr_line' id='line_1_94' title="bbox 201 4887 1764 4959; baseline 0.006 -17"><span class='ocrx_word' id='word_1_667' title='bbox 201 4897 553 4946; x_wconf 86' lang='lat' dir='ltr'><strong>convertant.</strong></span> <span class='ocrx_word' id='word_1_668' title='bbox 595 4887 754 4959; x_wconf 88' lang='lat' dir='ltr'><strong>Ergo,</strong></span> <span class='ocrx_word' id='word_1_669' title='bbox 789 4888 964 4955; x_wconf 91' lang='lat' dir='ltr'><strong>inquit</strong></span> <span class='ocrx_word' id='word_1_670' title='bbox 996 4891 1338 4957; x_wconf 82' lang='lat' dir='ltr'><strong>Valerianus,</strong></span> <span class='ocrx_word' id='word_1_671' title='bbox 1372 4905 1427 4948; x_wconf 80' lang='lat' dir='ltr'><strong>tu</strong></span> <span class='ocrx_word' id='word_1_672' title='bbox 1460 4899 1644 4950; x_wconf 86' lang='lat' dir='ltr'><strong>statim</strong></span> <span class='ocrx_word' id='word_1_673' title='bbox 1680 4899 1764 4952; x_wconf 86' lang='lat' dir='ltr'><strong>in-</strong></span> 
     </span>
    </p>
   </div>
   <div class='ocr_carea' id='block_1_95' title="bbox 203 4978 1761 5057">
    <p class='ocr_par' dir='ltr' id='par_1_95' title="bbox 203 4978 1761 5057">
     <span class='ocr_line' id='line_1_95' title="bbox 203 4978 1761 5057; baseline 0.004 -23"><span class='ocrx_word' id='word_1_674' title='bbox 203 4978 563 5034; x_wconf 84' lang='lat' dir='ltr'><strong>terficiendus</strong></span> <span class='ocrx_word' id='word_1_675' title='bbox 589 4996 669 5044; x_wconf 89' lang='lat' dir='ltr'><strong>es,</strong></span> <span class='ocrx_word' id='word_1_676' title='bbox 716 4991 776 5034; x_wconf 91' lang='lat' dir='ltr'><strong>ut</strong></span> <span class='ocrx_word' id='word_1_677' title='bbox 810 4980 900 5033; x_wconf 91' lang='lat' dir='ltr'><strong>alii</strong></span> <span class='ocrx_word' id='word_1_678' title='bbox 939 4984 1189 5053; x_wconf 78' lang='lat' dir='ltr'><strong>exemplo</strong></span> <span class='ocrx_word' id='word_1_679' title='bbox 1225 4993 1319 5039; x_wconf 92' lang='lat' dir='ltr'><strong>tuo</strong></span> <span class='ocrx_word' id='word_1_680' title='bbox 1366 4990 1761 5057; x_wconf 79' lang='lat' dir='ltr'><strong>perterrefacti,</strong></span> 
     </span>
    </p>
   </div>
   <div class='ocr_carea' id='block_1_96' title="bbox 203 5071 1760 5152">
    <p class='ocr_par' dir='ltr' id='par_1_96' title="bbox 203 5071 1760 5152">
     <span class='ocr_line' id='line_1_96' title="bbox 203 5071 1760 5152; baseline 0.006 -26"><span class='ocrx_word' id='word_1_681' title='bbox 203 5071 532 5140; x_wconf 82' lang='lat' dir='ltr'><strong>resipiscam</strong></span> <span class='ocrx_word' id='word_1_682' title='bbox 565 5080 620 5123; x_wconf 93' lang='lat' dir='ltr'><strong>et</strong></span> <span class='ocrx_word' id='word_1_683' title='bbox 653 5075 855 5126; x_wconf 82' lang='lat' dir='ltr'><strong>vivant.</strong></span> <span class='ocrx_word' id='word_1_684' title='bbox 892 5071 985 5128; x_wconf 91' lang='lat' dir='ltr'><strong>His</strong></span> <span class='ocrx_word' id='word_1_685' title='bbox 1018 5075 1202 5143; x_wconf 89' lang='lat' dir='ltr'><strong>dictis,</strong></span> <span class='ocrx_word' id='word_1_686' title='bbox 1233 5080 1395 5149; x_wconf 81' lang='lat' dir='ltr'><strong>jussit</strong></span> <span class='ocrx_word' id='word_1_687' title='bbox 1425 5081 1476 5134; x_wconf 92' lang='lat' dir='ltr'><strong>in</strong></span> <span class='ocrx_word' id='word_1_688' title='bbox 1503 5082 1760 5152; x_wconf 87' lang='lat' dir='ltr'><strong>templum</strong></span> 
     </span>
    </p>
   </div>
   <div class='ocr_carea' id='block_1_97' title="bbox 204 5162 1765 5242">
    <p class='ocr_par' dir='ltr' id='par_1_97' title="bbox 204 5162 1765 5242">
     <span class='ocr_line' id='line_1_97' title="bbox 204 5162 1765 5242; baseline 0.008 -27"><span class='ocrx_word' id='word_1_689' title='bbox 204 5164 392 5217; x_wconf 77' lang='lat' dir='ltr'><strong>Martis</strong></span> <span class='ocrx_word' id='word_1_690' title='bbox 444 5162 778 5234; x_wconf 86' lang='lat' dir='ltr'><strong>Stephanum</strong></span> <span class='ocrx_word' id='word_1_691' title='bbox 847 5168 1158 5234; x_wconf 86' lang='lat' dir='ltr'><strong>pontificem</strong></span> <span class='ocrx_word' id='word_1_692' title='bbox 1229 5171 1378 5234; x_wconf 93' lang='lat' dir='ltr'><strong>duci,</strong></span> <span class='ocrx_word' id='word_1_693' title='bbox 1436 5183 1597 5242; x_wconf 89' lang='lat' dir='ltr'><strong>atque</strong></span> <span class='ocrx_word' id='word_1_694' title='bbox 1654 5173 1765 5228; x_wconf 93' lang='lat' dir='ltr'><strong>illic</strong></span> 
     </span>
    </p>
   </div>
   <div class='ocr_carea' id='block_1_98' title="bbox 206 5257 1765 5335">
    <p class='ocr_par' dir='ltr' id='par_1_98' title="bbox 206 5257 1765 5335">
     <span class='ocr_line' id='line_1_98' title="bbox 206 5257 1765 5335; baseline 0.003 -22"><span class='ocrx_word' id='word_1_695' title='bbox 206 5258 540 5313; x_wconf 66' lang='lat' dir='ltr'><strong>sententiam</strong></span> <span class='ocrx_word' id='word_1_696' title='bbox 570 5257 634 5311; x_wconf 81' lang='lat' dir='ltr'><strong>de</strong></span> <span class='ocrx_word' id='word_1_697' title='bbox 685 5257 772 5311; x_wconf 85' lang='lat' dir='ltr'><strong>illo</strong></span> <span class='ocrx_word' id='word_1_698' title='bbox 829 5261 1193 5328; x_wconf 86' lang='lat' dir='ltr'><strong>pronuntiari.</strong></span> <span class='ocrx_word' id='word_1_699' title='bbox 1233 5263 1438 5319; x_wconf 80' lang='lat' dir='ltr'><strong>Ductus</strong></span> <span class='ocrx_word' id='word_1_700' title='bbox 1482 5277 1562 5320; x_wconf 85' lang='lat' dir='ltr'><strong>est</strong></span> <span class='ocrx_word' id='word_1_701' title='bbox 1603 5266 1765 5335; x_wconf 79' lang='lat' dir='ltr'><strong>igitur</strong></span> 
     </span>
    </p>
   </div>
   <div class='ocr_carea' id='block_1_99' title="bbox 317 5435 754 5496">
    <p class='ocr_par' dir='ltr' id='par_1_99' title="bbox 317 5435 754 5496">
     <span class='ocr_line' id='line_1_99' title="bbox 317 5435 754 5496; baseline 0.002 -9"><span class='ocrx_word' id='word_1_702' title='bbox 317 5440 331 5469; x_wconf 85' lang='lat'>&#39;</span> <span class='ocrx_word' id='word_1_703' title='bbox 368 5435 552 5489; x_wconf 74' lang='lat' dir='ltr'><strong>Matth.</strong></span> <span class='ocrx_word' id='word_1_704' title='bbox 587 5455 636 5496; x_wconf 69' lang='grc' dir='ltr'><strong>κ.</strong></span> <span class='ocrx_word' id='word_1_705' title='bbox 664 5438 754 5493; x_wconf 72' lang='grc'><strong>28.</strong></span> 
     </span>
    </p>
   </div>
   <div class='ocr_carea' id='block_1_100' title="bbox 283 5593 1760 5667">
    <p class='ocr_par' dir='ltr' id='par_1_100' title="bbox 283 5593 1760 5667">
     <span class='ocr_line' id='line_1_100' title="bbox 283 5593 1760 5667; baseline -0.004 -15"><span class='ocrx_word' id='word_1_706' title='bbox 283 5597 360 5667; x_wconf 75' lang='grc'><strong>(1)</strong></span> <span class='ocrx_word' id='word_1_707' title='bbox 391 5597 512 5652; x_wconf 83' lang='lat' dir='ltr'><strong>Lat.</strong></span> <span class='ocrx_word' id='word_1_708' title='bbox 532 5595 665 5667; x_wconf 84' lang='lat' dir='ltr'><strong>cod.</strong></span> <span class='ocrx_word' id='word_1_709' title='bbox 693 5613 721 5667; x_wconf 77' lang='lat' dir='ltr'><strong>_t</strong></span> <span class='ocrx_word' id='word_1_710' title='bbox 758 5593 1079 5662; x_wconf 67' lang='lat' dir='ltr'><strong>Sepelierunt</strong></span> <span class='ocrx_word' id='word_1_711' title='bbox 1105 5610 1289 5662; x_wconf 79' lang='lat' dir='ltr'><strong>corpus</strong></span> <span class='ocrx_word' id='word_1_712' title='bbox 1336 5596 1450 5663; x_wconf 73' lang='lat' dir='ltr'><strong>ejus</strong></span> <span class='ocrx_word' id='word_1_713' title='bbox 1491 5611 1605 5667; x_wconf 76' lang='lat' dir='ltr'><strong>cum</strong></span> <span class='ocrx_word' id='word_1_714' title='bbox 1644 5595 1760 5667; x_wconf 76' lang='lat' dir='ltr'><strong>ipsa</strong></span> 
     </span>
    </p>
   </div>
   <div class='ocr_carea' id='block_1_101' title="bbox 202 5663 1762 5738">
    <p class='ocr_par' dir='ltr' id='par_1_101' title="bbox 202 5663 1762 5738">
     <span class='ocr_line' id='line_1_101' title="bbox 202 5663 1762 5738; baseline -0.007 -12"><span class='ocrx_word' id='word_1_715' title='bbox 202 5663 606 5738; x_wconf 63' lang='lat' dir='ltr'><strong>sedesanyuine</strong></span> <span class='ocrx_word' id='word_1_716' title='bbox 652 5665 766 5731; x_wconf 76' lang='lat' dir='ltr'><strong>ejus</strong></span> <span class='ocrx_word' id='word_1_717' title='bbox 807 5667 1307 5738; x_wconf 55' lang='lat' dir='ltr'><strong>aspersajireadent</strong></span> <span class='ocrx_word' id='word_1_718' title='bbox 1335 5676 1539 5734; x_wconf 82' lang='lat' dir='ltr'><strong>crypta,</strong></span> <span class='ocrx_word' id='word_1_719' title='bbox 1576 5666 1631 5717; x_wconf 82' lang='lat' dir='ltr'><strong>in</strong></span> <span class='ocrx_word' id='word_1_720' title='bbox 1654 5663 1762 5716; x_wconf 85' lang='lat' dir='ltr'><strong>loco</strong></span> 
     </span>
    </p>
   </div>
   <div class='ocr_carea' id='block_1_102' title="bbox 203 5735 1190 5813">
    <p class='ocr_par' dir='ltr' id='par_1_102' title="bbox 203 5735 1190 5813">
     <span class='ocr_line' id='line_1_102' title="bbox 203 5735 1190 5813; baseline -0.006 -22"><span class='ocrx_word' id='word_1_721' title='bbox 203 5735 516 5813; x_wconf 58' lang='lat' dir='ltr'><strong>quidicjlur</strong></span> <span class='ocrx_word' id='word_1_722' title='bbox 541 5735 901 5813; x_wconf 41' lang='lat' dir='ltr'><strong>Cantetet&#39;i-urrt</strong></span> <span class='ocrx_word' id='word_1_723' title='bbox 934 5735 1136 5813; x_wconf 44' lang='lat' dir='ltr'><strong>Calisl&#39;t&#39;.</strong></span> <span class='ocrx_word' id='word_1_724' title='bbox 1172 5753 1190 5785; x_wconf 75' lang='grc' dir='ltr'><strong><em>ι</em></strong></span> 
     </span>
    </p>
   </div>
   <div class='ocr_carea' id='block_1_103' title="bbox 279 5800 1766 5880">
    <p class='ocr_par' dir='ltr' id='par_1_103' title="bbox 279 5800 1766 5880">
     <span class='ocr_line' id='line_1_103' title="bbox 279 5800 1766 5880; baseline -0.003 -21"><span class='ocrx_word' id='word_1_725' title='bbox 279 5809 356 5880; x_wconf 72' lang='lat'><strong>(&#39;2)</strong></span> <span class='ocrx_word' id='word_1_726' title='bbox 394 5800 513 5858; x_wconf 70' lang='lat' dir='ltr'><strong>Lat.</strong></span> <span class='ocrx_word' id='word_1_727' title='bbox 550 5805 670 5857; x_wconf 82' lang='lat' dir='ltr'><strong>cod.</strong></span> <span class='ocrx_word' id='word_1_728' title='bbox 705 5806 1023 5858; x_wconf 80' lang='lat' dir='ltr'><strong>aroluthunr.</strong></span> <span class='ocrx_word' id='word_1_729' title='bbox 1061 5804 1191 5857; x_wconf 84' lang='lat' dir='ltr'><strong>Nam</strong></span> <span class='ocrx_word' id='word_1_730' title='bbox 1224 5820 1329 5861; x_wconf 86' lang='lat' dir='ltr'><strong>non</strong></span> <span class='ocrx_word' id='word_1_731' title='bbox 1360 5805 1623 5864; x_wconf 80' lang='lat' dir='ltr'><strong>acolutliis</strong></span> <span class='ocrx_word' id='word_1_732' title='bbox 1649 5803 1766 5859; x_wconf 84' lang='lat' dir='ltr'><strong>Ian-</strong></span> 
     </span>
    </p>
   </div>
   <div class='ocr_carea' id='block_1_104' title="bbox 527 5899 1151 5962">
    <p class='ocr_par' dir='ltr' id='par_1_104' title="bbox 527 5899 1151 5962">
     <span class='ocr_line' id='line_1_104' title="bbox 527 5899 1151 5962; baseline 0.006 -4"><span class='ocrx_word' id='word_1_733' title='bbox 527 5899 794 5960; x_wconf 79' lang='grc' dir='ltr'><strong>ΡΑῑιιοι..</strong></span> <span class='ocrx_word' id='word_1_734' title='bbox 831 5899 942 5956; x_wconf 65' lang='lat' dir='ltr'><strong>(frti.</strong></span> <span class='ocrx_word' id='word_1_735' title='bbox 985 5902 1151 5962; x_wconf 69' lang='grc' dir='ltr'><strong>ρχγ.</strong></span> 
     </span>
    </p>
   </div>
   <div class='ocr_carea' id='block_1_105' title="bbox 1875 4623 3434 4695">
    <p class='ocr_par' dir='ltr' id='par_1_105' title="bbox 1875 4623 3434 4695">
     <span class='ocr_line' id='line_1_105' title="bbox 1875 4623 3434 4695; baseline 0.004 -21"><span class='ocrx_word' id='word_1_736' title='bbox 1875 4625 2160 4695; x_wconf 86' lang='lat' dir='ltr'><strong>projicere,</strong></span> <span class='ocrx_word' id='word_1_737' title='bbox 2195 4623 2336 4678; x_wconf 90' lang='lat' dir='ltr'><strong>nulla</strong></span> <span class='ocrx_word' id='word_1_738' title='bbox 2377 4625 2581 4678; x_wconf 86' lang='lat' dir='ltr'><strong>ratione</strong></span> <span class='ocrx_word' id='word_1_739' title='bbox 2617 4625 2809 4679; x_wconf 79' lang='lat' dir='ltr'><strong>adduci</strong></span> <span class='ocrx_word' id='word_1_740' title='bbox 2843 4625 3038 4695; x_wconf 90' lang='lat' dir='ltr'><strong>potuit,</strong></span> <span class='ocrx_word' id='word_1_741' title='bbox 3069 4634 3128 4678; x_wconf 92' lang='lat' dir='ltr'><strong>ut</strong></span> <span class='ocrx_word' id='word_1_742' title='bbox 3153 4628 3434 4681; x_wconf 84' lang='lat' dir='ltr'><strong>sanctissi-</strong></span> 
     </span>
    </p>
   </div>
   <div class='ocr_carea' id='block_1_106' title="bbox 1877 4716 3431 4785">
    <p class='ocr_par' dir='ltr' id='par_1_106' title="bbox 1877 4716 3431 4785">
     <span class='ocr_line' id='line_1_106' title="bbox 1877 4716 3431 4785; baseline -0.001 -16"><span class='ocrx_word' id='word_1_743' title='bbox 1877 4732 2022 4782; x_wconf 79' lang='lat' dir='ltr'><strong>mum</strong></span> <span class='ocrx_word' id='word_1_744' title='bbox 2059 4730 2122 4770; x_wconf 92' lang='lat' dir='ltr'><strong>ac</strong></span> <span class='ocrx_word' id='word_1_745' title='bbox 2164 4716 2514 4784; x_wconf 87' lang='lat' dir='ltr'><strong>purissimum</strong></span> <span class='ocrx_word' id='word_1_746' title='bbox 2553 4727 2948 4772; x_wconf 89' lang='lat' dir='ltr'><strong>sacramentum</strong></span> <span class='ocrx_word' id='word_1_747' title='bbox 2984 4717 3210 4785; x_wconf 90' lang='lat' dir='ltr'><strong>impuris</strong></span> <span class='ocrx_word' id='word_1_748' title='bbox 3254 4717 3431 4770; x_wconf 87' lang='lat' dir='ltr'><strong>homi-</strong></span> 
     </span>
    </p>
   </div>
   <div class='ocr_carea' id='block_1_107' title="bbox 1875 4808 3432 4879">
    <p class='ocr_par' dir='ltr' id='par_1_107' title="bbox 1875 4808 3432 4879">
     <span class='ocr_line' id='line_1_107' title="bbox 1875 4808 3432 4879; baseline 0 -17"><span class='ocrx_word' id='word_1_749' title='bbox 1875 4809 2034 4863; x_wconf 85' lang='lat' dir='ltr'><strong>nibus</strong></span> <span class='ocrx_word' id='word_1_750' title='bbox 2066 4810 2350 4861; x_wconf 77' lang='lat' dir='ltr'><strong>revelurot.</strong></span> <span class='ocrx_word' id='word_1_751' title='bbox 2392 4808 2566 4877; x_wconf 75' lang='lat' dir='ltr'><strong>Virgis</strong></span> <span class='ocrx_word' id='word_1_752' title='bbox 2604 4808 2766 4878; x_wconf 86' lang='lat' dir='ltr'><strong>igitur</strong></span> <span class='ocrx_word' id='word_1_753' title='bbox 2808 4819 2861 4861; x_wconf 90' lang='lat' dir='ltr'><strong>et</strong></span> <span class='ocrx_word' id='word_1_754' title='bbox 2896 4808 3164 4876; x_wconf 87' lang='lat' dir='ltr'><strong>lapidibus</strong></span> <span class='ocrx_word' id='word_1_755' title='bbox 3194 4824 3432 4879; x_wconf 84' lang='lat' dir='ltr'><strong>cousque</strong></span> 
     </span>
    </p>
   </div>
   <div class='ocr_carea' id='block_1_108' title="bbox 1874 4899 3428 4968">
    <p class='ocr_par' dir='ltr' id='par_1_108' title="bbox 1874 4899 3428 4968">
     <span class='ocr_line' id='line_1_108' title="bbox 1874 4899 3428 4968; baseline 0 -15"><span class='ocrx_word' id='word_1_756' title='bbox 1874 4900 2208 4954; x_wconf 87' lang='lat' dir='ltr'><strong>Tharsitium</strong></span> <span class='ocrx_word' id='word_1_757' title='bbox 2252 4899 2638 4959; x_wconf 88' lang='lat' dir='ltr'><strong>contuderunt,</strong></span> <span class='ocrx_word' id='word_1_758' title='bbox 2678 4900 2853 4968; x_wconf 91' lang='lat' dir='ltr'><strong>quoad</strong></span> <span class='ocrx_word' id='word_1_759' title='bbox 2907 4900 3159 4967; x_wconf 89' lang='lat' dir='ltr'><strong>spiritum</strong></span> <span class='ocrx_word' id='word_1_760' title='bbox 3211 4900 3428 4956; x_wconf 81' lang='lat' dir='ltr'><strong>efflavit.</strong></span> 
     </span>
    </p>
   </div>
   <div class='ocr_carea' id='block_1_109' title="bbox 1871 4991 3430 5061">
    <p class='ocr_par' dir='ltr' id='par_1_109' title="bbox 1871 4991 3430 5061">
     <span class='ocr_line' id='line_1_109' title="bbox 1871 4991 3430 5061; baseline -0.002 -14"><span class='ocrx_word' id='word_1_761' title='bbox 1871 4991 2008 5047; x_wconf 91' lang='lat' dir='ltr'><strong>Cum</strong></span> <span class='ocrx_word' id='word_1_762' title='bbox 2048 5007 2175 5044; x_wconf 88' lang='lat' dir='ltr'><strong>vero</strong></span> <span class='ocrx_word' id='word_1_763' title='bbox 2203 4991 2322 5060; x_wconf 89' lang='lat' dir='ltr'><strong>ejus</strong></span> <span class='ocrx_word' id='word_1_764' title='bbox 2351 5007 2548 5061; x_wconf 82' lang='lat' dir='ltr'><strong>corpus</strong></span> <span class='ocrx_word' id='word_1_765' title='bbox 2583 4993 2832 5045; x_wconf 79' lang='lat' dir='ltr'><strong>exanime</strong></span> <span class='ocrx_word' id='word_1_766' title='bbox 2867 5006 2961 5058; x_wconf 88' lang='lat' dir='ltr'><strong>per</strong></span> <span class='ocrx_word' id='word_1_767' title='bbox 2991 4998 3190 5044; x_wconf 86' lang='lat' dir='ltr'><strong>terram</strong></span> <span class='ocrx_word' id='word_1_768' title='bbox 3219 4992 3430 5046; x_wconf 87' lang='lat' dir='ltr'><strong>voluta-</strong></span> 
     </span>
    </p>
   </div>
   <div class='ocr_carea' id='block_1_110' title="bbox 1875 5083 3429 5152">
    <p class='ocr_par' dir='ltr' id='par_1_110' title="bbox 1875 5083 3429 5152">
     <span class='ocr_line' id='line_1_110' title="bbox 1875 5083 3429 5152; baseline -0.002 -15"><span class='ocrx_word' id='word_1_769' title='bbox 1875 5087 2048 5145; x_wconf 83' lang='lat' dir='ltr'><strong>retur,</strong></span> <span class='ocrx_word' id='word_1_770' title='bbox 2080 5083 2282 5137; x_wconf 89' lang='lat' dir='ltr'><strong>curiosi</strong></span> <span class='ocrx_word' id='word_1_771' title='bbox 2314 5093 2368 5138; x_wconf 90' lang='lat' dir='ltr'><strong>et</strong></span> <span class='ocrx_word' id='word_1_772' title='bbox 2402 5084 2652 5152; x_wconf 83' lang='lat' dir='ltr'><strong>sacrilegi</strong></span> <span class='ocrx_word' id='word_1_773' title='bbox 2686 5083 2884 5138; x_wconf 89' lang='lat' dir='ltr'><strong>milites</strong></span> <span class='ocrx_word' id='word_1_774' title='bbox 2917 5097 3091 5152; x_wconf 88' lang='lat' dir='ltr'><strong>neque</strong></span> <span class='ocrx_word' id='word_1_775' title='bbox 3139 5085 3242 5138; x_wconf 89' lang='lat' dir='ltr'><strong>sub</strong></span> <span class='ocrx_word' id='word_1_776' title='bbox 3287 5083 3429 5138; x_wconf 85' lang='lat' dir='ltr'><strong>ulnis</strong></span> 
     </span>
    </p>
   </div>
   <div class='ocr_carea' id='block_1_111' title="bbox 1876 5173 3431 5245">
    <p class='ocr_par' dir='ltr' id='par_1_111' title="bbox 1876 5173 3431 5245">
     <span class='ocr_line' id='line_1_111' title="bbox 1876 5173 3431 5245; baseline -0.001 -17"><span class='ocrx_word' id='word_1_777' title='bbox 1876 5176 2014 5229; x_wconf 88' lang='lat' dir='ltr'><strong>intra</strong></span> <span class='ocrx_word' id='word_1_778' title='bbox 2043 5173 2301 5240; x_wconf 89' lang='lat' dir='ltr'><strong>manicas,</strong></span> <span class='ocrx_word' id='word_1_779' title='bbox 2333 5189 2507 5245; x_wconf 88' lang='lat' dir='ltr'><strong>neque</strong></span> <span class='ocrx_word' id='word_1_780' title='bbox 2536 5176 2637 5229; x_wconf 91' lang='lat' dir='ltr'><strong>sub</strong></span> <span class='ocrx_word' id='word_1_781' title='bbox 2668 5175 2907 5229; x_wconf 88' lang='lat' dir='ltr'><strong>vestibus</strong></span> <span class='ocrx_word' id='word_1_782' title='bbox 2937 5174 3137 5243; x_wconf 88' lang='lat' dir='ltr'><strong>aliquid</strong></span> <span class='ocrx_word' id='word_1_783' title='bbox 3185 5174 3431 5227; x_wconf 77' lang='lat' dir='ltr'><strong>invenire</strong></span> 
     </span>
    </p>
   </div>
   <div class='ocr_carea' id='block_1_112' title="bbox 1879 5265 3431 5336">
    <p class='ocr_par' dir='ltr' id='par_1_112' title="bbox 1879 5265 3431 5336">
     <span class='ocr_line' id='line_1_112' title="bbox 1879 5265 3431 5336; baseline -0.001 -16"><span class='ocrx_word' id='word_1_784' title='bbox 1879 5275 2192 5336; x_wconf 86' lang='lat' dir='ltr'><strong>potuerunt.</strong></span> <span class='ocrx_word' id='word_1_785' title='bbox 2225 5265 2432 5320; x_wconf 75' lang='lat' dir='ltr'><strong>Relicto</strong></span> <span class='ocrx_word' id='word_1_786' title='bbox 2460 5266 2621 5336; x_wconf 83' lang='lat' dir='ltr'><strong>igitur</strong></span> <span class='ocrx_word' id='word_1_787' title='bbox 2669 5267 2767 5332; x_wconf 90' lang='lat' dir='ltr'><strong>sic,</strong></span> <span class='ocrx_word' id='word_1_788' title='bbox 2827 5275 2886 5319; x_wconf 92' lang='lat' dir='ltr'><strong>ut</strong></span> <span class='ocrx_word' id='word_1_789' title='bbox 2935 5275 3071 5329; x_wconf 91' lang='lat' dir='ltr'><strong>erat,</strong></span> <span class='ocrx_word' id='word_1_790' title='bbox 3122 5266 3431 5319; x_wconf 89' lang='lat' dir='ltr'><strong>venerando</strong></span> 
     </span>
    </p>
   </div>
   <div class='ocr_carea' id='block_1_113' title="bbox 1875 5597 3430 5674">
    <p class='ocr_par' dir='ltr' id='par_1_113' title="bbox 1875 5597 3430 5674">
     <span class='ocr_line' id='line_1_113' title="bbox 1875 5597 3430 5674; baseline 0.008 -28"><span class='ocrx_word' id='word_1_791' title='bbox 1875 5604 2010 5655; x_wconf 85' lang='lat' dir='ltr'><strong>tmn,</strong></span> <span class='ocrx_word' id='word_1_792' title='bbox 2048 5597 2139 5649; x_wconf 82' lang='lat' dir='ltr'><strong>sed</strong></span> <span class='ocrx_word' id='word_1_793' title='bbox 2171 5609 2224 5650; x_wconf 88' lang='lat' dir='ltr'><strong>et</strong></span> <span class='ocrx_word' id='word_1_794' title='bbox 2261 5597 2409 5654; x_wconf 89' lang='lat' dir='ltr'><strong>laicis</strong></span> <span class='ocrx_word' id='word_1_795' title='bbox 2455 5601 2588 5674; x_wconf 84' lang='lat' dir='ltr'><strong>olim</strong></span> <span class='ocrx_word' id='word_1_796' title='bbox 2608 5604 2985 5674; x_wconf 71' lang='lat' dir='ltr'><strong>persecutione</strong></span> <span class='ocrx_word' id='word_1_797' title='bbox 3046 5615 3268 5674; x_wconf 82' lang='lat' dir='ltr'><strong>urgente</strong></span> <span class='ocrx_word' id='word_1_798' title='bbox 3298 5619 3430 5660; x_wconf 88' lang='lat' dir='ltr'><strong>con-</strong></span> 
     </span>
    </p>
   </div>
   <div class='ocr_carea' id='block_1_114' title="bbox 1871 5671 3434 5788">
    <p class='ocr_par' dir='ltr' id='par_1_114' title="bbox 1871 5671 3434 5788">
     <span class='ocr_line' id='line_1_114' title="bbox 1871 5671 3434 5788; baseline 0.007 -71"><span class='ocrx_word' id='word_1_799' title='bbox 1871 5679 2081 5788; x_wconf 60' lang='lat' dir='ltr'><strong>cessum</strong></span> <span class='ocrx_word' id='word_1_800' title='bbox 2112 5677 2227 5722; x_wconf 89' lang='lat' dir='ltr'><strong>erat</strong></span> <span class='ocrx_word' id='word_1_801' title='bbox 2265 5679 2541 5738; x_wconf 85' lang='lat' dir='ltr'><strong>acceptam</strong></span> <span class='ocrx_word' id='word_1_802' title='bbox 2577 5671 2628 5725; x_wconf 93' lang='lat' dir='ltr'><strong>in</strong></span> <span class='ocrx_word' id='word_1_803' title='bbox 2658 5673 2892 5728; x_wconf 85' lang='lat' dir='ltr'><strong>Ecclesia</strong></span> <span class='ocrx_word' id='word_1_804' title='bbox 2920 5671 3308 5732; x_wconf 79' lang='lat' dir='ltr'><strong>Eucharistiam</strong></span> <span class='ocrx_word' id='word_1_805' title='bbox 3332 5677 3434 5730; x_wconf 79' lang='lat' dir='ltr'><strong>do-</strong></span> 
     </span>
     <span class='ocr_line' id='line_1_115' title="bbox 1873 5751 2951 5788; baseline 0.006 -2"><span class='ocrx_word' id='word_1_806' title='bbox 1873 5751 2017 5788; x_wconf 88' lang='lat' dir='ltr'><strong>mum</strong></span> <span class='ocrx_word' id='word_1_807' title='bbox 2072 5752 2209 5788; x_wconf 82' lang='lat' dir='ltr'><strong>urre.</strong></span> <span class='ocrx_word' id='word_1_808' title='bbox 2945 5757 2951 5762; x_wconf 52' lang='grc' dir='ltr'>δ</span> 
     </span>
    </p>
   </div>
   <div class='ocr_carea' id='block_1_115' title="bbox 1873 5751 2951 5792">
    <p class='ocr_par' dir='ltr' id='par_1_115' title="bbox 1873 5751 2951 5792">
     <span class='ocr_line' id='line_1_116' title="bbox 1873 5751 2951 5792; baseline 0.007 -6"><span class='ocrx_word' id='word_1_809' title='bbox 1873 5751 2017 5788; x_wconf 78' lang='grc' dir='ltr'>ιιιιιῐη</span> <span class='ocrx_word' id='word_1_810' title='bbox 2052 5751 2209 5792; x_wconf 77' lang='lat' dir='ltr'><strong>IUI‘I‘C.</strong></span> <span class='ocrx_word' id='word_1_811' title='bbox 2945 5757 2951 5762; x_wconf 70' lang='grc'><em>’</em></span> 
     </span>
    </p>
   </div>
   <div class='ocr_carea' id='block_1_116' title="bbox 3086 5909 3150 5972">
    <p class='ocr_par' dir='ltr' id='par_1_116' title="bbox 3086 5909 3150 5972">
     <span class='ocr_line' id='line_1_117' title="bbox 3086 5909 3150 5972; baseline 0 0"><span class='ocrx_word' id='word_1_812' title='bbox 3086 5909 3150 5972; x_wconf 86' lang='lat'><strong>17</strong></span> 
     </span>
    </p>
   </div>
  </div>
