4226 6436
850 419 956 481 523

2091 412 2378 471 MENSIS
2417 416 2835 481 AUGUSTUS.

3998 430 4099 491 52L

852 534 944 588 illo
985 529 1241 585 Tharsitii
1273 541 1519 595 corpore,
1561 524 1727 576 multo
1761 538 1881 576 cum
1928 532 2144 590 stupore
2188 521 2410 592 aufuge-
2442 530 2488 586 Α
2518 531 2739 584 ctissimi
2772 531 3033 599 Stephani
3072 534 3341 600 pontificis
3368 544 3423 589 et
3460 536 3707 605 martyris
3736 539 3956 603 locum,
3999 540 4098 595 xi.

851 634 1000 687 runt,
1026 633 1081 677 et
1110 622 1173 676 ad
1205 620 1391 689 Appia:
1426 618 1521 671 vice
1554 626 1764 685 portam
1804 608 2403 677 v'enientesthristia-

851 729 945 765 nos
962 712 1157 765 multos
1190 712 1533 763 invenerunt.
1562 705 1679 758 Mox
1716 694 1999 757 Valeriano
2027 718 2137 756 rem
2185 718 2401 757 omnem

847 818 1168 872 exposuere.
1200 801 1293 855 lllo
1326 810 1503 853 autem
1538 800 1655 868 ipso
1696 798 1782 851 dic
1814 795 2104 849 Christiani
2138 812 2402 849 veneran-

848 895 973 946 dum
1006 893 1219 963 gloriosi
1254 892 1503 961 martyris
1532 888 1787 941 'l‘harsitii
1818 902 2013 956 corpus
2066 886 2118 940 in
2151 898 2404 942 mantele-

851 986 928 1035 rio
965 985 1150 1038 Calisti
1206 986 1259 1037 in
1297 985 1378 1036 via
1434 982 1608 1050 Appia
1661 981 2053 1047 deposuerunt.
2112 978 2240 1032 Post
2294 978 2408 1032 haec

846 1077 1282 1130 Christianorum
1325 1074 1562 1127 Ecclesia
1597 1074 1647 1124 in
1688 1087 1853 1123 unum
1883 1072 2132 1132 collecta,
2188 1070 2240 1123 in
2277 1086 2404 1123 san-

2516 633 2655 675 stum
2695 623 2947 678 Romanae
2980 626 3129 680 urbis
3160 629 3472 696 episcopum
3498 631 3921 684 constituerunt
3949 646 4096 684 nono

2516 717 2789 769 Kalendas
2828 719 3101 786 Septemb.
3137 722 3297 773 tertio
3352 735 3497 775 anno
3537 721 3837 785 Valeriani,
3877 734 3938 777 et
3973 722 4095 776 Gal-

2514 807 2640 860 lieni
2673 808 2911 862 secundo
2938 808 3011 879 (5)
3048 828 3059 861 :
3096 811 3147 863 in
3173 811 3326 865 nobis
3358 820 3535 865 autem
3562 824 3827 881 regnante
3854 816 4095 868 Domino

2517 908 2703 953 nostro
2741 900 2871 953 Jesu
2910 900 3130 955 Christo
3165 919 3178 955 :
3232 903 3314 957 cui
3355 904 3424 956 sit
3467 904 3635 973 gloria
3676 914 3728 959 et
3792 906 4091 975 imperium

2516 1008 2664 1046 nunc
2694 1001 2748 1047 et
2772 996 3011 1061 semper,
3045 994 3176 1048 etin
3209 996 3402 1049 saecula
3436 998 3786 1051 saeculorum.
3812 1002 4000 1051 Amen

924 1260 997 1332 (5)
1033 1262 1280 1335 Mendum
1319 1264 1407 1317 hic
1435 1264 1716 1333 irrepsisse
1746 1263 1860 1316 vult
1888 1261 2148 1315 Baronius
2177 1275 2318 1314 anno
2360 1258 2465 1312 260
2498 1263 2923 1333 ponendumque
2982 1280 3182 1319 annum
3220 1266 3482 1320 Valeriani
3541 1281 3791 1335 quartum
3849 1279 3909 1320 et
3974 1266 4089 1320 Gal-

848 1328 974 1384 lieni
1010 1334 1251 1389 tertium.

851 1521 4063 1552 Μ

1727 1550 2115 1559 .-.--.---ν

2046 1716 2912 1833 ΜΑΡΤΥΡΙΟΝ

1408 1950 1633 2035 ΤΟΥ
1706 1947 2041 2033 ΑΓΙΟΥ
2116 1936 2886 2032 ΠΑΝΕΝΔΟΞΟΥ
2961 1941 3537 2031 ΜΑΡΤΥΡΟΣ

2092 2141 2838 2273 ΕΥΠΛΟΥ.

2032 2577 2905 2693 MARTYRIUM

1240 2835 1647 2923 SANCTI

1778 2827 2939 2932 GLORIOSISSIMIQUE

3082 2824 3695 2913 MARTYRIS

2155 3051 2781 3205 EUPLI.

1301 3326 1381 3388 (12
1404 3322 1635 3386 Augusti.
1662 3350 1718 3358 —-
1742 3320 1812 3371 Ex
1847 3318 2182 3367 monumentis
2204 3315 2340 3365 Eccl.
2366 3317 2548 3367 Graeca:
2581 3315 2721 3365 Joan.
2758 3315 2896 3375 Bapt.
2930 3313 3189 3376 Cotelerii,
3217 3320 3341 3363 tom.
3375 3314 3411 3370 l,
3445 3328 3491 3376 p.
3523 3313 3652 3373 19L)

2413 3495 2476 3505 ..ι-

917 3666 959 3720 1.
1002 3658 1363 3730 Temporibus
1394 3650 1709 3707 Βῑοιτίοιὶειῐιὶ
1740 3659 1794 3703 et
1828 3646 2134 3701 Maximiani
2172 3646 2411 3713 impera-
2438 3657 2477 3710 Β
2581 3682 2586 3691 .

2438 3657 2477 3710 Β
2581 3639 2658 3694 A’.
2689 3640 2842 3692 Κατὰ
2874 3639 2999 3700 τοὺς
3029 3638 3251 3705 καιροὺς
3278 3638 3658 3708 Διοκλητιανοῦ
3690 3640 3779 3692 καὶ
3806 3641 4082 3712 Μαξιμιαι

847 3770 1045 3817 torum,
1081 3762 1263 3807 tantus
1287 3746 1583 3802 idololatris
1602 3745 1779 3797 fervor
1799 3739 2073 3793 insederat
2095 3753 2187 3806 per
2217 3750 2406 3788 omnes

844 3850 1097 3918 regiones
1119 3853 1169 3896 et
1204 3840 1429 3900 insulas,
1460 3848 1513 3889 ut
1546 3834 1687 3887 idola
1720 3842 1915 3887 cuncta
1944 3828 2407 3897 erigerenLMise-

842 3946 972 3991 runt
1001 3942 1181 3987 autem
1222 3932 1579 3999 imperatores
1620 3924 1906 3994 quemdam
1936 3921 2155 3974 nomine
2211 3919 2405 3970 Ponta-

842 4042 1036 4098 gurum
1072 4025 1125 4076 in
1159 4022 1293 4075 lines
1326 4017 1619 4088 provinciae
1662 4014 1878 4077 Siciliaz,
1914 4013 2004 4079 qui
2036 4010 2214 4063 omnia
2266 4007 2407 4061 idola

841 4121 1096 4189 erigeret,
1132 4110 1476 4167 Christianos
1509 4122 1637 4160 vero
1670 4108 1890 4174 impune
1924 4102 2261 4170 disperderet
2286 4116 2406 4168 gra-

840 4213 1110 4279 vibusque
1166 4211 1441 4274 torqueret
1462 4199 1768 4270 suppliciis.
1822 4198 2045 4266 Utergo
2071 4195 2316 4265 pervenit
2342 4194 2408 4249 ad

839 4305 1100 4359 (Satanam
1128 4298 1425 4361 civitatem,
1460 4292 1799 4347 Calvisianus
1824 4292 1888 4343 de
1917 4304 2066 4343 more
2094 4288 2233 4357 plebi
2262 4288 2409 4341 urbis

842 4396 1099 4463 praecepit
1148 4390 1361 4446 obviam
1396 4386 1615 4456 prodire
1656 4383 1705 4437 ei
1737 4382 1828 4451 qui
1868 4382 1934 4435 ab
1992 4378 2410 4448 imperatoribus

842 4491 1040 4543 missus
1066 4488 1268 4541 fuerat.
1297 4484 1369 4535 Ea
1396 4480 1597 4551 quippe
1628 4477 1908 4547 gentilium
1937 4472 2278 4528 consuetudo
2306 4478 2408 4524 cst.

846 4581 910 4635 Et
939 4582 1216 4650 ingressus
1252 4584 1337 4630 est
1362 4570 1777 4641 Peutagurusin
1818 4568 2028 4621 urbem.
2060 4564 2211 4618 Tunc
2251 4563 2412 4633 jussit

843 4674 1184 4727 Calvisianus
1241 4666 1477 4722 tribunal
1539 4679 1698 4719 suum
1738 4659 1999 4715 constitui
2036 4658 2089 4710 in
2142 4658 2261 4710 loco
2320 4654 2409 4723 qui

844 4764 1109 4819 Achillius
1160 4760 1497 4831 appellatur;
1532 4756 1598 4809 ad
1648 4756 1763 4808 haec
1810 4764 2090 4822 praecones
2118 4748 2257 4801 mitti
2318 4762 2412 4816 per

846 4859 1049 4928 plateas
1073 4854 1332 4916 civitatis,
1364 4868 1471 4921 quo
1524 4847 1761 4905 universi
1815 4845 2192 4900 convenirent.

922 5112 989 5164 ll.
1039 5112 1203 5181 Igitur
1227 5126 1352 5164 cum
1378 5109 1714 5177 Pentagurus
1746 5105 1800 5159 in
1840 5103 2109 5161 diabolico
2144 5119 2243 5157 suo
2275 5103 2412 5157 solio

846 5206 1059 5260 sederet
1110 5217 1215 5255 una
1268 5215 1391 5253 cum
1454 5198 1781 5263 Calvisiano,
1834 5199 2123 5253 universus
2180 5197 2413 5265 populus

843 5304 1201 5366 congregatus
1228 5303 1311 5348 est
1340 5302 1464 5347 ante
1490 5292 1726 5347 tribunal
1763 5308 1972 5345 eorum.
2030 5290 2188 5343 Tunc
2214 5289 2411 5341 Penta-

844 5403 1010 5456 gurus
1058 5386 1373 5457 postulavit,
1410 5385 1493 5440 his
1543 5384 1611 5438 ad
1649 5383 2013 5438 Calvisianum
2044 5380 2225 5435 verbis
2256 5394 2408 5433 usus:

844 5479 1009 5533 lstine
1037 5493 1227 5534 omnes
1272 5488 1495 5532 deorum
1527 5486 1840 5532 nostrorum
1869 5474 2186 5543 religionem
2222 5474 2410 5527 obser-

842 5572 1015 5625 vant?
1051 5571 1353 5639 Respondit
1400 5569 1747 5624 Calvisianus
1799 5570 1915 5621 sic:
1952 5566 2148 5621 Cuncti
2177 5565 2232 5620 hi
2265 5580 2406 5634 quos

841 5664 1017 5731 pietas
1076 5670 1164 5714 tua
1226 5659 1526 5727 con5pieit,
1577 5660 1803 5713 deorum
1862 5665 2177 5709 nostrorum
2237 5654 2404 5709 cultui

842 5753 1009 5808 dediti
1040 5760 1188 5806 sunt.
1236 5752 1366 5816 Quae
1416 5759 1701 5820 postquam
1757 5746 1961 5803 audivit
1995 5762 2022 5799 a
2071 5746 2401 5811 Calvisiano,

842 5842 1029 5896 turbas
1066 5839 1226 5904 iussit
1255 5841 1476 5897 dimitti.
1538 5838 1737 5894 Deinde
1784 5838 2118 5910 Pentagurus
2160 5838 2395 5892 edictum

2513 3732 2601 3783 νοῦ
2633 3732 2740 3782 τῶν
2778 3730 3069 3800 βασιλέων,
3104 3731 3346 3792 τοιοῦτος
3376 3730 3543 3799 θυμὸς
3571 3735 3636 3799 τῇ
3667 3732 4084 3803 εἱδο›λολατρ;ἴ;ι

2511 3819 2729 3887 ἐγένετο
2759 3818 2881 3870 καθ’
2911 3819 3148 3886 ἑκάστην
3181 3819 3363 3887 χώραν
3391 3821 3485 3870 καὶ
3520 3821 3697 3885 νῆσον,
3735 3821 3875 3871 ὥστε
3908 3827 4084 3876 πάντα

2509 3913 2576 3964 τὰ
2603 3912 2795 3964 εἴδωλα
2823 3911 3115 3979 ἐξεγεῖραι.
3156 3910 3513 3962 Ἀπέστειλαν
3536 3913 3591 3963 δὲ
3624 3915 3667 3963 οἱ
3696 3913 3941 3979 βασιλεῖς
3974 3933 4084 3968 τινα

2509 4004 2729 4071 ὀνόματι
2781 4004 3157 4071 Πεντάγουρον
3196 4003 3252 4054 ὲν
3294 4005 3409 4065 τοῖς
3459 4003 3628 4074 ὁρίοις
3677 4007 3774 4074 τῆς
3818 4009 4084 4077 ἐπαρχίας

2512 4098 2783 4159 Σικελίας,
2844 4098 3021 4149 πάντα
3070 4097 3138 4150 τὰ
3201 4098 3394 4149 εἴδωλα
3449 4100 3763 4166 ἐξεγεῖραι,
3816 4105 3909 4154 καὶ
3966 4107 4085 4164 τοὺς

2510 4188 2867 4257 Χριστιανοὺς
2890 4188 3077 4249 ἁθώως
3097 4187 3435 4256 ἀναλωθῆναι
3460 4192 3552 4239 καὶ
3574 4191 3771 4251 δειναῖς
3793 4197 4085 4261 τιμωρίαις

2514 4278 2928 4347 βασανισθῆναι.
2974 4278 3059 4341 Ὠς
3093 4278 3147 4330 δὲ
3178 4277 3413 4346 ἔφθασεν
3451 4282 3505 4333 ἐν
3537 4284 3601 4351 τῇ
3634 4284 3858 4336 Κατανα
3883 4304 3961 4340 ων
3999 4290 4085 4339 πό-

2511 4369 2629 4433 λει,
2677 4369 2819 4421 κατὰ
2864 4369 2923 4421 τὸ
2959 4369 3146 4429 εἰωθὸς
3186 4370 3475 4422 ἐκέλευσεν
3506 4374 3532 4424 ὁ
3568 4373 3937 4437 Καλϐισιανὲς
3979 4382 4085 4439 τοῖς

2513 4458 2687 4527 ὄχλοις
2703 4460 2801 4525 τῆς
2826 4459 3031 4520 πόλεως
3052 4460 3354 4528 ἀπάντησιν
3383 4463 3708 4529 ποιήσασθαι
3732 4465 3827 4515 τοῦ
3853 4465 4085 4521 ἀποστα-

2513 4551 2692 4614 λέντος
2726 4552 2827 4604 ὑπὸ
2854 4551 2961 4604 τῶν
2993 4550 3281 4621 βασιλέων,
3311 4552 3382 4612 ὡς
3410 4553 3530 4615 ἔθος
3555 4550 3620 4625 ἦν
3644 4556 3754 4607 τῶν
3792 4557 4085 4629 Ἑλλήνων,

2516 4648 2623 4698 Καὶ
2653 4647 2898 4716 εἰσῆλθεν
2925 4649 2951 4698 ὁ
2998 4648 3370 4714 Πεντὰγουρος
3400 4650 3455 4698 ὲν
3486 4650 3554 4716 τῇ
3597 4649 3772 4701 πόλει.
3802 4652 3940 4705 Τότε
3974 4656 4085 4706 ἐκέ-

2514 4739 2703 4790 λευσεν
2742 4742 2767 4790 ὁ
2798 4738 3160 4799 Καλϐισιανὺς
3195 4737 3255 4789 τὸ
3286 4737 3640 4805 τριϐωνάλιον
3670 4742 3837 4792 αὑτοῦ
3871 4746 4084 4815 τεθῆναι

2517 4832 2573 4881 ὲν
2610 4830 2685 4897 τῷ
2713 4830 2860 4897 τόπῳ
2896 4829 2972 4898 τῷ
3017 4829 3297 4898 λεγομένῳ
3348 4830 3616 4901 Ἀχιλλίῳ.
3658 4833 3768 4885 Καὶ
3800 4835 4083 4889 ἐκέλευσεν

2518 4919 2761 4986 κήρυκας
2784 4919 3154 4988 ἀποσταλῆναι
3178 4922 3317 4973 κατά
3339 4924 3435 4985 τὰς
3458 4922 3717 4985 πλατείας
3735 4925 3835 4991 τῆς
3860 4928 4081 4991 πόλεως,

2444 5005 2483 5062 C
2517 5007 2655 5061 ὥστε
2682 5010 2885 5071 πάντας
2906 5012 3374 5081 συναθροισθῆναι.

2589 5101 2662 5153 B'.
2686 5102 2815 5153 Τότε
2848 5103 2874 5153 ὁ
2907 5103 3281 5169 Πεντάγουρος
3309 5103 3599 5167 καθεσθεὶς
3619 5106 3677 5159 ὲν
3700 5107 3777 5172 τῷ
3795 5111 4083 5181 διαδολικῴ

2515 5197 2677 5250 αὑτοῦ
2710 5196 2883 5264 θρόνῳ
2928 5196 3023 5247 σὺν
3057 5196 3132 5262 τῷ
3166 5196 3538 5266 Καλϐισιανῷ,
3576 5203 3947 5275 συνηθροίσθη
3989 5211 4082 5265 τεᾶς

2513 5291 2539 5341 ὁ
2570 5288 2694 5350 λαὸς
2723 5285 3029 5355 ἔμπροσθεν
3050 5286 3143 5338 τοῦ
3164 5286 3404 5357 βήματος
3428 5291 3626 5343 αὐτῶν.
3652 5292 3783 5343 Τότε
3805 5295 4081 5347 ὲκέλευεεν

2512 5381 2541 5430 ὁ
2595 5378 2997 5445 Πεντάγυυρος,
3048 5378 3221 5445 λέγων
3278 5380 3412 5449 πρὸς
3471 5380 3873 5435 Καλὸισιανόν·
3934 5382 4081 5438 Οὗτοι

2516 5470 2717 5531 πάντες
2758 5468 2857 5539 τὴν
2889 5469 2998 5520 τῶν
3030 5469 3163 5521 θεῶν
3195 5472 3350 5538 ἡμῶν
3400 5471 3659 5538 λατρείαν
3715 5476 4078 5541 ἑπιτε).οὖσιτι;

2524 5559 2869 5628 Ἀποκριθεὶς
2910 5559 2964 5610 δὲ
2994 5562 3021 5612 ὁ
3055 5560 3412 5624 Καλϐισιανδς
3444 5558 3595 5617 εἶπεν
3618 5582 3630 5594 ·
3666 5567 3910 5629 Τούτους
3960 5572 4079 5621 πάνυ·

2512 5666 2611 5712 τας
2631 5649 2722 5712 οὓς
2750 5650 3010 5721 καθορᾷή
3039 5652 3105 5720 σὴ
3127 5651 3377 5705 εὐσέϐεια
3396 5654 3495 5723 τὴν
3519 5656 3627 5706 τῶν
3654 5654 3794 5706 θεῶν
3814 5658 3977 5726 ἡμῶν
4000 5661 4080 5708 λς.-

2512 5742 2697 5813 τρείαν
2718 5743 3077 5795 ἐπιτελοῦσιν.
3105 5741 3291 5797 Ταῦτα
3310 5745 3364 5798 δὲ
3388 5746 3632 5809 ἀκούσας
3654 5747 3759 5814 ὑπὸ
3788 5751 4079 5802 Καλϐισισ-

2514 5835 2629 5903 νοῦ,
2656 5836 2907 5893 ἐκέλευσε
2942 5840 3068 5901 τοὺς
3096 5837 3288 5909 ὖχλοὺς
3322 5841 3684 5910 ἀπολυθῆναι.
3719 5845 3861 5898 Τότε
3901 5848 3929 5897 ὁ
3956 5845 4077 5898 [law
