4226 6436
258 442 364 505 529

1343 437 1629 498 ORATIO
1671 435 1770 497 DE
1808 436 2092 498 SANCTA
2137 436 2411 495 MARIA.

3397 433 3503 497 530

253 549 565 620 ἔμπροσθεν
605 549 697 602 τοῦ
739 549 982 619 βήματος
1037 547 1424 602 Καλϐισιανοῦ.
1477 550 1588 601 Καὶ
1633 549 1830 619 ἐμϐλέ-
1858 546 1907 607 Α

1858 546 2114 607 Aciens:
2178 547 2384 600 Saltem
2440 559 2622 610 nunc,
2690 544 2881 614 inquit,
2951 542 3192 598 sacriﬁea
3257 541 3361 596 diis
3401 556 3502 594 no-

248 645 357 709 ψας
398 643 476 703 εἰς
511 641 572 693 τὸ
612 641 906 710 πρόσωπον
940 641 1034 692 τοῦ
1077 640 1349 709 μακαρίου
1387 637 1602 691 Εῦπλου
1640 636 1824 692 εἶπεν·

250 731 370 785 Κᾶν
408 731 504 783 νῦν
545 729 707 784 θῦσον
746 734 857 794 τοῖς
892 730 1034 792 Θεοῖς
1067 730 1246 798 ἡμῶν,
1291 729 1397 798 πρὸ
1439 731 1531 783 τοῦ
1563 729 1638 799 τῷ
1684 731 1828 798 ξίφει

253 841 310 875 σε
335 823 703 892 ὶναλωθῆναι.
743 825 802 876 Ὀ
827 823 880 875 δὲ
905 823 1056 888 ἅγιος
1083 818 1290 884 Εὗπλος
1314 818 1466 874 εἶπεν
1487 840 1500 852 ο
1535 823 1826 891 Παρὰνομε

250 918 346 967 καὶ
378 915 543 984 τυφλὲ
572 919 635 984 τῇ
676 915 888 985 καρδία,
921 916 1126 984 ὲργάτα
1154 915 1248 966 τοῦ
1279 914 1545 975 διαϐόλου,
1577 915 1670 966 καὶ
1703 914 1827 966 σύν-

249 1007 410 1075 θρονε
458 1009 647 1070 αὐτοῦ,
698 1010 780 1070 τίς
828 1010 1008 1077 παρεᾷ
1048 1009 1108 1060 τὸ
1156 1007 1270 1075 φῶς
1317 1009 1411 1077 τῆς
1454 1007 1685 1077 ἡμέρας,
1733 1009 1828 1059 καὶ

256 1103 546 1170 πορεύεται
577 1103 633 1151 ἐν
663 1104 727 1170 τῇ
758 1103 978 1170 σκοτίας
1013 1101 1194 1153 Ταῦτα
1231 1097 1323 1154 οὖν
1354 1101 1592 1160 ἀκούσας
1622 1099 1825 1152 Καλϐι-

252 1193 437 1253 σιανὸς
490 1194 518 1244 ὁ
569 1191 855 1261 τύραννος,
909 1195 1210 1264 ἐταράχθη,
1262 1195 1356 1247 καὶ
1412 1194 1665 1245 ἐκέλευσε
1717 1194 1828 1252 τοῖς

250 1284 557 1351 ὑπηρέταις
613 1284 775 1336 αὐτοῦ
835 1285 1054 1353 δεθῆναι
1105 1285 1194 1336 τὸν
1257 1285 1524 1354 μακάριον
1577 1281 1826 1347 Εῦπλον,

248 1377 346 1427 καὶ
409 1376 656 1445 σιδηραῖς
701 1374 941 1442 ὸγκίνοις
995 1376 1093 1439 τὰς
1126 1376 1294 1438 ἀκοὰς
1353 1374 1653 1437 πιέζεσθαι.
1719 1374 1828 1425 Καὶ

247 1469 479 1535 ἄγουσιν
515 1467 679 1520 αὑτὸν
722 1469 811 1519 ἐπὶ
835 1468 897 1519 τὸ
959 1467 1141 1536 βῆμα’
1199 1467 1296 1519 καὶ
1345 1467 1586 1535 συνήχθη
1634 1466 1744 1527 πᾶς
1800 1466 1826 1515 ὁ

247 1560 377 1620 λαὸς
414 1559 520 1609 τῶν
553 1574 611 1609 τε
655 1558 865 1609 πιστῶν
905 1558 1011 1610 καὶ·
1039 1558 1307 1620 ἀπίστων,
1348 1557 1421 1617 ὡς
1458 1558 1547 1608 ἐπὶ
1588 1557 1828 1625 μεγίστῳ

249 1650 508 1718 θεάματι.
566 1651 626 1704 '0
665 1651 719 1703 δὲ
759 1651 1123 1713 ἀσεϐέστατος
1166 1651 1534 1712 Καλϐισιανδς
1575 1650 1826 1703 ἐκέλευσε

245 1740 474 1809 τεθῆναι
507 1742 598 1794 τὸν
628 1743 819 1808 θρόνον
850 1741 1013 1794 αὐτοῦ
1052 1742 1281 1806 πλησίον
1312 1744 1409 1808 τῆς
1454 1739 1697 1806 φυλακῆς
1727 1739 1826 1806 ἕρ.-

247 1833 490 1900 προσθεν
522 1833 616 1883 τοῦ
651 1833 873 1898 λουτροῦ
902 1832 995 1883 τοῦ
1027 1832 1178 1892 ὄντος
1219 1831 1445 1896 πλησίον
1486 1832 1652 1898 αὑτῆς
1687 1832 1826 1881 κατὰ

1931 641 2089 706 stris,
2119 650 2407 710 antequam
2434 636 2609 709 gladio
2642 636 2944 708 perimaris.
2963 635 3262 704 Respondit
3284 644 3504 688 sanctus

1932 734 2136 800 Euplus
2160 753 2168 782 :
2194 733 2463 802 improbe,
2489 748 2628 787 caece
2653 732 2815 786 corde
2838 731 3107 806 ,niinister
3133 729 3333 783 diaboli
3354 729 3501 798 ejus-

1930 841 2034 892 que
2065 826 2209 878 socie
2239 825 2289 878 in
2317 825 2451 878 solio
2474 867 2486 887 ,
2545 825 2666 894 quis
2695 823 2799 877 diei
2827 823 3007 876 lumen
3042 820 3326 888 relinquit,
3360 827 3418 872 ut
3447 821 3499 872 in

1934 916 2174 969 tenebris
2198 917 2475 970 ambulet?
2507 913 2601 969 His
2631 915 2833 969 auditis
2863 913 3498 981 Calvisianustyrannus,

1931 1017 2234 1060 commotus
2268 1016 2349 1061 est
2393 1048 2406 1071 ,
2436 1022 2499 1060 ac
2547 1006 2741 1060 indixit
2794 1005 3057 1060 ministris
3090 1005 3202 1057 suis
3234 1045 3246 1064 ,
3275 1005 3493 1057 beatum

1934 1099 2164 1168 Euplum
2191 1099 2381 1170 ligari,
2437 1110 2599 1168 atque
2657 1099 2845 1152 ferreis
2893 1098 3109 1152 uncinis
3166 1113 3327 1151 aures
3383 1097 3500 1166 ejus

1936 1191 2223 1244 contundi.
2261 1191 2474 1250 Ducunt
2496 1207 2621 1258 ergo
2653 1191 2800 1244 illum
2839 1191 2903 1243 ad
2937 1190 3174 1243 tribunal
3203 1207 3214 1241 :
3248 1189 3501 1242 convenit

1932 1297 2060 1334 vero
2092 1282 2380 1336 universus
2408 1284 2642 1352 populus
2671 1291 2776 1335 tam
2837 1277 3073 1334 ﬁdelium
3107 1296 3268 1349 quam
3309 1279 3500 1331 infide-

1934 1371 2060 1424 lium
2086 1413 2098 1433 ,
2133 1372 2284 1441 quasi
2322 1357 2710 1425 ad‘maximum
2757 1370 3149 1440 spectaculum.
3184 1369 3252 1421 At
3287 1369 3502 1436 impiis-

1929 1463 2098 1516 simus
2136 1465 2472 1519 Calvisianus
2521 1464 2691 1519 voluit
2721 1465 2916 1517 solium
2970 1479 3128 1516 suum
3191 1462 3314 1531 poni
3347 1461 3498 1527 juxta

1931 1571 2247 1622 Cat-cerem,
2290 1573 2472 1613 coram
2545 1555 2758 1610 lavacro
2815 1556 2956 1625 quod
3017 1555 3222 1609 carceri
3290 1553 3500 1622 adjacet

1932 1669 2117 1708 versus
2155 1652 2459 1705 meridiem.
2508 1650 2751 1718 Cumque
2791 1650 3021 1703 sedisset
3071 1662 3234 1716 super
3273 1647 3496 1715 impium

1930 1746 2121 1799 solium
2154 1759 2309 1798 suum
2342 1786 2354 1809 ,
2385 1743 2546 1812 jussit
2599 1744 2817 1799 beatum
2860 1741 3087 1810 Euplum
3133 1740 3307 1810 capite
3347 1748 3498 1791 trun-

1933 1837 2065 1889 cari.
2106 1834 2203 1889 llic
2251 1851 2385 1890 vero
2421 1836 2642 1904 impium
2674 1836 2905 1890 maxime
2956 1832 3236 1903 praesidem
3273 1830 3497 1900 rogavit.

249 1925 623 1993 μεσημϐρίαν.
652 1925 759 1977 Καὶ
784 1923 1138 1986 καθεσθέντος
1170 1923 1333 1976 αὑτοῦ
1357 1923 1446 1975 ἐπὶ
1478 1919 1570 1974 τοῦ
1600 1922 1827 1984 ἀσεϐοῦς
1865 1905 1899 1958 Β

1865 1905 1899 1958 Β
1934 1939 1991 1979 ut
2021 1927 2278 1995 temporis
2315 1928 2657 1981 intervallum
2697 1927 2794 1997 ipsi
2826 1926 2890 1980 ad
2924 1923 3250 1994 precandum
3299 1935 3498 1975 conce-

246 2014 416 2067 αὑτοῦ
444 2015 656 2083 θρόνου,
686 2014 971 2067 ἐκέλευσεν
999 2013 1504 2082 ἀποκεφαλισθῆναι
1530 2015 1617 2068 τὸν
1647 2017 1825 2082 μακα-

249 2126 366 2179 ριον
407 2104 638 2162 Εὗπλον.
679 2109 736 2160 Ὀ
784 2108 839 2160 δὲ
894 2108 1164 2177 μακάριος
1214 2102 1424 2170 Εὗπλος
1484 2109 1825 2177 παρεκάλεσε

245 2199 341 2252 τὸν
386 2200 749 2252 ἀσεϐέστατον
787 2199 1174 2264 Καλϐισιανὸν,
1203 2193 1388 2251 λα’ὁείν
1420 2200 1580 2252 αὐτὸν
1619 2201 1827 2268 διωρίαν

245 2291 342 2343 τοῦ
375 2290 799 2356 προσεύξασθαι.
839 2292 946 2343 Kal.
976 2291 1190 2354 ἀνοίξας
1221 2289 1279 2342 τὸ
1312 2290 1465 2358 ἅγιον
1497 2290 1828 2358 Εὑαγγέλιον

246 2382 342 2434 τοῦ
393 2380 553 2445 Θεοῦ,
600 2382 802 2453 ἤρξατο
846 2382 1201 2449 ἁναγγέλλειν
1241 2383 1337 2444 τὰς
1379 2381 1823 2452 θαυματουργίας

247 2471 342 2524 τοῦ
390 2473 598 2542 Κυρίου
668 2475 821 2544 ήμῶν
873 2473 1047 2542 Ἰησοῦ
1077 2474 1333 2544 Χριστοῦ.
1375 2474 1484 2526 Kal.
1529 2474 1716 2526 πολλοὶ
1761 2475 1823 2527 ὲκ

245 2563 345 2617 τοῦ
385 2566 542 2635 ὄχλου
582 2567 962 2634 ἐφωτίσθησαν
1000 2565 1067 2617 δι’
1109 2565 1296 2618 αὑτοῦ.
1337 2563 1445 2616 Καὶ
1487 2564 1623 2632 μετὰ
1653 2563 1825 2616 ταῦτα

249 2655 713 2722 προσευξάμενος,
746 2658 946 2726 ἤκουσε
979 2658 1162 2725 φωνῆς
1188 2653 1245 2720 ἐξ
1270 2653 1500 2723 οὐρανοῦ
1529 2654 1822 2722 λεγούσης·

1932 2016 2172 2070 duretur.
2202 2019 2404 2084 Quare,
2439 2028 2625 2088 aperto
2649 2026 2837 2070 sancto
2875 2017 2963 2070 Dei
3007 2013 3297 2083 Evangelio
3320 2052 3332 2072 ,
3362 2025 3498 2078 pra!-

1931 2109 2110 2160 diearc
2142 2109 2308 2178 coepit
2344 2109 2558 2162 Domini
2600 2110 2767 2164 nostri
2795 2109 2920 2162 .lcsu
2970 2107 3168 2162 Christi
3219 2103 3498 2162 miracula,

1930 2201 2063 2254 adeo
2100 2211 2155 2253 ut
2189 2217 2217 2254 e
2250 2201 2405 2268 plebe
2452 2202 2602 2254 multi
2641 2217 2736 2268 per
2772 2216 2894 2255 eum
2936 2197 3216 2252 illuminati
3266 2194 3482 2248 fuerint.

1930 2290 2121 2345 Postea
2160 2308 2282 2348 eum
2301 2302 2526 2356 orasset,
2542 2293 2747 2346 audivit
2773 2307 2959 2346 vocem
2980 2307 3008 2343 e
3026 2290 3162 2344 ccelo
3188 2288 3496 2342 dicentem:

1937 2386 2084 2440 Bono
2113 2391 2186 2442 sis
2228 2391 2436 2454 animo,
2481 2391 2687 2459 Euple;
2734 2391 2922 2444 beatus
2975 2403 3031 2442 es
3081 2398 3170 2450 tu;
3220 2385 3378 2444 veni.
3417 2400 3502 2436 re-

1934 2477 2153 2546 quiesce
2183 2494 2304 2531 cum
2340 2479 2406 2531 iis
2453 2481 2544 2547 qui
2571 2481 2638 2532 ab
2699 2479 2853 2531 initio
2892 2478 3176 2545 hucusque
3226 2471 3354 2526 mihi
3386 2471 3499 2539 pla-

1936 2576 2186 2621 cuerunt.
2225 2569 2462 2622 Tandem
2503 2577 2725 2637 accepta
2779 2568 3045 2622 sententia
3071 2606 3083 2630 ,
3132 2579 3226 2633 per
3264 2561 3497 2632 gladium

1935 2660 2192 2728 martyrio
2224 2670 2633 2715 consummatus
2657 2670 2762 2714 est.

248 2747 477 2817 θάρσει,
519 2746 696 2803 Εὗπλε
720 2765 736 2781 ο
772 2752 865 2804 καὶ
901 2753 1172 2822 μακάριος
1207 2747 1258 2805 εἴ
1309 2751 1408 2804 σύν
1449 2750 1627 2820 δεῦρο,
1665 2751 2018 2806 ὶπαναπαύου
2055 2758 2191 2824 μετὰ
2234 2758 2343 2809 τῶν
2393 2759 2487 2809 ἀπ’
2515 2757 2705 2819 αἰῶνος
2738 2754 3216 2823 εὐσρεστητάντων
3256 2767 3362 2820 μοι.
3394 2748 3500 2800 Καὶ

246 2845 432 2899 λαϐὼν
461 2848 558 2916 τὴν
590 2848 888 2916 ἀπόφασιν,
923 2849 1211 2918 ἐτελειώθη
1243 2848 1330 2900 διὰ
1368 2849 1463 2900 τοῦ
1501 2848 1706 2917 ξίφους.

320 2937 394 2992 Z'.
437 2939 593 3001 Τινὲς
631 2938 687 2991 δὲ
724 2940 834 2990 τῶν
875 2939 1233 3009 φιλοχρίστων
1277 2939 1529 3007 μοναχών
1569 2938 1822 3007 λαϐόντες

247 3032 309 3082 τὸ
350 3032 530 3098 τίμιον
557 3031 723 3084 αὐτοῦ
763 3031 1050 3100 λείψανον,
1108 3031 1400 3082 κατέθεντο
1434 3030 1568 3083 αὐτὸ
1607 3031 1664 3082 ὲν
1698 3031 1820 3081 ἑπι-

250 3124 414 3189 σήμῳ
440 3125 607 3192 τόπῳ,
651 3126 707 3174 ἐν
742 3119 784 3190 ᾧ
819 3126 1025 3192 ἰάματα
1055 3124 1452 3176 ἐπιτελοῦνται.
1503 3121 1822 3191 Ἐτελειὼθη

245 3211 304 3260 δὲ
358 3210 524 3262 αὑτοῦ
567 3214 598 3279 ή
651 3214 932 3282 μαρτυρία
972 3214 1029 3264 ὲν
1077 3213 1214 3280 καλῇ
1265 3213 1525 3281 ὁμολογίᾳ
1571 3212 1702 3280 μηνὶ
1725 3213 1828 3263 AO.

248 3303 468 3372 γούστῳ
506 3302 797 3374 δωδεκάτῃ,
830 3304 886 3355 ὲν
925 3303 1000 3370 τῷ
1037 3305 1263 3371 ὀνόματι
1308 3304 1399 3355 τοῦ
1436 3304 1636 3371 Κυρίου
1671 3305 1830 3372 ἡμῶν

261 3396 437 3465 Ἰησοῦ
487 3397 744 3467 Χριστοῦ,
797 3391 899 3465 ᾧή
943 3398 1067 3463 δόξα
1108 3399 1202 3451 καὶ
1244 3397 1305 3450 τὸ
1355 3399 1576 3467 κράτος,
1613 3397 1709 3449 σὺν
1752 3394 1830 3465 τῷ

250 3489 427 3557 Πατρὶ
469 3492 560 3540 καὶ
600 3489 677 3555 τῷ
715 3489 854 3556 ἁγίῳ
888 3491 1191 3557 Πνεύματι,
1219 3491 1313 3544 νῦν
1360 3490 1454 3543 καὶ
1503 3488 1588 3541 ἀεὶ
1629 3488 1722 3541 καὶ
1752 3488 1830 3550 εἰς

246 3580 376 3641 τοὺς
406 3579 610 3642 αἰῶνας
638 3580 747 3632 τῶν
772 3582 1002 3634 αἰώνων.
1037 3581 1232 3650 Ἀμήν.

250 3753 3301 3786 ΝΜ

2003 2936 2111 2989 Vll.
2144 2936 2370 3002 Quidam
2403 2953 2530 2991 vero
2552 2954 2579 2992 e
2615 2936 2815 2992 Clu-isti
2838 2938 3169 2992 amatoribus
3197 2935 3498 2998 monachis.

1930 3029 2192 3097 pretiosas
2240 3031 2356 3098 ejus
2408 3030 2660 3101 reliquias
2729 3033 3010 3097 collectas,
3049 3030 3417 3100 deposuerunt
3445 3032 3496 3084 lu

1930 3117 2048 3171 loco
2081 3119 2273 3190 insigni
2300 3139 2314 3176 :
2347 3123 2434 3176 ubi
2465 3126 2776 3178 morborum
2807 3127 3118 3179 curationes
3139 3133 3496 3194 peraguntur.

1932 3209 2098 3265 Porro
2126 3211 2245 3278 ejus
2274 3214 2586 3283 martyrium
2616 3217 2668 3268 in
2697 3217 2949 3284 praeclara
2980 3216 3321 3270 confessione
3343 3230 3496 3269 com-

1934 3302 2134 3368 pletum
2163 3304 2262 3359 fuit
2313 3305 2638 3362 duodecimo
2663 3308 2751 3362 die
2785 3311 2986 3363 mensis
3018 3308 3238 3379 Augusti
3268 3328 3281 3375 ;
3315 3306 3366 3362 in
3407 3324 3504 3363 no-

1935 3394 2082 3448 mine
2108 3395 2317 3450 Domini
2345 3402 2510 3454 nostri
2535 3400 2662 3453 Jesu
2687 3401 2911 3466 Christi,
2939 3403 3024 3455 eui
3045 3403 3210 3470 gloria
3241 3417 3302 3455 ac
3322 3402 3494 3469 impe-

1938 3483 2078 3543 l'ium
2099 3531 2112 3554 ,
2144 3506 2264 3544 cum
2291 3489 2450 3545 Patre
2476 3502 2528 3545 et
2557 3501 2746 3547 sancto
2771 3492 2996 3562 Spiritu,
3028 3508 3173 3548 nunc
3205 3502 3258 3548 et
3286 3493 3500 3561 semper

1938 3591 1999 3640 et
2029 3583 2081 3634 in
2114 3581 2310 3636 saecula
2345 3580 2686 3634 saeculorum.
2747 3579 2935 3634 Amen.

1653 3935 2110 4025 ORATIO

394 4129 544 4199 Qum
584 4129 798 4184 tractat
829 4141 863 4184 a
897 4125 1259 4187 venerando
1292 4132 1532 4211 ortu_et
1573 4127 1952 4211 educatione
1996 4131 2410 4211 sanctissima)
2449 4129 2732 4193 Dominae
2767 4131 3009 4193 Nostra
3042 4131 3350 4211 Deiparaa,

1418 4208 1490 4267 Et
1519 4216 1661 4268 ortu
1697 4207 1919 4268 Christi
1959 4209 2072 4268 Dei
2109 4212 2330 4285 nostri,

894 4289 966 4349 Et
1001 4303 1403 4364 quaecunque
1425 4288 1855 4368 contigerunt
1886 4286 1962 4345 ad
1996 4289 2309 4368 viviﬁcum
2342 4289 2862 4368 ejustdecessum.

725 4368 792 4426 Et
826 4375 1126 4444 praeterea
1162 4365 1484 4447 quomodo
1522 4364 1584 4422 iu
1620 4372 1906 4442 apertum
1945 4366 2185 4447 prolata
2223 4367 2302 4447 sit
2340 4364 2613 4446 pretiosa
2647 4373 2782 4447 ejus
2830 4370 3041 4431 vestis.

753 4443 1391 4525 thuemadm’odum
1428 4443 1521 4503 bro
1556 4460 1796 4521 magna;
1839 4459 1997 4522 Opes
2029 4444 2207 4507 fuere
2238 4443 2604 4508 Clirisuanis
2637 4443 3000 4509 reconditae.

513 4566 782 4628 Auctore
812 4570 1105 4645 Symeone
1145 4567 1584 4644 Metaphraste,
1621 4570 1730 4644 qui
1760 4572 2282 4645 gravissimorum
2315 4574 2579 4632 Patrum
2606 4572 2816 4632 utitur
2851 4576 3244 4634 testimoniis.

250 4730 427 4794 (Apud
450 4731 653 4784 Surlum
687 4734 746 4783 ad
775 4734 1245 4802 diem1§_;\ugiisti.
1292 4737 1669 4802 ——Fragm‘e_nta
1721 4734 1887 4802 Graeca
1931 4738 2169 4802 nonnulla
2189 4735 2509 4802 _s_ubjeeimus
2555 4755 2667 4802 quas
2688 4745 2889 4790 entant
2929 4743 2978 4791 in
3022 4743 3205 4794 Catena
3245 4743 3302 4788 ad
3359 4741 3498 4794 Luca

965 4795 1287 4857 Evangelium
1311 4812 1454 4857 quam
1476 4795 1635 4847 edidit
1659 4798 1788 4846 card.
1830 4799 1960 4859 Ang.
1998 4796 2091 4847 Mai
2115 4796 2164 4846 in
2189 4795 2309 4852 γετξ
2335 4801 2523 4850 δειυΡτ.
2553 4795 2671 4851 tom.
2699 4802 2806 4862 ΙΙ.)

323 5122 364 5176 1.
401 5118 699 5190 Oportebat
754 5138 942 5178 revera
989 5123 1259 5195 Virginem
1288 5166 1300 5186 ,
1357 5126 1497 5181 sicut
1539 5126 1658 5198 ipsa
1718 5127 1813 5182 Dei
1844 5132 1894 5192 Β
1921 5148 2046 5200 que,
2083 5132 2198 5188 Filii
2228 5135 2430 5191 cedens
2453 5135 2682 5208 legibus,
2741 5143 2952 5206 gratum
3003 5135 3204 5191 habere
3238 5138 3310 5201 id,
3354 5140 3498 5207 quod

244 5214 319 5267 ad
347 5213 596 5267 homines
628 5217 840 5268 venturi
876 5217 1093 5270 inventa
1123 5227 1204 5271 est
1231 5217 1449 5286 dignum
1473 5227 1528 5272 et
1559 5220 1669 5274 Deo
1701 5236 1832 5274 eon-

246 5304 487 5359 veniens
523 5305 918 5371 habitaculum,
980 5310 1052 5361 ita
1101 5325 1248 5364 nunc
1297 5310 1442 5363 illam
1494 5309 1560 5364 ad
1598 5314 1831 5368 encomii

245 5406 636 5466 argumentum
685 5398 842 5452 nobis
898 5400 1261 5469 propositum,
1324 5402 1539 5473 dignam
1589 5401 1826 5473 linguam

242 5504 380 5543 esse
421 5501 791 5553 consecutam,
824 5507 944 5558 qua:
975 5507 1062 5547 res
1092 5494 1212 5562 ejus
1241 5493 1516 5564 eleganter
1558 5508 1822 5563 narraret,

243 5591 308 5636 et
339 5576 755 5635 convenientem
805 5584 852 5638 ei
891 5585 1101 5639 laudem
1148 5585 1382 5641 afferret.
1421 5587 1525 5642 Sed
1559 5590 1819 5659 quoniam

242 5687 363 5741 quo
394 5672 503 5726 hoc
541 5679 621 5725 est
652 5675 846 5742 majus,
883 5692 947 5731 eo
980 5678 1253 5734 difﬁcilius
1297 5681 1550 5748 explicari
1609 5690 1819 5750 potest,

243 5779 356 5835 pro
399 5763 604 5820 viribus
635 5764 822 5821 saltem
854 5770 1015 5824 alacri
1057 5771 1239 5825 animo
1270 5774 1442 5827 danda
1489 5782 1572 5829 est
1619 5789 1778 5842 opera
1810 5817 1823 5840 ,

249 5863 314 5908 ut
352 5864 596 5910 texamus
629 5858 744 5925 ejus
776 5858 1159 5917 laudationem.
1197 5863 1306 5918 Scit
1362 5865 1504 5920 enim
1541 5866 1654 5935 ipsa
1687 5881 1823 5934 quo~

1937 5223 1994 5277 fit
2034 5241 2131 5294 pro
2168 5226 2394 5280 viribus.
2432 5227 2730 5282 Dicendum
2767 5236 2850 5281 est
2899 5243 3061 5297 ergo,
3097 5236 3152 5282 et
3206 5229 3498 5299 diligenter

1930 5317 2286 5382 narrandum,
2316 5328 2370 5372 et
2405 5318 2549 5372 unde
2575 5330 2690 5373 orta
2724 5319 2968 5389 sit,quos
3000 5331 3253 5389 parentes
3291 5323 3496 5376 habue-

1931 5408 2038 5468 rit,
2089 5408 2264 5476 deque
2312 5408 2636 5462 educatione
2689 5409 2842 5478 ejus,
2897 5417 2951 5461 et
3001 5409 3109 5464 ﬁne
3163 5413 3325 5464 vitae:
3365 5413 3497 5480 quin

1927 5497 2088 5550 etiam
2123 5514 2463 5568 quaecunque
2505 5501 2575 5552 illi
2608 5501 2948 5569 contigerunt
2991 5517 3057 5555 ex
3102 5503 3283 5556 divina
3315 5502 3499 5557 Provi-

1933 5589 2115 5642 dentia
2174 5601 2227 5644 et
2265 5592 2478 5644 arcanis
2527 5589 2852 5645 rationibus.
2911 5592 3064 5656 Quod
3100 5592 3142 5644 si
3192 5594 3366 5648 oratio
3397 5593 3498 5666 alia

1935 5698 2150 5753 quoque
2190 5685 2621 5754 comprehendit,
2672 5693 2724 5737 et
2760 5685 3065 5739 necessario
3117 5687 3497 5754 persequitur,

1934 5791 2040 5828 non
2110 5785 2193 5829 est
2231 5791 2258 5828 a
2322 5776 2528 5829 ratione
2581 5775 2853 5838 alienum,
2914 5778 3054 5846 quod
3117 5776 3315 5830 factum
3367 5788 3498 5842 est;

1937 5869 2113 5924 omnia
2147 5870 2288 5924 enim
2318 5869 2380 5922 ad
2411 5884 2526 5924 eam
2565 5869 2894 5930 referuntur.
2930 5873 3156 5940 ejusque
3183 5885 3307 5926 sunt
3332 5869 3513 5947 gloria.
