4226 6436
755 438 852 504 531

2009 442 2291 501 MENSIS
2331 441 2754 502 AUGUSTUS.

3889 436 4007 502 532

753 559 808 601 et
838 548 1106 601 ettcomia.
1162 549 1408 614 Quorum
1437 549 1676 605 narratio
1701 567 1808 604 non
1845 551 1947 605 erit
1990 550 2148 604 nobis
2195 551 2319 604 abs-
2350 555 2395 610 Δ
2424 551 2545 605 Ave.
2597 552 2768 617 gratia
2822 548 3001 612 plena,
3062 548 3259 617 inquit,
3314 548 3563 600 Dominus
3620 558 3806 602 tecum.
3843 549 4010 604 Con—

754 655 859 706 que
906 638 1009 691 ﬁde
1039 637 1217 707 dignis
1245 638 1492 704 testibus,
1545 656 1647 695 nec
1677 648 1924 694 sumetur
1961 654 2024 692 ex
2074 642 2319 708 personis

754 729 1133 798 quibuslibet:
1166 729 1258 783 sed
1318 745 1479 800 quam
1524 731 1645 797 viri,
1677 732 1875 800 quibus
1924 732 2042 800 jure
2097 730 2320 785 creden-

753 819 884 873 dum
908 827 1058 873 estet
1081 819 1172 889 qui
1197 820 1358 874 simul
1386 835 1507 875 cum
1537 821 1783 875 doctrina
1813 821 2081 890 egregiam
2112 831 2322 889 quoque

762 913 922 966 vitam
952 914 1272 974 attulerunt,
1300 913 1590 983 diligenter
1622 922 2083 983 composuerunt;
2118 911 2321 981 Grego—

760 1004 895 1066 rius,
926 1005 1168 1072 inquam,
1215 1005 1512 1074 Nyssenus,
1553 1005 1879 1059 Athanasius
1910 1003 2324 1066 Alcitandrinus,

757 1091 1049 1163 Dionysius
1075 1094 1422 1164 Areopagita,
1456 1105 1510 1149 et
1561 1096 1717 1148 multi
1746 1096 1858 1159 alii,
1910 1093 2004 1163 qui
2054 1108 2153 1146 nec
2203 1101 2328 1145 sunt

758 1186 1018 1254 vulgaris,
1057 1195 1112 1240 ut
1139 1188 1397 1248 diximus.
1431 1187 1774 1251 eruditionis,
1814 1196 2027 1241 etsunt
2079 1185 2183 1238 vita
2230 1185 2325 1237 ad-

758 1277 1035 1330 mirabiles
1061 1292 1074 1328 :
1108 1286 1182 1341 et,
1217 1279 1358 1345 quod
1390 1279 1561 1345 majus
1590 1286 1691 1340 est,
1723 1292 1886 1346 quam
1915 1277 2088 1347 ipsum
2115 1289 2328 1344 quoque

759 1368 1003 1421 divinum
1040 1372 1205 1424 refert
1237 1370 1610 1440 Evangelium.

832 1460 899 1513 11.
952 1459 1072 1514 Jam
1104 1462 1248 1515 enim
1285 1462 1500 1516 divinus
1532 1461 1828 1533 Gregorius
1852 1462 1904 1515 in
1937 1462 2178 1514 oratione
2217 1474 2334 1529 qua:

761 1553 829 1606 de
861 1562 982 1605 ortu
1012 1552 1217 1607 Christi
1258 1555 1326 1608 ab
1374 1555 1490 1623 ipso
1540 1564 1621 1608 est
1671 1553 2077 1622 composita(a).
2113 1556 2228 1606 haec
2269 1553 2335 1606 de

763 1658 826 1695 ea
861 1651 1095 1696 tractat:
1129 1643 1353 1710 Audivi,
1394 1644 1608 1710 dicens,
1661 1658 1918 1698 arcanam
1953 1643 2240 1713 quamdam
2285 1651 2339 1694 et

761 1736 1028 1788 occultam
1061 1735 1365 1798 historiam,
1391 1735 1458 1788 de
1486 1750 1548 1789 ea
1579 1734 1692 1790 haec
1717 1745 2027 1788 narrantem
2055 1745 2071 1781 :
2105 1730 2232 1783 Erat
2259 1729 2339 1782 in-

763 1824 928 1894 signis
962 1826 1016 1878 in
1048 1835 1300 1880 accurata
1325 1827 1474 1889 vitat,
1496 1831 1615 1894 quae
1647 1829 1730 1878 est.
1764 1840 1830 1878 ex
1861 1824 2006 1892 lege,
2041 1822 2341 1875 institutio-

764 1930 855 1978 ne,
917 1926 973 1970 et
1027 1917 1168 1970 inter
1202 1918 1440 1987 Optimos
1465 1917 1713 1987 apprime
1764 1924 1949 1978 notus.
1982 1923 2135 1983 pater
2167 1912 2335 1982 Virgi-
2371 1903 2410 1955 Β

767 2011 872 2062 nis.
933 2009 1309 2064 Consenuerat
1363 2019 1546 2066 autem
1600 2010 1717 2063 sine
1768 2009 1973 2068 liberis,
2039 2005 2180 2075 quod
2228 2019 2334 2058 non

766 2112 883 2154 erat
925 2102 1043 2170 ejus
1081 2104 1279 2171 conqu
1331 2113 1453 2171 ap'a
1509 2102 1575 2155 ad
1611 2101 1978 2171 procreandos
2014 2100 2173 2152 ﬁlios.
2207 2097 2335 2151 Erat

769 2208 900 2247 vero
932 2209 998 2246 ex
1033 2195 1148 2264 lege
1178 2195 1396 2263 quidam
1452 2195 1630 2248 honor
1681 2193 1967 2255 matribus.
2019 2207 2177 2262 quem
2232 2206 2336 2244 non

770 2287 1230 2354 adipiscebantur,
1280 2304 1400 2356 qua
1426 2288 1693 2342 carebant
1732 2287 1876 2340 ﬁliis.
1928 2287 2174 2338 Imitatur
2214 2298 2342 2352 ergo

770 2394 832 2431 ea
861 2393 1077 2446 quoque
1112 2379 1222 2442 illa,
1259 2394 1378 2447 quae
1409 2387 1662 2432 narratur
1689 2378 1756 2431 de
1788 2384 1962 2431 matre
1994 2375 2295 2430 Samuelis‘
2325 2416 2338 2429 .

773 2472 984 2524 Etcum
1018 2470 1206 2524 fuisset
1249 2471 1386 2525 intra
1416 2473 1616 2541 templa
1656 2481 1988 2534 sanctorum,
2032 2469 2088 2522 ﬁt
2117 2469 2343 2538 supplex

777 2564 904 2625 Deo,
949 2577 1144 2628 rogans
1186 2578 1254 2615 ne
1301 2564 1575 2616 excideret
1602 2565 1668 2617 ab
1696 2578 1780 2626 ea,
1812 2578 1931 2631 quae
1970 2571 2054 2615 est
2086 2578 2148 2615 ex
2193 2563 2341 2630 lege,

777 2652 1178 2719 benedictione,
1213 2668 1335 2707 cum
1375 2654 1425 2706 in
1479 2654 1648 2724 legem
1697 2655 1830 2708 nihil
1872 2663 2157 2722 peccaret:
2193 2652 2346 2706 ﬁeret

780 2755 961 2796 autem
991 2755 1180 2807 mater,
1218 2756 1269 2800 et
1304 2745 1414 2801 Deo
1444 2757 1791 2801 consecraret
1834 2747 1885 2800 id
1915 2746 2057 2816 quod
2092 2755 2343 2815 pareret.

781 2833 917 2889 Cum
956 2846 1089 2889 nutu
1127 2849 1308 2891 autem
1341 2839 1524 2893 divino
1579 2839 1898 2893 conﬁrmata
1943 2848 2090 2894 esset
2119 2839 2186 2891 ad
2228 2852 2349 2906 gra-

783 2925 936 2990 tiam,
975 2943 1136 2994 quam
1181 2930 1434 2996 petierat,
1485 2940 1768 2996 postquam
1812 2928 2024 2997 peperit
2076 2927 2304 2994 puellam
2331 2968 2345 2990 ,

782 3033 904 3070 eam
934 3017 1150 3086 quidem
1180 3018 1483 3072 nominavit
1509 3017 1733 3072 Mariam
1761 3038 1774 3072 :
1807 3027 1865 3072 ut
1896 3018 1980 3072 vel
2034 3018 2210 3088 ipsum
2251 3033 2350 3070 no-

781 3121 907 3159 men
949 3107 1300 3176 signiﬁcaret,
1330 3125 1359 3162 a
1387 3109 1495 3163 Deo
1539 3109 1716 3163 datam
1769 3124 1886 3163 esse
1931 3111 2176 3178 gratiam.
2213 3107 2349 3162 Cum

2430 1008 2644 1061 dolores
2686 1025 2698 1060 :

2432 1101 2638 1164 timeas,
2665 1098 2862 1167 inquit.
2896 1097 3160 1162 Quoniam
3198 1099 3342 1152 enim
3370 1098 3518 1151 omni
3553 1099 3762 1150 mulieri
3801 1107 4016 1150 metum

2431 1190 2588 1243 affert
2614 1199 2800 1259 partus
2827 1188 3179 1257 exspectatio,
3209 1199 3412 1241 metum
3439 1188 3654 1256 expellit
3681 1189 3857 1242 dulcis
3889 1203 4020 1254 par—

2430 643 2587 694 traria
2619 639 2690 691 illi
2721 639 2907 708 prima!
2943 639 3082 701 voci,
3123 654 3244 708 quae
3290 640 3427 693 facta
3476 648 3557 691 est
3587 641 3822 703 mulieri,
3847 657 4010 694 nunc

2429 732 2588 784 verba
2621 731 2758 783 fiunt
2784 730 3011 800 Virgini.
3049 731 3138 784 Illa
3162 731 3438 786 doloribus
3475 731 3527 782 in
3554 739 3710 798 partu
3739 731 4014 782 condem-

2427 834 2553 877 nata
2597 823 2693 878 fuit
2723 833 2941 892 propter
2971 833 3248 892 peccatum
3281 843 3290 876 :
3321 828 3372 876 in
3404 824 3503 877 hac
3524 832 3705 876 autem
3750 839 3846 892 per
3869 824 4014 876 laeti—

2433 919 2558 972 tiam
2590 917 2879 986 expellitur
2902 917 3135 971 tristitia.
3165 918 3222 971 In
3260 919 3343 970 illa
3375 927 3584 986 partum
3609 924 4015 985 przeccsserunt

2750 1007 2833 1060 hic
2873 1021 3001 1060 vero
3034 1008 3215 1060 lret'rtia
3254 1018 3336 1061 est
3366 1009 3629 1061 obstetrix
3677 1017 3896 1075 partus.
3935 1005 4017 1057 Ne

2438 1292 2526 1335 tus
2563 1280 2848 1349 promissio
2890 1301 2902 1333 ;
2940 1278 3002 1331 In
3034 1290 3180 1332 utero
3227 1280 3503 1346 concipies,
3537 1288 3583 1330 et
3617 1280 3788 1344 paries
3816 1277 4018 1345 ﬁlium.

2437 1382 2484 1426 et
2516 1371 2724 1424 vocabis
2756 1387 2938 1424 nomen
2969 1371 3082 1439 ejus
3107 1369 3282 1422 Jesmu
3311 1370 3350 1424 ³.

2515 1464 2602 1517 1V.
2635 1461 2774 1526 Quid
2806 1472 2985 1515 autem
3019 1461 3232 1514 Maria?
3265 1462 3404 1515 Audi
3440 1477 3630 1531 puram
3672 1476 3861 1514 vocem
3899 1458 4017 1511 Vir-

2439 1554 2598 1624 ginis.
2633 1551 2870 1619 Angelus
2917 1561 3129 1618 partum
3179 1553 3482 1613 annuntiat,
3540 1561 3592 1604 et
3643 1551 3729 1604 illa
3776 1549 4024 1604 adhaeret

2441 1645 2758 1716 virginitati,
2798 1659 2905 1700 non
2953 1642 3253 1711 corrumpi,
3286 1643 3536 1710 judicans
3584 1658 3703 1697 esse
3756 1655 4023 1712 praesun-

2443 1741 2570 1802 tius,
2603 1751 2762 1807 quam
2815 1735 3210 1804 apparitionem
3258 1733 3455 1804 angeli.
3504 1733 3569 1786 Et
3613 1749 3789 1802 neque
3839 1744 4026 1802 potest

2444 1830 2634 1899 angelo
2683 1843 2793 1882 non
2847 1827 3092 1890 credere,
3155 1840 3330 1894 neque
3386 1826 3620 1880 discedit
3668 1826 3734 1878 ab
3785 1826 3852 1878 iis
3903 1842 4027 1892 qua:

2441 1932 2728 1978 statuerat.
2780 1921 2895 1986 Est,
2950 1921 3144 1989 inquit.
3201 1919 3334 1973 mihi
3397 1918 3678 1989 prohibita
3730 1934 3856 1971 cum
3907 1919 4027 1971 viro

2443 2015 2804 2069 consuetudo.
2861 2013 3146 2078 Quomodo
3202 2013 3303 2066 erit
3362 2012 3495 2066 mihi
3567 2012 3695 2072 hoc,
3757 2011 4024 2079 quoniam

2442 2111 2617 2162 virum
2652 2123 2762 2161 non
2793 2106 3106 2176 cognosco?
3136 2105 3261 2158 llaec
3291 2121 3393 2158 vox
3439 2104 3639 2168 Maria,
3674 2113 3758 2157 est
3789 2103 4028 2156 demon-

2445 2202 2635 2255 stratio
2668 2215 2857 2253 eorum
2896 2212 3018 2267 qua),
3043 2211 3244 2250 arcane
3278 2205 3331 2249 et
3363 2195 3578 2249 occulte
3607 2205 3924 2249 narrantur.
3969 2191 4027 2245 Si

2446 2292 2592 2345 enim
2666 2305 2784 2344 eam
2843 2290 3042 2357 Joseplt
3115 2298 3402 2354 acceperat
3467 2291 3522 2340 in
3583 2287 4027 2347 matrimonium,

2447 2381 2903 2452 quemadmodum
2946 2379 2994 2433 ei
3023 2378 3196 2432 visum
3226 2389 3308 2434 est
3336 2379 3596 2442 alienum,
3631 2380 3774 2447 quod
3807 2388 4028 2446 partum

2448 2482 2571 2528 ante
2603 2471 2953 2542 signiﬁcaret,
2986 2470 3029 2524 si
3058 2471 3173 2539 ipsa
3199 2470 3422 2524 omnino
3453 2469 3798 2537 exspectabat
3829 2469 3945 2520 ﬁeri
3977 2465 4028 2518 ei

2447 2576 2620 2620 mater
2649 2566 2764 2635 lege
2794 2571 3003 2617 naturae
3029 2564 3050 2616 ?
3080 2561 3310 2628 Quando
3355 2562 3575 2631 quidem
3628 2575 3870 2623 carnem,
3903 2574 4030 2626 qua:

2450 2660 2560 2713 Deo
2615 2657 2792 2710 fuerat
2845 2665 3187 2720 consecrata,
3239 2655 3401 2708 veluti
3456 2652 3723 2723 quoddam
3773 2664 4028 2705 sanctum

2449 2750 2754 2810 donarium,
2822 2747 3084 2798 intactum
3153 2744 3462 2797 conservari
3527 2743 3844 2809 oportebat;
3899 2755 4032 2808 pro-

2451 2849 2633 2909 pterea
2661 2838 2805 2892 :Etsi
2835 2837 2909 2891 sis
2937 2837 3180 2906 angelus,
3208 2836 3405 2904 inquit,
3426 2834 3525 2887 etsi
3553 2835 3616 2885 de
3647 2832 3780 2884 cmlo
3808 2833 4025 2888 venias.

2451 2930 2657 2986 etiamsi
2708 2931 2779 2984 sit
2821 2944 2984 2998 super
3049 2928 3325 2982 hominem
3373 2926 3426 2980 id
3445 2925 3594 2994 quod
3631 2933 3873 2993 apparet,
3913 2939 4029 2974 non

2452 3031 2630 3092 potest
2660 3032 2835 3076 tamen
2869 3021 3004 3084 ﬁeri,
3039 3030 3097 3073 ut
3137 3021 3315 3074 virum
3351 3033 3699 3087 cognoscam.
3733 3014 4028 3079 Quomodo

2452 3129 2580 3184 ergo
2624 3130 2719 3168 ero
2761 3124 2933 3168 mater
2961 3115 3162 3182 absque
3195 3111 3356 3166 viro?
3383 3111 3518 3166 Nam
3561 3108 3760 3177 Joseph
3800 3107 4030 3174 quidem

782 3216 914 3253 vero
937 3201 1046 3268 jam
1094 3201 1355 3253 crevi-sset
1408 3201 1606 3268 puella,
1661 3209 1721 3251 ut
1768 3215 1875 3251 non
1928 3200 2157 3266 amplius
2216 3212 2421 3287 opusc
2456 3207 2580 3260 novi
2624 3221 2905 3276 sponsum,
2952 3206 3124 3258 virum
3160 3214 3338 3257 autem
3388 3218 3495 3254 non
3544 3215 3834 3268 cognosco.
3883 3195 4030 3260 Quid

788 3293 1016 3346 haberet
1071 3305 1262 3361 sugere
1320 3290 1638 3352 mamillam,
1687 3305 1806 3344 eam
1864 3289 1976 3342 Deo
2027 3289 2264 3353 tradidit,
2299 3299 2353 3344 et

785 3385 1118 3453 promissum
1205 3383 1474 3451 implevit,
1531 3389 1586 3436 et
1664 3381 1730 3434 ad
1787 3381 2048 3451 templum
2095 3381 2352 3435 adduxit.

787 3476 1111 3530 Sacerdotes
1139 3485 1318 3529 autem
1349 3473 1564 3528 interim
1588 3472 1830 3540 quidem,
1859 3472 1926 3524 ad
1954 3472 2356 3524 similitudinem

790 3569 1081 3631 Samuelis,
1114 3568 1254 3621 inter
1281 3577 1504 3621 sanctos
1537 3564 1842 3618 educabant
1873 3563 2130 3629 puellam.

861 3660 951 3716 Ill.
1005 3659 1140 3715 Cum
1192 3675 1321 3715 vero
1392 3656 1676 3722 crevisset,
1726 3655 2010 3710 consilium
2078 3668 2355 3726 ceperunt,

798 3752 1054 3821 quidnam
1089 3768 1244 3806 sacro
1299 3751 1375 3805 illi
1403 3750 1616 3819 corpori
1649 3749 1930 3809 facientes,
1965 3747 2018 3798 in
2051 3747 2220 3799 Deum
2251 3763 2356 3799 non

796 3853 1106 3914 peccarent.
1161 3843 1291 3896 Eam
1347 3841 1495 3894 enim
1537 3821 1641 3907 legi
1680 3849 1889 3890 natura:
1941 3835 2267 3906 subjungere
2309 3847 2363 3891 et

796 3954 917 3991 eam
972 3938 1102 3990 dare
1166 3935 1218 3987 in
1279 3935 1593 3988 servitutem
1643 3931 1692 3984 ei
1750 3930 1840 3999 qui
1895 3928 2036 3983 illam
2091 3931 2359 3998 duceret,

794 4029 1084 4084 videbatur
1137 4023 1609 4081 absurdissimum.
1665 4023 2042 4076 Existimatum
2087 4033 2168 4077 est
2207 4025 2361 4090 plane

794 4124 1158 4194 sacrilegium,
1193 4123 1234 4175 si
1266 4122 1432 4174 divini
1465 4117 1679 4171 denarii
1712 4117 1873 4168 homo
1897 4115 2047 4167 ﬁeret
2075 4115 2356 4167 dominus:

795 4215 1236 4284 quandoquidem
1274 4227 1304 4265 a
1335 4211 1453 4280 lege
1505 4217 1591 4264 est
1638 4207 2012 4271 constitutum,
2049 4213 2107 4259 ut
2137 4206 2362 4260 maritus

796 4321 941 4366 esset
972 4309 1225 4362 dominus
1258 4303 1504 4374 conjugis
1533 4304 1575 4354 '.
1611 4301 1683 4355 Ut
1713 4310 1887 4354 autem
1921 4300 1972 4352 in
2006 4301 2216 4369 templis
2238 4315 2360 4353 ver-

797 4414 1051 4459 sarentur
1082 4400 1336 4453 mulieres
1367 4411 1492 4450 cum
1527 4393 1916 4459 sacerdotibus,
1963 4403 2018 4446 et
2051 4394 2190 4449 inter
2240 4410 2359 4449 san-

799 4510 917 4554 ctos
951 4496 1287 4558 viderentur,
1315 4505 1497 4560 neque
1527 4488 1643 4558 lege
1674 4485 2105 4557 permittebatur,
2144 4499 2246 4538 nec
2276 4498 2364 4536 res

2457 3313 2585 3368 ergo
2641 3297 3048 3366 paranymphus
3122 3291 3362 3353 Gabriel,
3427 3289 3642 3357 qualem
3725 3285 4031 3338 thalamum

2460 3395 2611 3454 parat
2639 3399 2776 3452 puro
2821 3394 2873 3436 et
2902 3381 3186 3450 impolluto
3221 3377 3611 3432 matrimonio?
3658 3372 3915 3441 Spiritus,
3950 3372 4033 3422 in.

2460 3477 2598 3544 quit,
2646 3485 2859 3528 sanctus
2892 3472 3218 3540 superveniet
3267 3471 3327 3524 in
3357 3479 3424 3531 te,
3477 3477 3525 3522 et
3554 3469 3722 3520 uirtus
3772 3464 4035 3518 Altissimi

2462 3568 2794 3620 obumbrabit
2859 3566 2948 3619 tibi
2975 3566 3016 3619 ⁸.
3073 3563 3116 3619 Ο
3149 3566 3360 3618 beatam
3420 3561 3566 3614 illam
3613 3573 3856 3618 carnem,
3906 3572 4034 3624 qua:

2460 3671 2679 3730 propter
2724 3659 2994 3728 insignem
3047 3657 3362 3725 puritatem.
3413 3653 3608 3705 animae
3661 3651 3802 3703 bona
3850 3649 3915 3700 ad
3973 3663 4034 3700 se

2461 3750 2700 3801 attraxit.
2752 3749 2808 3799 In
2856 3748 2977 3798 aliis
3028 3747 3172 3797 enim
3225 3743 3478 3795 omnibus
3529 3741 3614 3792 vix
3664 3739 3843 3791 anima
3897 3754 4033 3804 pura

2462 3842 2634 3896 sancti
2667 3841 2899 3910 Spiritus
2951 3837 3244 3891 adventum
3281 3832 3590 3903 acceperit:
3630 3831 3717 3884 hic
3761 3839 3941 3883 autem
3979 3830 4036 3881 tit

2461 3951 2586 3990 caro
2651 3931 2889 4000 Spiritus
2948 3926 3371 3997 receptaculum.
3428 3923 3568 3988 Quin
3629 3921 3791 3975 etiam
3854 3919 4034 3972 virtus

2465 4027 2675 4080 Domini
2701 4023 3047 4077 obumbrabit
3080 4022 3194 4075 tibi.
3229 4019 3368 4085 Quid
3397 4019 3510 4072 haec
3538 4030 3825 4086 perareana
3859 4013 4038 4084 signi-

2464 4117 2589 4170 ﬁcat
2625 4112 2846 4169 oratio?
2872 4110 3111 4164 Christus
3164 4110 3262 4162 Dei
3305 4111 3492 4170 virtus,
3516 4116 3563 4161 et
3611 4106 3710 4158 Dei
3744 4106 4033 4173 sapientia,

2464 4206 2641 4276 inquit
2670 4203 2958 4274 Apostolus
2988 4203 3027 4255 ⁵.
3060 4201 3324 4256 Altissimi
3356 4214 3485 4268 ergo
3548 4196 3640 4248 Dei
3681 4195 3876 4258 virtus,
3910 4212 4034 4263 qua:

2463 4311 2542 4355 est
2571 4298 2821 4353 Christus
2855 4312 2949 4365 per
2979 4296 3268 4348 adventum
3299 4286 3741 4354 sancti,Spiritus
3770 4285 4037 4338 formatur

2465 4391 2518 4444 in
2571 4389 2902 4458 virginitate.
2961 4381 3243 4446 Quomodo
3292 4379 3438 4433 enim
3496 4377 3687 4430 umbra
3743 4390 4033 4442 corporum

2467 4479 2838 4533 conformatur
2901 4478 3082 4545 ﬁgurae
3135 4487 3320 4528 eorum
3381 4483 3498 4540 quae
3559 4467 3898 4538 pr:ecedunt,
3965 4466 4041 4524 ita

801 4601 916 4646 erat
952 4590 1194 4643 honesta.
1229 4585 1320 4639 Eis
1349 4559 1478 4638 vero
1507 4582 1573 4635 de
1605 4580 1688 4633 his
1717 4579 2162 4640 consultantibus,
2194 4591 2223 4629 a
2252 4576 2362 4629 Deo
2394 4561 2436 4615 ί)
2470 4572 2631 4624 etiam
2678 4570 2955 4623 charac1er
2984 4576 3038 4622 et
3068 4567 3240 4636 signa,
3271 4565 3467 4633 quibus
3506 4561 3625 4616 Filii
3681 4559 3776 4613 Dei
3830 4573 4036 4626 cogno-

803 4686 964 4737 datur
995 4680 1309 4741 consilium,
1341 4687 1401 4730 ut
1430 4689 1549 4730 eam
1585 4673 1800 4740 quidem
1837 4672 1967 4725 dent
2000 4670 2114 4724 viro
2144 4667 2363 4722 nomine

803 4769 1244 4841 desponsationis
1271 4785 1284 4821 :
1320 4769 1364 4821 is
1393 4775 1575 4820 autem
1608 4764 1726 4816 talis
1755 4772 1920 4826 esset,
1963 4763 2051 4829 qui
2083 4761 2148 4814 ad
2201 4758 2366 4827 virgi-

804 4863 992 4916 nitatis
1035 4868 1194 4928 aptus
1237 4865 1382 4912 esset
1412 4853 1736 4910 custodiam.
1769 4851 2026 4905 Inventus
2061 4859 2143 4902 est
2188 4848 2366 4916 itaque

803 4953 1028 5022 Joseph,
1058 4950 1272 5018 qualem
1295 4947 1572 5015 quaerebat
1597 4942 1762 5005 ratio,
1785 4960 1849 4996 ex
1879 4942 2063 4995 eadem
2092 4938 2230 4992 tribu
2263 4952 2365 5006 qua

804 5055 919 5100 erat
939 5045 1122 5114 virgo:
1153 5051 1206 5096 et
1231 5056 1296 5094 ex
1326 5036 1555 5092 consilio
1580 5035 1917 5089 sacerdotum
1944 5033 2042 5086 sibi
2068 5030 2367 5097 despondet

811 5136 1110 5205 Virginem.
1139 5131 1465 5201 Conjunctio
1494 5136 1673 5180 autem
1731 5131 2073 5196 processerat
2106 5137 2273 5188 usque
2299 5119 2364 5171 ad

811 5227 1308 5296 desponsationem.
1350 5222 1505 5276 Tunc
1532 5219 1725 5288 virgini
1773 5215 2073 5271 aGabriele
2125 5214 2366 5281 aperitur

810 5323 1149 5393 mysterium.
1178 5321 1343 5373 Erant
1372 5325 1552 5371 autem
1585 5313 1746 5368 verba
1773 5309 2005 5380 mysterii
2042 5304 2364 5360 benedictio.

919 5506 932 5534 ι
972 5500 987 5551 l
1023 5500 1151 5567 Reg.
1183 5498 1264 5561 1,1
1305 5509 1454 5561 seqq.
1569 5497 1587 5523 ⁸
1617 5493 1754 5547 Gen.
1783 5507 1860 5553 ιιι,
1898 5489 1981 5541 16.

886 5662 959 5726 (1)
1008 5657 1114 5708 Τοῦ
1159 5655 1607 5721 Μετίιμμαστοῡ.
1658 5652 1741 5711 Ὡς
1775 5653 1882 5717 γὰρ
1911 5651 2104 5717 ἤκουσε
2135 5647 2358 5706 τούτων,

815 5751 973 5810 εὐθὺς
1021 5748 1122 5800 ὑπὸ
1166 5746 1255 5798 τοῦ
1300 5743 1633 5806 ἐνοικοῦντος
1681 5743 1816 5811 αὐτῇ
1868 5739 2177 5806 Haeduum;
2225 5737 2371 5788 δια-δι

2095 5489 2112 5515 ³
2153 5487 2280 5538 Luc.
2314 5500 2347 5546 ι,
2382 5483 2492 5536 ‘28-
2517 5483 2604 5534 51.

2471 4665 2638 4717 scitur
2688 4661 2959 4720 divinitas,
2997 4657 3335 4727 apparebunt
3369 4656 3422 4708 in
3477 4654 3616 4720 ejus,
3667 4652 3758 4718 qui
3809 4651 4035 4715 paritur,

2473 4759 2687 4818 virtute,
2717 4762 2774 4806 ut
2807 4751 2896 4819 qui
2928 4752 3099 4818 imago
3128 4758 3184 4802 et
3208 4744 3542 4814 signaculum
3582 4750 3638 4794 et
3665 4739 4035 4795 adumbratio.

2472 4859 2525 4903 et
2587 4844 2838 4914 splendor
2900 4841 3059 4911 primi
3125 4836 3468 4904 exemplaris,
3531 4848 3626 4905 per
3687 4830 4038 4885 admirabiles

2475 4941 2792 4996 ostendatur
2841 4935 3206 5001 operationes.
3270 4929 3335 4984 Et
3380 4929 3493 4983 hare
3541 4926 3759 4996 quidem
3823 4924 4039 4978 divinus

2475 5031 2784 5101 Gregorius.
2817 5027 2935 5079 Alia
2989 5033 3168 5077 autem
3221 5031 3275 5074 et
3301 5034 3509 5073 sacrum
3563 5015 3944 5084 Evangelium,
3990 5021 4039 5063 et

2477 5124 2566 5178 alii
2598 5123 2694 5175 viri
2719 5121 2813 5190 pii,
2847 5133 2909 5170 ac
2941 5115 3030 5169 Dei
3058 5123 3323 5175 amantes,
3358 5126 3498 5179 quos
3527 5107 3957 5163 nominavintus,
3989 5115 4038 5156 et

2477 5227 2704 5283 quorum
2734 5210 3050 5263 nominatim
3092 5223 3194 5260 non
3240 5203 3609 5266 meminimus,
3658 5212 3784 5251 vere
3820 5200 4039 5252 docent.

2553 5303 2614 5356 V.
2655 5303 2730 5369 ti)
2761 5300 2883 5353 Haec
2923 5314 3052 5365 ergo
3085 5307 3363 5366 postquam
3397 5292 3558 5362 Virgo
3586 5290 3815 5352 audivit,
3861 5288 4038 5341 statim

3125 5478 3194 5527 'l
3253 5473 3377 5526 Cor.
3412 5488 3449 5536 ι,
3502 5470 3591 5523 24.

2719 5481 2734 5510 ’⁵
2768 5478 2894 5537 ibid,
2928 5475 3012 5530 35.

2470 5644 2733 5710 γασΟείσα
2762 5640 2850 5689 τὸν
2882 5635 3022 5696 νοῦν,
3052 5631 3301 5698 ἀσμένως
3332 5646 3388 5682 τε
3417 5629 3628 5696 διετέθη
3657 5626 3736 5696 τῷ
3766 5626 4035 5694 ἐπαγ-γέλα

2481 5750 2648 5804 ματιο
2689 5734 2780 5782 καὶ
2838 5726 2990 5782 Ἰδοὺ
3032 5725 3066 5788 ἢ
3110 5723 3296 5789 δούλη
3329 5721 3567 5788 Κυρίου,
3614 5722 3746 5788 φησὶ
3791 5722 3923 5789 πρδς
3960 5729 4041 5767 τεν

882 5887 952 5948 (η)
989 5887 1114 5948 Opp.
1145 5887 1369 5946 Gregorii
1401 5884 1627 5945 Nysseni,
1663 5878 1950 5944 Petreioque
1979 5889 2090 5926 tom.
2125 5877 2282 5933 XLVI,
2319 5875 2410 5922 col.
2444 5874 2558 5922 HW
2585 5873 2644 5931 D,
2677 5872 2806 5920 inter
2829 5866 2972 5917 dubia
3024 5866 3158 5914 Enn.
