4226 6436
193 407 298 472 533

1259 409 1540 469 ORATIO
1580 409 1676 469 DE
1719 409 1999 468 SANCTA
2045 407 2314 467 MARIA.

3317 407 3422 468 534

189 525 374 569 mente
435 515 704 572 illustrata
759 532 789 570 a
843 518 1070 588 Spiritu,
1145 519 1234 588 qui
1291 521 1340 574 ei
1400 518 1756 577 inhabitabnt,
1792 515 2010 576 Atioue
2064 513 2384 568 admirabili.
2424 513 2657 583 Virginis
2687 513 2828 567 enim
2863 515 3153 568 adventum
3183 516 3423 570 admira-

189 607 424 662 libenter
466 611 676 678 accepit
725 612 1093 674 promissum:
1148 621 1201 664 et
1248 609 1378 664 Ecce
1425 610 1619 663 ancilla
1657 608 1758 662 Do-

186 689 344 758 ‘mini,
372 697 443 751 ait
465 699 675 768 angelo,
706 698 829 753 Fiat
858 701 978 754 mihi
1007 701 1290 753 secundum
1319 701 1528 754 verbum
1555 711 1698 752 luunt
1717 701 1757 763 ⁶;

189 788 353 840 simul
388 797 442 841 et
489 789 557 842 ad
590 790 763 859 angeli
806 805 991 844 vocem
1025 806 1086 844 ea
1133 801 1311 853 utens,
1364 807 1469 860 qua
1515 809 1608 859 par
1657 800 1759 853 cst,

188 880 465 943 cautione,
499 890 553 934 et
607 891 891 950 postquam
952 882 1057 936 ﬁde
1104 882 1260 951 digna
1304 882 1412 936 visa
1469 892 1650 936 essent
1698 896 1760 934 ea

186 987 310 1039 quae
337 972 479 1025 dicta
521 974 757 1037 fuerant,
796 975 968 1032 noluit
1009 975 1237 1042 amplius
1279 989 1398 1028 esse
1445 974 1759 1029 incredula:

189 1063 284 1115 sed
318 1062 407 1114 illo
438 1062 656 1130 quidem
704 1065 874 1118 evasit
910 1067 1096 1132 prima:
1144 1064 1334 1117 matris
1364 1065 1760 1133 deceptionem,

191 1155 296 1207 hoc
328 1156 526 1221 [autem
577 1155 763 1210 vitavit
818 1157 1090 1210 Zachariae
1140 1156 1594 1220 incredulitatem,
1643 1172 1764 1225 qua:

189 1246 349 1303 ultra.
385 1261 544 1313 quam
577 1248 814 1309 deceret,
850 1249 1131 1315 processit.

265 1331 356 1386 Vl.
407 1335 482 1401 (Ξ)
537 1337 710 1402 Atque
758 1339 982 1406 angelus
1034 1338 1249 1406 quidem
1305 1339 1372 1391 ab
1403 1353 1464 1390 ea
1517 1339 1760 1392 recessit.

187 1424 489 1479 Consccma
521 1438 606 1480 est
652 1439 828 1484 autem
868 1427 1023 1495 paulo
1055 1437 1175 1496 post
1201 1439 1254 1482 et
1285 1427 1462 1482 Mariae
1493 1444 1612 1482 cum
1655 1438 1766 1482 stu-

189 1513 279 1566 dio
309 1515 374 1571 ad
404 1526 661 1568 montana
705 1516 992 1577 adventus,
1041 1525 1092 1569 et
1140 1516 1258 1583 ejus
1297 1516 1350 1567 in
1402 1515 1620 1568 domum
1669 1513 1766 1566 Za-

190 1605 394 1657 chariae
443 1605 746 1676 ingressus.
794 1607 984 1676 Magno
1044 1607 1186 1659 enim
1254 1607 1434 1659 studio
1489 1606 1768 1659 contendit

190 1696 452 1766 gratulari
486 1697 827 1758 Elisabethze,
880 1707 936 1748 ut
991 1712 1110 1765 quae
1157 1695 1222 1748 ab
1268 1696 1458 1765 angelo
1491 1696 1768 1750 didicisset

192 1802 384 1840 novam
429 1787 548 1852 ejus
596 1787 1029 1855 conceptionem.
1065 1787 1287 1840 Accedit
1318 1802 1466 1856 ergo,
1504 1797 1557 1840 et
1610 1788 1765 1841 beni-

1864 619 1966 663 tur.
2008 607 2207 674 quippe
2240 606 2328 674 qui
2361 607 2476 676 ejus
2505 615 2791 673 superaret
2830 607 3218 670 conditionem,
3285 607 3425 663 Unda

1863 698 1955 749 hoc
1983 698 2130 760 mihi,
2163 697 2349 751 dicens
2381 716 2391 750 :
2426 698 2564 750 sicut
2597 697 2756 753 etiam
2810 697 2947 751 illius
2979 699 3120 752 illius
3148 699 3213 752 de
3246 697 3425 753 Domi-

1863 787 1918 840 ni
1949 787 2187 840 adventu
2224 788 2276 840 in
2323 797 2565 855 tempore
2613 788 2888 855 baptismi.
2943 788 3057 842 Jam
3111 805 3239 844 vero
3287 791 3430 844 hanc

1863 890 2080 944 quoque
2113 886 2338 929 matrem
2368 887 2424 930 et
2471 877 2741 930 dominam
2794 894 2948 932 suam
2998 879 3276 933 nominat:
3331 879 3426 933 sed

1866 971 2028 1022 etiam
2077 967 2415 1022 benedictam
2463 969 2596 1023 dicit
2622 970 2674 1022 in
2713 970 3049 1036 mulieribus,
3082 982 3136 1024 et
3162 987 3306 1034 eum,
3337 973 3427 1039 qui

1865 1055 1917 1108 in
1952 1065 2106 1110 utero
2144 1057 2470 1126 gestabatur,
2503 1058 2738 1112 fructum
2762 1060 2965 1113 ventris
3011 1071 3168 1114 vocat
3199 1061 3431 1114 admira-

1865 1146 2067 1209 biliter,
2126 1147 2302 1216 utqui
2362 1162 2485 1200 cum
2544 1147 2647 1201 viri
2707 1149 2913 1203 semine
2965 1149 3098 1203 nihil
3151 1149 3432 1203 habuisset

1864 1251 2173 1290 commune.

1928 1327 2037 1380 νη.
2061 1329 2374 1397 (lujusmodi
2392 1345 2522 1384 vero
2542 1339 2624 1384 est
2647 1330 2732 1383 illa
2755 1345 2971 1398 quoque
2992 1347 3178 1386 rursus
3194 1332 3434 1385 admira-

1867 1417 1989 1470 bilis
2014 1417 2188 1470 Maria:
2221 1420 2520 1487 prmdictio,
2544 1420 2656 1475 fore
2675 1428 2734 1473 ut
2762 1420 3126 1474 celebraretur
3157 1421 3224 1474 ab
3256 1421 3434 1474 omni-

1868 1507 1968 1561 bus
1989 1509 2445 1577 generationibus.
2473 1509 2590 1563 Non
2614 1511 2758 1564 enim
2781 1510 2858 1582 (5)
2875 1526 2932 1566 se
2946 1511 3155 1566 beatam
3174 1512 3434 1580 prardicat

1869 1615 2004 1653 vana
2039 1609 2181 1654 mota
2210 1602 2538 1671 arrogantia,
2581 1618 2760 1671 neque
2792 1603 2975 1673 lingua
3004 1605 3285 1658 communi
3318 1603 3435 1658 haec

1870 1692 2131 1759 loquitur:
2169 1692 2263 1747 sed
2283 1694 2466 1747 divino
2503 1691 2710 1763 Spiritu
2751 1695 3016 1761 serviens,
3051 1705 3107 1750 et
3137 1696 3187 1750 id
3205 1696 3350 1766 quod
3376 1696 3436 1750 ﬁt

1871 1782 1924 1834 in
1959 1795 2252 1848 aeternum,
2273 1784 2542 1840 divinans.
2575 1784 2881 1856 Magniﬁcat
2911 1796 3091 1842 autem
3125 1788 3293 1842 Deum
3323 1786 3435 1841 Hac

195 1893 302 1946 gne
344 1877 562 1931 salutat.
602 1878 685 1931 Fit
734 1887 914 1931 autem
964 1878 1210 1932 salutatio
1258 1879 1428 1932 dulcis
1482 1880 1767 1932 exsultatio
1803 1856 1841 1911 Β
1872 1876 1969 1930 ria.
1999 1891 2057 1928 se
2076 1885 2124 1928 et
2151 1877 2378 1932 credere
2433 1879 2732 1933 05tendens
2763 1888 2985 1948 pr0pter
3017 1895 3203 1934 vocem
3259 1879 3436 1934 Elisa-

192 1967 438 2032 inl'antis,
474 1970 563 2037 qui
589 1982 704 2024 erat
740 1971 790 2023 in
826 1981 978 2025 utero
1011 1971 1352 2026 Elisabethae.
1387 1971 1503 2025 Jam
1530 1972 1671 2024 enim
1699 1987 1762 2025 ex

195 2072 385 2112 ventre
427 2062 635 2116 sciebat
665 2078 851 2115 servus
891 2064 1196 2128 Dominum,
1223 2064 1310 2132 qui
1344 2072 1458 2116 erat
1493 2063 1544 2115 in
1577 2074 1765 2116 utero:

193 2156 406 2201 etcum
440 2151 699 2205 sensisset
750 2151 867 2217 ejus
892 2152 944 2203 in
992 2151 1252 2204 mundum
1304 2152 1615 2214 adventum,
1669 2151 1767 2203 mi-

194 2239 425 2293 randum
477 2242 531 2294 in
591 2241 808 2294 modum
855 2241 1152 2296 lietabatur.
1210 2242 1324 2296 Hoc
1370 2243 1515 2296 enim
1577 2251 1763 2310 aperte

193 2330 537 2394 significabat
592 2334 681 2386 illa
732 2335 1041 2387 exsultatio.
1096 2333 1213 2387 Non
1268 2343 1320 2388 te
1365 2345 1546 2388 autem
1599 2334 1763 2387 lateat

195 2420 526 2478 Elisabethaa
586 2425 888 2479 reverentia
923 2433 979 2477 et
1029 2423 1336 2488 submissio,
1390 2439 1511 2477 cum
1564 2425 1761 2493 praedi-

266 2610 287 2639 ⁸
314 2607 457 2662 Luc.
498 2624 540 2674 ι,
574 2607 664 2663 38.
782 2609 824 2640 ⁶’
861 2610 990 2666 ibid.
1026 2611 1116 2665 45.
1228 2611 1247 2641 "
1279 2611 1411 2667 ibid.
1445 2612 1532 2668 56.

196 2787 466 2857 ᾶγγελον·
502 2789 747 2844 Γένοιτό
770 2808 871 2859 μοι
899 2791 1049 2844 κατὰ
1075 2791 1139 2844 τὸ
1151 2792 1317 2861 ῥῆμὰ
1343 2809 1458 2848 σου
1484 2811 1496 2825 ·
1528 2794 1643 2864 ἃμα
1672 2795 1771 2864 τήν

197 2898 258 2933 τε
284 2880 569 2950 ἀκρέὁειαν
589 2883 664 2943 είς
688 2883 807 2933 ὅσον
827 2883 930 2934 ἔδει
955 2884 1087 2952 πρὸς
1106 2884 1202 2954 τὴν
1224 2886 1317 2936 τοῦ
1338 2886 1568 2952 ἀγγέλου
1587 2889 1768 2952 φωνὴν

197 2974 505 3040 φυλάξασα,
531 2974 622 3024 καὶ
644 2973 718 3042 μὴ
746 2975 905 3027 πλέον
927 2975 1065 3044 μετά
1081 2976 1177 3044 τὴν
1198 2977 1533 3041 ἀξιοπιστίαν
1565 2978 1669 3029 τῶν
1689 2980 1767 3029 εἰ-

199 3065 456 3133 ρηυένων
475 3065 699 3134 ἑλομένη
723 3066 1021 3120 διαπιστεῖν
1042 3086 1055 3099 ·
1085 3069 1219 3122 ἀλλά
1249 3070 1325 3139 τῷ
1351 3070 1468 3136 μὲν,
1500 3071 1598 3139 τῆς
1633 3088 1768 3142 προ-

200 3157 439 3223 μήτορος
473 3156 568 3227 τὴν
590 3158 1154 3227 ἀπρτηνδιαςςυγοῦσα
1175 3176 1187 3188 ·
1217 3161 1293 3230 τῷ
1313 3162 1368 3212 δὲ
1397 3162 1454 3215 τὸ
1483 3161 1767 3227 δυσπειθὲς

1875 1963 2084 2016 betltazz
2123 1965 2284 2016 Beata
2332 1966 2501 2028 enim,
2534 1966 2732 2034 inquit,
2771 1983 2887 2036 qua:
2922 1969 3144 2020 credidit
3203 1969 3334 2037 fore,
3377 1978 3436 2019 ut

1876 2073 1934 2109 ea
1964 2057 2322 2125 perﬁciantur,
2358 2074 2472 2127 qua:
2489 2060 2535 2114 ei
2561 2061 2699 2112 dicta
2725 2071 2846 2114 sunt
2871 2077 2903 2113 a
2930 2060 3148 2114 Domino
3179 2060 3252 2124 ";
3280 2070 3338 2112 et
3379 2074 3437 2113 se

1875 2149 1922 2200 ei
1946 2158 2050 2200 tam
2067 2163 2272 2217 magna:
2301 2149 2373 2200 rei
2402 2149 2684 2203 inservire.
2714 2150 2818 2203 Sed
2843 2151 2956 2203 lucc
2981 2150 3197 2220 quidem
3235 2151 3310 2203 sic
3343 2150 3439 2203 ha-

1867 2239 2020 2296 bent.
2048 2237 2102 2290 In
2133 2239 2292 2292 domo
2318 2247 2496 2293 autem
2527 2239 2850 2295 Elisabethze
2875 2240 2948 2310 (4)
2977 2242 3118 2295 circa
3154 2251 3262 2294 tres
3285 2255 3440 2293 men-

1869 2347 1956 2387 ses
1981 2331 2245 2387 habitavit
2271 2332 2454 2386 Maria.
2476 2333 2676 2388 Deinde
2700 2335 2798 2400 sic,
2835 2336 3029 2403 inquit,
3062 2351 3262 2388 reversa
3287 2343 3359 2388 est
3385 2335 3440 2385 in

1868 2426 2076 2478 domum
2095 2442 2264 2479 suam.
2295 2424 2386 2481 Sic
2408 2426 2552 2482 enim
2579 2440 2664 2481 me
2681 2426 2836 2482 docet
2858 2427 3210 2496 Evangelium
3237 2431 3278 2480 ⁷.
3300 2425 3441 2492 Quid

1875 2793 2131 2863 ἐσόμενα.
2182 2792 2488 2862 Μεγαλύνει
2531 2793 2586 2847 δὲ
2632 2793 2721 2846 τον
2762 2792 2894 2846 Θεὸν
2937 2795 2972 2862 ἡ
3016 2793 3216 2863 Μαρία,
3260 2795 3345 2847 ὅτι
3383 2812 3443 2848 τι

1873 2885 2118 2937 πιστεύει
2165 2885 2421 2939 δεικνῦσα
2466 2886 2553 2939 διὰ
2595 2885 2691 2956 τὴν
2729 2886 2830 2954 τῆς
2891 2886 3174 2939 Ἐλισάϐετ
3222 2888 3439 2958 φωνήν⁸

1872 2977 2140 3044 Μακαρία
2173 2976 2300 3046 γὰρ,
2333 2977 2487 3045 φησὶ,
2521 2977 2558 3044 ἡ
2589 2978 2973 3031 πιστεύσασα
3013 2978 3139 3043 τοῖς
3184 2981 3445 3046 λελαλη-

1873 3067 2074 3138 μένοις
2103 3069 2258 3138 αὐτῇ
2290 3070 2448 3137 παρὰ
2481 3069 2727 3136 Κυρίου·
2758 3069 2851 3122 καὶ
2864 3067 2947 3130 ’ὡς
2977 3071 3196 3138 μεγάλῳ
3220 3069 3446 3141 τοιούτῳ

1875 3163 2138 3233 ὑπηρετεῖ
2157 3166 2444 3234 πράγματι
2466 3180 2481 3197 ο
2509 3162 2644 3218 ἀλλά
2673 3162 2780 3219 Καὶ
2804 3163 3138 3233 ἠγαλλίασε
3169 3164 3235 3218 τὸ
3267 3164 3447 3218 πνεῦ·

195 3249 499 3302 ἐκκλίνασα
551 3253 819 3321 Ζαχαρίου
865 3253 960 3306 κού¹
1002 3256 1142 3322 πέρα
1183 3254 1274 3308 τοῦ
1310 3255 1486 3318 καλῶς
1535 3255 1766 3325 ἔχοντος.
1798 3238 1838 3293 c
1869 3253 1954 3323 μά
1976 3273 2093 3323 μου
2127 3258 2222 3310 ἐπὶ
2259 3257 2338 3322 τῷ
2377 3257 2519 3321 Θεῷ.

275 3342 354 3410 (‘2)
391 3344 462 3394 Ού
501 3344 690 3411 φθάνει
724 3345 854 3412 γοῦν
889 3346 1252 3416 ἀσπασαμένη
1288 3347 1386 3417 τὴν
1425 3346 1708 3416 ζΕλισάὅετ
1738 3350 1770 3416 ἡ
1849 3387 1852 3391 λ
1881 3353 1886 3358 ’

199 3436 585 3505 πολυύμνητος
625 3438 912 3491 Δέσποινα’
946 3442 1036 3489 καὶ
1078 3441 1105 3488 ὁ
1138 3441 1450 3508 ἀσπασμὸς,
1497 3441 1775 3510 σκίρτημα

199 3526 297 3578 τοῦ
340 3529 394 3576 ἐν
428 3529 623 3596 γαστρὶ
657 3531 826 3595 αὐτῆς
864 3529 1095 3597 βρέφους
1130 3530 1227 3588 ἡδὺ
1256 3531 1486 3597 γίνεται.
1531 3534 1638 3584 Καὶ
1669 3535 1774 3601 γὰρ

199 3621 311 3669 ἀπὸ
335 3621 566 3686 γαστρὸς
588 3619 888 3687 ἐμάνθανεν
912 3621 1011 3689 ήδη
1037 3623 1122 3673 τὸν
1149 3623 1206 3673 ἐν
1229 3623 1429 3689 γαστρὶ
1452 3626 1727 3693 Δεσπότην
1749 3628 1774 3678 ὁ

196 3707 412 3771 δοῦλος,
445 3711 535 3761 καὶ
569 3709 664 3781 τὴν
696 3713 776 3774 είς
805 3713 894 3764 τὸν
920 3712 1123 3780 κόσμον
1156 3713 1318 3767 αὑτοῦ
1339 3715 1569 3784 πάροδον
1599 3717 1771 3788 ᾔσθη-

204 3801 389 3870 μένος,
423 3803 712 3870 ὑπερφυῶς
743 3805 917 3873 ἥδετο.
951 3806 1119 3857 Τοῦτο
1149 3807 1252 3876 γάρ
1286 3808 1346 3859 τὸ
1376 3809 1434 3859 ἐν
1461 3809 1777 3876 ἀγαλλιάσει

202 3891 482 3958 σκίρτημα
514 3893 763 3960 φανερῶς
803 3894 1013 3958 ἐδήλου.
1058 3895 1148 3961 Μὴ
1190 3896 1337 3946 λάθοι
1369 3896 1425 3948 δέ
1452 3912 1508 3947 σε
1542 3898 1674 3967 μηδὲ
1721 3898 1778 3951 τὸ

201 3979 325 4030 λίαν
364 3979 580 4047 μέτριόν
609 3996 666 4030 τε
716 3980 808 4032 καὶ
854 3980 1269 4049 ὑποχωρητικὸν
1316 3981 1596 4037 Ἐλισάϐετ
1641 3986 1777 4055 μετὰ

201 4072 301 4123 καὶ
330 4069 648 4140 θαυμαστῆς
675 4073 771 4141 τῆς
794 4075 1148 4143 προρρήσεως
1167 4088 1181 4101 ⁸
1208 4074 1384 4143 ᾐδεῖτο
1411 4076 1518 4144 γὰρ
1553 4077 1651 4144 τὴν
1681 4081 1778 4147 τῆς

201 4162 488 4231 Παρθένου
521 4163 861 4226 ἐπιστασίαν,
892 4163 965 4224 ὼς
1006 4164 1144 4229 ὑπὲρ
1181 4162 1336 4226 ἀξίαν
1371 4163 1536 4216 οὖσαν
1571 4166 1773 4236 αύτῆς⁶

202 4257 300 4308 καὶ
325 4255 412 4307 διὰ
441 4254 612 4307 ταῦτα
639 4252 992 4323 διαποροῦσα,
1020 4256 1208 4307 Πόθεν
1231 4271 1332 4323 μοι
1365 4256 1560 4318 τοῦτο,
1595 4258 1774 4324 λέγει;

202 4349 455 4418 καθάπερ
497 4349 588 4402 καὶ⁹
628 4348 655 4399 ὁ
703 4350 831 4409 παῖς
877 4346 1091 4417 ἐκείνης
1133 4349 1268 4419 πρὸς
1304 4349 1402 4419 τὴν
1445 4353 1778 4420 Δεσποτικὴν

199 4440 382 4492 ἐποίει
424 4439 795 4507 προσέλευσιν,
833 4440 942 4492 Καὶ
980 4440 1060 4491 σὺ
1094 4439 1242 4506 ἔρχῃ
1268 4442 1421 4507 πρός
1448 4461 1543 4511 με,
1582 4442 1774 4513 λέγων,

201 4533 351 4586 κατά
377 4533 470 4585 τὸν
498 4531 691 4601 καιρὸν
722 4528 816 4584 τοῦ
851 4532 1248 4602 βαπτίσματος.
1286 4534 1423 4604 Ὀρα
1455 4535 1510 4587 δὲ
1539 4537 1654 4597 πῶς
1685 4540 1778 4590 καὶ

202 4624 595 4696 προαγορεύει,
644 4625 736 4677 καὶ
786 4625 995 4694 μητέρα
1040 4627 1244 4695 ταύτην
1294 4629 1394 4698 ἤδη
1448 4628 1540 4681 καὶ
1582 4631 1776 4698 κυρίαν

202 4720 406 4784 ἑαυτῆς
438 4714 728 4784 ὀνομάζει·
768 4717 902 4768 ἀλλά
941 4720 1033 4771 καὶ
1064 4719 1439 4789 εὐλογημένην
1475 4723 1531 4771 ἐν
1564 4723 1776 4788 γυναιξὶ

201 4811 388 4876 λέγει’
415 4811 508 4862 καὶ
535 4808 625 4860 τὸν
649 4809 1082 4877 κυοφορούμενον
1101 4812 1156 4862 ἐν
1176 4812 1314 4880 αὐτῇ
1344 4815 1552 4881 καρπὸν
1574 4814 1778 4877 κοιλίας

207 4900 532 4966 παραδόξως
585 4899 864 4954 ἀποκαλεῖ.
927 4901 991 4953 Τί
1045 4901 1200 4954 τοῦτο
1261 4903 1634 4972 σημαίνουσα;
1697 4908 1777 4960 ὅτι

207 4989 529 5058 σπέρματος
576 4990 766 5059 ἀνδρὸς
817 4990 1065 5061 οὐδαμῶς
1113 4993 1404 5048 ἐκοινώνει.

280 5104 358 5171 (3)
395 5100 505 5156 Τοῦ
531 5103 983 5171 Μεταφραστοῦ.
1021 5105 1093 5156 Οὐ
1129 5106 1427 5174 μακαρίζει
1456 5108 1510 5160 δὲ
1545 5107 1739 5177 ἑαυτὴν
1761 5149 1775 5173 ,

203 5195 365 5264 τύφῳ
389 5193 530 5264 κενῷ
555 5196 860 5264 κινηθεῖσα,
894 5197 1014 5250 οὐδὲ
1044 5199 1265 5272 γλώσσῃ
1296 5203 1446 5268 κοινῇ
1480 5201 1778 5268 φθέγγεται

204 5284 404 5350 ταῦτα,
422 5287 556 5340 ἀλλὰ
581 5285 706 5355 θείῳ
721 5286 1417 5356 Πνεύματιλειτουργόῦσα,
1434 5291 1563 5342 αὐτὸ
1591 5293 1647 5343 τὸ
1671 5294 1779 5344 εἰσ-

207 5377 298 5428 αεὶ
350 5379 669 5448 τελούμενον
718 5381 1096 5448 προθεσπίζει,
1130 5383 1222 5433 καὶ
1253 5383 1313 5434 οὐ
1347 5386 1412 5435 τὰ
1443 5384 1549 5436 ἴδια
1592 5384 1774 5452 μόνον,

207 5467 343 5520 ἀλλὰ
382 5469 474 5518 καὶ
505 5472 572 5522 τὰ
605 5473 778 5525 κοινά.
810 5470 919 5522 Ποῦ
967 5473 1072 5539 γὰρ
1102 5473 1160 5524 τὸ
1187 5474 1611 5537 ἀλαζονεύεσθαι
1646 5477 1775 5544 παρ’

207 5561 373 5626 αὐτῇ,
425 5560 542 5626 ἣτις
575 5564 666 5612 καὶ
696 5563 884 5634 δούλην
911 5565 1109 5633 ἑαυτὴν
1141 5566 1315 5628 καλεῖ,
1349 5570 1440 5619 καὶ
1467 5567 1565 5636 τὴν
1591 5569 1778 5620 ταπεί-

211 5669 373 5704 νωσιν
405 5651 676 5718 ὁμολογεῖ,
715 5657 804 5706 καὶ
835 5656 1029 5725 ἀπορεῖ
1060 5656 1156 5727 τὴν
1192 5658 1274 5708 ἐπ’
1309 5659 1443 5726 αὐτῇ
1478 5659 1626 5711 θείαν
1657 5659 1776 5712 ἐπί-

211 5744 434 5812 σὶεψιν;
459 5742 732 5812 ΙΙνεύματι
752 5747 929 5800 τοίνυν
952 5749 1078 5816 θείῳ
1099 5750 1410 5819 κινουμένη,
1433 5752 1491 5803 ού
1512 5751 1640 5803 κενά
1658 5768 1776 5802 τινα

214 5837 304 5887 καὶ
352 5836 700 5906 ὑπέρκομπα,
742 5836 854 5890 ἀλλ’
898 5840 1246 5896 auriga-3m
1288 5841 1678 5912 προσαγορεύει
1712 5843 1775 5894 τὰ

1947 3347 2020 3416 (Ii)
2072 3349 2180 3400 Τοῦ
2217 3346 2672 3413 Μεταφραστοῦ.
2717 3341 2844 3416 Εἶχε
2888 3347 2986 3416 μὲν
3031 3347 3196 3417 ήτῆς
3239 3347 3448 3401 Ἐλισά-

1879 3441 1971 3494 6ετ
1993 3441 2140 3495 οἰκία
2180 3442 2276 3511 τὴν
2328 3441 2606 3509 Παρθένον
2649 3440 2858 3493 ἔνοικον
2889 3441 3020 3510 περὶ
3053 3440 3228 3510 μῆνας
3261 3441 3407 3508 τρεῖς
3430 3457 3441 3469 ·

1879 3532 2126 3586 ἐϐούλετο
2150 3533 2205 3584 δὲ
2242 3533 2374 3601 αὐτῇ
2414 3534 2444 3602 ἡ
2481 3532 2794 3601 παραμονὴ,
2847 3533 3007 3600 τυχὸν
3069 3529 3169 3601 μὲν
3205 3531 3298 3584 καὶ
3347 3529 3442 3582 τοῦ

1881 3625 2182 3694 παραδόξου
2211 3623 2543 3691 κατανοῆσαι
2584 3623 2682 3689 τὴν
2734 3623 2990 3676 ἔκϐασιν·
3026 3624 3283 3693 ἠπορεῖτο
3312 3620 3441 3690 γὰρ.

1877 3717 1951 3780 ὡς
1982 3716 2148 3779 είκὺς,
2178 3715 2287 3777 τοῖς
2315 3713 2435 3767 καθ’
2471 3715 2665 3784 ἑαυτήν
2687 3726 2699 3741 ⁸
2749 3714 2841 3765 καὶ
2891 3712 3148 3780 ἔκπληξις
3177 3708 3289 3780 εἶχε
3314 3712 3445 3763 ταύο

1878 3829 1974 3879 την
2002 3809 2118 3877 οὐχὶ
2150 3808 2346 3875 μετρία
2371 3823 2382 3835 ·
2413 3806 2574 3875 τυχὸν
2621 3805 2676 3858 δὲ
2719 3807 2808 3857 καὶ
2843 3804 3170 3873 συνησθῆναι
3197 3805 3261 3872 τῇ
3303 3803 3445 3856 Ἐλι-

1882 3901 2045 3955 σάῦετ
2075 3900 2142 3952 τὰ.
2171 3898 2392 3951 τοιαῦτα
2432 3897 2691 3965 μεγαλεῖα
2730 3897 2822 3948 καὶ
2858 3897 3184 3963 εὐαγγέλια·
3231 3896 3350 3949 ὅτου
3391 3894 3443 3947 δέ

1881 3997 2037 4066 χάριν
2069 3995 2160 4046 ἐπὶ
2190 3994 2339 4062 τρεῖς
2370 3990 2546 4062 μῆνας
2579 3990 2672 4042 καὶ
2725 3989 2799 4058 μὴ
2833 3988 2994 4041 πλέον
3029 3989 3061 4058 ἡ
3090 3988 3378 4052 .συνοικία,
3413 3989 3444 4056 ἢ

1883 4091 2096 4150 παντως
2127 4085 2199 4148 ὡς
2230 4085 2434 4138 τίκτειν
2483 4081 2781 4151 μελλούσης
2808 4082 2928 4133 τότε
2973 4082 3071 4150 τῆς
3129 4078 3443 4143 Ἐλισάϐετς

1880 4181 1941 4233 Ei
1976 4178 2083 4248 γὰρ
2116 4195 2177 4230 πε
2189 4179 2241 4247 pl.
2268 4177 2359 4229 τὸν
2386 4176 2542 4228 ἕκτον
2567 4175 2709 4244 μῆνα
2731 4173 2822 4226 τοῦ
2852 4172 3054 4240 ταύτην
3079 4173 3141 4241 δὴ
3167 4171 3446 4224 συλλαϐεῖν

1878 4279 1911 4344 ή
1934 4274 2029 4327 τοῦ
2053 4271 2286 4340 ἀγγέλου
2322 4271 2514 4338 γέγονε
2551 4268 2686 4339 πρὸς
2720 4268 2818 4336 τὴν
2853 4265 3129 4337 Παρθένον
3153 4264 3443 4333 ἀποστολὴ,

1879 4369 2016 4438 αὑτὴ
2043 4369 2102 4420 δὲ
2132 4365 2399 4435 γενομένη
2430 4363 2566 4431 πρὸς
2607 4361 2888 4414 Ἐλισάὸετ
2925 4361 3101 4428 μῆνας
3133 4361 3279 4424 τρεῖς
3313 4359 3444 4427 παρ’

1882 4461 2016 4528 αὐτῇ
2045 4457 2292 4527 διαμένῃ,
2316 4454 2536 4522 εὔδηλον
2557 4454 2637 4506 ὃτι
2653 4450 2746 4504 τοῦ
2768 4452 2957 4520 χρόνον
2984 4451 3079 4519 τῆς
3108 4449 3442 4518 συλλήψεως,

1880 4553 1938 4604 ὃν
1968 4555 1994 4605 ὁ
2020 4551 2203 4606 ἔνατος
2228 4547 2557 4617 περιγράφει
2596 4543 2722 4612 μὴν,
2750 4543 2919 4611 πέρας
2966 4541 3202 4610 ἔχοντος,
3247 4543 3325 4602 είς
3356 4539 3448 4591 τὸν

1882 4647 2049 4713 αὐτῆς
2076 4641 2222 4697 οἷκον
2244 4643 2519 4694 ἐπάνεισιν
2543 4640 2576 4708 ή
2608 4637 2910 4707 Ηαρθένος’
2935 4636 3024 4688 καὶ
3055 4634 3240 4686 τούτου
3267 4633 3440 4702 τυχὸν.

1881 4739 1969 4792 διὰ
1997 4736 2058 4789 τὺ
2088 4735 2279 4804 μέλλον
2307 4733 2552 4801 ἀπαντᾷν
2594 4729 2797 4796 πλῆθος
2831 4732 2908 4790 εἰς
2938 4728 3024 4780 τὸν
3055 4727 3327 4794 Ζαχαρίου
3365 4719 3448 4777 οἵ·

1883 4846 1996 4895 κον,
2019 4829 2176 4880 τόκου
2215 4825 2313 4895 μὲν
2337 4823 2488 4893 ὤραν
2515 4821 2611 4891 τῆς
2655 4820 2941 4872 Ἐλισάὄετ
2966 4818 3194 4888 ἐχούσης
3217 4833 3229 4846 ”
3260 4816 3357 4885 τῆς
3390 4815 3448 4867 δὲ

1886 4920 2220 4990 παρθενικῆς
2247 4916 2416 4969 ταῦτα
2437 4913 2616 4975 αἰδοῦς
2651 4912 2751 4965 οὐκ
2774 4911 3106 4980 ἀνεχομένης
3126 4927 3138 4941 ·
3166 4909 3353 4976 ἔθιμον
3383 4908 3444 4978 δὴ

1881 5013 1939 5065 ὃν
1967 5009 2267 5076 ὑποχωρεῖν
2302 5006 2397 5066 τάς
2432 5003 2755 5071 παρθένους,
2792 5003 3009 5054 ἐπειδὰν
3047 5000 3212 5069 μέλλῃ
3242 4999 3447 5050 τίκτειν

1881 5108 1939 5154 ἐν
1975 5099 2168 5169 γαστρὶ
2191 5099 2422 5166 ἔχουσα·
2457 5095 2537 5148 δεῖ
2580 5095 2686 5164 γὰρ
2736 5092 2829 5146 καὶ
2860 5091 3016 5145 τοῦτο
3052 5091 3274 5144 σκοπεῖν
3303 5105 3315 5117 ”
3347 5089 3445 5158 ἠδη

1882 5195 1973 5249 καὶ
1994 5194 2091 5262 τῆς
2121 5189 2403 5244 Ἐλισάδετ
2423 5189 2585 5241 τόκου
2610 5188 2756 5256 ὥραν
2781 5186 3029 5253 ἐχούσης.
3060 5186 3093 5247 ή
3116 5182 3303 5248 Μαρία
3329 5180 3448 5234 καί·

1880 5305 1961 5341 τοι
1991 5283 2227 5354 ἀτεχνῶς
2257 5279 2390 5334 οὖσα
2415 5281 2630 5346 ἔγκυος,
2655 5279 2768 5332 ἀλλ’
2796 5273 2910 5342 οὖν,
2945 5275 3019 5338 ὡς
3057 5275 3320 5345 παρθένος
3357 5274 3444 5336 ἐξ-

1883 5381 2108 5432 ίσταται.
2153 5373 2304 5426 Ἐπεὶ
2329 5373 2384 5425 δὲ
2431 5374 2522 5426 καὶ
2551 5375 2635 5433 είς
2655 5372 2744 5423 τὸν
2780 5367 2923 5423 οἷκον
2961 5369 3052 5421 τὸν
3104 5369 3304 5436 ἑαυτῆς
3349 5366 3447 5417 ἐπ-

1880 5470 2128 5540 ανῆλθεν,
2151 5467 2382 5535 ἀλλαχοῦ
2404 5466 2520 5535 μὲν,
2547 5464 2779 5532 οὐδαμοῦ
2797 5479 2810 5493 ·
2841 5465 2953 5515 ἐκεῖ
2973 5463 3029 5514 δὲ
3052 5461 3110 5514 τὸ
3135 5462 3270 5530 μετὰ
3287 5458 3445 5512 τοῦτο

1879 5563 2137 5626 διάγουσα
2168 5556 2256 5629 ἦν,
2283 5558 2387 5620 ἓως
2430 5555 2667 5623 ἐγγίζειν
2718 5555 2814 5622 ἤδη
2866 5554 2956 5604 τὸν
3000 5553 3096 5620 τῆς
3145 5551 3438 5617 κυοφορίας

1882 5651 2069 5722 καιρὸν
2114 5653 2375 5718 ἔγνωκεν.
2418 5648 2575 5699 Ἀλλά
2606 5646 2681 5715 τῷ
2723 5644 2977 5714 Ἰωσὴφὴ
3021 5645 3116 5710 τῆς
3160 5641 3440 5711 Παρθένου

1880 5744 2092 5814 γαστὴρ
2127 5745 2201 5805 εἰς
2235 5741 2394 5807 ὄγκον
2425 5739 2650 5808 ἀρθεῖσα
2680 5737 2696 5807 (
2725 5737 2904 5804 ἠγνόει
2949 5734 3054 5805 γὰρ
3084 5737 3164 5788 ὅτι
3195 5732 3442 5798 Πνεύμα-

1880 5853 1966 5900 τος
2018 5831 2081 5906 ἦν
2129 5834 2308 5902 ἁγίου)
2360 5832 2651 5900 λογισμοὺς
2713 5828 2902 5891 ἐνῆκεν
2967 5827 3064 5879 οὐκ
3118 5824 3413 5894 εὐπρεπεῖς
