4226 6436
305 417 412 481 537

1393 428 1678 490 ORATIO
1719 433 1813 492 DE
1852 437 2137 497 SANC'l'A
2181 442 2447 504 MAlllA.

3434 455 3538 516 538

302 533 600 601 prophetia,
635 550 757 606 quze
789 553 898 592 non
925 539 1260 594 deiecturum
1287 543 1589 614 principem
1631 565 1695 602 ex
1727 549 1863 604 Juda
1893 555 1939 612 Α
1965 551 2242 624 Josepho)
2271 560 2483 613 accedit
2509 561 2574 614 ad
2610 577 2733 616 eum
2769 565 2854 620 hic
2886 566 3149 630 Herodes,
3183 579 3237 622 et
3268 571 3542 627 exercitus

299 639 473 694 neque
510 629 700 682 ducem
740 645 805 685 ex
856 631 1148 687 femoribus
1202 634 1370 699 illius,
1402 637 1578 693 donec
1632 644 1866 708 venerit,

298 717 385 768 cui
409 727 490 771 est
522 723 841 788 repositum:
864 723 1038 791 ipsum
1058 736 1237 779 autem
1267 742 1388 781 esse
1402 733 1863 798 exspectationem

300 808 538 876 gentium
583 812 623 841 “
657 812 742 880 (de
759 815 973 868 Christo
1000 815 1363 872 videliCethoc
1387 820 1558 887 dicit),
1589 824 1858 890 explicare

295 897 660 962 aggredimur.
683 898 834 952 Tunc
858 902 1107 956 enimille
1129 904 1364 969 advenit,
1381 910 1594 974 quando
1611 911 1866 980 deinceps

295 985 612 1041 defecerant
662 989 867 1046 Judaici
926 994 1218 1062 principes,
1280 1007 1333 1049 et
1395 997 1654 1053 Romanis
1710 1012 1866 1055 erant

290 1079 522 1143 sceptris
556 1080 805 1146 subjecti.
842 1081 1011 1134 Simul
1035 1086 1179 1137 enim
1235 1097 1289 1140 et
1322 1089 1568 1143 Christus
1604 1093 1862 1156 nascitur,

289 1175 346 1218 et
372 1168 428 1220 fit
457 1169 540 1222 illa
569 1171 738 1237 prima
767 1173 1055 1239 descriptio
1081 1193 1090 1228 :
1120 1191 1242 1228 cum
1269 1177 1496 1230 lturnani
1529 1181 1735 1234 Scilicet
1764 1183 1864 1235 do-

291 1259 970 1316 minalumohtinerentin
1022 1279 1235 1333 gentem
1287 1268 1616 1335 Judaeorum,
1671 1282 1726 1325 et
1767 1289 1862 1328 eos

289 1365 389 1404 seu
409 1353 817 1420 subjunxissent
845 1357 1085 1424 imperio.
1110 1359 1392 1426 Antipater
1415 1363 1558 1414 enim
1589 1373 1738 1431 pater
1756 1364 1860 1420 lle-

292 1443 463 1503 rmlis,
495 1444 585 1511 qui
636 1457 821 1511 postea
867 1449 1120 1516 princeps
1149 1449 1248 1502 fuit
1286 1450 1337 1504 iu
1366 1450 1572 1517 Judaea,
1639 1471 1858 1510 uxorem

287 1534 443 1586 duxit
469 1549 533 1586 ex
575 1535 794 1604 Arabia,
823 1538 1041 1605 Cyprim
1059 1541 1278 1593 nomine
1309 1558 1319 1593 :
1347 1558 1466 1610 quae
1495 1559 1618 1597 eum
1652 1556 1858 1614 patrem

288 1625 465 1679 eti-scit
516 1637 748 1694 quatuor
780 1631 1030 1696 liliorum,
1056 1647 1288 1700 quorum
1314 1646 1428 1688 erat
1461 1636 1548 1688 hic
1580 1653 1720 1692 unus
1754 1641 1859 1694 lie-

287 1717 469 1770 rodcs.
495 1718 676 1773 Satius
713 1731 794 1774 cst
830 1732 1030 1787 autem,
1075 1734 1134 1776 ut
1176 1741 1334 1794 quam
1356 1728 1698 1793 apertissime
1735 1746 1860 1798 pos-

284 1823 495 1874 sumus,
533 1827 643 1864 rem
674 1813 1032 1869 det-iuremus.
1054 1817 1352 1869 Cumenim
1379 1816 1658 1886 Hyrcanus
1688 1822 1857 1877 frater

1969 657 2022 700 et
2053 647 2326 716 impensas
2353 651 2401 704 ei
2434 653 2849 721 suppeditanda,
2883 672 2988 710 non
3024 658 3285 713 mediocri
3314 660 3543 729 fungens

1969 737 2109 801 apud
2158 753 2282 790 eum
2336 755 2580 795 munere.
2634 743 2768 797 Cum
2820 755 2999 800 autem
3063 757 3117 801 et
3155 749 3438 818 Cleopatra
3484 761 3543 805 et

1968 825 2231 896 Egyptus
2266 841 2450 883 essent
2484 832 2536 883 in
2574 834 2825 888 manibus
2852 837 3101 905 Augusti,
3133 842 3224 909 qui
3260 843 3365 910 jam
3407 843 3541 895 duo-

1969 919 2141 971 decim
2179 936 2350 976 annos
2383 923 2764 991 imperaverat,
2803 929 2919 996 ipse
2960 929 3184 984 Romam
3238 945 3535 996 revertens,

1968 1025 2195 1072 memor,
2233 1022 2292 1066 ut
2322 1024 2404 1069 est
2437 1028 2885 1078 consentaneum.
2937 1022 3116 1084 ollicii,
3158 1040 3268 1100 quo
3311 1025 3361 1077 in
3412 1040 3535 1078 eum

1967 1117 2099 1154 Usus
2132 1102 2306 1156 fuerat
2347 1107 2608 1168 Herodes,
2643 1113 3124 1165 senatusconsulto
3158 1114 3355 1168 ludam
3409 1131 3535 1169 eum

1973 1208 2154 1261 regem
2192 1197 2369 1263 elegit.
2405 1196 2451 1247 ei
2503 1213 2719 1266 quoque
2765 1203 3015 1268 imposito
3059 1205 3382 1258 diademate.
3433 1207 3532 1270 Qui

1965 1297 2087 1335 cum
2111 1287 2342 1338 venisset
2363 1286 2808 1358 Hierosolymam,
2831 1293 3081 1359 quoniam
3102 1293 3534 1350 sciebatJutlzuos

1966 1388 2072 1426 nou
2104 1391 2223 1430 esse
2254 1378 2391 1430 bene
2424 1380 2473 1431 iu
2507 1395 2630 1431 eum
2660 1381 2905 1446 allectos,
2939 1385 3030 1436 sed
3064 1388 3204 1452 quod
3235 1395 3377 1438 esset
3407 1387 3534 1439 alie—

1965 1470 2180 1533 uigena,
2233 1480 2286 1521 et
2327 1471 2521 1539 alioqui
2568 1488 2726 1540 aSper
2797 1485 2852 1528 et
2917 1475 3169 1538 diﬂicilis,
3226 1479 3344 1546 ejus
3387 1494 3528 1548 aegre

1962 1557 2105 1610 ferre
2163 1560 2469 1628 imperium,
2532 1580 2716 1618 eorum
2788 1566 3003 1633 quidem
3069 1571 3359 1621 nonnullos
3439 1585 3531 1623 oc-

1962 1649 2114 1711 cidit,
2142 1651 2389 1718 plurimis
2418 1665 2597 1708 autem
2629 1658 2915 1724 mali-fecit,
2942 1661 3322 1730 civitatemque
3351 1674 3405 1716 et
3439 1662 3530 1716 Dei

1966 1742 2224 1809 templum
2258 1745 2449 1798 stolide
2483 1757 2536 1799 et
2567 1749 2812 1817 improbe
2863 1752 3072 1822 redegit
3104 1755 3154 1806 in
3188 1757 3528 1808 servitutem.

1964 1828 2054 1882 llle
2084 1847 2212 1902 ergo
2247 1836 2382 1886 male
2419 1844 2578 1890 utens
2621 1848 2906 1906 potestate,
2946 1843 3198 1909 quiddam
3247 1845 3530 1913 insigniter

280 1901 604 1969 Aristobuli,
638 1916 758 1974 post
790 1909 1178 1975 interemptum
1218 1908 1591 1964 Aristobulum
1647 1915 1860 1982 poutiﬁ-
1893 1899 1934 1954 Β
1961 1899 2280 1976 sceleratum
2324 1927 2529 1994 adjicit,
2567 1899 2636 1982 ει.
2670 1931 2814 1999 quod
2860 1899 2975 1986 erat
3003 1935 3084 1986 sui
3120 1934 3236 1988 vitii
3285 1899 3526 2004 apelrtum

279 2008 421 2055 cem,
477 1998 565 2064 qui
611 2000 771 2051 etiam
806 1999 1053 2052 diadema
1089 2001 1294 2069 regium
1349 2002 1451 2055 sibi
1498 2004 1853 2073 imposuerat,

281 2087 496 2139 vinctus
548 2102 577 2140 a
617 2087 873 2156 Pompeio
936 2095 1074 2145 duce
1130 2092 1495 2148 ltomanorum
1544 2112 1666 2150 cum
1728 2099 1854 2154 tiliis

277 2178 508 2232 naniam
572 2182 800 2250 turpiter
842 2193 988 2237 esset
1061 2187 1410 2240 transwissus
1442 2190 1568 2257 (quo
1611 2200 1855 2260 tempore

276 2270 634 2325 constitutum
670 2289 883 2344 quoque
900 2287 983 2331 cst
1014 2289 1069 2331 ut
1097 2278 1266 2334 Judaei
1308 2281 1505 2335 tributa
1529 2283 1850 2353 penderent)

277 2378 512 2432 cumque
544 2379 727 2433 postea
761 2369 1034 2440 Hyrcanus
1070 2372 1186 2438 ipse
1218 2386 1438 2428 creatus
1486 2376 1728 2444 pontifex
1785 2377 1853 2431 ab

276 2458 470 2509 eodem
502 2457 770 2527 Pompeio,
810 2477 837 2512 a
861 2462 1072 2515 Parthis
1095 2464 1285 2517 fuisset
1315 2478 1590 2531 postremo
1637 2478 1848 2535 captus,

273 2558 332 2601 et
357 2550 636 2615 Antipater
669 2551 790 2605 dolo
814 2553 1007 2608 fuisset
1039 2555 1417 2624 interemptus,
1443 2558 1534 2626 qui
1560 2567 1676 2612 erat
1702 2569 1850 2626 pater

281 2641 534 2703 Herodis.
563 2643 653 2710 qui
678 2643 778 2698 fuit
825 2658 1010 2716 postea
1049 2664 1144 2703 rex
1172 2650 1645 2709 Judirte.etnemo-
1680 2663 1846 2714 esset,

273 2731 372 2798 qui
407 2748 492 2788 res
517 2735 825 2793 Judzeorum
861 2742 1152 2808 obtineret,
1184 2745 1274 2798 hic
1309 2747 1552 2800 Herodes
1579 2746 1848 2812 Antipatri

281 2822 447 2890 filius,
479 2842 601 2882 cum
635 2831 873 2886 dedisset
892 2834 1150 2902 plurimas
1183 2835 1440 2891 Romanis
1485 2839 1762 2907 pecunias.
1796 2849 1849 2895 et

275 2917 459 2972 lendus
488 2935 608 2972 cum
658 2923 735 2975 eis
768 2924 1028 2987 iniiisset,
1078 2926 1287 2981 obtinet
1332 2927 1638 2996 imperium.
1693 2929 1849 2994 Quaa-

278 3024 407 3062 nam
443 3021 622 3065 autem
655 3015 818 3081 hujus
850 3015 926 3067 rei
965 3017 1087 3069 data
1135 3018 1206 3071 sit
1244 3020 1291 3071 ei
1326 3020 1557 3083 occasio,
1603 3017 1844 3075 dicemus

275 3119 441 3168 quam
472 3105 582 3157 fieri
613 3116 787 3174 potest
819 3109 1152 3164 brevissime.

1960 2011 2242 2064 indicium.
2280 2013 2544 2069 Tribuum
2573 2022 2715 2071 enim
2746 2031 2801 2074 et
2831 2023 3181 2090 familiarum,
3215 2042 3334 2094 quae
3366 2040 3523 2081 erant

1956 2102 2010 2156 in
2063 2103 2264 2170 λυέτω,
2323 2108 2564 2174 publicas
2617 2113 2912 2180 scripturas
2963 2134 2991 2167 a
3026 2125 3268 2184 tempore
3321 2116 3524 2180 EStll'LP,

1957 2211 2069 2250 rem
2104 2197 2308 2253 faciens
2342 2200 2548 2255 invidia
2583 2204 2796 2272 plenam
2826 2215 2880 2260 et
2909 2207 3140 2274 insania,
3190 2208 3299 2278 igni
3339 2210 3524 2264 tradit.

1955 2287 2165 2356 Scopus
2217 2301 2396 2344 autem
2463 2303 2595 2365 erat
2650 2296 3122 2365 improbissimus:
3189 2315 3400 2364 nempe,
3457 2316 3526 2354 ne

1958 2389 2148 2435 notum
2189 2393 2331 2434 esset
2372 2363 2600 2447 Judaeis,
2628 2400 2690 2437 ex
2743 2402 2973 2454 quanam
3033 2389 3068 2442 ii
3100 2399 3225 2442 sunt
3262 2392 3424 2454 tribu,
3471 2402 3526 2445 et

1953 2471 2170 2538 quinam
2204 2486 2266 2524 ex
2293 2473 2371 2526 eis
2403 2482 2528 2526 sunt
2558 2473 2843 2544 indigenae,
2870 2486 2924 2529 et
2950 2478 3165 2546 quinam
3196 2495 3258 2531 ex
3297 2482 3360 2533 iis
3387 2495 3524 2547 quos

1951 2560 2066 2626 ipse
2120 2562 2340 2615 solebat
2381 2565 2653 2632 appellare
2711 2567 2972 2636 γειώρας,
3021 2569 3073 2621 id
3110 2579 3211 2630 est,
3264 2571 3519 2625 advenas.

1949 2648 2152 2704 Przeter
2211 2653 2312 2705 alia
2352 2665 2557 2719 autem,
2615 2672 2737 2709 cum
2781 2662 3172 2727 sacerdotalem
3227 2673 3430 2717 vestem
3468 2665 3518 2716 in

1948 2743 2181 2812 quodam
2216 2761 2342 2800 vase
2390 2749 2742 2816 reposuisset,
2783 2752 2913 2805 viris
2965 2752 3220 2821 indignis,
3276 2756 3521 2823 pecuniis

1952 2835 2130 2903 (proh
2167 2835 2396 2898 dolor!)
2453 2849 2692 2908 emptum
2761 2843 3050 2896 mandabat
3117 2844 3515 2913 pontificatum.

1951 2927 2014 2980 Et
2047 2930 2156 2980 lucc
2184 2930 2401 2995 quidem
2435 2930 2558 2984 iste.

2019 3017 2107 3072 XI.
2143 3019 2277 3072 Cum
2306 3030 2485 3073 autem
2526 3021 2708 3076 Caesar
2736 3024 3010 3093 Augustus
3041 3029 3513 3095 quadragesimum

1946 3111 2244 3165 secundum
2285 3112 2366 3166 sui
2402 3112 2613 3182 imperii
2664 3128 2849 3184 ageret
2895 3133 3123 3179 annum,
3174 3120 3282 3173 exit
3332 3121 3399 3173 ab
3450 3136 3515 3174 eo

350 3193 415 3248 Χ.
450 3193 581 3250 Cum
623 3198 889 3270 Augustus
920 3202 1098 3256 Caesar
1130 3205 1184 3256 in
1234 3203 1522 3274 Egyptum
1559 3222 1680 3260 cum
1729 3223 1843 3262 ma-
1870 3244 1910 3300 c
1947 3204 2208 3263 edictum.
2241 3213 2298 3257 ut
2328 3204 2420 3257 ﬁat
2473 3205 2765 3274 descriptio
2797 3209 3032 3262 universi
3074 3212 3220 3265 orbis
3266 3223 3422 3265 terra:
3451 3213 3512 3266 ι’.

275 3285 440 3339 ximis
488 3290 657 3358 cepiis
695 3294 814 3359 iret,
866 3295 931 3348 ad
982 3297 1198 3360 bellum,
1253 3297 1492 3367 inquam,
1544 3299 1842 3369 Cleopatra)

273 3375 294 3444 (
324 3387 480 3434 erant
513 3383 653 3436 enim
695 3385 748 3438 in
780 3388 900 3453 eius
935 3399 1198 3455 potestate
1227 3406 1311 3444 res
1375 3390 1586 3460 Egypti,
1627 3402 1680 3444 ut
1722 3407 1838 3460 qua:

274 3482 450 3532 genus
491 3473 731 3527 traheret
759 3489 823 3526 ex
874 3476 1198 3541 Ptolemaeis,
1236 3480 1376 3532 sicut
1416 3480 1578 3531 etiam
1628 3479 1838 3533 videtur

377 3651 416 3682 “
446 3650 579 3706 Gen.
617 3669 675 3718 ιι,
710 3654 796 3710 l0.
913 3659 953 3688 “
986 3660 1112 3712 Lur.
1148 3675 1208 3728 ιι,
1241 3661 1289 3716 1.

265 3829 410 3887 εἶναι
442 3835 535 3889 καὶ
553 3835 726 3899 ἄλλως
751 3835 1104 3910 δύσχρηστον,
1134 3841 1526 3914 βαρυνομένους
1549 3847 1712 3900 αύτοῦ
1741 3850 1835 3918 τὴν

265 3927 464 3994 ἀρχὴν,
494 3928 667 3990 ἐνίους
695 3931 795 3996 μὲν
826 3934 1005 3984 αὐτῶν
1049 3937 1141 3985 καὶ
1171 3938 1480 4000 ἀπέκτεινε,
1529 3939 1650 3999 τοὺς
1680 3939 1836 3991 πλεί-

269 4034 432 4077 στους
468 4017 525 4070 δὲ
549 4021 733 4083 κακῶς
767 4023 990 4092 ἔδρασεν
1018 4041 1031 4056 ο
1067 4026 1497 4096 ἠνδραποδίσατό
1521 4046 1580 4082 τε
1607 4030 1704 4099 τὴν
1740 4033 1834 4084 πό-

265 4111 372 4173 λιν,
401 4116 493 4164 καὶ
524 4113 582 4164 τὸ
628 4116 720 4166 τοῦ
763 4117 895 4173 Θεοῦ
927 4118 1066 4188 ἱερὸν
1096 4122 1338 4190 ἀνοήτως
1385 4125 1479 4176 καὶ
1526 4126 1832 4194 μοχθηρῶς.

263 4203 469 4266 Κακῶς
511 4203 603 4257 οὖν
647 4207 851 4270 ἐκεῖνος
891 4214 954 4277 τῇ
995 4210 1208 4281 ἐξουσίᾳ
1257 4214 1556 4282 χρώμενος,
1592 4214 1708 4268 εἶτα
1739 4218 1832 4268 καὶ

267 4297 598 4365 παράσημον
639 4315 691 4350 τι
735 4300 1078 4371 προστίθησι,
1127 4304 1223 4356 καὶ
1261 4305 1460 4374 δεῖγμα
1511 4307 1679 4374 σαφὲς
1732 4309 1832 4377 τῆς

267 4386 536 4451 σφετέρας
581 4392 794 4452 κακίας.
835 4393 1020 4456 Πάσας
1070 4395 1176 4464 γὰρ
1224 4397 1321 4460 τὰς
1354 4399 1462 4452 τῶν
1511 4399 1567 4450 ἐν
1605 4399 1831 4471 Ἰουδαίᾳ

265 4473 452 4540 φυλῶν
483 4477 575 4529 καὶ
608 4479 779 4544 γενῶν
807 4481 1096 4550 δημοσίους
1134 4487 1480 4554 ἀναγραφὰς,
1510 4488 1565 4540 αἳ
1596 4489 1702 4541 ἀπὸ
1734 4489 1827 4541 τοῦ

1953 3295 2098 3347 Abiit
2128 3295 2308 3361 itaque
2341 3298 2713 3363 unusquisque
2746 3299 2796 3349 in
2828 3314 2977 3351 suam
3015 3302 3308 3363 civitatem,
3348 3311 3405 3354 ut
3440 3303 3512 3355 ibi

1949 3387 2370 3441 describeretur.
2426 3383 2719 3454 Oportebat
2768 3388 2912 3441 enim
2945 3390 2997 3442 in
3054 3391 3320 3446 descensu
3371 3395 3509 3464 ejus,

1945 3480 2036 3548 qui
2070 3488 2257 3550 regnat
2291 3479 2342 3533 in
2377 3479 2528 3533 crelis
2561 3519 2575 3544 ,
2628 3491 2783 3535 terrae
2818 3497 3031 3553 quoque
3060 3488 3331 3556 principes
3378 3503 3510 3541 con-

1944 3849 2066 3916 ρίας
2128 3851 2245 3920 ἦτοι
2274 3851 2372 3920 τῆς
2409 3851 2689 3915 Ἰουδαίας.
2732 3854 2924 3926 Ἀπῄει
2953 3857 3240 3927 τοιγαροῦν
3277 3859 3508 3923 ἕκαστος

1935 3939 2017 4002 είς
2063 3941 2161 4011 τὴν
2203 3937 2343 3995 ἰδίαν
2400 3943 2829 4015 ἀπογράψασθαι
2880 3948 3054 4003 πόλιν.
3097 3951 3241 4003 Ἔδει
3298 3953 3406 4021 γὰρ
3438 3956 3504 4021 τῇ

1936 4033 2071 4100 πρὸς
2095 4033 2198 4100 γῆν
2230 4034 2439 4104 καθόδῳ
2475 4035 2567 4088 τοῦ
2599 4039 2653 4089 ὲν
2700 4039 2947 4108 οὐρανοῖς
2995 4040 3372 4110 βασιλεύοντος
3411 4043 3507 4096 καὶ

1935 4122 2063 4182 τοὺς
2084 4125 2181 4192 τῆς
2203 4124 2303 4192 γῆς
2335 4124 2603 4193 ἄρχοντας
2643 4125 2985 4196 λειτουργίας
3014 4130 3362 4196 εἰσενεγκεῖν.
3395 4127 3506 4182 Καὶ

1938 4211 2058 4262 ἐπεὶ
2089 4213 2147 4263 τὸ
2201 4213 2379 4281 δόγμα
2430 4214 2627 4284 δηλαδὴ
2692 4217 2790 4286 τῆς
2845 4218 3173 4286 ἀπογραφῆς
3219 4219 3356 4288 πρὸς
3406 4221 3505 4288 τὴν

1940 4304 2212 4372 σφετέραν
2242 4305 2469 4358 ἕκαστον
2499 4307 2723 4360 συνὼθει
2759 4310 3019 4379 πατρίδα·
3059 4311 3234 4380 τούτῳ
3271 4314 3364 4364 καὶ
3394 4312 3505 4365 Ἰω-

1939 4393 2046 4461 σὴφ
2082 4396 2420 4464 πειθόμενος,
2447 4401 2510 4451 ἐκ
2537 4399 2636 4469 τῆς
2661 4400 2970 4464 Γαλιλαίας,
3004 4403 3068 4454 ἐκ
3113 4403 3318 4466 πόλεώς
3362 4419 3502 4473 φημι

1939 4485 2209 4555 Ναζαρὲτ,
2237 4492 2318 4548 είς
2348 4493 2445 4555 τὴν
2470 4492 2731 4545 Ἰουδαίαν
2759 4496 3067 4562 ἀφικνεῖται
3101 4503 3234 4567 πρδς
3259 4498 3504 4568 Βηθλεὲμ

265 4565 475 4635 Ἐσδρκ
499 4569 794 4641 ἐτύγχανον
830 4571 1005 4638 οὖσαι,
1058 4576 1253 4641 φθόνου
1297 4580 1390 4631 καὶ
1437 4580 1632 4648 μανίας
1671 4580 1830 4651 ἔργον
1865 4603 1909 4659 D
1939 4577 2173 4646 πόλιν,ἠ
2211 4578 2363 4641 πόλις
2392 4583 2506 4632 ἐστὶ
2536 4583 2715 4637 Δασέδ.
2753 4587 2917 4655 Καὶή
2952 4588 3120 4650 αίτία,
3148 4565 3206 4639 τὸ
3240 4565 3379 4642 εἶναι
3401 4565 3500 4642 αύνα

261 4657 460 4722 ποιῶν,
494 4663 628 4730 πυρὶ
665 4664 864 4719 δίδωσι.
904 4668 1012 4720 Καὶ
1053 4670 1082 4720 δ
1125 4671 1352 4736 σκοπὸς,
1381 4670 1457 4734 ὡς
1490 4673 1685 4742 κομιδῆ
1737 4691 1832 4726 πο-

265 4758 462 4824 νηρὸςο
496 4756 580 4808 ἵνα
643 4761 841 4826 μηκέτι
889 4767 1001 4829 τοῖς
1029 4765 1310 4830 Ἰουδαίοις
1358 4772 1636 4840 γνώριμον
1767 4774 1831 4826 ὲκ

270 4846 429 4908 ποίας
457 4841 602 4900 οὗτοι
634 4852 961 4916 τυγχάνουσι
1006 4858 1266 4924 πατριᾶς,
1302 4859 1394 4908 καὶ
1433 4859 1578 4918 τίνες
1609 4860 1706 4930 μὲν
1731 4862 1828 4912 αύ-

265 4938 379 4991 τῶν
409 4941 455 4991 oi
483 4941 754 5008 ἡμεδαποὶ
783 4948 875 4996 καὶ
906 4946 1244 5016 αὐτόχθονες,
1280 4949 1421 5014 τίνες
1452 4951 1507 5004 δὲ
1544 4953 1640 5013 οὓς
1671 4955 1828 5020 γειώ-

267 5047 371 5097 ρας
403 5032 605 5084 εἴθιστο
638 5031 842 5085 καλεῖν.
875 5037 1015 5104 Πρὸς
1048 5040 1161 5100 τοῖς
1186 5040 1388 5106 ἄλλοις,
1422 5043 1514 5095 καὶ
1547 5046 1646 5111 τὴν
1676 5047 1827 5116 ίερα-

262 5119 422 5189 τικὴν
453 5124 643 5196 στολὴν
668 5127 722 5176 ἐν
747 5128 928 5178 σκεύει
950 5127 1009 5198 δή
1033 5146 1135 5182 τινι
1163 5131 1521 5199 ἀποθέμενος,
1547 5137 1638 5187 καὶ
1660 5153 1832 5205 σφρα-

263 5213 417 5276 γῖδας
471 5215 761 5279 ἐπιϐαλὼν,
822 5219 1050 5287 ἀσήμοις
1099 5223 1322 5292 ἀνδράσι
1374 5224 1475 5292 φεῦ
1533 5230 1830 5297 χρημάτων

264 5304 424 5356 ὤνιον
463 5305 559 5371 τὴν
599 5310 1006 5381 ἀρχιερωσύνην
1039 5313 1228 5366 ὲτίοει.
1265 5317 1372 5369 Καὶ
1402 5318 1571 5372 ταῦτα
1609 5323 1708 5390 μὲν
1737 5323 1829 5376 οὓ-

263 5415 392 5461 τως.
436 5397 569 5466 Ἥδη
621 5401 676 5454 δὲ
711 5402 981 5472 Καίσαρος
1033 5409 1364 5474 Αὐγούστου,
1411 5412 1662 5483 δεύτερον
1714 5418 1831 5480 ἔτος

263 5494 362 5543 καὶ
392 5499 826 5559 τεσσαρακοστὸν
874 5496 1269 5568 βασιλεύοντος,
1313 5501 1478 5567 ἔξεισι
1512 5507 1640 5576 παρ’
1662 5511 1827 5564 αὐτοῦ

260 5581 460 5652 δόγμα,
482 5584 807 5657 ἀπογραφὴν
831 5590 973 5660 πάσῃ
993 5595 1056 5660 τῇ
1078 5594 1369 5668 οικουμένῃ
1391 5600 1825 5669 ἐγκελευόμενον,

268 5674 431 5740 ἤγουν
463 5694 564 5751 φορ
598 5676 812 5746 λογίαν·
839 5685 930 5734 καὶ
961 5685 1161 5754 ταύτην
1192 5687 1448 5760 Κυρηνὲῳ
1477 5695 1602 5759 τινὶ,
1638 5694 1706 5754 ὡς
1743 5697 1828 5746 sii-

263 5768 541 5838 νουστάῖῳ
573 5772 665 5825 καὶ
703 5771 896 5842 ἑρώτῳ
920 5776 1017 5844 τῆς
1052 5779 1350 5847 συγκλήτου
1378 5781 1594 5853 βουλῆς,
1631 5789 1656 5837 ὁ
1693 5789 1825 5840 Καῖ-

264 5872 373 5930 σαρ
419 5856 765 5932 ἐνιχεέρισεν,
801 5866 856 5917 ὃν
905 5871 992 5920 mi
1028 5873 1361 5940 κατέστησεν
1401 5875 1700 5949 ἡγούμενον
1733 5879 1825 5930 Συ-

1937 4669 2023 4718 τον
2051 4667 2107 4732 ἐξ
2138 4670 2285 4721 οίκου
2335 4673 2468 4741 φησὶ
2514 4674 2607 4726 καὶ
2640 4677 2900 4747 πατριᾶς,
2949 4678 2976 4729 ὃ
3010 4679 3124 4731 ἐστι
3175 4682 3498 4748 συγγενείας

1933 4753 2118 4806 Δαϐίδ.
2161 4756 2492 4821 Ἀφικνεῖται
2522 4759 2576 4809 δὲ
2604 4761 2738 4827 πρὸς
2769 4764 3114 4832 ἀπογραφὴν,
3146 4766 3242 4817 σὺν
3271 4767 3334 4835 τῇ
3371 4765 3501 4818 θαυ-

1940 4847 2258 4917 μασιωτάτη
2293 4849 2569 4913 γυναικῶν
2603 4851 2811 4920 Μαρίᾳ,
2842 4853 2973 4922 οὔσῃ
3020 4855 3222 4924 ἑγκύῳ.
3254 4856 3362 4908 Καὶ
3392 4861 3500 4927 γὰρ

1936 4939 1969 5006 ἡ
2006 4939 2103 5005 μὲν
2153 4941 2430 5005 Γαλιλαία,
2469 4944 2620 5012 χώρα
2649 4946 2730 5007 τίς
2783 4947 2896 4999 ἐστι
2945 4945 3345 5017 Παλαιστίνης·
3391 4951 3502 5019 ἡδὶ

1936 5029 2190 5099 Ναζαρὲτ
2245 5033 2397 5094 πόλις
2449 5035 2543 5102 τῆς
2583 5036 2893 5097 Γαλιλαίας.
2949 5040 3116 5091 Πάλιν
3167 5043 3197 5110 ἡ
3249 5042 3499 5107 Ἰουδαία,

1935 5123 2085 5192 χώρα
2113 5140 2197 5184 τις
2219 5124 2363 5177 οὕτω
2396 5131 2910 5199 προσαγορευομένη
2933 5146 2945 5160 ·
2983 5129 3230 5200 Βηθλεὲμ
3258 5132 3314 5183 δὲ
3349 5133 3497 5196 πόλις

1934 5217 2030 5282 τῆς
2063 5214 2340 5270 Ἰουδαίας.
2398 5219 2500 5269 Τὸν
2558 5223 2659 5288 μέν
2703 5238 2784 5273 τοι
2833 5223 3067 5291 Χριστὸν
3118 5226 3164 5273 ot
3220 5225 3496 5292 προφῆται

1935 5307 2134 5370 πάντες
2165 5309 2262 5359 οὐκ
2280 5307 2385 5360 ἀπὸ
2409 5311 2503 5379 τῆς
2537 5311 2810 5380 Ναζαρὲτ,
2839 5312 2953 5364 ἀλλ’
2983 5313 3089 5365 ἀπὸ
3117 5313 3213 5380 τῆς
3246 5314 3493 5385 Βηθλεὲμ

1935 5397 2166 5464 ἔφασκον
2186 5399 2360 5467 ἥξειν,
2411 5403 2576 5453 κάκεῖ
2605 5404 2994 5472 τεχθήσεσοαι.
3029 5406 3180 5456 Ἐπεὶ
3205 5402 3298 5458 οὖν
3326 5422 3494 5473 φανε-

1936 5491 2028 5558 ρὸν
2049 5490 2248 5542 ἅπασιν
2281 5487 2369 5560 ἦν,
2400 5493 2506 5544 ἀπὸ
2538 5493 2634 5563 τῆς
2681 5495 2926 5562 Βηθλεὲμ
2961 5497 3049 5547 τὸν
3096 5497 3300 5564 Κύριον
3333 5497 3493 5565 ἔρχε-

1935 5577 2078 5644 σθαι,
2106 5585 2414 5650 γέγραπται
2438 5588 2567 5654 γὰρ,
2589 5587 2661 5648 ὡς
2692 5589 2923 5655 ἔφημεν,
2958 5591 3065 5640 Καὶ
3092 5588 3195 5651 σὺ,
3225 5587 3492 5655 Βηθλεὲμ

1935 5669 2094 5738 οἶκος
2118 5674 2221 5728 τοῦ
2249 5678 2529 5743 Ἐφραθὰ,
2567 5679 2884 5745 ὀλιγοστὸς·
2907 5676 3095 5732 είοτοῦ
3124 5675 3272 5732 εἶναι
3311 5682 3379 5730 ἔτι
3407 5699 3494 5747 χιε

1933 5764 2139 5818 λιάσιν
2185 5766 2400 5830 Ἰούδα,
2424 5769 2491 5819 ἐκ
2533 5766 2647 5820 σοῦ
2669 5785 2766 5833 μοι
2799 5770 3178 5832 ἐξελεύσεται
3216 5765 3489 5823 τοῦεῖναι

1933 5861 2016 5926 εἰς
2047 5857 2302 5928 ἄρχοντα
2324 5862 2389 5913 ἐν
2413 5861 2489 5926 τῷ
2528 5862 2793 5929 Ἰσραήλ.
