4226 6436
709 412 812 474 639

1945 412 2222 473 MENSIS
2267 410 2690 476 AUGUSTUS.

3829 407 3944 472 510

711 524 846 579 lerre
894 536 1141 577 munera.
1204 521 1471 586 Quoniam
1529 533 1706 578 autem
1763 525 2022 588 edictum,
2063 523 2270 578 scilicet
2299 525 2346 579 Α
2374 540 2566 580 arcana
2598 527 2804 580 ratione
2843 531 3083 594 ceperat.
3129 524 3263 577 Cum
3287 520 3429 577 enim
3456 520 3608 574 multl
3654 537 3718 576 ex
3760 522 3957 577 multis

703 615 1097 683 descriptionis,
1133 630 1577 684 unumquemque
1621 617 1673 669 in
1715 631 1866 670 suam
1914 616 2274 684 compellebat

709 706 961 775 patriam,
991 706 1189 775 Joseph
1231 721 1450 776 quoque
1492 707 1539 760 ei
1573 722 1791 775 parens,
1827 723 1888 761 ex
1935 706 2173 766 Galilaea.
2208 722 2274 759 ex

707 797 940 860 civitate,
990 798 1229 866 inquam,
1286 796 1570 861 Nazareth,
1620 801 1769 853 venit
1811 800 1862 852 in
1913 799 2174 860 Judzram,
2219 799 2269 850 in

710 886 978 940 Bethleem
1030 888 1328 954 civitatem,
1369 904 1488 956 qua:
1514 899 1599 942 est
1643 889 1832 943 civitas
1879 886 2061 941 David.
2101 887 2272 942 Causa

707 994 833 1031 vero
877 989 1016 1041 erat,
1051 993 1118 1031 eo
1150 979 1289 1045 quod
1337 990 1480 1033 esset
1513 981 1764 1049 (inquit)
1795 982 1860 1033 de
1909 981 2068 1033 domo
2097 989 2149 1030 et
2196 977 2272 1030 fa-

712 1068 859 1120 milia
895 1069 1080 1128 David,
1131 1070 1234 1123 hoc
1267 1081 1371 1130 est,
1403 1073 1745 1136 cognatione.
1790 1071 1948 1123 Venit
1987 1079 2163 1123 autem
2208 1069 2273 1122 ad

708 1160 1126 1225 descriptionem
1197 1178 1316 1215 cum
1377 1164 1478 1217 hac
1537 1180 1604 1217 ex
1658 1163 1976 1217 mulieribus
2043 1163 2272 1216 maxime

706 1251 1014 1305 admirabili
1060 1253 1244 1314 Maria,
1277 1270 1396 1322 qua:
1433 1265 1552 1307 erat
1587 1255 1826 1324 gravida.
1870 1253 2085 1306 Etenim
2125 1254 2269 1307 Gali-

707 1344 804 1396 ltea
831 1343 1048 1409 quidem
1091 1357 1172 1398 est
1200 1346 1445 1411 quaedam
1479 1346 1623 1413 regio
1652 1345 1944 1399 Palaestina:
1969 1364 1984 1410 ;
2011 1343 2273 1398 Nazarer

707 1443 882 1487 autem
924 1444 1008 1488 est
1065 1437 1261 1489 civitas
1306 1435 1557 1488 Galileaa.
1609 1437 1814 1490 Rursus
1860 1447 2039 1491 autem
2093 1436 2274 1490 Judzea

709 1535 790 1578 est
817 1526 1084 1592 quaedam,
1118 1543 1235 1594 quae
1266 1528 1344 1581 sic
1369 1529 1582 1590 dicitur,
1626 1530 1807 1597 regio;
1840 1528 2116 1582 Bethleem
2147 1543 2274 1582 vero

709 1616 898 1669 civitas
951 1616 1169 1673 JudtBCB.
1224 1620 1398 1688 Atque
1460 1620 1741 1674 Christum
1807 1622 2021 1689 quidem
2084 1634 2274 1673 omnes

710 1708 1006 1775 prophetze,
1045 1724 1153 1762 non
1193 1725 1256 1762 ex
1285 1709 1548 1763 Nazareth
1581 1720 1862 1763 venturum
1887 1709 2156 1773 dicebant,
2181 1708 2273 1762 sed

709 1813 771 1850 ex
804 1797 1101 1860 Bethleem,
1145 1816 1196 1854 et
1231 1801 1346 1854 fore
1388 1811 1443 1854 ut
1471 1801 1579 1854 illic
1619 1811 1912 1870 pareretur.
1950 1801 2086 1853 Ecce
2129 1801 2270 1852 enim

712 1889 805 1941 tibi
839 1892 1098 1959 evestigio
1147 1895 1423 1960 proposita
1470 1902 1553 1947 est
1585 1895 1899 1963 prophetia:
1931 1894 1997 1946 Et
2031 1904 2085 1946 tu
2119 1893 2273 1946 Beth-

710 1981 842 2030 leem
877 1991 1015 2034 terra
1049 1983 1210 2042 Juda,
1250 2001 1580 2054 nequaquam
1609 2004 1661 2039 es
1696 1988 1911 2039 minima
1944 1989 1994 2038 in
2027 1985 2274 2052 principi-

712 2073 801 2124 bus
836 2072 974 2124 Juda
1001 2075 1056 2124 ”.
1095 2075 1161 2128 Et
1194 2092 1312 2143 qute
1346 2089 1646 2146 sequuntur
1672 2079 1947 2144 deinceps,
1982 2078 2071 2129 tibi
2099 2077 2276 2133 decla-

713 2172 794 2216 ret
826 2163 1175 2233 Evangelium
1205 2166 1270 2216 "‘.
1299 2166 1570 2229 Quoniam
1603 2183 1732 2234 ergo
1763 2167 2109 2220 manifestum
2159 2175 2277 2219 erat

711 2255 964 2308 erunibus
1006 2256 1281 2311 Christum
1315 2269 1603 2312 venturum
1636 2275 1698 2312 ex
1751 2259 2046 2322 Bethleem,
2075 2260 2277 2312 idcirco

709 2345 1004 2415 Josephum
1024 2362 1078 2401 et
1101 2347 1340 2410 Mariam.
1358 2352 1444 2419 qui
1466 2352 1569 2405 etsi
1591 2352 1734 2405 cives
1752 2363 1934 2404 essent
1959 2349 2279 2405 Bethleemi-

715 2447 800 2501 tae,
844 2452 904 2489 ea
959 2447 1097 2490 terra
1127 2439 1341 2492 dimissa
1367 2441 1535 2506 (quod
1569 2440 1752 2493 multis
1795 2455 1934 2504 saepe
1966 2439 2178 2498 accidit,
2223 2443 2281 2491 ut

713 2527 949 2581 dimissis
997 2529 1062 2582 iis
1118 2545 1238 2596 quze
1291 2531 1438 2598 ipsos
1497 2531 1752 2594 tulerunt,
1776 2531 1966 2583 malint
2010 2529 2063 2582 in
2107 2530 2279 2584 aliena

714 2615 959 2669 habitare
1000 2617 1265 2683 civitate),
1311 2619 1412 2687 ipsi
1440 2635 1654 2688 quoque
1687 2620 1996 2674 habitabant
2025 2620 2079 2672 in
2108 2619 2280 2673 Naza-

714 2707 856 2770 reth,
914 2710 1291 2776 compellebat,
1345 2721 1404 2764 ut
1443 2713 1644 2764 dictum
1693 2723 1794 2772 est,
1824 2728 1916 2765 eos
1942 2712 2022 2765 vel
2060 2713 2281 2774 invitos,

714 2797 768 2850 in
795 2796 1068 2852 Bethleem
1122 2800 1381 2867 edictum,
1430 2803 1535 2860 Deo
1591 2803 1975 2857 admirabiliter
2004 2812 2057 2856 et
2090 2813 2284 2873 praeter

713 2890 1023 2957 opinionem
1059 2893 1172 2943 hiec
1202 2893 1551 2959 dispensante
1583 2902 1635 2948 et
1669 2905 1940 2950 versante.

786 2981 897 3033 XII.
923 2981 1056 3036 Cum
1089 2983 1196 3037 illic
1220 3000 1347 3053 ergo
1365 2985 1589 3040 fuissent
1619 2999 1833 3056 propter
1869 2989 2283 3058 descriptionem

713 3072 924 3141 Imp/eti
953 3085 1092 3133 sunt,
1124 3076 1295 3144 inquit
1319 3079 1510 3138 ",dies
1543 3090 1596 3130 ut
1622 3079 1770 3145 Virgo
1795 3091 2036 3145 pareret;
2071 3091 2118 3133 et
2147 3083 2285 3148 parit

2378 615 2511 671 locis
2531 617 2597 672 ad
2631 616 3049 686 descriptionem
3093 614 3426 669 conﬂuerent
3463 613 3638 682 (utest
3662 624 3958 667 consenta-

2376 710 2563 777 neum)
2592 717 2647 763 et
2673 709 2790 763 loca
2839 709 3045 763 scilicet
3077 713 3534 776 pragoccuparent,
3561 717 3614 757 et
3655 721 3718 757 ex
3758 720 3825 758 eo
3853 720 3957 757 eos

2376 802 2468 870 qui
2501 803 2758 870 postremi
2799 799 3108 861 veniebant,
3138 801 3189 850 in
3236 811 3457 864 magnas
3491 795 3816 850 abducerent
3849 811 3955 848 an-

2375 895 2598 963 gustias,
2644 893 2793 946 illum
2819 897 2896 947 sic
2925 909 3044 944 cum
3082 891 3200 942 aliis
3238 890 3353 942 loco
3392 897 3662 956 egentem,
3708 903 3954 955 praesepe

2377 988 2601 1055 suscipit
2627 1003 2638 1038 :
2664 986 2832 1046 illum,
2855 985 3094 1051 inquam,
3121 981 3210 1047 qui
3255 989 3628 1047 paupertatem
3671 978 3829 1046 elegit
3884 983 3954 1031 ab

2377 1080 2550 1143 initio,
2575 1088 2626 1131 et
2655 1093 2773 1131 eam
2841 1074 3129 1128 honoravit
3204 1073 3255 1122 in
3308 1071 3504 1137 seipso.
3563 1070 3667 1123 Sed
3704 1080 3954 1137 pastores

2374 1185 2608 1239 quoque,
2642 1169 2835 1238 inquit,
2875 1175 3029 1220 erant
3087 1166 3140 1218 in
3198 1164 3298 1216 hac
3326 1163 3570 1230 regione,
3610 1172 3834 1230 agentes
3897 1163 3950 1214 in

2375 1272 2533 1314 nocte
2585 1261 2877 1314 custodias.
2919 1257 2996 1309 Ad
3027 1270 3160 1324 quos
3203 1253 3295 1308 Dei
3345 1268 3559 1320 quoque
3606 1254 3820 1306 advenit
3853 1269 3954 1305 an-

2376 1354 2608 1422 geluset
2631 1367 2722 1404 eos
2746 1349 2954 1402 Domini
2978 1348 3144 1416 gloria
3167 1343 3527 1398 circumlulsit
3555 1381 3568 1394 .
3603 1342 3736 1394 Cum
3769 1353 3954 1394 autem

2374 1445 2614 1498 exterriti
2631 1443 2857 1496 fuissent
2876 1438 3181 1508 spectaculo
3202 1455 3214 1490 :
3238 1436 3539 1488 Timuerunt
3556 1433 3723 1496 enim,
3753 1434 3953 1501 inquit,

2377 1538 2558 1588 timore
2596 1550 2802 1602 magno,
2823 1530 3327 1601 angel'ustimorem,
3377 1527 3541 1594 utqui
3566 1541 3674 1578 non
3697 1525 3956 1577 decenter

2375 1641 2466 1680 eos
2505 1625 2812 1684 invasisset,
2839 1622 3055 1690 expellit
3083 1619 3296 1674 :Nolite
3336 1617 3537 1677 timere,
3589 1616 3808 1679 dicens;
3844 1633 3960 1668 ecce

2377 1720 2513 1770 enim
2541 1718 2794 1768 annuntio
2824 1717 2963 1768 vobis
2985 1713 3234 1784 gaudium
3276 1725 3524 1775 magnum
3550 1707 3684 1776 quod
3707 1709 3804 1759 erit
3835 1709 3958 1758 uni-

2376 1825 2517 1860 verso
2531 1809 2738 1876 populo,
2758 1821 2864 1859 non
2882 1804 3079 1860 Iuda-is
3093 1803 3243 1866 solis,
3263 1801 3355 1855 sed
3373 1800 3644 1853 omnibus.
3661 1797 3846 1865 Adjiee
3863 1799 3933 1851 ad
3947 1827 3961 1834 -

2378 1899 2483 1951 huc
2535 1897 2856 1966 apertiorem
2906 1895 3085 1966 gaudii
3146 1891 3634 1962 signiﬁcationem:
3669 1887 3952 1952 Quoniam,

2379 1991 2569 2057 inquit,
2593 1999 2746 2040 natus
2778 1998 2849 2039 est
2891 1987 3029 2039 vobis
3068 1989 3215 2038 hodie
3241 1984 3486 2037 Salvator
3511 1983 3598 2049 qui
3619 1992 3693 2033 est
3722 1979 3963 2035 Christus

2377 2081 2647 2142 Dominus,
2675 2082 2727 2132 in
2759 2080 2968 2132 civitate
2998 2077 3192 2130 David.
3218 2076 3288 2131 Ut
3326 2085 3506 2128 autem
3537 2089 3564 2124 a
3591 2071 3697 2127 Deo
3717 2073 3964 2140 proiecta

2377 2183 2431 2228 et
2450 2189 2572 2228 vera
2588 2189 2684 2226 vox
2700 2172 3055 2241 judicaretur,
3071 2169 3187 2236 ejus
3203 2166 3381 2220 statim
3408 2165 3650 2232 sequitur
3673 2163 3965 2214 conﬁrma-

2379 2266 2473 2317 tio.
2523 2263 2765 2331 Repente
2795 2262 2940 2313 enim
2988 2274 3111 2313 cum
3157 2257 3346 2325 angelo
3409 2257 3527 2309 laus
3559 2267 3776 2322 quoque
3799 2251 3966 2303 audt-

2381 2363 2470 2407 tur
2527 2369 2558 2406 a
2628 2351 2970 2406 multitudine
3039 2347 3264 2418 angelici
3339 2347 3630 2404 exercitus.
3704 2343 3962 2397 dicentis:

2381 2445 2558 2501 Gloria
2583 2446 2635 2498 in
2657 2446 2866 2499 excelsis
2887 2444 3014 2508 Deo,
3045 2451 3092 2496 et
3130 2442 3184 2494 in
3211 2449 3350 2494 terra
3370 2453 3476 2508 pax
3499 2436 3791 2489 hominibus
3813 2434 3968 2487 bona:

2381 2538 2660 2592 voluntatis
2680 2538 2745 2590 η.

2449 2628 2593 2681 ΧΙΙΙ.
2617 2628 2872 2690 Quaznam
2901 2639 3029 2678 vero
3048 2623 3122 2690 (7)
3145 2631 3300 2677 erant
3321 2639 3384 2677 ea
3405 2640 3523 2691 qua:
3543 2636 3599 2681 tu
3628 2629 3967 2683 admirabilis

2385 2718 2770 2779 conservabas,
2805 2715 2990 2774 Maria,
3021 2723 3076 2767 et
3114 2714 3166 2766 in
3211 2723 3300 2767 tuo
3348 2715 3511 2768 corde
3541 2718 3966 2771 conlerebas”?

2383 2808 2521 2862 Num
2549 2805 2769 2860 omnino
2787 2815 2840 2857 et
2865 2803 2916 2857 id
2942 2801 3082 2871 quod
3115 2801 3207 2854 tibi
3238 2801 3447 2855 dixerat
3469 2805 3712 2872 angelus,
3741 2815 3792 2857 et
3812 2822 3966 2874 quae.

2385 2914 2598 2968 cunque
2649 2912 2840 2950 rursus
2869 2895 3126 2950 dixerunt
3177 2894 3587 2961 pastoresﬂlaec
3618 2897 3728 2965 ipsa
3763 2897 3818 2950 in
3861 2907 3967 2951 tuo

2385 2993 2545 3048 corde
2565 3002 2913 3057 componens,
2935 2995 3129 3038 etcum
3156 2983 3248 3035 illo
3276 2984 3390 3051 ipso
3411 2985 3712 3049 conferens,
3732 2987 3966 3041 videbas

2389 3083 2570 3138 omnia
2617 3081 2680 3132 ad
2712 3091 2878 3130 unum
2912 3072 3201 3129 convenire
3239 3073 3382 3139 quod
3412 3073 3556 3128 Dens
3583 3091 3766 3130 revera
3810 3078 3878 3130 sit
3913 3078 3966 3129 is

718 3160 793 3232 (6)
813 3164 977 3230 ﬁlium
1007 3182 1159 3217 suum
1190 3168 1587 3236 primogenitum
1615 3178 1661 3221 et
1695 3171 1871 3238 fasciis
1901 3171 2106 3224 involvit
2144 3189 2281 3234 eum.
2311 3202 2354 3261 ρ
2389 3177 2479 3245 qui
2513 3185 2596 3229 est
2625 3189 2690 3227 ex
2714 3182 2764 3226 te
2791 3176 3044 3232 natus,et
3069 3176 3121 3220 te
3150 3165 3275 3219 fecit
3305 3166 3803 3235 miraculum,quod
3820 3169 3966 3224 caelo

716 3255 806 3322 qui
866 3256 1026 3310 nullis
1091 3268 1265 3325 potest
1313 3259 1556 3312 terminis
1604 3261 2012 3316 circumscribi:
2079 3273 2132 3317 et
2162 3281 2280 3332 pro-

716 3355 892 3414 pterea
935 3349 1069 3415 quod
1100 3366 1197 3401 non
1235 3360 1360 3402 esset
1390 3353 1460 3402 eis
1489 3352 1625 3403 locus
1655 3355 1705 3403 in
1741 3355 2041 3414 diversorio.
2070 3371 2102 3407 ο
2138 3365 2281 3409 tuam

719 3438 1068 3502 inetiabileni,
1103 3443 1337 3506 Christe,
1387 3453 1608 3513 propter
1666 3459 1750 3497 me
1794 3459 2182 3514 paupertatem,
2228 3453 2282 3503 in

719 3532 940 3594 pra’sepi
960 3532 1173 3584 reclinat
1207 3550 1342 3591 eum.
1367 3536 1456 3602 qui
1485 3548 1645 3586 omne
1685 3536 2001 3588 alimentum
2027 3539 2284 3604 suppedio

724 3627 802 3672 tat
824 3636 837 3685 ;
859 3635 981 3673 eum
1002 3622 1089 3689 qui
1118 3637 1453 3692 nequaquam
1485 3623 1598 3692 capi
1621 3632 1818 3694 potest,
1846 3639 1906 3679 ea
1940 3640 2058 3695 qua:
2099 3627 2278 3696 ipsum

833 3783 876 3813 "
903 3782 1062 3836 Mich.
1096 3801 1148 3850 v,
1177 3784 1230 3837 2.
1343 3784 1389 3816 ¹δ
1417 3784 1603 3840 Matth.
1642 3802 1700 3851 tt,
1737 3787 1789 3840 6.

791 3974 868 4043 (6)
915 3973 1029 4026 Τοῦ
1059 3974 1510 4041 Μεταφραστοῦ.
1552 3973 1738 4025 Τίκτει
1776 3973 1883 4027 τὸν
1926 3975 2060 4028 υἱόν
2099 3977 2286 4043 αὐτῆς

722 4065 828 4117 τὸν
861 4066 1258 4132 πρωτότοκον,
1299 4065 1331 4132 ἡ
1365 4064 1624 4130 ἀμίαντος
1662 4062 1820 4132 κόρη,
1857 4062 1950 4115 καὶ
1980 4069 2287 4134 σπαργανοϊ

721 4157 814 4208 τὸν
848 4157 1120 4224 ἀόριστον,
1153 4155 1250 4208 καὶ
1290 4158 1447 4223 παρὰ
1474 4155 1539 4207 τὸ
1568 4155 1654 4224 μὴ
1683 4152 1834 4208 εἶναι
1863 4159 2051 4209 τόπον
2086 4157 2290 4221 αὐτοῖς

721 4247 792 4302 ἐν
828 4245 907 4310 τῷ
939 4249 1328 4313 καταλύματι,
1358 4245 1402 4297 ὢ
1439 4246 1538 4314 τῆς
1568 4247 1774 4312 ἀφάτου
1815 4265 1931 4312 σου,
1965 4248 2188 4315 Χριστὲ,
2222 4248 2289 4300 δι’

723 4340 824 4409 εμὲ
857 4340 1161 4408 πτωχείαςί
1205 4340 1274 4392 ἐν
1310 4337 1383 4406 τῇ
1418 4338 1613 4407 φάτνῃ
1645 4339 1733 4390 τὸν
1768 4339 1865 4407 τῆς
1897 4341 2102 4408 τροφῆς
2145 4340 2288 4393 ἁπά-

726 4445 824 4497 σης
857 4429 1088 4497 χορηγὸν
1115 4428 1448 4492 ἀνακλίνει,
1477 4431 1566 4481 τὸν
1596 4429 1847 4499 μηδαμοῦ
1872 4429 2218 4500 χωρούμενον
2255 4433 2288 4500 ὴ
2320 4464 2366 4522 D

725 4520 1026 4588 ἁχωρήτως
1058 4521 1376 4589 χωρήσασα.
1412 4520 1628 4572 Πολλῶν
1663 4522 1771 4590 γὰρ
1800 4522 2122 4591 πολλαχόθεν
2155 4522 2290 4590 πρὸς

725 4613 821 4682 τὴν
852 4613 1066 4681 γραφὴν
1096 4612 1283 4682 ὥσπερ
1326 4614 1471 4674 εἰκὸς
1522 4614 1886 4682 συρρεόντων,
1945 4618 2036 4665 καὶ
2090 4615 2292 4678 πολλὴν

727 4705 974 4758 ἐντεῦθεν
1011 4707 1120 4764 τοῖς
1163 4704 1388 4772 ἔσχατον
1425 4706 1831 4774 ἐπιγενομένοις
1867 4705 2294 4775 περιποιούντων

726 4796 826 4862 τὴν
863 4795 1141 4858 στένωσιν,
1175 4791 1218 4844 ὢ
1249 4791 1346 4858 τῆς
1390 4793 1457 4844 δι’
1484 4792 1582 4862 ἐμὲ
1618 4793 1976 4862 στενοχωρίας
2025 4795 2117 4845 καὶ
2153 4792 2293 4856 ξενι-

725 4888 876 4946 τείας
918 4885 1010 4937 τοῦ
1046 4885 1133 4936 διὰ
1172 4887 1387 4936 πάντων
1423 4883 1725 4952 χωροῦντος
1763 4883 1856 4932 καὶ
1901 4884 2079 4931 πᾶσαν
2114 4884 2292 4934 κτίσιν

729 4976 1183 5046 ἐμπεριέχοντοςί
1234 4976 1438 5025 ἐκεῖνον
1491 4974 1629 5039 μετὰ
1673 4974 1778 5025 τῶν
1824 4971 1997 5025 ἄλλων
2028 4970 2170 5026 οὕτω
2202 4973 2295 5025 καὶ

729 5070 893 5122 τόπου
926 5065 1374 5136 διαπορούμενον,
1414 5065 1528 5135 οὐχ’
1561 5065 1804 5136 εὑρίσκει
1841 5067 1948 5134 γὰρ
1976 5067 2142 5118 τόπον
2176 5065 2295 5118 οὐδὲ

731 5162 1021 5227 κατάλυμα
1045 5203 1058 5226 ,
1095 5163 1128 5228 ἠ
1161 5161 1333 5229 φάτνη
1364 5159 1572 5227 δέχεται
1609 5158 1704 5228 τὴν
1735 5157 2000 5227 πτωχείαν
2043 5159 2296 5226 ἑλόμενον

734 5254 792 5318 ἐξ
823 5252 1018 5320 ἀρχῆς,
1061 5252 1152 5302 καὶ
1189 5251 1393 5317 ταὺτην
1435 5253 1490 5303 ὲν
1521 5250 1696 5318 ἑαυτῴ
1720 5251 2042 5318 τιμήσαντα.
2085 5248 2295 5300 Ἐντεῦ-

734 5345 822 5396 Οεν
859 5346 886 5397 ὁ
918 5340 1327 5414 ἀπερίγραπτος
1363 5344 1420 5392 ἐν
1449 5342 1717 5410 σπηλαίῳ,
1746 5341 1965 5407 όΛόγος
1996 5343 2053 5392 ὲν
2080 5341 2253 5407 φάτνῃ
2280 5376 2294 5400 ,

729 5441 758 5490 ὁ
802 5437 894 5489 τοῦ
935 5437 1140 5502 κόσμου
1177 5432 1531 5501 δημιηυργὸς,
1567 5429 1864 5496 αὐτουργὸς
1896 5432 1984 5481 καὶ
2004 5430 2294 5493 τοῦ.τόκου,

736 5531 828 5581 καί
880 5528 1068 5593 samo;
1117 5524 1276 5576 τοῦτό
1325 5540 1423 5573 που
1464 5524 1666 5589 γίνεται
1707 5521 1866 5582 αὐτὸς
1905 5522 2001 5588 μὲν
2036 5522 2295 5589 μαιεύων,

735 5620 894 5681 αὐτὸς
925 5617 980 5668 δὲ
1011 5618 1382 5686 μαιευόμενος.
1423 5615 1513 5665 καὶ
1540 5618 1603 5683 τῇ
1641 5613 1807 5683 μητρὶ
1831 5612 1918 5665 τὸν
1940 5611 2177 5680 θάλαμον
2208 5628 2300 5677 χα-

740 5712 1036 5780 ριζόμενος.
1078 5707 1354 5760 Ἐντείθεν
1379 5707 1405 5757 ό
1429 5709 1640 5759 πάντων
1667 5705 1942 5774 συνοχεὺς,
1973 5705 2027 5756 ὲν
2056 5702 2300 5773 σπαργά-

742 5818 851 5863 νοις
873 5820 884 5830 ο
920 5805 944 5853 ὁ
979 5801 1192 5854 πάντων
1230 5800 1477 5868 τροφεὺς,
1521 5800 1574 5849 ἐν
1610 5799 1719 5860 τοῖς
1755 5795 2300 5868 γαλακτοτροιρουμέο

1873 3787 1914 3819 ⁸⁸
1937 3786 2069 3843 Luc.
2091 3802 2150 3853 ll,
2172 3789 2223 3854 6,
2252 3788 2305 3845 7.

2384 3275 2439 3326 et
2457 3277 2596 3320 terra
2628 3279 2732 3317 non
2764 3262 2998 3328 capitur.
3026 3258 3126 3322 Qui
3148 3256 3307 3310 etiam
3332 3257 3556 3324 suscipit
3585 3259 3969 3310 circumcisio-

2383 3375 2508 3414 nem
2534 3357 2860 3413 conﬁrmans
2887 3367 3038 3405 suam
3081 3363 3204 3402 cum
3239 3346 3440 3401 Judteis
3468 3349 3868 3418 cognationem,
3889 3365 3966 3402 ne

2382 3453 2489 3506 illis
2503 3449 2836 3506 occasionem
2857 3446 3118 3516 praeberet
3134 3460 3255 3499 eum
3273 3442 3521 3513 negandi.
3542 3441 3968 3497 Circumciditur

2385 3553 2564 3596 autem
2604 3553 2792 3596 octavo
2817 3541 2900 3594 die
2923 3555 3014 3591 seu
3063 3539 3147 3592 die
3179 3538 3482 3600 Dominico,
3513 3550 3621 3602 quo
3653 3534 3753 3587 fuit
3794 3534 3964 3586 etiam

2383 3632 2726 3692 resnrrectio;
2766 3639 2819 3683 et
2843 3629 3000 3682 Jesus
3025 3629 3357 3681 nominatur.
3400 3626 3675 3695 Signilicat
3706 3640 3833 3677 vero
3861 3624 3971 3676 hoc

2421 3791 2463 3823 ¹⁸
2495 3790 2624 3845 ibid.
2658 3791 2811 3846 8-15.
2893 3790 2932 3822 "
2970 3789 3106 3843 ibid.
3135 3789 3219 3843 19.

2393 3995 2537 4040 νοις*
2585 3981 2612 4033 ό
2667 3981 2883 4034 πάντων
2937 3983 3315 4050 ἀπογραφεὺς,
3371 3984 3428 4034 ὲν
3476 3983 3588 4044 τοῖς
3645 3981 3973 4051 ἀπογραφο-

2396 4073 2598 4142 μένοις.

2463 4185 2729 4253 Ποιμένες
2765 4183 2842 4251 δὲ,
2877 4183 3062 4254 φησὶν,
3093 4178 3234 4254 ἦσαν
3264 4184 3322 4235 ὲν
3355 4183 3420 4252 τῇ
3454 4179 3606 4252 χώρᾳ
3633 4181 3828 4253 ταύτῃ.
3863 4200 3973 4249 φυ-

2395 4277 2564 4340 λακὰς
2598 4278 2727 4345 περὶ
2757 4276 2928 4329 νύκτα
2961 4275 3297 4342 ποιούμενοι,
3329 4269 3408 4335 οἷς
3444 4274 3536 4325 καὶ
3564 4272 3795 4340 ἄγγελος
3826 4272 3971 4325 Θεοῦ

2395 4372 2620 4439 ἐπέστη,
2640 4373 2735 4421 καὶ
2759 4369 2882 4432 δόξα
2911 4366 3116 4435 Κυρίου
3142 4363 3339 4426 αὐτοὺς
3367 4364 3763 4433 περιέλαμψεν.
3807 4365 3971 4418 Ἐπεὶ

2391 4463 2446 4515 δὲ
2467 4461 2762 4526 κατάφοδοι
2793 4459 3048 4526 γεγόνασι
3075 4458 3151 4526 τῷ
3179 4457 3434 4526 Θεάματι,
3456 4457 3482 4510 ό
3501 4457 3752 4523 ἅγγελος,
3778 4455 3853 4517 ὡς
3889 4458 3973 4527 μὴ

2394 4554 2513 4606 καθ’
2546 4553 2694 4622 ὥραν
2733 4553 3034 4606 ἐπελθόντα
3064 4553 3155 4606 τὸν
3201 4553 3364 4619 φόϐον
3395 4552 3498 4613 ἔξω
3531 4553 3692 4613 ποιεῖ,
3723 4549 3818 4616 Μὴ
3862 4569 3974 4618 φο-

2393 4647 2609 4707 ϐεῖσθε,
2629 4647 2824 4714 λέγων,
2841 4645 2970 4699 ἰδοὺ
2988 4646 3098 4711 γὰρ
3119 4641 3564 4711 εὐαγγελίζομαι
3585 4640 3727 4710 ὑμῖν
3747 4645 3969 4711 χαρὰν,

2393 4735 2524 4802 ἥτις
2566 4735 2760 4798 ἔσται,
2791 4732 2888 4783 οὑκ
2932 4729 3203 4792 Ἰουδαίοις
3234 4730 3414 4798 μόνοις
3434 4770 3448 4793 ,
3483 4730 3599 4783 ἀλλ’
3629 4731 3820 4781 artam.
3858 4731 3972 4781 Καὶ

2394 4827 2712 4896 προστίθησι
2731 4842 2758 4874 τ
2767 4824 3068 4891 ρανώτερον
3089 4822 3186 4890 τὴν
3210 4822 3306 4893 τῆς
3320 4825 3538 4892 χάριτος
3560 4821 3815 4889 δήλωσιν·
3844 4823 3971 4874 Ὀτι

2395 4919 2579 4986 φησὶν,
2605 4917 2817 4986 ἐτέχθη
2845 4913 2983 4984 ὑμῖν
3005 4914 3225 4984 Σωτήρ.

2465 5055 2541 5124 (7)
2585 5053 2691 5107 Τοῦ
2715 5051 3171 5121 Μεταφραστοῦ.
3207 5049 3340 5100 Ποῖα
3369 5049 3474 5119 γὰρ
3507 5043 3573 5119 ἦν
3601 5048 3785 5126 ἕτερα,
3823 5046 3972 5119 ἅπερ

2397 5149 2428 5216 ἡ
2459 5146 2746 5214 θαυμαστὴ
2781 5146 3100 5212 συνετήρεις
3128 5141 3331 5211 Μαρία,
3357 5142 3449 5193 καὶ
3468 5141 3548 5200 είς
3574 5138 3806 5206 καρδίαν
3839 5156 3973 5192 συν·

2397 5234 2639 5298 έϐαλλες,
2674 5233 2705 5301 ἢ
2749 5233 2964 5294 πάντως
3008 5231 3108 5283 ὅσα
3137 5247 3195 5281 τε
3231 5231 3443 5299 εἰρήκει
3484 5227 3619 5296 πρὸς
3657 5228 3714 5279 σὲ
3745 5229 3772 5278 ὁ
3798 5228 3973 5294 ἄγγε-

2395 5326 2504 5389 λος,
2539 5327 2632 5378 καὶ
2664 5325 2761 5377 ὅσα
2789 5323 2851 5394 δὴ
2883 5324 3044 5375 πάλιν
3075 5324 3124 5374 ol
3164 5318 3420 5388 ποιμένες
3452 5314 3642 5382 εἴπον;
3673 5317 3861 5370 Ταῦτα
3893 5323 3976 5379 εἰς

2398 5418 2621 5486 καρδίαν
2660 5415 2794 5485 αὐτὴ
2831 5413 3155 5474 συντιθεῖσα.
3187 5413 3277 5464 καὶ
3312 5411 3471 5464 τοῦτο
3505 5411 3699 5478 ἐκείνῳ
3738 5411 3975 5477 συγκρίο

2398 5530 2584 5572 νουσα,
2629 5513 2760 5580 προς
2805 5510 2862 5562 ἒν
2908 5510 3085 5576 ἑώρας
3125 5507 3419 5576 συνᾴδοντα
3457 5504 3656 5567 πάντα,
3703 5507 3797 5556 καὶ
3839 5504 3975 5569 μίαν

2400 5608 2669 5677 εὖρισκες,
2702 5599 2745 5656 ὧ
2781 5605 2949 5674 μῆτερ
2972 5600 3182 5667 σοφίας,
3205 5601 3304 5670 τὴν
3335 5596 3687 5667 συμφωνίαν⁸
3721 5598 3805 5647 ὅτι
3841 5591 3975 5654 Θεὸς

2402 5699 2535 5764 πρὸς
2586 5698 2843 5765 ἀλήθειαν
2875 5695 2900 5745 ό
2940 5694 3003 5746 ὲκ
3050 5692 3143 5745 σοῦ
3185 5688 3635 5765 γεννηθεὶςηκαὶ
3680 5685 3738 5735 σὲ
3785 5682 3976 5753 Οαῦμα

2400 5792 2576 5855 δείξας
2609 5788 2755 5858 παρὰ
2787 5784 2955 5837 ταῦτα
2995 5786 3192 5846 πάντα,
3226 5780 3319 5835 καὶ
3347 5782 3493 5852 παρὰ
3520 5779 3737 5832 πάντων
3768 5775 3974 5828 τούτων
