4226 6436
211 377 330 444 541

1306 372 1591 433 ORATIO
1627 372 1724 431 DE
1769 371 2052 433 SANCTA
2091 371 2364 432 ΜᾹΒΙΑ.

3367 379 3475 442 542

214 492 461 547 salutem
485 485 688 557 populi.
721 482 873 551 Quod
899 482 1060 538 etiam
1091 479 1298 550 Virgini
1327 479 1810 550 praedicitangelus
1842 489 1882 540 Α
1915 480 2115 532 tionem
2154 496 2165 531 :
2211 477 2277 530 Et
2311 493 2444 540 ecce,
2503 478 2710 538 dicens.
2742 484 2894 532 homo
2948 493 3065 533 erat
3101 482 3151 533 in
3180 479 3479 539 Jerusalem

215 592 357 636 ante
391 579 826 648 conceptionem,
846 576 910 629 Et
937 573 1160 636 vocabis,
1194 573 1464 641 inquiens,
1494 586 1676 622 nomen
1697 570 1807 638 ejus

213 663 411 716 Iesum
435 663 496 723 ιε,
526 655 1030 726 idemqueJosepho
1055 661 1263 722 postea,
1295 660 1456 718 atque
1484 651 1759 718 subjungit
1793 666 1804 700 :

214 755 344 820 Ip.e
374 754 510 805 enim
552 749 752 802 salvum
793 748 947 817 faciet
1005 745 1251 813 populum
1299 760 1453 796 suum
1504 760 1535 795 a
1584 743 1807 808 peccatis

208 862 406 899 eorum
430 845 494 896 ¹⁹.
519 842 724 895 Deinde
740 842 900 894 etiam
929 854 1116 890 rursus
1133 845 1409 904 ex'Spectat
1425 844 1634 902 tempus
1654 835 1805 902 puri-

213 937 517 990 ticationis.
559 933 839 1000 Postquam
869 931 1011 983 enim
1044 929 1246 996 impleti
1277 936 1418 988 sunt,
1456 927 1646 993 inquit,
1699 926 1806 977 dies

207 1029 552 1097 purgationis
607 1027 721 1093 ejus
782 1031 1065 1076 secundum
1109 1023 1268 1090 legem
1335 1020 1532 1087 Moysil
1564 1018 1802 1085 comple-

208 1123 462 1171 mcnlum
481 1128 660 1171 autem
676 1116 887 1168 dierum
911 1125 1027 1167 erat
1046 1111 1535 1180 quadragesimusl,
1571 1109 1799 1161 tulerunt

209 1211 487 1264 infantem
547 1209 730 1261 Jcsum
800 1208 852 1260 in
905 1205 1226 1264 Jerusalem,
1273 1212 1325 1255 ut
1390 1205 1624 1255 sisterent
1686 1216 1800 1252 eum

206 1301 466 1356 Domino.
497 1302 630 1352 sicut
677 1301 928 1364 scriptum
981 1297 1140 1348 estin
1200 1295 1303 1363 lege
1355 1293 1562 1345 Domini
1614 1291 1798 1355 :Quia

205 1407 368 1442 omne
445 1390 799 1442 masculinum
873 1388 1184 1453 adaperiens
1259 1385 1502 1449 vulvam,
1562 1395 1799 1437 sanctum

204 1483 440 1534 Domino
467 1479 732 1531 vocabitur
777 1493 793 1530 :
823 1487 870 1530 et
918 1487 973 1529 ut
1009 1481 1194 1529 darent
1244 1477 1486 1538 hostiam,
1519 1476 1798 1527 secundant

201 1575 351 1638 quod
400 1573 595 1624 dictum
627 1583 698 1624 est
726 1575 780 1624 in
815 1572 925 1639 lege
989 1571 1220 1631 Domini,
1255 1584 1354 1636 par
1379 1577 1668 1632 turtur-um,
1705 1577 1795 1620 aut

200 1664 340 1716 duos
395 1663 565 1731 pullos
591 1665 949 1717 columbarum
975 1663 1043 1714 ".

277 1755 422 1809 XIV.
452 1755 555 1810 Sed
593 1758 764 1810 satius
792 1755 1020 1807 fortasse
1045 1753 1120 1820 (8)
1151 1751 1311 1806 fuerit
1343 1752 1396 1806 id
1422 1753 1653 1817 solvere,
1687 1768 1794 1821 quo

195 1847 429 1902 videtur
491 1861 788 1915 repugnare
831 1846 974 1897 inter
1011 1845 1385 1914 evangelistas.
1423 1845 1710 1898 Maltltiells
1740 1846 1785 1874 ἰ

195 1955 448 2006 namque
487 1938 618 1991 dicit
652 1937 863 2000 Jesum,
889 1947 1177 2006 postquam
1224 1947 1385 1990 natus
1419 1946 1584 1997 esset,
1613 1937 1795 2004 profe-

196 2041 358 2086 ctum
382 2034 430 2084 in
446 2030 728 2099 [Egyptum
747 2048 760 2094 ;
782 2030 870 2084 hic
889 2041 1091 2093 autem,
1110 2029 1326 2084 divinus
1351 2030 1575 2092 scilicet,
1600 2029 1788 2092 Lucas,

197 2124 387 2189 ipsum
417 2130 536 2186 post
567 2120 920 2191 quadraginta
943 2121 1059 2174 dies
1083 2119 1302 2173 venisse
1333 2118 1787 2187 Hierosolymam.

195 2213 307 2265 Sed
346 2211 480 2264 nihil
537 2213 757 2278 dicunt,
795 2214 938 2280 quod
1000 2213 1143 2265 inter
1191 2227 1249 2265 se
1286 2211 1556 2279 discrepet
1610 2225 1786 2278 neque
1823 2242 1864 2294 Β

195 2305 351 2374 quod
387 2307 459 2358 rei
524 2307 704 2360 obstet
767 2306 1208 2373 consequentiae.
1231 2304 1366 2358 Cum
1426 2303 1600 2363 enim,
1636 2310 1787 2370 post-

193 2416 367 2468 quam
427 2410 585 2453 natus
647 2410 823 2460 esset.
889 2402 1160 2453 secundus
1194 2415 1369 2452 annus
1429 2399 1783 2466 praeterisset,

195 2493 462 2547 Christus
517 2492 804 2545 abducitur
866 2489 919 2542 in
975 2491 1300 2559 AEgy-ptum.
1343 2489 1516 2542 Lucas
1553 2505 1682 2556 ergo
1724 2503 1786 2540 ea

195 2598 325 2650 qua:
365 2582 580 2633 interim
633 2581 770 2634 facta
801 2592 946 2642 sunt.
991 2591 1046 2636 et
1099 2596 1217 2649 quae
1245 2582 1596 2649 praetermisit
1649 2582 1785 2634 illat-

197 2675 409 2737 thmus,
443 2670 918 2726 circumcisionem
953 2672 1159 2726 scilicet
1208 2678 1406 2725 tractat
1450 2679 1503 2724 et
1539 2667 1790 2739 puriﬁca-

273 2847 332 2891 ¹⁸⁴
353 2859 482 2911 Luc.
515 2874 554 2919 ι,
582 2857 670 2911 51.
751 2856 792 2887 ¹⁹
825 2854 1015 2908 Matth.
1056 2872 1091 2922 ι,
1121 2855 1210 2908 21.

195 2931 246 2961 ³⁵
280 2929 414 2982 ibid.
459 2928 550 2982 σι.
628 2929 673 2958 ³⁵
705 2927 908 2981 Matth.
950 2942 1009 2992 ιι,
1043 2927 1064 2978 l
1103 2941 1258 2997 seqq.

1285 2857 1331 2887 ¹⁰
1361 2855 1493 2910 Luc.
1521 2871 1580 2920 ιι,
1607 2855 1803 2908 21-14.
1863 2857 1904 2888 ἰ
1940 2856 2129 2910 Matth.
2156 2872 2216 2920 ιι,
2247 2857 2334 2921 15,
2365 2858 2454 2913 Η.
2510 2860 2554 2889 ²¹
2588 2859 2720 2913 Luc.
2756 2873 2818 2922 ιι,
2850 2859 2920 2913 25
2952 2859 3040 2914 27.

1909 572 1990 622 cui
2033 586 2214 621 nomen
2248 567 2488 632 Snneon,
2518 578 2564 620 et
2599 569 2748 622 homo
2777 581 2889 623 erat
2941 573 3140 639 justus,
3174 583 3221 625 et
3251 574 3479 640 Spiritus

1913 662 2123 714 Domini
2164 669 2273 713 erat
2331 661 2387 712 in
2423 661 2557 726 ipso.
2605 660 2744 725 Quin
2784 662 2946 715 etiam
2984 664 3142 718 venit.
3187 664 3383 730 inquit,
3425 668 3478 717 in

1907 751 2109 819 Spiritu
2143 753 2195 803 in
2235 756 2508 816 templum.
2561 762 2614 804 et
2654 751 2702 804 ei
2749 753 2902 804 ulnas
2952 754 3183 822 przebuit
3235 757 3300 806 ad
3352 771 3475 807 eum

1906 841 2306 905 suscipiendum
2341 842 2406 900 “,
2470 842 2754 904 Quodnam
2816 852 2898 896 est
2965 852 3146 896 autem
3237 845 3477 898 salutare

1907 932 2050 998 quod
2095 945 2261 984 senex
2299 931 2412 983 suis
2451 931 2582 983 vidit
2612 932 2781 985 oculis
2814 933 2834 982 ?
2868 932 3009 1001 Ipse,
3061 933 3152 1001 qui
3197 933 3473 986 desidera-

1907 1024 2082 1082 hatur.
2118 1023 2297 1076 Jesus.
2339 1021 2449 1075 Hoc
2495 1024 2636 1075 enim
2685 1039 2880 1076 nomen
2935 1041 3150 1093 quoque
3182 1028 3468 1094 signiﬁcat.

1907 1115 2157 1165 Paratum
2186 1126 2314 1164 vero
2343 1111 2520 1164 fuerat
2544 1111 2662 1179 ejus
2695 1113 3006 1181 mysterium
3039 1113 3263 1165 omnino
3294 1115 3356 1166 ad
3383 1130 3477 1166 sa-

1904 1206 2093 1267 lutem,
2119 1220 2225 1256 non
2251 1204 2380 1256 solis
2409 1202 2630 1266 Judaeis,
2654 1205 2748 1257 sed
2776 1205 2979 1256 mundo
3001 1207 3163 1257 etiam
3195 1206 3473 1258 universo.

1903 1298 2016 1351 I|0c
2069 1297 2210 1350 enim
2270 1296 2370 1350 sibi
2426 1295 2537 1349 vult
2591 1295 2716 1348 illud
2761 1313 2773 1347 :
2821 1297 3067 1347 Omnium
3113 1298 3474 1364 populorum;

1903 1391 2050 1443 sicut
2079 1389 2244 1442 etiam
2276 1388 2405 1440 illud
2435 1406 2447 1440 :
2486 1387 2685 1440 Lumen
2716 1388 2785 1439 ad
2827 1389 3191 1440 reuelationem
3220 1389 3472 1456 gentium,

1901 1493 1948 1536 et
1995 1482 2221 1550 gloriam
2273 1482 2449 1547 populi
2484 1481 2561 1531 tui
2591 1478 2782 1532 Israel.
2836 1478 2969 1532 Vide
3006 1495 3135 1535 vero
3160 1481 3263 1548 (9),
3311 1497 3470 1548 quam

1898 1581 2149 1627 accurate
2176 1572 2410 1638 loquitur
2435 1570 2762 1639 evangelista
2792 1588 2802 1621 :
2845 1570 3011 1621 Erant
3043 1580 3246 1631 autem,
3273 1570 3469 1636 inquit,

1897 1665 2086 1731 Joseplt
2105 1672 2151 1716 et
2180 1673 2346 1716 muter
2363 1665 2474 1731 eius
2495 1665 2813 1716 admirantes
2839 1671 3048 1729 propter
3071 1678 3129 1713 ea
3146 1678 3259 1728 qua:
3278 1662 3339 1712 de
3362 1662 3471 1728 ipsa

1898 1750 2206 1803 dicebantur
2232 1751 2296 1804 ".
2339 1751 2563 1804 Matrem
2595 1751 2810 1820 quidem
2846 1751 3053 1812 dicens,
3097 1759 3156 1802 ut
3194 1765 3313 1818 quce
3344 1765 3472 1803 vere

1898 1854 2064 1904 esset,
2124 1850 2178 1894 et
2209 1843 2276 1894 ah
2309 1842 2422 1908 ipsa
2459 1856 2659 1895 vocans
2705 1841 3027 1893 habitudine
3057 1857 3070 1904 ;
3110 1841 3257 1893 illum
3290 1850 3471 1892 autem

1897 1934 2044 1986 nudo
2100 1935 2344 1997 nomine,
2414 1944 2472 1987 ut
2523 1933 2615 2002 qui
2676 1934 2951 1987 videretur
3017 1934 3235 1999 quidem
3296 1943 3470 2000 pater.

1898 2038 2004 2076 non
2041 2035 2184 2077 esset
2217 2035 2400 2078 autem
2432 2041 2637 2078 revera.
2677 2027 2750 2078 Ea
2793 2040 3011 2093 quoque
3047 2004 3256 2076 ratione
3287 2023 3472 2075 ambo—

1897 2116 1998 2169 bus
2045 2117 2261 2184 quidem
2306 2117 2582 2170 benedixit
2622 2115 2843 2169 Simeon
2877 2134 2890 2180 ;
2925 2117 3112 2168 relicto
3150 2125 3330 2167 autem
3381 2114 3473 2168 Jo-

1898 2208 2066 2278 seph,
2124 2210 2417 2277 alloquitur
2472 2208 2692 2262 Mariam
2750 2210 2942 2271 solam,
2997 2218 3058 2262 ut
3103 2224 3224 2276 quae
3279 2209 3472 2260 fuisset

1895 2303 2140 2355 ministra
2199 2301 2364 2354 divini
2418 2300 2631 2355 consilii
2683 2318 2695 2352 :
2749 2300 2882 2352 Ecce
2928 2303 3097 2360 enim,
3151 2300 3347 2367 inquit,
3390 2298 3470 2350 hic

1893 2396 2087 2460 positus
2133 2403 2207 2445 est
2241 2394 2292 2444 in
2328 2394 2536 2444 ruinam
2583 2404 2630 2444 et
2684 2394 3116 2445 resurrectionem
3164 2392 3470 2453 multorum,

1895 2494 1942 2537 et
1968 2487 2024 2535 in
2050 2487 2276 2555 signum,
2308 2485 2392 2536 cui
2426 2486 2818 2538 conti-adiretur
2851 2483 2918 2539 “.
2968 2482 3252 2547 Quomodo
3285 2492 3467 2534 autem

1895 2576 2031 2644 (l0)
2080 2591 2109 2628 a
2158 2583 2234 2636 te,
2278 2577 2522 2629 studiose
2574 2577 2810 2638 auditor,
2865 2578 3132 2644 accipitur
3180 2575 3308 2628 illud
3349 2593 3361 2627 :
3401 2573 3469 2626 Et

1895 2675 2040 2717 tuam
2085 2666 2246 2731 ipsius
2281 2665 2517 2716 animam
2553 2665 2891 2734 pertransibit
2937 2665 3145 2735 gladius
3171 2666 3260 2717 "?
3297 2665 3469 2729 Quid-

3124 2859 3172 2890 ”
3212 2859 3344 2915 ibid.
3376 2860 3463 2914 33.

198 3132 654 3200 συντεθειμένων,
698 3131 911 3201 οὐρανῷ
965 3133 1058 3182 καὶ
1106 3133 1175 3200 γῇ
1225 3130 1594 3200 χωρούμενον,
1642 3130 1780 3184 ἀλλὰ
1810 3133 1854 3192 C.
1887 3124 1988 3182 εἴθ’
2037 3130 2209 3192 οὕτως
2259 3131 2468 3184 ἐκεῖθεν
2519 3132 2852 3195 ἀνελθόντες,
2899 3134 2978 3196 είς
3020 3131 3273 3203 Ναζαρὲτ
3310 3132 3455 3186 αὖθις

199 3226 340 3297 μηδὲ
379 3223 544 3289 ἀξίως
576 3223 1063 3292 ὑμνολογούμενον.

269 3317 346 3385 (8)
380 3315 490 3370 Τοῦ
515 3312 965 3383 ιῒῖεταεςραστοῦ.
987 3311 1273 3377 Ἐνταῦθα,
1306 3312 1408 3366 οὐκ
1430 3312 1614 3382 ἄχαρι,
1646 3313 1780 3366 ἀλλά

196 3414 293 3468 καὶ
316 3415 611 3479 ἀναγκαῖον
635 3411 694 3465 τὸ
717 3411 907 3464 δοκοῦν
925 3409 1405 3473 ἐναντιολογεῖσῦαι
1422 3413 1532 3472 τοῖς
1550 3411 1780 3478 εὐαγγε-

196 3505 427 3564 λισταῖς,
457 3503 726 3554 ἐπιλῦσαι.
757 3504 879 3564 Πῶς
903 3504 1010 3571 γάρ
1036 3519 1168 3570 φησι
1192 3500 1466 3564 Ματθαίος
1489 3501 1605 3571 μὲν,
1626 3501 1779 3553 Μετά

197 3597 296 3664 τὴν
327 3593 575 3662 γέννησιν
603 3593 681 3654 είς
710 3592 982 3656 Αἴγυπτον
1007 3591 1210 3654 ἀπάγει
1238 3591 1329 3640 τὸν
1371 3591 1596 3658 Ἰησοῦν*
1625 3583 1780 3654 οὗτος

194 3690 273 3748 δὲ.
301 3690 326 3739 ό
363 3687 501 3748 θεῖος
533 3684 773 3754 δηλονότι
805 3683 1037 3745 Λουκᾶς.
1076 3681 1230 3734 Μετὰ
1257 3683 1666 3748 τεσσαράκοντα
1698 3684 1776 3734 δι-

197 3782 406 3832 έλευσιν
441 3777 687 3847 ἡμερῶν,
731 3778 811 3838 είς
847 3774 1229 3845 Ὶεροσόλυμας
1268 3773 1416 3827 οὐδὲν
1449 3774 1651 3844 ἀπᾷδον
1690 3774 1777 3826 λέ-

196 3887 381 3938 Υοντες
409 3869 680 3935 ἀλλήλοις,
708 3866 832 3918 οὔτε
857 3867 963 3935 μὴν
990 3869 1056 3936 τῇ
1077 3865 1372 3935 ἀκολουθίᾳ
1400 3865 1494 3917 τοῦ
1517 3865 1778 3934 πράγμα-

193 3977 282 4021 τος
311 3957 768 4027 προσιστάμενον.
795 3956 1056 4022 Δεύτερον
1091 3956 1199 4020 γάρ
1230 3956 1348 4014 ἔτος
1378 3955 1477 4022 ἤδη
1515 3957 1652 4021 μετὰ
1675 3957 1777 4022 τὴν

193 4054 449 4120 γέννησιν
479 4045 743 4114 παρελθὸν
769 4047 844 4106 είς
867 4043 1141 4111 Αἴγυπτον
1169 4045 1196 4095 ὁ
1227 4044 1460 4115 Χριστὸς
1480 4046 1772 4114 ἀπάγεται,

193 4141 406 4202 Λουκᾶς
438 4139 492 4190 δὲ
524 4137 592 4190 τὰ
626 4137 778 4198 ἐντὸς
808 4135 997 4187 τούτου
1037 4137 1328 4203 γενόμενα,
1374 4138 1466 4188 καὶ
1495 4135 1530 4189 ει
1560 4137 1774 4206 παρῆκε

194 4235 493 4296 Ἀιατθαῖος,
523 4232 590 4283 τὰ
619 4231 717 4291 τῆς
746 4226 1048 4299 περιτομῆς
1076 4227 1342 4296 λαμϐάνει
1365 4229 1459 4279 καὶ
1487 4227 1578 4279 τοῦ
1607 4227 1773 4280 καθα-

199 4329 415 4401 ρισμοῦ.
450 4327 602 4377 Ἑπεὶ
638 4325 731 4374 καὶ
760 4321 916 4372 τοῦτο
932 4323 1042 4383 τοῖς
1076 4319 1491 4388 εύαγγελισταῖς
1526 4319 1772 4387 σύνηθες,

197 4426 284 4476 ῖνα
319 4419 504 4489 μηδεὶς
593 4413 869 4481 περιττὸς,
899 4411 974 4471 ὡς
1006 4411 1172 4479 μηδὲν
1199 4411 1338 4478 ἔχων
1367 4413 1541 4464 εἰπεῖν
1573 4413 1735 4462 πλέον
1755 4424 1767 4437 ·

195 4515 290 4568 καὶ
316 4511 539 4564 οὖτωτὰ
565 4508 697 4560 πᾶσι
727 4505 1054 4574 παρειμένα,
1085 4504 1219 4556 πᾶσι
1244 4503 1338 4555 καὶ
1362 4504 1769 4571 πεπλήρωνται.

197 4608 316 4669 Πῶς
344 4605 400 4658 δὲ
449 4602 672 4654 κάκεῖνο
727 4595 1007 4649 ἐπιλυτέον
1055 4597 1186 4665 ἡμῖν
1249 4591 1761 4665 ἁμφιλογούμενον;

194 4699 340 4764 κατὰ,
377 4697 472 4764 μὲν
532 4693 638 4760 γὰρ
690 4691 780 4741 τὸν
837 4689 978 4742 θεῖον
1030 4689 1306 4741 Ματθαῖον
1367 4685 1763 4757 χρηματισθεὶς

195 4793 222 4841 ὁ
258 4785 468 4854 Ἰωσὴφ,
499 4783 576 4842 είς
599 4779 853 4848 Ναζαρὲτ
881 4778 1096 4847 ἔρχεται
1120 4793 1135 4808 ο
1166 4777 1300 4846 ὁμοῦ
1326 4794 1386 4828 τε
1412 4780 1502 4831 τὸν
1520 4776 1762 4829 κίνδυνον
1802 4793 1824 4799 τ

198 4879 409 4947 φεύγων
431 4917 445 4936 ,
481 4877 574 4928 καὶ
607 4875 673 4942 τῇ
716 4871 934 4939 πατρίδι
967 4870 1363 4939 ἐμφιλοχωρείν
1407 4870 1759 4939 βουλόμενος⁶

196 4975 222 5024 ὁ
251 4970 303 5023 δὲ
333 4969 544 5026 Λουκᾶς
595 4965 655 5015 οὗ
697 4980 828 5031 φησι
857 4961 998 5015 κατά
1018 4963 1262 5031 χρησμὸν
1287 4961 1432 5029 αύτῷ
1462 4959 1557 5030 τὴν
1578 4960 1759 5028 ἄφιξιν

197 5065 370 5117 ἐκεῖσε
407 5059 689 5126 γενέσθαι,
722 5055 839 5105 ἀλλ’
871 5057 951 5106 ὅτι
990 5055 1080 5106 τὸν
1114 5053 1397 5121 καθαρμὸν
1437 5052 1758 5120 πληρώσαν-

194 5174 283 5219 τες
309 5153 501 5218 πάντα,
533 5148 666 5217 πρὸς
695 5147 945 5216 Ναζαρὲτ
978 5142 1133 5209 αὖθις
1156 5146 1470 5198 ἐπανελθεῖν
1497 5145 1757 5210 ἔγνωσαν,

201 5252 261 5319 ἣν
295 5245 388 5298 καὶ
430 5242 658 5312 πατρίδα
702 5241 1093 5306 ἐπεγράφοντο.
1139 5241 1214 5301 ὼς
1256 5241 1372 5292 ἐκεῖ
1410 5238 1506 5307 τὴν
1539 5235 1757 5307 οἴκησιν

204 5337 514 5406 πηξάμενοι.
561 5332 754 5386 Ἰστέον
779 5326 870 5382 οὖν
893 5331 973 5383 ὅτι
999 5329 1090 5381 τὸν
1111 5331 1216 5400 πρὸ
1246 5330 1347 5397 τῆς
1377 5333 1454 5393 είς
1487 5327 1756 5392 Αἴγυπτον

203 5428 414 5481 καθόδου
442 5424 628 5494 χρόνον
660 5421 886 5490 ἱστορῶν
912 5423 938 5473 ὁ
971 5422 1206 5486 Λουκᾶς,
1242 5420 1491 5489 οὐδὲγὰρ
1525 5420 1629 5488 πρὸ
1662 5420 1754 5471 τοῦ

204 5518 478 5587 καθαρμοῦ
537 5518 849 5582 κατήγαγεν
884 5515 949 5565 ἂν
1004 5516 1201 5575 αὐτοὺς
1249 5517 1443 5577 ἐκεῖσε,
1499 5515 1582 5566 ἵνα
1622 5512 1755 5581 μηδὲ

202 5611 342 5674 παρὰ
409 5609 495 5659 τὸν
559 5607 756 5674 νόμονο
821 5607 945 5674 μηδ’
997 5607 1075 5658 ὅτι
1128 5601 1219 5658 οὖν
1273 5606 1516 5673 γένηται,
1587 5604 1753 5657 ταῦτά

202 5716 356 5769 εέησιν
382 5715 392 5724 ·
421 5698 610 5766 ἔμενον
632 5698 737 5766 γὰρ
767 5697 1104 5768 καθαρθῆναι
1125 5700 1358 5760 πάντως,
1394 5695 1510 5750 εἶτα
1539 5699 1614 5758 είς
1646 5695 1755 5748 Να-

201 5792 356 5862 ζαρὲτ
386 5789 576 5856 ἐλθεῖν,
612 5793 702 5844 καὶ
737 5790 855 5843 τότε
889 5792 948 5861 δὴ
986 5789 1285 5860 καταϐῆναι
1333 5791 1406 5852 εἰς
1443 5789 1746 5856 Αἴγυπτον·

1818 3239 1826 3247 ’
1883 3223 2056 3273 ἐλθεῖν
2097 3223 2499 3288 ἐγκελεύονται.
2547 3224 2658 3291 Πρὸ
2705 3224 2894 3276 τούτου
2931 3225 2986 3277 δὲ
3029 3225 3280 3291 οὐδαμῶς
3323 3220 3463 3293 ἦσαν

1883 3313 2346 3383 χρηματισθέντες
2372 3316 2548 3367 ἐκεῖσε
2578 3318 2788 3387 φοιτᾷν,
2820 3318 2934 3371 ἀλλ’
2959 3317 3458 3388 ἐμφιλοχωροῠντες

1888 3405 1960 3467 ὼς
1994 3406 2207 3474 ἔφημεν
2238 3410 2303 3475 τῇ
2339 3407 2593 3476 πατρίδι,
2628 3409 2967 3476 αὐθαιρέτως
2997 3410 3138 3460 τοῦτ’
3168 3410 3456 3474 ἔπραττον.

1895 3499 2046 3549 Ἐπεὶ
2073 3499 2180 3567 γὰρ
2203 3500 2332 3566 παρ’
2355 3498 2506 3552 οὐδὲν
2537 3499 2723 3568 ἓτερον
2750 3501 2782 3570 ὴ
2820 3499 2897 3562 είς
2921 3500 3167 3569 Βηθλεὲμ
3194 3499 3460 3563 ἀνάϐασις

1882 3589 2124 3658 γέγονεν,
2155 3590 2186 3659 ἢ
2219 3591 2305 3642 διὰ
2338 3594 2434 3658 τὴν
2470 3592 2822 3660 ἀπογραφὴν,
2861 3593 2952 3644 καὶ
2990 3593 3109 3644 οὐδὲ
3146 3594 3334 3662 στῆναι
3367 3592 3458 3643 οὑ-

1881 3685 2053 3751 δαμοῦ
2086 3682 2250 3754 εἶχον,
2286 3685 2668 3755 πληρώσαντες
2701 3688 2800 3758 ἤδη
2833 3689 2902 3740 δι’
2939 3690 3072 3756 ὅπερ
3107 3689 3353 3757 ἀνῆλθον,
3378 3689 3457 3749 είς

1880 3775 1977 3844 τὴν
2019 3777 2268 3846 Ναζαρὲτ
2315 3779 2604 3848 κατῄεσαν.
2645 3780 2719 3830 Ού
2766 3781 2942 3833 τοίνυν
2988 3780 3261 3845 ἀντιλογία
3307 3779 3456 3846 παρὰ

1881 3871 1992 3923 τοῖς
2021 3868 2459 3936 εὐαγγελισταῖς,
2493 3870 2630 3922 ἀλλά
2667 3869 2924 3938 διάφορος
2949 3874 3261 3939 ἀπαγγελία
3282 3889 3294 3902 ·
3329 3873 3456 3926 ἄλλο

1882 3961 1938 4012 δέ
1977 3961 2089 4013 ἐστι
2118 3961 2389 4030 διαφόρως
2425 3962 2619 4020 εἰπεῖν,
2649 3965 2740 4012 καὶ
2777 3962 2904 4014 ἄλλο
2935 3962 3188 4023 ἐναντίως

1955 4052 2029 4119 (9)
2061 4054 2169 4104 Τοῦ
2194 4053 2650 4121 ι’ίΙετιιςρραστοῦ.
2684 4053 2826 4121 Ὅρα
2849 4053 2905 4103 δέ.
2940 4071 3026 4120 μοι
3058 4055 3147 4104 καὶ
3174 4051 3264 4103 τοῦ
3290 4051 3445 4117 εὐαγ-

1881 4143 2128 4212 γελιστοῦ
2148 4146 2245 4211 τὴν
2270 4145 2556 4213 ἀκρὶσειαν
2577 4160 2592 4176 ο
2624 4146 2722 4211 τὴν
2753 4144 2849 4211 μὲν
2878 4144 2985 4211 γὰρ
3037 4145 3247 4211 μητέρα
3269 4140 3447 4206 εἶπεν,

1882 4239 1976 4291 ἆτε
2022 4238 2083 4301 δὴ
2133 4238 2221 4288 καὶ
2265 4236 2478 4305 ἀληθῶς
2521 4231 2706 4297 οὖσαν,
2750 4235 2843 4287 ἀπ’
2878 4235 3045 4304 αὐτῆς
3087 4235 3315 4296 καλέσας
3350 4234 3446 4301 τῆς

1883 4331 2118 4396 σχέσεως
2142 4346 2153 4359 ’
2189 4329 2282 4381 τὸν
2311 4328 2367 4379 δὲ
2394 4327 2499 4379 ἀπὸ
2525 4327 2677 4396 ψιλοῦ
2704 4327 2796 4379 τοῦ
2831 4327 3108 4395 ὀνόματος,
3134 4327 3208 4390 ὼς
3238 4326 3447 4395 πατέρα

1879 4418 2134 4470 δοκοῦντα
2170 4419 2287 4484 μὲν,
2321 4419 2392 4485 μὴ
2423 4418 2548 4468 ὄντα
2578 4418 2632 4468 δὲ
2663 4418 2795 4482 πρὸς
2825 4418 3101 4486 ἀλήθειαν.

1951 4510 2062 4580 (l0)
2103 4513 2212 4564 Τοῦ
2261 4509 2718 4578 Μεταφραστοῦ.
2767 4509 2888 4570 Πῶς
2930 4526 3010 4562 σοι
3059 4510 3135 4578 τῷ
3183 4507 3448 4577 φιλολόγῳ

1875 4605 2114 4672 ἀκροατῇ
2162 4603 2336 4656 ταῦτα
2388 4603 2755 4672 ληφθήσεταις
2806 4603 2897 4651 καὶ
2938 4602 2991 4652 τί
3026 4617 3155 4652 ποτε
3198 4601 3306 4668 ἄρα
3345 4601 3445 4670 τὴν

1874 4696 2148 4762 ρομφαὶαν
2198 4693 2403 4760 ταύτην
2448 4691 2828 4760 ὑποληπτέον;
2876 4690 2907 4758 ἢ
2948 4693 3047 4761 τὴν
3087 4690 3441 4759 ἀμφιϐολῖαν,

1869 4784 1958 4837 τὸν
1989 4784 2402 4852 σκανδαλισμδν,
2424 4786 2484 4835 τὸ
2513 4788 2890 4855 πειρατήριον,
2917 4786 3057 4852 ἅπερ
3085 4787 3141 4838 ὲν
3168 4785 3243 4853 τῷ
3267 4785 3443 4854 καιρῷ

1869 4876 1962 4928 τοῦ
1983 4876 2238 4945 σταυροῦ,
2269 4877 2367 4946 τὴν
2395 4879 2491 4946 τῆς
2521 4878 2680 4943 ἁγίας
2714 4876 2987 4944 Παρθένου
3018 4875 3197 4943 διῆλθε
3222 4876 3439 4946 ψυχήν;

1871 4969 1978 5020 Kal.
2031 4967 2121 5020 συῦ
2179 4966 2271 5021 οὖν
2317 4969 2506 5036 αὐτῆς,
2540 4972 2587 5020 εἰ
2624 4968 2720 5021 καὶ
2760 4967 2939 5028 καλῶς
2982 4966 3050 5020 τὰ
3092 4967 3184 5019 τοῦ
3233 4969 3438 5035 Κυρίου

1869 5060 2072 5113 ἄνωθεν
2096 5058 2398 5130 ἐδιδάχθης,
2423 5059 2619 5129 ἅψεται
2647 5076 2730 5123 τις
2760 5060 2939 5124 σάλος,
2971 5059 3064 5110 καὶ
3088 5057 3437 5125 διακρίνουσα

1869 5152 1990 5204 καθ’
2021 5151 2217 5220 ἑαυτὴν
2247 5152 2344 5224 ἔσῃ
2368 5166 2386 5187 ο
2422 5153 2565 5213 είκδς
2589 5153 2644 5204 δὲ
2676 5152 2768 5203 καὶ
2789 5152 2887 5221 τὴν
2917 5151 3093 5220 λύπην
3127 5149 3433 5211 αἰνίξασθαι

1865 5243 1953 5296 διὰ
1979 5245 2076 5312 τῆς
2110 5245 2402 5314 ῥομφαίας·
2438 5245 2472 5313 ἦ
2505 5260 2568 5314 γε
2603 5245 2742 5297 κατά
2770 5245 2860 5296 τὸν
2890 5244 3081 5314 καιρὸν
3108 5242 3199 5296 τοῦ
3231 5242 3432 5304 πάθους

1871 5334 2134 5402 συνέσχεν
2180 5336 2370 5405 αὐτὴν,
2404 5335 2704 5402 ἀγνοοῦσαν
2742 5335 2816 5396 ὡς
2851 5335 2943 5387 καὶ
2989 5332 3152 5386 αὑτοῦ
3197 5332 3432 5386 θανάτου

1862 5426 2015 5478 ἔσται
2051 5430 2409 5497 περικρατής.
2455 5428 2605 5479 Ἐπεὶ
2637 5427 2729 5479 καὶ
2764 5425 2918 5477 τοῦτο
2946 5424 3140 5494 δηλοῦν
3180 5424 3430 5493 βούλεται

1863 5521 1940 5580 τὸ,
1967 5520 2157 5581 Ὅπως
2180 5520 2256 5572 ἂν
2281 5519 2791 5587 ἀποκαλυφθῶσιν
2815 5518 2880 5570 ἐκ
2903 5516 3149 5570 πολλῶν
3175 5516 3429 5583 καρδιῶν

1862 5609 2265 5678 διαλογισμοί·
2300 5611 2380 5661 ὅτι
2405 5611 2541 5679 μετὰ
2566 5610 2630 5660 τὰ
2658 5609 2924 5661 σκάνδαλα
2945 5609 3144 5677 δηλαδὴ
3171 5607 3362 5669 ταῦτα,
3390 5605 3423 5658 δι

1862 5704 1958 5770 τὴν
2014 5701 2237 5770 καρδίαν
2294 5703 2399 5753 τῶν
2453 5701 2706 5769 μαθητῶν
2756 5702 2980 5754 διέσεισε
3033 5701 3125 5752 καὶ
3181 5699 3419 5768 Μαρίας,

1865 5795 2035 5864 βραχὺ
2076 5797 2128 5851 τὸ
2163 5796 2218 5845 ἐν
2263 5794 2431 5866 μέσῳ,
2484 5794 2572 5846 καὶ
2612 5796 2794 5862 ταχεῖα
2832 5793 2911 5856 τίς
2951 5791 3230 5860 ἐπέλαμψε
3277 5792 3421 5860 παρὰ
