4226 6436
802 413 912 478 543

2071 397 2352 487 MENSIS
2392 425 2822 494 AUGUSTUS.

3962 433 4067 500 δη

801 541 926 577 nam
987 543 1112 596 ergo
1155 530 1468 588 existimare
1499 544 1716 603 oportet
1765 538 1910 592 hunc
1955 553 2074 593 esse
2110 534 2449 609 gladium?A
2495 544 2676 597 statim
2753 554 2944 599 testem
3022 546 3367 601 adduxerunt
3434 549 3769 617 prophetam,
3842 552 3937 618 qui
4010 555 4063 603 et

799 613 935 669 Num
969 618 1388 686 dubitationem,
1429 629 1823 689 ostensionem,
1854 632 2224 696 tentationem,
2261 647 2380 701 quae

802 708 855 760 in
920 719 1167 778 tempore
1217 717 1395 770 crucis
1450 727 1635 783 tuam,
1693 738 1724 775 ο
1777 721 1958 790 Virgo,
2017 736 2380 792 pervaserunt

801 799 1085 855 animam?
1144 800 1220 856 Te
1291 821 1420 876 ergo
1500 809 1668 876 ipsam
1723 827 1939 880 quoque
1973 815 2180 867 etiamsi
2217 817 2376 870 desu-

801 904 896 950 per
925 890 1135 944 Domini
1171 895 1399 962 pulchre
1444 914 1530 953 res
1570 901 1830 962 didicisti,
1863 905 2095 972 attinget
2140 908 2380 976 aliquid?

797 981 1233 1038 Convenientius
1307 997 1391 1040 est
1455 1003 1690 1055 autem,
1758 996 1902 1062 qnod
1980 998 2227 1051 dolorem
2295 1001 2376 1070 ip-

797 1086 917 1121 sum
989 1073 1148 1141 gladii
1221 1077 1439 1132 nomine
1510 1082 1932 1151 signiﬁcaverit,
2001 1089 2094 1156 qui
2160 1091 2375 1158 quidem

800 1169 1042 1227 tempore
1109 1165 1384 1222 Passionis
1443 1187 1561 1224 eam
1637 1174 1862 1229 invasit.
1919 1176 2050 1230 Nam
2119 1181 2168 1234 id
2235 1183 2375 1250 quod

796 1251 996 1304 dicitur
1065 1273 1078 1307 :
1143 1256 1204 1309 Ut
1257 1261 1547 1314 recelentur
1607 1281 1669 1317 ea:
1728 1269 1903 1320 multis
1946 1274 2186 1326 cordibus
2240 1277 2382 1343 cogi-

797 1344 1046 1399 tationes.
1091 1347 1156 1398 ad
1199 1349 1495 1418 discipulos
1549 1356 1737 1425 magis,
1781 1374 1939 1425 quam
1989 1363 2054 1414 ad
2103 1379 2218 1415 eam
2259 1381 2377 1432 per-

798 1433 971 1487 tinere
1020 1437 1275 1493 videtur:
1322 1458 1518 1512 nempe
1579 1449 1723 1514 quod
1769 1461 1892 1517 post
1952 1455 2279 1508 tentationes
2325 1466 2376 1510 et

795 1525 1189 1586 dubitationes.
1248 1547 1367 1599 qua:
1427 1552 1521 1587 cor
1564 1552 1752 1592 eorum
1799 1557 2215 1609 concusserunt,
2270 1564 2374 1602 non

797 1618 1026 1670 multum
1101 1625 1359 1688 temporis
1412 1626 1751 1694 intercessit,
1803 1644 1857 1687 et
1912 1637 2065 1690 velox
2128 1641 2372 1708 quaedam

800 1706 978 1759 illuxit
1035 1724 1064 1761 a
1133 1708 1240 1765 Deo
1311 1717 1547 1780 curatio,
1612 1735 1801 1775 eorum
1877 1727 2090 1782 animos
2145 1706 2375 1798 replens

796 1800 1209 1865 tranquillitate,
1247 1813 1300 1856 et
1326 1807 1392 1856 ad
1419 1807 1578 1860 [idem
1609 1826 1760 1864 suam
1795 1815 2124 1874 conﬁrmans
2164 1823 2372 1891 magni-

795 1887 986 1939 tudine
1038 1894 1476 1948 resurrectionis.

866 1977 980 2032 XV.
1023 1979 1129 2033 Sed
1198 1984 1252 2075 id
1304 1988 1447 2054 quod
1501 1993 1704 2061 cmpit,
1759 2012 2117 2068 persequatur
2175 2012 2367 2075 oratio,

791 2080 846 2122 ct
877 2084 1069 2124 rursus
1098 2074 1328 2140 accipiat
1362 2094 1423 2130 ea
1456 2097 1574 2148 quie
1619 2091 1984 2151 prmtcrmisit.
2019 2093 2147 2147 Cum
2198 2074 2365 2163 enim,

792 2159 988 2229 inquit,
1026 2173 1183 2217 natus
1215 2178 1345 2219 esset
1372 2167 1523 2224 Jesus
1546 2174 1598 2224 in
1620 2173 1878 2232 Bethleem
1909 2181 2080 2247 Judte,
2116 2189 2167 2238 iu
2196 2159 2370 2245 diebus

794 2253 1012 2310 Herodis
1078 2260 1211 2326 regis
1243 2263 1337 2314 ¹³⁶.
1395 2263 1604 2319 Vides?
1648 2269 1714 2321 Et
1744 2279 1955 2341 tempus
2005 2279 2160 2335 nobis
2207 2298 2371 2337 evan-

788 2347 1006 2413 gelista,
1042 2359 1094 2401 et
1130 2353 1328 2418 loettm,
1375 2365 1431 2409 et
1474 2362 1853 2416 auctoritatem
1903 2369 2151 2424 similiter
2205 2377 2370 2443 signi-

791 2440 915 2490 ticat
967 2445 1395 2500 :auctoritatem
1460 2452 1698 2519 quidetn,
1760 2465 1818 2509 ut
1879 2473 2003 2513 eum
2068 2463 2135 2517 ab
2203 2440 2370 2521 altero

793 2523 1009 2580 Herode
1097 2530 1373 2589 discernat
1439 2554 1502 2591 ac
1563 2543 1881 2614 distinguat,
1952 2552 2043 2618 qui
2105 2553 2368 2613 Joannem

789 2615 1141 2674 interfecerat
1166 2623 1239 2687 ";
1271 2625 1358 2677 ille
1383 2630 1528 2682 enim
1573 2643 1691 2685 erat
1727 2615 2018 2703 tetrarcha,
2053 2641 2140 2696 hic
2189 2660 2366 2704 autem

796 2723 939 2776 rex;
996 2711 1175 2768 locum
1242 2732 1370 2770 vero
1420 2728 1473 2773 et
1525 2731 1762 2792 tempus,
1824 2745 1924 2784 nos
1991 2739 2367 2794 transmittens

786 2802 851 2855 ad
904 2807 1240 2873 prophetias.
1278 2808 1518 2874 Quarum
1564 2816 1790 2869 alteram
1843 2824 2063 2884 quidem
2120 2832 2367 2895 prazdixit

793 2891 1087 2948 Michmas:
1158 2896 1224 2948 Et
1260 2907 1315 2950 tu
1380 2900 1666 2972 Bethleem,
1724 2909 1934 2974 dicens,
1995 2891 2137 2969 terra
2198 2920 2362 2987 Juda,

787 3000 1121 3056 nequaquam
1191 3005 1244 3042 es
1307 2994 1526 3048 minima
1598 2998 1652 3051 in
1711 3003 2031 3071 principibus
2106 3007 2250 3063 Iuda
2300 3017 2362 3067 ".

785 3075 1025 3130 Alteram
1063 3095 1189 3134 vero
1223 3082 1390 3138 Jacoh
1424 3090 1728 3155 patriarcha
1764 3109 1778 3144 ε
1815 3094 1933 3147 Non
1964 3098 2164 3165 deﬁciet
2197 3106 2363 3166 enim,

789 3165 986 3279 inquit:
1027 3173 1295 3279 nprincep's
1349 3192 1412 3227 ex
1469 3178 1631 3240 Juda,
1691 3191 1738 3232 et
1794 3185 1901 3236 dua:
1960 3189 2023 3240 de
2085 3165 2366 3259 femoribus
2399 3227 2439 3279 ρ

785 3258 898 3322 ejus
927 3259 991 3310 ".
1026 3259 1311 3324 Quomodo
1361 3277 1542 3320 autem
1594 3270 1761 3341 Magis
1809 3277 1956 3332 venit
2001 3279 2054 3334 in
2087 3258 2359 3351 Vnientem,

789 3357 846 3400 nt
898 3359 1108 3405 tantum
1162 3355 1263 3409 iter
1309 3360 1657 3421 conﬁcerent,
1709 3375 1763 3419 et
1811 3371 2061 3427 venirent
2109 3378 2174 3430 ad
2233 3381 2364 3434 ado-

786 3441 1017 3493 randum
1079 3444 1364 3510 infantem,
1427 3453 1519 3519 qui
1579 3465 1698 3508 erat
1762 3459 1939 3513 adhuc
2001 3463 2052 3514 in
2111 3465 2294 3521 fasciis
2347 3487 2360 3533 ;

786 3531 948 3601 idque
1013 3549 1136 3588 cum
1191 3551 1334 3592 esset
1388 3543 1507 3608 ejus
1569 3555 1741 3598 mater
1801 3565 2006 3619 pauper
2055 3565 2109 3608 et
2167 3531 2365 3616 nullius

787 3626 1045 3688 nominis,
1119 3636 1174 3680 et
1231 3645 1350 3696 qua:
1419 3633 1555 3686 nihil
1619 3637 1850 3695 habebat
1924 3657 2117 3714 prmler
2186 3653 2360 3707 solum

786 3717 1406 3790 tuguriuuﬂNumquid
1473 3727 1698 3794 planum
1768 3745 1874 3797 est,
1943 3736 2108 3792 Deum
2174 3756 2363 3798 eorum

782 3813 996 3865 animos
1022 3815 1088 3866 ad
1126 3813 1227 3866 hoc
1262 3817 1498 3868 movisse
1519 3821 1541 3869 ’ἓ
1571 3818 1703 3874 Vide
1739 3825 1882 3878 enim
1920 3842 2111 3886 eorum
2145 3849 2362 3905 quoque

783 3902 984 3956 claram
1020 3904 1192 3958 fuisse
1236 3907 1514 3973 virtutem,
1549 3928 1658 3966 non
1703 3917 1877 3972 solum
1919 3936 1981 3975 eo
2014 3902 2176 3992 quod,
2202 3902 2364 3985 vene-

782 3991 917 4056 rint,
947 3993 1042 4048 sed
1081 3997 1245 4050 etiam
1288 4001 1427 4068 quod
1473 4003 1729 4058 audacter
1770 4018 1827 4062 et
1850 3991 2361 4084 libereiloquantur.

782 4084 862 4139 Ne
913 4088 1058 4140 enim
1117 4090 1565 4144 existimarentur
1611 4095 1781 4150 fuisse
1825 4104 2114 4171 suppositi,
2157 4116 2212 4162 et
2267 4112 2364 4167 via:

781 4175 977 4228 ducem
1034 4179 1375 4234 ostendunt:
1420 4181 1651 4238 Vidimus
1689 4188 1855 4254 enim,
1917 4193 2181 4262 dicentes,
2249 4201 2362 4271 ejus

779 4267 1028 4334 stellam;
1057 4282 1113 4323 et
1145 4273 1245 4326 via:
1288 4277 1752 4343 magnitudinem:
1781 4283 1836 4334 in
1863 4283 2092 4352 Oriente,
2127 4267 2355 4348 scilicet.

782 4359 987 4415 Deinde
1010 4363 1172 4415 etiam
1224 4367 1432 4421 addunt
1473 4371 1737 4438 insignem
1788 4373 2062 4441 fiduciam,
2102 4397 2225 4435 cuni
2278 4386 2362 4439 di-

780 4457 914 4503 cunt
963 4467 976 4500 :
1028 4450 1094 4503 Et
1143 4454 1377 4508 venimus
1443 4465 1512 4510 ad
1582 4476 1700 4514 eum
1758 4464 2112 4524 adorandum.
2167 4471 2359 4544 Neque

782 4540 877 4594 ira:
917 4544 1124 4610 p0puli,

783 4633 1071 4688 rationem.
1101 4636 1232 4699 Qua:
1258 4654 1381 4690 cum
1425 4641 1687 4697 audiisset
1732 4645 1994 4713 Herodes,
2029 4658 2362 4713 conturbatus

782 4735 880 4787 est,
926 4725 1121 4795 inquit.
1163 4729 1236 4782 De
1275 4731 1507 4801 imperio
1541 4736 1686 4790 enim
1731 4752 1855 4792 eum
1902 4751 2080 4798 metus
2118 4758 2359 4816 ceperat.

785 4817 850 4871 lit
898 4817 1019 4873 ideo
1085 4822 1151 4875 ad
1211 4838 1270 4876 se
1329 4839 1546 4892 quoque
1611 4841 1903 4902 congregat
1963 4837 2248 4902 pontifices
2304 4853 2361 4899 et

783 4911 992 4965 scribas
1043 4915 1252 4982 populi,
1286 4926 1342 4969 et
1387 4932 1483 4971 eos
1525 4918 1814 4988 diligenter
1860 4925 2190 4999 interrogat,
2240 4934 2361 4988 ubi-

783 5018 908 5056 nam
953 5003 1215 5059 Christus
1250 5020 1594 5064 nasceretur.

853 5093 992 5149 XVI.
1029 5088 1329 5151 Considera
1370 5110 1552 5156 autem
1597 5104 1970 5163 admirabilem
2018 5125 2200 5166 rerum
2247 5116 2356 5171 dis-

783 5177 1182 5255 pensationem,
1210 5200 1264 5243 et
1298 5195 1759 5260 quemadmodum
1794 5199 1994 5254 veritas
2033 5205 2195 5258 etiam
2229 5222 2356 5262 suo-

782 5292 902 5331 rum
961 5279 1306 5334 iuimicoruin
1358 5287 1528 5337 utitur
1556 5287 1778 5341 auxilio.
1811 5288 1947 5345 Cum
1993 5296 2138 5348 enim
2190 5299 2358 5353 inter-

781 5379 1100 5438 rogarentur
1139 5372 1331 5437 Judaei,
1367 5377 1587 5432 ubinam
1626 5379 1878 5436 Christus
1907 5398 2240 5451 nasceretur,
2295 5393 2354 5454 ii,

783 5457 853 5512 In
886 5458 1148 5514 Bethleem
1178 5462 1350 5529 Judte,
1381 5475 1438 5520 ut
1466 5483 1553 5522 res
1584 5483 1643 5524 se
1681 5470 1937 5538 habebat,
1966 5473 2217 5530 dixerunt
2243 5497 2258 5533 :
2303 5491 2357 5534 et

886 5628 954 5657 ’³⁸
977 5625 1166 5682 Matth.
1197 5646 1254 5694 ll,
1297 5630 1346 5683 l.
1435 5636 1480 5667 “
1507 5635 1694 5689 Matth.
1731 5656 1841 5704 xw,
1869 5652 2016 5707 Se‘l‘l-

2099 5641 2145 5672 "’
2173 5643 2335 5700 Mich.
2357 5665 2408 5713 v,
2447 5648 2501 5700 ἓ.

2489 633 2765 688 Bethleem
2835 635 3171 706 magnifacit,
3227 647 3369 692 etex
3392 653 3454 692 ea
3505 638 3698 692 ducem
3758 639 4059 696 exiturum.

2484 735 2537 779 et
2583 728 2838 795 populum
2895 728 3254 783 lsraeliticum
3304 731 3371 783 ab
3421 746 3487 784 eo
3548 745 3670 784 esse
3723 731 4057 799 pascendum

2483 815 2747 882 pra-dicit.
2785 815 2875 869 Sic
2922 817 2957 869 ii
2986 819 3076 886 qui
3118 826 3275 870 erant
3323 833 3509 872 revera
3552 817 3780 881 inimici,
3827 834 4058 872 necesse

2483 910 2754 964 habebant
2805 912 2888 964 vel
2930 912 3079 966 inviti
3125 914 3338 981 aperire
3384 914 3750 983 prOphetiain,
3800 913 3900 965 etsi
3948 929 4056 965 non

2481 1014 2714 1052 onmem.
2747 1002 2900 1066 Quod
2928 1005 3072 1056 enim
3097 1004 3354 1070 deinceps
3399 1003 3661 1071 sequitur,
3691 1004 4054 1064 reticuerunt,

2478 1093 2621 1162 quod
2662 1103 2784 1147 est:
2823 1093 3075 1164 Egressus
3105 1098 3215 1164 ejus
3251 1099 3311 1149 ab
3342 1099 3513 1160 initio,
3558 1114 3588 1149 a
3615 1098 3796 1149 diebus
3848 1100 4058 1149 aeterni-

2482 1187 2628 1240 tatis.
2677 1186 2786 1240 Cur
2829 1187 2906 1242 sic
2964 1189 3272 1242 fecerunt?
3329 1189 3483 1254 Quod
3535 1191 3647 1259 regi
3700 1191 4058 1258 loquerentur

2479 1279 2546 1331 ad
2615 1281 2863 1345 gratiam.
2925 1280 3016 1333 Ille
3071 1289 3251 1333 autem
3312 1280 3442 1349 quid
3493 1279 3673 1333 facit?
3729 1281 4053 1336 Clanculum

2480 1381 2635 1424 vocat
2676 1370 2877 1439 Magos,
2911 1371 3198 1441 diligenter
3241 1381 3615 1439 perscrutatur
3662 1374 3864 1426 stultus
3921 1383 4059 1426 tem-

2479 1475 2581 1527 pus
2631 1461 2822 1521 sti-llaa,
2870 1475 2990 1527 quae
3056 1461 3304 1528 apparuit
3373 1462 3474 1522 eis,
3550 1461 3662 1530 jam
3735 1462 4059 1531 aggrediens

2479 1549 2547 1602 de
2613 1550 2794 1602 medio
2850 1552 3038 1603 tollere
3093 1551 3140 1603 id
3207 1567 3315 1619 quo
3387 1564 3576 1606 natum
3647 1553 3842 1606 fuerat.
3900 1552 4057 1618 Quod

2479 1640 2696 1708 quidem
2754 1656 2861 1694 non
2909 1642 3082 1694 solum
3127 1651 3244 1694 erat
3284 1643 3559 1704 amentiae,
3608 1645 3702 1697 sed
3747 1645 3912 1697 etiam
3971 1644 4057 1696 in-

2479 1734 2662 1786 saniit.
2713 1733 2882 1800 Cujus
2936 1731 3252 1785 modienim
3295 1740 3448 1784 erant
3477 1747 3540 1785 ea
3595 1750 3714 1800 (μελε
3743 1735 3883 1788 clam
3942 1734 4057 1787 Ma-

2480 1824 2560 1892 gis
2611 1825 2814 1877 vocatis
2847 1824 3131 1892 loquitur?
3166 1823 3261 1888 Ite,
3305 1833 3352 1877 et
3377 1824 3649 1893 diligenter
3700 1827 3957 1895 inquirite
3999 1829 4059 1880 de

2475 1929 2634 1979 puero
2680 1931 2698 1968 .'
2762 1926 3034 1986 postquam
3105 1927 3280 1969 autem
3353 1918 3673 1978 inveneritis,
3759 1922 4059 1972 renuntiate

2477 2007 2624 2067 milii,
2651 2015 2706 2058 ut
2749 2023 2840 2075 ego
2888 2024 3090 2076 quoque
3122 2010 3346 2070 veniens,
3379 2025 3495 2062 eum
3547 2010 3778 2061 adorem.
3816 2010 4058 2063 Evidens

2473 2109 2528 2154 et
2588 2111 2774 2169 aperta
2829 2099 3060 2153 insania.
3126 2100 3182 2154 Si
3244 2102 3389 2154 enim
3450 2116 3578 2157 vera
3638 2101 3859 2170 quidem
3931 2109 4057 2154 Sunt

2471 2192 2660 2253 verba,
2714 2199 2769 2244 ct
2831 2206 2939 2244 non
3002 2191 3282 2252 insidiosa,
3332 2205 3430 2246 cur
3485 2205 3613 2244 cum
3665 2190 3746 2244 eis
3821 2192 4057 2244 latenter

2472 2283 2822 2352 congrederis
2874 2284 2896 2336 ?
2950 2282 3045 2336 Sin
3103 2292 3283 2335 autem
3343 2283 3424 2336 vis
3486 2282 3686 2350 aliquid
3769 2282 4056 2336 sinistrum

2473 2373 2648 2427 celare
2690 2382 2740 2426 et
2790 2373 3058 2437 dolosum,
3107 2373 3380 2441 quomodo
3429 2389 3497 2425 ne
3547 2373 3647 2428 hoc
3687 2375 3912 2442 quidem
3961 2389 4056 2443 po-

2473 2465 2621 2517 tuisti
2665 2458 2995 2534 p‘erspicere,
3048 2465 3191 2532 quod
3240 2465 3317 2518 sic
3348 2479 3376 2516 a
3416 2463 3582 2529 Magis
3626 2466 4057 2532 deprehenderis

2472 2556 2704 2625 maligne
2750 2564 2799 2608 et
2845 2555 3106 2608 scelerate
3146 2570 3354 2625 gerere,
3395 2555 3539 2623 quod
3586 2570 3798 2622 qua-ras
3838 2554 4058 2608 latere?

2475 2647 2617 2701 Hinc
2661 2663 2786 2702 cum
2833 2649 2986 2702 stella
3037 2648 3116 2701 eis
3167 2663 3357 2701 rursus
3411 2648 3771 2717 apparuisset,
3818 2649 3898 2700 eis
3952 2649 4052 2700 dux

2471 2739 2718 2802 ellicitur,
2796 2740 2936 2794 sicut
2999 2741 3066 2792 ab
3132 2741 3310 2792 initio.
3363 2741 3644 2792 Absconsa
3709 2741 3858 2793 enim
3916 2751 4052 2797 erat,

2471 2839 2754 2898 postquam
2814 2840 3139 2897 apparuerat
3203 2829 3268 2882 ad
3341 2827 3642 2888 Orientem,
3703 2838 3763 2880 ut
3796 2845 3924 2882 cum
3980 2831 4050 2880 illi

2475 2920 2669 2974 ducem
2742 2921 3131 2989 perdidissent,
3187 2921 3498 2973 necessario
3547 2919 3762 2973 Judaaos
3817 2921 4054 2973 interre—

2471 3026 2682 3086 gni-ent,
2738 3028 2792 3071 et
2840 3019 2917 3071 sic
2973 3033 3059 3071 res
3110 3017 3365 3070 evaderet
3429 3013 3710 3068 manifesta
3772 3013 4048 3066 omnibus.

2470 3104 2762 3174 Postquam
2811 3123 2941 3159 vero
2982 3108 3063 3159 vel
3104 3108 3248 3174 ipsos
3298 3106 3550 3161 inimicos
3603 3091 3849 3159 habuere
3887 3107 4053 3176 magi-

2473 3206 2637 3261 stros,
2681 3197 2760 3250 eis
2794 3213 2982 3250 rursus
3019 3206 3263 3266 apparet.

2545 3287 2705 3343 XVII.
2725 3289 2855 3342 Vide
2887 3300 3090 3355 autem,
3112 3307 3139 3343 a
3169 3306 3330 3360 quam
3360 3292 3544 3346 multis
3573 3291 3764 3361 litejus
3801 3292 3876 3343 rei
3901 3293 4050 3346 ﬁdes.

2471 3381 2602 3435 Nam
2645 3397 2790 3434 nunc
2822 3383 3037 3449 quidem
3067 3383 3237 3442 stella,
3269 3399 3413 3435 nunc
3453 3385 3684 3450 pepulus
3713 3383 4055 3452 Judieorum,

2471 3472 2666 3527 deinde
2698 3473 2858 3526 etiam
2911 3473 3138 3535 insidiae,
3190 3481 3244 3524 et
3294 3481 3575 3541 pra-terea,
3623 3475 3913 3540 prophetia
3961 3477 4056 3528 do-

2472 3573 2595 3618 cent
2652 3564 2700 3617 id
2738 3564 2879 3632 quod
2904 3565 3266 3632 quaerebatur.
3319 3562 3524 3617 Deinde
3567 3580 3692 3618 cum
3722 3580 3820 3618 eos
3865 3581 4054 3620 rursus

2471 3656 2624 3711 stella
2667 3655 2964 3722 accepisset
2990 3671 3050 3707 ex
3109 3653 3513 3726 Hierosolymis,
3563 3666 3856 3725 postquam
3929 3673 4051 3712 curn

2471 3763 2596 3817 rege
2649 3748 2906 3802 collocuti
2969 3760 3173 3809 essent,
3225 3748 3446 3803 deducit
3481 3750 3533 3802 in
3585 3748 3891 3811 Bethleem,
3946 3767 4052 3805 non

2470 3841 2787 3908 simpliciter
2848 3842 3073 3906 vadens,
3128 3843 3221 3896 sed
3277 3858 3373 3896 eos
3428 3845 3670 3906 trahens,
3732 3854 3785 3897 et
3846 3844 4056 3899 ducens

2471 3935 2693 3986 meridie
2728 3955 2740 3985 :
2777 3943 2834 3986 ut
2883 3935 2964 3985 vel
2991 3950 3055 3986 ex
3088 3949 3154 3986 eo
3185 3943 3372 3986 notum
3413 3946 3556 3987 esset
3611 3937 3889 3997 omnibus,
3933 3954 4052 3991 eam

2469 4039 2576 4079 non
2619 4041 2739 4080 esse
2798 4025 3008 4079 stellam
3066 4041 3228 4078 unam
3269 4039 3299 4078 e
3336 4025 3544 4089 multis,
3581 4041 3758 4096 neque
3816 4031 4050 4082 omnino

2471 4119 2662 4171 similis
2714 4133 2836 4172 cum
2889 4120 3008 4174 aliis
3056 4120 3285 4176 ordinis.
3342 4117 3468 4172 ldeo
3498 4119 3643 4172 enim
3708 4121 3917 4176 vadens
3990 4140 4052 4176 ex

2468 4206 2798 4276 Jerusalem,
2851 4227 2962 4265 non
3013 4213 3163 4281 prius
3215 4211 3492 4272 consistit,
3536 4211 3713 4265 donec
3763 4214 3830 4266 ad
3871 4215 4048 4283 ipsum

2469 4301 2683 4355 venerit
2743 4317 3004 4370 praesepe.
3069 4301 3362 4367 Postquam
3423 4309 3604 4352 autem
3673 4307 3826 4355 stetit
3885 4321 4049 4373 supra

2469 4403 2724 4457 puerum,
2763 4389 2944 4438 statim
2978 4388 3243 4440 constitit.
3279 4388 3347 4440 Et
3383 4397 3672 4457 propterea
3709 4392 3857 4460 quod
3897 4410 4047 4448 nunc

2471 4479 2690 4548 quidem
2743 4478 3188 4547 absconderetur,
3223 4496 3369 4536 nunc
3416 4494 3598 4538 autem
3647 4498 3963 4553 appareret,
4001 4502 4047 4542 et

1186 4561 1362 4614 neque
1405 4551 1550 4618 regis
1599 4555 1899 4622 tyrannidis
1939 4560 2102 4616 ullam
2149 4564 2358 4621 ducunt
2391 4575 2435 4630 D
2465 4570 2663 4625 deinde
2700 4586 2822 4626 cum
2868 4574 3227 4641 apparuisset,
3271 4589 3456 4626 rursus
3489 4551 4051 4640 staret,_o51endebat

2466 4674 2527 4715 se
2578 4675 2700 4715 esse
2750 4661 2973 4731 majoris
3032 4662 3273 4726 virtutis,
3325 4677 3485 4730 quam
3541 4679 3662 4732 qua:
3730 4665 3786 4718 in
3835 4670 4046 4722 stellam

2463 4754 2704 4814 caderet.
2744 4763 2799 4806 et
2837 4754 2916 4806 eis
2969 4752 3205 4807 faciebat
3252 4755 3624 4810 accessionem
3689 4757 3838 4814 ﬁdei.
3888 4761 4048 4816 Certe

2463 4844 2622 4913 longe
2648 4847 2879 4896 maxima
2944 4843 3252 4900 afﬁciuntur
3290 4847 3498 4913 laetitia,
3531 4850 3676 4914 quod
3704 4861 3757 4903 et
3801 4853 4047 4909 invenis-

2466 4948 2585 4991 sent
2636 4937 2688 4990 id
2721 4937 2862 5006 quod
2893 4939 3255 5006 quaerebatur,
3291 4948 3345 4991 et
3390 4938 3493 4992 iter
3523 4955 3630 4994 non
3669 4940 3873 4997 frustra
3915 4962 4046 5000 coa-

2464 5027 2743 5092 fecissent,
2772 5038 2827 5082 et
2875 5028 3022 5095 quod
3070 5026 3216 5082 fetus
3271 5037 3417 5082 esset
3474 5030 3715 5093 divinus,
3774 5044 3832 5085 et
3900 5037 4042 5104 quod

2461 5120 2692 5175 fuissent
2742 5120 2915 5173 nuntii
2956 5120 3219 5175 veritatis.
3267 5120 3396 5184 Quae
3428 5121 3646 5190 quidem
3694 5124 3877 5177 omnia
3922 5138 4046 5180 sunt

2461 5214 2602 5266 illius
2660 5212 2993 5266 admirabilis
3039 5212 3231 5280 puellae
3278 5215 3529 5268 encomia
3573 5224 3800 5284 pr0pter
3849 5217 4040 5281 Deum,

2459 5303 2551 5372 qui
2601 5316 2670 5357 ex
2736 5301 2847 5371 ipsa
2915 5309 3073 5355 natus
3117 5311 3203 5356 est
3249 5312 3356 5356 :et
3401 5319 3596 5358 eorum
3660 5307 4042 5375 magnitudine

2463 5396 2629 5457 illam,
2677 5405 2735 5447 ut
2777 5393 3124 5462 praecipuam,
3156 5396 3402 5448 eximunt
3434 5412 3461 5450 a
3500 5397 3851 5454 mulieribus.
3891 5400 4042 5454 Post-

2465 5500 2623 5554 quam
2682 5492 2862 5535 autein
2939 5482 3159 5537 fuerunt
3246 5485 3389 5538 intra
3457 5485 3718 5549 domum,
3779 5491 4038 5557 uiderunt.

2577 5649 2619 5681 ⁸⁸
2647 5647 2782 5703 Gen.
2816 5662 2962 5712 χιιι,
2990 5647 3076 5701 10.

785 5786 920 5838 θεοῦ
947 5785 1237 5856 θεραπείαν
1285 5794 1380 5856 τὰς
1432 5792 1606 5863 ψυχὰς
1631 5800 1810 5857 αὐτῶν
1839 5806 2078 5875 γαλήνης
2107 5806 2406 5877 πληροῦσα,
2452 5809 2542 5863 καὶ
2585 5809 2715 5878 πρὸς
2749 5810 2846 5879 τὴν
2883 5807 3047 5862 αὐταῦ
3090 5805 3381 5878 βεϐαιοῦσα
3422 5806 3604 5860 πίστιν
3641 5806 3720 5877 τῷ
3759 5807 4035 5879 μεγαλειιρ

790 5882 884 5950 τῆς
915 5881 1277 5946 evenisse};
