4226 6436
177 415 296 477 545

1282 423 1566 484 ORATIO
1609 426 1702 486 DE
1746 424 2025 484 SANC’I’A
2076 425 2345 486 MARIA.

3319 428 3424 490 546

177 531 382 596 inquit,
429 529 686 598 infantem
727 545 842 583 cum
899 530 1075 583 Maria
1131 543 1297 584 matre
1346 535 1456 602 ejus
1507 535 1548 563 ’³
1609 532 1748 598 Quid
1783 553 1821 606 Α
1854 533 2199 598 tentationes,
2233 542 2286 588 et
2312 533 2386 588 sis
2413 545 2626 602 paratus
2682 537 2944 590 adversus
2980 536 3220 592 insidias.
3259 537 3425 600 Iube-

174 630 368 675 uutem
413 637 670 691 magnum
724 623 995 685 viderunt,
1045 623 1189 692 quod
1253 638 1377 677 eum
1431 625 1741 690 adorarunt,

175 726 307 764 cum
363 713 542 766 omnia
593 725 776 767 essent
811 714 1095 781 ejusmodi,
1137 722 1196 767 ut
1236 714 1374 767 nihil
1421 725 1602 782 posset
1629 730 1747 770 esse

175 800 398 855 vilius?
450 802 866 871 Speluncamne,
919 819 1178 874 praesepe,
1229 804 1474 859 fascias:
1520 823 1587 859 an
1634 822 1746 860 ma-

177 904 345 959 trem,
409 910 530 964 quae
584 907 728 951 tanta
794 907 910 951 erat
976 899 1367 966 simplicitate?
1409 896 1548 964 Quid
1619 914 1744 969 ergo

172 997 277 1036 eos
346 995 492 1038 tanta
552 986 734 1040 aﬂ‘eeit
825 987 1202 1050 admiratione,
1279 996 1337 1041 ut
1403 1004 1505 1042 non
1570 988 1744 1042 solum

172 1070 492 1136 adorarent,
535 1074 626 1126 sed
675 1072 836 1126 etiam
871 1073 1009 1128 dona
1040 1074 1322 1140 oITerrent,
1354 1091 1523 1144 eaque
1551 1076 1742 1143 hujus-

176 1163 351 1225 modi,
382 1178 500 1232 qute
541 1163 714 1231 ipsum
764 1178 887 1217 esse
939 1165 1103 1218 Deum
1139 1173 1195 1218 et
1241 1165 1435 1236 Regem
1469 1167 1744 1237 signiﬁca-

175 1256 371 1308 rent?
429 1255 542 1308 Iloc
616 1255 760 1308 enim
819 1255 922 1309 sibi
991 1258 1200 1318 volunt,
1276 1272 1468 1326 nempe
1542 1259 1742 1330 Regem

174 1351 399 1418 quidem
433 1365 649 1414 aurum,
683 1351 808 1404 thus
857 1366 985 1404 vero
1039 1350 1227 1415 Deum,
1287 1353 1502 1421 myrrha
1563 1366 1740 1410 autem

174 1440 630 1508 prmsigniﬁeahat
682 1450 932 1507 mortem,
965 1457 1125 1511 quam
1184 1459 1278 1511 pro
1311 1457 1397 1498 me
1441 1456 1560 1501 erat
1590 1449 1741 1502 subi-

171 1539 356 1584 turus.
414 1530 684 1596 Quidnam
739 1547 868 1602 ergo
912 1547 1006 1586 eos
1073 1535 1308 1588 movit?
1367 1537 1519 1601 illud,
1599 1542 1740 1608 quod

167 1621 335 1674 etiam
389 1623 590 1687 elfceit,
630 1634 686 1679 ut
717 1627 876 1678 domo
901 1627 1286 1701 excitarentur,
1318 1639 1373 1684 et
1404 1641 1609 1685 tantum
1645 1634 1743 1687 iter

166 1712 509 1768 conficerent
541 1732 552 1768 :
588 1717 744 1770 stella
789 1713 1034 1783 omnino,
1061 1730 1117 1774 et
1162 1736 1280 1788 qua:
1331 1735 1517 1774 eorum
1548 1723 1740 1776 animis

169 1802 351 1855 inerat
390 1820 418 1856 a
451 1804 558 1858 Deo
589 1807 928 1864 illuminatio.

1851 637 1936 679 tur
1981 637 2161 679 autem
2196 641 2473 679 assumere
2532 643 2756 696 puerum
2792 638 2846 681 et
2911 640 3136 684 matrem
3175 633 3294 700 ejus
3371 643 3428 688 et

1844 719 2030 787 fugere
2067 718 2121 771 in
2163 717 2479 788 Egyptum,
2537 735 2642 771 non
2679 721 2818 774 sicut
2875 723 3044 789 prius.
3103 723 3238 776 Nam
3298 732 3426 778 tunc

1845 809 2060 877 quidem
2087 805 2471 868 dicit.U.rorem
2504 819 2676 876 tuam;
2710 827 2857 866 nunc
2891 829 3019 867 vero
3061 813 3201 868 hanc
3266 826 3423 870 vocat

1846 911 2086 966 matrem,
2105 917 2226 956 cum
2242 910 2388 955 esset
2411 916 2658 971 egressus
2680 915 2883 972 partus.
2908 915 2961 959 ct
2984 915 3124 958 mota
3150 909 3422 974 suspicit).

1846 993 2004 1063 Fuga;
2029 1006 2207 1050 autem
2228 1009 2415 1055 causa,
2439 1009 2516 1050 est
2542 1007 2718 1049 metus
2753 996 3086 1052 insidiarum.
3142 997 3275 1052 Vide
3295 1014 3425 1069 ergo

1847 1101 2033 1140 rursus
2058 1102 2177 1142 cum
2199 1091 2401 1160 magnis
2425 1100 2478 1144 et
2498 1091 2856 1159 suspiciendis
2880 1093 3135 1160 conjungi
3165 1091 3419 1155 humilia,

1844 1185 1898 1231 et
1928 1193 2048 1232 cum
2075 1179 2328 1247 jucundis
2356 1196 2417 1234 ea
2441 1196 2559 1249 qua:
2613 1193 2741 1236 sunt
2795 1184 3046 1238 molesta.
3091 1180 3217 1238 Post
3271 1184 3420 1237 illam

1843 1282 1940 1333 per
1999 1269 2206 1323 stellam
2237 1270 2636 1335 deductionem,
2678 1281 2801 1339 post
2849 1272 3064 1325 illorum
3139 1282 3396 1339 tanquam

1844 1357 1994 1428 Regi,
2038 1361 2119 1414 vel
2143 1363 2319 1430 potius
2343 1373 2595 1431 tanquam
2653 1364 2762 1418 Deo
2809 1363 3104 1418 exhibitam
3145 1365 3421 1420 adoratio-

1844 1463 1986 1513 nem,
2027 1459 2080 1503 et
2111 1451 2378 1504 donorum
2441 1453 2804 1519 oblationem,
2843 1455 2894 1506 in
2950 1469 3016 1506 eo
3083 1454 3183 1506 fuit
3243 1462 3422 1507 metus

1843 1540 2052 1600 mortis.
2085 1551 2137 1595 et
2160 1540 2279 1607 fuga
2299 1544 2527 1597 occulta.
2551 1545 2614 1597 Et
2645 1546 2710 1598 de
2736 1561 2842 1614 quo
2864 1547 3011 1613 prius
3034 1547 3416 1600 renuntiatqu

1843 1631 2015 1685 fuerat
2052 1632 2165 1686 fore
2193 1643 2248 1686 ut
2278 1635 2481 1687 salvum
2536 1635 2737 1689 faceret
2771 1639 3050 1704 populum.
3081 1654 3144 1691 nc
3176 1653 3234 1692 se
3297 1639 3420 1706 qni-

1841 1723 1962 1777 dem
1986 1724 2200 1778 videtur
2260 1740 2417 1795 posse
2473 1726 2680 1779 salvum
2740 1727 2938 1781 facere.
3007 1728 3139 1790 Quae
3193 1728 3416 1796 quidem

1843 1815 2114 1881 quomodo
2142 1831 2329 1869 rursus
2386 1817 2628 1870 animum
2690 1817 2924 1888 Virginis
2982 1819 3421 1873 alTecerunt?E:

241 1894 428 1948 XVIII.
479 1897 584 1949 Sed
636 1900 763 1966 quid
798 1911 1222 1957 consentaneum
1266 1915 1382 1959 erat
1411 1906 1593 1959 animo
1618 1922 1739 1961 ver—
1777 1895 1814 1946 Β
1847 1906 1973 1974 quid
2008 1918 2436 1962 consentaneum
2466 1920 2550 1963 est
2584 1925 2702 1962 eam
2754 1911 2960 1963 interea
2989 1911 3296 1980 cogitasse?
3328 1912 3418 1965 Sic

166 1996 289 2034 sare
322 1992 569 2044 matrem.
611 1986 724 2045 hch
754 1994 1103 2046 cernentem?
1130 1992 1422 2063 Cujusnam
1483 1996 1570 2048 lilii
1599 2005 1744 2050 esset

165 2077 364 2132 mater,
394 2071 460 2125 ad
495 2088 654 2141 quem
692 2077 791 2130 viri
812 2088 918 2133 tam
970 2083 1206 2150 insignes
1254 2084 1332 2137 sic
1382 2094 1742 2150 accesserant,

165 2159 324 2213 stella
362 2162 498 2216 ducc
525 2175 738 2221 utentes
770 2186 784 2224 :
826 2172 916 2238 qui
963 2188 1084 2224 eum
1134 2174 1432 2226 adorabant
1481 2175 1534 2226 in
1567 2175 1744 2229 fasciis

163 2260 219 2304 et
249 2251 392 2304 dona
417 2255 732 2321 oli'erehant,
761 2269 1008 2329 tanquam
1030 2263 1077 2316 ei
1106 2278 1162 2317 se
1193 2265 1481 2320 conciliare
1522 2267 1742 2320 studen-

164 2350 270 2406 tes,
310 2353 364 2398 et
392 2344 492 2398 sibi
524 2349 725 2416 aliquid
758 2366 1030 2422 magnum,
1067 2355 1209 2423 quod
1229 2357 1355 2412 hinc
1383 2368 1500 2412 erat
1527 2368 1742 2412 secutu-

164 2448 308 2497 rum,
335 2443 730 2503 procurantes?
771 2442 858 2498 Vel
891 2456 1148 2514 quantum
1182 2465 1301 2503 eam
1354 2453 1586 2518 gaudere
1645 2468 1742 2522 par

161 2535 286 2579 crat
322 2543 383 2581 ac
414 2541 672 2598 quantum
712 2535 991 2596 illustrari.
1024 2550 1345 2604 quantaeque
1366 2543 1476 2609 Spei
1507 2543 1739 2597 fructum

155 2618 270 2684 jam
301 2621 578 2687 percipere
609 2638 714 2675 non
754 2639 818 2678 ex
856 2626 940 2679 his
973 2630 1169 2690 solum,
1207 2631 1301 2684 sed
1328 2647 1388 2685 ex
1423 2632 1527 2686 illis
1549 2635 1735 2699 etiam,

158 2721 282 2772 qna-
312 2723 717 2780 praecesserant,
741 2717 1078 2774 admirabilia
1103 2722 1387 2791 colligente
1411 2723 1432 2775 ?
1465 2724 1585 2777 Ilarc
1605 2741 1738 2794 puer

160 2797 252 2849 ille
307 2803 397 2854 dat
439 2803 485 2856 ei
523 2807 743 2873 praemia
778 2825 791 2860 :
831 2810 906 2864 sic
938 2814 1160 2880 opponit
1196 2814 1490 2867 humilibus
1524 2831 1585 2869 ea
1619 2833 1738 2885 qua:

158 2897 294 2941 sunt
324 2890 551 2946 illustria
585 2911 691 2959 ;ne
730 2897 897 2950 solam
926 2901 1116 2952 videns
1145 2904 1477 2969 speluncam,
1512 2915 1563 2958 et
1583 2917 1742 2974 tugu-

161 2976 330 3041 rium,
360 2990 411 3031 et
445 2996 704 3052 praesepe,
733 2995 785 3039 et
815 2989 947 3042 viles
995 2991 1208 3057 fascias,
1239 3009 1423 3063 parva,
1460 3005 1516 3048 ut
1545 3011 1734 3050 conse-

159 3079 337 3130 quens
367 3068 667 3137 videbatur,
703 3075 1040 3144 opinaretur,
1089 3091 1142 3134 et
1173 3083 1564 3137 distraheretur
1591 3086 1735 3157 cogi-

162 3156 493 3214 tationibus:
525 3165 615 3217 sed
644 3175 700 3220 ut
723 3177 777 3222 et
802 3169 911 3223 haec
937 3186 1126 3240 magna
1155 3175 1526 3240 considerans,
1548 3156 1734 3232 rursus

160 3248 217 3300 in
283 3251 449 3305 altum
495 3256 861 3322 extolleretur,
937 3269 992 3313 et
1048 3271 1267 3329 propter
1319 3265 1463 3318 hunc
1531 3281 1728 3320 novum

160 3351 376 3408 partum
406 3358 465 3397 se
502 3359 684 3413 posset
713 3348 921 3404 beatam
976 3352 1194 3409 ducere.
1252 3354 1405 3420 Quod
1461 3359 1604 3412 enim
1664 3359 1731 3414 ab

160 3433 316 3485 initio
345 3439 628 3493 consuevit
660 3441 918 3498 Dominus
950 3443 1148 3510 facere,
1187 3458 1246 3502 ut
1287 3464 1406 3517 qua:
1439 3461 1565 3505 sunt
1609 3453 1729 3507 vilia

158 3530 216 3576 et
245 3522 489 3592 humilia,
523 3533 741 3585 extollat
791 3544 985 3602 praeter
1011 3539 1344 3604 Opinionem,
1400 3543 1538 3595 sicut
1567 3561 1731 3598 econ-

159 3624 332 3676 tra,ut
356 3633 418 3672 ea
435 3636 552 3688 quae
574 3626 975 3694 suntsuperba,
1028 3628 1294 3698 deprimat
1331 3633 1473 3688 :hoc
1509 3635 1726 3704 quidem

155 3713 305 3757 certe
335 3707 538 3764 videret
564 3713 724 3768 etiam
793 3715 972 3773 facere
1004 3720 1058 3773 in
1104 3721 1304 3791 seipso.

230 3794 371 3850 XIX.
412 3799 518 3856 Sed
548 3820 641 3859 cur
689 3807 853 3879 Magis
920 3822 1003 3866 est
1047 3814 1388 3884 imperatum,
1449 3834 1516 3872 ne
1545 3836 1729 3876 rursus

160 3888 400 3944 redirent
423 3895 487 3948 ad
538 3898 854 3960 Herodem?
885 3901 950 3956 Et
980 3920 1236 3971 quorsum
1294 3908 1383 3960 illa
1423 3909 1627 3978 abjecta
1673 3923 1728 3967 et

161 3980 343 4034 minus
395 3985 588 4038 decora
623 3989 674 4040 in
724 3990 988 4060 Egyptum
1029 3998 1152 4065 fuga
1204 3995 1434 4061 Christi,
1502 4001 1725 4069 perinde

155 4085 222 4124 ac
247 4071 425 4128 sinon
459 4089 638 4146 posset
681 4081 836 4137 aliter
903 4101 1022 4140 esse
1080 4088 1264 4145 salvus
1293 4091 1316 4144 ?
1349 4091 1605 4146 Futurum
1652 4107 1724 4148 est

155 4165 316 4232 enim,
351 4169 543 4239 inquit,
612 4185 668 4227 ut
725 4177 952 4233 Herodes
991 4194 1191 4251 quierat
1250 4203 1466 4256 puerum
1489 4192 1559 4241 ad
1610 4207 1725 4257 per-

155 4261 380 4314 dendum
410 4279 527 4318 eum
549 4267 624 4319 '°.
657 4267 791 4323 Num
827 4282 882 4326 ut
914 4289 1009 4343 per
1041 4275 1155 4330 haec
1189 4293 1351 4344 parva
1375 4287 1430 4332 ct
1464 4279 1721 4348 humana,

157 4357 212 4402 ct
249 4363 566 4407 cerneretur
589 4359 704 4424 ipse
741 4375 960 4415 carnem
992 4365 1310 4436 sumpsisse,
1347 4377 1400 4422 et
1434 4369 1723 4439 dispensa-

157 4438 320 4492 tionis
355 4441 497 4496 illius
526 4447 837 4503 crederetur
877 4457 1188 4526 magnitudo
1219 4458 1241 4510 ?
1292 4438 1562 4516 Maxime:
1599 4480 1722 4531 pro-

1846 1998 2008 2052 ctiam
2042 1999 2092 2052 in
2118 2001 2369 2055 omnibus
2443 2002 2649 2055 sanctis
2693 2012 3090 2070 consequenter
3150 2002 3415 2065 invenies,

1845 2106 1967 2144 cum
1990 2092 2054 2146 iis
2079 2109 2198 2162 qua:
2227 2102 2436 2148 suntex
2456 2094 2620 2147 animi
2639 2097 2929 2158 sententia,
2959 2095 3174 2149 misceri
3198 2112 3418 2167 quoque

1848 2182 2094 2236 molesta.
2167 2182 2366 2238 Verum
2426 2185 2706 2241 enimvero
2755 2186 2833 2242 sic
2885 2187 3102 2255 quidem
3168 2186 3417 2242 Christus

1843 2273 1990 2325 venit
2021 2274 2073 2325 in
2106 2272 2418 2344 Egyptum.

1911 2363 2027 2417 XX.
2059 2365 2292 2420 Herodes
2343 2378 2522 2422 autem
2587 2384 2708 2422 cum
2739 2384 2766 2422 a
2791 2385 2956 2439 scopo
2995 2371 3324 2433 aberrasset.
3356 2373 3408 2426 in

1839 2456 2099 2523 infantes,
2128 2460 2218 2528 qui
2253 2461 2451 2514 nullam
2518 2461 2758 2517 fecerant
2827 2464 3104 2531 injuriam,
3161 2475 3270 2519 tota
3334 2467 3412 2519 ira

1842 2551 2118 2618 erumpit,
2144 2567 2208 2605 eo
2243 2554 2403 2606 modo
2433 2569 2525 2608 eos
2568 2556 2856 2615 ulciscens,
2884 2557 2971 2623 qui
3027 2557 3173 2610 illum
3225 2559 3414 2614 illuse-

1841 2642 2108 2696 rant:vel
2139 2645 2314 2709 potius
2372 2656 2592 2712 propter
2639 2661 2793 2699 suam
2844 2648 2895 2700 in
2933 2648 3204 2703 Christum
3264 2651 3412 2704 insa-

1840 2732 2005 2793 niant,
2029 2748 2186 2801 quam
2211 2736 2460 2803 concepit
2499 2736 2568 2788 ob
2609 2747 2810 2789 metum
2839 2743 3007 2807 regni,
3047 2744 3411 2797 communiter

1839 2825 2122 2878 adversum
2157 2842 2371 2881 omnem
2401 2828 2556 2882 irruit
2578 2839 2847 2892 naturam,
2874 2829 3410 2889 etinterﬁcitomnes

1839 2915 2068 2969 infantes
2124 2917 2212 2984 qui
2241 2929 2392 2970 erant
2421 2920 2476 2973 in
2535 2919 2834 2985 Bethleem,
2863 2921 2913 2973 in
2966 2922 3068 2975 hac
3121 2924 3372 2980 universa

1837 3006 1982 3059 etcde
2015 3006 2297 3061 infantium
2332 3011 2652 3064 existimans
2677 3027 2734 3064 se
2769 3021 2823 3064 ct
2855 3027 3020 3065 unum
3055 3014 3201 3066 illum
3229 3019 3408 3070 omni-

1839 3112 1908 3151 no
1935 3109 2329 3164 assecuturum,
2367 3110 2505 3155 etut
2559 3104 2651 3156 ille
2699 3103 2907 3158 solutus
2947 3115 3091 3160 esset
3153 3122 3181 3160 a
3238 3118 3406 3171 metu.

1760 3217 1805 3274 ο
1838 3207 2028 3246 omnes
2096 3195 2276 3264 lugere
2301 3211 2600 3264 procurans
2663 3197 3211 3254 immisericorditer:
3264 3207 3408 3270 quod

1837 3283 1917 3334 vel
1960 3284 2010 3334 in
2037 3285 2197 3336 rebus
2228 3285 2536 3338 inanimatis
2562 3287 2914 3341 abstinuisset
2965 3288 3143 3342 facere
3169 3291 3325 3356 alius,
3353 3303 3409 3345 et

1835 3381 2047 3425 teneras
2078 3374 2285 3442 plantas
2315 3375 2604 3444 aspiciens,
2667 3361 3036 3434 misericordia
3091 3379 3408 3448 ductus,eas

1832 3462 2092 3516 noluisset
2123 3463 2457 3517 exscindere.
2487 3464 2592 3518 Sed
2630 3467 2806 3520 videte
2837 3483 2953 3533 vos,
2981 3469 3072 3536 qui
3116 3471 3402 3538 imperium

1832 3556 2319 3618 amatis,cteslisa
2348 3572 2481 3610 vana
2524 3559 2760 3627 superati
2816 3559 3001 3630 gloria,
3041 3560 3096 3614 in
3147 3573 3402 3629 quantam

1829 3661 1890 3699 ea
1935 3647 2196 3700 insaniam
2252 3650 2431 3718 adigat
2461 3649 2754 3713 amatores,
2787 3665 2842 3705 et
2890 3666 3124 3714 quonam
3151 3670 3243 3708 eos
3275 3655 3403 3708 ferri

1830 3738 2140 3807 persuadet,
2168 3749 2222 3792 et
2253 3754 2497 3808 quaenam
2530 3757 2623 3797 eos
2655 3743 2792 3810 cogit
2826 3745 3021 3800 facere.
3045 3744 3193 3800 Hanc
3217 3762 3398 3802 autem

1830 3828 2116 3882 infantium
2139 3830 2336 3883 etcdem
2357 3828 2616 3884 Jeremias
2640 3847 2854 3900 quoque
2882 3835 3065 3888 multis
3089 3849 3214 3890 ante
3243 3840 3402 3893 annis

1828 3921 2173 3990 praenuntiat,
2218 3931 2274 3975 et
2330 3922 2569 3990 prtedicit
2621 3925 2955 3992 tragmdiam,
3008 3935 3062 3980 et
3109 3927 3402 3983 introducit

1828 3992 2116 4068 Rachelem
2151 4014 2367 4068 ﬂentem
2408 4031 2535 4069 suos
2568 4015 2723 4076 lllios,
2749 4025 2803 4069 et
2842 4018 3262 4072 consolationem
3298 4022 3402 4074 mi-

1825 4105 1969 4158 nime
2002 4105 2373 4158 admittentem
2402 4105 2442 4136 ⁸⁸
2474 4144 2488 4159 .
2512 4104 2772 4171 Quocirca
2804 4121 2910 4161 nou
2931 4108 3213 4176 ignorante
3243 4113 3361 4165 seili
3382 4143 3396 4152 -

1826 4204 1910 4249 cet
1945 4195 2054 4250 Deo
2086 4196 2200 4251 haec
2235 4196 2454 4263 ﬁebant,
2508 4199 2601 4252 sed
2667 4207 2721 4252 et
2791 4200 3021 4263 sciente,
3079 4210 3132 4254 et
3185 4202 3399 4257 volente

1823 4287 2040 4355 quidem
2069 4303 2274 4352 arcere,
2346 4291 2747 4356 permittentem
2801 4299 2982 4342 autem
3036 4293 3247 4345 arcanis
3276 4296 3397 4361 qui-

1824 4380 2046 4435 busdam
2077 4381 2396 4434 rationibus.
2436 4380 2540 4435 Sed
2566 4379 2802 4436 Herodes
2824 4382 3041 4450 quidem
3087 4385 3395 4452 percipiens

1824 4488 2034 4538 eorum,
2065 4489 2184 4543 qua:
2210 4473 2359 4538 fecit,
2424 4473 2630 4528 fructus
2683 4477 3088 4541 convenientes,
3137 4477 3397 4531 divinitus

159 4538 339 4636 pterea
371 4547 471 4634 nec
496 4536 671 4605 primo
690 4543 952 4594 statuitin
969 4545 1221 4601 omnibus
1243 4549 1418 4604 facere
1437 4553 1717 4608 miracula.
1754 4560 1795 4614 ι)
1825 4536 2286 4636 immissa-plaga,
2322 4574 2436 4618 toto
2491 4579 2716 4632 corpore
2781 4567 3078 4626 sauciatur,
3147 4577 3201 4620 et
3255 4583 3377 4621 vere

159 4618 286 4686 Qua:
314 4624 454 4676 enim
480 4629 548 4682 ab
580 4629 732 4682 initio
761 4629 903 4685 facta
929 4645 1306 4706 sunt,propter
1333 4639 1555 4696 Matrem
1599 4659 1719 4696 om-

161 4716 286 4768 nino
322 4715 460 4770 facta
490 4728 636 4786 sunt,
661 4724 1118 4800 propterJoseph,
1177 4743 1395 4800 propter
1452 4745 1716 4803 pastores,

161 4818 376 4879 propter
412 4809 612 4884 Magos.
643 4816 757 4882 Qua
795 4820 862 4874 de
886 4837 1049 4877 causa
1081 4823 1247 4895 Magis
1277 4841 1497 4897 quoque
1530 4833 1716 4886 datum

159 4915 238 4960 est
270 4922 587 4976 responsura
625 4929 693 4969 ne
723 4927 1120 4973 reverterentur
1146 4923 1213 4975 ad
1242 4922 1532 4988 Herodem.
1569 4940 1628 4981 ut
1666 4938 1719 4982 et

159 4998 406 5056 doctores
432 5003 543 5057 cito
567 5008 914 5064 mitterentur
938 5011 988 5065 in
1018 5011 1306 5068 Persarum
1340 5019 1634 5087 regionem.
1661 5027 1716 5073 et

159 5094 366 5158 tyranni
391 5093 543 5151 furor
567 5098 1048 5172 interrumperctur
1063 5106 1337 5176 sciretque
1355 5125 1412 5162 se
1430 5127 1488 5163 ea
1504 5106 1716 5181 aggredi

156 5197 271 5251 qua
286 5185 422 5241 eﬂici
447 5205 554 5243 non
573 5203 808 5260 possent.
834 5196 986 5261 Quod
1006 5199 1047 5254 si
1066 5214 1174 5253 non
1192 5201 1361 5256 evasit
1378 5202 1586 5263 melior,
1610 5219 1717 5258 non

157 5274 206 5326 in
228 5287 374 5335 eum.
400 5279 494 5346 qui
516 5269 627 5334 haec
648 5283 898 5351 providit,
927 5297 981 5341 et
1000 5290 1090 5358 qui
1110 5291 1221 5344 haec
1246 5291 1451 5346 eofecit
1469 5293 1715 5358 consilio,

153 5365 245 5418 sed
263 5367 318 5418 in
349 5381 613 5426 summam
642 5374 784 5430 illius
801 5377 1060 5433 insaniam
1079 5383 1231 5450 culpa
1254 5392 1338 5437 est
1355 5385 1676 5438 conferenda
1699 5402 1712 5450 ;

157 5469 417 5526 praeterea
467 5473 526 5517 ut
571 5473 626 5518 tu
653 5481 884 5536 quoque,
910 5471 1001 5540 qui
1034 5486 1100 5524 ex
1139 5474 1357 5526 Christo
1394 5477 1574 5530 vivere
1600 5475 1712 5530 ele-

151 5553 294 5624 gisti,
335 5567 444 5605 non
478 5571 669 5623 parvas
720 5559 786 5612 ad
846 5563 1240 5633 philosOpbiam
1283 5580 1348 5619 ex
1379 5583 1444 5621 eo
1471 5569 1714 5622 invenias

153 5646 468 5702 occasiones
501 5666 514 5702 :
570 5665 764 5730 nempe
797 5662 852 5707 ut
877 5664 929 5709 et
948 5658 1126 5710 Statim
1155 5659 1223 5714 ab
1252 5660 1404 5715 initio
1434 5673 1714 5729 exspectes

258 5826 304 5858 ι’
340 5824 530 5882 Matth.
562 5843 621 5893 ll,
665 5830 717 5884 II
823 5835 865 5865 ³⁸
892 5833 1077 5889 Matth.
1125 5853 1181 5900 ιε,
1224 5839 1302 5892 l3.

1385 5840 1425 5869 ³⁸
1453 5837 1651 5893 Jerrm.
1699 5858 1754 5906 ιι,
1785 5840 1869 5893 15.

1823 4660 1992 4712 malus
2042 4659 2182 4713 male
2246 4658 2402 4725 perit,
2444 4656 2745 4726 ersrcgno
2792 4657 2846 4710 in
2913 4666 3145 4727 quatuor
3212 4669 3393 4728 partes

1822 4748 1994 4802 diviso
2033 4767 2046 4802 :
2086 4745 2350 4801 Archelao
2403 4746 2619 4815 quidem
2677 4747 2959 4814 imperium
2995 4749 3278 4802 obtinente
3337 4750 3391 4803 in

1820 4841 2022 4903 Iudaea,
2057 4837 2266 4892 Herode
2301 4848 2502 4900 autem,
2535 4849 2587 4890 et
2637 4837 2907 4906 Philippo,
2943 4850 2996 4891 et
3023 4839 3267 4908 Lysania,
3304 4842 3392 4896 ilio

1821 4931 2040 4999 quidem
2066 4929 2316 4991 Galilaeae,
2353 4928 2457 4981 hoc
2501 4941 2628 4980 vero
2655 4926 2861 4981 lturtuaa
2890 4937 2944 4981 et
2972 4926 3388 4990 Trachonitidis.

1823 5030 2097 5091 postremo
2132 5031 2334 5080 autem,
2367 5020 2752 5073 tetrarchatum
2796 5019 2988 5071 sortito
3011 5019 3387 5074 Abilinat"-”.

1893 5110 2033 5166 XXI.
2081 5110 2366 5177 Postquam
2394 5119 2575 5163 autem
2611 5112 2840 5164 excessit
2885 5104 3120 5164 Herodes
3172 5127 3235 5164 ex
3295 5112 3391 5165 hu-

1824 5206 2020 5268 manis,
2048 5201 2270 5273 angelus
2298 5216 2488 5257 rursus
2517 5202 2569 5255 in
2622 5202 2828 5255 somnis
2883 5201 3120 5270 Joscpho
3164 5215 3388 5272 apparet

1822 5295 1877 5348 in
1907 5294 2154 5364 Egypto,
2187 5302 2241 5345 et
2267 5292 2422 5362 jubet
2450 5292 2710 5346 infantem
2734 5291 2999 5358 accipere,
3049 5301 3101 5344 et
3123 5291 3387 5361 proficisci

1821 5387 1875 5440 in
1905 5397 2098 5439 terram
2164 5383 2341 5439 Israel.
2393 5383 2565 5448 Quam
2621 5383 2821 5445 multae,
2858 5397 2892 5435 ο
2946 5383 3143 5437 Christi
3198 5383 3385 5446 Mater,

1822 5478 2039 5532 fuerunt
2099 5475 2192 5528 tihi
2236 5491 2460 5529 casuum
2517 5474 2946 5541 inaequalitates?
2990 5488 3152 5542 quam
3208 5475 3388 5526 multa:

1823 5583 2000 5622 rerum
2032 5567 2400 5621 mutationes?
2432 5569 2568 5620 Ecce
2598 5568 2742 5621 enim
2768 5581 2952 5618 rursus
2995 5565 3212 5634 quidem
3240 5566 3386 5619 fuisti

1821 5661 1991 5716 soluta
2018 5661 2087 5714 ab
2110 5662 2318 5725 exsilio,
2356 5668 2409 5714 et
2454 5661 2520 5715 ad
2584 5659 2852 5729 propriam
2885 5659 3170 5713 reverteris
3214 5658 3387 5728 regio-

1950 5839 2064 5870 ε’-υ
2099 5838 2232 5895 Luc.
2267 5855 2347 5903 ιιι,
2381 5839 2442 5904 l;
2501 5837 2688 5893 Matth.
2731 5854 2790 5902 ιι,
2822 5839 2911 5905 ‘20,
2945 5836 3035 5895 ει.
