4226 6436
799 413 901 477 547

2063 402 2346 463 MENSIS
2385 403 2812 465 AUGUSTUS.

3949 407 4058 469 553

789 539 935 583 nem,
967 530 1020 575 et
1055 534 1203 582 eum,
1229 519 1319 587 qui
1346 516 1441 571 tibi
1476 515 1612 570 male
1639 515 1818 568 facere
1845 527 2129 584 aggressus
2162 512 2365 578 fuerat,
2398 521 2440 576 Α
2502 514 2786 585 Egyptum,
2819 527 3048 570 narrans
3079 511 3484 586 Lucas(neque
3540 518 3684 571 enim
3725 529 3849 573 ante
3896 525 4059 590 puri-

793 619 905 683 ipsa
945 614 1124 683 potius
1161 626 1281 664 eum
1314 609 1495 664 vidisti
1523 609 1663 661 male
1702 607 1949 676 periisse.
1984 605 2117 660 Cum
2147 607 2368 660 domum

787 717 966 759 autem
1003 704 1260 764 venisses,
1297 716 1486 755 rursus
1518 701 1730 753 invenis
1765 699 2026 752 malorum
2061 701 2370 754 successio-

790 811 933 859 netn,
967 803 1020 847 et
1050 793 1198 846 vides
1227 792 1393 844 lilium
1440 792 1669 860 tyranni,
1727 790 1817 858 qui
1862 790 1962 842 fuit
1989 791 2062 843 tui
2106 789 2224 843 Filii
2250 790 2372 859 (pro

788 888 1000 952 dolor!)
1027 885 1332 947 insidiator,
1375 899 1472 952 pro
1495 898 1560 936 eo
1592 892 1928 952 regnantem.
1969 883 2072 935 Sed
2101 881 2373 951 rogaverit

786 981 1051 1047 quispiam
1089 994 1150 1031 ex
1183 977 1461 1037 studiosis,
1493 974 1767 1042 quomodo
1821 973 2124 1027 Archelaus
2173 973 2370 1027 Judaaze

787 1071 1110 1139 imperabat,
1163 1069 1354 1121 Pontio
1406 1068 1580 1119 Pilato
1623 1076 1748 1119 tunc
1799 1065 2170 1135 praesidente?
2228 1065 2369 1118 Num

784 1165 925 1230 quod
955 1179 1127 1231 nuper
1157 1161 1478 1216 decessisset
1521 1160 1838 1214 Herodes.et
1861 1159 2098 1213 nondum
2129 1159 2181 1211 in
2208 1159 2372 1211 multa

786 1270 1006 1323 regnum
1045 1263 1184 1306 esset
1213 1253 1467 1313 divisum,
1513 1251 1655 1303 illius
1693 1249 1831 1301 lilius
1877 1248 2086 1302 interea
2144 1246 2374 1299 habebat

785 1348 1068 1414 imperium
1099 1346 1119 1397 ?
1153 1345 1271 1396 Non
1296 1354 1378 1397 est
1421 1354 1602 1396 autem
1649 1341 1992 1411 evangelistre
2045 1353 2371 1407 supervaca-

785 1454 886 1491 nea
934 1438 1103 1506 patris
1129 1450 1343 1503 quoque
1394 1434 1652 1502 adiectio.
1703 1431 1810 1484 Pro
1851 1430 2053 1483 Herode
2081 1431 2249 1496 enim,
2288 1429 2370 1480 in-

785 1530 922 1598 quit,
945 1538 1092 1595 patrc
1115 1529 1224 1595 ejus
1255 1527 1318 1590 ³δ,
1348 1537 1405 1578 ut
1435 1526 1639 1578 scilicet
1664 1539 1785 1577 eum
1819 1539 1844 1575 ο
1880 1522 2043 1576 fratre
2073 1522 2372 1590 distingue-

787 1631 886 1683 rct,
923 1631 977 1672 ut
1004 1621 1093 1688 qui
1129 1622 1242 1687 ipse
1273 1632 1490 1686 quoque
1523 1616 1762 1669 Herodes
1796 1625 2078 1668 vocaretur
2099 1614 2369 1666 similiter.

857 1728 1024 1782 XXII.
1084 1727 1247 1781 Venit
1304 1742 1430 1796 ergo
1476 1726 1672 1794 Ioseph
1735 1725 2022 1788 Nazareth,
2069 1734 2125 1777 ut
2184 1724 2273 1791 qui
2319 1725 2371 1776 in

785 1823 990 1876 somnis
1025 1836 1342 1890 re5ponsum
1380 1820 1677 1886 accepisset
1700 1818 1793 1884 (ita
1834 1818 1979 1869 enim
2036 1816 2253 1870 divinus
2301 1816 2373 1868 ait

787 1913 1110 1980 Matth-cens)
1144 1911 1304 1966 simul
1334 1921 1388 1964 et
1438 1910 1740 1983 periculum
1801 1908 2033 1977 fugiens,
2084 1917 2138 1960 et
2182 1907 2369 1961 volens

791 2007 1031 2059 habitare
1067 2007 1118 2056 in
1153 2004 1345 2072 patria.
1378 2001 1450 2055 Ut
1511 2009 1690 2052 autem
1749 2007 1929 2068 posset
1975 1999 2144 2066 magis
2196 1997 2365 2052 conli-

790 2099 938 2161 dere,
971 2111 1288 2163 responsum
1317 2093 1510 2162 accipit
1542 2093 1606 2144 ab
1629 2090 1821 2159 angelo
1881 2091 2040 2158 Atqui
2078 2105 2183 2142 non
2228 2088 2363 2142 dicit

790 2189 964 2242 Lucas
1003 2189 1150 2240 illum
1191 2189 1404 2239 venisse
1429 2202 1490 2238 ex
1527 2200 1789 2253 responso
1825 2202 1836 2235 :
1867 2184 1960 2236 sed
1998 2199 2118 2236 cum
2151 2198 2366 2234 omnem
2410 2208 2418 2216 -

792 2282 1108 2349 implessent
1143 2278 1594 2347 puriﬁcationem.
1649 2277 1902 2331 statuisse
1941 2290 2128 2328 rursus
2169 2276 2364 2328 reverti

786 2370 1078 2424 Nazareth.
1108 2370 1390 2434 Quomodo
1432 2385 1560 2438 ergo
1591 2377 1668 2421 est
1704 2383 1732 2420 a
1763 2368 1919 2420 nobis
1942 2367 2198 2419 solvenda
2231 2382 2366 2419 con-

793 2462 1088 2515 troversia?
1117 2463 1267 2524 Quod
1295 2471 1527 2527 tempus,
1550 2459 1690 2526 quod
1713 2459 1950 2510 l‘uitantc
1969 2459 2290 2510 descensum
2319 2457 2370 2506 in

878 2580 914 2606 ⁸⁴
953 2581 1141 2628 Matth.
1185 2591 1238 2632 lt,
1279 2579 1342 2626 22
1410 2576 1447 2601 ³⁵
1486 2576 1641 2632 ibid.,
1683 2575 1745 2622 23
1813 2571 1849 2597 ³⁸
1886 2573 2010 2620 Luc.
2055 2583 2109 2628 ιι,
2151 2569 2230 2618 40.

865 2696 974 2765 (ll)
1054 2695 1160 2746 Τοῦ
1212 2692 1647 2762 Μεταρραστοῦ
1701 2693 1798 2746 καὶ
1858 2691 1962 2745 τοῦ
2001 2691 2372 2759 Γεωμέτρου.

797 2791 1006 2855 Ὅμως,
1035 2787 1123 2839 ὅτε
1159 2785 1365 2838 δώδεκα
1395 2786 1529 2836 ἐτῶν
1552 2786 1789 2850 γεγονὼς
1813 2781 1903 2853 ἦν,
1931 2785 2106 2837 ἄνεισι
2138 2785 2233 2850 μὲν
2263 2783 2378 2849 ἅμα

794 2881 905 2940 τοῖς
956 2877 1228 2944 γονεῦσιν,
1293 2877 1373 2936 εἰς
1441 2873 1819 2943 Ἰερουσαλὴμ,
1878 2873 1975 2941 τὴν
2032 2872 2226 2940 ἑορτὴν
2282 2869 2378 2922 τοῦ

797 2969 987 3037 Πάσχα
1039 2967 1386 3035 τελεσόμενος
1483 2964 1556 3026 ὡς
1603 2965 1659 3016 δὲ
1709 2966 1890 3034 ἐκείνη
1926 2965 2099 3035 πέρας
2139 2959 2282 3032 εἶχεν
2324 2963 2381 3015 ἐν

799 3062 1037 3130 ἡμέραις
1083 3059 1223 3111 ἑπτὰ
1279 3058 1599 3128 τελουμένη,
1656 3058 1810 3111 αὐτοὶ
1868 3059 1966 3128 μὲν
2014 3059 2373 3127 ὑπέστρεφον,

809 3151 1017 3217 Ἰησους
1064 3148 1119 3201 δὲ
1174 3149 1457 3215 ὑπομένει,
1505 3148 1730 3208 τούτους
1776 3149 1976 3201 λαϐών.
2027 3151 2134 3200 Καὶ
2174 3150 2222 3199 οἱ
2280 3149 2378 3215 μὲν

2477 606 2778 660 ticationem
2809 620 2904 659 eos
2926 605 3053 660 illuc
3097 606 3358 670 duxisset,
3395 617 3452 661 ut
3489 607 3621 661 nihil
3647 612 3868 665 omnino
3896 611 4059 665 ﬁeret

2476 706 2661 748 contra
2696 695 2903 763 legem)
2939 695 3054 748 haec
3082 694 3235 748 dicit.
3273 693 3400 748 Erat
3427 694 3572 749 enim
3605 698 3828 749 omnino
3858 698 4052 765 puriﬁ-

2476 786 2701 851 eandus,
2733 786 2926 840 deinde
2956 795 3218 840 venturus
3242 787 3531 851 Nazareth,
3569 797 3623 840 et
3654 796 3784 842 tunc
3809 790 4046 842 descen-

2476 894 2639 932 surus
2688 878 2740 931 in
2797 877 3086 948 Egyptum.
3130 878 3338 933 Deinde
3397 893 3520 932 cum
3574 879 3653 934 sic
3699 895 3766 932 ex
3824 880 4061 952 Egyptn

2476 970 2785 1033 rediissent,
2812 969 3033 1038 jubetur
3056 985 3244 1024 rursus
3271 970 3323 1023 in
3349 969 3613 1024 Nazareth
3641 973 3848 1024 venire.
3881 975 4056 1025 Antea

2475 1063 2640 1124 enim,
2677 1061 2823 1114 nullo
2853 1069 3077 1129 accepto
3106 1076 3388 1128 responso,
3419 1071 3479 1113 ut
3503 1062 3629 1115 illuc
3661 1062 3937 1125 venirent,
3965 1063 4058 1115 sed

2475 1171 2596 1208 eum
2629 1154 2858 1208 libenter
2889 1153 3211 1216 habitarent,
3255 1164 3311 1205 ut
3344 1154 3599 1215 diximus,
3645 1155 3696 1207 in
3732 1155 3902 1222 patria
3939 1171 4059 1219 sua,

2476 1254 2668 1314 sponte
2734 1246 2836 1299 hoc
2883 1245 3176 1298 faciebant.
3242 1243 3377 1298 Cum
3442 1245 3585 1297 enim
3644 1260 3906 1299 ascensus
3951 1262 4061 1298 non

2477 1338 2667 1392 luisset
2705 1347 2922 1406 prOpter
2951 1337 3108 1390 aliam
3144 1349 3383 1399 causam,
3436 1353 3594 1404 quam
3654 1348 3874 1406 pr0pter
3933 1340 4063 1390 des-

2475 1431 3158 1499 criptionem,etnusquam
3211 1441 3355 1484 stare
3399 1440 3642 1500 possent,
3693 1445 3758 1484 eo
3812 1430 4062 1500 impleto,

2477 1533 2698 1593 propter
2747 1523 2891 1592 quod
2938 1535 3220 1586 venerant,
3252 1524 3653 1578 descenderunt
3679 1526 3731 1579 in
3763 1523 4058 1579 Nazareth.

2476 1617 2717 1686 Angelus
2765 1624 2933 1680 certe,
3010 1617 3100 1684 qui
3162 1627 3349 1685 postea
3391 1632 3485 1671 eos
3547 1620 3806 1673 reddebat
3865 1619 4060 1688 quieti,

2476 1709 2620 1762 domi
2658 1708 2911 1761 restituit.
2950 1702 3062 1760 Nec
3117 1708 3220 1762 hoc
3259 1708 3327 1761 ab
3354 1724 3437 1772 re,
3483 1710 3574 1762 sed
3611 1725 3734 1762 cum
3773 1712 4062 1780 prophetia

2478 1803 2579 1857 hoc
2608 1801 2784 1871 ipsum
2812 1802 2995 1854 multis
3020 1811 3144 1854 ante
3170 1802 3331 1854 annis
3362 1800 3743 1870 signiﬁcasset.
3796 1802 3859 1855 Et
3890 1803 4062 1864 enim,

2477 1897 2670 1963 inquit,
2717 1896 3039 1961 impleretur,
3087 1895 3224 1960 quod
3253 1895 3448 1945 dictum
3483 1893 3653 1962 fuerat
3694 1909 3726 1943 a
3773 1895 4063 1960 prophetis,

2480 1991 2792 2043 Nazarenus
2857 1986 3126 2038 vocabitur
3145 1987 3187 2017 ³⁵
3210 2024 3223 2038 .
3266 1986 3398 2037 Puer
3449 1995 3644 2046 autem,
3679 1995 3734 2038 ut
3760 1986 3837 2038 ait
3865 1985 4069 2047 Lucas,

2477 2081 2736 2133 crescebat
2775 2089 2820 2130 et
2850 2079 3216 2141 invalescebat,
3279 2079 3468 2143 spiritu
3504 2078 3728 2144 reptctus
3761 2082 4064 2144 sapientia‘,

2480 2183 2526 2227 et
2565 2173 2736 2242 gratia
2769 2171 2865 2224 Dei
2902 2180 3016 2224 erat
3051 2171 3101 2223 in
3134 2173 3242 2238 ipso
3269 2171 3311 2201 ³⁶
3333 2211 3347 2225 .
3382 2171 3506 2226 Ihec
3560 2173 3876 2240 accipienda
3911 2180 4066 2233 sunt,

2479 2279 2534 2322 ut
2569 2268 2708 2321 dicta
2736 2268 2862 2329 sint,
2898 2266 3039 2334 quod
3071 2267 3264 2319 attinet
3285 2265 3350 2318 ad
3378 2267 3791 2320 humanitatem.

2548 2360 2746 2412 XXIII.
2786 2361 2919 2412 Cum
2938 2369 3118 2411 autem
3147 2361 3190 2426 (l
3212 2363 3254 2427 l)
3277 2371 3420 2412 esset
3452 2370 3610 2413 natus
3633 2375 3804 2414 annos
3857 2360 4065 2415 duode-

2481 2453 2603 2513 cim,
2646 2451 2891 2504 ascendit
2942 2450 3158 2519 quidem
3197 2451 3353 2504 simul
3387 2467 3509 2506 cum
3559 2453 3876 2519 parentibus
3902 2450 4070 2505 ἔοι-ιιι

2480 2691 2730 2758 ζήτησιν,
2758 2688 2851 2740 καὶ
2874 2687 3052 2740 πάντα
3069 2688 3201 2757 ὁμοῦ
3227 2689 3299 2750 ὡς
3325 2690 3528 2758 μήτηρ,
3552 2689 3646 2742 καὶ
3671 2693 4074 2760 παρρησιαστι-

2483 2781 2747 2847 κώτερον,
2778 2779 2873 2830 καὶ
2907 2779 3411 2845 ἀνθρωπινώτερον,
3445 2782 3537 2830 καὶ
3570 2781 4076 2851 περιπαθέστερον,

2482 2869 2820 2934 διαλέγεται·
2857 2869 2915 2922 Τί
2951 2867 3148 2932 τοῦτο,
3172 2867 3404 2930 τέκνον,
3433 2869 3723 2932 ἐποίησας
3757 2872 3945 2936 ἡμῖν;
3979 2877 4077 2929 καὶ

2483 2963 2564 3014 ὅτι
2600 2961 2747 3014 Ἰδοὺ
2782 2960 2893 3029 ἐγὼ
2929 2961 3025 3013 καὶ
3059 2963 3091 3012 o'
3131 2959 3325 3027 πατήρ
3359 2976 3474 3013 σου
3521 2961 3906 3030 ὀδυνώμενοι,
3934 2967 4076 3033 ἐζη-

2484 3053 2814 3121 τοῦμένσε.
2855 3053 3026 3113 Αὐτὸς
3045 3052 3099 3103 δὲ
3132 3054 3244 3104 λύει
3274 3055 3449 3105 πάντα
3492 3055 3579 3106 διὰ
3604 3054 3780 3122 τοῦτο,
3812 3061 3910 3110 καὶ
3942 3062 4078 3128 περὶ

2487 3146 2689 3212 πατρὸς
2732 3146 2947 3213 ἐκείνης
2991 3148 3084 3196 τοῦ
3121 3145 3400 3209 δοκοῦντος
3437 3149 3717 3217 εἰπούσης,
3758 3153 3784 3201 6
3828 3151 4078 3220 Χριστὸς

798 3238 1049 3306 ἐζητοῦν,
1087 3240 1113 3290 6
1145 3238 1201 3290 δὲ
1231 3238 1396 3307 τριῶν
1432 3236 1656 3305 ἡμερῶν
1686 3236 1878 3305 ἄδηλος
1917 3233 2003 3305 ἦν.
2044 3233 2174 3287 Εἶτα
2210 3253 2377 3302 φανε-
2406 3207 2451 3269 C
2485 3237 2674 3306 ῶσπερ
2703 3237 2764 3288 τὸ
2795 3236 2961 3306 ῥηθὲν
2989 3237 3392 3305 διορθούμενος,
3424 3241 3551 3310 περὶ
3580 3242 3676 3292 τού
3708 3207 3893 3306 ὄντως.
3922 3246 4076 3313 λέγει

799 3335 893 3400 ρὸς
924 3331 1105 3392 αὐτοῖς
1129 3332 1333 3397 γίνεται
1366 3331 1422 3383 ἐν
1444 3330 1520 3399 τῷ
1551 3328 1681 3400 ἱερῷ
1713 3329 1808 3398 μὲν
1832 3329 2214 3399 καθεζόμενος,
2243 3327 2376 3397 όμοῦ

796 3439 856 3474 τε
884 3422 1096 3476 ἀκούων
1123 3422 1230 3472 τῶν
1261 3422 1618 3483 διδασκάλων,
1654 3423 1746 3474 καὶ
1776 3422 1910 3490 πρὸς
1936 3424 2175 3482 ἐκείνους
2204 3422 2380 3473 διαλε-

799 3509 1051 3577 γόμενος,
1085 3508 1403 3578 ἐκπλήττων
1438 3526 1495 3560 τε
1526 3512 1650 3572 τοὺς
1689 3511 1964 3579 ἀκροατὰς
1997 3512 2054 3561 ἐν
2088 3514 2206 3572 ταῖς
2244 3512 2381 3562 ἀπο-

799 3601 1046 3670 κρίσεσι·
1078 3602 1218 3652 κατᾶ
1247 3599 1404 3651 τοῦτο
1436 3603 1545 3668 γὰρ
1580 3604 1673 3651 καὶ
1705 3604 1763 3652 τὺ
1799 3601 2186 3668 κραταιοῦσοαι
2219 3601 2381 3652 αὐτὸν

807 3691 1102 3759 πνεύματι,
1137 3692 1230 3743 καὶ
1260 3691 1420 3760 σοφία
1445 3692 1777 3758 προκόπτειν
1807 3693 1898 3744 καὶ
1926 3693 2128 3763 χάριτι,
2156 3691 2228 3754 ὡς
2257 3695 2382 3746 πολ-

801 3781 914 3844 λοῖς
942 3780 1181 3834 τοιοῦτον
1206 3782 1655 3851 ἀναφαινόμενον.
1685 3783 1949 3835 Λανθὰνει
1977 3785 2032 3834 δὲ
2062 3785 2184 3844 τοὺς
2205 3785 2380 3847 γονεῖς

803 3874 942 3927 ὥστε
973 3874 1047 3944 μὴ
1075 3874 1204 3943 παρ’
1233 3875 1409 3926 αὐτῶν
1434 3875 1742 3942 κωλυθῆναι
1777 3874 1874 3942 τὴν
1904 3874 2042 3943 πρὸς
2073 3876 2198 3937 τοὺς
2223 3892 2382 3943 νομο-

807 3964 994 4032 μαοείς
1039 3963 1280 4023 ἐκείνους
1313 3961 1547 4024 διάλεξιν
1577 3978 1591 3996 ο
1639 3962 1856 4016 εἰδότων
1889 3963 2076 4033 ὥσπερ
2131 3963 2292 4016 αὐτοῦ
2322 3963 2382 4016 τὸ

804 4055 1195 4124 ἀγράμματον,
1228 4054 1429 4124 καὶςτοῢ
1455 4058 1529 4123 μὴ
1565 4058 1919 4125 προσπταίειν
1943 4060 2055 4116 τοῖς
2084 4057 2262 4122 λόγοις
2294 4056 2382 4106 εὑ-

802 4145 1156 4213 λαϐουμένων
1180 4163 1196 4178 ·
1228 4149 1259 4214 ἢ
1295 4148 1470 4198 ταῦτα
1500 4146 1640 4214 τάχα
1669 4147 1760 4197 καὶ
1787 4146 2112 4212 διαφεύγων,
2153 4146 2227 4216 μὴ
2256 4143 2381 4214 δόξῃ

801 4239 928 4298 τοὺς
946 4239 1124 4303 γονεῖς
1150 4235 1457 4305 ἀτιμάζειν,
1481 4235 1556 4308 τῷ
1573 4237 1819 4291 ἀπειθεῖν
1843 4238 2286 4307 ἐγκελευομένοις
2316 4238 2384 4290 τὰ

803 4326 1109 4396 ἀνθρώποις
1138 4327 1426 4380 ἀκόλουθα.
1456 4329 1554 4382 Διὰ
1579 4328 1752 4380 ταῦτα
1778 4329 2039 4397 ὑπομένει
2069 4329 2262 4396 λάθρα,
2291 4329 2385 4380 καὶ

804 4419 927 4470 οὐδὲ
952 4422 1062 4480 τοῖς
1087 4418 1332 4482 γονεῦσιν
1358 4418 1540 4480 αὐτοῖς
1568 4417 1896 4485 γινώσκεται
1914 4435 1926 4447 ⁸
1956 4419 2042 4470 ἵνα
2068 4419 2381 4487 μηδέτερον,

2484 3329 2691 3397 [ἰατρὸς
2713 3368 2727 3392 ,
2761 3332 2838 3390 εἰς
2874 3329 3080 3380 ἔννοιαν
3112 3331 3280 3394 αὐτὴν
3314 3329 3598 3397 ἐμϐάλλων
3630 3333 3724 3399 τῆς
3763 3333 4036 3400 ἀληθείας
4061 3353 4074 3364 ·

2482 3425 2575 3476 καὶ
2619 3423 2693 3491 μὴ
2744 3423 2914 3489 χαμαὶ
2966 3421 3188 3488 βαίνειν,
3231 3419 3348 3470 ἀλλ’
3393 3423 3470 3482 εἰς
3514 3423 3640 3488 ὗσέος
3678 3423 3934 3486 αἵρεσῡαι
3973 3445 4078 3478 πα-

2487 3511 2840 3578 ρασκευάζων
2873 3524 2889 3541 ·
2921 3512 3039 3561 Οὐκ
3080 3510 3298 3577 ᾔδειτε,
3330 3510 3522 3575 λέγων,
3563 3511 3651 3563 ὅτι
3689 3514 3755 3564 ἐν
3789 3531 3842 3565 τι
3858 3513 3913 3579 ῖς
3971 3519 4076 3569 τοῦ

2484 3602 2710 3668 Πατρός
2751 3619 2870 3669 μου
2909 3599 3003 3653 δεῖ
3027 3598 3181 3654 εἷναί
3207 3619 3319 3670 με;
3379 3602 3532 3656 Οὕτω
3566 3605 3839 3657 δείκνυσιν
3875 3609 4076 3660 Eneti-4

2484 3695 2613 3746 ὄντα
2657 3694 2814 3762 φύσει
2868 3695 3018 3761 Θεὸν,
3071 3697 3183 3764 εἴγε
3229 3699 3325 3766 τῆς
3373 3698 3542 3767 αὐτῆς
3597 3700 3810 3767 φύσεως
3859 3702 3885 3752 6
3943 3707 4077 3765 παῖς

2484 3786 2559 3852 τῷ
2591 3786 2820 3837 τεκόντι.
2865 3786 3017 3838 Ἐπεὶ
3051 3788 3106 3839 δὲ
3143 3787 3233 3839 τοῦ
3268 3789 3480 3858 Πατρὺς
3511 3791 3539 3841 ὁ
3565 3791 3708 3852 ναὸς,
3744 3795 3802 3843 ἐν
3834 3797 3953 3858 τοῖς
3982 3795 4076 3846 τοῦ

2485 3876 2699 3948 Πατρὸς
2714 3873 2780 3946 ἦν
2802 3878 3030 3943 ἐκεῖνος,
3060 3879 3162 3933 κᾶν
3183 3883 3365 3940 αὐτοῖς
3392 3882 3454 3931 τὸ
3481 3884 3631 3950 ῥῆμα
3659 3889 3882 3939 συνετὸν
3917 3889 4076 3942 οὕττι1

2483 3970 2729 4035 γέγονεν.
2779 3969 3045 4020 Ἐνταῦοα
3084 3969 3315 4039 πρώτως
3350 3970 3745 4041 ἀνδρικώτερον
3780 3975 3813 4044 ἢ
3866 3981 4075 4042 μᾶλλον

2485 4060 2658 4110 εἰπεῖν
2690 4058 2979 4127 Θειότερον,
3017 4059 3152 4129 πρὸς
3186 4062 3309 4122 τοὺς
3346 4063 3578 4126 οἰκείους
3609 4065 3947 4134 διαλέγεται,
3983 4074 4076 4122 καὶ

2483 4150 2753 4204 δείκνυσιν
2782 4153 2863 4205 ὅτι
2891 4155 2984 4205 καὶ
3015 4153 3200 4223 ἕτερος
3231 4155 3258 4205 6
3291 4156 3475 4226 Πατὴρ
3507 4157 3672 4227 αύτῷ,
3707 4165 3801 4213 καὶ
3834 4163 3916 4214 ὅτι
3957 4167 4074 4232 οὐχ’

2483 4245 2556 4308 ὡς
2585 4245 2682 4298 ἀνθ
2695 4246 2858 4315 ρώπῳ
2885 4247 3044 4316 ψιλῷ,
3069 4248 3201 4300 ἀλλὰ
3233 4251 3328 4301 καὶ
3350 4250 3422 4310 ὡς
3450 4251 3589 4318 Θεῷ,
3611 4255 3702 4303 καὶ
3728 4254 3830 4323 τὴν
3855 4261 4074 4327 μητέρα

2486 4337 2633 4405 αὑτῴ
2684 4341 3037 4408 προσεκτέον,
3091 4340 3186 4390 καὶ
3244 4340 3326 4390 ὅτι
3387 4341 3416 4389 6
3469 4341 3563 4391 τοῦ
3628 4345 3840 4412 Πατρὸς
3900 4345 4073 4413 οἶκος,

2487 4428 2514 4477 ὁ
2552 4430 2678 4490 ναὸς
2707 4428 2929 4498 δηλαδὴ,
2958 4429 3050 4480 καὶ
3077 4429 3239 4480 αὑτοῦ
3267 4425 3410 4492 οἶκός
3441 4431 3576 4496 ἐστι,
3601 4435 3855 4506 καθάπερ
3882 4444 3982 4490 καὶ
4013 4444 4074 4492 τὰ

806 4510 840 4579 ἢ
874 4509 1105 4611 φανεξὶς
1147 4509 1436 4611 γενόμενος
1469 4509 1706 4611 κωλυθῇ.
1747 4510 1778 4579 ἢ
1816 4510 1908 4563 καὶ
1942 4510 2139 4600 ἀπειβῇ
2176 4510 2384 4564 κωλυό-
2416 4557 2459 4611 D
2488 4518 2622 4571 ἄλλα
2661 4519 2839 4571 πάντα
2873 4519 2938 4571 τὰ
2967 4519 3062 4572 τοῦ
3101 4521 3344 4590 Πατρός*
3379 4523 3473 4576 καὶ
3516 4524 3598 4577 ὅτι
3632 4527 3831 4591 αὐτοὺς
3872 4532 4074 4599 εγκλη-

810 4613 988 4664 μενος.
1021 4597 1163 4666 Ὅρα
1196 4598 1256 4650 δὲ
1287 4598 1433 4660 ὅπως
1478 4599 1569 4650 καὶ
1605 4597 1642 4651 ἃ.
1682 4602 1950 4669 προσήκει
1979 4596 2176 4670 παιδίῳ
2214 4604 2380 4654 ποιεῖ.

809 4687 884 4738 υύ
913 4689 1019 4756 γὰρ
1046 4688 1332 4755 προπετῶς
1357 4689 1594 4740 διδάσκει
1623 4691 1746 4752 τοὺς
1780 4690 2108 4760 νομομαϐεῖς
2134 4691 2384 4745 διδασκά-

810 4781 936 4840 λους
988 4781 1080 4831 καὶ
1112 4781 1296 4848 ἱερεῖς,
1335 4779 1509 4832 καίτοι
1560 4781 1718 4846 μόνος
1753 4783 1912 4845 αὐτὸς
1944 4782 2264 4853 αὐτόχρημα
2295 4802 2385 4836 σο·-

811 4874 908 4937 gi:
944 4872 1038 4922 καὶ⁵
1072 4871 1226 4939 λόγος
1261 4871 1336 4922 ὢν
1369 4873 1460 4924 καὶ
1502 4873 1735 4943 χορηγὸς
1766 4873 1863 4940 τῆς
1906 4875 2092 4940 σοφίας
2114 4893 2125 4905 ·
2157 4877 2289 4929 ἀλλὰ
2319 4877 2383 4928 δι’

812 4964 944 5015 αὐτὸ
993 4963 1090 5032 μὲν
1138 4960 1233 5016 οὖν
1275 4963 1449 5028 τοῦτο,
1507 4964 1682 5034 μέτρα
1721 4966 1813 5016 καὶ
1857 4965 2070 5033 ἡλικίας
2110 4971 2202 5019 καὶ
2232 4969 2386 5032 ἀξίας
2423 4987 2432 4992 ·

812 5058 971 5117 αὑτός
1011 5071 1070 5106 τε
1127 5055 1304 5117 καλιῖις
1335 5056 1486 5117 εἰδὼς
1532 5057 1624 5108 καὶ
1665 5060 1774 5119 τοῖς
1805 5056 1982 5119 ἄλλοις
2025 5058 2241 5126 ὁρίζων,
2276 5061 2386 5120 τοῖς

816 5147 1020 5216 ἱερεῦσι
1071 5134 1163 5199 καὶ
1204 5145 1540 5208 διδασκάλοις
1581 5149 1674 5201 τοῦ
1727 5149 1994 5204 διδάσκειν
2046 5155 2386 5221 παραχωρεῖ.

813 5240 981 5301 Αὐτὸς
1013 5239 1067 5290 δὲ
1101 5239 1289 5291 ἀκούει
1317 5256 1375 5291 τε
1405 5241 1498 5291 καὶ
1530 5241 1784 5309 ἐπερωτᾷ
1818 5243 1956 5308 μετὰ
1986 5243 2185 5310 πολλῆς
2213 5243 2389 5311 αμτό-

812 5351 969 5402 τερον
1011 5332 1109 5401 τῆς
1162 5333 1465 5393 συνέσεως·
1501 5333 1736 5400 λογικῶς
1781 5349 1840 5384 τε
1889 5333 1996 5402 γὰρ
2043 5333 2251 5403 ἐρωτᾷν
2297 5333 2387 5386 καὶ

814 5429 1080 5497 ἀκροᾶται
1115 5427 1369 5490 συνετῶς,
1413 5426 1507 5479 καὶ
1535 5429 1885 5497 ἀποκρίνεται
1930 5427 2312 5496 συνετώτερον,
2361 5427 2388 5477 ὃ

814 5524 908 5573 καὶ
942 5523 1001 5573 τὸ
1040 5519 1225 5583 θαῦμα
1271 5520 1452 5590 πολλῷ
1489 5522 1675 5590 μεῖζον
1708 5521 1882 5573 ἐποίει
1921 5525 2018 5590 τῆς
2052 5522 2384 5590 ἀκροάσεως.

893 5613 1002 5667 Τοῦ
1032 5612 1237 5667 αὐτοῦ.
1285 5613 1350 5665 Ἦ
1383 5614 1483 5682 μὲν
1514 5612 1792 5681 θαυμασία
1827 5613 2029 5683 μήτηρ,
2068 5612 2388 5681 σπλάγχνων

824 5705 1103 5773 μητρικῶν
1147 5705 1434 5775 ἡττωμένη
1459 5743 1474 5770 ,
1513 5705 1610 5757 καὶ
1656 5705 1843 5759 τέκνον
1876 5705 2037 5758 αὑτὸν
2073 5704 2389 5774 περιπαθῶς

820 5797 992 5856 καλεῖ,
1032 5797 1120 5850 καὶ
1155 5799 1228 5861 ὡς
1264 5797 1591 5866 ἐγκαλοῦσα,
1627 5799 1897 5868 προτείνει
1925 5799 2021 5868 τὴν

2054 5800 2170 5867 μετ’
2198 5798 2387 5867 ὀδύνης

2488 4611 2608 4662 τέον
2650 4610 2850 4680 μᾶλλον
2897 4613 3152 4680 ἀγνοοῦσι
3197 4616 3389 4679 ταῦτα,
3452 4619 3547 4670 καὶ
3578 4620 3746 4686 μηδὲν
3790 4625 3931 4690 μήτε
3985 4625 4074 4677 λα-

2488 4702 2638 4756 λοῦσι
2673 4706 2812 4774 μήτε
2848 4707 3105 4775 φρονοῦσι
3147 4708 3252 4759 τῶν
3301 4709 3436 4778 πρὸς
3469 4711 3747 4779 ἀλήθειαν.
3799 4716 4070 4769 Ἐνταῦθα

2489 4797 2717 4867 πρώτως
2739 4797 2830 4848 τοῦ
2854 4799 3065 4865 ἀληθῶς
3094 4801 3295 4869 [ἰατρὸς
3316 4805 3695 4873 φανερώτερον
3710 4819 4070 4878 μνημονεύει,

2489 4893 2582 4944 καὶ
2631 4895 2980 4961 παραγυμνοῖ
3019 4893 3181 4945 αὑτοῦ
3219 4895 3316 4963 τὴν
3349 4894 3597 4965 θεότητα.
3655 4900 3886 4955 Κάτεισι
3939 4909 4072 4972 μετᾶ

2487 4983 2594 5036 τῶν
2631 4985 2831 5052 γονέων
2853 4985 2911 5049 ἐξ
2958 4983 3317 5057 Ἰερουσαλὴμ
3354 4990 3434 5050 είς
3469 4989 3725 5063 Ναζαρὲτ
3758 4996 3789 5046 6
3832 5000 4070 5067 Κύριος·

2491 5079 2583 5129 καὶ
2639 5079 2870 5131 διατελεῖ
2920 5080 3128 5143 τούτοις
3171 5082 3622 5151 ὑποταττόμενος,
3676 5091 3860 5154 γονεῖς
3912 5096 4071 5162 tinge

2493 5169 2763 5221 παιδεύων
2798 5172 2861 5221 ἐκ
2881 5169 2974 5221 τοῦ
3002 5171 3204 5224 οἰκείου
3229 5188 3242 5202 ο
3281 5174 3371 5225 καὶ
3398 5175 3532 5244 ὅπερ
3561 5178 3722 5241 αὐτὸς
3752 5182 4072 5249 ἐντειλάμε-

2491 5277 2577 5322 νος
2626 5259 2729 5332 ἦν,
2777 5262 2934 5314 τοῦτο
2991 5264 3201 5332 πρῶτος
3241 5257 3505 5334 πληρῶν,
3555 5271 3650 5320 καὶ
3705 5273 3876 5340 τιμᾷν
3937 5275 4068 5325 οὓτω

2490 5354 2754 5408 διδάσκων
2785 5357 2982 5422 γονεῖς,
3015 5358 3179 5425 τιμᾷν
3209 5356 3262 5408 δὲ
3299 5361 3514 5422 παντως
3549 5361 3688 5428 μετὰ
3720 5361 3858 5413 Θεον
3884 5380 3897 5392 ’
3933 5367 4072 5416 ἐκεί-

2493 5465 2597 5498 νων
2635 5447 2738 5515 γὰρ
2791 5449 3188 5517 προτιμοτέραν
3241 5445 3378 5501 εἶναι
3425 5451 3524 5520 τὴν
3575 5452 3918 5509 θεοσέὅειαν.
3979 5458 4069 5506 Διά

2491 5538 2647 5592 τοῦτο
2671 5541 2764 5590 καὶ
2791 5541 3113 5610 παραλιπὼν
3143 5541 3360 5608 αὐτοὺς,
3382 5544 3459 5615 τῷ
3481 5543 3592 5617 vati:
3620 5551 3947 5617 προσμένει,
3987 5567 4068 5602 καί

2492 5633 2581 5685 τὸν
2610 5632 2774 5685 αὑτοῦ
2812 5635 2994 5699 πόθον,
3033 5635 3376 5708 ἰσχυρότερον
3401 5614 3539 5692 εἶναι
3709 5614 3808 5695 τυίῡ
3835 5643 4067 5711 φυσικοῦ

2493 5723 2703 5779 κελεύει
2731 5727 2820 5778 καὶ
2851 5727 3140 5795 πατρικοῦ.
