4226 6436
294 445 402 506 549

1386 438 1668 496 ORATIO
1710 436 1803 499 DE
1847 437 2136 497 SANCTA
2177 439 2447 500 MARIA.

3438 445 3546 505 550

295 562 483 625 salem,
519 561 714 613 festum
739 558 958 611 Pascha:
980 556 1368 608 eelebraturus.
1406 553 1540 607 Cum
1569 569 1696 606 vero
1737 554 1864 607 illud
1899 565 1943 618 Α
1975 553 2500 615 tissimamMariam,
2524 552 2746 606 Matrem
2767 554 2904 620 ejus,
2933 555 3026 624 qui
3058 569 3184 610 vere
3199 560 3563 627 estsapientia

294 655 456 706 finem
483 651 800 719 accepisset.
829 647 932 717 ipsi
983 646 1200 715 quidem
1248 644 1450 703 reversi
1493 656 1652 700 sunt:
1712 644 1871 700 Jesus

293 753 471 797 autem
491 751 670 795 manet
697 756 792 796 eos
819 741 1011 793 latens.
1049 737 1111 791 Et
1134 737 1207 790 illi
1253 738 1471 806 quidem
1530 739 1865 806 quaerebant,

293 836 382 887 hic
415 851 542 887 vero
569 843 678 887 tres
708 833 827 886 dies
858 831 1032 885 latuit.
1069 829 1272 883 Deinde
1313 829 1392 883 eis
1428 829 1486 882 fit
1525 828 1866 895 manifestus,

293 927 345 978 in
383 926 582 994 templo
636 924 854 994 quidem
917 922 1136 984 sedens,
1193 923 1354 975 simul
1407 929 1587 975 autem
1642 921 1870 973 audiens

289 1018 569 1083 doctores,
607 1027 660 1071 et
697 1031 821 1071 cum
876 1015 980 1069 illis
1033 1017 1330 1080 disserens,
1395 1025 1448 1069 et
1493 1015 1546 1068 in
1599 1016 1870 1084 responsis

290 1111 567 1164 auditores
605 1108 843 1163 afﬁciens
864 1107 1244 1162 admiratione.
1304 1107 1356 1160 In
1383 1107 1486 1161 hoc
1511 1106 1655 1161 enim
1684 1106 1873 1174 imple-

289 1202 466 1266 batur,
504 1201 643 1270 quod
668 1199 734 1254 de
763 1200 853 1253 illo
882 1201 1142 1268 scriptum
1173 1209 1275 1261 est,
1319 1199 1464 1267 quod
1507 1212 1636 1265 puer
1665 1199 1870 1266 confor-

291 1291 506 1343 labatur
522 1292 735 1360 spiritu,
773 1301 820 1345 et
842 1291 1144 1358 proﬁciebat
1167 1291 1427 1358 sapientia
1456 1299 1504 1340 et
1532 1290 1707 1357 gratia
1729 1289 1868 1354 apud

291 1380 459 1435 Deum
489 1391 536 1436 et
572 1383 824 1448 homines,
863 1397 928 1436 eo
969 1382 1112 1451 quod
1159 1381 1346 1434 multis
1369 1379 1488 1433 talis
1513 1388 1632 1434 esse
1693 1379 1871 1432 decla-

289 1481 460 1526 retur.
492 1470 646 1526 Latet
667 1483 851 1528 autem
877 1483 1150 1542 parentes,
1187 1487 1256 1526 ne
1287 1475 1354 1526 ab
1378 1472 1457 1525 eis
1486 1471 1868 1541 prohiberetur

286 1563 556 1618 disserere
581 1578 704 1618 cum
755 1564 1105 1634 jurisperitis,
1143 1573 1203 1619 ut
1238 1565 1326 1634 qui
1366 1563 1574 1618 scirent
1604 1580 1730 1617 eum
1759 1578 1868 1618 non

283 1654 542 1709 didicisse
593 1655 824 1718 litteras.
859 1666 916 1711 et
939 1666 1219 1722 caverent,
1253 1673 1323 1710 ne
1361 1658 1636 1711 laberetur
1665 1657 1720 1709 in
1752 1671 1869 1710 ser-

285 1759 450 1798 mone
483 1764 496 1800 :
527 1757 621 1801 aut
647 1747 880 1802 fortasse
904 1764 1124 1811 cavens,
1183 1764 1252 1802 ne
1284 1749 1561 1803 videretur
1617 1757 1869 1815 parentes

283 1835 486 1889 habere
512 1839 865 1908 contemptui,
898 1855 964 1893 eo
985 1840 1130 1908 quod
1162 1855 1271 1892 non
1308 1841 1622 1907 parentibus
1651 1849 1869 1908 pareret

1978 656 2031 701 et
2055 662 2253 700 arcana
2282 647 2541 716 cognitio.
2565 647 2914 701 Conservabat
2949 649 3119 713 enim,
3160 649 3353 718 inquit,
3385 655 3563 707 omnia

1975 739 2125 791 verba
2161 740 2267 792 [nec
2291 741 2344 792 in
2377 740 2528 792 corde
2567 756 2660 793 suo
2683 740 2763 792 ³⁹ε
2798 740 2937 794 sicut
2979 741 3140 794 etiam
3167 743 3318 810 prius
3360 744 3413 796 in
3471 747 3565 799 ad-

1975 836 2145 882 ventu
2201 841 2505 899 pastorum,
2564 842 2619 884 et
2680 831 2743 884 iis
2793 846 2912 897 quae
2975 832 3046 883 illi
3102 833 3212 885 visa
3273 847 3328 887 et
3384 837 3562 889 audita

1977 922 2294 974 narrabant.
2324 922 2390 975 Et
2422 931 2552 976 tunc
2590 921 2763 977 Lucas
2799 923 3048 975 similiter
3070 923 3180 978 haec
3216 926 3397 979 omnia
3426 927 3565 981 dixit

1976 1009 2197 1064 Mariam
2229 1027 2572 1067 conservare.
2633 1014 2748 1066 Non
2808 1013 2951 1066 enim
2988 1015 3058 1076 ei,
3092 1026 3344 1083 tanquam
3402 1020 3562 1072 alicui

1975 1102 2171 1157 infanti
2222 1105 2559 1167 attendebat,
2629 1107 2722 1159 sed
2764 1122 2882 1173 quae
2947 1109 3286 1172 dicebantur,
3349 1108 3562 1176 plurimi

1973 1193 2203 1248 iaciebat
2232 1215 2245 1249 ε
2275 1205 2328 1249 et
2359 1195 2492 1248 nihil
2526 1207 2642 1250 erat
2681 1212 2741 1250 ex
2778 1198 2840 1249 iis
2866 1214 2985 1266 quae
3011 1200 3076 1252 ab
3109 1200 3225 1268 ipso
3245 1201 3565 1254 dicebantur

1974 1294 2030 1338 et
2070 1286 2290 1349 ﬁebant,
2348 1290 2490 1357 quod
2551 1305 2659 1342 non
2724 1305 2785 1342 ea
2840 1307 3035 1360 magno
3104 1295 3283 1347 studio
3345 1296 3563 1364 dignum

1973 1376 2217 1440 duceret,
2242 1387 2296 1430 et
2323 1380 2487 1433 corde
2514 1381 2800 1451 diligenter
2830 1367 3052 1447 celaret,
3085 1384 3395 1438 divinarum
3433 1403 3568 1454 qua-

1975 1470 2221 1522 rumdam
2281 1485 2463 1522 rerum
2528 1484 2582 1524 et
2649 1489 2972 1527 arcanarum
3037 1490 3101 1529 ea
3165 1491 3286 1530 esse
3331 1477 3566 1543 semina,

1974 1573 2174 1628 easque
2197 1561 2301 1614 illis
2331 1565 2738 1630 praemonstrari
2785 1577 2932 1621 recte
2961 1567 3230 1635 judicans.

2045 1652 2247 1708 XXVI.
2281 1654 2410 1708 Post
2456 1656 2573 1710 haec
2600 1657 2890 1728 baptisma,
2942 1670 3064 1728 post
3091 1663 3234 1729 quod
3303 1663 3565 1716 miracula

1974 1761 2191 1815 quoque
2218 1763 2233 1811 ;
2266 1749 2359 1802 sed
2396 1748 2414 1817 (
2441 1759 2500 1802 ut
2531 1751 2748 1804 divinus
2773 1753 2908 1804 dicit
2935 1752 3275 1822 Joannes“)
3310 1754 3362 1807 id
3420 1757 3564 1823 quod

1976 1841 2210 1904 primum
2238 1838 2470 1910 fecittin
2529 1842 2753 1911 nuptiis,
2789 1843 3033 1913 inquam,
3072 1858 3224 1913 aqua:
3274 1846 3326 1898 in
3379 1847 3566 1902 vinum

277 1926 602 1994 jubentibus
638 1943 701 1982 ea
753 1944 874 1997 quae
921 1939 1049 1982 sunt
1103 1929 1416 1983 hominibus
1459 1928 1870 1998 consequentia.
1908 1943 1947 1996 Β
1979 1929 2716 1998 mutationem)fecitMatre
2744 1939 3032 2002 praesente.
3065 1937 3154 1988 llla
3175 1937 3392 2004 quidem
3417 1948 3565 1992 certe

285 2014 418 2069 Vide
442 2025 644 2080 autem,
708 2018 1164 2084 quemadmodum
1211 2033 1274 2072 ea
1321 2018 1471 2083 facit,
1522 2035 1644 2088 qua:
1702 2033 1869 2088 puero

280 2112 643 2164 conveniunt.
682 2110 797 2166 Non
828 2113 974 2166 enim
1036 2114 1195 2166 docet
1247 2113 1604 2184 legisperitos.
1654 2113 1868 2167 etiamsi

280 2210 428 2255 esset
451 2203 820 2272 suppeditator
851 2206 1149 2273 sapientire,
1214 2207 1309 2257 sed
1358 2205 1508 2257 audit
1538 2215 1591 2257 et
1639 2206 1870 2258 interro-

279 2307 371 2366 gat
407 2313 421 2350 :
455 2307 745 2366 utrumque
776 2314 898 2351 cum
933 2312 1124 2365 magna
1173 2297 1458 2363 sapientia.
1494 2296 1598 2349 Sed
1640 2312 1736 2350 cur
1758 2311 1865 2349 non

282 2386 488 2451 primo,
557 2400 659 2437 nec
704 2384 968 2445 secundo,
1028 2385 1121 2438 sed
1200 2386 1359 2438 tertio
1415 2385 1704 2446 invenitur,
1774 2385 1863 2453 qui

279 2469 541 2535 quaeritur
588 2482 617 2520 a
671 2468 1031 2536 parentibus?
1073 2467 1208 2522 Hinc
1232 2468 1461 2523 fortasse
1507 2471 1862 2540 sepulturam,

278 2569 338 2612 et
367 2574 489 2628 qua:
516 2569 639 2629 post
662 2568 772 2614 tres
805 2560 921 2614 dies
962 2560 1144 2615 futura
1207 2574 1343 2630 erat,
1409 2566 1863 2617 resurrectionem

279 2637 730 2720 lirasignificans.
765 2648 919 2701 Tunc
943 2653 1109 2712 enim,
1142 2668 1263 2705 cum
1290 2657 1540 2721 sepulcro
1584 2664 1864 2710 contectus

276 2751 447 2803 esset,
479 2750 721 2810 apparet.

356 2853 556 2910 XXIV.
594 2855 700 2911 Sed
734 2859 1008 2927 quomodo
1048 2873 1237 2914 rursus
1301 2857 1471 2913 Mater
1510 2859 1862 2927 admirabilis,

276 2961 308 2997 a
353 2946 614 3002 maternis
649 2949 790 3002 victa
822 2950 1199 3014 visceribus,et
1241 2966 1362 3003 cum
1396 2967 1587 3021 magna
1617 2951 1867 3004 affectio-

277 3053 350 3090 ne
390 3048 546 3091 vocat
576 3038 794 3101 Filium,
822 3050 874 3093 et
899 3049 1150 3107 tanquam
1192 3043 1618 3109 reprehendens,
1648 3044 1867 3097 adducit

277 3144 424 3191 eam,
449 3145 568 3199 qua:
607 3145 730 3183 cum
762 3131 948 3185 dolore
987 3132 1172 3196 ﬁebat,
1228 3133 1680 3201 inquisitionem?
1709 3136 1862 3198 Ecce,

278 3222 494 3284 dicens,
537 3229 689 3288 pater
747 3232 865 3275 tuus
938 3233 986 3275 et
1039 3239 1131 3293 ego
1190 3223 1420 3274 dolentes
1503 3227 1861 3291 quaerebamus

1977 2021 2150 2088 prima
2195 2022 2449 2076 admonet
2493 2026 2681 2078 vinum
2713 2026 2925 2092 deesse,
2965 2026 3101 2080 Filio
3133 2030 3382 2097 praebens
3409 2046 3565 2084 occa-

1978 2112 2187 2167 sionem
2255 2125 2310 2169 et
2339 2118 2618 2171 materiam
2659 2119 2891 2173 faciendi
2925 2122 3267 2174 miraculum.
3299 2123 3350 2175 ls
3383 2133 3563 2177 autem

1976 2208 2224 2272 quamvis
2277 2223 2419 2275 (egre
2461 2209 2603 2261 ferre
2661 2213 2964 2274 videbatur,
2997 2220 3050 2264 et
3087 2215 3205 2266 ideo
3271 2230 3561 2269 recusare:

1976 2294 2104 2349 facit
2137 2307 2314 2350 tamen
2341 2314 2404 2352 ea
2457 2314 2576 2368 qua:
2607 2316 2635 2352 a
2681 2301 2849 2355 Matre
2907 2305 3360 2372 suggerebantur,
3396 2310 3566 2360 hono-

1976 2400 2102 2439 raus
2124 2389 2347 2443 omnino
2378 2401 2440 2444 ut
2473 2390 2722 2458 Matrem,
2750 2405 2805 2446 et
2841 2389 3004 2447 veluti
3040 2395 3088 2448 ei
3122 2398 3354 2451 reddens
3416 2417 3562 2452 mer-

1977 2480 2187 2545 cedem,
2219 2485 2361 2551 quod
2392 2486 2570 2554 ipsum
2604 2485 2656 2537 in
2691 2487 2812 2541 alvo
2842 2491 3160 2557 gestaverit.
3199 2490 3335 2544 Vide
3378 2498 3559 2548 autem

1977 2571 2065 2626 hic
2093 2590 2308 2643 quoque
2340 2577 2431 2630 Dei
2491 2578 2676 2632 Matris
2712 2581 2979 2648 insignem
3047 2583 3476 2638 moderationem
3512 2598 3565 2639 et

1974 2668 2343 2731 prudentiam.
2392 2667 2506 2722 Nec
2564 2671 2712 2723 enim
2761 2673 2919 2739 jubet
2975 2673 3255 2738 audacter,
3303 2685 3559 2745 tanquam

1975 2753 2144 2810 Mater
2176 2757 2336 2823 Filio,
2369 2770 2428 2813 ut
2452 2761 2616 2814 faciat
2647 2762 2992 2828 miraculum,
3045 2767 3140 2818 sed
3171 2781 3294 2819 eum
3357 2775 3565 2822 solum-

1975 2850 2138 2904 modo
2170 2853 2449 2919 admonet,
2473 2854 2637 2923 idque
2667 2870 2789 2908 cum
2823 2858 3053 2924 quadam
3085 2873 3278 2928 magna
3303 2875 3562 2914 reveren-

1975 2943 2046 2997 tia
2083 2953 2137 2997 et
2170 2946 2552 3011 submissione,
2584 2958 2640 3001 et
2668 2958 2931 3016 quantum
2963 2950 3237 3006 suiliceret
3278 2955 3343 3007 ad
3408 2971 3563 3009 suam

1973 3034 2350 3090 declarandam
2387 3038 2738 3093 voluntatem.
2783 3041 2920 3104 Quid
2959 3043 3103 3094 enim
3138 3048 3390 3112 est,quod
3433 3049 3565 3102 dicit

1976 3125 2150 3180 Filio?
2207 3127 2395 3183 Vinum
2431 3147 2530 3184 non
2573 3132 2781 3184 habent.
2833 3132 2966 3185 Nam
2991 3136 3090 3187 etsi
3126 3149 3190 3187 ea
3233 3137 3379 3190 illum
3442 3154 3565 3194 esse

1973 3230 2132 3271 suum
2166 3223 2532 3287 cognoscebat
2595 3223 2811 3288 Filium,
2861 3240 2967 3278 non
3032 3225 3313 3295 ignorabat
3381 3239 3561 3284 tamen

277 3319 328 3363 te
347 3312 388 3342 ³⁷
415 3350 428 3363 .
480 3310 548 3367 Et.
580 3309 700 3368 ideo
739 3330 862 3369 cum
897 3315 982 3368 illa
1012 3291 1243 3368 disisset
1277 3315 1344 3366 de
1381 3322 1558 3381 patre,
1605 3324 1864 3382 tanquam
1892 3291 1935 3353 (ἶ
1971 3321 2095 3359 eum
2130 3323 2249 3362 esse
2294 3323 2452 3363 suum
2478 3327 2693 3380 quoque
2741 3312 3078 3367 eﬂ'ectorcm.
3124 3317 3186 3368 Et
3234 3320 3354 3370 ideo
3396 3317 3559 3374 simul

277 3405 348 3460 de
379 3421 444 3460 eo
464 3408 556 3476 qui
603 3408 911 3472 videbatur,
972 3407 1229 3461 Christus
1282 3405 1445 3458 veluti
1489 3406 1767 3473 corrigens
1817 3407 1868 3460 id

275 3499 424 3566 quod
455 3500 653 3552 dictum
682 3499 878 3562 fuerat,
900 3499 1035 3554 dicit
1065 3500 1131 3553 de
1161 3514 1247 3560 eo,
1297 3499 1388 3567 qui
1418 3508 1504 3553 est
1531 3514 1655 3552 vere
1691 3506 1864 3566 pater,

275 3595 331 3646 ei
361 3594 641 3645 veritatem
675 3604 938 3646 revocans
969 3593 1024 3642 in
1066 3592 1404 3654 memoriam,
1441 3601 1495 3643 et
1547 3593 1863 3660 providens,

280 3684 467 3736 utnon
502 3683 651 3737 humi
679 3691 883 3753 serpat,
916 3683 1010 3736 sed
1048 3684 1099 3735 in
1130 3683 1298 3734 altum
1321 3682 1609 3735 extollatur
1642 3701 1654 3736 :
1683 3682 1867 3735 Nesci-

271 3778 366 3839 tis,
403 3777 610 3841 dic'ens,
667 3780 803 3845 quod
838 3793 918 3830 me
949 3785 1144 3845 oportet
1197 3791 1304 3829 esse
1359 3778 1410 3827 in
1453 3777 1514 3828 iis
1561 3791 1676 3845 qua:
1746 3786 1864 3828 sunt

276 3868 460 3922 Patris
493 3872 593 3922 mei
614 3871 696 3922 ³⁸2)
740 3869 830 3923 Sic
864 3885 924 3924 se
950 3870 1190 3923 ostendit
1255 3871 1422 3922 Deum
1471 3885 1593 3924 esse
1648 3879 1860 3933 natura,

277 3963 546 4030 siquidem
568 3962 738 4016 Filius
757 3963 998 4032 ejusdem
1021 3973 1101 4016 est
1133 3971 1340 4015 naturae
1363 3977 1487 4014 cum
1518 3961 1695 4013 Patre.
1719 3961 1864 4024 Quo-

274 4055 424 4106 niam
456 4065 634 4105 autem
674 4054 805 4105 illud
839 4055 1098 4122 templum
1127 4053 1303 4105 Patris
1351 4061 1486 4116 erat,
1514 4051 1566 4103 in
1628 4051 1692 4104 iis
1743 4067 1863 4120 quae

274 4155 408 4197 sunt
437 4143 611 4198 Patris
653 4144 744 4198 ille
777 4145 1107 4198 versabatur.
1143 4143 1297 4208 Quod
1345 4146 1572 4198 verbum
1621 4145 1861 4197 nondum

279 4235 632 4292 manifestum
669 4239 777 4292 illis
832 4247 970 4292 erat.
1005 4237 1099 4290 ille
1157 4248 1339 4291 autem
1399 4237 1681 4290 descendit
1738 4253 1860 4290 cum

277 4331 437 4385 eisin
473 4331 761 4396 Nazareth,
794 4341 849 4384 et
891 4330 1091 4384 mansit
1128 4331 1208 4384 eis
1243 4331 1545 4397 subjectus,
1577 4345 1641 4382 ex
1673 4345 1731 4382 se
1760 4331 1861 4382 do-

282 4439 420 4480 cens
453 4424 722 4478 bonorare
758 4431 1031 4492 parentes,
1064 4431 1119 4476 et
1147 4421 1292 4491 quod
1325 4423 1438 4491 ipse
1465 4422 1723 4490 jusserat,
1758 4423 1861 4476 hoc

276 4516 484 4583 primus
535 4515 811 4582 impletis;
868 4515 1140 4566 honorare
1188 4527 1368 4568 autem
1448 4516 1670 4568 omnino
1742 4526 1861 4584 post

1972 3399 2187 3467 quidem
2238 3403 2426 3456 volens
2472 3405 2782 3468 ostendere,
2836 3407 3119 3474 cujusnam
3171 3419 3316 3462 esset
3366 3409 3557 3476 Mater,

1971 3502 2026 3545 et
2051 3491 2210 3546 simul
2241 3494 2403 3548 etiam
2434 3493 2634 3547 referre
2666 3497 2889 3561 gratiam
2927 3498 2992 3548 iis
3030 3500 3122 3564 qui
3155 3498 3543 3565 invitaveraut,

1970 3587 2269 3654 prudenter
2294 3587 2344 3641 ei
2381 3588 2616 3659 suggerit
2647 3588 2892 3641 miraculi
2930 3589 3300 3643 elfectionem.
3353 3591 3559 3648 Deinde

1969 3679 2132 3730 etiam
2157 3679 2420 3731 ministris
2449 3699 2462 3732 :
2496 3679 2867 3749 Quodcumque
2919 3684 3134 3747 dixerit,
3158 3683 3364 3753 inquit,
3393 3687 3555 3746 vobis,

1969 3767 2256 3837 facite,hoc
2289 3768 2475 3822 dicens
2507 3771 2573 3821 de
2604 3769 2774 3833 Filio;
2812 3772 2924 3837 jam
2973 3773 3117 3823 enim
3177 3777 3431 3828 veniebat
3487 3777 3555 3829 ad

1970 3861 2215 3911 notitiam
2241 3860 2454 3913 virtutis
2483 3861 2628 3926 Filii,
2650 3876 2706 3915 ut
2733 3878 2851 3932 quae
2876 3864 3098 3918 vidisset
3125 3866 3287 3917 multa
3315 3868 3557 3920 admira-

1967 3951 2108 4016 bilia,
2138 3968 2257 4018 quae
2305 3954 2467 4005 etiam
2503 3955 2760 4021 paulatim
2799 3956 2853 4006 in
2895 3958 3059 4008 corde
3123 3959 3457 4023 conferebat,
3499 3971 3559 4014 ut

1969 4055 2112 4096 recte
2140 4045 2494 4111 cognovimus
2521 4058 2585 4096 ex
2613 4044 2678 4096 iis
2720 4059 2842 4125 quae
2875 4059 3299 4112 praecesserunt.

2039 4134 2259 4190 XXVII.
2299 4136 2566 4201 Quoniam
2596 4147 2908 4191 autemnon
2959 4139 3068 4193 alio
3130 4144 3338 4209 spectat
3388 4157 3555 4211 argu-

1966 4239 2208 4282 mentum
2244 4233 2607 4298 propositum,
2666 4245 2829 4298 quam
2868 4232 3042 4282 solum
3101 4233 3167 4284 ad
3215 4236 3554 4288 ostendenda

1966 4321 2201 4391 Virginis
2245 4322 2530 4390 magnalia,
2565 4320 2665 4373 erit
2700 4325 2805 4373 hoc
2857 4336 3075 4388 quoque
3141 4338 3309 4375 unum
3368 4340 3433 4376 ex
3490 4326 3555 4378 iis

1963 4428 2080 4481 qua:
2106 4413 2258 4465 illius
2280 4423 2408 4467 sunt
2437 4414 2578 4466 bona
2607 4423 2661 4466 et
2698 4417 2980 4483 praetera,
3040 4416 3085 4467 si
3142 4417 3551 4470 ostenderimus

1965 4521 2082 4559 eam
2118 4506 2288 4558 fuisse
2313 4516 2576 4575 perpetuo
2604 4516 2869 4559 versatam
2893 4522 3015 4560 cum
3052 4505 3211 4570 Filio,
3241 4519 3296 4562 et
3327 4510 3376 4563 ei
3408 4525 3552 4563 sem-

278 4606 472 4670 Deum,
533 4605 746 4675 inisque
818 4621 937 4660 esse
1005 4606 1400 4676 praferendum
1475 4608 1567 4659 Dei
1629 4608 1855 4661 cultum,
1892 4615 2063 4683 Dper
2092 4598 2381 4664 assedisse,
2419 4607 2474 4652 et
2497 4614 2598 4653 nec
2650 4599 2702 4651 in
2779 4610 3020 4666 tempore
3075 4601 3293 4666 quidem
3365 4617 3546 4654 rerum

273 4701 402 4752 ideo
431 4698 578 4753 enim
617 4699 698 4753 eis
730 4697 950 4762 relictis,
978 4700 1032 4752 in
1067 4700 1268 4769 templo
1303 4707 1660 4762 remanserat,
1680 4706 1862 4752 osten-

273 4793 413 4846 dens
457 4791 550 4845 Dei
601 4805 841 4843 amorem
885 4792 1115 4844 naturali
1158 4802 1212 4844 et
1267 4801 1495 4862 paterno
1547 4791 1859 4845 validiorem

271 4898 397 4936 csse
433 4883 656 4937 debere.

349 4969 490 5024 XXV
511 5012 524 5024 .
553 4971 657 5027 Sed
674 4973 799 5027 mihi
829 4987 1016 5025 rursus
1040 4971 1149 5043 (l2)
1180 4971 1300 5025 vide
1331 4973 1616 5025 mulierum
1642 4971 1860 5040 sapien-

348 5136 392 5166 ³⁷
429 5135 543 5191 Luc
577 5149 634 5201 tt,
665 5133 754 5189 48.
832 5133 876 5165 ³⁸
907 5132 1038 5188 ibid.
1075 5135 1164 5189 49.
1241 5133 1284 5165 ⁸³
1313 5132 1444 5189 ibid.
1467 5132 1555 5186 51.

347 5297 460 5366 (12)
490 5301 598 5354 Τοῦ
629 5295 1081 5365 Μεταφραστοῦ.
1121 5289 1263 5361 ’⁸0ροί
1300 5311 1391 5363 μοι
1443 5295 1537 5347 καὶ
1570 5288 1723 5354 αὖθις
1759 5293 1857 5360 τὴν

273 5391 604 5460 σοφωτάτην
632 5389 905 5459 γυναικῶν
930 5388 1148 5458 Μαρίαν
1170 5401 1181 5414 ⁸
1207 5385 1305 5455 τὴν
1340 5387 1550 5456 μητέρα
1569 5386 1665 5452 τῆς
1690 5383 1858 5448 ὅντως

274 5483 473 5552 σοφίας
502 5486 595 5535 καὶ
617 5485 929 5556 ἀπορρήτου
960 5484 1232 5548 γνώσεως.
1257 5479 1516 5545 Διετιὶρει
1545 5481 1673 5549 γὰρ,
1701 5482 1853 5548 φησὶ,

271 5577 478 5632 πάντα
540 5575 611 5628 τὰ
651 5578 892 5644 ῥήματα
935 5573 1122 5627 ταῦτα
1161 5576 1230 5626 ἐν
1273 5571 1346 5640 τῇ
1385 5572 1597 5640 καρδίᾳ
1642 5570 1854 5637 αὐτῆς,

271 5673 467 5740 ὥσπερ
492 5669 555 5738 δὴ
580 5669 673 5721 καὶ
697 5671 957 5738 πρότερον
986 5668 1076 5720 ἐπὶ
1108 5671 1174 5737 τῇ
1209 5666 1313 5719 τῶν
1342 5667 1613 5733 ποιμένων
1635 5667 1858 5717 ἐπιστα-

275 5767 396 5834 σίᾳ,
454 5764 545 5816 καὶ
572 5758 653 5821 οἷς
688 5763 886 5814 ἐκείνοι
921 5763 1225 5831 ἑωρακότες
1261 5761 1356 5812 καὶ
1407 5760 1734 5819 ἀκούσαντες
1769 5760 1856 5824 ἐξ.

273 5855 572 5924 ηγὸρευον.
609 5854 715 5906 Καὶ
737 5855 856 5904 τότε
891 5856 996 5921 γὰρ
1041 5854 1213 5908 ταῦτα
1247 5853 1424 5904 πάντα
1457 5853 1489 5921 ἡ
1520 5849 1706 5919 Μαρία
1739 5867 1865 5901 συν-

1966 4692 2334 4754 adversarum,
2368 4705 2468 4743 nec
2509 4691 2563 4742 in
2607 4689 2862 4744 Passione
2911 4691 3078 4745 fuisse
3123 4692 3190 4745 ab
3233 4707 3297 4745 eo
3325 4707 3547 4760 separa-

1967 4799 2098 4846 tam,
2126 4784 2342 4851 quando
2367 4792 2422 4836 et
2465 4781 2731 4852 discipuli,
2795 4793 2848 4837 et
2878 4785 3057 4848 amici,
3108 4799 3162 4838 et
3192 4800 3380 4838 omnes
3410 4789 3545 4848 noti,

1967 4879 2054 4930 alii
2088 4876 2304 4944 quidem
2327 4875 2444 4944 ipso
2474 4876 2697 4928 omnino
2738 4877 2950 4929 relicto.
2984 4892 3041 4930 se
3069 4878 3124 4931 in
3154 4881 3320 4950 pedes
3365 4882 3548 4947 coitje-

1968 4976 2160 5022 cerunt
2179 4986 2191 5021 :
2212 4967 2301 5023 alii
2325 4983 2471 5032 vero,
2501 4983 2622 5020 cum
2647 4968 2923 5037 paululum
2942 4980 3364 5037 exspectassent,
3385 4985 3548 5038 nega-

1635 5134 1680 5164 ⁶⁰
1707 5133 1862 5188 Joan.
1890 5149 1951 5200 tr,
1976 5135 2000 5188 1
2027 5149 2177 5202 seqq.

1966 5296 2174 5362 ετήρει·
2208 5294 2267 5344 οὐ
2297 5292 2404 5361 γὰρ
2439 5292 2514 5353 ὡς
2547 5290 2746 5361 παιδίῳ
2775 5291 2880 5343 τινὶ
2911 5295 3218 5361 προσεῖχεν·
3251 5292 3385 5347 ἀλλὰ
3418 5298 3545 5364 mp‘:

1965 5387 2218 5438 πλείστου
2264 5385 2332 5436 τὰ
2381 5384 2651 5454 λεγόμενα
2693 5386 2949 5449 ἐποιεῖτο,
2991 5385 3084 5436 καὶ
3138 5385 3287 5437 οὐδὲν
3323 5382 3390 5448 ἦν
3437 5385 3547 5438 τῶν

1968 5477 2098 5546 παρ’
2137 5477 2302 5529 αὑτοῦ
2354 5477 2688 5546 λεγομένων,
2735 5475 2764 5527 ὂ
2804 5476 2879 5546 μὴ
2927 5477 3077 5542 ἄξιον
3122 5476 3260 5545 αὑτὴ
3311 5479 3544 5546 σπουδῆς

1965 5571 2223 5634 ἐποιεῖτο,
2253 5570 2346 5622 καὶ
2378 5574 2456 5632 είς
2489 5570 2714 5638 καρδίαν
2748 5571 3017 5634 ἔκρυπτεν
3051 5569 3342 5638 ἐμμελῶς,
3374 5573 3543 5638 σπέρ-

1968 5679 2112 5733 ματα
2159 5660 2300 5717 εἶναι
2338 5662 2498 5715 ταυτὶ
2553 5667 2646 5716 καὶ
2693 5662 2987 5732 μηνύματα
3041 5662 3199 5715 θείων
3241 5663 3402 5716 τινῶν
3452 5666 3545 5716 καὶ

1965 5756 2292 5824 ἀπορρήτων
2327 5756 2688 5825 πραγμάτων,
2710 5754 2888 5818 καλῶς
2907 5756 3164 5825 κρίνουσα
3184 5760 3222 5808 ⁸.

394 5991 501 6043 lluc
547 6009 700 6058 usque
738 5993 1096 6057 Metapbrastcs
1122 5994 1168 6044 in
1213 5996 1391 6047 Catena
1430 5995 1592 6045 Grzeca
1628 5999 1816 6043 textura
1856 5996 2075 6048 Latinum
2105 5998 2278 6060 partim
2308 5999 2655 6054 repraesentat:
2684 5994 2726 6043 in
2752 5992 3078 6057 sequentibus
3103 5990 3299 6040 omnino
3324 5988 3528 6043 abludit.
