4226 6436
712 404 813 473 551

1962 400 2244 460 MENSIS
2289 400 2439 460 AUG
2455 401 2715 463 USTUS.

3844 407 3968 472 552

707 531 920 577 verunt.
979 520 1161 587 Itaque
1204 516 1453 587 quoniam
1509 516 1621 568 inec
1685 514 1753 567 ita
1778 528 1833 566 se
1884 514 2102 577 habent,
2170 512 2289 565 aliis
2322 518 2362 572 A
2398 516 2559 567 modo
2589 530 2695 567 non
2728 515 2780 569 in
2812 516 2927 584 eius
2954 518 3129 585 potius
3158 520 3342 574 carnis
3372 522 3473 573 tela
3498 522 3933 576 immittebantur
3964 518 3989 570 .’

711 616 933 675 relictis,
970 627 1070 666 nos
1120 626 1180 664 ea
1231 610 1493 663 dicamus.
1532 608 1664 660 Cum
1719 605 1859 659 enim
1908 616 2119 673 tempus
2176 606 2287 673 jam

708 707 921 761 adesset
951 702 1250 768 Passionis,
1279 712 1332 754 et
1361 700 1448 752 ille
1466 698 1702 767 seipsmn
1749 699 2003 761 traderet,
2040 708 2094 751 et
2125 708 2290 751 staret

709 795 967 850 inmedio
994 808 1178 845 eorum
1207 792 1298 860 qui
1360 792 1414 843 in
1462 805 1586 843 eum
1643 791 1843 843 caedem
1895 790 2192 858 spirabant,
2237 798 2291 842 et

708 888 819 954 jam
851 884 1211 936 abduceretur
1239 882 1304 934 ad
1331 879 1581 942 Pilatum,
1608 892 1659 933 et
1689 891 1813 933 ante
1839 880 2099 947 Caipham
2130 881 2291 932 siste-

721 987 889 1037 retur,
921 985 974 1027 et
1017 974 1082 1026 ad
1122 973 1390 1025 Herodem
1440 972 1745 1024 mitteretur
1782 971 2189 1033 examinandos,
2240 977 2294 1022 ct

714 1070 931 1122 tandem
964 1067 1017 1117 in
1052 1080 1173 1117 eum
1197 1063 1427 1117 ferretur
1450 1063 1738 1124 sententia,
1770 1072 1824 1115 et
1848 1077 2006 1116 cruce
2035 1063 2290 1115 condem-

715 1166 951 1216 naretur,
992 1155 1179 1218 Mater,
1221 1155 1362 1207 sicut
1410 1155 1463 1206 in
1516 1154 1635 1207 aliis
1674 1153 1963 1223 superabat
1994 1152 2292 1215 mulierem,

720 1252 792 1303 ita
848 1249 1009 1301 etiam
1074 1247 1162 1300 hic
1211 1260 1426 1314 quoque
1476 1246 1688 1297 videtur
1742 1245 2022 1313 plusquam
2084 1243 2292 1306 mulier,

716 1355 837 1409 qua:
864 1339 931 1391 ab
962 1337 1051 1389 illo
1107 1335 1327 1389 minime
1361 1334 1586 1395 recedit,
1641 1334 1732 1387 sed
1765 1335 1983 1403 propius
2036 1333 2294 1401 sequeba-

720 1440 829 1490 tur,
863 1428 999 1481 nihil
1034 1428 1230 1480 timens
1254 1426 1396 1493 quod
1426 1434 1573 1478 esset
1608 1424 1978 1478 formidabile:
2022 1439 2127 1476 non
2158 1423 2297 1491 quod

721 1530 927 1574 tantum
966 1520 1221 1572 maternis
1256 1519 1561 1571 vinceretur
1592 1518 1908 1578 viSeeribus,
1942 1533 2100 1584 quam
2158 1516 2299 1585 quod

722 1614 900 1683 potius
943 1611 1123 1665 divino
1182 1611 1527 1665 induceretur
1574 1608 1801 1678 judicio,
1861 1609 1998 1661 adeo
2052 1617 2109 1660 ut
2169 1609 2301 1662 alias

717 1719 931 1772 quoque
967 1704 1101 1756 duas
1149 1701 1418 1761 mulieres,
1474 1702 1628 1762 duas,
1681 1700 1919 1767 inquatn,
1975 1698 2192 1759 Marias,
2242 1706 2301 1750 ut

719 1802 875 1847 docet
940 1792 1285 1861 Evangelium
1308 1790 1352 1820 “
1377 1830 1391 1854 ,
1431 1791 1500 1843 ad
1559 1790 1662 1843 hoc
1720 1790 1999 1843 adhortata
2026 1790 2114 1851 sit,
2155 1797 2208 1841 et
2248 1799 2303 1841 ut

720 1899 903 1937 secum
948 1892 1277 1944 versaretur,
1327 1878 1655 1949 persuaserit
1684 1896 1697 1931 :
1738 1888 1797 1932 ut
1825 1894 1942 1947 qua:
1971 1887 2153 1931 essent
2182 1876 2303 1929 forti

720 1988 774 2029 et
803 1988 1064 2045 generoso
1093 1974 1292 2034 animo,
1321 1982 1374 2025 et
1406 1972 1604 2025 vellent
1632 1970 1909 2024 adlimrere
1936 1971 2061 2024 huic
2082 1984 2301 2039 sponso,

721 2073 811 2135 qui
845 2083 949 2119 non
977 2066 1210 2125 videtur,
1239 2073 1294 2117 et
1317 2074 1492 2116 tamen
1517 2077 1640 2115 cum
1666 2078 1771 2115 non
1801 2074 2073 2127 cernatur,
2110 2076 2309 2131 appro-

723 2161 963 2229 pinquat.
996 2156 1161 2209 Erant
1199 2155 1364 2217 enim,
1399 2153 1592 2221 inquit,
1620 2154 1873 2206 mulieres
1921 2169 2155 2222 quoque,
2188 2169 2307 2222 quas

726 2252 1199 2321 consequebantur
1268 2264 1297 2302 a
1355 2247 1593 2308 Galilaza,
1618 2257 1670 2300 et
1704 2246 2083 2299 ministrabant
2110 2247 2181 2298 ei.
2234 2247 2305 2299 Ea

726 2344 935 2397 ratione
986 2341 1238 2395 videntur
1301 2354 1369 2392 ne
1421 2336 1659 2391 abfuisse
1716 2337 1931 2404 quidem
2000 2350 2026 2387 a
2070 2346 2310 2404 tempore

729 2434 1130 2504 mysteriorum,
1163 2430 1257 2483 sed
1312 2445 1432 2482 cum
1477 2428 1758 2483 duodecim
1806 2427 2025 2496 quidem
2089 2428 2311 2481 minime

724 2528 1070 2592 accubuisse,
1109 2525 1272 2578 fuisse
1309 2533 1488 2577 tamen
1522 2524 1639 2591 ejus
1688 2524 1882 2576 domus
1915 2532 2310 2591 consequenter

729 2621 1040 2691 participes.
1072 2618 1203 2671 Nam
1252 2617 1551 2685 discipulos
1580 2614 1819 2683 quidem,
1881 2630 2003 2667 cum
2052 2616 2306 2684 mysteria

728 2722 783 2766 et
817 2711 1136 2765 humilitatis
1166 2723 1390 2762 summae
1414 2706 1649 2759 traderet
1700 2706 2021 2771 doctrinam,
2050 2721 2156 2759 una
2211 2707 2309 2758 ha-

729 2802 847 2856 buit
900 2800 1323 2865 accumbentes;
1386 2798 1607 2853 Matrem
1673 2808 1852 2850 autem
1909 2798 2069 2866 jussit
2126 2811 2310 2848 curam

725 2908 914 2963 gerere
942 2892 1251 2955 mulierum,
1283 2906 1401 2957 qu:e
1455 2889 1852 2950 ministrabant,
1904 2898 2154 2955 tanquam
2216 2902 2313 2956 per

728 3001 845 3037 eam
879 2984 1051 3052 ipsam
1086 2982 1233 3049 ipsas
1285 2979 1515 3049 benigne
1563 2980 1859 3048 accipiens,
1920 2992 1975 3033 et
2012 2980 2311 3049 adimplens

728 3075 963 3130 ofﬁcium
996 3072 1367 3134 humanitatis,
1400 3082 1454 3125 et
1480 3070 1637 3124 simul
1674 3086 1797 3125 cum
1854 3071 1932 3126 eis
1985 3086 2228 3133 vesceus.
2258 3083 2310 3125 et

730 3171 809 3223 sic
842 3184 939 3236 pro
965 3167 1267 3220 ministerio
1309 3166 1387 3219 eis
1422 3166 1667 3218 referens
1700 3165 1948 3234 gratiam.

799 3256 1034 3311 XXVIII.
1096 3254 1185 3310 Sic
1218 3263 1396 3309 autem
1429 3269 1533 3307 una
1570 3268 1787 3320 quoque
1838 3253 2076 3319 ingressa
2113 3264 2195 3305 cst
2257 3250 2308 3303 in

730 3352 929 3404 atrium
987 3351 1158 3401 Anna:
1215 3357 1269 3399 et
1326 3345 1565 3412 Caiphae,
1629 3356 1859 3396 cernens
1892 3341 2312 3411 unumquodque

730 3455 919 3494 eorum
962 3454 1081 3508 qua:
1103 3437 1449 3507 gerebantur,
1484 3444 1537 3488 et
1570 3433 1712 3503 apud
1756 3450 1879 3487 eum
1938 3434 2155 3501 quidem
2205 3446 2317 3483 ma-

732 3547 888 3593 nens,
921 3532 1045 3583 dum
1067 3530 1443 3599 judicaretur:
1481 3543 1586 3579 una
1616 3536 1794 3577 autem
1838 3524 2149 3592 proﬁciens,
2188 3523 2314 3576 dum

732 3623 1091 3675 abduceretur
1163 3620 1230 3672 ad
1310 3627 1567 3680 mortem,
1634 3630 1932 3684 eorumque
1987 3616 2076 3684 qui
2143 3614 2313 3679 ibant,

733 3728 985 3785 egressus
1014 3720 1067 3765 et
1121 3712 1391 3780 ingressus
1442 3708 1816 3767 considerans,
1848 3716 1903 3758 et
1950 3706 2195 3759 omnium
2221 3719 2315 3757 ora

732 3806 1036 3865 attendens,
1058 3813 1117 3856 ut
1144 3805 1327 3861 sciret.
1361 3816 1608 3868 quamam
1648 3801 1700 3849 in
1732 3814 1856 3851 eum
1892 3796 2130 3850 ferretur
2191 3811 2317 3851 sen-

738 3897 910 3951 tentia
940 3913 951 3946 :
988 3896 1206 3962 quinam
1253 3908 1377 3946 vero
1399 3899 1554 3945 erant
1604 3890 1640 3942 ii
1670 3890 1759 3959 qui
1786 3891 1833 3943 ei
1862 3890 2316 3951 assentiebautur,

739 3999 831 4042 aut
856 3986 947 4055 qui
977 3985 1466 4054 reprehendebant.
1501 3981 1643 4035 Nulli
1696 3981 1844 4034 enim
1879 3981 2175 4033 obscurum
2214 3987 2317 4041 est,

733 4093 853 4131 eam
878 4077 991 4129 haec
1014 4074 1213 4127 vidisse
1240 4072 1441 4134 omnia,
1464 4071 1902 4139 quandoquidem
1929 4068 1981 4121 in
2008 4084 2169 4122 cruce
2190 4085 2322 4138 quo.

736 4184 841 4238 que
870 4181 974 4220 una
1007 4166 1209 4228 aderat,
1239 4163 1455 4232 quando
1484 4166 1548 4217 ab
1576 4163 1693 4232 ipso
1728 4162 1989 4217 crucilixo
2026 4161 2163 4215 Filio
2219 4162 2323 4215 I'uit

738 4256 1114 4311 commendata
1166 4253 1452 4321 discipulo.
1483 4254 1547 4306 Et
1604 4255 1727 4307 ideo
1789 4253 1914 4306 licet
1956 4253 2320 4313 considerare,

738 4348 1043 4417 cuiusmodi
1091 4347 1178 4398 illa
1209 4353 1376 4409 esset,
1414 4361 1532 4411 qua:
1566 4344 1679 4398 haec
1718 4345 1953 4397 difﬁcilia
1983 4346 2237 4397 cernebat
2271 4355 2324 4397 et

742 4438 989 4501 molesta,
1043 4436 1341 4499 illusiones,
1384 4434 1615 4505 ﬂagella,
1670 4434 1868 4503 alapas,
1909 4451 2158 4509 purpura:
2188 4438 2323 4489 ami—

2393 619 2449 660 ut
2483 607 2645 660 etiam
2671 608 2794 662 hinc
2825 608 2983 662 ﬁnem
3012 611 3300 678 acciperet,
3333 613 3475 681 quod
3500 616 3709 669 dixerat
3729 616 3987 669 admira-

2393 701 2514 756 bilis
2550 702 2767 755 Simeon
2792 719 2803 752 :
2843 705 3006 754 Tuam
3034 720 3234 773 quoque
3264 706 3419 770 ipsius
3437 707 3670 758 animant
3692 717 3949 774 perlrans
3970 738 3985 748 -

2392 795 2485 846 ibit
2529 791 2735 864 gladius
2761 794 3120 858 “.Ouomodo
3168 798 3446 865 sanguinis
3496 800 3659 868 guttis
3696 800 3982 853 eﬁlucnti-

2394 888 2494 941 bus
2525 904 2629 940 non
2651 888 2953 941 acerbiores
2974 889 3330 958 lacrymarum
3363 893 3706 958 aquanluctus
3733 891 3988 945 fluebant

2394 997 2460 1035 ex
2513 981 2657 1034 illius
2713 980 2921 1037 oculis?
2974 983 3256 1046 Quomodo
3305 983 3451 1036 illum
3507 986 3625 1037 tulit
3686 985 3863 1039 videre
3923 986 3983 1038 in

2396 1090 2557 1128 cruce
2582 1075 2900 1137 distentum,
2923 1075 3116 1143 ipsam,
3140 1078 3407 1145 eteosqui
3427 1078 3671 1135 aderant.
3699 1079 3985 1145 aspicien-

2399 1176 2503 1221 tem
2552 1176 2775 1235 aspectu
2825 1166 3260 1236 benignissimo?
3306 1167 3446 1231 Quid
3492 1183 3620 1223 vero
3669 1170 3986 1233 irrisiones,

2398 1259 2523 1327 quid
2560 1259 2721 1326 impia
2777 1260 3171 1313 transeuntium
3244 1270 3562 1325 scommata,
3641 1262 3986 1332 ingratorum

2401 1353 2874 1416 subsannationcs,
2922 1354 3113 1422 probra
3157 1369 3344 1408 eorum
3379 1356 3469 1423 qui
3515 1356 3988 1409 circumstabant?

2401 1445 2530 1510 Qute
2560 1445 2777 1513 quidem
2810 1445 2991 1498 omnia
3032 1461 3150 1499 eam
3203 1448 3717 1502 transverberabant
3752 1448 3988 1515 profun-

2404 1539 2547 1598 dius.
2580 1554 2741 1606 quam
2771 1537 2862 1590 ulli
2899 1528 3054 1590 clavi.
3094 1537 3158 1591 Et
3216 1540 3707 1595 innumerabilibus
3751 1543 3986 1609 quidem

2404 1631 2575 1701 plagis
2626 1630 3007 1684 sauciabatur:
3072 1630 3305 1683 stimulis
3332 1640 3513 1685 autem
3566 1633 3989 1686 confodiebatur

2405 1722 2910 1776 innumerabilibus.
2946 1722 3059 1775 Hoc
3104 1736 3234 1775 vero
3281 1734 3397 1775 erat
3437 1723 3485 1775 ei
3536 1724 3778 1775 onmium
3813 1726 3989 1777 mole-

2338 1853 2378 1909 Β
2407 1818 2727 1879 stissimum,
2759 1818 2900 1885 quod
2923 1819 2988 1871 ad
3012 1818 3159 1870 illum
3194 1818 3412 1886 quidem
3446 1820 3727 1878 accedere,
3754 1829 3811 1872 et
3853 1835 3988 1872 eum

2406 1912 2604 1978 alloqui
2637 1911 2873 1972 sitiebat,
2910 1910 3274 1981 repellebatur
3322 1922 3502 1966 autem
3556 1928 3584 1966 a
3639 1912 3990 1965 multitudine

2406 2017 2600 2054 canum
2645 2017 2760 2056 eam
2792 2003 3284 2058 circumstantium.
3318 1998 3410 2056 Sic
3449 2003 3593 2056 enim
3627 2002 3845 2057 divinus
3896 2002 3991 2055 illo

2406 2095 2563 2150 Pater
2589 2112 2681 2149 eos
2721 2096 2871 2166 prius
2914 2096 3216 2151 nominavit
3236 2096 3280 2125 "
3300 2136 3314 2150 .

2480 2211 2644 2267 XXX.
2669 2211 2957 2281 Postquam
2989 2221 3170 2264 autem
3197 2224 3531 2277 quaecunque
3560 2208 3817 2261 volebant
3844 2250 3857 2272 ,
3891 2208 3995 2262 im-

2410 2306 2552 2373 pleta
2609 2306 2832 2357 fuerunt
2866 2319 2895 2356 a
2939 2302 3031 2355 Dei
3091 2301 3415 2370 parricidis.
3464 2310 3654 2355 etnon
3706 2311 3996 2370 exspecta-

2410 2393 2538 2450 bant
2561 2396 2794 2463 amplius
2817 2434 2830 2455 ,
2857 2394 2973 2448 fore
3008 2405 3065 2448 ut
3103 2394 3169 2448 ab
3209 2396 3289 2449 eis
3320 2394 3608 2449 evaderet:
3649 2410 3772 2447 cum
3805 2395 3995 2462 proxi-

2409 2496 2480 2548 mi
2519 2494 2739 2563 quidem
2774 2494 2933 2546 amiei
2969 2493 3287 2563 effugissent
3311 2534 3324 2556 ,
3361 2505 3453 2546 aut
3485 2493 3665 2560 potius
3696 2493 3777 2560 (ut
3810 2492 3993 2542 dicam

2410 2602 2531 2641 cum
2584 2587 2849 2655 propheta
2871 2586 2937 2651 ⁸⁸)
2973 2600 3001 2637 a
3031 2585 3185 2653 longe
3226 2592 3458 2645 starent,
3487 2584 3601 2648 ipse
3632 2590 3815 2632 autem
3848 2589 3996 2632 esset

2411 2678 2575 2732 clavis
2611 2676 2857 2730 conﬁxus
2879 2716 2893 2739 ,
2926 2675 3170 2727 custodia
3203 2675 3269 2725 ab
3298 2674 3377 2725 eis
3403 2671 3631 2723 omnino
3682 2671 3997 2739 negligeba-

2413 2782 2537 2833 tur,
2582 2780 2709 2822 tunc
2754 2766 3046 2820 verisimile
3093 2776 3209 2826 est,
3251 2764 3571 2833 Deiparam,
3618 2763 3722 2817 sibi
3756 2763 3884 2816 data
3918 2761 3994 2815 fa-

2413 2863 2645 2925 cultate,
2691 2861 2757 2920 ad
2822 2875 2943 2914 eum
3004 2858 3333 2920 accessisse,
3377 2867 3431 2910 et
3486 2858 3836 2911 intemeratus
3872 2855 3995 2924 qui-

2414 2957 2534 3011 dem
2576 2957 2695 3024 ejus
2734 2954 2931 3024 pedes,
2962 2963 3016 3007 et
3068 2954 3359 3021 impressas
3410 2950 3490 3003 eis
3536 2951 3717 3020 plagas
3760 2950 3995 3002 libenter

2414 3064 2535 3104 esse
2560 3047 2927 3103 dcosculatam
2954 3086 2967 3108 ,
2991 3054 3041 3098 et
3064 3045 3326 3113 sanguine
3360 3043 3678 3095 miscentem
3704 3042 3992 3110 lacrymas.

2415 3142 2601 3193 oculos
2629 3149 2683 3192 et
2744 3153 2910 3207 genas
2973 3137 3287 3201 attrivisse,
3336 3150 3459 3189 cum
3511 3137 3744 3187 maximo
3814 3145 3995 3187 autem

2416 3231 2580 3284 animi
2611 3238 2755 3284 motu
2784 3244 2906 3281 eum
2934 3228 3284 3297 aspicientem
3305 3226 3680 3289 dixissezQuid
3704 3225 3817 3276 lia-c
3844 3233 3995 3285 sunt,

2416 3340 2448 3378 ο
2482 3324 2707 3379 Domine
2739 3333 2793 3376 et
2816 3321 2997 3375 Deus?
3019 3331 3219 3373 suntne
3283 3322 3363 3371 lia:
3396 3318 3867 3371 remunerationes
3893 3326 3999 3369 tua

2417 3414 2808 3481 inexplicabilis
2865 3414 2918 3463 in
2968 3412 3215 3461 homines
3267 3409 3615 3461 clementiae?
3680 3406 3847 3459 Estne
3884 3408 3999 3460 hmc

2418 3507 2706 3562 retributio
2737 3517 2841 3559 tua:
2884 3501 3275 3573 benignitatis?
3306 3501 3440 3563 line,
3473 3518 3609 3571 quos
3667 3510 3722 3555 tu
3766 3502 4000 3555 aﬁ'ecisti

2419 3601 2720 3663 beneﬁcio,
2768 3599 2900 3652 tales
2938 3597 3030 3651 tibi
3079 3596 3277 3667 gratias
3332 3595 3703 3649 retulere?1‘e
3754 3608 3996 3663 purpura

2420 3694 2651 3748 induunt
2680 3690 2970 3750 irrisionis,
3020 3704 3154 3758 quos
3207 3699 3460 3756 tanquam
3498 3687 3637 3740 ﬁlios
3694 3685 3857 3741 Pater
3912 3704 4002 3741 or-

2422 3787 2558 3840 nasti
2606 3786 2739 3839 stola
2780 3782 3001 3851 gloriae,
3036 3791 3090 3833 et
3137 3789 3390 3845 tanquam
3444 3780 3627 3845 aquila
3680 3780 3871 3833 nidum
3911 3796 4001 3831 re-

2421 3890 2589 3945 gens,
2621 3874 2718 3925 alis
2762 3870 3017 3940 expansis
3062 3868 3347 3940 suscepisti
3368 3868 3433 3928 “.
3484 3876 3539 3920 et
3586 3868 3637 3918 in
3688 3868 3853 3921 dorso
3907 3880 4003 3922 tuo

2422 3967 2668 4038 portasti.
2716 3963 3068 4018 Contumelia:
3112 3974 3369 4014 coronam
3430 3958 3523 4014 tibi
3578 3960 4002 4028 imposuerunt,

2424 4076 2560 4130 quos
2600 4059 2758 4113 bona:
2812 4057 3109 4111 voluntatis
3154 4054 3323 4108 armis
3373 4054 3487 4123 ipse
3523 4054 3795 4106 coronasti
3827 4065 3917 4118 ,et
3945 4066 4004 4108 ut

2424 4155 2683 4208 adversus
2707 4151 2954 4204 inimicos
3000 4157 3162 4218 caput
3194 4149 3469 4207 tollerent,
3500 4147 3857 4199 conﬁrmasti.
3880 4146 4006 4199 Cla-

2426 4250 2507 4301 vis
2533 4247 2625 4299 tibi
2658 4245 2874 4298 dolores
2909 4242 3142 4296 aﬁ'erunt
3170 4279 3185 4303 ,
3215 4239 3306 4307 qui
3342 4254 3370 4290 a
3403 4239 3681 4289 laboribUs
3742 4239 4003 4308 Egyptia-

2426 4356 2504 4394 caa
2542 4336 2850 4397 servitutis,
2880 4342 2933 4386 et
2962 4334 3028 4385 ab
3074 4328 3561 4382 innumerabilibus
3612 4328 4004 4382 afﬂictionibus

2430 4440 2559 4485 sunt
2586 4426 2817 4480 liberati.
2854 4422 3134 4476 Arundine
3160 4430 3311 4475 tuum
3346 4430 3505 4490 caput
3552 4420 3755 4475 feriunt
3781 4423 4003 4491 ,quibus

738 4542 908 4592 ctum,
942 4544 1153 4582 corona:
1186 4528 1606 4597 impositionem,
1663 4529 2105 4584 contumeliosam
2135 4531 2313 4584 tradu.
2353 4533 2398 4592 ο
2428 4538 2575 4576 mare
2602 4520 2748 4586 virga
2769 4531 3082 4585 percussum
3115 4515 3647 4585 ccssitfngientibns.
3678 4515 3784 4569 Sed
3813 4516 4005 4585 loque-

739 4622 1000 4677 ctionem.
1026 4620 1249 4689 Oportet
1271 4634 1487 4689 quoque
1514 4618 1881 4681 considerare,
1913 4634 2203 4687 quemnam
2224 4622 2318 4674 ha-

740 4714 894 4767 beret
922 4712 1184 4773 animum,
1217 4710 1329 4764 sive
1348 4725 1412 4763 ex
1436 4709 1572 4764 Filio
1592 4724 1709 4763 eam
1736 4709 2056 4779 simpliciter
2078 4713 2315 4778 judiccs,

741 4804 1044 4856 naturalem
1078 4802 1339 4854 ferentem
1369 4802 1476 4853 vim
1521 4801 1786 4871 passionis
1814 4819 1828 4856 :
1868 4807 1982 4855 sive
2022 4804 2163 4872 quod
2191 4820 2312 4859 eum

742 4902 1089 4964 cognosceret
1117 4892 1336 4947 homine
1354 4893 1709 4963 superiorem,
1743 4894 2018 4948 admirans
2041 4912 2313 4949 summam

745 4989 863 5057 ejus
891 4986 1229 5040 tolerantiam
1267 5003 1280 5039 :
1317 4995 1409 5039 aut
1454 4986 1637 5054 potius
1670 4994 1979 5054 utrumque,
2007 4986 2139 5039 adeo
2174 5000 2230 5039 ut
2262 4996 2315 5041 et

744 5078 972 5133 naturali
993 5077 1299 5132 ﬂecteretur
1316 5077 1619 5141 allectione,
1645 5087 1697 5129 et
1720 5079 1976 5131 miraculo
1991 5078 2311 5133 aﬁiceretur.

814 5167 1002 5222 XXIX.
1028 5166 1317 5236 Postquam
1335 5174 1512 5220 autem
1531 5165 1773 5219 scelerati
1792 5176 2052 5219 venerunt
2071 5165 2122 5217 in
2138 5166 2314 5219 locum

744 5258 1023 5323 Calvarite,
1074 5267 1129 5311 et
1168 5258 1270 5311 ﬁxa
1310 5255 1528 5326 quidem
1573 5256 1671 5307 fuit
1723 5271 1889 5319 crux,
1959 5256 2013 5309 in
2068 5272 2129 5309 ea
2188 5270 2315 5309 vero

751 5350 1021 5420 pendebat
1043 5350 1162 5419 ejus
1187 5348 1375 5413 Filius,
1416 5346 1688 5418 quomodo
1722 5356 1840 5401 erat
1892 5348 2073 5401 animo
2099 5347 2312 5411 auecta,

749 5458 875 5496 eum
903 5441 1095 5496 videns
1122 5442 1199 5495 sic
1225 5441 1517 5510 patientem
1547 5440 1569 5493 ?
1606 5439 1889 5505 Quomodo
1923 5441 2135 5495 videbat
2186 5452 2311 5493 eum

752 5535 1011 5588 nudatum
1040 5532 1299 5597 vestibus,
1324 5533 1413 5601 qui
1466 5534 1661 5586 coelum
1694 5531 1821 5600 tegit
1865 5532 2137 5585 nubibus?
2170 5530 2316 5594 Quo-

752 5629 913 5682 modo
940 5628 1228 5681 babentem
1255 5641 1415 5695 puras
1444 5640 1636 5681 carnes
1658 5627 1825 5680 clavis
1856 5625 2138 5680 confixas?
2170 5625 2317 5688 Que-

827 5826 869 5858 ⁸¹
900 5826 1060 5882 Marc.
1093 5844 1181 5897 xv,
1211 5828 1297 5883 40.

784 5915 862 5959 ts,
893 5899 980 5952 26.

1377 5828 1419 5858 "
1460 5826 1589 5881 Luc.
1624 5842 1681 5893 ll,
1708 5826 1796 5881 55.
1877 5826 1919 5857 ⁸³
1957 5826 2095 5882 Psal.
2127 5841 2239 5891 χχι,
2276 5826 2357 5879 I7.

2424 4634 2479 4672 re
2512 4611 2712 4682 aliquid
2743 4611 3014 4665 modicum
3062 4610 3129 4663 ad
3164 4618 3315 4662 tuam
3351 4606 3572 4659 Matrem
3608 4612 3999 4660 recreandum:

2420 4725 2528 4763 non
2567 4708 2680 4760 fero
2703 4706 2847 4759 enim
2875 4703 3091 4757 dolores
3116 4740 3129 4762 ,
3165 4714 3285 4767 qum
3318 4706 3368 4749 te
3422 4696 3605 4767 peperi
3634 4696 3754 4751 sine
3788 4696 3996 4751 dolore.

2421 4802 2521 4857 Ubi
2550 4808 2602 4855 te
2633 4799 2831 4854 videbo
2878 4803 3061 4864 postea
3086 4791 3109 4843 '3
3130 4791 3282 4855 Quod
3343 4791 3447 4844 erit
3512 4790 3643 4843 mihi
3697 4789 4000 4844 solatium?

2420 4891 2550 4957 Quis
2577 4891 2681 4944 mei
2710 4898 2895 4941 curam
2956 4889 3106 4952 geret
3142 4895 3203 4935 ac
3224 4877 3518 4934 defendet?

2492 4998 2684 5053 XXXI.
2714 4997 2848 5049 Cum
2875 5006 2993 5046 eam
3023 4991 3247 5043 vidisset
3281 4999 3385 5040 tam
3415 4986 3608 5040 acerbe
3632 4986 3910 5050 affectam,
3945 4996 3995 5039 et

2425 5102 2651 5148 stantem
2680 5103 2843 5157 prope
2865 5085 3120 5139 dilectum
3152 5083 3500 5151 discipulum,
3542 5081 3673 5136 illud
3696 5084 3996 5152 (sicuterat

2424 5184 2873 5242 consentaneum)
2908 5185 2989 5231 est
3008 5177 3232 5231 omnino
3260 5176 3508 5229 elocutus
3534 5214 3547 5236 ,
3577 5177 3721 5243 quod
3750 5175 3994 5229 divinum

2423 5283 2610 5326 narrat
2638 5268 3016 5339 Evangelium.
3047 5267 3175 5320 Eam
3222 5267 3368 5320 enim
3416 5264 3651 5335 primum
3688 5268 3991 5334 aspiciens:

2425 5363 2640 5426 Mulier,
2667 5360 2863 5428 inquit,
2894 5375 3007 5413 ecce
3029 5358 3169 5426 ﬁlius
3196 5369 3317 5410 tuus
3341 5356 3408 5420 “,
3433 5359 3733 5412 ostendens
3752 5360 3990 5427 discipu—

2421 5458 2555 5511 lum.
2576 5455 2667 5508 Sic
2698 5454 2781 5507 vel
2816 5452 2964 5507 cruci
2987 5450 3209 5515 afﬁxus,
3229 5465 3414 5503 curam
3443 5451 3662 5521 gerebat
3702 5456 3910 5516 matris,
3944 5462 3996 5504 et

2422 5565 2537 5603 eam
2560 5546 2954 5601 commendavit
2989 5545 3183 5600 dilecto
3204 5542 3487 5610 discipulo,
3511 5556 3608 5594 nos
3649 5543 3851 5598 docens
3889 5558 3989 5594 non

2426 5641 2700 5712 negligere
2748 5645 2998 5709 parentes
3050 5651 3219 5706 usque
3248 5638 3313 5691 ad
3363 5642 3664 5690 extremum
3701 5636 3987 5702 spiritum,

3772 5815 3979 5870 "Juan.

2434 5826 2475 5855 “
2506 5823 2649 5880 Psal.
2696 5820 2899 5889 XXXVII,
2925 5822 3014 5880 3|.
3124 5821 3168 5852 "
3192 5821 3345 5874 Deut.
3384 5835 3553 5884 xuii,
3586 5818 3673 5872 Il.
