4226 6436
216 420 324 483 553

1323 408 1606 472 ORATIO
1654 408 1750 468 DE
1788 404 2074 468 SANCTA
2114 403 2380 464 MARIA.

3357 401 3460 462 554

215 547 529 603 quanquam
563 530 712 600 prius
744 530 1024 584 videbatur
1054 528 1214 582 etiam
1255 527 1517 595 repellere
1540 536 1621 590 ,ut
1671 539 1790 593 quae
1823 534 1860 588 Α
1895 523 2097 575 minum
2120 561 2134 584 ,
2175 521 2268 574 sed
2325 518 2486 573 etiam
2525 517 2851 586 discipulum
2875 556 2890 580 ,
2952 529 3136 567 verum
3189 516 3462 570 occultum

216 640 329 676 non
391 622 444 674 in
488 628 733 689 tempore
785 621 832 673 ei
863 626 1010 672 esset
1047 617 1295 671 molesta.
1327 615 1464 679 Quid
1498 616 1634 668 cnim
1668 614 1795 667 mihi

215 724 264 767 et
298 714 392 767 tibi
419 715 434 779 (
459 714 512 766 in
558 710 764 781 nuptiis
829 710 1004 777 inquit
1028 707 1068 778 ),
1122 707 1308 759 mulier
1331 706 1415 758 ‘7?
1459 716 1512 760 et
1545 714 1730 774 postea
1779 721 1791 756 :

216 807 349 872 Qua:
385 815 460 860 est
507 813 675 857 mater
714 821 828 856 mea
872 805 896 856 ?
953 801 1050 854 Hic
1097 810 1278 854 autem
1323 809 1562 869 apertam
1614 795 1796 850 osten-

215 899 298 953 dit
340 897 718 956 dilectionem,
759 905 812 948 et
864 891 1132 961 discipulo
1174 891 1392 960 quidem
1453 904 1570 942 eam
1637 901 1797 940 com-

216 991 477 1050 mendat,
505 989 586 1043 sic
625 986 934 1048 consolans,
984 983 1133 1037 illum
1181 974 1362 1036 autem
1398 981 1572 1052 magis
1621 981 1797 1032 hono-

215 1097 350 1136 rans
379 1080 846 1136 commendatione
871 1117 883 1139 ,
914 1087 969 1131 et
1007 1077 1150 1146 quod
1184 1075 1333 1129 valde
1371 1086 1492 1128 eum
1529 1074 1796 1143 diligeret,

219 1174 326 1226 hoc
355 1183 512 1225 utens
535 1168 847 1223 testimonio
879 1167 1029 1237 (quid
1057 1167 1204 1220 enim
1249 1165 1393 1218 aliud
1435 1163 1639 1216 faciens
1666 1203 1678 1225 ,
1707 1169 1798 1212 aut

215 1264 442 1323 dicens,
501 1262 649 1314 illum
700 1260 792 1313 tali
843 1258 1053 1313 honore
1083 1269 1166 1312 est
1222 1254 1575 1324 diguatus?),
1636 1252 1797 1307 simul

215 1367 439 1421 quoque
490 1351 632 1420 quod
687 1347 1199 1418 permansisset,ci
1267 1345 1511 1398 referens
1575 1343 1796 1412 gratias.

218 1443 427 1498 Deinde
455 1458 575 1495 cum
605 1444 768 1494 etiam
816 1441 1114 1509 aspexisset
1142 1434 1643 1506 discipulum,Ecce
1663 1473 1678 1497 ,
1713 1435 1797 1486 in-

215 1538 372 1604 quit,
413 1545 582 1587 mater
616 1535 778 1587 tua”.
813 1532 924 1586 Hoc
948 1537 1128 1586 autem
1156 1541 1273 1584 erat
1311 1522 1695 1598 conjungentis
1733 1525 1799 1580 ad

216 1629 575 1682 dilectionem
602 1669 617 1692 ,
647 1636 700 1682 et
731 1626 889 1679 simul
918 1627 1080 1678 etiam
1113 1624 1460 1678 ostendentis
1509 1621 1795 1678 amborum

219 1722 624 1773 auctoritatem.
661 1721 732 1771 Ab
770 1735 825 1770 eo
862 1727 1257 1785 ergotcmpore,
1283 1716 1477 1785 inquit,
1511 1713 1799 1781 discipulus

219 1830 340 1865 eam
378 1813 576 1878 accepit
610 1811 661 1860 in
709 1811 924 1876 propria
952 1809 1018 1872 δ’,
1050 1807 1356 1875 intelligens
1391 1821 1650 1873 quorsum
1682 1813 1800 1857 trn-

1903 614 2030 679 (hoc
2059 614 2202 666 enim
2229 613 2386 666 docet
2412 607 2859 680 Evangelium‘),
2896 616 2953 662 ut
2988 607 3080 676 qui
3132 605 3224 666 Dei
3256 607 3467 663 timeret

1901 706 2200 776 parricidas
2232 745 2244 767 ,
2275 707 2423 758 venit
2441 705 2505 758 ad
2533 719 2656 757 eum
2699 702 2862 774 Virgo
2882 739 2897 765 ,
2922 711 2976 754 et
3003 700 3183 756 verbis
3207 703 3256 755 ei
3278 702 3473 755 suadet

1901 800 2322 854 accommodatis
2343 810 2431 866 ,ut
2467 799 2520 854 in
2581 813 2679 854 suo
2708 806 3063 852 monumento
3090 837 3105 862 ,
3138 804 3394 866 tanquam
3414 796 3467 850 in

1902 890 2082 958 aliquo
2111 891 2348 944 armario
2379 930 2392 953 ,
2449 903 2693 959 magnam
2743 888 2850 940 vim
2911 901 3076 956 opum
3115 894 3378 955 reponat,
3415 896 3470 938 et

1902 985 1979 1039 sic
2009 983 2229 1036 domum
2254 981 2650 1036 custodientem
2681 978 2822 1047 apud
2854 993 2912 1033 se
2933 977 3099 1032 vitam
3125 977 3340 1031 habeat.
3379 976 3468 1031 Fi-

1902 1091 2028 1127 nem
2062 1075 2207 1128 enim
2239 1113 2252 1138 ,
2297 1072 2511 1142 inquit,
2532 1079 2857 1139 acceperunt
2898 1085 2982 1123 res
2999 1069 3429 1123 adversariorum
3459 1110 3472 1127 .

1901 1175 1956 1218 et
1998 1165 2230 1217 maxime
2264 1163 2578 1232 probrosam
2634 1162 2688 1215 bi
2745 1168 2972 1214 mortem
3029 1159 3282 1228 Magistro
3333 1168 3476 1214 attu-

1905 1254 2126 1317 lerunt,
2202 1255 2347 1307 nulla
2430 1251 2780 1322 quantumvis
2863 1267 3098 1320 magna,
3164 1251 3356 1313 iniuria
3421 1261 3476 1304 et

1902 1344 2197 1414 ignominia
2254 1345 2309 1397 in
2386 1360 2509 1397 eum
2575 1345 2726 1412 prius
2788 1342 3172 1411 praatermissa.
3208 1341 3474 1396 Caeterum

1906 1454 2052 1492 nunc
2085 1454 2300 1508 quoque
2333 1438 2386 1490 in
2420 1437 2566 1507 ligno
2619 1437 2766 1506 jacet
2839 1444 3086 1489 mortuus
3142 1444 3197 1488 et
3259 1436 3476 1500 nudus,

1903 1533 2037 1588 mihi
2076 1541 2129 1586 et
2180 1541 2374 1585 creatae
2428 1541 2634 1585 natura:
2677 1530 3011 1584 horrendum
3074 1529 3477 1598 spectaculum,

1903 1635 1964 1679 ut
2001 1639 2162 1693 quem
2196 1625 2376 1693 potius
2411 1623 2708 1686 irrideant,
2745 1637 2906 1692 quam
2942 1621 3060 1690 ejus
3093 1620 3474 1676 misereantur.

1906 1717 1981 1771 Da
2014 1731 2140 1787 ergo
2177 1716 2304 1770 mihi
2345 1716 2570 1786 gratiam
2595 1757 2608 1776 ,
2634 1726 2688 1768 et
2721 1716 3031 1776 communi,
3069 1713 3290 1782 inquam
3316 1752 3330 1772 .
3354 1713 3482 1766 huic

1906 1808 2179 1879 Magistro.
2221 1809 2495 1863 Audacter
2526 1818 2646 1876 pete
2701 1806 2845 1860 illius
2874 1821 3101 1875 corpus,
3147 1817 3205 1860 ut
3243 1806 3483 1875 depona-

219 1904 377 1955 deret
417 1902 590 1954 oratio
618 1939 631 1964 ,
666 1909 718 1952 et
768 1900 978 1953 Domini
1044 1897 1310 1953 voluntati
1368 1897 1579 1950 SillCU‘B
1622 1896 1796 1950 inser-
1839 1877 1874 1928 Β
1914 1911 2036 1960 tur.
2082 1909 2136 1953 et
2185 1900 2480 1954 mandetur
2537 1900 2869 1968 sepulturze,
2902 1898 2944 1952 si
3007 1913 3112 1952 non
3162 1898 3323 1951 etiam
3365 1907 3484 1966 post

217 2008 399 2046 νιειιε.

300 2083 513 2138 XXXII.
563 2084 854 2155 Postquam
887 2091 1064 2139 autem
1111 2082 1274 2137 linem
1323 2089 1650 2152 acceperunt
1681 2094 1800 2137 om-

227 2178 316 2232 nia
345 2218 359 2242 ,
398 2177 536 2232 Sitio
566 2221 579 2242 ,
614 2179 787 2247 inquit
817 2178 1060 2231 Salvator
1086 2179 1153 2230 “.
1189 2175 1292 2242 Qui
1326 2191 1450 2228 vero
1479 2184 1631 2231 erant
1658 2176 1804 2230 velo-

222 2282 315 2321 ces
355 2271 419 2320 ad
449 2267 690 2331 malum,
725 2279 778 2319 et
815 2267 1150 2337 ingratorum
1194 2264 1574 2335 ingratissimi,
1598 2264 1645 2317 ei
1676 2278 1800 2315 ace-

224 2367 348 2415 tum
374 2358 494 2411 felle
528 2360 872 2412 commistum
898 2398 910 2419 ,
961 2360 1052 2428 qui
1094 2375 1227 2428 aqua
1262 2358 1441 2428 (proh
1471 2359 1660 2411 dolor!
1692 2356 1710 2424 )
1750 2357 1801 2408 in

225 2450 350 2505 sitis
395 2462 530 2503 aestu
580 2449 630 2501 in
667 2460 808 2502 terra
857 2452 1006 2504 arida
1032 2462 1158 2521 sunt
1183 2453 1350 2519 putati
1378 2469 1391 2513 ;
1424 2460 1477 2503 et
1514 2451 1602 2519 qui
1645 2449 1805 2502 melle

224 2542 456 2596 saturati
515 2543 839 2606 fuerunt“,
875 2542 944 2596 fel
995 2545 1327 2612 porrigunt;
1383 2555 1612 2610 quorum
1669 2556 1802 2604 uva,

226 2652 332 2691 uva
372 2633 540 2692 fellis.
591 2643 644 2687 et
680 2635 756 2688 ira
788 2677 803 2702 ,
839 2635 1136 2687 draconum
1201 2633 1486 2690 domus”.
1523 2631 1629 2689 Sed
1669 2646 1807 2700 quo-

228 2728 393 2782 modo
428 2741 612 2779 rursus
651 2726 798 2782 illam
852 2727 965 2780 hth
1020 2729 1290 2780 videntem
1323 2767 1337 2793 ,
1364 2726 1651 2794 oportebat
1677 2740 1802 2778 cru-

224 2821 364 2876 ciari
397 2820 578 2874 animo
604 2820 876 2885 ?Quando
901 2830 1078 2873 autem
1113 2827 1382 2872 mortuum
1409 2833 1626 2892 quoque
1650 2817 1803 2878 vidit,

229 2913 506 2981 quomodo
547 2913 712 2968 tulit?
759 2913 1034 2982 quomodo
1087 2927 1196 2964 non
1261 2911 1431 2965 etiam
1480 2910 1651 2978 ipsam
1699 2922 1804 2966 ulta

242 3004 464 3072 abrupit
511 3003 792 3055 animam?
841 3002 1124 3065 Quomodo
1181 3003 1434 3057 sustinuit
1485 3002 1672 3058 videns
1700 3001 1805 3056 ini-

235 3099 441 3157 mices,
484 3095 572 3163 qui
606 3108 672 3147 ne
710 3104 830 3162 post
869 3103 1096 3146 mortem
1145 3093 1365 3162 quidem
1417 3095 1596 3149 adhuc
1650 3101 1808 3150 erant

1910 2000 2141 2045 mortem
2180 1990 2250 2043 sit
2300 1990 2404 2044 illis
2451 1988 2615 2043 Jesus
2658 1989 2889 2043 invisus.
2936 1987 3024 2042 Sic
3046 1988 3201 2043 nobis
3237 1989 3486 2043 omnibus

1908 2098 2155 2151 magnam
2215 2081 2411 2136 afferes
2472 2081 2948 2145 consolationem,
3011 2082 3184 2150 quiin
3267 2096 3486 2142 omnem

1906 2173 2109 2227 redacti
2156 2188 2343 2227 sumus
2382 2184 2706 2244 egestatem,
2756 2183 2810 2229 et
2843 2189 3074 2242 quorum
3111 2188 3270 2228 nemo
3299 2189 3479 2227 move-

1910 2275 1996 2317 tur
2025 2263 2396 2318 misericordia
2428 2280 2443 2319 :
2475 2265 2645 2318 Amici
2680 2265 2825 2319 enim
2853 2269 2951 2317 mei
2983 2276 3030 2318 ct
3055 2266 3330 2333 propinqui
3364 2266 3485 2327 mei,

1909 2373 1972 2410 ex
2002 2358 2222 2414 adverso
2259 2360 2814 2427 appropinquaverrmt
2851 2370 2898 2414 et
2924 2369 3170 2413 sicterum
3197 2402 3211 2426 ,
3233 2370 3280 2413 ct
3308 2359 3487 2427 proxi-

1911 2451 1981 2502 mi
2041 2452 2140 2503 mei
2172 2467 2204 2502 a
2273 2450 2422 2519 longe
2478 2454 2804 2505 steterunt".
2858 2453 2936 2506 Ex
2970 2469 3052 2506 me
3084 2466 3192 2506 non
3263 2457 3488 2522 pestium

1908 2542 2201 2610 quidquam
2237 2541 2418 2596 facere
2444 2581 2458 2606 ,
2494 2551 2550 2596 ut
2581 2543 2731 2597 vides
2767 2583 2782 2607 ,
2835 2558 2958 2597 cum
3000 2544 3101 2597 sim
3149 2543 3261 2597 sola
3310 2552 3365 2597 et
3399 2543 3493 2597 ho-

1911 2635 2148 2702 spita,et
2184 2651 2304 2688 tum
2357 2651 2468 2689 uno
2531 2636 2644 2689 solo
2693 2651 2758 2689 ex
2813 2635 3091 2705 discipulis
3135 2644 3339 2690 attenta
3387 2636 3490 2690 sim

1911 2727 2189 2782 crucilixo.
2263 2727 2353 2782 Sic
2423 2729 2556 2784 mihi
2613 2729 2773 2784 sistes
2821 2730 3094 2794 dolorem,
3170 2730 3249 2784 sic
3313 2730 3489 2800 repri-

1911 2833 2030 2874 mes
2071 2821 2358 2891 lacrymas.

1983 2908 2218 2963 XXXIV.
2252 2912 2390 2965 Cum
2431 2911 2726 2982 Josephum
2783 2914 3011 2985 Deipara
3043 2915 3238 2970 talibus
3305 2915 3486 2970 verbis

1915 3001 2214 3057 inflexisset
2268 3016 2322 3056 et
2376 3003 2693 3070 incitasset,
2751 3007 2952 3060 emittit
3002 3009 3067 3061 ad
3115 3007 3368 3060 Pilatum.
3403 3009 3495 3062 llle

1914 3106 2132 3160 autem,
2168 3099 2390 3166 expulsa
2440 3099 2588 3151 omni
2652 3099 2966 3163 timiditate,
2996 3110 3052 3154 et
3107 3101 3174 3156 ab
3236 3101 3354 3168 illo,
3404 3094 3494 3171 qui

233 3188 572 3244 reconciliati
602 3188 773 3247 Filio',
807 3187 898 3240 sed
941 3186 1144 3240 caedem
1182 3187 1361 3240 adhuc
1395 3188 1449 3239 in
1478 3201 1604 3240 cum
1631 3189 1807 3256 spira—
1841 3208 1884 3270 ρ
1919 3189 2150 3243 mortuis
2188 3190 2348 3242 vitam
2394 3189 2619 3260 inspirat
2652 3231 2665 3253 ,
2703 3201 2917 3244 mortua
2986 3194 3211 3246 audacia
3263 3194 3495 3262 inspira-

239 3286 414 3346 bant,
449 3291 502 3335 ct
555 3281 732 3351 gladio
781 3281 903 3356 ejus
932 3281 1070 3334 latus
1095 3277 1524 3333 confodiebant?
1565 3279 1674 3331 Sed
1699 3279 1813 3333 haec

233 3376 455 3444 quidem
538 3375 785 3430 divinum
856 3383 1043 3428 narrat
1115 3371 1488 3442 Evangelium.
1554 3371 1814 3424 Dicuntur

233 3478 419 3522 autem
456 3468 568 3521 haec
607 3483 822 3537 quoque
862 3485 889 3521 a
922 3469 1117 3537 Ilnguis
1141 3506 1153 3528 ,
1188 3483 1308 3534 quae
1355 3465 1571 3535 plurimi
1615 3466 1818 3519 faciunt

239 3564 524 3612 veritatem
551 3599 561 3622 ,
587 3558 728 3625 quod
769 3572 891 3610 cum
929 3560 1042 3610 haec
1073 3573 1210 3609 nova
1242 3567 1295 3610 et
1323 3559 1661 3612 admirabilia
1695 3573 1818 3625 per-

234 3656 392 3717 cepta
430 3660 617 3702 essent
648 3649 823 3702 oculis
859 3649 1124 3717 Deiparm,
1157 3657 1210 3702 et
1241 3658 1360 3716 post
1390 3659 1619 3702 mortem
1671 3647 1814 3711 Filii,

237 3742 469 3813 perinde
501 3758 561 3795 ac
595 3742 638 3794 si
684 3742 893 3795 viveret
919 3756 1021 3802 ,ες
1059 3740 1178 3809 ejus
1218 3740 1388 3795 latere
1420 3756 1560 3810 aqua
1599 3749 1653 3794 et
1695 3755 1818 3798 san-

237 3836 359 3903 guis
390 3835 680 3889 scaturit-ct
713 3876 727 3898 ,
763 3834 850 3887 illa
894 3844 1007 3887 tum
1037 3833 1255 3902 quidem
1292 3833 1477 3887 haurit
1503 3843 1818 3891 reverenter

237 3932 293 3976 ct
335 3923 645 3991 diligenter.

315 4034 553 4087 XXXlll.
587 4034 788 4086 Deinde
828 4050 887 4086 ea
924 4035 1001 4087 sic
1041 4050 1099 4088 se
1152 4043 1314 4089 totam
1377 4033 1523 4092 dedit
1565 4034 1817 4102 paranda:

239 4128 569 4197 sepulturae.
611 4135 666 4179 et
719 4128 1174 4194 quemadmodum
1223 4128 1466 4182 divinum
1501 4128 1628 4181 illud
1692 4142 1818 4182 cor-

237 4236 344 4290 pus
380 4236 410 4274 e
456 4212 602 4290 ligno
637 4219 1032 4288 deponeretur,
1065 4226 1122 4274 et
1161 4229 1349 4289 aptum
1403 4227 1816 4273 monumentum

239 4320 695 4378 consequeretur.
737 4307 873 4363 Cum
908 4319 1090 4364 autem
1133 4325 1238 4365 non
1275 4319 1454 4378 posset
1484 4312 1598 4363 haec
1629 4325 1723 4379 per
1759 4326 1818 4363 se

240 4403 488 4465 edicere,
522 4404 641 4471 ejus
672 4403 908 4457 mentem
947 4411 1128 4456 movet
1156 4403 1380 4458 omnino
1400 4403 1520 4471 ejus
1555 4403 1719 4456 Filius
1741 4411 1820 4465 ,ut

241 4502 584 4550 scrutaretur
623 4494 678 4547 in
710 4495 829 4547 loco
888 4493 1169 4547 Calvariie.
1229 4494 1384 4558 Quod
1437 4511 1557 4547 cum
1617 4495 1814 4549 factum

1926 3292 2044 3341 tus.
2075 3283 2335 3336 audacter
2361 3283 2569 3353 (inquit
2611 3281 2820 3338 Marcus
2858 3283 2943 3355 ⁵⁸)
2975 3284 3277 3356 ingreditur
3307 3289 3372 3341 ad
3406 3286 3498 3341 Pi-

1921 3373 2085 3426 latum
2112 3411 2124 3435 ,
2155 3382 2211 3428 et
2243 3373 2306 3427 iis
2341 3390 2503 3438 usus,
2528 3376 2729 3442 quibus
2763 3393 2900 3444 opus
2933 3387 3051 3430 erat
3088 3418 3101 3442 ,
3135 3380 3315 3433 verbis
3356 3380 3494 3447 peti-

1925 3477 2036 3520 tqu
2070 3467 2268 3535 accipit
2320 3467 2564 3521 divinum
2594 3467 2722 3534 illud
2764 3484 2981 3535 corpus,
3029 3479 3082 3524 et
3114 3471 3198 3524 cui
3227 3472 3361 3524 nihil
3398 3488 3498 3542 po—

1925 3565 2032 3610 test
2061 3558 2332 3625 cxaequari
2360 3599 2371 3619 ,
2396 3558 2690 3612 ostendens
2721 3559 2961 3613 animum
3001 3602 3014 3626 ,
3053 3560 3205 3642 Judse
3244 3572 3498 3632 tanquam

1919 3661 1984 3698 ex
2019 3646 2284 3699 diametro
2314 3649 2673 3706 contrarium.
2741 3647 2875 3702 Nam
2932 3653 3021 3704 ille
3089 3653 3308 3721 quidem
3375 3670 3499 3708 cum

1923 3739 2148 3792 haberet
2178 3739 2421 3801 ,tradidit
2469 3740 2534 3793 iis
2561 3740 2653 3810 qui
2686 3748 2844 3794 erant
2875 3742 3209 3797 interfecturi
3241 3761 3253 3810 ;
3291 3745 3377 3799 hic
3403 3760 3502 3800 au-

1921 3844 2031 3888 tem
2079 3835 2146 3887 ab
2201 3834 2264 3886 iis
2307 3834 2396 3900 qui
2460 3834 2893 3897 interfecerant,
2962 3836 3123 3904 petiit
3167 3845 3218 3890 et
3268 3839 3500 3906 accepit.

1922 3927 2120 3981 Verum
2188 3926 2332 3980 enim
2409 3941 2537 3980 vero
2609 3942 2795 3978 rursus
2869 3941 3224 3996 persequatur
3293 3932 3499 3997 oratio,

1919 4020 2199 4086 quomodo
2235 4020 2405 4074 Mater
2432 4035 2488 4073 se
2522 4018 2768 4073 haberet.
2805 4018 2999 4073 Dicunt
3027 4021 3173 4074 enim
3204 4021 3238 4075 ii
3288 4023 3378 4092 qui
3433 4024 3502 4079 de

1923 4110 2007 4164 his
2046 4110 2208 4164 rebus
2260 4113 2604 4176 tractarunt,
2666 4128 2784 4164 eam
2821 4113 2887 4165 ab
2921 4113 3078 4166 initio
3138 4130 3308 4184 usque
3339 4116 3406 4170 ad
3445 4119 3504 4170 li-

1923 4221 2044 4260 nem
2109 4220 2167 4259 se
2218 4203 2432 4258 fortiter
2488 4212 2540 4257 et
2598 4210 2912 4257 constanter
2969 4201 3203 4274 gessisse
3238 4209 3504 4270 ,honeste

1925 4298 2178 4364 quidem,
2236 4307 2290 4352 et
2332 4312 2441 4350 non
2496 4297 2754 4349 indecore
2821 4307 3061 4354 utentem
3091 4310 3241 4353 motu
3293 4302 3500 4357 animi:

1919 4390 2077 4444 faelis
2104 4400 2280 4444 tamen
2304 4391 2678 4453 ostendenlem
2693 4412 2751 4449 se
2771 4405 2890 4447 esse
2903 4391 3145 4458 Matrem,
3169 4395 3263 4449 sed
3285 4395 3506 4448 omnino

1927 4483 2150 4536 Matrem
2181 4485 2324 4537 illius
2360 4487 2450 4553 qui
2478 4492 2655 4540 amico
2691 4498 2904 4540 mortuo
2951 4496 3004 4539 et
3063 4488 3305 4540 ostendit
3351 4502 3505 4540 amo—

240 4597 422 4646 esset,
470 4584 726 4639 concedit
751 4593 809 4638 ut
859 4585 977 4645 eius
1007 4598 1207 4652 εοορυε
1259 4585 1415 4638 facile
1483 4587 1821 4639 succederet,
1861 4576 1902 4632 D
1934 4583 2165 4638 rem,et
2222 4586 2430 4628 motum
2469 4577 2636 4630 animi
2699 4576 2866 4631 certis
2925 4576 3126 4630 ﬁnibus
3181 4577 3475 4632 continuit.

243 4679 527 4737 Invenitur
567 4679 713 4733 enim
776 4679 1046 4748 quoddam
1093 4688 1510 4732 monumentum
1563 4680 1826 4733 recentis-

243 4775 445 4828 simum
494 4781 549 4824 et
603 4770 1069 4841 pulcherrimum,
1099 4779 1154 4823 et
1187 4767 1404 4839 elegans
1446 4768 1596 4824 locus
1631 4768 1684 4822 in
1714 4783 1822 4839 quo

241 4873 364 4917 erat
395 4866 531 4916 situs
554 4904 568 4926 ,
605 4863 696 4915 illo
731 4862 951 4930 quidem
997 4875 1340 4928 nequaquam
1390 4860 1588 4930 dignus
1623 4879 1636 4913 :
1682 4860 1819 4926 Quid

243 4954 393 5008 enim
422 4954 646 5006 omnino
689 4969 753 5006 ex
804 4952 966 5006 rebus
998 4934 1386 5004 terrenis?seil
1419 4967 1527 5004 non
1565 4951 1821 5016 indignus

245 5044 368 5108 ejus
403 5053 521 5108 qua:
563 5041 837 5107 quazrebat
859 5081 873 5104 ,
908 5038 1197 5093 desiderio.
1249 5038 1426 5108 Atque
1457 5047 1571 5090 erat
1604 5040 1821 5105 quidem

247 5133 560 5200 sepulcrum
598 5130 777 5200 plane,
812 5140 869 5183 ut
903 5131 1035 5195 disi,
1068 5145 1270 5184 novum
1331 5139 1384 5184 et
1419 5131 1643 5183 omnino
1682 5130 1824 5183 inta-

243 5240 420 5288 ctum,
446 5233 505 5277 ut
538 5226 590 5277 in
629 5239 737 5293 quo
760 5223 969 5276 nullum
1002 5224 1180 5276 adhuc
1206 5234 1350 5276 esset
1378 5223 1680 5290 se‘pultum:
1711 5239 1778 5275 ne
1809 5264 1824 5286 ,

246 5321 292 5374 si
327 5317 434 5374 alia
475 5317 648 5385 posita
703 5316 931 5370 fuissent
976 5330 1201 5382 corpora
1231 5356 1245 5379 ,
1281 5316 1622 5369 dubitaretur
1653 5319 1826 5383 quod-

247 5424 374 5462 nam
406 5410 789 5461 resurrexisset
820 5425 834 5460 :
863 5406 1084 5461 etlucus
1117 5405 1168 5458 in
1201 5407 1402 5477 Optimo
1437 5423 1561 5462 aere
1597 5407 1826 5476 positus,

247 5512 305 5556 et
337 5502 393 5553 in
428 5501 568 5554 horti
604 5501 839 5567 speciem
875 5509 1120 5553 ornatus.
1153 5499 1443 5568 Postquam
1505 5510 1684 5554 autem
1721 5501 1829 5553 sci-

249 5593 442 5647 scitata
476 5589 740 5646 intellexit
766 5627 780 5652 ,
807 5605 911 5644 non
939 5591 1112 5644 solum
1141 5605 1259 5644 esse
1291 5590 1523 5644 amicum
1566 5590 1706 5645 horti
1738 5590 1832 5644 do-

325 5768 370 5801 "
396 5766 554 5821 .loau.
585 5786 641 5829 It,
674 5766 728 5820 4.
807 5766 850 5799 ⁸⁸
884 5767 1073 5824 Matth.
1112 5785 1205 5831 xu,
1238 5768 1325 5823 £8.

251 5857 426 5909 Iun,
455 5842 523 5896 52
566 5841 652 5895 55.
727 5835 952 5894 "Joan.
982 5855 1092 5903 ιιι,
1116 5841 1304 5896 58-42.

580 5938 847 5999 ΡΑτιιοῐ..
890 5932 1003 5994 Gn.
1035 5932 1203 5997 CXV.

1402 5770 1446 5801 δ’
1477 5767 1637 5822 Joan.
1668 5785 1777 5833 MK,
1810 5769 1897 5825 97.

1379 5842 1424 5876 ⁸⁸
1454 5840 1598 5896 Psal.
1635 5856 1835 5909 xxxvii,
1871 5839 1958 5910 l2,
2002 5842 2082 5895 l5.

1930 4664 2203 4719 Mortuum
2234 4666 2414 4736 itaque
2451 4669 2639 4723 videns
2674 4669 2972 4735 Filium,ea
3027 4680 3177 4723 metu
3208 4670 3373 4722 animi
3412 4684 3506 4724 usa

1930 4771 2012 4812 est
2061 4768 2116 4813 ut
2163 4763 2422 4828 Oportuit.
2457 4761 2595 4828 Quin
2656 4763 2818 4818 etiam
2862 4767 2916 4816 in
2961 4778 3026 4817 eo
3055 4778 3086 4816 a
3138 4779 3298 4817 cruce
3338 4764 3505 4832 depo-

1942 4851 2127 4904 nendo
2161 4854 2421 4907 maternis
2474 4855 2726 4908 manibus
2773 4855 3052 4917 iuserviit,
3089 4863 3144 4908 et
3172 4856 3390 4920 clavos,
3415 4855 3505 4924 qui

1940 4944 2374 4996 cxtrahebantur
2395 4984 2407 5002 .
2437 4961 2537 4999 suo
2568 4947 2688 5000 sinu
2725 4946 2938 5017 accepit
2961 4987 2975 5011 ,
3009 4958 3064 5001 et
3091 4949 3332 5002 membra
3363 4949 3508 5003 illius

1932 5035 2180 5102 amplexa
2211 5044 2329 5099 est,
2367 5038 2562 5105 partim
2594 5040 2815 5110 quidem
2870 5040 3016 5094 ulnis
3056 5040 3328 5109 stringens
3349 5083 3364 5104 ,
3385 5056 3508 5110 par-

1935 5127 2029 5179 tim
2063 5134 2244 5180 antem
2277 5129 2389 5181 suis
2416 5145 2632 5198 quoque
2670 5133 2921 5203 lacrymis
2954 5132 3133 5200 plagas
3163 5132 3505 5198 emundaus,

1935 5217 2132 5276 deinde
2164 5221 2324 5272 etiam
2387 5230 2495 5275 tota
2559 5221 2654 5277 toti
2699 5225 2914 5294 corpori
2967 5223 3318 5277 circumfusa.
3371 5224 3507 5279 Ecce

1939 5310 2032 5363 tibi
2069 5311 2136 5363 ab
2188 5311 2333 5365 Omni
2384 5315 2582 5367 sreculo
2626 5319 2948 5384 praefinitum
2988 5315 3302 5385 mysterium
3347 5318 3414 5370 ad
3442 5317 3507 5368 tl-

1939 5416 2064 5454 nem
2099 5418 2272 5471 usque
2309 5407 2459 5456 venit
2484 5445 2497 5465 ,
2529 5420 2562 5458 o
2598 5405 2824 5459 Domine
2854 5445 2867 5468 ,
2905 5407 3118 5478 placida
3173 5422 3302 5460 voce
3352 5407 3504 5460 dicit.

1939 5494 2004 5547 Et
2033 5491 2272 5566 losepho
2313 5498 2368 5550 in
2418 5514 2583 5552 manu
2637 5500 2854 5554 tradens
2886 5501 3172 5554 sindonem
3208 5514 3223 5552 :
3263 5499 3382 5553 Tibi
3415 5514 3509 5552 au-

1941 5599 2084 5654 tem,
2123 5590 2340 5658 inquit,
2382 5591 2643 5663 deinceps
2673 5592 2778 5645 erit
2827 5609 2972 5648 cura:
2998 5631 3012 5658 ,
3049 5603 3108 5648 ut
3154 5593 3210 5648 in
3251 5593 3351 5648 hac
3381 5607 3507 5646 eum

1977 5769 2021 5800 δ⁰
2055 5769 2188 5825 Ibid.
2265 5773 2305 5803 "
2335 5771 2468 5827 Ibid.
2496 5772 2586 5826 28.

2159 5842 2202 5872 ³⁸
2238 5842 2403 5898 Marc.
2438 5859 2502 5896 xv
2560 5844 2650 5898 «l5.

2681 5773 2723 5802 "
2755 5773 2921 5828 Exod.
2959 5789 3068 5840 xvr,
3101 5773 3190 5826 5i.
3267 5771 3312 5803 "
3347 5768 3503 5824 Deut.

3115 5933 3182 6001 18
