4226 6436
758 398 861 458 555

2003 390 2291 453 MENSIS
2328 394 2755 455 AUGUSTUS.

3891 396 4016 458 556

759 520 985 569 honeste
1044 527 1381 580 componas,
1444 512 1766 582 myrrhaque
1809 511 2029 577 pulchre
2060 511 2322 576 condias,
2356 515 2397 569 Λ
2432 526 2488 563 re
2538 512 2732 580 spiritu
2811 511 3037 581 vigilans
3066 548 3079 573 ,
3130 509 3313 563 omnia
3361 508 3597 580 perfecte
3645 512 3770 565 vidit
3824 524 3883 567 ut
3952 530 4019 567 sc

758 620 809 661 et
835 607 881 661 ei
911 606 1053 675 justa
1086 604 1271 659 facias.

826 694 1043 749 XXXV.
1074 693 1208 749 Cum
1263 692 1339 747 sic
1367 708 1495 763 ergo
1570 709 1710 746 noro
1786 705 2135 747 monumento
2188 694 2324 747 divi-

760 803 889 840 num
930 802 1124 855 corpus
1166 786 1537 851 tradidissent,
1583 784 1817 854 Joseph,
1854 796 1908 839 et
1940 786 2031 853 qui
2085 803 2207 841 cum
2265 800 2331 839 eo

759 888 878 932 erat
933 878 1299 941 Nicodemus,
1358 888 1412 932 et
1463 878 1550 932 alii
1602 879 1693 947 qui
1736 894 1859 932 cum
1927 878 2005 932 eis
2058 878 2328 941 aderant,

759 972 861 1042 ipsi
919 971 1139 1041 quidem
1195 971 1375 1024 statim
1418 971 1741 1025 recedunta
1805 970 2100 1039 sepulcro;
2164 970 2331 1023 Mater

760 1073 940 1115 autem
980 1062 1091 1113 sola
1146 1060 1408 1116 remansit
1458 1060 1710 1128 sepulcro
1753 1061 2071 1124 adhaerens,
2108 1058 2330 1113 minimc

759 1150 1151 1204 dormientibus
1182 1152 1350 1203 oculis
1382 1166 1753 1218 perseverans.
1792 1151 1924 1203 Nam
1972 1151 2076 1205 etsi
2111 1149 2329 1205 Mariam

759 1243 1123 1311 Magdalenam
1156 1242 1434 1296 IlI-attinens
1465 1256 1528 1295 ex
1554 1243 1778 1296 adverso
1811 1258 1932 1295 cum
1966 1242 2127 1295 altera
2160 1243 2330 1312 signi—

761 1336 942 1388 Iicavit
997 1335 1264 1388 assedisse
1297 1374 1310 1399 ,
1369 1337 1544 1390 solum
1603 1345 1783 1389 tamen
1816 1335 1882 1389 ad
1915 1336 2203 1389 videndum
2237 1350 2332 1387 ve-

761 1424 904 1478 nisse
936 1424 1149 1489 innuit,
1186 1440 1363 1493 neque
1425 1441 1583 1479 ausas
1631 1440 1749 1479 esse
1807 1427 2062 1480 accedere
2104 1442 2169 1481 eo
2195 1436 2331 1480 tem-

759 1532 926 1586 pore,
959 1532 1066 1586 quo
1119 1517 1480 1571 mandabatur
1515 1517 1824 1585 sepulturae.
1875 1513 2036 1572 Certe
2094 1533 2332 1585 namque

761 1607 839 1663 eis
867 1609 1157 1671 succurrit,
1194 1618 1251 1661 ut
1283 1608 1599 1661 recederent
1633 1618 1852 1676 propter
1880 1618 2082 1661 metum
2113 1609 2333 1662 JlldtBO-

760 1715 879 1754 rum
911 1738 924 1761 ,
973 1708 1029 1752 et
1079 1700 1367 1752 adventum
1434 1699 1781 1753 custodiae".
1831 1699 2009 1767 Inquit
2044 1700 2185 1752 enim
2222 1701 2334 1767 ipse

761 1791 1044 1845 Matthxus
1073 1807 1086 1842 :
1133 1789 1350 1858 Vespere
1380 1800 1551 1843 autem
1584 1789 1801 1843 Sabbati
1837 1829 1850 1851 ,
1887 1808 1999 1859 qua:
2031 1791 2238 1845 lucescit
2279 1793 2331 1846 in

760 1884 929 1949 prima
958 1881 1216 1947 Sabbati,
1273 1884 1410 1934 venit
1472 1875 1650 1934 Maria
1690 1881 2001 1951 Magdalene
2043 1892 2093 1935 et
2162 1884 2328 1937 altera
2368 1868 2406 1921 Β

767 1976 940 2029 Maria
990 1976 1161 2029 videre
1225 1975 1522 2043 sepulcrum
1552 1975 1638 2027 ⁸⁸.
1696 1975 1811 2028 Non
1865 1976 2093 2029 dixisset
2154 1985 2339 2029 autem

766 2068 980 2121 venisse
1012 2107 1027 2131 ,
1075 2082 1195 2135 qua:
1227 2067 1645 2129 remansissent,
1681 2066 1783 2119 nisi
1824 2081 1901 2120 ere
1936 2081 2151 2134 quoque
2184 2066 2333 2120 simi-

768 2161 886 2213 liter
922 2168 981 2212 ut
1013 2159 1192 2212 caeteri
1224 2198 1239 2223 ,
1284 2160 1642 2212 recessissent
1674 2172 1701 2210 a
1742 2160 2121 2212 monumento.
2159 2156 2335 2227 Atque

766 2251 854 2303 alii
890 2250 1104 2320 quidem
1131 2250 1356 2304 alteram
1385 2289 1398 2312 ,
1436 2263 1554 2319 quae
1583 2249 1781 2303 dicitur
1811 2289 1825 2311 ,
1871 2249 2097 2301 Mariam
2122 2290 2135 2313 ,
2172 2265 2334 2318 quam

770 2345 883 2413 ipse
908 2343 1067 2407 dixit,
1100 2344 1193 2411 qui
1253 2342 1527 2411 prtecessit
1555 2379 1568 2401 ,
1602 2351 1657 2393 et
1700 2340 1909 2393 Marcus
1948 2339 2092 2393 clare
2117 2341 2291 2408 aperit
2320 2379 2335 2405 ,

767 2436 995 2489 dicens:
1035 2430 1210 2485 Maria
1265 2440 1442 2484 autem
1479 2428 1785 2499 Magdalene
1808 2470 1820 2492 ,
1844 2439 1891 2481 et
1915 2428 2090 2482 Maria
2128 2428 2337 2498 Joseph,

755 2524 1089 2592 perspiciebant
1138 2522 1222 2575 ubi
1254 2521 1601 2589 ponerent”;
1641 2520 1728 2571 alii
1783 2534 1911 2572 vero
1954 2518 2175 2572 Mariam
2225 2535 2339 2588 qua:

769 2617 1036 2687 appellata
1065 2624 1148 2670 est
1172 2613 1353 2669 Jacobi
1379 2656 1393 2678 ,
1430 2608 1808 2691 existimat-uin
1836 2629 1957 2667 esse
2009 2613 2290 2682 Deiparam
2322 2653 2336 2677 ,

772 2725 878 2764 non
915 2716 1060 2762 recte
1090 2746 1103 2770 ,
1143 2720 1316 2774 neque
1373 2714 1630 2758 accurate
1683 2706 1966 2757 veritatem
2022 2706 2338 2773 conjectan-

774 2810 873 2856 tes.
914 2797 1121 2866 Ubique
1144 2798 1287 2852 enim
1325 2797 1378 2849 in
1415 2796 1718 2864 Evangeliis
1748 2796 1863 2864 ipsa
1912 2803 2032 2864 post
2078 2811 2335 2848 arcanum

774 2892 925 2946 illum
962 2898 1141 2945 ortum
1170 2896 1354 2957 aperte
1393 2896 1447 2941 el.
1490 2888 1706 2956 proprie
1765 2887 2073 2939 nominatur
2127 2886 2293 2941 Mater
2324 2927 2339 2953 ,

773 2979 982 3033 ethanc
1005 2977 1225 3029 omnino
1250 2974 1478 3027 maxime
1498 2985 1677 3027 notam
1705 2974 1867 3027 habet
1900 2974 2336 3043 appellationem.

774 3070 1009 3139 Accepit,
1044 3069 1250 3137 inquit,
1288 3067 1577 3136 infantem,
1629 3076 1677 3119 et
1731 3065 1955 3120 Matrem
2005 3067 2217 3136 ejus”.
2276 3068 2343 3122 Et

776 3178 966 3219 rursus
996 3179 1013 3217 :
1040 3157 1172 3213 Erat
1211 3160 1382 3213 Mater
1453 3157 1577 3213 Iesu
1625 3160 1813 3213 illic“.
1844 3158 1908 3212 Et
1936 3178 1949 3213 :
1977 3159 2115 3213 Dicit
2171 3159 2411 3252 Mutch

777 3256 889 3323 ejus
918 3253 1167 3306 ministris
1188 3251 1253 3302 ⁸³.
1292 3250 1355 3303 Ει
1383 3266 1396 3299 :
1428 3249 1705 3301 Descendit
1739 3251 1791 3300 in
1822 3247 2340 3320 Capharnaumipse,

777 3357 824 3401 et
854 3342 1030 3399 Mater
1056 3344 1168 3410 ejus
1189 3342 1251 3394 ⁸³.
1276 3342 1341 3396 Et
1373 3341 1579 3397 :Mater
1608 3351 1698 3393 tua
1753 3352 1799 3393 et
1831 3341 2020 3410 fratres
2058 3346 2133 3396 tui
2188 3355 2339 3398 stete-

776 3446 895 3490 runt
929 3437 1055 3505 {oris
1086 3436 1150 3489 ⁸⁸.
1182 3436 1321 3500 Quin
1348 3436 1549 3488 etiam:
1583 3432 1850 3487 Steterunt
1878 3436 1947 3487 ad
1985 3452 2190 3487 crucem
2220 3436 2341 3487 Jesu

776 3527 951 3581 Mater
978 3527 1088 3593 ejus
1110 3566 1124 3590 ,
1164 3534 1209 3577 et
1243 3539 1390 3575 soror
1421 3522 1605 3574 Matris
1630 3522 1741 3589 ejus
1763 3522 1805 3551 ⁵⁵
1836 3563 1849 3577 .
1888 3520 2061 3577 Labes
2091 3563 2103 3586 ,
2148 3525 2192 3577 si
2225 3524 2306 3576 vis
2329 3564 2342 3585 ,

775 3620 938 3675 etiam
968 3616 1165 3671 Lucam
1206 3616 1260 3667 in
1287 3613 1509 3667 Actibus
1547 3614 1930 3683 sutl'ragantem
1966 3613 2030 3665 iis
2064 3629 2180 3682 quae
2218 3625 2344 3669 sunt

776 3710 1049 3783 proposita
1083 3724 1097 3765 :
1132 3706 1200 3759 lli
1254 3720 1427 3756 omnes
1471 3715 1619 3756 erant
1690 3715 2079 3769 perseverantes
2118 3706 2171 3756 in
2220 3723 2343 3758 θνα-

777 3805 914 3854 tione
965 3814 1077 3850 cum
1122 3794 1424 3847 mulieribus
1458 3832 1471 3857 ,
1503 3803 1549 3845 et
1604 3792 1768 3845 Maria
1811 3792 1986 3846 Matre
2030 3793 2247 3850 Jcsu“.
2276 3797 2341 3851 Et

779 3895 834 3947 in
896 3904 1108 3947 summa
1174 3888 1486 3942 dimcillime
1518 3886 1749 3940 inveniri
1809 3896 2029 3957 potest,
2073 3903 2191 3940 eam
2222 3904 2343 3942 esse

778 3987 932 4039 aliter
964 3983 1295 4038 nominatam
1325 4019 1338 4045 ,
1378 3991 1469 4033 aut
1500 3996 1563 4032 ex
1599 3990 1750 4045 patre
1776 4017 1789 4039 ,
1817 3990 1907 4029 aut
1933 3994 1995 4029 ex
2030 3979 2205 4046 aliqua
2239 3981 2339 4033 alia

779 4075 1118 4143 cognationis
1214 4071 1574 4135 habitudine,
1638 4079 1693 4123 ut
1756 4069 2010 4126 diximus.
2081 4071 2341 4137 Quocirca

780 4167 926 4221 ncilla
966 4180 1028 4218 ex
1068 4164 1150 4216 his
1182 4162 1269 4216 illa
1310 4173 1416 4217 est.

854 4256 1089 4311 XXXVI.
1126 4256 1253 4309 Nam
1283 4256 1399 4309 alia:
1436 4257 1651 4323 quidem
1687 4264 1799 4309 tota
1860 4265 2015 4309 nocte
2051 4256 2113 4309 ad
2166 4258 2344 4324 sepul-

780 4363 929 4403 crum
968 4347 1225 4414 ingressae
1259 4355 1385 4398 sunt
1418 4356 1470 4398 et
1512 4355 1837 4414 egi-esseet
1873 4362 1935 4399 ea
1962 4349 2301 4416 quatiebant
2327 4388 2340 4410 ,

779 4438 1033 4509 apostolis
1065 4437 1401 4491 nuntiarunt.
1431 4434 1792 4502 Quamobrem
1855 4453 1954 4491 nec
1979 4440 2057 4491 eis
2117 4439 2336 4508 contigit

2433 603 2741 666 habebant,
2777 604 2919 672 quod
2951 618 3019 656 ne
3069 603 3341 656 tantillum
3373 602 3591 671 quidem
3611 643 3625 664 ,
3653 613 3709 655 ut
3738 605 4016 668 diximus,

2429 713 2456 750 a
2490 696 2738 763 sepulcro
2781 696 3105 761 recesserit,
3139 696 3311 749 donec
3380 696 3550 764 ipsam
3601 696 3866 749 viviticam
3923 698 4015 749 vi-

2430 787 2510 840 dit
2544 786 3021 839 resurrectionem.
3061 783 3192 837 Nam
3226 786 3362 853 lapis
3408 786 3627 853 quidem
3676 786 3969 838 revolutus
3997 828 4012 848 ,

2431 892 2487 932 et
2521 877 2744 946 angelus
2784 877 2831 930 ei
2860 876 3103 929 insidens
3129 915 3143 940 ,
3183 876 3249 929 ab
3285 876 3405 930 aliis
3458 892 3670 945 quoque
3720 876 3866 929 visus
3922 887 4017 929 est

2432 969 2768 1023 mulieribus.
2808 966 3034 1032 Quando
3064 978 3245 1020 autem
3271 1005 3285 1032 ,
3314 967 3845 1036 etquemadmodum
3883 968 4014 1021 haec

2432 1063 2569 1116 facta
2611 1073 2772 1124 sunt,
2812 1061 2916 1116 illa:
2951 1062 3165 1129 quidem
3217 1062 3439 1113 omnino
3492 1062 3844 1114 nesciebant:
3887 1062 4012 1128 ipsa

2434 1170 2559 1206 \‘et'o
2597 1154 2738 1213 sola,
2777 1165 2834 1204 ut
2881 1169 2999 1221 qua:
3030 1150 3315 1215 assideret,
3350 1152 3532 1204 omnia
3588 1162 3840 1206 accurate
3878 1169 4014 1220 per-

2433 1246 2631 1311 spexit.
2667 1244 2927 1297 Videntur
2960 1258 3086 1312 ergo
3115 1243 3162 1296 ei
3194 1248 3381 1312 prima:
3400 1259 3519 1296 esse
3542 1243 3649 1296 dati
3701 1243 3825 1296 boni
3854 1260 4010 1296 nun-

2436 1337 2491 1388 tii
2531 1336 2991 1395 resurrectionis,
3030 1345 3084 1389 ct
3150 1336 3329 1404 quoad
3362 1336 3479 1404 ejus
3521 1335 3634 1389 ﬁeri
3678 1335 3891 1403 potuit,
3939 1335 4011 1387 ab

2436 1438 2495 1475 ea
2523 1432 2847 1490 conSpectus
2881 1424 3047 1476 fuisse
3088 1424 3341 1492 Splendor
3398 1424 3534 1478 Filii.
3592 1424 3699 1479 Sed
3752 1426 3831 1478 sic
3882 1425 4010 1492 qui-

2435 1515 2556 1567 dem
2596 1514 2685 1568 Dei
2718 1514 2887 1568 Mater
2936 1524 2989 1568 et
3021 1516 3135 1583 ipsa
3194 1516 3394 1569 clarius
3450 1518 3635 1585 aspicit
3671 1498 3788 1571 Filii
3825 1534 4011 1570 resur-

2438 1607 2729 1660 rectionem
2754 1649 2767 1671 ,
2801 1615 2855 1660 et
2889 1608 3006 1676 ejus
3040 1606 3422 1676 praedicatores
3447 1611 3513 1661 de
3554 1624 3618 1660 ea
3654 1609 3823 1675 magis
3870 1623 4010 1660 con-

2438 1700 2631 1763 lirmat,
2660 1715 2819 1767 quant
2848 1715 2925 1753 eae
2953 1716 3071 1768 quae
3100 1709 3374 1769 unguenta
3399 1701 3701 1753 attulerunt
3726 1716 3738 1751 :
3767 1701 4011 1760 etiamsi,

2436 1792 2563 1845 dum
2620 1792 2980 1859 loquerentur
3005 1797 3067 1845 de
3095 1790 3303 1846 Domini
3344 1792 3767 1855 resurrectione,
3805 1792 4010 1843 nullam

2437 1886 2553 1951 ejus
2582 1882 2910 1937 mentionem
2943 1883 3174 1936 fecerint
3198 1924 3211 1947 ,
3243 1882 3499 1937 caventes
3526 1883 3754 1937 fortasse
3797 1878 4009 1936 maler-

2439 1989 2568 2026 num
2596 1974 2789 2026 allerrc
2816 1974 3185 2027 testimonium
3224 2013 3237 2034 ,
3265 1990 3334 2028 ne
3366 1975 3640 2029 videretur
3668 1984 4013 2044 suspectum,

2437 2075 2491 2119 et
2526 2075 2742 2135 propter
2772 2065 3212 2133 conjunctionem
3247 2065 3389 2118 ﬁdes
3441 2066 3489 2119 ei
3538 2066 3718 2118 minus
3777 2067 4015 2119 habere-

2436 2168 2540 2213 tur.
2599 2159 2705 2213 Sed
2758 2158 2983 2229 Deipara
3043 2174 3212 2225 ,cum
3263 2158 3383 2212 Filii
3444 2159 3907 2213 resurrectionem
3964 2168 4017 2212 et

2439 2252 2555 2305 visu
2583 2290 2595 2312 ,
2634 2260 2687 2304 et
2717 2250 2946 2304 internis
2983 2252 3157 2304 oeulis
3193 2251 3272 2304 sic
3303 2253 3648 2321 accepisset,
3684 2264 3877 2323 postea
3920 2250 4018 2302 ha—

2443 2340 2633 2393 bitavit
2680 2354 2804 2393 cum
2861 2341 3059 2394 dilecto
3090 2341 3357 2410 discipulo
3386 2382 3400 2406 ,
3435 2355 3760 2412 exspectans
3799 2354 4019 2410 tempus

2440 2433 2641 2487 Christi
2676 2434 3087 2503 assumptionis.

2512 2522 2766 2578 XXXVII.
2803 2523 3093 2594 Postquam
3131 2536 3308 2577 autem
3345 2522 3503 2576 ﬁnem
3561 2523 3816 2591 accipere
3853 2537 4019 2590 Opor-

2442 2617 2587 2674 tebat
2615 2659 2628 2680 ,
2669 2633 3008 2685 quaecunque
3038 2618 3103 2670 ad
3148 2619 3328 2669 carnis
3366 2625 3631 2683 suscepta:
3666 2616 4022 2685 pertinebant

2441 2711 2849 2771 oeconomiam,
2880 2718 2933 2762 et
2988 2709 3061 2762 ila
3112 2711 3163 2760 in
3216 2709 3408 2761 coelum
3460 2709 3679 2769 extolli,
3720 2709 3868 2775 quod
3931 2723 4017 2758 as-

2443 2812 2718 2872 Stttnpltim
2768 2801 2944 2855 fuerat
2974 2840 2986 2863 ,
3026 2799 3218 2853 amicis
3274 2814 3544 2867 apparens
3594 2798 3845 2850 Saluator
3890 2804 4018 2865 (non

2442 2895 2587 2948 enim
2639 2909 2783 2963 saepe
2840 2901 2963 2962 post
3019 2891 3473 2945 resurrectionem
3544 2892 3906 2959 spectabilem
3962 2906 4020 2943 se

2444 2988 2549 3039 illis
2577 2986 2850 3055 praebebat
2876 2984 2892 3054 )
2923 3027 2936 3048 ,
2968 2993 3021 3037 et
3066 2984 3231 3036 multa
3273 2984 3375 3036 alia
3420 2998 3538 3036 cum
3561 2983 3640 3037 eis
3673 2982 3936 3045 disserit,
3966 2993 4020 3036 et

2445 3078 2570 3130 boni
2600 3078 2833 3144 Spiritus
2910 3075 3199 3127 adventum
3257 3075 3566 3128 annuntiat.
3616 3077 3822 3129 Deinde
3856 3077 4019 3129 etiam

2445 3184 2566 3221 cum
2598 3166 2871 3220 eduxisset
2917 3182 3105 3233 parum
3142 3168 3290 3220 extra
3326 3167 3602 3219 civitatth
3634 3206 3649 3220 .
3683 3177 3736 3220 et
3774 3168 3898 3219 illos
3930 3177 4022 3230 ,nt

2446 3276 2567 3314 eum
2604 3259 2849 3319 decebat,
2878 3258 3229 3327 impertiisset
3262 3257 3643 3312 benedictione
3667 3296 3681 3319 ,
3706 3257 4022 3309 videntibus

2447 3353 2573 3420 ipsis
2610 3351 2664 3402 in
2718 3351 2913 3401 emtum
2972 3348 3251 3401 extollitur
3277 3349 3319 3376 ετ
3348 3386 3359 3398 .
3406 3348 3509 3399 Sed
3558 3362 3625 3399 ne
3652 3362 3714 3398 ea
3774 3363 3862 3400 res
3892 3343 4023 3416 ipsis

2447 3444 2665 3494 aII'erret
2705 3438 2998 3496 molestiam
3032 3478 3047 3502 ,
3080 3448 3131 3492 et
3160 3438 3399 3493 dolorem
3434 3437 3514 3491 eis
3563 3449 3877 3506 procrearet
3911 3439 4023 3492 Bla-

2446 3534 2592 3603 gistri
2654 3534 2924 3601 privatio.
2978 3532 3094 3601 ejus
3152 3548 3366 3601 quorpte
3429 3547 3612 3584 curam
3645 3531 3814 3601 gessit
3848 3533 4025 3585 bonus

2445 3625 2648 3695 pastor.
2682 3625 2757 3677 Ad
2790 3640 2882 3677 cos
2916 3624 3075 3678 mittit
3132 3625 3349 3694 angelos
3380 3666 3393 3689 ,
3422 3625 3511 3692 qui
3545 3633 3596 3678 et
3649 3625 3797 3679 illius
3832 3641 4026 3679 ascen-

2444 3735 2561 3773 sum
2624 3719 2996 3787 explicarenl,
3051 3728 3106 3772 ct
3162 3734 3257 3772 eos
3309 3718 3569 3772 inetl‘abiii
3623 3729 3676 3771 et
3710 3719 4023 3772 admirabili

2414 3836 2417 3839 λ
2445 3809 2729 3876 implerent
2763 3809 3132 3863 consolatione
3162 3811 3226 3860 "3.
3252 3810 3387 3861 Cum
3412 3818 3595 3861 autem
3646 3810 3979 3863 adorassent
4009 3851 4023 3872 ,

2445 3914 2633 3950 rursus
2664 3900 2880 3952 domum
2934 3900 3038 3952 lacti
3086 3909 3211 3952 sunt
3279 3900 3520 3963 reversi,
3582 3899 3741 3954 simul
3802 3904 4025 3969 quidem

2446 3999 2668 4059 agentes
2696 3992 2747 4042 in
2782 3991 3060 4057 superiore
3095 3992 3379 4045 caenaculo
3404 4032 3418 4056 ,
3466 3992 3609 4048 sicut
3652 3996 4023 4049 constitutum

2445 4082 2621 4137 fuerat
2652 4125 2666 4149 ,
2708 4092 2758 4137 et
2784 4082 3043 4137 Paraeleti
3094 4096 3475 4155 exspectantes
3508 4089 3830 4143 adventurm.
3863 4091 4028 4143 Er-ant

2445 4178 2622 4231 autem
2662 4177 2716 4228 in
2768 4176 3012 4230 oratione
3071 4178 3401 4230 unanimiter
3454 4191 3877 4244 perseverantes
3908 4223 3919 4241 .
3954 4186 4026 4234 si-

2445 4274 2536 4318 cut
2564 4266 2725 4317 etiam
2764 4265 2935 4317 Lucas
2968 4267 3306 4337 Evangelista
3338 4280 3548 4319 narrat.
3583 4271 3717 4321 Cum
3752 4273 3903 4323 enim
3933 4288 4029 4329 no-

2447 4357 2690 4409 minatim
2745 4356 2939 4408 (Inriin
3001 4370 3374 4412 enumerasset
3426 4360 3727 4429 discipulos
3758 4402 3773 4425 ,
3820 4365 4025 4417 deinde

2445 4447 2722 4517 subjungit
2761 4465 2772 4500 :
2814 4446 2874 4500 Et
2923 4450 2973 4501 hi
3052 4466 3225 4503 Oiltitt.‘8
3281 4455 3677 4518 perseverabant
3746 4460 4026 4509 unanimi-

782 4530 967 4586 videre
1005 4528 1159 4598 plura
1192 4526 1454 4580 miracula
1520 4528 1937 4581 resurrectionis
1964 4565 1976 4579 -
2034 4529 2121 4581 illa
2158 4541 2335 4581 amem
2371 4529 2421 4585 D
2450 4549 2526 4593 tt'r
2582 4542 2631 4591 in
2676 4542 2909 4593 oratione
2959 4553 3005 4595 et
3058 4545 3355 4610 precatione
3382 4585 3393 4606 ,
3455 4562 3569 4597 cum
3612 4547 3922 4603 mulieribus
3979 4562 4025 4602 et

779 4638 899 4690 qua:
960 4621 1228 4675 indtvulsa
1293 4617 1565 4670 assidebat
1611 4622 1904 4685 sepulcro,
1968 4618 2150 4671 omnia
2210 4620 2342 4672 vidit

778 4721 963 4782 aperte
991 4750 1004 4773 ,
1039 4718 1094 4763 et
1130 4723 1233 4761 non
1288 4707 1465 4759 statim
1496 4746 1507 4768 ,
1534 4707 1627 4761 sed
1687 4718 1872 4775 postea
1923 4709 2147 4778 protulit
2184 4709 2235 4762 in
2262 4709 2341 4763 lu-

778 4813 930 4865 cem,
969 4804 1024 4850 et
1057 4794 1410 4849 renuntiavit.
1457 4795 1587 4847 Nam
1635 4801 1905 4863 quomodo
1949 4800 2106 4852 simul
2157 4810 2341 4856 terra:-

778 4899 1016 4952 motum,
1052 4885 1308 4953 etaugeli
1348 4886 1401 4938 in
1464 4895 1738 4940 momento
1791 4891 2054 4957 temporis
2109 4892 2329 4943 descen¢

778 4994 931 5044 sum,
967 4985 1022 5030 et
1071 4976 1266 5046 lapidis
1319 4976 1745 5041 revolutionem,
1783 4988 1837 5032 et
1897 4980 2181 5033 custodum
2218 4997 2342 5050 pro-

779 5067 1005 5120 fundum
1059 5077 1312 5127 soporem
1349 5102 1361 5126 ,
1417 5071 1466 5115 et
1519 5066 2041 5130 expergelactionem
2070 5107 2083 5131 ,
2117 5078 2170 5120 ct
2206 5085 2341 5137 quo-

779 5159 1024 5214 rumdam
1053 5155 1105 5207 in
1133 5156 1321 5207 urbem
1363 5156 1768 5219 reversionem,
1798 5159 2102 5226 potuissent
2136 5163 2338 5215 abeun-

780 5264 857 5305 tes
892 5249 1146 5303 mulieres
1176 5289 1188 5309 ,
1223 5260 1274 5300 et
1305 5264 1494 5318 rursus
1544 5260 1877 5305 revertentes
1900 5294 1912 5317 ,
1947 5255 2154 5325 integre
2212 5274 2335 5327 pcr-

777 5342 984 5410 spicere
1007 5339 1028 5391 ἶ
1051 5339 1153 5393 Sed
1186 5339 1389 5392 clarum
1423 5352 1527 5404 est,
1552 5341 1663 5395 haec
1697 5342 1861 5396 fuisse
1890 5348 2114 5400 materni
2149 5358 2202 5401 ct
2248 5365 2339 5401 ar-

776 5432 951 5486 dentis
983 5432 1183 5483 amoris
1206 5470 1219 5495 ,
1255 5445 1372 5499 qua:
1406 5444 1669 5501 perpetuo
1722 5435 1967 5491 assidens
2066 5449 2119 5493 et
2153 5442 2329 5496 acrio-

774 5610 804 5684 I
878 5608 1150 5684 'I_b_l_atth.
1183 5627 1346 5673 xxvtt,
1384 5611 1469 5673 65,
1504 5614 1590 5669 66.
1667 5615 1714 5647 ⁵⁸
1740 5615 1925 5672 Matth.
1956 5636 2139 5684 xxvnt,
2175 5624 2221 5678 I.

775 5680 827 5755 ξ’).
905 5680 1114 5755 ‘ilbid.
1159 5696 1254 5755 sit,
1363 5686 1407 5714 5‘
1439 5684 1627 5739 Matth.
1661 5689 1869 5755 stt,47.

775 5752 828 5803 1.
917 5750 960 5781 θ’
996 5752 1128 5805 ibid.
1164 5752 1252 5805 Il.

2302 5626 2346 5656 ‘9
2366 5627 2528 5686 Mare.
2550 5650 2634 5698 xv,
2664 5636 2714 5688 I.

1971 5692 2192 5747 “Joan.
2228 5713 2338 5763 xix,
2388 5701 2477 5758 2:5.
2556 5692 2740 5761 “Act.
2779 5720 2815 5769 ι,
2846 5704 2933 5760 14.
3010 5692 3525 5783 "Luci—umis]:

2443 4631 2615 4685 Maria
2650 4642 2812 4684 matre
2844 4632 2964 4684 Jesu
2997 4672 3009 4694 ,
3037 4643 3082 4685 et
3107 4650 3220 4685 cum
3251 4634 3506 4701 fratribus
3532 4637 3642 4697 ejus
3668 4641 3709 4669 "
3733 4677 3749 4692 .
3794 4640 4027 4711 Semper

2444 4726 2588 4776 enim
2623 4724 2737 4790 ipsa
2773 4738 2984 4790 quoque
3019 4738 3138 4776 cum
3184 4727 3262 4779 eis
3290 4728 3753 4793 conversabatur,
3787 4746 3815 4782 a
3859 4736 4026 4787 rebus

2447 4807 2830 4883 pulcherrimis
2885 4824 2938 4868 et
3006 4816 3400 4873 honestissimis
3457 4835 3734 4889 nunquam
3793 4826 4024 4880 omnino

2448 4903 2741 4957 desistcns.

2519 4994 2806 5048 XXXVIII.
2854 4997 3141 5067 Postquam
3179 5013 3358 5055 autem
3412 5004 3464 5057 in
3524 5016 3771 5077 tempore
3823 5009 4024 5065 Pente-

2444 5085 2618 5139 coslcs
2651 5086 2901 5154 apostoli,
2937 5088 3136 5156 impleti
3185 5092 3366 5147 divina
3419 5098 3588 5165 gratia
3629 5098 3923 5168 Paracleti,
3952 5106 4017 5157 ad

2446 5176 2719 5246 Evangelii
2756 5178 3054 5233 doctrinam
3091 5182 3228 5239 allus
3264 5182 3368 5240 alio
3394 5190 3784 5255 mittebantur,
3818 5205 3874 5246 et
3904 5198 4013 5265 jam

2446 5269 2756 5335 praedicatio
2796 5268 2917 5321 ﬁdei
2959 5276 3421 5343 annuntiabatur,
3460 5280 3764 5349 Virginem,
3824 5299 4013 5355 utpote

2441 5358 2636 5412 dilecto
2690 5358 2951 5427 discipulo
3002 5372 3055 5415 et
3115 5365 3305 5435 virgini
3354 5374 3815 5441 commendatam,
3895 5394 4013 5445 qu.e

2436 5461 2548 5501 erat
2583 5451 2632 5502 in
2668 5449 2797 5503 Sion
2826 5452 2943 5520 ejus
2971 5454 3201 5525 domus,
3237 5474 3355 5513 eam
3385 5462 3613 5519 habebat
3648 5463 3765 5521 illic
3807 5471 4012 5542 degen-

2791 5632 3055 5714 ‘°_h‘_latth,
3081 5656 3139 5714 Il,
3169 5641 3252 5697 14.
3332 5645 3372 5676 ⁸⁸
3393 5641 3549 5706 Joan.
3580 5666 3638 5714 ll,
3680 5652 3732 5705 I.
