4226 6436
190 413 295 473 557

191 528 295 578 tem
337 541 349 575 :

186 613 566 670 exhibebatur.
613 612 746 666 Cum
799 627 926 666 vero
972 622 1028 665 et
1074 613 1260 665 morlis
1292 627 1410 664 eam
1440 612 1756 681 participem

189 707 304 757 tieri
360 719 578 757 necesse
618 703 960 772 foret,(cur
995 705 1139 756 enim
1203 702 1306 756 hoc
1363 719 1591 772 passura
1651 719 1757 756 non

188 805 370 856 esset,
407 795 653 863 quamvis
696 794 786 846 Dei
840 793 1009 847 Filius
1064 811 1128 847 ex
1196 811 1255 853 ea
1312 796 1525 863 genitus
1570 809 1758 848 revera

189 897 330 940 esset
382 887 579 941 homo?
613 887 810 956 )cum,
843 888 1058 954 inquam
1085 927 1099 951 ,
1162 895 1320 940 aetate
1387 898 1637 956 provecta
1693 886 1758 940 ad

188 980 412 1032 multam
463 988 799 1033 senectutem
845 979 1210 1046 pervenisset,
1259 990 1311 1033 et
1372 977 1758 1049 peregrinatio-

188 1070 272 1123 nis
299 1081 511 1137 tempus
542 1084 780 1137 prtcsens
818 1077 977 1131 esset,
1002 1084 1094 1136 per
1125 1070 1395 1135 angelum,
1419 1085 1475 1122 se
1501 1069 1756 1138 migratu-

187 1175 300 1212 ram
326 1175 473 1222 esse,
512 1176 539 1212 a
584 1158 720 1210 Filio
771 1157 963 1211 edocta
995 1167 1078 1212 est
1107 1199 1120 1222 ,
1153 1160 1298 1211 sicut
1328 1168 1388 1210 et
1423 1168 1612 1216 antea,
1653 1174 1760 1226 quo

186 1261 430 1320 tempore
480 1252 532 1304 in
585 1251 704 1318 ejus
752 1259 994 1302 ventrem
1055 1252 1397 1320 ingressurus
1441 1259 1587 1312 erat,
1619 1265 1761 1301 nim-

187 1346 376 1394 tiatum
421 1342 494 1394 illi
525 1342 718 1394 fuerat.
754 1341 887 1394 Cum
920 1342 1083 1410 igitur
1127 1356 1383 1394 excessus
1431 1340 1512 1394 sui
1561 1350 1760 1409 mysteo

186 1435 325 1487 rium
359 1435 680 1496 didicisset,
743 1448 862 1485 eam
916 1445 1032 1485 rem
1073 1433 1264 1488 laetitia:
1323 1441 1481 1486 tantae
1507 1473 1522 1498 ,
1563 1441 1760 1500 quanta

183 1527 366 1581 verbis
425 1527 680 1594 explicari
747 1542 853 1579 non
908 1531 1124 1595 potest,
1178 1528 1456 1580 materiam
1516 1527 1762 1592 judicans

182 1619 358 1689 (quid
415 1619 559 1671 enim
603 1619 678 1672 illi
730 1620 950 1674 suavius
1027 1620 1245 1672 evenire
1299 1629 1548 1688 poterat,
1600 1633 1760 1688 qnam

181 1727 306 1765 cum
347 1710 484 1765 Filio
525 1727 624 1765 suo
659 1727 781 1766 esse
806 1720 860 1765 et
898 1727 1005 1766 una
1032 1713 1299 1778 regnare?
1329 1717 1345 1779 )
1377 1713 1557 1764 statim
1603 1712 1763 1780 jussit

184 1803 420 1872 plurima
456 1803 658 1855 lumina
688 1804 908 1855 domum
943 1802 1124 1855 atierri
1156 1805 1372 1872 ;-idque
1413 1804 1612 1857 factum
1658 1814 1762 1857 est.

185 1896 324 1953 Tota
362 1910 488 1948 vero
543 1895 737 1948 domus
791 1894 1049 1947 mundata
1091 1903 1193 1947 est.
1248 1895 1444 1951 Lectus
1500 1897 1666 1958 item,
1712 1905 1766 1948 et

183 1991 458 2043 thalamus
491 1988 790 2042 ornabatur
839 1996 945 2040 :et
1005 1989 1449 2041 convocabantur
1502 1999 1766 2057 quotquot

181 2090 345 2136 erant
378 2082 589 2152 cognati
622 2089 675 2134 et
703 2080 864 2134 vicini
896 2121 909 2142 ,
950 2087 1006 2132 ut
1037 2095 1157 2133 cum
1199 2096 1261 2132 ea
1315 2080 1511 2132 lwtitire
1572 2081 1764 2133 fierent

183 2175 499 2245 participes.
532 2173 734 2226 Deinde
765 2181 949 2241 parata
983 2182 1136 2224 erant
1165 2173 1345 2225 omnia
1375 2174 1438 2226 ad
1459 2189 1760 2230 excessmn.

183 2268 472 2336 Signiﬁcat
503 2266 683 2333 itaque
720 2265 784 2318 iis
818 2265 906 2334 qui
964 2276 1336 2319 convenerant
1366 2307 1380 2328 ,
1442 2269 1494 2320 id
1538 2268 1679 2336 quod
1713 2267 1762 2320 ei

185 2358 356 2411 Filius
403 2371 498 2427 per
551 2359 804 2428 angelum
879 2360 1248 2416 nuntiaverat.
1287 2359 1535 2415 Ostendit
1583 2371 1763 2414 autem

183 2451 438 2504 bravium
463 2490 477 2514 ,
509 2452 652 2519 quod
689 2451 791 2504 sibi
827 2452 893 2505 ab
936 2468 999 2505 eo
1061 2453 1246 2505 datum
1305 2456 1502 2506 luerat.
1553 2453 1608 2506 ld
1640 2469 1765 2508 vero

185 2554 306 2597 erat
342 2559 523 2596 ramus
552 2545 784 2611 palma},
837 2554 891 2595 ut
937 2544 1130 2608 linguae
1187 2546 1508 2595 assuefact-.9.
1531 2559 1652 2596 vera
1683 2547 1762 2597 lo-

185 2634 278 2701 qui
316 2633 381 2684 de
427 2647 491 2684 eo
531 2633 819 2684 dixerant:
875 2633 1091 2702 signum
1141 2633 1381 2687 victoria:
1433 2636 1624 2688 mortis
1659 2675 1672 2699 ,
1708 2646 1762 2690 et

188 2723 314 2775 vita:
380 2722 554 2791 imago
617 2722 974 2776 immortalis:
1014 2725 1156 2777 sicut
1212 2725 1374 2778 eriam
1412 2722 1760 2780 Hebraeorum

179 2814 341 2883 pueri
381 2815 430 2867 id
482 2817 598 2884 ejus
647 2815 920 2868 faciebant
966 2815 1143 2882 Filio,
1201 2819 1443 2886 iuspirati
1481 2820 1760 2873 divinitus.

183 2907 265 2959 llli
314 2911 458 2960 enim
506 2906 957 2976 appropinquanti
997 2911 1060 2960 ad
1103 2909 1448 2976 passionem,
1498 2910 1532 2963 ii
1584 2927 1764 2965 ramos

184 2999 490 3068 palmarum
523 2999 845 3063 ollercbant,
866 3016 990 3053 eum
1024 2999 1266 3053 futurum
1292 3001 1545 3054 victorem
1573 3005 1763 3057 mortis

184 3092 312 3141 ante
347 3090 787 3157 signiﬁcantes”.
810 3092 941 3143 Cum
971 3105 1150 3144 autem
1180 3093 1290 3161 jam
1315 3095 1523 3147 adesset
1553 3087 1778 3163 tempus’

1274 407 1562 466 ORATIO
1607 408 1706 467 DE
1751 409 2033 468 SANCTA
2073 409 2344 467 MARIA.

393 522 478 575 cui
522 531 773 589 tanquam
827 520 980 573 Matri
1031 521 1138 574 Deo
1179 521 1352 573 honor
1382 521 1448 573 ab
1502 521 1755 574 omnibus
1789 527 1830 583 Α
1860 535 1979 574 mea
2040 521 2312 574 voluntas.

3315 404 3418 469 553

2382 519 2623 573 Accersit
2669 528 2849 572 autem
2896 518 3115 576 Petrum
3145 559 3159 583 ,
3225 518 3420 573 deinde

1859 609 2029 662 alios:
2067 619 2120 662 et
2176 624 2298 662 cum
2348 609 2601 662 lucernas
2635 608 2733 677 ipsi
2786 612 3195 670 acccndissent,
3228 609 3314 663 illa
3367 615 3421 662 in

1859 699 2048 767 Spiritu
2084 701 2365 753 exsultans
2392 741 2405 762 ,
2435 697 2664 754 diductis
2707 700 2870 753 labris
2899 739 2912 764 ,
2967 701 3234 760 Benedico
3281 703 3375 756 tibi
3407 743 3420 764 ,

1863 791 2064 858 inquit,
2093 792 2266 843 datori
2298 792 2475 846 omnis
2505 793 2931 857 benedictionis,
2963 809 3136 847 causa:
3169 795 3387 847 lmninis
3410 833 3423 856 ,

1861 884 1952 951 qui
2010 900 2191 938 meum
2285 895 2530 938 ventrem
2593 887 2940 942 inhabitasti.
2998 888 3267 942 Benediro
3325 900 3426 942 tua’:

1862 964 2118 1029 charitati
2142 1017 2154 1040 ,
2178 991 2282 1044 qua
2313 992 2410 1029 nos
2442 979 2674 1031 dilexisti
2702 1019 2715 1043 ,
2744 977 2968 1032 Domine
3000 998 3010 1032 :
3045 992 3098 1034 et
3142 982 3427 1049 magnilito

1863 1064 2027 1116 verba
2055 1074 2142 1116 tua
2171 1105 2184 1128 ,
2225 1079 2344 1130 qua:
2399 1067 2556 1118 nobis
2603 1069 2721 1119 data
2779 1079 2905 1121 sunt
2957 1070 3011 1121 in
3067 1070 3338 1123 veritate:
3376 1079 3428 1124 et

1864 1157 2026 1212 credo
2057 1156 2184 1208 mihi
2217 1155 2476 1220 atlutura,
2509 1173 2627 1224 quae
2659 1160 2872 1213 dixisti.
2909 1161 3040 1214 Cum
3062 1162 3139 1213 sic
3166 1165 3426 1225 dixisset,

1863 1260 1918 1298 se
1951 1245 2175 1299 reclinat
2210 1247 2265 1298 in
2297 1247 2464 1308 lecto,
2500 1258 2552 1300 et
2583 1249 2835 1302 manibus
2867 1250 2918 1302 in
2943 1254 3109 1303 altum
3164 1252 3427 1314 sublatis,

1864 1354 1986 1391 cum
2031 1340 2166 1392 nulli
2222 1341 2638 1408 reprehensioni
2696 1343 2853 1395 aliine
2901 1359 3056 1395 suum
3121 1360 3319 1411 corpus
3372 1345 3426 1396 in

1867 1430 2152 1484 honestam
2184 1442 2236 1487 et
2264 1434 2513 1506 decoram
2547 1437 2769 1504 ﬁguram
2803 1437 3233 1503 composuisset,
3277 1446 3330 1489 ct
3369 1452 3430 1489 os

1863 1523 2229 1576 venerandum
2280 1526 2581 1591 aperuisset
2628 1528 2850 1591 (etenim
2908 1526 3124 1580 videbat
3177 1529 3282 1596 jam
3324 1528 3426 1581 Do-

1864 1617 2068 1668 minum
2139 1617 2202 1670 ad
2258 1619 2433 1685 ipsam
2520 1624 2827 1674 venientem
2903 1639 3025 1676 cum
3083 1625 3431 1678 multitudine

1865 1707 2227 1776 angelorum),
2261 1718 2369 1762 tota
2399 1710 2648 1778 impletur
2696 1712 2888 1779 gaudio
2940 1722 2991 1765 et
3046 1716 3336 1782 voluptate.
3378 1726 3432 1767 et

1868 1814 1998 1852 cum
2057 1815 2244 1854 rursus
2282 1802 2542 1856 dixisset:
2605 1801 2740 1856 Fiat
2774 1807 2895 1856 milii
2921 1845 2934 1867 ,
2985 1805 3227 1870 Domine,
3253 1820 3433 1859 recrui-

1868 1891 2258 1944 dum'rerbum
2309 1902 2498 1957 tuum,
2568 1894 2762 1945 emittit
2819 1898 3070 1963 tanquam
3135 1897 3184 1948 in
3243 1912 3433 1951 somno

1867 1984 2154 2051 Spiritum,
2189 1995 2242 2038 et
2292 2001 2416 2038 eum
2445 1985 2495 2038 in
2529 1986 2718 2039 amicis
2748 1987 2973 2054 deponit
3012 1987 3127 2039 Filii
3159 1987 3430 2040 manibus.

1867 2073 1942 2126 Ne
1989 2084 2169 2126 autem
2212 2076 2457 2128 videatur
2495 2092 2614 2131 esse
2650 2078 2839 2143 inane,
2890 2080 3033 2148 quod
3091 2080 3295 2132 dictant
3351 2090 3435 2132 est

1866 2164 1931 2217 de
1995 2165 2412 2235 congregatione
2474 2168 2878 2233 apostolorum,
2926 2187 3046 2237 quae
3083 2170 3220 2224 facta
3249 2181 3334 2224 est
3380 2172 3431 2223 in

1867 2257 2189 2310 dormitione
2243 2256 2509 2328 Virginis;
2566 2259 2734 2311 satius
2788 2257 2950 2312 fuerit
3001 2276 3063 2313 ea
3124 2262 3434 2314 summatim

1867 2348 2105 2412 addere,
2170 2365 2288 2418 quat
2327 2366 2356 2404 a
2435 2349 2684 2419 Dionysio
2736 2352 3057 2421 Areopagita
3095 2353 3349 2407 dicuntur
3382 2355 3435 2407 in

1869 2442 2027 2496 tertio
2092 2441 2375 2510 lihro(t),
2414 2455 2466 2496 et
2518 2441 2709 2510 capitis
2732 2442 2968 2512 quidem,
3024 2443 3153 2508 Quae
3217 2446 3282 2498 sit
3365 2447 3466 2498 vis’

1869 2540 2120 2591 orationis
2152 2550 2198 2592 et
2230 2544 2290 2591 de
2321 2541 2468 2592 beato
2505 2539 2801 2602 llicrotlteo,
2825 2543 2885 2592 de
2915 2541 3104 2608 pietate
3128 2551 3176 2594 et
3211 2544 3272 2594 de
3299 2543 3440 2596 theo-

1868 2629 2031 2698 logica
2094 2631 2410 2698 inscriptum
2462 2640 2545 2684 est
2595 2633 2986 2700 conscriptione.
3019 2633 3278 2688 Dicuntur
3339 2650 3436 2688 au-

1869 2733 1972 2776 tem
2035 2737 2097 2776 ea
2166 2723 2380 2792 quidem
2437 2724 2720 2778 Timotheo
2779 2725 2978 2794 Ephesi
3041 2727 3315 2797 episcopo.
3365 2729 3437 2782 Ea

1870 2830 1997 2869 vero
2031 2823 2158 2868 sunt
2193 2815 2244 2868 in
2280 2814 2379 2868 hoc
2415 2816 2592 2884 capite
2625 2817 2702 2869 sic
2733 2817 2797 2869 ad
2831 2818 3050 2871 verbum
3081 2820 3295 2888 posita:

1937 2908 2047 2962 XL.
2079 2928 2095 2958 ι
2130 2908 2573 2975 Quandoquidem
2608 2909 2750 2977 apud
2781 2911 2924 2978 ipsos
2955 2927 3170 2980 quoque
3223 2921 3438 2966 nostros

1867 3018 1894 3054 a
1923 3002 2030 3054 Deo
2060 2999 2265 3052 albatos
2293 3015 2572 3052 sacrorum
2605 3001 2898 3069 principes,
2925 3004 3143 3063 quando
3177 3019 3272 3058 nos
3302 3019 3436 3072 quo-

1867 3109 1990 3162 que,
2026 3101 2083 3145 ut
2120 3107 2235 3160 ipse
2286 3091 2452 3154 nosti,
2486 3100 2540 3144 et
2579 3091 2730 3145 multi
2772 3107 2834 3144 ex
2871 3094 3073 3145 nostris
3107 3095 3275 3146 sacris
3326 3093 3435 3148 fra-

183 3193 444 3232 exeessus
469 3220 482 3244 ,
518 3179 604 3231 illa
640 3179 854 3247 quidem
914 3197 1051 3236 vera:
1089 3184 1206 3234 vita:
1249 3194 1421 3234 mater
1452 3185 1670 3250 jacebat
1704 3185 1757 3237 in
1788 3197 1828 3253 ο
1869 3185 2041 3237 tribus
2073 3183 2136 3234 ad
2171 3181 2458 3234 videndum
2506 3195 2727 3249 corpus,
2758 3181 2900 3249 quod
2950 3181 3070 3235 vita:
3108 3181 3434 3252 principium

184 3271 445 3341 grabato:
481 3273 668 3325 aderat
696 3289 826 3326 vero
865 3274 907 3326 is
933 3314 946 3338 ,
975 3274 1066 3342 qui
1089 3290 1206 3326 eam
1240 3274 1400 3328 domo
1431 3286 1718 3343 exceperat
1739 3315 1754 3340 ,

181 3360 452 3416 Joannes.
503 3365 742 3417 Aderant
804 3366 1003 3428 etiam,
1046 3363 1363 3434 quicunque
1413 3377 1566 3420 erant
1599 3367 1758 3420 electi

186 3455 240 3507 in
274 3453 611 3520 Jerusalem,
632 3459 930 3527 amicazque
953 3471 1007 3512 et
1033 3471 1276 3528 cognatae
1305 3461 1462 3513 simul
1486 3463 1752 3514 astabant.

189 3543 354 3614 Virgo
389 3561 517 3616 ergo
564 3548 630 3600 ad
671 3549 936 3602 Joannem
969 3553 1236 3618 aspiciens
1286 3552 1579 3616 virginem,
1636 3568 1758 3604 cum

188 3651 362 3703 pauca
397 3651 516 3687 cum
540 3651 604 3687 eo
632 3646 776 3688 esset
810 3638 984 3688 locuta
1014 3676 1026 3700 ,
1065 3638 1258 3690 deinde
1289 3655 1302 3690 :
1333 3639 1471 3691 Duas
1497 3681 1510 3704 ,
1545 3641 1755 3710 inquit,

187 3725 412 3777 tunicas
437 3740 572 3792 quas
605 3733 715 3779 toto
748 3726 869 3780 vita:
901 3738 1141 3796 tempore
1179 3731 1342 3784 habui
1391 3739 1758 3801 tegumentum

187 3816 300 3870 mei
327 3816 568 3886 corporis
595 3860 608 3883 ,
646 3833 736 3871 eas
789 3820 903 3872 dari
946 3822 1285 3889 jubeohisce
1319 3825 1528 3878 duabus
1569 3828 1761 3881 malie-

184 3909 362 3964 ribus.
398 3908 519 3963 llzec
553 3910 639 3962 illa
672 3911 890 3979 quidem
941 3913 1095 3966 dixit.
1144 3915 1244 3978 Qui
1316 3916 1543 3971 aderant
1594 3933 1755 3985 vero,

182 4002 435 4055 videntes
465 4001 614 4069 signa
650 4003 939 4066 decessus,
992 4019 1055 4056 ex
1111 4008 1283 4058 oculis
1323 4010 1520 4060 multas
1567 4009 1761 4064 funde-

183 4096 319 4146 bant
351 4093 636 4168 lacrymas.
673 4095 805 4157 Quis
835 4096 976 4148 enim
1014 4097 1100 4148 tali
1154 4099 1352 4166 privari
1408 4102 1632 4157 muliere
1669 4114 1757 4159 tu-

184 4186 340 4239 lisset
369 4186 482 4238 sine
513 4186 738 4239 dolore?
771 4187 973 4242 Deinde
998 4209 1026 4247 e
1048 4193 1184 4246 male
1218 4195 1435 4263 quidem
1484 4197 1762 4251 descendit

180 4284 308 4353 ejus
329 4275 497 4332 Filius
518 4323 532 4347 ,
563 4281 707 4335 illius
728 4283 963 4339 divinam
988 4297 1366 4357 assumpturus
1392 4289 1643 4352 animam,
1667 4304 1762 4357 per

189 4379 394 4432 nubem
431 4389 612 4432 autem
643 4395 771 4433 suos
802 4388 1088 4448 congregat
1138 4380 1431 4448 discipulos
1452 4418 1465 4443 ,
1501 4389 1560 4431 ut
1593 4395 1755 4433 vene-

189 4473 422 4523 randum
449 4471 567 4537 ejus
607 4485 804 4538 corpus
835 4473 1155 4523 mandarent
1198 4473 1512 4540 sepulturae.

262 4560 507 4615 XXXIX.
541 4561 828 4632 Postquam
869 4577 996 4616 vero
1059 4563 1193 4616 vidit
1233 4578 1327 4617 eos
1376 4563 1640 4635 Deipara,
1668 4581 1769 4621 co-

182 4653 379 4725 gnovit
409 4662 589 4708 autent
632 4670 851 4708 causam
876 4697 889 4717 ,
927 4664 1142 4724 prepter
1178 4672 1336 4725 quam
1368 4673 1558 4712 omnes
1585 4660 1760 4712 statim

181 4746 441 4809 accersiti
472 4746 689 4798 fuerant
714 4787 727 4811 ,
761 4758 814 4800 et
847 4749 1272 4819 uniuscujusque
1312 4752 1483 4804 audiit
1537 4753 1758 4820 petitio-

181 4855 288 4893 nes
313 4879 326 4903 ,
351 4853 446 4893 eos
474 4838 690 4909 quidem
720 4876 733 4900 ,
765 4849 822 4891 ut
843 4857 940 4909 par
961 4851 1076 4894 erat
1102 4883 1116 4907 ,
1146 4841 1408 4911 impertiit
1429 4843 1762 4900 benedictio-

180 4932 369 4986 nibus.
399 4931 533 4984 Cum
579 4946 709 4986 vero
749 4935 1003 4988 omnibus
1040 4935 1265 4990 dixisset
1306 4939 1468 4991 verba
1540 4955 1658 5008 qua:
1706 4940 1761 4993 in

183 5025 418 5076 decessu
442 5023 546 5076 dici
572 5025 783 5077 solent:
810 5022 917 5077 Vos
940 5064 955 5088 ,
985 5022 1182 5093 inquit,
1211 5028 1404 5088 valete,
1426 5027 1549 5094 lilii;
1582 5045 1760 5082 meum

186 5125 374 5168 autem
412 5116 538 5170 hinc
569 5115 852 5170 decessum
882 5134 948 5172 ne
980 5119 1126 5172 luctu
1153 5159 1167 5182 ,
1222 5120 1314 5172 sed
1349 5119 1531 5173 laetitia
1586 5123 1762 5188 potius

185 5207 596 5277 prosequamini
641 5222 686 5272 ;·
715 5211 1151 5278 quandoquidem
1195 5212 1345 5265 vobis
1409 5221 1490 5265 est
1541 5228 1764 5281 persua-

185 5314 346 5361 sum,
382 5315 480 5354 nos
516 5301 747 5354 transire
779 5302 844 5353 ad
879 5304 1171 5372 gaudium:
1211 5315 1266 5358 et
1293 5305 1470 5358 videte
1494 5345 1506 5364 ,
1538 5313 1593 5356 ut
1635 5319 1760 5356 cor-

187 5403 292 5462 pus
327 5402 506 5442 meum
540 5392 808 5446 mandetis
839 5393 1135 5462 sepulturae
1179 5397 1232 5447 in
1297 5396 1400 5449 hac
1453 5395 1618 5465 ﬁgura
1649 5433 1661 5456 ,
1707 5395 1756 5446 in

185 5496 296 5552 qua
321 5493 556 5548 ego-tne
601 5499 979 5553 composuero.
1032 5483 1155 5539 Haec
1204 5494 1286 5540 est
1337 5487 1518 5552 enim,
1566 5487 1759 5555 inquit,

263 5669 342 5740 (l)
378 5664 451 5720 De
485 5666 675 5722 divinis
709 5674 1024 5742 nominibus,
1045 5689 1167 5747 cap.
1197 5675 1250 5730 5.

272 5834 315 5865 ’⁸
347 5831 505 5888 Joan.
545 5845 640 5898 xu,
669 5830 755 5886 l5.

1863 3276 2027 3333 dedit,
2060 3285 2114 3326 et
2147 3272 2311 3324 Deum
2343 3273 2604 3340 suscepit,
2639 3273 3015 3343 convenimus(
3041 3278 3227 3328 aderat
3253 3285 3434 3328 autem

1866 3366 1954 3418 Dei
1987 3379 2199 3433 quoque
2235 3360 2663 3427 lraterJacobus,
2695 3373 2747 3416 et
2779 3364 2988 3429 Petrus,
3013 3366 3104 3434 qui
3138 3376 3253 3418 erat
3283 3367 3438 3420 theo—

1861 3459 2102 3528 logorum
2153 3470 2406 3526 suprema
2458 3465 2512 3509 et
2547 3456 2923 3524 antiquissima
2978 3459 3311 3528 summitas),
3355 3460 3437 3513 vi-

1863 3567 2088 3617 sumque
2120 3559 2221 3610 est,
2261 3558 2319 3601 tit
2352 3556 2473 3617 post
2508 3548 2635 3601 illud
2673 3549 3066 3616 spectaculum,
3118 3564 3308 3603 omnes
3353 3567 3437 3605 sa-

1864 3662 2078 3699 crorum
2116 3646 2390 3715 principes
2425 3648 2684 3716 hymnum
2729 3658 3010 3709 canerent,
3043 3656 3096 3700 et
3127 3648 3434 3708 laudarent,

1866 3749 2025 3810 prout
2053 3749 2266 3808 poterat
2295 3740 2684 3808 unusquisque,
2723 3739 2984 3792 inﬁnitam
3027 3741 3320 3791 bonitatem
3353 3740 3440 3792 di-

1865 3835 2106 3886 vinarum
2147 3835 2340 3883 virium
2387 3850 2399 3884 :
2434 3841 2553 3900 post
2588 3831 2873 3901 theologus
2916 3831 3025 3897 ille,
3060 3841 3118 3885 ut
3147 3834 3271 3895 scis,
3310 3833 3434 3883 vicit

1862 3940 2052 3980 omnes
2081 3924 2213 3977 alios
2253 3933 2450 3992 mystas
2489 3939 2786 3987 sacrorum,
2824 3935 2880 3977 ut
2932 3926 3020 3992 qui
3068 3927 3224 3990 plane
3282 3941 3437 3978 cxce-

1865 4021 2036 4082 deret,
2071 4027 2124 4072 et
2155 4033 2182 4070 a
2215 4031 2274 4070 sc
2311 4017 2532 4070 omnino
2582 4016 2962 4077 abduceretur,
2995 4025 3048 4069 et
3085 4017 3136 4067 in
3183 4034 3242 4069 ea
3279 4033 3436 4086 quam

1865 4111 2077 4182 hymnis
2107 4109 2428 4170 celebrabat,
2449 4108 2750 4161 adiceretur
2773 4107 3025 4162 societate
3053 4116 3106 4161 et
3138 4114 3441 4166 communi-

1863 4205 2096 4267 catione,
2155 4210 2209 4255 et
2258 4200 2324 4253 ab
2357 4200 2630 4261 omnibus,
2689 4218 2717 4253 a
2756 4199 2950 4266 quibus
3012 4201 3332 4255 audiebatur
3386 4216 3440 4257 et

1864 4295 2174 4355 videbatur,
2205 4299 2257 4344 et
2283 4293 2729 4360 cognoscebatur,
2763 4299 2816 4342 et
2850 4304 2956 4340 non
2989 4292 3434 4357 cognoscebatur,

1862 4388 2202 4458 judicaretur
2241 4399 2360 4441 esse
2393 4399 2420 4437 a
2460 4381 2566 4437 Deo
2601 4381 2814 4435 ablatus
2840 4390 2894 4435 et
2938 4381 3155 4436 divinus
3204 4385 3436 4453 scriptor

1872 4481 2216 4550 hymnorum.
2293 4479 2355 4531 Et
2405 4477 2534 4545 quid
2598 4476 2690 4528 tibi
2741 4474 2972 4541 amplius
3014 4473 3242 4526 dixerim
3285 4479 3349 4529 de
3375 4475 3440 4529 iis

1870 4587 1989 4641 qua:
2030 4570 2138 4623 illic
2182 4569 2248 4624 de
2283 4565 2390 4620 Deo
2429 4567 2612 4619 divine
2659 4565 2799 4618 dicta
2854 4564 3014 4618 sunt?
3061 4565 3271 4618 Etenim
3331 4568 3432 4621 nisi

1871 4682 1989 4721 sum
2038 4663 2139 4717 mei
2175 4673 2388 4729 quoque
2416 4657 2638 4720 oblitus,
2685 4657 2796 4711 scio
2834 4658 3032 4710 multos
3066 4673 3093 4708 a
3135 4665 3184 4708 te
3220 4659 3436 4712 audisse

1869 4755 2125 4824 quasdam
2155 4760 2332 4820 partes
2362 4750 2570 4803 illorum
2592 4751 2701 4802 Deo
2731 4749 3018 4801 atllantium
3049 4750 3426 4818 hymnoruth

1873 4847 1978 4901 Sed
2029 4846 2144 4899 haec
2201 4844 2419 4914 quidem
2477 4856 2630 4894 sacer
2680 4839 2984 4908 Dionysius.
3047 4839 3211 4894 Nobis
3251 4844 3432 4894 autem

1868 4947 2056 5010 pergat
2089 4938 2262 4992 oratio
2296 4935 2359 4988 ad
2390 4950 2450 4987 ea
2487 4950 2605 5002 qure
2641 4933 2897 5002 deinceps
2944 4944 3262 4999 sequuntur.

1944 5032 2077 5086 XLI.
2115 5031 2246 5083 Cum
2296 5034 2476 5080 autetn
2534 5027 2589 5080 in
2649 5027 2834 5080 orbem
2890 5025 3135 5077 sanctum
3204 5025 3434 5095 Virginis

1871 5139 2067 5192 corpus
2127 5120 2613 5173 circumdedissent
2672 5118 3038 5185 apostolorum
3113 5115 3330 5176 chorus,
3378 5127 3433 5168 ct

1872 5211 2129 5282 quidquid
2161 5219 2277 5263 erat
2307 5210 2537 5263 electum
2595 5225 2660 5263 ex
2724 5208 2853 5262 viris
2903 5218 2957 5261 et
2999 5206 3336 5268 mulieribus,
3378 5216 3430 5258 et

1874 5307 2087 5377 hymnis
2112 5304 2474 5360 honorabant,
2496 5302 2585 5370 qui
2615 5301 2743 5354 illud
2770 5303 3129 5361 deducebant,
3159 5303 3213 5350 et
3251 5300 3432 5350 omnia

1871 5396 2112 5451 membra
2150 5405 2461 5450 reverenter
2483 5393 2637 5446 simul
2670 5403 2723 5444 et
2748 5402 2992 5445 amanter
3034 5391 3442 5460 amplecteban-

1876 5498 2104 5551 tur,non
2128 5483 2302 5537 solum
2328 5501 2482 5540 suum
2500 5484 2845 5538 Ostendentes
2873 5483 3218 5548 desiderium,
3245 5480 3436 5538 sedvel
