4226 6436
799 438 898 497 559

2044 420 2329 482 MENSIS
2373 422 2413 475 Α
2429 419 2800 482 UGUSTUS.

3946 415 4058 478 560

800 564 863 601 ex
919 557 1062 601 tactu
1130 545 1414 600 credentes
1455 544 1733 613 percipere
1795 542 2101 594 utilitatem.
2173 536 2360 601 Fidem
2398 539 2433 594 Α
2469 538 2641 591 fuerat
2677 538 2992 598 sectionem,
3033 545 3084 590 et
3125 550 3242 605 quae
3274 541 3562 602 amputatae
3605 529 3842 594 fuerant,
3876 531 4060 597 parti-

803 653 982 695 autetn
1010 647 1298 693 consecuta
1340 652 1554 706 quoque
1585 644 1667 688 est
1699 649 1923 702 aperum
1949 628 2363 686 demonstratio.

797 730 968 783 Caicis
1025 728 1164 782 oculi
1199 727 1671 787 illuminabantur,
1719 724 1900 778 surdis
1946 736 2106 774 aures
2154 720 2363 785 aperie-

799 823 1015 880 bantur,
1067 818 1272 872 claudis
1315 818 1474 870 bases
1524 815 1721 884 pedum
1771 810 2259 867 confirmabantur,
2313 817 2368 858 et

796 912 1075 980 quodlibet
1126 913 1436 964 morborum
1472 917 1525 962 et
1568 906 1947 976 aegritudinum
2001 917 2173 972 genus
2214 899 2368 954 facile

793 1005 1207 1060 dissolvebatur.
1246 1003 1354 1056 Cur
1379 1017 1486 1055 non
1514 1000 1636 1055 dico
1691 1013 1810 1067 quae
1851 1004 1977 1051 sunt
2007 994 2330 1063 perfectiora
2350 993 2370 1043 ?

793 1097 902 1149 Aer
951 1096 1170 1165 quidem
1211 1104 1265 1148 et
1295 1094 1491 1147 cmlum
1532 1105 1761 1145 ascensu
1808 1089 2030 1157 spiritus
2071 1084 2370 1140 sanctifica«

799 1187 1003 1238 batur:
1061 1194 1201 1238 terra
1263 1192 1444 1236 autem
1513 1181 1758 1234 similiter
1829 1177 2173 1246 depositione
2230 1176 2369 1230 sacri

794 1278 1055 1344 corporis.
1107 1275 1376 1329 Caeterum
1420 1289 1518 1327 nec
1559 1287 1708 1340 aqua:
1741 1272 1958 1342 quidem
2021 1273 2207 1324 natura
2254 1275 2371 1322 erat

795 1382 992 1436 expers
1057 1366 1447 1421 benedictionis
1503 1365 1649 1418 :sed
1703 1364 1819 1430 ipsa
1875 1375 2090 1436 quoque
2155 1360 2370 1412 lavacro

798 1459 1077 1526 purissimi
1134 1459 1375 1528 corporis
1425 1458 1527 1509 fuit
1570 1455 1843 1524 particeps
1902 1451 2369 1506 sanctiﬁcationis.

795 1549 980 1618 Neque
1070 1553 1214 1602 enim
1282 1549 1412 1602 illud
1471 1546 1703 1600 habebat
1763 1560 1898 1613 Opus
1963 1542 2372 1613 purgationibus

797 1641 958 1707 (quis
1033 1641 1178 1692 enim
1230 1640 1331 1692 hoc
1401 1638 1624 1701 diceret,
1687 1636 1788 1690 nisi
1839 1644 2033 1688 emotae
2101 1631 2367 1696 mentis?)

795 1733 889 1789 Sed
932 1749 1045 1791 ’δυο
1111 1742 1359 1787 contactu
1431 1732 1612 1801 potius
1674 1728 2049 1783 sanctiﬁcabat
2101 1728 2173 1788 id,
2229 1725 2372 1794 quod

796 1823 1182 1889 attingebatur.
1222 1821 1422 1873 Deinde
1443 1819 1615 1888 quid?
1645 1816 2186 1870 Mundissindonibus
2211 1830 2370 1867 mun-

2476 631 2575 683 bus
2630 628 2765 682 ulnis
2799 627 3074 697 applicatis
3129 627 3266 694 (hoc
3313 635 3492 678 autem
3523 624 3757 694 jusserat
3785 621 4057 686 Petrus),

2475 723 2652 775 statim
2687 729 2976 774 consecuta
3021 727 3104 772 est
3149 733 3404 771 manuum
3457 717 3686 771 curatio.

2549 811 2734 866 .\'l.IlI.
2783 810 2914 865 Hinc
2941 810 3007 863 ad
3035 810 3455 863 sac'ratissimam
3494 807 3784 860 abducitur
3813 804 4057 859 Getbse-

2475 924 2654 971 mane,
2701 915 2754 960 et
2790 905 2897 958 illic
2945 902 3347 957 sanctissimum
3397 901 3614 969 quidem
3650 914 3852 968 corpus
3901 914 4058 950 man-

2474 999 2633 1052 datur
2667 998 2978 1066 sepulturzn.
3016 994 3214 1060 Quidni
3254 994 3416 1055 enim,
3447 1007 3568 1046 cum
3601 991 3763 1045 etiam
3803 990 3900 1058 qui
3939 1000 4077 1042 erat

2476 1089 2635 1150 Deus,
2684 1089 2801 1156 ejus
2842 1087 3029 1149 Filius,
3083 1099 3233 1138 more
3265 1084 3540 1137 hominum
3574 1083 3856 1151 ‘scpclitur
3896 1081 3921 1132 ?
3957 1081 4058 1134 Per

2475 1188 2648 1248 ipsum
2708 1188 2885 1231 autem
2930 1179 2998 1230 ad
3044 1176 3285 1231 cmlestia
3334 1185 3388 1228 et
3437 1175 3616 1228 divina
3657 1174 4057 1227 transmittitur

2476 1269 2843 1323 tabernacula.
2904 1267 3056 1332 Quod
3117 1267 3348 1320 dicimus
3415 1264 3696 1318 conﬁrmat
3767 1263 4058 1318 Juvenalis

2473 1363 2686 1415 divinus
2750 1361 3243 1430 Hierosolymarum
3307 1360 3613 1426 episcopus.
3682 1358 3808 1410 Fuit
3867 1369 4057 1411 autem

2475 1456 2563 1512 hic
2610 1455 2688 1507 vir
2718 1463 2961 1512 sanctus,
3000 1463 3053 1504 et
3089 1469 3114 1504 a
3158 1454 3267 1506 Deo
3313 1451 3627 1520 inspiratus,
3669 1452 3756 1518 qui
3807 1450 3880 1504 ab
3917 1453 4057 1503 anti-

2473 1560 2578 1613 qua
2615 1555 2669 1597 ct
2706 1560 2829 1596 vera
2881 1544 3166 1596 traditione
3222 1545 3590 1594 narrationes-4
3643 1543 3837 1594 dicens
3893 1543 3963 1595 ad
4001 1560 4056 1596 se

2475 1639 2551 1691 sic
2593 1636 2757 1689 fuisse
2792 1635 3102 1705 deductam,
3142 1635 3211 1686 ait
3249 1651 3259 1685 :
3297 1633 3450 1697 Quod
3483 1643 3591 1685 tres
3640 1643 3781 1685 rotas
3823 1634 3945 1688 dies
3992 1636 4054 1686 ad

2477 1730 2782 1798 sepulcrum
2850 1729 3019 1782 sancti
3072 1737 3487 1797 permanserunt
3536 1727 3786 1793 apostoli,
3841 1728 4057 1781 divinas

2479 1821 2798 1892 hymnodias
2839 1839 2901 1874 ex
2937 1821 3042 1874 alto
3077 1819 3379 1873 audientes.
3432 1820 3632 1873 Deinde
3674 1828 3793 1887 post
3831 1821 4055 1874 tertium

795 1914 922 1966 dum
968 1928 1165 1981 corpus
1211 1911 1532 1972 involutum,
1587 1925 1775 1964 rursus
1833 1911 1886 1962 iit
1939 1910 2078 1962 lecto
2133 1908 2370 1978 ponitur.
2406 1884 2451 1943 Β
2481 1915 2645 1979 diem,
2687 1931 2809 1968 cum
2854 1930 2994 1967 unus
3042 1930 3108 1967 ex
3160 1913 3418 1982 apostolis
3459 1913 3662 1966 tardius
3718 1914 3965 1967 venisset
3993 1913 4055 1967 ad

798 2005 1000 2058 Deinde
1053 2019 1176 2059 cum
1230 2003 1467 2057 lucernis
1512 2012 1564 2057 et
1604 2001 1916 2072 unguentis,
1951 1999 2375 2069 intelligentibos

797 2096 1012 2164 quidem
1077 2097 1309 2164 desuper
1352 2094 1701 2150 laudantibus
1739 2091 2050 2152 virtutibus,
2121 2089 2376 2157 apostolis

797 2197 977 2240 autem
1025 2195 1078 2240 et
1123 2187 1319 2240 divinis
1376 2185 1625 2240 Patribus
1676 2183 1785 2236 Deo
1826 2183 1983 2251 digna
2035 2181 2243 2235 cantica
2289 2195 2376 2234 ca-

799 2278 1053 2331 nentibus
1109 2277 1295 2330 divina
1353 2292 1475 2329 arca
1533 2291 1598 2328 ex
1651 2273 1779 2327 Sion
1847 2283 1997 2326 vecta
2066 2272 2375 2340 apostolicis

802 2369 1054 2421 manibus
1089 2376 1143 2422 et
1175 2367 1442 2428 humeris,
1492 2368 1557 2419 ad
1590 2365 1958 2418 Gethsemane
1987 2381 2200 2418 sacrum
2235 2379 2372 2432 pra:-

799 2462 946 2514 dium
1009 2469 1349 2527 exportatur,
1395 2458 1622 2527 angelis,
1674 2466 1732 2510 ut
1773 2467 1855 2509 est
1910 2463 2368 2518 consentaneum,

802 2553 1280 2621 prrecmreutibus,
1349 2550 1935 2614 circutncursantibus,
1998 2547 2371 2621 sequentibus,

801 2646 1059 2716 angelicis
1130 2647 1319 2714 pennis
1378 2644 1850 2707 adumbrantibus,
1901 2643 2080 2713 longe,
2127 2644 2370 2713 inquam,

801 2738 1173 2805 Splendidiore
1239 2746 1292 2788 et
1363 2735 1754 2789 venerabiliore
1814 2736 1954 2787 facta
2023 2733 2371 2794 deductione,

802 2840 963 2892 quam
1031 2833 1255 2893 propter
1309 2823 1720 2875 translationem
1778 2821 1976 2873 veteris
2034 2819 2177 2873 illius
2239 2834 2376 2871 arcae

802 2902 1110 2970 testamenti
1169 2914 1402 2977 Domini,
1431 2924 1488 2966 ut
1534 2928 1681 2966 saera
1734 2920 1954 2964 narrant.
1997 2911 2220 2979 Eloquia
2247 2911 2311 2966 ⁷⁸.

876 3009 1033 3063 XLII.
1074 3008 1284 3062 Accidit
1321 3009 1445 3060 huic.
1496 3006 1734 3075 pulchra‘
1776 3015 1827 3058 et
1863 3004 2058 3058 divinae
2108 3003 2178 3056 rei
2216 3019 2374 3073 grave

802 3102 1020 3169 quidem
1059 3101 1185 3169 quid
1221 3109 1275 3153 et
1319 3099 1590 3163 odiosum,
1621 3112 1727 3150 non
1782 3107 1959 3148 tamen
2009 3094 2247 3152 silentio,
2282 3095 2375 3146 sed

2485 2007 2792 2074 exsequias,
2832 2006 2914 2059 vel
2950 2006 3092 2072 quod
3149 2005 3222 2058 ita
3272 2005 3605 2070 contigisset,
3643 2005 3723 2057 vel
3774 2006 3923 2074 quod
3979 2007 4060 2059 di-

2480 2100 2663 2151 vinum
2724 2099 2793 2151 ita
2854 2097 3178 2165 providisset
3235 2097 3546 2158 consilium,
3603 2105 3659 2149 ut
3709 2107 3839 2150 nota
3914 2108 4058 2152 esset

2478 2192 2730 2245 omnibus
2791 2191 3072 2244 translatio
3121 2188 3476 2251 admirabilis,
3517 2198 3644 2242 tunc
3690 2201 3743 2243 et
3779 2189 3902 2257 ipse
3933 2193 4056 2258 qui-

2477 2282 2599 2334 dem
2655 2282 2906 2342 accessit,
2958 2290 3029 2345 ct,
3064 2290 3120 2334 ut
3169 2291 3251 2334 est
3290 2291 3738 2346 consentaneum,
3799 2297 4056 2352 magnum

2480 2389 2543 2425 ex
2574 2389 2639 2427 eo
2689 2373 2833 2440 cepit
2875 2374 3141 2437 dolorem,
3199 2374 3344 2441 quod
3402 2375 3535 2426 tanti
3591 2377 3715 2429 boni
3759 2377 4059 2429 mansisset

2478 2480 2691 2532 expers,
2723 2464 2882 2532 idque
2914 2465 3136 2518 omnino
3187 2466 3415 2518 tolerare
3449 2480 3556 2516 non
3608 2475 3844 2533 poterat.
3894 2466 4059 2523 Sacer

2477 2557 2657 2626 itaque
2696 2558 2830 2611 ordo
2870 2558 3232 2626 apostolorum
3265 2574 3372 2610 non
3397 2557 3600 2625 justum
3633 2573 3751 2612 esse
3777 2560 4059 2628 judicans,

2479 2659 2537 2702 ιιι
2584 2649 2698 2718 ipse
2730 2664 2947 2716 quoque
2989 2649 3260 2704 vivificum
3297 2649 3425 2701 illud
3458 2665 3652 2717 corpus
3692 2667 3799 2702 non
3848 2652 4060 2706 νὶἀμτνι

2477 2750 2530 2794 et
2564 2740 3002 2808 amplecteretur,
3055 2740 3210 2807 jubet
3243 2742 3424 2792 statim
3466 2741 3662 2808 aperiri
3716 2743 4056 2809 sepulcrum.

2479 2834 2546 2887 Et
2591 2833 2720 2887 illud
2769 2834 2986 2902 quidem
3032 2833 3135 2887 fuit
3187 2842 3471 2903 apertum;
3530 2835 3821 2888 thesaurus
3873 2847 4052 2889 autem

2478 2941 2815 2994 nequaquam
2875 2935 2991 2979 erat
3035 2925 3089 2978 in
3152 2943 3215 2979 eo
3255 2944 3266 2977 :
3307 2927 3400 2980 sed
3455 2928 3582 2980 sohe
3643 2938 3802 2979 erant
3854 2940 4058 2988 vestes.

2481 3018 2530 3069 in
2583 3018 2779 3085 quibus
2811 3017 2984 3070 fuerat
3013 3020 3282 3077 conditus.
3309 3021 3581 3086 quomodo
3623 3024 3785 3079 etiam
3833 3022 3886 3072 in
3942 3025 4057 3091 ejus

2482 3107 2596 3161 Filii
2633 3108 3048 3162 resurrectione.
3081 3107 3227 3174 Quas
3277 3125 3398 3160 cum
3476 3108 3588 3177 ipse
3645 3123 3793 3163 esset
3855 3111 4061 3178 amplec

807 3197 1077 3250 memoriae
1149 3196 1464 3247 mandatum
1529 3203 1582 3246 et
1633 3194 1696 3245 ad
1760 3191 1979 3260 gloriam
2043 3191 2258 3257 quidem
2325 3198 2445 3273 etc
2483 3215 2621 3259 xus,
2679 3209 2731 3251 ει
2773 3203 2862 3266 qui
2920 3216 3040 3252 cum
3109 3215 3173 3252 ρο
3222 3201 3465 3259 aderam,
3530 3211 3584 3255 οι
3643 3203 3834 3266 reple“
3876 3216 4059 3256 ρεςρῃι

806 3289 1017 3342 laudem
1055 3289 1284 3356 piorum,
1319 3286 1554 3340 dedecus
1613 3294 1790 3338 autem
1844 3282 2234 3352 improborum,
2288 3283 2377 3349 qui

804 3378 1138 3431 infidelitatis
1192 3379 1389 3432 malum
1453 3392 1666 3445 semper
1733 3380 2028 3428 Sectantur.
2086 3374 2221 3428 Cum
2279 3375 2381 3426 hoc.

806 3487 1018 3525 sacrum
1082 3479 1136 3526 et
1202 3471 1537 3540 itnpollutum
1613 3483 1809 3535 corpus
1889 3466 1943 3516 in
2020 3465 2381 3517 Gethsemane

803 3561 1106 3626 efferretur,
1150 3562 1238 3614 ubi
1275 3561 1525 3628 sepulcro
1559 3558 1693 3610 tradi
1736 3556 1964 3624 Deipara
2014 3556 2125 3622 ipsa
2175 3569 2382 3621 przece-

805 3663 976 3721 perat,
1011 3653 1229 3716 Judazis,
1267 3652 1360 3722 qui
1392 3667 1606 3721 semper
1654 3649 1876 3704 fuerunt
1918 3648 2110 3716 repleti
2148 3647 2372 3710 invidia,

802 3761 869 3797 ne
901 3746 954 3798 in
999 3747 1102 3799 hoc
1135 3743 1353 3814 quidem
1403 3742 1675 3795 succurrit
1729 3750 1931 3799 tacere,
1967 3740 2061 3792 sed
2113 3738 2178 3790 ad
2240 3738 2377 3804 ejus,

802 3836 946 3902 quod
981 3835 1163 3899 ﬁebat,
1197 3833 1544 3902 splendorem
1592 3830 1843 3885 claudere
1877 3829 2084 3894 oculos,
2118 3838 2172 3882 et
2204 3830 2267 3882 ad
2300 3828 2379 3882 eis

805 3925 1052 3977 innatum
1107 3932 1311 3977 motum
1362 3923 1526 3976 animi
1572 3937 1877 3991 erumpere.
1923 3921 2022 3986 Qui
2081 3929 2198 3975 erat
2252 3921 2381 3990 ergo

807 4013 926 4068 aliis
955 4014 1196 4067 insanior
1229 4022 1283 4066 et
1335 4012 1720 4082 impudentior.
1756 4012 1800 4063 is
1845 4027 1966 4064 cum
2009 4012 2379 4065 venerandum

803 4115 1118 4172 portaretur
1175 4104 1481 4172 grabatum,
1517 4101 1571 4154 in
1608 4102 1660 4155 id
1695 4100 1852 4154 irruit
1903 4101 2094 4169 plenus
2142 4102 2382 4154 inconsi-

802 4198 989 4252 derato
1019 4198 1224 4266 impetu
1269 4205 1321 4249 et
1355 4195 1558 4250 furore.
1609 4195 1738 4265 Ejus
1778 4203 1960 4247 autem
2006 4210 2205 4264 scapus
2240 4202 2378 4257 erat,

806 4294 951 4344 hunc
1011 4307 1226 4344 sacrum
1282 4290 1480 4342 lectum
1521 4291 1573 4340 in
1621 4298 1818 4341 terram
1877 4287 2118 4351 allidere,
2169 4297 2221 4340 et
2285 4288 2378 4342 tali

804 4376 1018 4436 afficere
1076 4381 1294 4448 injuria,
1337 4390 1393 4432 ut
1425 4379 1517 4448 qui
1575 4386 1718 4432 esset
1757 4379 1838 4430 vir
1895 4378 2088 4447 insigni
2135 4379 2380 4434 audacia.

805 4471 924 4525 Non
970 4473 1206 4542 neglexit
1251 4482 1432 4525 autem
1496 4471 1675 4524 divina
1728 4470 1940 4540 justitia
1985 4487 2002 4526 :
2042 4471 2137 4524 sed
2192 4488 2381 4524 manus

804 4579 924 4632 qua:
969 4564 1250 4634 grabatum
1291 4562 1781 4630 apprehenderant,
1830 4579 1893 4616 ex
1934 4562 2076 4615 ulnis
2129 4563 2379 4630 protinus
2416 4543 2456 4595 θ

804 4657 1026 4709 fuerunt
1081 4654 1360 4711 abscissa.
1421 4654 1622 4708 Verum
1684 4668 1802 4721 quae
1844 4653 1898 4706 in
1952 4661 2107 4723 partu
2182 4656 2378 4723 gaudio

805 4755 977 4800 totum
1014 4747 1200 4799 orbem
1251 4756 1518 4798 terrarum
1571 4744 1893 4813 repleverat,
1949 4761 2057 4797 non
2114 4756 2228 4798 erat
2286 4747 2377 4800 ulli

805 4839 1029 4892 omnino
1059 4838 1112 4890 in
1160 4847 1337 4890 morte
1391 4837 1569 4890 futura
1602 4853 1764 4891 causa
1819 4836 2097 4890 molestiae.
2134 4838 2377 4905 Cumque

805 4931 895 4996 qui
935 4944 1126 4998 passus
1184 4930 1383 4988 fuerat,
1451 4938 1593 4980 esset
1655 4928 1874 4996 quidem
1926 4926 2223 4996 improbus,
2273 4944 2378 4980 non

809 5033 986 5071 tamen
1033 5021 1256 5072 omnino
1292 5019 1408 5087 ejus
1459 5017 1781 5086 improbitas
1841 5019 2116 5072 videretur
2167 5019 2382 5072 insana-

809 5106 952 5166 bilis,
1003 5121 1064 5158 ει
1102 5108 1188 5160 his
1237 5124 1355 5175 quae
1400 5116 1513 5160 erat
1548 5105 1986 5174 passus,justam
2036 5122 2222 5160 eorum
2262 5122 2381 5175 quso

809 5199 950 5253 male
1020 5208 1284 5260 senserat,
1349 5198 1502 5266 petiit
1566 5199 1962 5265 pcenitentiam.
2027 5196 2090 5250 Et
2125 5201 2378 5262 quoniam

809 5287 1029 5339 carebat
1084 5285 1355 5348 manibus,
1415 5301 1517 5339 nec
1561 5300 1652 5338 eas
1697 5295 1907 5351 poterat
1951 5286 2013 5339 ad
2057 5301 2245 5354 preces
2288 5305 2380 5341 ex-

813 5379 1053 5437 tendere.
1110 5377 1309 5431 emittit
1358 5377 1620 5446 lacrymas
1663 5391 1729 5428 ex
1777 5378 1967 5440 oculis,
2001 5388 2071 5430 ‘et
2118 5379 2194 5432 sic
2254 5379 2384 5447 petit

812 5465 1168 5521 curationem.
1222 5463 1570 5531 Disciplinam
1637 5475 1840 5527 autem,
1903 5466 2042 5529 \ide,
2114 5468 2274 5519 simul
2330 5477 2382 5521 et

812 5557 1252 5609 medicationem.
1298 5555 1488 5608 Statim
1537 5553 1680 5608 enim
1718 5558 1750 5608 ii
1787 5555 2024 5625 quidem,
2060 5561 2146 5626 qui
2184 5561 2381 5614 lectum

813 5647 1081 5712 ferebant,
1123 5634 1524 5712 constiterunt;
1556 5647 1764 5700 accedit
1807 5663 1935 5698 vero
1971 5648 2011 5700 is
2057 5652 2144 5716 qui
2193 5660 2384 5720 passus

889 5828 928 5859 ⁷⁸
961 5827 1001 5881 Il
1037 5827 1164 5894 Reg.
1199 5822 1314 5890 vt,I
1353 5837 1478 5891 seqq
1531 5837 1545 5887 ;
1585 5821 1646 5874 III
1679 5821 1804 5894 Reg.
1836 5838 1944 5889 vnt,
1977 5823 2004 5875 4
2039 5839 2189 5893 seqq.

2484 3294 2845 3361 inexplicabili
2876 3295 3040 3348 odore
3088 3307 3138 3345 et
3175 3297 3367 3361 gratia,
3416 3312 3604 3346 rursus
3644 3297 3862 3360 quidem
3910 3300 4057 3349 clau-

2482 3386 2617 3436 dunt
2666 3385 2996 3450 sepulcrum.
3033 3385 3348 3436 Miraculum
3399 3395 3578 3435 autem
3639 3390 3874 3452 posteris
3925 3387 4061 3439 ﬁlius

2484 3493 2510 3529 a
2553 3488 2703 3545 patre
2756 3476 3030 3544 accipiens
3084 3477 3343 3546 deinceps
3392 3477 3589 3540 tradit;
3637 3488 3801 3545 atque
3863 3480 4059 3531 vivifici

2483 3567 2702 3635 quidem
2761 3567 3003 3636 corporis
3065 3568 3264 3620 divinae
3322 3568 3611 3636 sepultura:
3663 3568 3733 3621 ita
3790 3584 3849 3622 se
3899 3569 4057 3624 habet

2464 3658 2744 3710 narratio.
2781 3656 3058 3725 Siquidem
3093 3659 3235 3726 quod
3269 3675 3332 3711 ex
3370 3674 3430 3711 ea
3472 3669 3658 3712 nutum
3706 3669 3844 3721 erat,
3896 3669 4058 3714 turam

2485 3763 2602 3800 eam
2657 3748 2892 3801 Verbum
2923 3751 2987 3801 ad
3025 3765 3080 3801 se
3118 3750 3413 3807 transtulit.
3461 3759 3513 3801 et
3552 3751 3716 3801 voluit
3749 3767 3870 3800 eam
3922 3752 4057 3818 apud

2485 3856 2540 3894 se
2570 3850 2624 3893 et
2659 3855 2798 3900 esse,
2837 3849 2892 3892 et
2928 3849 3188 3908 perpetuo
3229 3840 3388 3894 simul
3425 3841 3629 3895 vivere.
3666 3840 3874 3894 Verum
3912 3843 4054 3894 enim

2483 3945 2613 3984 vero
2674 3946 2771 4000 pro
2823 3930 2939 3997 ejus
2994 3930 3275 4000 impolluto
3325 3945 3551 3999 corpore
3619 3947 3771 3985 suam
3829 3942 4057 3991 vestem,

2485 4020 2612 4074 boni
2685 4021 2853 4074 nostri
2925 4037 3171 4090 magnam
3226 4037 3442 4087 semper
3497 4022 3704 4075 ducens
3766 4023 4058 4081 rationem,

2484 4114 2649 4168 veluti
2708 4113 2995 4183 quamdam
3045 4115 3136 4167 dat
3186 4113 3313 4167 huic
3388 4114 3590 4166 civitati
3660 4113 4056 4168 htereditatem.

2487 4202 2944 4266 Quemadmodum
3011 4213 3193 4257 autent
3245 4205 3347 4256 hoc.
3417 4205 3619 4257 factum
3669 4204 3761 4263 sit,
3809 4215 3866 4259 et
3928 4222 4058 4274 quo-

2489 4292 2646 4344 modo
2708 4291 2926 4344 beatum
2996 4293 3127 4345 illud
3199 4295 3404 4344 donum
3457 4292 3522 4344 ad
3572 4307 3674 4345 nos
3729 4295 3969 4354 venerit,
4012 4305 4060 4347 et

2487 4392 2836 4438 Sacrosaucto
2883 4382 2985 4436 hoc
3027 4383 3286 4436 thesauro
3330 4382 3496 4437 ditata
3550 4384 3620 4438 sit
3673 4383 4058 4440 Constantino-

2489 4478 2643 4544 polis,
2689 4479 2797 4542 jam
2853 4477 3146 4531 declarabit
3182 4478 3380 4531 oratio.

2558 4567 2742 4621 XLIV.
2803 4568 2908 4620 Leo
2940 4568 3028 4620 ille
3079 4583 3327 4634 magnus,
3368 4569 3457 4636 qui
3496 4569 3585 4623 illo
3619 4578 3865 4638 tempore
3918 4573 4056 4639 opti-

2488 4670 2574 4709 me
2603 4655 2970 4707 Romanorum
3003 4652 3416 4707 administrabat
3447 4655 3756 4724 imperium,
3789 4658 3933 4712 duos
3964 4661 4058 4712 sub

2487 4764 2544 4801 se
2589 4747 2839 4810 habebat,
2872 4747 2964 4815 qui
3014 4761 3200 4800 curam
3269 4748 3527 4814 gerebant
3573 4747 3847 4798 exercitus
3883 4763 3896 4797 :
3929 4765 4058 4813 qua-

2488 4855 2604 4890 rum
2641 4837 2732 4889 uni
2766 4837 2983 4904 quidem
3019 4843 3136 4887 erat
3167 4849 3364 4887 nomen
3395 4832 3636 4898 Galbius,
3668 4834 3826 4890 alteri
3879 4845 4056 4890 autem

2489 4929 2785 4990 Candidus,
2849 4927 3045 4980 fratres
3101 4942 3316 4994 genere,
3366 4927 3560 4980 fratres
3617 4928 3844 4989 virtute,
3908 4940 3963 4983 et
4007 4943 4058 4983 ut

2490 5021 2659 5076 semel
2707 5021 2902 5078 dicant.
2940 5021 2993 5072 in
3047 5019 3261 5073 caeteris
3307 5019 3527 5087 quidem
3594 5019 3750 5072 valde
3819 5021 4058 5091 insignes

2488 5123 2543 5168 et
2583 5114 2767 5182 paucis
2812 5113 3017 5167 similes
3064 5129 3077 5164 :
3125 5112 3220 5165 sed
3275 5126 3444 5164 unum
3507 5112 3586 5165 eis
3632 5112 3842 5177 deerat,
3903 5116 4056 5183 idque

2490 5205 2803 5257 maximum.
2865 5202 3142 5270 Siquidem
3197 5216 3304 5256 non
3341 5209 3543 5256 rectam
3589 5204 3818 5257 habere
3876 5203 4054 5269 ﬁdem,

2489 5306 2571 5349 est
2629 5295 2876 5349 laborare
2932 5295 2983 5346 in
3051 5292 3216 5348 rebus
3291 5293 3542 5348 maximis
3607 5306 3665 5346 et
3737 5296 4049 5365 praecipuis;

2487 5375 2699 5438 Arianae
2746 5383 2888 5436 enim
2925 5386 3090 5453 pestis
3123 5393 3280 5439 erant
3330 5383 3641 5452 participes,
3694 5398 3820 5438 cum
3869 5403 3938 5440 ex
3970 5404 4052 5456 pa-

2489 5484 2640 5529 terna
2683 5475 2820 5528 forte
2861 5475 3144 5528 traditione
3183 5473 3382 5525 malum
3432 5473 3552 5536 hoc,
3607 5481 3867 5544 tanquam
3910 5491 4046 5544 qure-

2486 5567 2606 5620 dam
2667 5567 2951 5621 haireditas
3002 5567 3067 5620 ad
3110 5581 3203 5619 eos
3247 5565 3500 5620 venisset.
3539 5565 3874 5621 Dicebantur
3916 5569 4044 5621 enim

2488 5655 2653 5712 fuisse
2709 5658 2939 5728 proximi
2999 5671 3197 5726 genere
3248 5656 3546 5712 Ardaburio
3599 5667 3650 5712 et
3707 5657 3923 5728 Aspari,
3965 5655 4042 5725 qui
