4226 6436
179 423 283 487 561

182 539 295 590 illis
360 538 692 606 temporibus
743 540 794 591 in
852 540 994 610 regia
1049 541 1332 596 obtinuere
1373 541 1757 613 tyrannidem:

179 645 324 695 quos
390 644 510 682 cum
561 630 689 683 Ario
746 631 1006 694 sensisse,
1057 640 1242 700 aperte
1300 633 1474 703 arguit
1536 633 1754 686 veritas.

187 719 386 772 Verum
463 721 607 773 enim
683 736 811 775 vero
868 720 1115 776 Galbiqu
1174 733 1228 776 et
1276 723 1604 786 Candidum,
1666 723 1757 790 qui

183 809 392 878 alioqui
443 825 500 863 se
553 820 696 864 recte
749 813 1024 880 gerebant,
1061 821 1115 866 et
1150 812 1260 866 Deo
1308 813 1613 881 piat-ebant,
1651 829 1758 866 non

184 899 321 952 sivit
376 900 556 953 divina
622 902 790 969 gratia
854 917 957 955 non
1015 918 1134 955 esse
1202 902 1530 956 illuminatos
1583 903 1634 956 in
1697 919 1761 958 eo

169 988 337 1062 quod
391 997 474 1042 est
537 991 864 1059 praecipuum
927 992 1114 1045 salutis
1151 1011 1162 1045 :
1201 995 1294 1047 sed
1335 1009 1430 1047 eos
1474 995 1540 1048 ab
1581 1009 1762 1048 errore

187 1080 422 1134 traducit
449 1082 516 1135 ad
553 1082 852 1146 veritatem,
885 1084 1020 1137 adeo
1048 1094 1360 1139 constanter
1389 1097 1442 1140 et
1473 1087 1753 1153 stabiliter,

192 1177 256 1218 ut
309 1184 414 1221 non
472 1170 643 1222 solum
696 1182 838 1222 recte
871 1186 928 1224 se
967 1172 1245 1240 haberent,
1299 1183 1351 1226 et
1403 1175 1500 1226 tuti
1555 1183 1758 1239 essent,

184 1258 336 1325 quod
400 1260 592 1312 attinet
622 1260 685 1313 ad
719 1261 967 1327 pietatem
1009 1283 1020 1315 :
1072 1265 1163 1317 sed
1215 1265 1377 1317 etiam
1418 1266 1572 1327 alios,
1626 1283 1762 1336 quos

193 1359 426 1402 nossent
457 1364 562 1402 non
614 1359 761 1408 recto
809 1354 941 1418 pede
985 1355 1187 1422 ingredi
1216 1355 1282 1408 ad
1314 1357 1613 1422 veritatem,
1650 1369 1764 1412 stu-

188 1443 386 1495 cit-rent
426 1457 523 1510 pro
565 1443 768 1497 viribus
801 1444 1033 1506 efficere,
1077 1455 1133 1500 ut
1167 1448 1408 1514 ejusdem
1457 1458 1636 1505 essent
1677 1466 1763 1505 se-

190 1547 318 1585 cum
376 1534 680 1588 sententiaa.
717 1536 753 1588 li
790 1551 909 1590 cum
948 1539 1037 1607 pie
1089 1551 1272 1594 essent
1323 1540 1518 1606 allecti,
1570 1559 1764 1613 magno

188 1639 408 1690 quoque
445 1635 495 1679 et
531 1627 745 1680 excelso
796 1629 976 1683 animo
1025 1647 1082 1685 se
1128 1633 1333 1688 dedunt
1387 1635 1765 1690 misericordia:

191 1717 519 1769 exercenda:
559 1718 611 1770 in
655 1735 935 1788 pauperes,
975 1730 1032 1775 ut
1058 1723 1146 1790 qui
1185 1739 1280 1791 pro
1316 1727 1584 1796 agnitione
1618 1730 1763 1783 veri-

197 1804 324 1858 tatis
356 1816 663 1877 satagerent
697 1809 910 1864 Christo
946 1813 1166 1865 reddere
1198 1815 1417 1882 gratias.
1447 1818 1760 1871 Castissima

1249 428 1539 490 ORATIO
1582 428 1678 487 DE
1720 421 2008 486 SANCTA
2054 423 2327 485 MARIA.

1798 549 1836 600 Α
1871 545 2087 608 propter
2126 538 2177 591 id
2227 538 2423 599 solmn,
2475 534 2614 603 quod
2660 533 2712 587 in
2749 547 2811 586 ea
2849 529 3068 591 latebat,
3103 527 3297 582 domus
3336 525 3433 579 ad-

3306 411 3414 472 562

1871 627 2133 681 mirabilis
2168 645 2179 678 :
2214 626 2412 694 alioqui
2445 630 2624 678 autem
2656 623 2788 676 nihil
2825 621 3052 674 habebat
3109 617 3308 686 magni,
3338 613 3431 668 sed

1869 725 1982 768 erat
2018 716 2177 784 plane
2210 715 2330 768 vilis
2374 721 2428 770 et
2458 714 2685 781 abjecta.
2718 711 2849 765 Cum
2881 725 2970 764 eos
3005 718 3189 762 autem
3221 715 3434 774 tempus

1873 814 2087 861 vocaret
2121 807 2185 860 ad
2220 821 2455 869 cuinam,
2496 804 2584 858 ubi
2624 804 3026 863 accubuissent,
3063 799 3248 852 vident
3295 797 3432 850 inte—

1870 904 1981 955 rius
2015 902 2172 955 aliam
2206 901 2584 955 domunculam
2621 917 2633 951 :
2665 913 2782 967 quae
2813 898 2981 950 multo
3009 895 3222 965 quidem
3253 893 3431 946 lucer-

1870 1008 2060 1046 narum
2093 991 2293 1046 lumine
2317 990 2706 1051 iliustrabatur,
2741 987 2920 1041 multis
2944 1003 3070 1040 vero
3095 983 3360 1040 sumtibus
3382 990 3432 1033 et

1871 1084 2162 1154 unguentis
2198 1097 2360 1137 suave
2390 1082 2628 1150 spirabat
2664 1097 2676 1133 :
2707 1080 2758 1132 in
2794 1094 2853 1132 ea
2896 1085 3073 1132 autem
3116 1074 3270 1130 sitam
3316 1089 3433 1126 ma-

1872 1192 2030 1246 gnam
2065 1183 2390 1244 aegrotorum
2432 1173 2850 1227 multitudinem.
2909 1171 2986 1223 Ex
3035 1183 3139 1238 quo
3193 1167 3433 1221 divinum

1870 1268 2087 1337 quidem
2119 1267 2390 1337 quippiam
2426 1264 2834 1334 suspicabantur
2867 1277 2987 1315 esse
3019 1273 3073 1314 et
3105 1257 3432 1320 venerabile,

1873 1361 1950 1414 rei
1987 1368 2164 1413 tamen
2197 1358 2475 1411 veritatem
2517 1357 2738 1410 omnino
2777 1352 3078 1422 excogitare
3126 1365 3234 1402 non
3284 1358 3434 1416 pote-

1876 1461 2017 1504 rant.
2071 1449 2300 1502 lnvitant
2332 1449 2514 1511 itaque
2544 1448 2606 1501 ad
2639 1444 2946 1500 convivium
2975 1442 3238 1512 egregiam
3289 1440 3434 1493 illam

1873 1541 2161 1604 aniculam,
2190 1539 2471 1608 cupientes
2510 1553 2576 1589 ex
2619 1552 2682 1590 ea
2710 1534 2907 1604 aliquid
2949 1535 3088 1587 scire
3115 1533 3252 1601 ejus,
3289 1531 3432 1599 quod

1877 1631 2293 1696 desiderabant;
2342 1629 2428 1682 illa
2465 1639 2643 1682 autem
2692 1627 2794 1680 hoc
2856 1625 3162 1685 recusabat.
3207 1637 3437 1677 causaris

1873 1723 2204 1794 religionem,
2231 1731 2284 1776 et
2313 1722 2455 1791 quod
2488 1736 2594 1774 non
2628 1718 2706 1771 fas
2736 1718 2804 1772 sit
2836 1717 2905 1783 ei,
2938 1733 3058 1772 cum
3093 1716 3165 1770 sit
3190 1717 3436 1786 Hebraea,

1873 1816 2013 1867 vesci
2043 1830 2165 1868 cum
2195 1812 2539 1867 Christianis.
2576 1810 2656 1864 llli
2696 1824 2842 1874 vero,
2898 1825 3019 1863 cum
3059 1818 3278 1877 propter
3329 1821 3445 1859 ma-

193 1911 326 1963 ergo
378 1895 542 1951 Mater
593 1899 735 1953 illius
790 1903 968 1969 magni
1009 1902 1102 1956 Dei
1134 1913 1188 1957 et
1222 1903 1512 1962 Salvatoris
1575 1912 1764 1975 nostri,
1795 1893 1842 1951 Β
1868 1920 2027 1972 gnam
2056 1905 2200 1958 sitim
2233 1903 2557 1973 cegnitionis
2588 1903 2725 1970 ejus,
2760 1900 2900 1965 quod
2924 1908 3040 1952 erat
3072 1897 3434 1967 propositum.

196 1997 604 2041 sacrosanctum
686 1990 1017 2056 thesaurum,
1074 2009 1269 2064 nempe
1320 2011 1471 2049 suam
1541 2010 1765 2065 vestem,

197 2076 390 2130 volens
441 2091 553 2130 sute
582 2077 756 2147 largiri
792 2079 1017 2143 civitati,
1056 2094 1111 2136 ut
1145 2083 1247 2139 hoc
1279 2087 1386 2147 liat,
1423 2103 1517 2154 per
1545 2089 1768 2143 dtlectos

195 2165 321 2218 illos
357 2167 498 2218 viros
550 2166 794 2232 providet
833 2173 1076 2238 quodam
1134 2176 1294 2229 modo
1331 2176 1616 2232 diviniore.
1654 2181 1769 2234 Mo-

193 2254 299 2306 dus
333 2264 509 2308 autem
544 2257 613 2310 ita
650 2258 807 2314 habet
838 2277 849 2312 :

269 2343 426 2400 XLV.
463 2346 711 2404 Immittit
760 2353 839 2408 eis
895 2355 1220 2412 desiderium
1277 2337 1534 2421 adorandi
1578 2378 1767 2423 cattcta

197 2438 317 2492 loca
355 2453 472 2507 quae
504 2452 630 2499 sunt
685 2443 1084 2516 Hierosolymis.
1121 2450 1270 2514 Quod
1306 2455 1461 2522 plane
1488 2468 1542 2511 et
1572 2458 1638 2512 ab
1665 2434 1768 2515 illis

199 2525 400 2581 factum
442 2539 540 2583 est.
575 2533 818 2601 Cumque
851 2535 1016 2590 Leoni
1050 2549 1104 2592 et
1138 2540 1348 2597 Verinae
1382 2561 1493 2598 rem
1525 2551 1769 2614 aperuis-

197 2628 342 2684 sent,
379 2622 692 2677 comitatum
739 2641 845 2679 non
898 2629 1150 2700 exiguum
1186 2648 1374 2688 eorum
1427 2637 1767 2696 familiarium

197 2723 253 2767 et
289 2713 583 2768 amicorum
629 2733 813 2772 secum
863 2722 1223 2779 adduxerunt.
1261 2728 1394 2781 Cum
1447 2741 1624 2786 autem
1669 2736 1770 2788 iter

202 2803 434 2872 ingressi
467 2817 664 2871 essent,
698 2819 750 2861 et
777 2810 885 2879 jam
921 2814 1193 2869 venissent
1218 2817 1576 2887 Palxstinatn,
1608 2825 1766 2889 viam,

199 2909 324 2961 quae
357 2895 504 2949 ducit
540 2896 592 2950 in
625 2898 918 2959 Galilaeam.
954 2904 1247 2970 pt'mferuttt
1301 2912 1604 2975 maritimze,
1647 2917 1766 2983 plu-

203 2986 278 3037 ris
325 2985 585 3041 facientes
620 2995 973 3060 contemplari
1017 2998 1282 3054 Nazaretl‘t
1325 3013 1380 3056 et
1408 3004 1764 3073 Capcrnaum,

201 3092 370 3146 quam
431 3081 716 3136 maritimis
771 3088 875 3139 frui
925 3090 1397 3149 delectationibus.
1450 3099 1523 3150 Ex
1576 3101 1770 3168 quibus

1873 1995 2002 2049 nihil
2055 1994 2121 2050 de
2187 2009 2458 2063 propenso
2507 2008 2604 2046 suo
2667 1992 2846 2045 studio
2902 1992 3258 2050 remitterent,
3318 2002 3437 2041 eam

1871 2090 2049 2144 adhuc
2111 2087 2341 2141 invitant
2411 2086 2710 2147 ardentius,
2749 2095 2803 2138 et
2856 2085 2998 2136 illius
3045 2099 3150 2136 non
3209 2083 3432 2152 parendi

1869 2180 2177 2248 pertinacia}
2218 2178 2478 2246 objiciunt
2513 2176 2656 2229 aliud
2689 2176 2942 2228 validius:
2978 2172 3139 2238 Quid,
3171 2173 3435 2234 dicentes,

1869 2273 2070 2331 obstat,
2122 2272 2165 2325 si
2212 2286 2336 2324 cmn
2389 2277 2441 2322 tu
2499 2268 2774 2336 acceperis
2832 2267 3001 2326 cibos,
3072 2264 3267 2331 quibus
3341 2279 3436 2332 pro

1871 2381 2022 2418 more
2055 2363 2312 2426 vesceris,
2353 2362 2634 2415 nobiscum
2679 2359 2896 2428 quidem
2928 2357 3275 2424 colloquaris,
3322 2357 3433 2409 sola

1871 2468 2047 2510 autetn
2082 2456 2186 2508 tuis
2216 2453 2483 2507 alimentis
2531 2451 2740 2505 utaris?
2793 2449 2884 2503 llis
2921 2450 3100 2516 itaque
3133 2457 3283 2517 paret
3321 2463 3438 2500 mu~

1871 2549 1989 2608 lier.
2039 2558 2089 2602 et
2123 2547 2489 2616 congreditur.

1941 2638 2146 2694 XLVII.
2179 2639 2462 2706 Postquam
2504 2647 2684 2691 autem
2716 2636 3099 2698 comedissent,
3140 2636 3279 2705 apud
3320 2651 3436 2690 eam

1874 2730 1969 2783 viri
2020 2729 2094 2782 illi
2134 2729 2386 2798 precibus
2430 2737 2675 2797 egerunt,
2705 2736 2762 2780 ut
2788 2727 2863 2781 eis
2897 2727 2950 2780 id
2980 2726 3281 2797 signiﬁcare
3329 2741 3435 2780 non

1870 2831 2167 2881 recusaret.
2212 2837 2456 2891 quaenam
2500 2830 2683 2874 essent
2729 2836 2790 2872 ea
2841 2836 2957 2888 qua:
3008 2821 3205 2873 liebant
3250 2820 3300 2872 in
3339 2820 3438 2873 do-

1873 2931 1960 2973 mo
1994 2913 2256 2967 interiori.
2311 2912 2703 2966 Existimabam
2735 2911 2876 2964 enim
2908 2927 3028 2965 esse
3061 2911 3261 2980 aliquid
3291 2911 3437 2981 lega-

1873 3006 1940 3070 le,
1987 3015 2039 3060 et
2088 3022 2152 3060 ex
2197 3005 2574 3059 umbratilibus
2617 3005 2720 3056 illis
2763 3014 2814 3056 et
2853 3003 3142 3056 veteribus.
3203 3003 3295 3055 llla
3337 3019 3436 3056 au-

1875 3107 1978 3151 tem
2031 3111 2092 3149 ea
2149 3096 2367 3166 quidem
2401 3095 2552 3158 dicit,
2592 3111 2709 3164 qu.e
2756 3095 2949 3148 ﬁebant
2983 3111 2995 3147 :
3031 3110 3246 3148 causam
3291 3109 3437 3155 vero,

199 3173 293 3226 illa
354 3173 571 3242 quidem
631 3174 731 3230 fuit
794 3192 1004 3232 sacrum
1086 3181 1326 3252 Deiparie
1380 3187 1837 3284 habitaculum.C
1873 3191 2222 3258 quamobrem
2269 3203 2331 3241 ea
2383 3190 2614 3251 fierent,
2667 3187 2888 3240 minime
2957 3187 3313 3256 persuadetur
3380 3195 3437 3240 ut

196 3274 252 3321 et
288 3265 339 3318 in
380 3282 441 3320 ea
471 3269 638 3324 multo
671 3279 910 3338 tempore
943 3273 1072 3328 vidit
1108 3272 1273 3327 Deum
1326 3275 1560 3330 Verbum
1607 3293 1670 3331 ex
1711 3298 1766 3334 se

198 3356 481 3426 genitum;
517 3359 630 3413 haec
692 3371 873 3417 autem
917 3365 1032 3433 ejus
1075 3365 1165 3419 filii
1209 3367 1430 3422 charum
1461 3381 1766 3428 etconsue-

201 3460 318 3502 tum
350 3451 731 3506 direrst'trium.
782 3455 914 3509 Cum
969 3458 1053 3511 ltic
1089 3476 1216 3530 ergo
1254 3461 1498 3525 fuissent,
1540 3475 1593 3516 ut
1630 3465 1764 3517 dixi-

198 3555 342 3599 mus,
375 3544 627 3608 quoniam
669 3561 770 3596 non
808 3549 1155 3613 permittebat
1191 3563 1398 3620 tempus
1453 3565 1508 3606 ut
1545 3556 1767 3611 ulterius

201 3634 657 3701 progrederemur
689 3636 826 3708 (jam
887 3638 1030 3692 enim
1079 3651 1194 3696 erat
1251 3658 1494 3712 vespera,
1554 3654 1606 3699 et
1661 3664 1766 3700 nox

200 3727 469 3790 obscura;
532 3731 802 3796 provisum
874 3740 1052 3783 autem
1110 3731 1330 3785 cumino
1387 3734 1486 3788 hac
1556 3752 1767 3804 quoque

202 3818 382 3871 fuerat
451 3819 765 3890 divinitus),
799 3822 950 3875 vicus
1006 3823 1221 3891 quidem
1274 3840 1367 3877 eos
1443 3828 1766 3895 excipiebat,

202 3909 355 3977 isque
392 3926 604 3978 parvus.
637 3911 691 3962 ln
738 3929 803 3965 eo
855 3923 1033 3965 autem
1095 3914 1409 3967 habitabant
1436 3926 1488 3968 et
1519 3919 1606 3969 alii
1661 3935 1768 3972 non

202 4001 382 4068 pauci,
415 4009 467 4052 et
497 4001 811 4055 muliercula
863 4018 1075 4070 queque
1111 4004 1352 4072 quwdam
1396 4005 1620 4074 insignis
1682 4026 1770 4063 ca-

201 4088 405 4153 stitate,
441 4095 679 4160 etplane
741 4092 1115 4146 honestissima
1168 4103 1222 4147 et
1277 4096 1704 4154 moderatissima
1755 4116 1767 4150 :

200 4200 320 4254 quae
360 4196 582 4253 propter
627 4186 952 4254 profundum
992 4186 1208 4255 quidem
1251 4191 1462 4240 senium
1512 4200 1564 4243 ct
1605 4206 1770 4245 canos

203 4279 486 4341 honorata,
535 4278 629 4331 sed
687 4289 908 4347 propter
965 4296 1216 4348 maguum
1286 4281 1545 4333 virtutum
1607 4296 1770 4336 Orna-

204 4381 449 4423 mentum
492 4371 647 4439 longe
683 4372 998 4424 honoratior
1049 4382 1186 4425 erat.
1218 4372 1372 4439 Apud
1409 4387 1524 4425 eam
1587 4383 1766 4428 autem

202 4461 389 4524 vestis,
444 4461 660 4512 divinus
719 4461 895 4517 fuerat
953 4462 1042 4512 hic
1093 4463 1376 4517 thesaurus
1427 4464 1756 4518 reconditus.

201 4552 487 4620 Quomodo
533 4569 661 4608 vero
710 4553 899 4609 fuisset
939 4552 1022 4606 illa
1073 4563 1232 4606 tanta-
1282 4556 1357 4606 rei
1415 4567 1614 4617 custos,
1669 4559 1769 4609 nisi

201 4658 256 4702 et
287 4649 546 4700 virtutum
598 4648 789 4702 fuisset
839 4658 1026 4702 ornata
1059 4647 1482 4716 pulchritudine,
1517 4659 1568 4701 et
1598 4648 1765 4701 animi

202 4738 474 4806 puritate?
529 4738 842 4804 Quanquam
909 4739 1049 4793 enim
1104 4737 1328 4792 Hebr-tea
1380 4739 1594 4807 quidem
1652 4747 1768 4792 erat

201 4829 291 4880 illa
337 4828 531 4880 mulier
567 4828 683 4894 (est
725 4844 954 4894 namque
1005 4830 1175 4879 amica
1217 4831 1454 4893 veritas},
1493 4830 1632 4880 illius
1686 4838 1765 4881 ta-

202 4935 325 4972 men
377 4918 610 4970 animam
649 4918 821 4972 lucmn
869 4916 1119 4982 dixisses,
1149 4919 1238 4987 qui
1271 4931 1354 4976 est
1394 4920 1445 4974 iu
1484 4922 1765 4988 praesentia

198 5009 416 5080 quidem
449 5009 731 5070 obscurus,
784 5022 940 5079 aptus
985 5021 1066 5064 est
1105 5023 1284 5064 autem
1329 5010 1395 5063 ad
1441 5009 1618 5063 lumen
1670 5028 1765 5063 ex-

197 5101 537 5170 cipiendum,
570 5109 621 5153 et
670 5102 821 5153 valde
849 5102 1308 5154 accommodatus.
1356 5099 1603 5154 Divinum
1640 5118 1764 5154 vero

199 5201 318 5245 crat
349 5191 402 5242 in
434 5192 532 5244 hoc
563 5206 775 5260 quoque
824 5202 1008 5260 aperte
1058 5194 1359 5256 consilium,
1395 5203 1450 5246 ut
1486 5208 1570 5245 res
1619 5194 1760 5261 apud

198 5298 318 5340 eam
359 5285 638 5344 mulierem
680 5286 978 5349 recondita,
1025 5299 1142 5353 qua:
1192 5285 1271 5337 sic
1313 5285 1501 5338 affecta
1539 5297 1674 5349 erat,
1709 5294 1764 5338 ut

197 5389 316 5427 eam
376 5374 504 5426 totis
567 5374 773 5429 viribus
812 5377 991 5429 celare
1059 5376 1318 5440 studeret,
1361 5387 1543 5446 postea
1594 5377 1642 5428 in
1682 5377 1763 5428 iu-

197 5479 318 5518 (ειη
352 5464 580 5532 prolata,
615 5468 872 5536 majorem
911 5466 1067 5521 fidem
1100 5467 1342 5524 haberet.

275 5555 459 5611 XLVI.
515 5556 644 5610 Vide
703 5574 848 5629 ergo,
904 5575 1060 5628 quam
1115 5559 1387 5628 eleganter
1444 5558 1765 5628 processerit

197 5650 446 5704 divinum
497 5649 804 5704 consilimn.
874 5651 1005 5703 Nam
1073 5653 1212 5720 apud
1271 5666 1388 5705 eam
1459 5650 1761 5714 venientes,

196 5743 548 5811 excipiuntur
589 5743 821 5811 hospitio
870 5742 1090 5797 Galbius
1119 5751 1171 5797 et
1220 5742 1491 5798 Candidus
1547 5743 1762 5811 sapien-

197 5843 304 5899 tes,
358 5847 451 5887 eos
501 5834 574 5890 sic
626 5833 800 5888 divitia
857 5834 1154 5890 tleducettle
1211 5833 1396 5904 gratia.
1457 5833 1574 5886 Erat
1636 5850 1760 5886 tero

1873 3279 2100 3346 aperiat.
2164 3279 2366 3332 Videtis
2420 3279 2561 3330 enim
2599 3319 2613 3340 ,
2663 3279 2879 3346 inquit,
2917 3294 2948 3332 ο
3012 3279 3111 3337 viri
3183 3278 3438 3347 dignissi-

1875 3369 1967 3432 tui,
2001 3385 2262 3439 aigrorum
2302 3367 2722 3424 multitudinem.
2774 3369 2982 3422 Etenim
3029 3386 3150 3423 cum
3213 3371 3318 3423 Deo
3364 3371 3432 3423 ita

1875 3465 2138 3527 videatur,
2173 3464 2227 3516 in
2264 3464 2365 3517 hoc
2417 3463 2632 3532 quidem
2675 3461 2791 3515 loco
2837 3462 3107 3515 daemones
3159 3462 3437 3529 expellun-

1873 3568 1958 3615 tur
1997 3573 2008 3609 :
2044 3556 2197 3609 caecis
2270 3565 2448 3609 autem
2515 3567 2569 3608 ut
2627 3557 2792 3612 libere
2843 3557 3076 3634 videant,
3128 3555 3329 3608 claudis
3382 3564 3442 3608 ut

1871 3649 2170 3710 ambulent,
2207 3647 2383 3702 surdis
2415 3656 2472 3700 ut
2502 3647 2738 3706 audiant.
2768 3656 2822 3699 et
2847 3648 3008 3703 mutis
3041 3658 3095 3700 ut
3123 3648 3434 3715 loquantur,

1877 3734 2106 3788 efficitur
2158 3735 2516 3800 mirabiliter;
2564 3744 2617 3803 et
2659 3734 2744 3787 alii
2802 3735 2998 3800 morbi,
3045 3745 3099 3789 et
3148 3751 3434 3804 corporum

1874 3824 2255 3884 tantilationrs,
2316 3841 2435 3891 qua:
2491 3827 2820 3880 medicorum
2879 3828 3084 3882 artibus
3134 3829 3281 3881 nullo
3327 3829 3438 3889 sint

1885 3917 2044 3971 modo
2072 3914 2437 3980 rnedicabtles,
2484 3925 2740 3968 curantur
2781 3915 2952 3972 facile.
2977 3918 3050 3969 llli
3078 3926 3258 3972 autem
3295 3917 3436 3987 (non

1873 4006 2016 4060 enim
2087 4015 2242 4059 erant
2316 4005 2747 4076 imprudemibus
2824 4006 3136 4061 hominibus
3209 4007 3434 4074 similes,

1873 4112 2047 4165 nequc
2077 4098 2217 4164 quod
2258 4099 2585 4165 interrogare
2618 4099 2921 4164 oportebat,
2959 4099 3056 4168 ipsi
3090 4114 3196 4168 prce
3233 4101 3439 4169 simpli-

1871 4189 2028 4242 citate
2069 4186 2591 4257 prmtermittebant).
2639 4186 2917 4240 Undenatn
2973 4203 3127 4249 vero,
3155 4191 3437 4256 rogabant.

1872 4281 2194 4350 principium
2239 4280 2381 4349 cepit
2437 4281 2586 4334 locus
2628 4280 2748 4333 talia
2787 4280 3084 4349 oper-andi?
3125 4278 3218 4336 Illa
3262 4296 3388 4334 vero
3422 4298 3434 4332 :

1873 4371 2026 4440 Apud
2082 4387 2199 4436 nos,
2247 4371 2441 4440 inquit,
2487 4371 2736 4424 Hebraeos
2769 4389 2796 4424 a
2834 4372 3076 4439 patribus
3109 4373 3296 4425 tradita
3347 4374 3435 4424 ha-

1885 4462 2041 4515 belttt‘
2092 4462 2349 4520 narratio,
2387 4461 2531 4527 quod
2584 4460 2721 4513 Deus
2773 4462 2824 4512 in
2875 4462 2975 4512 hoc
3019 4461 3133 4514 loco
3182 4463 3326 4517 visus
3368 4463 3437 4517 sit

1808 4564 1847 4614 ι)
1878 4551 2091 4603 cuidam
2127 4566 2192 4605 ex
2235 4552 2480 4620 patribus
2528 4569 2540 4603 :
2573 4567 2634 4605 ex
2672 4567 2777 4620 quo
2811 4551 3006 4606 factum
3061 4563 3161 4616 cst,
3218 4563 3274 4606 ut
3319 4555 3435 4610 loco

1873 4639 1985 4696 haec
2021 4654 2332 4695 servaretur
2374 4643 2563 4712 gratia.
2604 4643 2724 4696 Hm
2772 4657 2891 4698 Cum
2929 4657 2989 4696 ea
3030 4643 3248 4706 diceret,
3283 4644 3352 4696 illi
3383 4646 3432 4698 ei

1870 4732 2030 4784 corde
2080 4733 2302 4785 minime
2353 4733 2795 4786 assentiebantur
2830 4751 2842 4786 :
2882 4733 2974 4786 sed
3025 4734 3302 4788 \idebatur
3353 4737 3434 4790 eis

1872 4823 2209 4886 muliercula,
2257 4823 2393 4877 sicut
2438 4838 2522 4876 res
2563 4832 2698 4887 erat,
2739 4823 3094 4892 probabilium
3148 4826 3431 4880 verborum

1870 4915 2092 4985 pulchra
2158 4919 2337 4982 Specie
2409 4917 2585 4970 celare
2636 4918 2936 4969 veritatem.
2995 4918 3096 4987 Ipsi
3142 4932 3270 4984 ergo
3313 4933 3433 4972 earn

1868 5008 2080 5076 quidem
2131 5009 2305 5061 adhuc
2355 5011 2612 5077 rogabant
2648 5009 3022 5063 vehementius
3045 5052 3056 5070 ,
3098 5018 3155 5063 ut
3185 5011 3262 5063 eis
3293 5027 3431 5074 rem,

1869 5109 1926 5151 ιιι
1958 5114 2016 5151 se
2044 5099 2297 5163 habebat,
2344 5100 2600 5168 aperiret,
2655 5102 2967 5169 respiciens,
3017 5101 3059 5152 si
3095 5101 3225 5152 nihil
3264 5102 3429 5162 aliud.

1867 5189 2104 5244 laborem
2159 5192 2345 5246 saltem
2405 5192 2534 5244 tanti
2587 5193 2816 5256 itineris,
2881 5192 2968 5258 qui
3024 5191 3166 5244 nulla
3217 5192 3320 5244 alia
3363 5197 3431 5247 de

1869 5296 2030 5335 causa
2071 5290 2184 5335 erat
2216 5291 2516 5350 susceptus,
2554 5283 2653 5336 nisi
2689 5293 2746 5336 ut
2776 5284 3021 5337 viderent
3066 5291 3250 5336 sancta
3295 5283 3428 5348 loca,

1866 5384 1919 5428 et
1949 5373 2200 5427 audirent
2227 5388 2286 5426 ea
2317 5390 2434 5442 quae
2463 5390 2492 5426 a
2529 5375 2629 5443 piis
2657 5385 2709 5427 et
2739 5378 2940 5428 sanctis
2970 5375 3226 5428 dicuntur
3255 5376 3429 5428 homi-

1867 5466 2041 5521 nibus.
2071 5465 2159 5520 llla
2185 5474 2363 5518 autem
2396 5481 2462 5518 ne
2490 5466 2566 5518 sic
2597 5465 2810 5534 quidem
2835 5466 3079 5530 cedebat,
3115 5466 3208 5521 sed
3242 5479 3426 5519 mane-

1868 5559 1976 5623 bat,
2023 5565 2080 5610 ιιι
2138 5567 2418 5622 statuerat,
2472 5567 2720 5628 apertum
2773 5557 3053 5632 religionis
3113 5558 3427 5619 existimans

1866 5663 1984 5702 esse.
2041 5648 2294 5713 dedecus,
2343 5649 2387 5702 si
2423 5651 2722 5718 aperiretur
2773 5650 2990 5713 veritas,
3033 5659 3085 5702 et
3135 5648 3320 5701 dicens
3367 5666 3424 5706 se

1867 5742 1999 5795 nibil
2051 5742 2186 5795 scire
2246 5742 2478 5810 amplius
2542 5758 2702 5812 quam
2752 5742 2892 5810 quod
2938 5743 3082 5796 locus
3130 5740 3205 5794 sit
3239 5742 3426 5809 plenus

1867 5833 2043 5895 divina
2074 5834 2259 5900 gratia.
