4198 6438
803 422 908 484 563

2038 415 2324 477 MENSIS
2364 416 2794 482 AUGUSTUS.

3955 426 4060 489 56l

873 531 1103 587 XLVIII.
1151 531 1287 585 Cum
1323 538 1500 585 autem
1533 531 1609 584 illi
1647 530 1872 599 pulchre
1908 529 2204 583 sensissent
2250 545 2368 582 eam
2401 531 2447 588 Α
2477 532 2633 587 nobis
2663 536 2993 604 rogantibus.
3046 536 3316 607 Rogamus
3363 554 3510 604 vero,
3537 549 3594 593 ut
3628 539 3971 594 dormiamus
4005 541 4056 592 in

805 626 1006 694 optime
1040 623 1260 692 quidem
1293 622 1451 685 scire,
1506 623 1678 675 vitare
1723 629 1900 674 autem
1937 634 2004 674 ne
2067 635 2181 673 eam
2232 620 2371 672 scire

803 727 949 777 esset
978 726 1244 781 apertum,
1277 723 1330 768 et
1363 715 1483 767 ideo
1518 729 1626 782 prie
1662 728 1718 767 se
1748 713 1890 767 ferre
1951 713 2369 782 ignorationem,

805 810 1040 863 evadunt
1078 808 1346 862 avidiores
1389 806 1692 860 inveniendi
1725 807 1862 873 ejus,
1911 807 2054 874 quod
2098 806 2373 875 quaereba-

811 899 914 962 Iur,
949 909 1001 953 et
1039 902 1178 953 sicut
1211 899 1472 966 Cleophas
1503 909 1556 952 et
1587 900 1674 952 ille
1705 899 1840 952 alius
1863 899 2178 968 discipulus,
2211 899 2369 951 corde

807 1002 1088 1060 coeperunt
1142 992 1406 1044 ardere".
1446 990 1547 1043 Eos
1579 992 1721 1044 enim
1764 991 1922 1061 Virgo
1956 992 2371 1045 beatissima‘tu-

811 1086 1032 1148 citabat,
1064 1086 1252 1136 volens
1293 1084 1601 1154 Byzantinis
1646 1082 1888 1138 divinum
1925 1084 2069 1137 hunc
2107 1091 2160 1138 et
2194 1099 2374 1137 sacro-

810 1191 1056 1231 sanctum
1115 1178 1292 1246 largiri
1347 1179 1682 1232 thesaurum.
1740 1179 1966 1230 Omnem
2010 1192 2138 1246 ergo
2192 1179 2369 1232 statim

812 1269 1097 1321 movebant
1124 1268 1374 1335 lapidem,
1404 1278 1461 1321 ut
1491 1270 1704 1332 mulier,
1727 1271 2012 1323 remittens
2041 1270 2370 1323 immobilem

814 1363 950 1414 hanc
983 1365 1422 1426 occultationem,
1470 1363 1546 1416 eis
1579 1363 1628 1415 id
1664 1363 1806 1431 quod
1845 1372 2102 1428 tacuerat,
2131 1364 2181 1416 in
2216 1379 2373 1430 aper-

811 1469 923 1506 tum
971 1457 1256 1524 proferret.
1306 1455 1447 1520 Quin
1511 1457 1671 1509 etiam
1723 1455 2075 1524 jttrisjurandi
2130 1455 2374 1510 necessi-

809 1557 975 1600 tatem
1008 1549 1358 1614 adhibebant,
1399 1549 1624 1617 ejusque
1667 1550 1799 1603 adco
1829 1550 2012 1610 validi.
2049 1561 2106 1604 ut
2132 1552 2372 1605 animum

814 1640 1063 1706 quamvis
1127 1640 1597 1708 inexpugnabilem
1651 1657 1749 1694 suo
1818 1650 2035 1710 possent
2086 1642 2205 1698 loco
2256 1658 2376 1695 mo-

815 1747 961 1785 vere.
1017 1732 1149 1785 Cum
1190 1733 1267 1787 sie
1315 1749 1432 1786 eam
1478 1733 1624 1786 omni
1669 1750 1731 1787 ex
1780 1743 1928 1800 parte
1973 1733 2373 1798 astrinxissent,

816 1831 868 1874 et
922 1834 1174 1891 tanquam
1233 1822 1560 1876 inevitabilia
1601 1824 1647 1876 ei
1685 1824 1892 1877 vincula
1969 1825 2374 1892 imposuissent,

811 1917 904 1969 vix
941 1919 1154 1970 tandem
1188 1917 1517 1984 persuadent
1571 1926 1629 1971 ut
1678 1919 1758 1972 eis
1814 1935 1927 1975 rem
1976 1921 2201 1990 aperiat.
2244 1921 2379 1974 Cum

820 2013 999 2079 itaque
1043 2027 1106 2063 ex
1157 2013 1262 2064 alto
1293 2021 1500 2065 etcum
1552 2014 1801 2082 lacrymis
1848 2014 2192 2081 suspirasset,
2234 2023 2294 2067 et
2328 2015 2379 2068 in

820 2114 1014 2156 terram
1065 2103 1270 2156 fixisset
1305 2106 1509 2166 oculos,
1553 2105 1775 2173 perinde
1804 2119 1866 2158 ac
1906 2106 1948 2160 si
1992 2122 2109 2159 eam
2158 2107 2382 2175 puderet

818 2194 1104 2248 enuntiare
1135 2213 1148 2246 :
1184 2194 1226 2249 Ο
1259 2195 1375 2258 ιίτί,
1409 2196 1602 2264 inquit,
1647 2213 1920 2264 nunquam
1956 2199 2008 2250 in
2061 2199 2379 2252 hodiernum

819 2299 990 2352 usque
1044 2287 1208 2348 diem,
1255 2288 1494 2340 divinum
1549 2289 1650 2340 hoc
1687 2291 1997 2357 mysterium
2051 2291 2165 2341 viro
2216 2291 2384 2342 evasit

821 2380 1188 2434 manifestum.
1233 2381 1362 2446 Quae.
1393 2383 1536 2435 enim
1571 2383 1622 2434 in
1656 2399 1851 2450 genere
1881 2398 2001 2436 meo
2041 2398 2124 2435 me
2153 2398 2382 2450 prmces-

821 2482 1028 2534 serunt,
1082 2474 1439 2542 jurejurando
1493 2476 1752 2541 adhibito,
1798 2477 1886 2529 ltiti
1938 2476 2170 2537 mulieri,
2227 2477 2383 2544 eique

823 2565 1040 2633 virgini,
1078 2564 1149 2616 ita
1184 2565 1538 2628 tradiderunt,
1573 2573 1628 2617 ut
1661 2567 1885 2635 singulis
1921 2568 2167 2621 aetatibus
2202 2583 2263 2620 ea
2295 2584 2380 2621 res

820 2660 897 2712 sic
937 2656 1241 2710 traderetur
1277 2657 1412 2720 ;sed
1459 2658 1711 2725 quoniam
1761 2660 1916 2711 video
1948 2675 2040 2713 vos
2073 2675 2191 2713 esse
2241 2661 2384 2714 viros

820 2747 1150 2800 reverendos
1204 2755 1258 2800 et
1305 2748 1464 2816 pios:
1503 2759 1555 2802 et
1603 2750 1799 2818 alioqui
1827 2751 1983 2819 (nam
2024 2753 2124 2805 hoc
2169 2768 2384 2820 quoque

820 2838 972 2894 vobis
1007 2838 1356 2912 signiﬁcabo)
1387 2842 1452 2895 ad
1500 2858 1584 2896 me
1636 2859 1802 2910 usque
1847 2847 2076 2898 redacta:
2120 2855 2248 2898 sunt
2278 2846 2382 2899 mei

821 2936 1035 3003 generis
1059 2934 1295 2995 feminae,
1333 2950 1431 2989 nec
1470 2936 1575 2989 ulla
1598 2946 1844 3002 superest
1882 2938 1981 2989 alia
2019 2948 2139 3006 post
2169 2955 2251 2992 me
2275 2940 2386 2992 vir-

821 3039 909 3095 go,
939 3023 1091 3092 cujus
1118 3024 1239 3078 fidei
1269 3040 1294 3077 a
1325 3040 1410 3078 me
1448 3025 1595 3079 credi
1637 3027 1803 3095 possit
1851 3028 2087 3097 cognitio
2118 3031 2380 3098 mysterii,

822 3130 934 3168 rem
980 3114 1143 3166 modo
1187 3115 1337 3167 vobis
1381 3115 1636 3180 aperiam.
1682 3116 1942 3169 Existimo
1987 3119 2130 3168 enim
2165 3118 2301 3178 fore,
2329 3129 2387 3171 ut

821 3202 964 3271 quod
999 3220 1028 3258 a
1061 3205 1218 3260 nobis
1255 3205 1486 3269 dicetur,
1524 3208 1662 3275 apud
1728 3223 1822 3259 vos
1885 3210 2238 3263 conscrvelis.
2274 3209 2384 3262 Με-
2409 3208 2453 3272 C

823 3297 914 3347 riae
950 3295 1092 3348 illius
1122 3295 1358 3363 Deiparae
1391 3297 1526 3363 (hoc
1558 3297 1699 3348 enim
1728 3305 1813 3350 est
1844 3297 1999 3351 nobis
2030 3301 2095 3350 ab
2122 3298 2228 3353 alto
2278 3309 2385 3354 tra-

822 3387 1030 3454 ditum)
1062 3386 1151 3440 hic
1182 3388 1447 3442 custodita
1483 3390 1583 3444 sita
1631 3399 1709 3443 est
1745 3391 1929 3443 vestis.
1977 3391 2387 3460 Obstupueruut

824 3479 922 3531 viri
973 3479 1068 3542 illi,
1111 3495 1233 3532 cum
1306 3481 1478 3533 solum
1532 3483 1609 3534 rei
1668 3484 1967 3534 audiissent
2041 3483 2383 3550 principium.

823 3567 1029 3623 Deinde
1059 3570 1321 3638 adjiciens
1379 3570 1592 3636 mulier,
1632 3573 1836 3626 Etenim
1875 3573 2009 3636 haec,
2054 3574 2388 3642 iuquit,Dci-

824 3679 949 3734 para
998 3663 1162 3717 vitam
1204 3662 1414 3728 llniens,
1467 3664 1671 3719 duabus
1730 3666 2049 3719 mulieribus
2091 3667 2388 3737 virginibus

823 3761 957 3813 duas
1013 3773 1139 3812 suas
1187 3767 1364 3810 vestes
1417 3757 1639 3810 donavit
1687 3760 1803 3813 loco
1857 3760 2271 3826 benedictionis;
2325 3779 2386 3817 ex

826 3851 1021 3918 quibus
1068 3864 1172 3900 una
1203 3847 1303 3900 fuit
1335 3862 1396 3900 ex
1450 3849 1552 3902 mei
1585 3851 1793 3921 generis
1834 3853 2150 3923 majoribus,
2186 3870 2304 3922 qua:
2337 3855 2388 3907 id

826 3942 1053 4009 accepit,
1080 3941 1220 4009 quod
1256 3941 1512 3994 donatum
1545 3942 1737 4004 fuerat,
1765 3954 1818 3996 et
1850 3945 1902 3995 in
1942 3960 2064 3997 arca
2101 3946 2386 4011 deposuit:

824 4041 878 4088 et
906 4034 1128 4086 omnino
1175 4035 1334 4101 jussit
1375 4033 1442 4085 iis
1490 4033 1580 4102 qui
1616 4042 1771 4086 erant
1819 4035 1899 4087 sui
1936 4039 2167 4104 generis,
2206 4047 2261 4090 ut
2297 4054 2385 4092 es-

825 4135 907 4178 set
929 4125 1080 4193 virgo
1128 4140 1486 4194 unaquaeque,
1528 4141 1645 4194 quas
1677 4142 1794 4179 eam
1822 4128 2111 4196 acciperet.
2145 4130 2236 4183 Est
2261 4147 2387 4202 ergo

823 4233 943 4270 arca
983 4217 1255 4271 recondita
1290 4219 1342 4271 in
1378 4219 1636 4269 interiore
1662 4219 1845 4282 domo,
1872 4237 2031 4288 quam
2066 4240 2210 4276 nunc
2245 4227 2390 4278 vitle-

825 4311 893 4364 tis
925 4327 938 4364 :
970 4322 1027 4362 et
1062 4326 1179 4378 quae
1216 4311 1269 4362 itt
1338 4325 1398 4362 ea
1447 4319 1530 4365 est
1558 4311 1747 4371 vestis.
1795 4321 1876 4365 est
1911 4305 2072 4367 cau'sa
2125 4318 2390 4379 omnium.

822 4416 940 4472 qua:
961 4400 1112 4466 littnt,
1130 4403 1529 4457 miraculorum.
1557 4401 1744 4469 llwc,,o
1769 4403 1887 4465 viri,
1910 4415 1988 4460 est
2010 4421 2134 4460 vera
2152 4411 2389 4463 narratio

822 4499 941 4566 ejus
971 4498 1111 4566 quod
1151 4513 1180 4550 a
1212 4499 1367 4551 vobis
1409 4498 1666 4564 quaeritur
1701 4516 1714 4549 :
1768 4508 1822 4552 et
1859 4499 2035 4552 videte
2102 4507 2160 4553 ut
2195 4506 2261 4554 ad
2294 4519 2387 4555 vos

825 4604 994 4655 usque
1036 4589 1207 4641 solum
1257 4591 1485 4642 deducta
1522 4590 1591 4642 sit
1635 4591 1892 4658 cognitio,
1945 4603 1998 4646 et
2046 4608 2206 4647 nemo
2252 4595 2386 4648 sciat

823 4694 888 4734 ex
941 4681 1005 4733 iis
1050 4680 1325 4744 omnibus,
1387 4680 1475 4749 qui
1505 4690 1629 4734 sunt
1678 4681 2081 4753 Hierosolymis.

893 4772 1079 4825 XLIX.
1122 4771 1256 4825 Cum
1300 4773 1414 4825 haec
1454 4773 1749 4837 audissent,
1796 4776 1970 4829 adhuc
2002 4779 2167 4848 major
2211 4790 2386 4835 metus

823 4862 967 4915 viros
1031 4862 1193 4913 subiit
1238 4870 1292 4914 et
1346 4861 1546 4914 laetitia.
1617 4862 1789 4913 Metus
1865 4866 2104 4931 quidcnt,
2169 4879 2387 4935 prepter

823 4953 1248 5022 magnitudinem
1300 4968 1487 5005 eorum
1533 4967 1653 5019 quae
1693 4953 1873 5007 audita
1903 4955 2117 5010 fuerant
2151 4976 2161 5010 :
2202 4959 2386 5013 laetitia

823 5055 1027 5105 autem,
1059 5043 1199 5110 quod
1230 5055 1413 5096 essent
1443 5044 1734 5112 participes
1787 5047 1970 5099 talium
2019 5062 2386 5104 sacramento-

825 5153 962 5190 rum.
997 5136 1136 5200 Quid
1163 5152 1290 5203 ergo
1331 5137 1589 5203 deinceps
1624 5140 2011 5205 consequitur?
2039 5139 2151 5194 Viri
2180 5141 2388 5212 seipSos

823 5231 971 5282 humi
1024 5229 1307 5297 dejiciunt,
1347 5240 1400 5283 ct
1465 5230 1628 5297 pedes
1676 5230 1818 5284 illius
1871 5231 2334 5301 deprehensantes
2369 5278 2383 5300 ,

823 5320 959 5374 Nulli
983 5321 1221 5388 quidem,
1247 5321 1516 5389 inquiunt,
1537 5337 1598 5373 ex
1623 5323 1687 5376 iis
1714 5325 1804 5392 qui
1829 5335 1954 5378 sunt
1979 5325 2384 5398 Hierosolymis,

824 5423 1008 5466 notum
1041 5413 1144 5466 erit
1174 5413 1229 5465 id
1263 5413 1403 5481 quod
1447 5414 1603 5467 nobis
1643 5415 1845 5468 dietum
1889 5428 1991 5480 est,
2039 5435 2106 5471 nc
2154 5422 2384 5487 dubites,

822 5509 1068 5574 domina;
1101 5510 1373 5564 dominam
1407 5511 1551 5564 enim
1600 5511 1703 5579 jam
1752 5521 1801 5564 te
1839 5528 2110 5578 vocamus,
2150 5531 2268 5583 quae
2314 5519 2386 5570 sis

822 5601 1020 5654 talibus
1064 5602 1278 5669 dignata
1326 5603 1628 5671 mysteriis;
1658 5603 1823 5672 ipsam
1879 5606 1969 5660 tibi
2011 5607 2169 5674 hujus
2202 5609 2274 5661 rei
2309 5627 2386 5664 re-

823 5700 956 5744 stem
989 5695 1216 5747 citamus
1249 5698 1546 5763 Deiparam.
1583 5699 1755 5754 Unum
1787 5708 1963 5754 autem
1993 5699 2131 5754 aliud
2155 5705 2387 5756 concede

897 5877 939 5905 ⁷¹
971 5877 1097 5928 Luc.
1133 5893 1275 5941 xxiv,
1307 5881 1394 5930 5'1.

2481 639 2546 678 eo
2578 626 2712 688 loco,
2749 627 2798 678 in
2830 643 2936 695 quo
2980 627 3068 681 hic
3108 629 3324 683 divinus
3361 631 3669 685 reconditus
3701 640 3783 684 est
3831 632 4060 684 thesau-

2481 733 2592 770 rus.
2631 718 2762 774 Cum
2812 721 2912 773 hoc
2954 731 3134 774 autem
3183 723 3360 775 statim
3417 723 3776 777 concessisset
3829 723 4056 784 mulier,

2481 811 2727 879 stragula:
2758 811 2971 878 quidem
3003 822 3177 866 vestes
3203 822 3425 881 portatae
3463 813 3662 869 suntin
3687 829 3814 867 cum
3847 813 4055 866 locum.

2479 902 2558 955 Illi
2586 917 2713 956 vero
2741 919 2844 955 non
2877 919 2933 958 se
2962 919 3151 957 somno
3175 905 3458 968 dederunt,
3513 906 3605 959 sed
3649 912 3773 959 cum
3823 914 4054 956 noctur-

2480 1013 2609 1050 num
2639 997 2973 1064 accepissent
3015 997 3310 1059 silentium,
3346 1004 3508 1050 totam
3538 1006 3751 1049 noctem
3791 1011 4054 1064 perseve-

2481 1087 2672 1139 rabant
2704 1089 2756 1138 in
2787 1087 3047 1147 oratione,
3074 1093 3127 1138 et
3157 1101 3279 1139 cum
3314 1085 3564 1154 lacrymis
3594 1086 3826 1154 agebant
3854 1085 4059 1151 gratias

2481 1179 2749 1248 Deiparae,
2791 1181 2931 1244 quod
2981 1180 3176 1234 talibus
3218 1179 3586 1232 auditionibus
3633 1189 3686 1230 et
3727 1177 4059 1246 Spectaculis

2481 1275 2624 1342 digni
2651 1283 2831 1327 essent
2856 1274 3042 1327 habiti.
3076 1274 3209 1328 Cum
3242 1280 3421 1326 autem
3454 1286 3546 1325 eos
3573 1269 3660 1340 qui
3685 1270 4053 1339 azgrotabant,

2480 1368 2743 1421 vidissent
2764 1381 2953 1419 somno
2979 1381 3284 1435 oppressos,
3309 1364 3608 1417 metiuntur
3629 1379 3693 1416 ex
3718 1361 3872 1414 omni
3908 1373 4055 1427 parte

2482 1462 2741 1516 ambitum
2777 1475 2934 1521 arcar,
2966 1460 3019 1512 in
3052 1474 3153 1528 qua
3194 1466 3309 1511 erat
3343 1456 3584 1510 divinum
3632 1455 3940 1524 repositum
3981 1454 4058 1503 in-

2482 1557 2798 1612 dumentum
2835 1571 2847 1608 :
2880 1553 3160 1621 ipsamque
3205 1551 3328 1621 ligni
3387 1551 3622 1621 speciem
3663 1556 3717 1602 et
3765 1546 4056 1599 habitudi-

2485 1665 2627 1711 nem,
2660 1664 2725 1701 ex
2755 1662 2860 1716 quo
2889 1654 3003 1699 erat
3025 1659 3170 1708 arca,
3215 1650 3464 1697 accurate
3505 1637 3796 1694 admodum
3849 1647 3906 1688 et
3937 1635 4053 1688 dili-

2485 1749 2670 1811 genter
2693 1739 3058 1793 considerant.
3091 1736 3292 1789 Deinde
3323 1748 3483 1787 mane
3519 1729 3738 1802 egressi,
3790 1739 3846 1782 et
3884 1728 4057 1780 hone-

2488 1843 2624 1888 stam
2676 1833 2978 1886 salutarunt
3035 1829 3311 1882 mulierem
3349 1867 3361 1887 ,
3405 1834 3460 1880 et
3504 1839 3625 1879 cum
3673 1830 3963 1891 rogassent
4009 1831 4059 1874 ut

2485 1929 2742 1981 audacter
2773 1925 3006 1994 juberet,
3042 1922 3085 1976 si
3114 1920 3242 1989 qttid
3272 1919 3373 1973 sibi
3408 1932 3546 1984 Opus
3573 1924 3716 1969 esset
3741 1911 4055 1979 Hierosqu

2483 2023 2604 2081 mis.
2634 2036 2690 2076 se
2722 2019 2861 2076 enim
2892 2032 3078 2070 rursus
3097 2016 3160 2068 ad
3192 2014 3361 2082 ipsam
3391 2016 3647 2062 venturos
3685 2021 3784 2073 per
3811 2003 4056 2057 eamdem

2483 2119 2646 2180 viam,
2668 2115 2900 2170 inierunt
2921 2114 3019 2164 iter
3039 2123 3226 2164 versus
3245 2102 3561 2163 Jerusalem,
3587 2114 3707 2154 cum
3730 2097 3819 2150 illa
3838 2095 4060 2150 dixisset

2485 2228 2540 2266 se
2566 2211 2713 2264 nullo
2751 2209 2854 2261 alio
2894 2221 3072 2274 egere,
3111 2203 3216 2255 nisi
3252 2215 3437 2254 eorum
3479 2194 3758 2267 precibus,
3790 2200 3845 2246 et
3878 2200 3941 2246 ut
3976 2204 4058 2242 eos

2486 2318 2675 2357 rursus
2720 2302 2867 2353 laetos
2902 2298 3106 2350 videret
3134 2303 3186 2346 et
3213 2294 3439 2346 alacres.

2559 2395 2620 2447 L.
2651 2391 2784 2446 Cum
2823 2389 3052 2442 fuissent
3087 2386 3264 2452 itaque
3312 2379 3702 2446 Hierosolymis
3744 2376 3977 2429 Galbius
4008 2385 4055 2424 et

2487 2484 2780 2547 Candidus,
2809 2489 2863 2535 et
2893 2479 3087 2550 partim
3134 2475 3349 2544 quidem
3383 2473 3490 2526 Deo
3532 2483 3723 2538 preces
3757 2466 4054 2520 fudissent,

2486 2580 2682 2650 partim
2717 2585 2896 2629 autem
2946 2569 3272 2640 pauperibus
3322 2575 3375 2619 et
3421 2560 3706 2634 egentibus
3760 2554 4057 2610 liheraliori

2487 2674 2704 2726 dextera
2755 2668 3154 2731 eleemosynam
3207 2662 3540 2724 erogassent,
3597 2659 3816 2704 secrete
3861 2654 4058 2696 vocant

2486 2762 2747 2833 quosdam
2789 2757 2969 2810 fabros
3026 2748 3303 2821 lignarios,
3365 2745 3562 2814 quibus
3616 2741 3832 2810 jubent,
3881 2746 3940 2790 ut
3984 2736 4058 2789 eis

2487 2832 2808 2912 construant
2838 2863 3017 2904 arcam
3056 2854 3109 2900 et
3139 2845 3329 2905 forma,
3369 2849 3422 2894 et
3459 2839 3642 2909 figura,
3679 2844 3730 2889 et
3780 2832 4055 2901 magnitu-

2487 2952 2611 3007 dine
2647 2949 2744 3010 illi,
2782 2960 2943 3015 quam
2979 2942 3244 3000 viderant,
3281 2935 3535 2995 similem,
3568 2929 3894 2983 mandantes
3926 2939 4059 2995 pra-

2491 3053 2658 3102 terea,
2701 3048 2759 3091 ut
2802 3039 3127 3089 forntaretur
3180 3029 3341 3082 etiam
3385 3039 3449 3079 ex
3501 3023 3645 3093 ligno
3697 3019 3898 3081 veteri,
3956 3031 4058 3084 quo

2487 3132 2625 3184 nihil
2677 3131 2735 3181 in
2781 3141 2841 3180 ea
2891 3131 3225 3182 cerneretur,
3278 3118 3419 3188 quod
3462 3132 3570 3169 non
3611 3119 3758 3166 esset
3811 3111 3962 3163 omni
4001 3122 4057 3157 ex

2489 3231 2642 3294 parte
2699 3219 2875 3274 simile
2929 3216 3217 3286 prtedictae.
3258 3211 3576 3279 Excogitant
3618 3205 3819 3259 deinde
3855 3199 4057 3265 aliquid

2489 3291 2635 3370 aliud
2665 3314 2918 3366 idoneum
2951 3309 3014 3360 ad
3049 3304 3334 3359 celandum
3382 3302 3434 3352 id
3473 3296 3611 3365 quod
3638 3303 3757 3346 erat
3793 3291 4056 3342 futurum.

2491 3409 2823 3475 Comparant
2877 3401 2976 3455 sibi
3037 3407 3284 3450 auratum
3324 3389 3666 3460 operculum,
3721 3392 3781 3437 ut
3821 3398 3888 3435 eo
3942 3393 4056 3433 arca

2495 3511 2785 3570 tegeretur.
2818 3496 3113 3561 Postquam
3146 3495 3325 3540 autem
3358 3491 3411 3537 et
3443 3480 3702 3551 precatio,
3736 3486 3792 3529 et
3819 3482 4058 3570 erogatto

2491 3561 2577 3643 eis
2619 3587 2748 3641 satis
2780 3587 2916 3639 bene
2968 3582 3165 3636 habere
3218 3576 3328 3630 visa
3367 3573 3488 3634 fuit,
3542 3585 3604 3624 eo
3637 3576 3884 3635 accepto,
3921 3561 4058 3632 quod

2489 3680 2665 3735 fuerat
2718 3675 3094 3736 fabrefactum,
3148 3670 3378 3724 redeunt
3410 3666 3464 3716 in
3497 3663 3675 3715 vicum
3705 3658 3823 3712 sani
3859 3665 3917 3708 et
3952 3655 4056 3706 ala-

2491 3791 2610 3828 cres
2651 3791 2663 3824 :
2713 3771 3155 3830 aromatibusque
3189 3770 3240 3812 et
3277 3755 3549 3810 sumtibus
3577 3750 3714 3818 aptis
3748 3748 3814 3798 ad
3851 3746 4054 3797 sacriﬁ-

2493 3866 2659 3928 cium,
2702 3859 3068 3915 venerandam
3107 3855 3312 3906 donant
3361 3844 3667 3899 mulierem.
3713 3840 3783 3892 Et
3817 3836 3908 3889 illa
3945 3835 4057 3903 qui-

2490 3956 2608 4009 dem
2637 3927 2826 4008 rursus
2853 3951 3016 4012 viros,
3051 3955 3306 4014 tanquam
3343 3938 3442 3993 sibi
3480 3933 3792 3992 familiares,
3825 3927 4057 3998 jucuch

2492 4046 2805 4116 accipit.llli
2841 4052 3018 4096 autem
3057 4051 3243 4091 rursus
3261 4034 3325 4087 ab
3356 4047 3419 4086 ea
3456 4035 3669 4099 petunt,
3703 4022 3847 4094 quod
3885 4020 4050 4089 prius,

2491 4152 2549 4197 ut
2590 4139 2793 4196 scilicet
2825 4138 2874 4190 itt
2901 4150 3053 4189 sacro
3085 4128 3390 4182 habitaeulo
3425 4133 3590 4175 totam
3624 4128 3841 4170 noctem
3885 4125 4056 4166 trans-

2491 4237 2719 4303 igerent.
2786 4229 2877 4279 Illa
2919 4240 3045 4277 vero
3095 4235 3284 4272 rursus
3330 4227 3545 4280 quoque
3596 4207 3888 4276 permittit,
3929 4204 4053 4255 nihil

2491 4295 2714 4379 ovntnino
2755 4315 3059 4385 suspicans.
3092 4310 3193 4375 Qui
3230 4304 3479 4376 ingressi,
3524 4313 3733 4354 summo
3786 4295 3914 4348 otio‘
3946 4305 4054 4344 ule-

2495 4421 2690 4472 hantur
2720 4411 2974 4483 precibus
3018 4405 3081 4460 ai
3116 4403 3463 4470 iuculpatam,
3501 4405 3556 4450 et
3590 4393 3654 4447 ab
3687 4390 3837 4446 ontni
3874 4404 4054 4456 repre-

2497 4511 2759 4564 hensione
2784 4506 3014 4558 alienam
3046 4499 3132 4552 Dei
3163 4496 3412 4557 Matrem,
3439 4505 3532 4543 eas
3566 4499 3819 4554 tanquam
3850 4493 4052 4536 sacram

2496 4602 2724 4657 hostiam
2758 4593 3007 4661 lacrytnis
3039 4590 3236 4656 pingue
3268 4586 3526 4636 facientes
3557 4599 3568 4631 :
3598 4578 3712 4629 Non
3745 4579 4052 4645 ignoramus

2492 4707 2591 4745 nos
2623 4685 2764 4742 servi
2814 4682 2911 4747 tui,
2939 4679 3202 4737 dicentes,
3242 4690 3274 4727 ο
3307 4668 3663 4729 divinissima,
3697 4675 3750 4717 et
3791 4666 3842 4715 in
3875 4666 4054 4730 primis

2491 4781 2716 4838 illustris
2747 4776 2992 4836 Domina,
3030 4783 3274 4839 quamam
3325 4765 3450 4820 olim
3482 4761 3602 4815 011'
3629 4758 3937 4814 evenerint,
3966 4756 4048 4820 qui

2490 4890 2653 4928 ausus
2681 4880 2761 4924 est
2786 4878 3000 4934 tangere
3027 4877 3227 4925 arcam,
3255 4875 3371 4927 quae
3393 4863 3509 4909 erat
3537 4852 3836 4908 secundum
3863 4850 4050 4919 legem.

2490 4963 2769 5032 Quomodo
2814 4974 2942 5029 ergo
2975 4971 3093 5018 nos,
3125 4955 3214 5020 qui
3247 4966 3434 5004 sumus
3462 4947 3646 5002 multis
3678 4944 3898 4997 obnoxii
3935 4957 4047 5010 pec-

2491 5060 2645 5122 catis,
2699 5067 2747 5109 te
2781 5069 2888 5106 non
2935 5039 3180 5118 jubente,
3217 5044 3330 5098 ausi
3377 5041 3636 5095 fuerimus
3659 5039 3896 5092 divinam
3919 5035 4044 5088 hanc

2489 5164 2666 5204 arcam
2713 5144 2932 5198 omnino
2979 5149 3222 5208 tangere,
3266 5136 3405 5188 intra
3448 5145 3610 5199 quam
3651 5137 3732 5182 est
3768 5126 3892 5179 talis
3945 5126 4047 5178 the-

2494 5256 2683 5296 saurus
2731 5234 3004 5305 repositus
3048 5238 3142 5284 :et
3193 5243 3300 5280 non
3332 5225 3505 5279 solum
3558 5231 3781 5288 tangere
3816 5216 4045 5286 profanis

2493 5333 2760 5392 manibus,
2799 5327 2891 5380 sed
2956 5324 3114 5376 ctiam
3163 5335 3282 5374 eam
3337 5317 3443 5370 alio
3479 5310 3814 5367 transferre?
3861 5314 4042 5362 Annuc

2492 5440 2616 5494 ergo
2657 5419 2918 5474 voluntati
2965 5425 3275 5468 nostrarum
3325 5409 3648 5467 animarum,
3699 5419 3730 5457 ο
3765 5403 3891 5455 boni
3934 5401 4035 5452 Filii

2491 5489 2630 5567 bona
2664 5509 2854 5562 Mater.
2893 5505 2971 5558 Ad
3023 5512 3169 5556 tuam
3208 5498 3351 5553 cnim
3388 5496 3662 5549 civitatem
3709 5501 3794 5544 est
3827 5489 4039 5542 transla-

2493 5605 2589 5667 tio,
2617 5619 2734 5672 quaa
2765 5609 2845 5654 est
2872 5597 3112 5651 omnium
3138 5594 3358 5647 aliarum
3388 5589 3612 5658 Regina,
3649 5593 3701 5637 et
3734 5591 3786 5636 te
3843 5595 4038 5643 semper

2496 5713 2686 5769 magno
2735 5691 2914 5746 studio
2963 5687 3151 5742 statuit
3200 5685 3489 5737 honorare.
3540 5677 3614 5731 .-\d
3650 5691 3770 5730 cam
3803 5690 3902 5728 nos
3952 5674 4035 5723 hoc
