4198 6438
241 420 351 480 565

1340 424 1805 487 MARTYRIUM
1853 425 1914 489 S.
1960 431 2387 495 MAMANTIS.

3374 431 3480 491 566

238 532 484 585 divinum
522 531 723 584 donum
769 540 1053 602 exportare
1079 534 1388 599 statuimus,
1434 537 1498 591 ad
1530 538 1647 607 ejus
1685 546 1824 592 tute-
1851 540 1897 599 Α
1926 557 2053 596 num
2086 546 2426 615 mysterium,
2463 544 2564 598 fuit
2595 560 2811 614 semper
2854 559 3038 599 revera
3072 543 3408 614 mysterium.

244 626 353 676 lam
381 632 436 677 et
466 624 715 690 gloriam,
770 639 890 693 qum
926 642 1205 694 nunquam
1233 630 1626 700 exstinguatnr.
1692 630 1815 686 llaec

242 724 359 769 tota
392 724 553 769 nocte
581 716 827 770 dicentes
872 718 923 770 in
954 719 1217 784 oratione,
1257 729 1310 772 et
1358 724 1530 776 solum
1565 723 1814 794 lacrymis

240 802 691 869 madet‘acientes,
737 813 959 872 repente
1009 806 1300 874 implentur
1342 808 1556 873 fiducia,
1598 810 1812 875 litim-ia,

241 894 492 961 inquam,
524 902 931 963 eontemperata
960 897 1291 949 reverentia.
1330 898 1527 952 Deinde
1562 901 1628 953 ad
1674 901 1813 953 divi-

240 1000 370 1037 nam
399 985 661 1037 accedunt
690 1000 890 1045 aream,
914 986 1072 1039 simul
1103 987 1221 1041 lmto
1249 998 1301 1042 et
1327 998 1587 1043 tremente
1608 991 1810 1053 animo,

241 1088 296 1129 et
344 1092 466 1128 cum
515 1091 727 1142 omnes,
780 1079 870 1145 qui
925 1079 1033 1132 illic
1077 1091 1254 1144 erant,
1299 1083 1535 1137 ediceret
1588 1100 1814 1139 somnus

244 1167 397 1218 nullo
433 1181 594 1218 sensu
626 1167 884 1235 praeditos
940 1171 993 1239 (ο
1024 1170 1209 1224 beatas
1258 1186 1469 1236 manus,
1508 1190 1541 1227 ο
1586 1174 1811 1239 furtum,

242 1256 299 1308 in
332 1256 472 1323 quod
496 1256 640 1309 nulla
682 1266 859 1326 potest
900 1260 1123 1311 omnino
1153 1261 1347 1315 cadere
1394 1264 1809 1333 reprehensio!)

240 1346 389 1400 hanc
426 1347 702 1417 accipiunt
740 1350 821 1403 eis
860 1365 1076 1418 quoque
1110 1353 1338 1407 omnino
1383 1354 1483 1408 hac
1534 1356 1587 1409 in
1630 1372 1687 1411 re
1730 1358 1811 1411 l‘a-

242 1448 411 1491 vente
440 1440 630 1508 gratia.
669 1439 734 1493 Et
758 1456 876 1493 eam
908 1440 1126 1509 quidem
1159 1442 1237 1497 sic
1270 1445 1465 1499 tollunt
1496 1464 1507 1499 :
1533 1458 1813 1516 apponunt

241 1539 453 1592 autem,
497 1546 657 1599 quam
693 1531 1085 1604 Hierosolymis
1131 1534 1196 1587 ad
1226 1536 1344 1604 ejus
1397 1537 1810 1594 similitudinem

238 1620 492 1675 fabricati
535 1622 771 1686 fuerant,
803 1640 926 1678 cum
958 1625 1008 1678 ei
1036 1626 1200 1681 etiam
1233 1628 1619 1696 imposuissent
1650 1647 1812 1702 oper-

239 1713 449 1767 culum.
490 1714 643 1778 Quod
672 1716 891 1784 quidem
923 1728 1038 1771 erat
1068 1735 1321 1787 aureum,
1355 1730 1413 1775 ut
1446 1723 1703 1779 diximus.

316 1798 400 1853 LI.
461 1801 597 1855 Cum
659 1805 898 1870 primum
960 1814 1141 1858 autem
1210 1808 1498 1873 illuxisset,
1562 1824 1805 1865 sanctam

241 1892 528 1944 mulierem
564 1892 781 1959 quidem
811 1894 1007 1961 jubent
1042 1897 1242 1961 valere,
1275 1908 1327 1951 et
1393 1911 1580 1968 rogant
1612 1910 1668 1953 ut
1702 1917 1808 1955 non
1838 1887 1885 1947 Β

239 1990 423 2038 cesset
449 1997 548 2050 pro
582 1982 660 2036 eis
689 1998 868 2048 crare,
899 1993 953 2037 et
979 2000 1167 2039 eorum
1202 1986 1380 2041 facere
1412 2005 1810 2045 commemora-

240 2073 474 2128 tionem.
527 2074 731 2130 Deinde
766 2076 815 2130 ei
855 2091 1071 2145 quoque
1110 2078 1280 2147 digito
1319 2082 1615 2135 ostendunt
1652 2098 1811 2152 oper-

237 2165 449 2229 cnlum,
475 2167 629 2235 quasi
657 2183 840 2222 veram
870 2169 1014 2223 illam
1047 2179 1252 2241 tegeret
1275 2182 1327 2226 et
1351 2175 1579 2242 primam
1609 2192 1810 2242 aream,

236 2255 391 2322 quod
442 2256 655 2310 mulieri
710 2273 920 2326 quoque
976 2258 1149 2313 visum
1204 2271 1286 2314 est
1337 2260 1403 2315 ab
1452 2263 1556 2319 illis
1592 2267 1810 2322 allatum

238 2362 367 2399 esse
420 2345 640 2401 honoris
674 2348 869 2417 gratia.
901 2349 967 2405 Et
1015 2367 1136 2404 cum
1174 2362 1428 2421 praeterea
1467 2355 1530 2409 iis
1555 2357 1645 2425 qui
1696 2358 1814 2414 fuc-

240 2448 372 2491 rant
464 2439 713 2503 inventi,
784 2443 1120 2509 pauperibus
1192 2446 1629 2512 suppeditassent
1693 2467 1811 2519 qua;

238 2539 402 2583 erant
458 2532 783 2590 necessaria,
817 2532 971 2583 valde
1022 2535 1123 2586 lzeti
1158 2536 1408 2602 protinus
1445 2538 1549 2590 iter
1581 2541 1810 2609 ingressi

238 2630 395 2680 sunt,
437 2622 654 2673 domum
708 2624 1002 2676 reversuri.
1056 2626 1347 2694 Postquam
1400 2639 1583 2684 autem
1627 2635 1810 2687 venis-

239 2723 371 2769 sent
422 2714 759 2785 Byzantium,
810 2733 918 2772 non
972 2720 1262 2775 honestum
1313 2738 1432 2778 esse
1478 2734 1804 2791 statuerunt,

238 2804 316 2859 iis
362 2807 454 2875 qui
494 2807 587 2862 illo
632 2818 879 2877 tempore
930 2820 1107 2877 erant,
1158 2812 1579 2882 imperatoribus
1610 2826 1809 2887 myste-

239 2898 387 2951 rium
434 2899 583 2967 prius
631 2902 1058 2968 communicare,
1107 2919 1269 2971 quam
1325 2907 1670 2972 patriarchae.
1707 2909 1809 2964 Eos

236 2990 388 3043 enim
429 2990 642 3043 subibat
694 2991 873 3055 timor,
927 3009 995 3047 ne
1029 2996 1171 3063 quod
1212 2996 1314 3065 ipsi
1355 3012 1512 3053 suum
1555 3014 1676 3055 esse
1716 3002 1810 3056 bo-

238 3095 376 3133 num
411 3088 734 3144 statuerant,
770 3098 835 3137 eo
879 3085 945 3139 ab
981 3086 1086 3139 illis
1117 3088 1484 3157 privarentur.
1518 3094 1649 3148 Cum
1681 3109 1809 3163 ergo

239 3171 415 3224 multa
481 3175 908 3239 consultassent,
972 3178 1051 3232 eis
1120 3182 1235 3234 haec
1294 3182 1407 3236 visa
1459 3194 1542 3238 est
1602 3188 1808 3253 optima

1992 634 2100 687 Lli.
2141 633 2409 701 Quoniam
2458 644 2637 690 autem
2672 636 2744 702 ei,
2776 652 2894 706 quae
2932 652 3027 706 per
3078 637 3254 706 ipsum
3311 626 3481 688 hono—

1917 725 2155 789 rabalur,
2212 734 2265 780 et
2317 728 2474 796 cujus
2526 738 2642 782 erat
2681 729 2768 783 ille
2828 729 3080 794 amictus,
3134 728 3313 781 visum
3378 737 3481 791 est,

1921 827 2128 873 tantum
2170 819 2373 872 bonum
2418 821 2482 874 ad
2525 823 2671 878 solos
2711 821 2849 877 duos
2903 829 3068 878 testes
3110 836 3219 874 non
3279 821 3485 876 debere

1917 912 2188 975 contrahi,
2239 919 2293 964 et
2358 922 2612 981 tanquam
2679 914 2951 983 profundo
3014 913 3195 981 aliquo
3262 913 3481 983 contegi

1916 1001 2153 1065 silentio,
2195 1012 2248 1055 et
2300 1018 2616 1057 communes
2665 1004 2881 1059 divitias
2934 1018 3055 1059 esse
3112 1018 3306 1057 eorum
3362 1012 3485 1055 tan-

1920 1103 2032 1147 tum
2098 1096 2369 1165 preprias.
2427 1105 2481 1149 et
2548 1098 2823 1151 communi
2886 1096 3046 1167 epulo
3098 1111 3191 1151 eos
3226 1111 3286 1151 se
3343 1097 3488 1151 solos

1916 1186 2136 1255 explere
2171 1196 2389 1240 :movct
2431 1189 2578 1257 ipsos
2608 1189 2672 1243 ad
2725 1189 2777 1242 id
2817 1189 2963 1258 quod
3018 1197 3320 1249 tacueram,
3359 1203 3487 1257 prex

1915 1278 2195 1333 ferendum
2232 1278 2284 1332 in
2318 1278 2489 1332 lucem
2524 1298 2538 1334 :
2569 1290 2622 1335 et
2667 1282 3006 1345 accedentes,
3046 1281 3376 1333 annuntiaut
3410 1279 3476 1332 iis

1914 1370 2004 1438 qui
2058 1380 2186 1425 tunc
2233 1382 2408 1438 erant,
2451 1372 2895 1441 imperatorihus,
2940 1381 2994 1426 et
3029 1372 3286 1441 aperiunt
3324 1372 3485 1440 quale

1912 1464 1985 1518 sit
2009 1464 2353 1529 miraculum,
2377 1473 2432 1519 et
2455 1464 2734 1519 declarant
2753 1463 3215 1533 quemadmodum
3252 1463 3321 1517 sit
3354 1462 3489 1515 alla-

1916 1562 2046 1609 tum.
2090 1556 2195 1610 Eos
2250 1564 2453 1619 autem,
2488 1572 2611 1611 cum
2644 1556 2961 1617 audiissent,
3001 1570 3253 1625 magnum
3290 1552 3489 1608 invasit

1912 1647 2184 1717 gaudium,
2258 1658 2311 1703 et
2362 1649 2613 1717 protinus
2662 1648 2721 1702 fit
2770 1646 3067 1717 publicum,
3118 1646 3258 1715 quod
3313 1645 3466 1699 [uera

1913 1743 2204 1798 occultum.
2241 1741 2305 1794 Et
2332 1740 2477 1795 beati
2510 1740 2727 1808 quidem
2759 1740 2898 1793 inter
2925 1754 3115 1793 omnes
3169 1745 3489 1807 reputantur

1912 1834 2136 1888 Galbius
2171 1842 2225 1887 et
2275 1831 2552 1886 Candidus
2595 1838 2818 1900 propter
2852 1829 2956 1881 tale
3007 1827 3398 1892 ministerium,
3435 1832 3489 1879 et

1916 1926 2147 1997 publicis
2183 1927 2524 1979 honorantur
2552 1923 2874 1978 honoribus.
2911 1922 3100 1975 Divina
3131 1929 3314 1974 autem
3346 1919 3489 1974 aedes

1916 2015 1970 2067 iu
2022 2028 2089 2067 eo
2138 2013 2258 2065 loco
2312 2012 2474 2081 regiis
2517 2012 2779 2080 impensis
2842 2010 3083 2080 Deiparae
3137 2007 3487 2063 addicatur:

1915 2114 2168 2174 eteapsa
2213 2120 2279 2157 ex
2326 2113 2549 2173 argento
2597 2113 2649 2157 et
2697 2119 2836 2158 auro
2868 2111 3201 2168 constructa,
3268 2116 3482 2157 sacrum

1914 2198 2063 2253 illum
2097 2198 2410 2251 thesaurum
2453 2197 2655 2264 excipit
2691 2214 2704 2250 :
2740 2196 2989 2267 plurimis
3022 2197 3145 2250 aliis
3174 2194 3488 2249 muneribus

1917 2302 1971 2345 et
2021 2288 2176 2344 donis
2227 2288 2420 2342 domus
2464 2287 2783 2341 honoratur.
2835 2286 2946 2341 Leo
3000 2303 3129 2341 vero
3183 2295 3237 2339 ct
3289 2283 3488 2338 Verina

1918 2382 1991 2452 (ii
2028 2380 2171 2434 enim
2213 2389 2340 2433 tunc
2390 2376 2747 2447 imperabant;
2805 2391 3035 2445 quorum
3088 2383 3335 2445 tempore
3384 2373 3489 2427 hoc

1913 2489 2129 2544 quoque
2151 2487 2422 2541 .magnum
2448 2482 2502 2523 et
2533 2470 2807 2523 revelatur
2837 2468 3175 2538 mysterium,
3203 2476 3257 2520 et
3282 2466 3348 2519 ad
3400 2480 3488 2517 re-

1914 2566 2053 2635 giam
2108 2564 2294 2617 urbem
2322 2562 2675 2630 exportatur)
2698 2575 2821 2614 cum
2853 2560 3076 2627 pulchre
3100 2566 3153 2611 et
3180 2557 3267 2627 pie
3312 2557 3488 2637 impe-

1910 2664 2138 2717 rassent,
2159 2654 2445 2707 etGalbius
2470 2663 2523 2706 et
2545 2653 2837 2716 Candidus,
2860 2652 2949 2719 qui
2989 2650 3091 2705 hoc
3129 2649 3487 2704 ministerium

1912 2744 2283 2815 pulcherrime
2334 2743 2612 2807 obierunt,
2688 2740 3093 2798 transferuntur
3183 2748 3371 2808 postea
3420 2738 3488 2791 ad

1913 2837 2177 2894 senectuti
2210 2851 2318 2890 non
2348 2834 2637 2890 obnoxiam
2681 2834 2802 2887 vitae
2836 2831 3228 2887 conditionem.

1987 2931 2118 2983 Lill.
2164 2929 2298 2981 Cum
2336 2944 2465 2993 ergo
2499 2928 2611 2981 hmc
2645 2942 2798 2980 sacra
2832 2941 2957 2979 arca
2998 2924 3154 2978 nobis
3182 2922 3484 2984 contineat,

1912 3035 2019 3076 non
2074 3018 2333 3086 quasdam
2376 3017 2607 3079 tabulas,
2649 3034 2811 3071 manu
2846 3014 3077 3071 :‘liosaica
3124 3016 3334 3084 politas,
3390 3014 3485 3068 sed

1913 3118 2117 3162 vestem
2171 3108 2331 3176 plane
2386 3107 2647 3171 divinam,
2711 3118 2766 3162 et
2824 3121 3036 3162 summe
3095 3104 3482 3168 venerandam,

1916 3213 2034 3266 quae
2075 3212 2183 3250 non
2250 3197 2443 3261 solum
2490 3198 2874 3252 intemeratum
2931 3204 2986 3252 et
3039 3198 3105 3251 ab
3157 3194 3306 3251 omni
3366 3195 3485 3249 labe

238 3264 823 3357 sententiaplatenter
885 3283 979 3321 eos
1009 3271 1075 3323 ad
1132 3272 1234 3324 hoc
1283 3289 1502 3342 quoque
1556 3250 1883 3333 monenteC
1917 3290 2158 3339 alienum
2212 3303 2410 3354 corpus
2467 3288 2620 3349 texit,
2683 3288 2776 3340 sed
2831 3288 2883 3339 in
2939 3302 3042 3355 qua
3083 3289 3176 3357 (ut
3229 3286 3485 3340 audacter

238 3352 495 3421 Deipara.
532 3354 663 3409 Erat
710 3358 790 3411 eis
841 3360 1103 3427 praedium
1145 3364 1288 3432 apud
1326 3381 1512 3422 muros
1556 3369 1811 3436 civitatis,

236 3448 606 3518 prepinquum
651 3452 845 3505 marini
897 3455 1050 3509 sinus
1098 3459 1287 3513 cornui
1321 3461 1473 3527 (lmic
1534 3463 1653 3517 loco
1717 3481 1815 3517 no-

239 3556 370 3594 men
424 3551 541 3593 crat
596 3542 998 3607 Blacchernae).
1035 3544 1090 3597 lu
1131 3562 1198 3599 eo
1252 3560 1545 3602 exstruunt
1594 3555 1809 3619 quidem

238 3631 465 3683 domum
511 3633 827 3685 erateriam.
867 3634 1001 3689 Cum
1054 3645 1234 3691 autem
1284 3639 1364 3692 eis
1416 3656 1624 3712 magnae
1667 3655 1814 3700 esset

241 3737 388 3776 cura:
424 3732 481 3777 ut
508 3723 781 3793 ualerent,
828 3727 973 3782 Petri
1020 3733 1391 3798 apostolurum
1457 3736 1719 3807 principis
1760 3748 1814 3794 et

240 3814 406 3870 Marci
442 3815 663 3871 domum
704 3820 1013 3875 nominant.
1054 3822 1187 3876 Cum
1229 3827 1282 3877 in
1319 3840 1383 3879 eo
1419 3836 1565 3881 certe
1600 3846 1812 3885 sacrum

242 3908 395 3962 illum
426 3909 742 3979 thesaurum
779 3913 1110 3981 posuissent,
1154 3930 1318 3969 omne
1348 3918 1527 3971 statim
1574 3923 1811 3977 studium

237 3999 628 4064 adhibuerunt,
651 4010 711 4054 ut
732 4002 785 4055 in
809 4006 1011 4073 templo
1038 4017 1182 4061 esset
1206 4018 1469 4079 perpetua
1494 4012 1809 4084 hymnodia,

234 4097 537 4157 perpetuus
571 4091 708 4146 odor
744 4105 1070 4163 aromatum,
1126 4105 1181 4152 ct
1245 4101 1498 4158 assiduus
1551 4106 1809 4171 splendor

233 4180 527 4237 luminum.
565 4183 631 4240 Et
659 4186 737 4241 sic
773 4189 991 4257 quidem
1038 4189 1197 4261 longo
1250 4202 1493 4273 tempore
1533 4195 1635 4250 hoc
1670 4197 1808 4251 divi-

1916 3377 2129 3449 dicam)
2171 3394 2294 3431 cum
2337 3389 2482 3432 esset
2517 3378 2718 3444 infans,
2754 3378 2897 3432 Deus
2932 3376 3169 3433 Verbum
3202 3377 3302 3433 fuit
3332 3378 3485 3432 invo-

1917 3473 2064 3530 lutus
2104 3480 2161 3525 et
2200 3479 2438 3523 auctus:
2470 3469 2606 3524 adeo
2658 3477 2717 3523 ut
2760 3483 2827 3523 ea
2880 3484 3021 3538 saepe
3072 3482 3366 3537 conspersa
3415 3468 3485 3521 sit

1915 3564 2079 3633 guttis
2119 3562 2276 3615 lactis
2322 3561 2667 3625 venerabilis,
2717 3577 2824 3631 quo
2865 3561 3102 3615 nutritus
3152 3560 3253 3613 fuit
3316 3558 3361 3612 is
3395 3559 3484 3625 qui

1915 3665 1997 3709 est
2039 3656 2282 3708 omnium
2329 3653 2649 3707 alimentum
2697 3664 2753 3707 et
2805 3655 2944 3719 vita;
2985 3654 3052 3709 ad
3095 3669 3213 3708 eam
3261 3652 3482 3723 quidem

1912 3762 2042 3801 \cre
2077 3745 2399 3799 laudandam
2447 3746 2597 3800 nulla
2653 3745 2852 3801 suthcit
2897 3746 3092 3800 oratio.
3130 3744 3255 3799 Sola
3299 3753 3480 3798 autem

1912 3836 2206 3906 gratiarum
2259 3836 2477 3889 actione
2540 3852 2627 3889 res
2677 3846 2757 3891 est
2815 3836 3219 3906 prosequenda,
3271 3845 3325 3889 et
3380 3833 3479 3903 ipsi

1910 3926 2155 3998 Deipara:
2204 3934 2332 3981 sunt
2364 3926 2584 3996 agendae
2640 3928 2845 3997 gratiae,
2884 3937 2938 3981 et
2983 3928 3103 3996 ejus
3157 3926 3293 3980 Filio
3329 3941 3479 3979 com-

1910 4021 2063 4075 muni
2112 4020 2376 4073 Salvatori
2429 4030 2483 4073 et
2536 4021 2691 4090 Regi,
2746 4019 2836 4089 qui
2887 4020 3072 4073 omnia
3120 4019 3185 4073 ad
3240 4028 3479 4071 nostram

1913 4111 2201 4164 utilitatem
2233 4119 2288 4163 et
2323 4111 2551 4165 salutem
2580 4110 2885 4179 dispensat.
2922 4108 2980 4163 Ei
3013 4110 3177 4181 gloria
3212 4117 3270 4163 et:
3293 4118 3482 4176 poten-

1918 4201 1987 4253 tia
2014 4214 2161 4255 nune
2187 4210 2241 4255 et
2265 4216 2498 4270 semper,
2529 4211 2583 4255 et
2611 4201 2663 4254 in
2688 4202 2883 4256 saecula
2914 4203 3253 4256 saeculorum.
3284 4202 3474 4254 Amen.

260 4457 3471 4500 ὼ

260 4482 3467 4517 Ἥ

1426 4651 2305 4774 MARTYRIUM

589 4896 745 5050 S.
892 4895 1892 5064 MARTYRIS
2042 4912 2723 5067 MAMAN
2739 4913 3094 5069 TIS.

720 5166 917 5226 (Latine
943 5172 1071 5234 apud
1096 5171 1295 5226 Surium
1329 5178 1386 5226 ad
1420 5179 1550 5227 diem
1580 5180 1630 5228 l7
1661 5180 1887 5241 Augusti.
1919 5207 1979 5216 --
2013 5180 2175 5228 Graeca
2204 5194 2296 5228 non
2332 5187 2590 5227 occurrunt
2632 5180 2674 5228 in
2699 5195 2797 5227 mss
2847 5182 2995 5229 Paris.

294 5493 342 5549 l.
375 5492 594 5564 Marnas,
616 5514 843 5568 magnus
868 5512 922 5557 et
957 5503 1186 5576 insignis
1218 5517 1420 5580 martyr
1440 5511 1660 5574 Christi,
1706 5529 1803 5581 pa-
1831 5514 1874 5569 D
1905 5516 2010 5569 orti
2038 5523 2219 5569 essent
2258 5529 2321 5568 ex
2403 5515 2662 5583 patriciis,
2684 5527 2738 5570 et
2767 5516 2858 5586 qui
2894 5530 2998 5567 non
3036 5512 3208 5569 solum
3246 5516 3297 5569 in
3334 5516 3473 5581 ﬁliis,

224 5590 390 5643 triam
435 5587 649 5655 quidem
687 5592 877 5647 habuit
929 5594 1351 5669 Paphlagoniam
1408 5611 1569 5656 :erat
1613 5614 1794 5658 autem

222 5680 405 5734 clarus
457 5687 510 5733 et
576 5680 775 5749 pietate
811 5694 864 5740 et
920 5701 1135 5757 genere.
1162 5691 1294 5746 Nam
1338 5702 1451 5747 erat
1498 5693 1544 5747 ei
1577 5696 1793 5763 quidem

222 5779 379 5839 pater
412 5770 743 5835 Theodotus,
769 5787 937 5833 mater
964 5796 1089 5834 vero
1128 5782 1360 5848 Rulliua,
1384 5786 1642 5855 religione
1674 5788 1793 5855 qui-

220 5861 346 5919 dem
410 5864 567 5918 amho
628 5864 829 5936 ﬁdrks,
871 5887 1065 5939 genere
1098 5885 1275 5930 autem
1320 5877 1575 5947 insignes,
1604 5890 1663 5935 ur
1702 5883 1790 5950 qui

1904 5605 1997 5659 sed
2032 5603 2194 5658 etiam
2237 5605 2289 5657 in
2318 5603 2572 5659 omnibus
2593 5606 2681 5674 qui
2717 5615 2870 5658 erant
2894 5604 2973 5661 sui
3006 5604 3236 5675 generis,
3257 5622 3469 5660 conser-

1908 5706 2098 5751 vareut
2166 5696 2615 5757 nobilitatem.Hi,
2638 5711 2759 5750 cum
2790 5706 2935 5752 esset
2966 5698 3251 5751 vehemens
3283 5713 3471 5753 eorum

1902 5803 2054 5842 amor
2087 5789 2137 5842 in
2166 5788 2459 5853 Christum,
2481 5798 2533 5841 et
2564 5805 2662 5842 nec
2695 5801 2914 5857 possent
2946 5790 3162 5857 quidem
3198 5789 3469 5842 internum

1900 5883 2177 5939 continere
2208 5881 2532 5939 desiderium
2573 5883 2711 5938 :sed
2766 5892 2817 5936 et
2871 5884 3041 5938 libere
3086 5881 3471 5952 proﬁterentur
