4198 6438
211 408 321 470 569

207 519 540 581 (Zazsaream,
609 519 812 572 bonum
910 517 1231 571 Mamantem

207 608 482 673 deferunt.
511 610 658 679 quod
691 626 801 665 non
848 611 1024 664 solum
1058 610 1173 679 ipse
1225 608 1357 661 deos
1412 623 1516 662 non
1551 606 1778 665 coleret.

207 704 306 756 sed
340 717 466 756 suos
496 718 710 771 quoque
739 703 974 771 :cquales
1010 711 1064 756 et
1094 699 1503 769 condiscipulos
1533 698 1596 752 ad
1625 713 1775 751 erro-

209 811 330 850 rem
399 811 555 849 suum
606 810 798 849 omnes
849 796 1146 848 induceret.
1200 793 1407 847 Marnas
1443 803 1622 845 autem
1673 791 1779 856 jam

206 889 462 957 quintum
515 888 785 942 decimum
838 888 1026 956 agebat
1075 902 1280 940 annum
1335 885 1510 939 artatis
1539 902 1553 948 ;.
1583 894 1638 937 et
1687 884 1781 936 ho-

209 991 370 1041 nesta
403 995 643 1038 matrona
683 985 808 1052 (hoc
838 985 982 1038 enim
1027 993 1143 1038 erat
1189 983 1417 1037 Ameriae
1455 980 1781 1049 cpithetnm)

212 1087 388 1131 morte
414 1078 673 1146 privatus,
706 1076 762 1130 lit
809 1092 1092 1131 successor
1120 1085 1173 1130 ct
1204 1075 1374 1129 haeres
1402 1074 1520 1144 ejus
1555 1073 1785 1126 faculta-

213 1178 351 1222 tum.

282 1259 390 1314 Vll.
450 1261 793 1313 Democritus
843 1274 992 1329 ergo,
1049 1274 1171 1312 cum
1235 1258 1354 1311 hrec
1404 1256 1648 1311 audisset
1710 1257 1780 1311 de

219 1346 513 1409 Mamante,
565 1347 666 1401 fuit
723 1349 969 1416 protinus
1012 1348 1273 1400 etleratus
1310 1347 1362 1399 in
1417 1361 1666 1415 puerum.
1719 1343 1783 1398 Et

211 1456 337 1493 cum
395 1439 666 1492 effecisset
737 1448 792 1492 ut
843 1438 910 1492 ad
970 1454 1129 1492 suum
1180 1438 1413 1491 tribunal
1475 1436 1781 1501 sisteretur,

211 1531 449 1597 primum
497 1528 714 1597 quidem
769 1529 1062 1598 interrogat
1115 1544 1182 1582 an
1227 1538 1371 1582 esset
1397 1527 1780 1582 Christianus:

208 1621 431 1685 deinde,
463 1637 529 1674 an
566 1623 654 1675 ille
684 1633 852 1684 esset,
880 1623 969 1691 qui
1004 1637 1180 1691 neque
1209 1623 1322 1690 ipse
1360 1621 1463 1675 diis
1488 1619 1780 1682 sacriﬁcat.

208 1723 266 1769 et
320 1715 604 1783 persuadet
652 1715 1056 1783 condiscipulis,
1095 1730 1164 1768 ne
1196 1724 1419 1785 pareant
1449 1713 1778 1782 imperatori.

1316 406 1658 467 MARTYRI
1675 405 1783 465 UM
1825 403 1887 465 S.
1934 406 2355 470 MAMANTIS.

1321 516 1386 569 ad
1426 530 1549 569 eum
1593 512 1774 568 statim
1814 513 1856 570 Δ
1889 513 1931 566 si
1962 525 2015 568 et
2048 516 2198 568 nullo
2255 532 2416 574 sensu
2449 514 2682 586 praediti,
2709 515 2851 583 quod
2878 530 2941 570 ea
2975 515 3154 570 colere
3179 525 3231 569 et
3275 516 3325 569 in
3352 516 3454 569 ho-

3352 408 3454 468 570

1888 623 2021 660 nore
2063 608 2266 661 habere
2296 608 2521 662 omnino
2564 607 2866 662 sustinetis.
2929 605 3126 661 Desine
3190 621 3316 676 ergo
3353 608 3456 666 mi-

1891 715 1989 752 nas
2021 699 2292 753 intentare
2349 699 2636 763 terribiles,
2666 709 2724 752 ut
2751 699 2845 752 tibi
2888 699 3160 758 videntur,
3191 706 3243 751 et
3285 697 3455 750 maxi-

1886 806 1969 842 ma
2004 790 2266 858 polliceri.
2297 789 2425 844 Nam
2461 790 2690 860 puniens
2715 789 2959 856 quidem,
2988 788 3322 851 benel‘aries;
3360 790 3453 841 be-

1885 881 2163 937 nefaciens
2187 893 2365 936 autem
2389 883 2588 936 damno
2616 882 2814 936 allicies
2851 881 3102 934 maxime.
3131 879 3234 932 Pro
3288 880 3452 932 Chri—

1886 983 1967 1027 sto
1989 974 2132 1026 enim
2168 973 2328 1035 mori.
2386 982 2468 1031 est
2502 974 2632 1027 mihi
2691 974 2880 1042 quovis
2937 973 3148 1027 honore
3177 982 3233 1026 et
3295 975 3453 1031 lucro

1884 1064 2247 1128 praestantius.
2285 1064 2382 1120 llis
2414 1065 2766 1118 vehementer
2829 1064 3067 1117 irritatus
3129 1063 3455 1117 Aurelianus

1880 1154 2033 1222 jubet
2067 1170 2268 1225 corpus
2300 1155 2453 1223 pueri
2509 1156 2642 1209 caedi
2679 1155 2879 1225 ﬂagris.
2913 1156 3084 1223 Atque
3121 1154 3453 1208 adulescenti

1885 1247 2103 1314 quidem
2141 1250 2427 1316 prudentia
2458 1264 2594 1302 cano
2628 1248 2940 1303 caedebatur
2976 1256 3223 1304 tenerum
3259 1257 3313 1300 et
3343 1264 3456 1300 mo-

1884 1339 1953 1392 do
1982 1338 2180 1391 ﬂorens
2231 1355 2469 1409 corpus;
2537 1339 2625 1393 ille
2673 1356 2800 1394 vero
2852 1339 3076 1409 perinde
3123 1339 3457 1394 adiciebatur

1884 1439 2042 1498 atque
2075 1447 2120 1483 St
2156 1432 2544 1496 quatereturin
2575 1434 2803 1486 somnis.

1957 1540 2047 1595 IX.
2101 1540 2234 1595 Cum
2269 1550 2448 1596 autem
2483 1542 2777 1608 imperator
2829 1559 2895 1597 eo
2929 1547 3044 1612 ipso
3070 1548 3330 1610 tempere,
3353 1557 3460 1608 quo

1889 1634 2239 1703 torquebatur
2298 1650 2455 1705 puer,
2510 1636 2559 1688 ei
2621 1636 2957 1698 adularctur,
3010 1643 3074 1688 et
3133 1648 3254 1686 eum
3310 1635 3458 1685 onmi

1887 1729 2098 1780 ratione
2126 1738 2414 1782 conaretur
2462 1729 2729 1794 emollire,
2767 1729 2984 1785 dicebat
3007 1728 3151 1781 enim
3197 1745 3211 1781 :
3245 1725 3338 1779 Dic
3373 1725 3461 1777 vel

211 1808 305 1860 llle
344 1815 547 1868 autem,
585 1807 863 1874 majorem,
890 1824 1050 1874 quam
1081 1816 1211 1860 tetas
1237 1808 1560 1874 patiebatur,
1585 1821 1694 1875 prae
1721 1820 1778 1859 se

1887 1821 2013 1875 solis
2032 1821 2194 1874 labris
2215 1832 2262 1876 te
2287 1817 2714 1876 sacriﬁeaturum
2742 1840 2754 1876 :
2780 1833 2833 1876 et
2853 1821 3029 1876 statim
3065 1820 3377 1874 liberaberis
3396 1818 3461 1870 ab

238 1914 395 1952 erens
425 1899 591 1951 animi
635 1899 1022 1960 constantiam,
1069 1908 1124 1951 et
1175 1899 1313 1950 nihil
1369 1899 1728 1952 conturbatus
1759 1937 1772 1959 ,

212 1979 345 2050 Ego,
398 1981 592 2049 inquit,
641 1991 875 2035 vestram
923 1981 1076 2035 valde
1125 1982 1431 2036 condemno
1499 1983 1776 2046 canitiem,

210 2073 356 2141 quod
394 2082 539 2127 tanta
570 2074 885 2128 circumfusi
920 2075 1038 2127 sitis
1070 2077 1278 2128 erroris
1309 2075 1558 2145 caligine,
1592 2086 1648 2128 ut
1680 2091 1781 2130 nec

211 2166 432 2234 possitis
475 2167 691 2235 quidem
745 2167 1021 2235 adspicere
1044 2169 1108 2222 ad
1160 2169 1335 2222 radios
1369 2169 1633 2234 veritatis,
1659 2172 1778 2234 sed,

211 2272 345 2311 vero
375 2268 428 2312 et
487 2261 606 2313 vivo
649 2260 756 2313 Deo
803 2261 1015 2325 relicto,
1067 2261 1373 2315 accessistis
1407 2261 1472 2315 ad
1509 2261 1781 2318 daemones

211 2351 483 2404 inanimos
521 2362 574 2405 et
604 2353 816 2405 surdos.
874 2352 1006 2404 Nam
1040 2369 1136 2416 ego
1169 2354 1386 2421 quidem
1418 2369 1446 2407 a
1480 2369 1600 2408 meo
1628 2353 1783 2407 Chri—

211 2457 300 2499 sto
343 2459 620 2512 nunquam
673 2445 1019 2506 recedam,et
1069 2460 1423 2512 quoscunque
1476 2456 1663 2513 potero
1715 2447 1782 2499 ad

209 2551 338 2589 eum
393 2534 682 2588 adducam.
741 2535 1048 2589 Admiratus
1103 2543 1185 2588 est
1246 2535 1580 2589 Democritus
1635 2536 1781 2604 pueri

210 2627 431 2681 dicendi
479 2627 782 2680 libertatem
843 2637 896 2681 et
919 2627 1096 2681 statim
1153 2627 1219 2681 ab
1277 2627 1432 2681 initio
1484 2627 1782 2695 desperans

211 2733 270 2770 se
304 2732 460 2786 posse
506 2733 628 2770 eum
679 2718 958 2781 inducere,
1003 2717 1161 2770 simul
1194 2726 1246 2770 et
1279 2717 1513 2771 minatus
1538 2726 1620 2770 est
1651 2717 1786 2770 ado-

212 2810 434 2864 lescenti
464 2818 515 2862 et
544 2809 607 2861 iis
643 2809 730 2876 qui
762 2823 883 2861 eum
927 2807 1369 2868 circumstabant,
1397 2807 1558 2874 jussit
1585 2809 1785 2860 ducere

213 2917 444 2972 puerum
497 2901 560 2953 ad
616 2908 790 2952 aram'
829 2900 1129 2968 Serapidis.
1199 2913 1254 2954 ut
1292 2900 1373 2953 vel
1439 2899 1640 2952 invitus
1683 2901 1785 2952 dco

211 2997 563 3052 sacriﬁcaret.
606 2994 696 3048 llle
758 3007 936 3047 autem
977 2995 1115 3048 nihil
1166 3012 1195 3048 a
1253 2996 1415 3049 minis
1479 2993 1787 3048 clIeminate

211 3088 442 3141 allectus
492 3095 544 3139 et
602 3085 963 3147 illiberaliter,
1001 3086 1069 3137 At
1133 3102 1241 3139 non
1269 3064 1412 3138 licet.
1462 3084 1655 3158 inquit,
1692 3084 1785 3139 tibi

1882 1913 2026 1966 omni
2054 1913 2318 1981 supplicio
2340 1931 2352 1966 :
2373 1912 2485 1966 Non
2506 1930 2623 1983 ego.
2644 1914 2818 1982 inquit
2842 1914 3065 1974 Mamas,
3089 1927 3119 1961 o
3144 1911 3458 1978 imperator,

1885 2006 2059 2059 solum
2087 2005 2218 2059 mihi
2249 2021 2433 2058 verum
2464 2005 2631 2058 Deum
2659 2017 2710 2059 et
2731 2006 2930 2074 Regem
2962 2005 3260 2067 Christum,
3285 2018 3463 2070 neque

1883 2099 2048 2153 labris
2107 2115 2207 2152 nec
2242 2099 2408 2153 corde
2441 2098 2769 2168 negaverim,
2815 2097 2976 2150 etiam
3024 2097 3065 2150 si
3107 2094 3465 2164 praesentibus

1885 2192 2044 2259 longe
2095 2192 2342 2265 graviora
2381 2190 2790 2261 excogitaveris.
2834 2189 2973 2254 Quin
3029 2188 3190 2240 etiam
3244 2201 3464 2252 magnas

1886 2284 1982 2336 tibi
2017 2281 2189 2334 habeo
2224 2281 2440 2350 gratias,
2469 2280 2609 2348 quod
2666 2295 2750 2332 me
2789 2296 2884 2348 per
2923 2281 3038 2331 [nec
3098 2288 3361 2331 tormenta
3413 2278 3460 2329 ei

1885 2389 2048 2443 quem
2089 2373 2342 2429 desidero
2379 2371 2677 2437 concilies;
2707 2383 2761 2424 et
2788 2379 2913 2437 opto
2942 2371 3136 2430 solum,
3170 2385 3234 2422 ne
3271 2384 3464 2423 manus

1887 2464 2251 2533 delatigcntur
2293 2462 2608 2523 tortoribus,
2656 2476 2775 2530 qua!
2825 2464 2959 2529 jatu,
3005 2471 3062 2514 ut
3121 2460 3290 2521 vides,
3333 2460 3469 2513 mihi

1888 2571 2075 2624 magna
2102 2555 2243 2608 bona
2273 2565 2581 2622 procurant:
2613 2556 2705 2607 sed
2742 2554 2977 2606 robusta:
3031 2552 3207 2619 potius
3226 2552 3461 2604 reddan-

1890 2657 1975 2700 tur
2003 2656 2056 2698 et
2096 2647 2360 2698 valentes.
2411 2645 2736 2696 Aurelianus
2793 2652 2972 2696 autem
3003 2653 3289 2716 postquam
3331 2636 3465 2694 vidit

1889 2754 2010 2792 eum
2036 2748 2139 2791 tam
2182 2752 2369 2806 parum
2399 2751 2590 2789 curare
2631 2737 2882 2796 verbera,
2914 2735 3066 2803 jubet
3101 2734 3148 2787 ei
3201 2734 3460 2787 nudatum

1889 2847 2089 2900 corpus
2116 2842 2283 2885 totum
2315 2831 2506 2884 torreri
2528 2830 2768 2883 lucernis
2789 2829 2925 2900 ignis
2959 2845 2972 2881 :
3027 2835 3085 2880 ut
3121 2841 3242 2889 eum
3274 2842 3464 2881 carnes

1889 2925 2148 2993 paulatim
2213 2923 2608 2991 eliquarentur,
2649 2930 2702 2972 et
2756 2920 2961 2972 diutius
3041 2933 3353 2971 versaretur
3413 2917 3463 2969 in

1891 3023 2184 3074 tormento,
2244 3021 2296 3066 et
2347 3009 2559 3065 dolores
2594 3012 2817 3062 sentiret
2876 3010 3178 3078 graviores.
3236 3006 3299 3059 Et
3362 3007 3465 3059 huc

1891 3105 2108 3175 quidem
2141 3105 2432 3157 deductum
2472 3111 2553 3155 est
2583 3100 2647 3152 ad
2681 3099 2955 3162 clfet-tum,
2984 3108 3036 3152 et
3080 3099 3311 3152 admota-
3339 3104 3468 3152 sunt

213 3193 303 3233 me
359 3177 570 3246 punire,
613 3176 705 3246 qui
757 3192 876 3230 sum
926 3176 1187 3230 educatus
1233 3191 1260 3227 a
1335 3185 1506 3227 matre
1554 3176 1784 3229 maxima

1890 3197 2122 3248 lucerna:
2148 3193 2358 3262 corpori
2396 3191 2662 3262 martyris.
2685 3192 2790 3244 Sed
2845 3191 3065 3261 eriguis
3117 3190 3468 3243 rcverebatur

220 3281 275 3327 et
308 3271 605 3328 clarissima
626 3315 639 3337 ,
666 3281 720 3327 et
745 3266 1070 3326 luculentam
1102 3271 1167 3324 ab
1199 3285 1261 3323 ea
1285 3268 1468 3337 accepi
1497 3269 1785 3323 hmredita-

216 3376 348 3430 tem,
387 3375 442 3420 et
471 3366 730 3419 maximas
754 3365 988 3425 divitias,
1018 3364 1276 3432 adjiciens
1308 3379 1504 3418 nomen
1537 3365 1780 3418 Ammirc.

211 3455 348 3510 Cum
385 3458 496 3512 htec
526 3469 704 3511 autem
733 3458 998 3510 audiisset
1045 3455 1384 3509 Demot-ritus
1428 3457 1570 3509 etab
1602 3458 1666 3508 iis
1693 3457 1798 3523 qui.

212 3552 666 3613 circumstabant,
735 3552 801 3602 de
864 3551 1018 3602 beata
1084 3557 1333 3599 matrona
1397 3557 1450 3598 et
1517 3547 1784 3601 Mamante

212 3651 466 3698 accurate
519 3643 699 3695 omnia
741 3640 1041 3700 didicisset,
1084 3650 1136 3693 et
1187 3637 1531 3709 cognovisset
1588 3655 1783 3695 senon

213 3748 376 3805 posse
406 3749 527 3786 eum
580 3734 790 3802 punire,
837 3732 1027 3787 ferreis
1055 3733 1296 3786 vinctum
1353 3732 1586 3787 vinculis
1622 3733 1785 3803 Aigas

211 3844 338 3882 eum
378 3827 537 3881 mittit
586 3829 652 3882 ad
699 3827 1105 3896 imperatorem,
1149 3828 1329 3880 omnia
1373 3837 1430 3880 ut
1473 3842 1532 3882 se
1583 3828 1784 3883 habent

209 3920 522 3992 signiﬁcans
562 3921 753 3974 litteris
784 3921 1111 3986 imperatori.

291 4010 553 4078 Vlllhllle
603 4019 780 4064 autem
827 4026 948 4064 cum
1001 4011 1203 4062 litteras
1249 4010 1565 4078 accepisset,
1609 4020 1662 4064 et
1691 4026 1782 4064 eas

213 4104 548 4176 perlegisset,
611 4119 834 4174 puerum
904 4105 1051 4157 varie
1131 4104 1440 4173 aggreditur
1486 4124 1499 4157 :
1541 4114 1596 4158 et
1657 4119 1779 4157 cum

211 4213 336 4251 eum
371 4196 424 4250 in
454 4212 610 4251 suum
643 4207 992 4266 conspectum
1026 4196 1358 4261 adduxisset,
1394 4212 1536 4250 nunc
1565 4197 1781 4267 quidem

211 4291 526 4345 minabatur
550 4302 604 4343 et
656 4305 910 4359 magnum
945 4299 1210 4343 terrorem
1269 4291 1608 4356 intendebat,
1635 4310 1781 4348 nunc

211 4391 394 4434 autem
442 4379 721 4449 promissis
777 4379 1058 4440 invitabat,
1091 4380 1226 4434 etei
1277 4382 1613 4450 proponebat
1659 4399 1782 4436 tuu-

1888 3285 2141 3339 athletam
2170 3325 2182 3346 ,
2215 3295 2268 3336 et
2298 3284 2348 3333 in
2372 3283 2570 3333 milites
2600 3282 2839 3350 spirabat
2863 3280 3260 3333 vehementius.
3292 3281 3467 3347 Atque

1888 3387 2088 3447 martyr
2110 3377 2329 3447 quidem
2355 3374 2472 3428 sine
2497 3372 2682 3427 dolore
2714 3373 3034 3426 admittebat
3071 3373 3319 3426 lucernas
3342 3371 3468 3437 ;ill¢

1887 3483 2068 3525 autem
2141 3470 2310 3539 magis
2348 3467 2576 3522 urebant
2631 3467 2872 3519 animum
2905 3465 3290 3534 persecutoris.
3334 3464 3466 3516 Nam

1886 3577 2007 3616 cum
2038 3576 2105 3614 ne
2148 3562 2429 3614 minimum
2482 3559 2701 3627 quidem
2725 3573 2920 3626 corpus
2955 3557 3204 3626 martyris
3234 3554 3467 3624 attinge-

1887 3661 2006 3706 rent
2047 3667 2110 3706 eo
2168 3651 2243 3705 illi
2288 3650 2545 3721 majorem
2578 3651 2844 3701 ﬂannnam
2877 3649 3183 3701 excitabant
3223 3646 3464 3701 insania.

1892 3745 2096 3797 Deinde
2127 3745 2282 3813 jubet
2336 3756 2626 3812 martyrem
2665 3740 2936 3794 verberari
2997 3740 3290 3808 lapidibus.
3369 3734 3460 3791 llle

1886 3844 2068 3891 autem
2108 3832 2331 3902 perinde
2378 3842 2494 3885 erat
2525 3832 2774 3898 allectus,
2819 3841 2978 3900 atque
3002 3833 3044 3885 si
3091 3841 3470 3901 aspergeretur

1888 3928 2044 3991 rosis,
2078 3938 2132 3980 et
2153 3942 2246 3995 spe
2267 3924 2427 3978 futuri
2451 3925 2750 3978 l:etahatur.

1962 4020 2026 4073 Χ.
2053 4020 2131 4073 Cu
2151 4036 2201 4072 m
2231 4019 2411 4083 itaque
2443 4016 2597 4071 valde
2629 4015 2794 4069 animi
2823 4015 3020 4069 dubius
3047 4026 3191 4069 esset
3221 4015 3366 4068 omni
3403 4032 3468 4068 ex

1885 4127 2040 4187 parte
2071 4115 2412 4174 Aurelianus,
2436 4124 2489 4166 et
2521 4113 2726 4165 nullttm
2789 4111 3040 4180 supplicii
3093 4126 3261 4180 genus
3292 4123 3474 4179 posset

1885 4212 2215 4278 excogitare,
2263 4205 2406 4275 quod
2458 4221 2551 4261 cur
2597 4203 2885 4257 Mamantis
2937 4205 3250 4272 attingeret,
3319 4203 3474 4270 jubet

1885 4304 2099 4373 globum
2119 4301 2429 4370 plumbeum
2449 4297 2566 4368 ejus
2593 4297 2729 4350 collo
2753 4295 2976 4365 alligari,
2997 4305 3050 4349 et
3068 4297 3143 4350 sic
3166 4296 3216 4348 in
3237 4296 3469 4348 medium

1886 4406 2037 4445 mare
2069 4390 2292 4443 ductum
2325 4398 2644 4456 martyrem,
2683 4383 2872 4454 projici
2903 4383 2954 4435 in
3004 4383 3354 4452 profundum.
3409 4382 3472 4438 Et

214 4489 341 4526 nera
373 4481 427 4525 et
472 4471 726 4531 honores.
758 4480 810 4522 ει
842 4471 1096 4523 diccbat:
1153 4473 1205 4522 Si
1237 4473 1298 4523 ad
1335 4478 1588 4543 magnum
1622 4491 1779 4530 acce-
1819 4508 1858 4561 ι)
1882 4484 2064 4553 jussus
2097 4479 2314 4548 quidem
2359 4478 2623 4531 deductus
2656 4475 2829 4529 estad
2874 4475 3126 4529 edoctum
3190 4491 3204 4540 ;
3264 4475 3354 4530 sed
3407 4489 3473 4528 tte

220 4565 360 4617 dens
400 4560 738 4629 Serapidem,
765 4560 811 4612 ei
842 4562 1252 4625 sacriticaveris,
1283 4577 1314 4614 ο
1343 4565 1570 4630 pulcher
1623 4583 1780 4633 puer,

209 4650 319 4704 eris
351 4649 630 4703 nobiscum
661 4650 713 4703 in
746 4649 944 4718 palatio
992 4665 1007 4701 :
1039 4658 1091 4702 et
1118 4650 1348 4718 primum
1381 4652 1596 4720 quidem
1625 4655 1787 4708 aleris

210 4743 483 4814 regaliter,
517 4743 713 4797 deinde
747 4749 798 4797 te
830 4744 985 4796 multi
1018 4744 1363 4798 mirabuntur
1391 4756 1442 4799 et
1469 4747 1782 4812 laudabunt,

211 4839 508 4903 beatusque
557 4836 665 4887 eris
706 4837 772 4887 de
809 4847 1025 4897 caetero,
1058 4847 1112 4889 et
1184 4837 1268 4889 cui
1320 4837 1490 4906 possit
1531 4840 1783 4893 invideri.

214 4929 326 4982 Hoc
360 4936 542 4980 autem
589 4926 817 4980 faciebat
863 4927 1209 4992 Aurelianus,
1235 4937 1288 4982 et
1328 4929 1440 4982 haec
1469 4931 1577 4984 duo
1600 4930 1783 4994 simul,

211 5035 411 5089 nempe
446 5025 500 5072 et
548 5019 723 5073 minas
779 5018 1087 5088 proferebat
1113 5060 1125 5080 ,
1160 5029 1215 5072 et
1255 5021 1542 5088 promissa,
1588 5031 1647 5075 ut
1702 5022 1786 5076 vel

209 5114 373 5167 minis
399 5129 521 5169 eum
547 5122 794 5175 terreret,
833 5121 1208 5169 etcxtremutn
1248 5114 1296 5167 ci
1320 5123 1519 5167 metum
1546 5115 1782 5182 atlerret,

207 5215 301 5260 aut
331 5206 610 5276 promissis
646 5205 764 5274 ejus
804 5205 1026 5258 solidam
1073 5206 1353 5278 frangeret
1393 5210 1782 5269 constantiam.

208 5310 262 5357 et
289 5300 344 5353 in
377 5313 584 5352 summa
615 5295 737 5354 eum
802 5297 1057 5360 molliret,
1094 5299 1318 5368 ejusque
1388 5303 1573 5358 oculos
1640 5278 1784 5374 pne-1

209 5390 520 5465 stringeret,
557 5401 608 5445 et
657 5391 949 5445 adduceret
1003 5392 1069 5445 ad
1117 5392 1470 5460 impietatem.
1523 5396 1648 5453 Hzec
1690 5414 1785 5450 au-

212 5500 321 5542 tem
359 5484 530 5552 magis
557 5485 824 5539 acuebant
889 5485 1068 5538 alar-re
1096 5495 1150 5540 et
1178 5501 1489 5558 promptum
1543 5492 1783 5546 studium

210 5577 574 5634 adolescentis
604 5595 618 5634 :
657 5587 729 5641 et,
767 5577 941 5642 Absit,
976 5580 1272 5646 respondit,
1301 5596 1334 5635 o
1368 5582 1676 5650 imperator,
1730 5595 1786 5638 ut

211 5674 307 5725 has
340 5685 460 5740 qua:
489 5683 518 5722 a
548 5667 698 5721 vobis
742 5672 1093 5733 honorantur,
1115 5677 1321 5726 statuas
1371 5674 1422 5727 in
1467 5675 1671 5730 honore
1694 5676 1784 5730 ha-

212 5765 390 5824 beam,
423 5770 516 5816 aut
543 5775 727 5815 carum
754 5762 917 5816 ullam
970 5763 1163 5820 ducam
1214 5765 1480 5820 rationem
1513 5783 1632 5836 quae
1660 5781 1786 5823 sunt

211 5850 386 5908 surdte
411 5864 463 5909 et
493 5855 761 5922 inanimae,
791 5862 843 5908 et
869 5870 988 5925 qua:
1020 5869 1268 5929 arguunt,
1302 5875 1458 5933 quam
1495 5860 1610 5917 sitis
1642 5877 1787 5917 cras-

1891 4584 2019 4627 tunc
2052 4572 2293 4642 quidem,
2325 4586 2355 4624 ο
2388 4567 2581 4628 Manta.
2612 4568 2752 4619 Deus
2778 4568 2852 4617 tui
2891 4576 2978 4621 est
2995 4568 3215 4626 oblitus,
3265 4567 3472 4636 angelis

1888 4669 2036 4720 enim
2068 4665 2182 4718 suis
2219 4665 2437 4717 mandat
2459 4663 2524 4717 de
2550 4671 2621 4725 te,
2665 4669 2723 4713 ut
2753 4668 2802 4716 te
2839 4657 3166 4710 custodiant.
3195 4657 3258 4710 Et
3289 4656 3470 4711 statim

1889 4759 2110 4829 angelus
2135 4757 2304 4809 forma
2329 4757 2564 4807 humana
2593 4756 2647 4807 in
2693 4754 2878 4808 orbem
2904 4751 3254 4814 circumiens,
3298 4761 3471 4803 terro-

1890 4867 2001 4903 rem
2065 4848 2282 4917 quidem
2339 4845 2497 4899 aliert
2533 4848 2599 4899 iis
2636 4851 2726 4916 qui
2784 4851 2955 4919 ipsum
2984 4846 3275 4905 ducebant,
3299 4853 3352 4896 et
3382 4858 3474 4895 eos

1889 4945 2055 4998 vertit
2081 4944 2133 4996 in
2168 4943 2378 5011 fugam;
2415 4943 2564 5009 jubet
2615 4953 2795 4995 autem
2832 4952 3125 5012 martyrem
3171 4940 3361 4993 venire
3415 4941 3466 4991 in

1890 5045 2152 5100 tnontem,
2196 5034 2395 5104 quiest
2450 5032 2734 5099 Caesareae,
2799 5041 2854 5086 et
2911 5033 3017 5087 illic
3071 5033 3286 5102 degere.
3337 5030 3471 5083 Cum

1889 5129 2077 5182 fuisset
2103 5142 2234 5197 ergo
2286 5127 2338 5178 iu
2409 5135 2609 5188 monte,
2643 5138 2696 5179 et
2731 5136 2874 5179 totos
2940 5125 3297 5193 quadraginta
3355 5121 3474 5174 dies

1889 5221 2177 5274 mansisset
2221 5218 2464 5286 jejunus,
2501 5219 2558 5270 tit
2601 5217 2688 5270 hic
2723 5217 2864 5270 alius
2894 5214 3086 5269 Moses.
3114 5213 3173 5266 Ei
3195 5214 3248 5266 in
3280 5227 3474 5266 manus

1888 5327 2090 5366 novum
2149 5309 2388 5363 traditur
2418 5318 2829 5370 testamentum,
2856 5306 2997 5374 quod
3025 5321 3136 5359 non
3188 5315 3316 5359 tunc
3349 5306 3473 5372 qui-

1886 5400 2008 5453 dem
2037 5399 2267 5467 primum
2323 5413 2443 5452 esse
2487 5405 2748 5465 cmperat,
2777 5395 2872 5449 sed
2900 5397 3010 5465 jam
3061 5393 3240 5447 fuerat
3283 5393 3467 5446 datum

1889 5490 2152 5562 patribus.
2201 5490 2267 5544 Et
2306 5490 2449 5560 quod
2513 5499 2641 5542 tunc
2689 5489 2876 5542 deerat
2944 5485 3101 5547 Mosi,
3163 5487 3264 5541 hoc
3324 5503 3469 5540 nunc

1889 5584 2216 5653 adimplelur
2241 5585 2294 5637 in
2321 5591 2574 5652 martyre.
2629 5579 2764 5633 Nam
2816 5577 2992 5634 Moses
3013 5579 3232 5646 quidem
3261 5579 3466 5632 solum-

1890 5675 2048 5730 modo
2103 5674 2293 5727 ecaelo
2349 5671 2548 5741 accipit
2601 5669 2844 5724 tabulas:
2883 5670 2949 5724 ad
2984 5669 3132 5722 hunc
3182 5678 3362 5722 autem
3411 5677 3466 5721 et

1892 5783 2014 5829 vox,
2039 5775 2094 5820 ct
2115 5767 2260 5836 virga
2294 5767 2359 5819 ab
2391 5766 2498 5818 alto
2529 5764 2829 5822 descendit.
2884 5761 3019 5816 Cuu'.
3046 5771 3230 5816 autem
3257 5760 3463 5832 virgam

1891 5859 2208 5928 accepisset,
2232 5867 2286 5911 et
2329 5864 2386 5911 ut
2421 5871 2520 5910 vox
2554 5853 2913 5924 signiﬁcabat,
2952 5867 3016 5908 ea
3052 5861 3250 5908 terram
3284 5851 3466 5907 disse-
