4198 6438
772 403 871 468 S'll

2025 404 2311 468 MENSIS
2350 402 2778 465 AUGUSTUS.

3923 406 4033 466 572

761 514 985 575 cuisset,
1013 510 1283 577 quomodo
1311 509 1459 579 prius
1498 527 1645 567 mare
1669 514 1863 577 Moses,
1895 514 2090 584 accipit
2142 514 2323 567 Evan-
2352 519 2400 578 Α
2427 529 2589 567 causa
2655 528 2739 566 me
2785 512 3103 568 accersisti?
3162 512 3316 577 Quod
3337 528 3435 567 nec
3480 528 3697 581 possum
3770 514 4028 583 quidem,

761 601 955 671 gelium
994 599 1197 653 editum
1230 615 1257 653 e
1295 609 1450 653 terrae
1476 601 1792 657 visceribus.

832 692 923 747 XI.
965 689 1102 755 Quid
1136 704 1274 758 opus
1320 700 1403 743 est
1453 706 1517 744 ea
1548 692 1750 757 dicere,
1801 710 1919 763 quae
1979 706 2108 750 sunt
2154 706 2336 765 postea

759 779 1093 836 consecuta?
1120 778 1234 831 Non
1263 780 1496 849 amplius
1551 784 1705 837 nobis
1750 796 1953 856 martyr
1999 787 2193 849 Moses,
2244 786 2336 840 sed

760 874 969 926 ﬁtalins
991 872 1186 925 Paulus
1204 872 1502 941 praedicans
1521 874 1896 941 Evangelium.
1914 876 2047 930 Cum
2067 876 2337 944 quoddam

762 975 945 1017 autem
1003 966 1264 1033 templum
1310 965 1722 1029 construxisset,
1772 966 1824 1017 in
1862 981 1968 1034 quo
2005 979 2160 1019 Orare
2209 982 2340 1018 eon-

761 1065 1038 1112 sueverat.
1096 1057 1352 1123 quouiam
1378 1058 1661 1131 oportebat
1702 1070 1847 1117 eum,
1899 1056 2038 1109 sicut
2100 1054 2336 1120 Paulus‘,

762 1147 971 1215 Operari
1003 1148 1267 1211 manibus,
1302 1148 1481 1199 divina
1543 1147 1739 1199 virtute
1765 1147 1830 1199 ad
1868 1162 1923 1200 se
1981 1146 2127 1200 dueit
2152 1161 2339 1201 omnes

764 1240 1044 1297 feraszet
1127 1245 1208 1296 lac
1265 1239 1509 1312 mulgens
1576 1242 1918 1304 feminarum,
1987 1256 2338 1309 quazeumque

763 1338 814 1391 id
847 1337 1056 1391 scilicet
1091 1341 1334 1403 praebent
1369 1340 1720 1407 poculentum
1756 1337 2090 1398 hominibus,
2140 1336 2339 1390 elﬁcie-

761 1429 854 1483 bat
886 1446 1102 1483 casuum
1134 1447 1146 1494 ;
1182 1441 1233 1484 et
1260 1432 1376 1500 ejus
1400 1431 1620 1499 quidem
1649 1446 1834 1499 parum
1864 1430 1966 1483 sibi
2000 1429 2339 1497 relinquebat

761 1530 816 1573 et
867 1523 1163 1589 reponebat
1199 1541 1212 1576 :
1246 1524 1515 1591 reliquum
1570 1533 1746 1576 autem
1782 1523 2119 1577 descendens
2163 1522 2340 1575 (ἐπετι-

761 1626 931 1676 ream,
975 1614 1335 1666 distribuebat
1366 1615 1673 1682 egentibus.
1718 1615 1982 1679 Quoniam
2014 1623 2192 1666 autem
2223 1627 2343 1665 ma.

760 1716 899 1769 gnus
922 1700 1124 1753 Mamas
1159 1702 1295 1756 fama
1336 1713 1388 1757 et
1444 1719 1695 1757 sermone
1747 1705 2042 1757 multorum
2093 1704 2340 1757 celebra-

758 1791 938 1856 batur,
974 1793 1278 1848 Alexander
1333 1796 1555 1864 quidem
1596 1797 1753 1854 alius,
1792 1812 1897 1847 non
1925 1798 1971 1848 is
2004 1811 2161 1863 quem
2193 1796 2340 1864 prius

760 1880 1012 1937 diximus.
1076 1893 1202 1938 tunc
1259 1896 1475 1937 creatus
1540 1901 1739 1954 praeses
1814 1885 2191 1954 Cappadociae,
2267 1887 2346 1939 vir

760 1970 1016 2035 crudelis,
1047 1974 1088 2025 si
1126 1976 1265 2027 ullus
1288 1975 1445 2040 alius,
1473 1986 1526 2030 et
1561 1980 1899 2030 contendens
1954 1979 2007 2029 in
2063 1977 2345 2045 impietate

761 2076 791 2114 a
827 2063 1045 2116 nemine
1072 2066 1339 2133 superari,
1373 2083 1495 2120 cum
1530 2069 1596 2121 de
1634 2084 1697 2121 eo
1759 2067 1940 2120 omnia
1966 2066 2344 2132 intellexisset,

758 2152 925 2207 mittit
950 2156 1208 2223 quosdam
1239 2159 1449 2224 equites
1470 2159 1533 2211 ad
1557 2176 1680 2212 eum
1716 2160 2086 2227 querendum,
2123 2166 2177 2209 ut
2210 2173 2337 2212 cum

758 2246 1121 2308 invenissent,
1150 2247 1214 2298 ad
1250 2263 1374 2300 eum
1431 2249 1786 2303 adducerent.
1832 2249 1967 2303 Cum
2005 2247 2218 2300 illorum
2246 2247 2346 2300 ita-

757 2350 864 2404 que
899 2336 1186 2391 adventum
1221 2340 1581 2407 prmscivisset
1614 2354 1841 2410 martyr,
1887 2345 1945 2394 lit
1976 2343 2055 2396 eis
2107 2341 2343 2394 obviam.

757 2426 835 2479 Illi
871 2436 1050 2480 autem
1124 2440 1406 2498 postquam
1468 2433 1629 2484 simul
1700 2435 2112 2499 convenissent,
2171 2446 2348 2501 neque

766 2518 1149 2581 scirent,hunc
1219 2538 1339 2575 esse
1392 2523 1559 2585 illum,
1613 2525 1876 2594 rogabant
1911 2542 2058 2590 eum,
2104 2528 2346 2587 ubinam,

764 2617 819 2661 et
849 2608 904 2667 in
940 2626 1047 2678 quo
1081 2610 1199 2665 loco
1230 2623 1373 2665 esset
1409 2612 1634 2668 Mamas.
1660 2616 1749 2672 Ille
1774 2632 1900 2667 vero
1931 2633 1943 2670 :
1974 2617 2080 2670 Vos
2105 2618 2344 2686 quidem,

762 2701 958 2771 inquit,
994 2721 1025 2758 ο
1060 2708 1244 2772 amici,
1281 2718 1495 2777 oportet
1525 2726 1666 2765 nunc
1701 2727 1762 2763 ex
1793 2714 1950 2780 equis
1990 2713 2347 2776 descendere,

765 2802 825 2846 ut
849 2810 1038 2849 eamus
1060 2797 1126 2850 ad
1153 2813 1362 2851 cmnam
1403 2816 1416 2864 ;
1455 2810 1641 2868 postea
1674 2812 1854 2855 autem
1886 2803 2167 2855 ostendam
2200 2802 2349 2858 vobis

763 2884 1112 2943 Mamautem.
1151 2889 1211 2942 Hi
1246 2906 1375 2958 ergo
1397 2892 1464 2943 ab
1499 2907 1564 2943 eo
1598 2892 1836 2959 hospitio
1868 2892 2099 2961 accepti,
2129 2908 2347 2947 caseum

768 2987 826 3031 et
854 2994 1050 3046 panem
1080 2980 1315 3035 libenter
1351 2982 1710 3036 comederunt
1746 3000 1759 3047 ;
1794 2983 1878 3036 his
1920 2985 2063 3037 enim
2101 2987 2348 3057 egregius

764 3083 859 3121 eos
886 3070 1093 3137 accepit
1126 3070 1348 3135 Mamas,
1382 3072 1634 3125 dominus
1666 3073 1922 3128 convivii.

2444 607 2617 675 inquit
2645 622 2865 676 praeses,
2899 606 3223 674 perspicere,
3291 606 3613 671 quibusnam
3668 616 3831 659 utens
3882 621 4027 674 prae.

2443 696 2614 766 stigiis
2637 705 2691 750 et
2728 694 3209 758 incantationibus,
3240 694 3448 747 viribus
3471 695 3915 765 inexpugnabilia
3963 704 4021 749 et

2444 788 2555 841 fera
2578 787 2828 839 animalia
2855 786 3086 848 inducis,
3120 794 3179 839 ut
3200 801 3323 840 cum
3356 787 3434 838 eis
3460 787 3645 855 (legas.
3667 796 3718 838 et
3748 787 3896 854 apud
3926 801 4021 840 eas

2442 879 2722 933 verseris:
2770 879 3001 945 imperes
3058 888 3237 932 autem
3291 880 3704 947 propemodum,
3758 889 4023 947 tauquam

2444 972 2651 1024 ratione
2704 970 2962 1040 praeditis.
3017 970 3377 1038 Respondens
3400 981 3579 1025 autem
3633 980 3836 1036 martyr
3871 988 3886 1021 :
3920 971 4021 1033 Qui

2442 1063 2629 1129 servit,
2664 1062 2855 1131 inquit,
2893 1062 3002 1115 Deo
3039 1077 3179 1125 meo,
3215 1061 3304 1130 qui
3330 1062 3474 1116 solus
3514 1062 3665 1125 vivit,
3699 1073 3754 1114 et
3805 1069 3890 1118 est
3940 1077 4031 1114 re-

2442 1167 2555 1215 rus,
2586 1167 2653 1204 ne
2682 1152 2762 1203 vel
2787 1166 2972 1219 parum
3007 1150 3226 1219 quidem
3263 1149 3587 1201 sustinuerit
3615 1148 3817 1200 versari
3854 1156 3911 1200 et
3942 1147 4025 1197 vi-

2441 1256 2547 1299 tam
2574 1260 2733 1313 agere
2765 1259 2889 1297 cum
2920 1242 3218 1297 idololatris
3255 1250 3309 1295 et
3339 1240 3615 1294 maleﬁcis.
3649 1240 4022 1305 Quamobrem

2440 1351 2540 1407 ego
2565 1336 2697 1389 mihi
2722 1336 2859 1390 duco
2890 1350 3009 1388 esse
3039 1332 3407 1403 priestantius,
3436 1332 3641 1384 versari
3678 1331 3843 1382 simul
3902 1345 4026 1382 cum

2440 1429 2590 1493 feris,
2618 1444 2777 1496 quam
2818 1427 3097 1480 vobiscum
3157 1424 3424 1478 habitare.
3477 1420 3609 1475 Nam
3650 1421 3756 1477 illae
3804 1419 4029 1486 quidem

2440 1535 2548 1573 non
2578 1519 2779 1573 nostris
2810 1518 3164 1578 inducuntur,
3220 1525 3279 1568 ut
3322 1523 3501 1583 putas,
3534 1510 4021 1571 incantationibus,

2441 1622 2494 1665 et
2522 1612 2641 1665 ideo
2664 1613 2794 1664 mihi
2823 1609 3128 1663 redduntur
3148 1608 3357 1661 cicures
3385 1613 3439 1659 et
3476 1605 3809 1665 domestic-te,
3843 1617 4024 1669 neque

2441 1704 2584 1757 enim
2611 1703 2722 1757 scio
2767 1702 2893 1771 quid
2923 1701 3024 1755 sibi
3062 1700 3187 1752 velit
3212 1698 3293 1752 vel
3321 1698 3493 1751 solum
3534 1711 3731 1748 nomen
3775 1696 4029 1747 incanta-

2446 1794 2608 1846 tionis
2644 1810 2657 1857 ;
2693 1795 2787 1847 sed
2818 1802 2872 1846 et
2915 1793 2958 1846 si
2989 1792 3100 1845 sint
3127 1788 3428 1859 prudentia:
3473 1796 3725 1856 expertes
3757 1794 3813 1837 et
3859 1784 4029 1836 ratio-

2452 1887 2554 1950 nis,
2583 1887 2761 1940 sciunt
2794 1896 2971 1940 tamen
3006 1886 3135 1950 ipsa:
3161 1897 3373 1951 quoque
3419 1895 3599 1934 meum
3651 1874 3892 1930 revereri
3927 1876 4033 1925 Do-

2450 1980 2679 2040 minum,
2735 1978 2869 2030 etin
2916 1976 3121 2029 honore
3179 1976 3376 2028 habere
3436 1974 3554 2040 ejus
3613 1971 3874 2023 famulos.
3920 1968 4026 2023 Vos

2452 2085 2581 2124 vero
2608 2069 2739 2123 estis
2766 2069 2945 2137 longe,
2983 2082 3143 2136 quam
3166 2068 3317 2134 ipsae,
3342 2065 3521 2119 minus
3543 2062 3836 2131 participes
3866 2062 4039 2113 ratio-

2449 2160 2555 2224 nis,
2587 2161 2729 2228 quod
2761 2175 2885 2215 cum
2938 2158 3056 2213 illas
3107 2158 3349 2212 habeatis
3397 2154 3669 2224 exemplar
3725 2154 4035 2206 honorandi

2449 2253 2686 2316 Domini,
2722 2267 2791 2305 ne
2825 2253 2905 2306 sic
2929 2251 3149 2318 quidem
3185 2248 3503 2321 intelligitis.

2526 2344 2661 2397 Xlll.
2697 2344 2900 2396 Praeses
2930 2351 3109 2394 autem
3145 2356 3265 2394 eum
3302 2339 3561 2392 adversus
3594 2339 3708 2391 hinc
3737 2352 3810 2391 ne
3845 2345 4033 2405 posset

2451 2436 2666 2504 quidem
2697 2434 3093 2495 contradicere,
3126 2431 3426 2486 conabatur
3458 2437 3643 2496 aperte
3682 2428 3789 2479 vim
3824 2428 4042 2482 aﬂerre.

2449 2527 2560 2580 Cur
2587 2536 2768 2581 autem
2811 2540 2897 2587 eo,
2930 2524 3125 2587 aiebat,
3173 2517 3480 2591 processisti
3506 2517 3749 2572 stultitiae
3791 2526 3846 2569 et
3872 2516 4042 2569 auda-

2450 2620 2570 2681 ciae,
2624 2628 2682 2671 ut
2738 2618 2985 2686 insui-gas
3040 2614 3260 2683 quidem
3320 2612 3583 2664 adversus
3639 2610 4040 2679 imperatorum

2451 2708 2882 2770 constitutiones,
2915 2706 3256 2775 impudenter
3291 2712 3472 2755 autem
3522 2716 3620 2753 nos
3670 2716 3893 2767 quoque
3928 2700 4041 2751 alli-

2452 2802 2565 2854 cias
2607 2798 2983 2854 contumeliis?
3013 2797 3117 2849 Sed
3163 2803 3429 2849 tormenta
3460 2800 3510 2845 te
3544 2791 3627 2845 vel
3660 2791 3895 2843 invitum
3930 2806 4045 2843 om-

2451 2892 2581 2945 nino
2634 2908 2697 2946 ea
2738 2906 2859 2961 quas
2907 2897 3146 2959 oportet,
3209 2886 3514 2941 docuerint.
3558 2885 3625 2938 Et
3658 2885 3842 2937 statim
3884 2884 4037 2951 jubet

2450 2999 2576 3040 eum
2622 2997 2947 3051 suspensum
2997 2980 3150 3033 valde
3195 2978 3350 3032 caedi.
3384 2976 3476 3028 Ille
3509 2984 3715 3039 autem,
3749 2975 3875 3027 etsi
3904 2975 4037 3030 adeo

2452 3076 2642 3130 acerbe
2680 3076 3033 3134 laceraretur,
3069 3069 3297 3138 perinde
3340 3076 3459 3121 erat
3492 3067 3739 3129 affectus,
3791 3077 3958 3135 atque
4000 3066 4041 3118 si

836 3159 950 3212 XII.
986 3159 1207 3214 Interim
1250 3173 1429 3215 autem
1490 3163 1553 3215 ad
1606 3173 1893 3233 martyrem
1942 3165 2239 3230 accedunt,
2294 3179 2352 3222 ut
2381 3202 2423 3260 ο
2457 3167 2661 3221 nullum
2692 3166 2932 3220 dolorem
2982 3162 3205 3216 sentiret
3256 3160 3488 3231 penitus.
3532 3159 3718 3227 Neque
3748 3160 3899 3212 enim
3941 3170 4045 3211 tur—

766 3263 1192 3317 consueverant,
1254 3252 1470 3307 fetniua‘,
1507 3254 1831 3319 animantes,
1895 3265 1951 3308 ut
2009 3272 2351 3327 unaquaeque:

766 3360 865 3399 suo
887 3344 1024 3398 lacte
1060 3346 1415 3415 mulgeretur.
1454 3347 1605 3411 Quod
1646 3363 1767 3407 cum
1796 3347 2055 3402 vidissent
2113 3353 2348 3418 equites,

766 3449 861 3486 eos
886 3434 1081 3486 invasit
1109 3445 1295 3503 stupor
1339 3446 1392 3489 et
1416 3438 1593 3498 timor,
1637 3446 1689 3489 et
1746 3452 1901 3489 coena
1947 3440 2164 3504 relicta,
2226 3455 2356 3493 con-

767 3526 982 3597 fugiunt
1008 3527 1074 3579 ad
1132 3512 1476 3599 martyrem.‘
1526 3529 1618 3582 llle
1668 3544 1799 3581 vero
1849 3546 1970 3582 cum
2020 3540 2220 3583 metum
2272 3530 2352 3584 eis

770 3618 1080 3683 ademisset,
1146 3629 1199 3670 et
1251 3632 1345 3671 eos
1412 3621 1584 3672 bono.
1638 3631 1692 3673 et
1753 3621 1937 3674 ﬁdenti
1993 3624 2175 3678 animo
2235 3641 2354 3679 esse

765 3698 1059 3780 jussisset,
1124 3708 1319 3763 deinde
1401 3710 1561 3763 vellet
1622 3712 1783 3765 etiam
1837 3726 2023 3765 eorum
2067 3716 2274 3769 animos
2322 3734 2351 3771 a

770 3816 900 3854 cura
932 3800 1187 3860 liberare.
1219 3800 1355 3854 dixit
1390 3817 1447 3855 se
1478 3802 1697 3872 quidem
1732 3815 1855 3857 vere
1913 3816 2202 3871 cumesse,
2262 3811 2355 3877 qui

771 3893 1140 3962 quaerebatur,
1180 3893 1531 3960 Mamantem,
1578 3910 1647 3948 ne
1704 3896 1940 3966 amplius
1979 3912 2100 3951 eum
2147 3914 2357 3967 quare-

773 3997 913 4040 rent.
947 3987 1054 4041 Eos
1083 4003 1213 4056 ergo
1240 3987 1485 4051 dimittit,
1524 3988 1797 4055 pollicitus
1859 3990 2097 4058 seipsum
2137 4009 2355 4061 quoque

772 4093 895 4131 mox
929 4088 1240 4131 venturum.
1271 4078 1476 4131 Deinde
1508 4094 1628 4130 cum
1656 4080 1865 4148 equites
1894 4083 2140 4148 protinus
2176 4100 2357 4138 reces-

772 4170 976 4223 sissent
1006 4169 1120 4239 (tali
1161 4169 1307 4223 enim
1349 4169 1465 4224 viro
1483 4171 1798 4236 credebant,
1825 4186 2004 4241 neque
2033 4173 2083 4223 in
2116 4152 2181 4225 eo
2208 4184 2358 4241 pote-

772 4270 897 4315 rant
920 4262 1085 4315 ullum
1118 4263 1379 4331 suspicari
1418 4262 1783 4331 mendacium)
1819 4280 1941 4317 cum
1992 4282 2155 4318 unum
2182 4281 2246 4319 ex
2290 4267 2355 4321 iis

773 4355 863 4423 qui
904 4363 1061 4407 erant
1105 4353 1159 4406 in
1190 4363 1396 4416 monte,
1443 4353 1710 4414 leonibus.
1775 4365 1977 4425 martyr
2007 4368 2138 4414 nutu
2185 4359 2251 4412 ad
2295 4376 2354 4413 se

773 4456 1040 4509 vocasset,
1094 4446 1247 4514 jubet
1304 4461 1450 4509 eum,
1514 4456 1799 4514 postquam
1859 4446 1977 4515 ipse
2061 4448 2351 4519 ingressus

2458 3268 2602 3313 tores
2644 3258 2853 3328 aspexit
2890 3256 3217 3315 effeminate,
3252 3269 3352 3307 nec
3376 3268 3432 3306 se
3464 3252 3678 3304 mollem
3728 3252 3965 3319 przebuit
3994 3252 4042 3304 in

2456 3359 2746 3411 tormento,
2780 3362 2888 3400 non
2920 3347 3125 3400 humile
3151 3354 3206 3398 et
3238 3342 3495 3398 illiberale
3539 3342 3742 3410 aliquid
3775 3352 3861 3394 est
3891 3342 4043 3395 locu-

2459 3444 2544 3491 tus
2578 3454 2590 3490 :
2626 3435 2718 3489 sed
2763 3441 2907 3488 recta
2947 3433 2999 3485 in
3034 3431 3232 3485 ecelum
3276 3444 3403 3484 suos
3437 3427 3699 3483 deﬁxerat
3749 3429 3948 3483 oculos
3996 3443 4046 3483 et

2456 3528 2876 3584 consolationem
2905 3523 3300 3593 exspectabata
3326 3522 3555 3593 superis.
3581 3520 3716 3577 Cum
3750 3538 3884 3577 vero
3916 3539 4049 3591 prae-

2457 3638 2544 3679 ses
2595 3621 2988 3691 suppliciorum
3033 3630 3088 3674 et
3145 3619 3392 3673 dolorum
3455 3618 3810 3672 acerbitatem
3866 3620 4045 3673 inten-

2456 3714 2628 3778 deret,
2663 3723 2715 3767 et
2759 3712 2988 3766 inStaret
3032 3718 3090 3763 ut
3160 3718 3362 3777 martyr
3399 3709 3694 3761 laniaretur
3746 3709 4046 3763 vehemen-

2458 3808 2581 3867 tius,
2618 3822 2722 3859 vox
2759 3805 3005 3874 quaedam
3033 3803 3240 3861 divina.
3271 3818 3386 3872 quae
3415 3802 3622 3856 exstitit
3654 3817 3684 3857 e
3718 3803 3963 3872 superis,
3996 3804 4043 3857 ei

2456 3898 2673 3969 quidem
2724 3897 2867 3951 levat
2916 3911 3165 3965 magnam
3217 3904 3426 3964 partem
3463 3895 3708 3950 doloris:
3754 3897 4044 3950 conﬁrmat

2438 4000 2637 4050 autem
2671 4000 2726 4044 et
2768 3989 3079 4044 corroborat
3110 3987 3184 4049 id,
3236 3986 3378 4054 quod
3416 3986 3715 4051 laborabat,
3760 3998 3817 4041 et
3865 3990 4046 4063 reddi,

2457 4100 2582 4138 eum
2632 4081 2918 4153 quibusvis
2970 4078 3259 4134 tormentis
3311 4078 3675 4147 superiorem.
3732 4079 3869 4133 Eam
3927 4096 4045 4133 cum

2460 4175 2617 4230 multi
2650 4174 2927 4229 audissent
2965 4189 3029 4227 ex
3063 4172 3335 4233 ﬁdelibus,
3377 4170 3643 4223 ﬁrmiores
3690 4180 3747 4224 et
3787 4182 4047 4226 constan-

2457 4268 2620 4321 tiores
2659 4274 2949 4319 evaserunt
2983 4264 3037 4316 in
3069 4265 3290 4332 pietate.
3330 4262 3633 4315 Alexander
3666 4272 3856 4315 autem
3887 4277 4036 4331 post«

2455 4371 2615 4428 quam
2658 4353 2787 4409 vidit
2819 4367 3140 4423 generosum
3168 4349 3494 4403 Mamantem
3537 4348 3690 4403 nihili
3715 4349 3901 4404 facere
3946 4351 4047 4406 fer-

2457 4462 2576 4501 reas
2609 4446 2724 4499 illas
2774 4442 3023 4513 ungulas,
3066 4441 3264 4511 quibus
3297 4439 3621 4503 laniabatur,
3670 4440 3840 4495 corde
3884 4442 4048 4510 magis

776 4534 941 4587 fuerit
970 4534 1228 4595 stadium,
1257 4535 1459 4588 cursim
1517 4551 1744 4604 pergere
1811 4536 1876 4589 ad
1908 4536 2125 4592 Cnemis
2179 4548 2233 4592 et
2264 4537 2357 4592 Ju-
2389 4555 2431 4609 D
2463 4541 2798 4594 lacerabatur
2828 4537 2895 4590 ab
2930 4535 3175 4601 insania;
3206 4545 3259 4589 et
3296 4535 3473 4603 ipsum
3504 4534 3725 4601 quidem
3775 4535 3933 4588 illine
3958 4536 4047 4588 de-

774 4629 942 4691 daeos,
972 4628 1062 4695 qui
1092 4627 1271 4697 lingua
1306 4627 1566 4679 maledica
1598 4628 1800 4680 nomini
1854 4628 2122 4696 Unigeniti
2184 4631 2364 4685 detra-

781 4721 941 4782 hunt,
1006 4728 1062 4771 et
1107 4718 1157 4771 id
1219 4719 1524 4772 maledictis
1581 4718 1879 4784 incessunt,
1930 4729 1985 4773 et
2032 4720 2110 4772 eis
2172 4720 2363 4775 afferre

775 4811 1078 4865 interitum.
1116 4807 1239 4861 Haec
1271 4824 1394 4861 eum
1423 4810 1679 4875 iussisset
1712 4810 1866 4872 lene,
1895 4826 1924 4863 e
1948 4820 2133 4865 monte
2184 4813 2357 4880 proli-

775 4902 999 4956 ciscitur
1033 4916 1046 4952 :
1075 4909 1129 4953 et
1163 4897 1377 4955 accedit
1429 4897 1495 4949 ad
1551 4899 1779 4966 equites,
1835 4900 1925 4967 qui
1994 4916 2117 4954 cum
2164 4919 2360 4973 exspe-

777 4994 999 5046 ctabant
1040 4990 1107 5044 ad
1166 4998 1373 5059 portam
1406 4988 1661 5043 civitatis.
1723 4987 1855 5041 Cum
1906 4989 1938 5041 ii
1999 4991 2182 5060 itaque
2236 5009 2360 5049 eum

777 5082 1453 5151 assumpsissent,ducunt
1478 5080 1543 5131 ad
1610 5079 1998 5134 Alexandrum.
2037 5081 2131 5135 llle
2179 5089 2361 5134 autem

1789 5176 1876 5228 ille
1934 5175 2029 5243 qui
2083 5191 2139 5229 es
2192 5175 2365 5245 magia

774 5268 1049 5336 insignis?
1111 5264 1311 5335 Martyr
1367 5276 1546 5320 autem
1592 5265 1791 5319 Mamas
1841 5269 2138 5333 prudenter
2191 5268 2363 5321 dicit;

777 5176 1030 5247 protinus
1101 5191 1114 5227 :
1179 5172 1332 5227 Tune
1381 5190 1461 5238 es,
1523 5173 1717 5243 inquit,

780 5360 891 5431 Ego
911 5373 1029 5412 sum
1065 5356 1267 5411 Christi
1302 5373 1513 5423 servus,
1553 5358 1645 5427 qui
1700 5360 1779 5413 eis
1819 5360 2032 5427 quidem
2092 5360 2181 5429 qui
2237 5373 2359 5412 cre-

778 5452 917 5506 dunt
963 5450 1018 5502 in
1088 5451 1287 5518 ipsum,
1319 5456 1374 5503 et
1425 5447 1633 5501 faciunt
1687 5452 1805 5519 ejus
1871 5451 2230 5512 voluntatem,
2264 5450 2355 5504 dat

781 5544 1051 5608 salutem;
1084 5556 1268 5609 magos
1314 5550 1493 5595 autem
1527 5539 1988 5606 etincantatores,
2043 5553 2099 5597 et
2127 5558 2222 5597 eos
2254 5542 2351 5611 qui

783 5634 1015 5688 adorant
1056 5632 1221 5697 idola,
1249 5631 1356 5702 igni
1393 5634 1565 5689 tradit.
1590 5638 1818 5688 alterno.
1854 5632 1958 5687 Sed
2013 5650 2246 5705 quanam
2288 5636 2354 5690 de

893 5816 908 5843 ¹
944 5813 1111 5871 lCor.
1140 5830 1211 5881 ιν,
1241 5813 1328 5868 19..

2472 4630 2663 4687 ducit:
2692 4628 2943 4684 accendit
2994 4636 3172 4680 autem
3226 4625 3500 4677 fornacem
3549 4623 3709 4691 ignis,
3745 4632 3807 4676 ut
3847 4625 4047 4677 athleta

2473 4722 2525 4773 in
2563 4735 2682 4774 eam
2713 4719 3008 4788 iaceretur.
3057 4717 3231 4783 Atque
3253 4715 3360 4784 jam
3394 4714 3614 4783 quidem
3646 4716 4049 4769 accendedatur

2469 4815 2661 4868 l'ornax
2690 4810 2829 4881 ignis
2860 4826 2878 4863 :
2914 4824 3113 4879 prmses
3142 4823 3292 4873 vero,
3320 4808 3581 4878 quoniam
3638 4815 3774 4862 tunc
3812 4818 3934 4863 erat
3958 4824 4046 4863 oc-

2467 4914 2694 4977 cupatus
2724 4904 2779 4960 in
2811 4903 2950 4971 aliis,
2988 4904 3153 4957 satius
3183 4917 3300 4956 esse
3332 4903 3542 4970 putavit
3574 4917 3876 4970 parumper
3911 4917 4045 4955 mar-

2466 5007 2635 5068 tyrem
2671 4995 2881 5049 tradere
2912 4993 2964 5047 in
3007 4991 3327 5044 custodiam.
3368 4990 3611 5055 Quadam
3642 4990 3789 5043 enim
3823 5004 3921 5057 spe
3949 4992 4042 5044 du-

2468 5090 2713 5153 cebatur,
2769 5086 2912 5156 quod
2957 5085 3000 5137 si
3037 5082 3088 5137 ei
3133 5090 3345 5152 tempus
3397 5082 3638 5149 daretur,
3695 5091 3759 5136 ut
3808 5083 3955 5151 apud
3992 5099 4043 5136 se

2468 5190 2634 5243 esset,
2689 5186 2743 5233 et
2774 5175 3143 5231 consideraret
3171 5174 3498 5233 accuratius.
3538 5174 3653 5229 lore
3685 5184 3746 5225 ut
3791 5181 3849 5226 et
3886 5189 4041 5243 expe-

2472 5268 2663 5323 rientia
2692 5266 2979 5330 malorum,
3010 5280 3127 5334 quae
3151 5270 3561 5335 prtecesserant,
3586 5272 3640 5315 et
3669 5270 3818 5315 metu
3853 5262 4039 5316 futura:

2473 5360 2725 5423 fornacis,
2769 5358 3051 5413 accederet
3080 5357 3291 5412 mollior
3327 5357 3394 5411 ad
3430 5354 3697 5410 secundas
3738 5354 4037 5425 interroga-

2464 5454 2659 5514 tiones,
2694 5458 2748 5503 et
2777 5465 2887 5504 non
2932 5464 3119 5519 parum
3151 5449 3389 5516 priorem
3437 5462 3593 5503 suam
3634 5457 3877 5503 mutaret
3923 5462 4032 5501 sen-

2464 5542 2706 5597 tentiam.
2738 5541 2914 5608 Atque
2945 5540 3033 5592 ille
3063 5538 3276 5607 quidem
3306 5539 3389 5592 vir
3410 5554 3706 5609 generosus
3740 5537 4026 5607 conjicitur

2464 5636 2517 5687 in
2563 5647 2834 5687 carcerem
2882 5630 2995 5683 :ad
3045 5629 3397 5701 quadraginta
3438 5640 3619 5688 autem
3670 5629 4025 5688 Christianos,
