  <div class='ocr_page' id='page_1' title='image "/cluster/home/n/w/nwhite01/storage/ocr_20150623/115/nnc1.0046980261/304.png"; bbox 0 0 4198 6438; ppageno 0'>
   <div class='ocr_carea' id='block_1_1' title="bbox 213 391 324 456">
    <p class='ocr_par' dir='ltr' id='par_1_1' title="bbox 213 391 324 456">
     <span class='ocr_line' id='line_1_1' title="bbox 213 391 324 456; baseline -0.036 0"><span class='ocrx_word' id='word_1_1' title='bbox 213 391 324 456; x_wconf 78' lang='lat'><strong>573</strong></span> 
     </span>
    </p>
   </div>
   <div class='ocr_carea' id='block_1_2' title="bbox 1313 379 2348 446">
    <p class='ocr_par' dir='ltr' id='par_1_2' title="bbox 1313 379 2348 446">
     <span class='ocr_line' id='line_1_2' title="bbox 1313 379 2348 446; baseline -0.002 0"><span class='ocrx_word' id='word_1_2' title='bbox 1313 385 1651 446; x_wconf 78' lang='lat' dir='ltr'><strong>MARTYRI</strong></span> <span class='ocrx_word' id='word_1_3' title='bbox 1667 379 1777 443; x_wconf 86' lang='lat' dir='ltr'><strong>UM</strong></span> <span class='ocrx_word' id='word_1_4' title='bbox 1823 383 1886 443; x_wconf 91' lang='lat' dir='ltr'><strong>S.</strong></span> <span class='ocrx_word' id='word_1_5' title='bbox 1929 383 2274 445; x_wconf 81' lang='grc' dir='ltr'><strong>ΜΑΜΑΝΤΙ</strong></span> <span class='ocrx_word' id='word_1_6' title='bbox 2289 387 2348 444; x_wconf 90' lang='lat' dir='ltr'><strong>S.</strong></span> 
     </span>
    </p>
   </div>
   <div class='ocr_carea' id='block_1_3' title="bbox 3355 375 3457 438">
    <p class='ocr_par' dir='ltr' id='par_1_3' title="bbox 3355 375 3457 438">
     <span class='ocr_line' id='line_1_3' title="bbox 3355 375 3457 438; baseline -0.029 -1"><span class='ocrx_word' id='word_1_7' title='bbox 3355 375 3457 438; x_wconf 71' lang='lat'>574</span> 
     </span>
    </p>
   </div>
   <div class='ocr_carea' id='block_1_4' title="bbox 211 489 3459 577">
    <p class='ocr_par' dir='ltr' id='par_1_4' title="bbox 211 489 3459 577">
     <span class='ocr_line' id='line_1_4' title="bbox 211 489 3459 577; baseline -0.006 -20"><span class='ocrx_word' id='word_1_8' title='bbox 211 505 306 577; x_wconf 86' lang='lat' dir='ltr'><strong>qui</strong></span> <span class='ocrx_word' id='word_1_9' title='bbox 340 505 392 558; x_wconf 89' lang='lat' dir='ltr'><strong>in</strong></span> <span class='ocrx_word' id='word_1_10' title='bbox 439 516 504 556; x_wconf 92' lang='lat' dir='ltr'><strong>eo</strong></span> <span class='ocrx_word' id='word_1_11' title='bbox 549 501 696 570; x_wconf 88' lang='lat' dir='ltr'><strong>prius</strong></span> <span class='ocrx_word' id='word_1_12' title='bbox 733 497 1136 564; x_wconf 89' lang='lat' dir='ltr'><strong>detinebantur,</strong></span> <span class='ocrx_word' id='word_1_13' title='bbox 1171 497 1243 552; x_wconf 88' lang='lat' dir='ltr'><strong>ibi</strong></span> <span class='ocrx_word' id='word_1_14' title='bbox 1298 497 1549 552; x_wconf 90' lang='lat' dir='ltr'><strong>inventos</strong></span> <span class='ocrx_word' id='word_1_15' title='bbox 1587 498 1782 551; x_wconf 85' lang='lat' dir='ltr'><strong>liberat</strong></span> <span class='ocrx_word' id='word_1_16' title='bbox 1805 495 1858 556; x_wconf 74' lang='grc' dir='ltr'><strong>Δ</strong></span> <span class='ocrx_word' id='word_1_17' title='bbox 1885 504 2198 550; x_wconf 86' lang='lat' dir='ltr'><strong>reverenter</strong></span> <span class='ocrx_word' id='word_1_18' title='bbox 2215 494 2490 550; x_wconf 87' lang='lat' dir='ltr'><strong>adorabat.</strong></span> <span class='ocrx_word' id='word_1_19' title='bbox 2525 504 2579 549; x_wconf 91' lang='lat' dir='ltr'><strong>et</strong></span> <span class='ocrx_word' id='word_1_20' title='bbox 2605 492 2669 548; x_wconf 88' lang='lat' dir='ltr'><strong>ad</strong></span> <span class='ocrx_word' id='word_1_21' title='bbox 2701 493 2817 563; x_wconf 87' lang='lat' dir='ltr'><strong>ejus</strong></span> <span class='ocrx_word' id='word_1_22' title='bbox 2844 491 3008 561; x_wconf 84' lang='lat' dir='ltr'><strong>pedes</strong></span> <span class='ocrx_word' id='word_1_23' title='bbox 3052 489 3459 560; x_wconf 83' lang='lat' dir='ltr'><strong>procumbebat.</strong></span> 
     </span>
    </p>
   </div>
   <div class='ocr_carea' id='block_1_5' title="bbox 215 589 1790 651">
    <p class='ocr_par' dir='ltr' id='par_1_5' title="bbox 215 589 1790 651">
     <span class='ocr_line' id='line_1_5' title="bbox 215 589 1790 651; baseline -0.006 -1"><span class='ocrx_word' id='word_1_24' title='bbox 215 613 246 651; x_wconf 86' lang='lat' dir='ltr'><strong>a</strong></span> <span class='ocrx_word' id='word_1_25' title='bbox 277 592 507 648; x_wconf 73' lang='lat' dir='ltr'><strong>vinculis</strong></span> <span class='ocrx_word' id='word_1_26' title='bbox 538 609 551 645; x_wconf 92' lang='lat'><strong>:</strong></span> <span class='ocrx_word' id='word_1_27' title='bbox 584 601 640 646; x_wconf 90' lang='lat' dir='ltr'><strong>et</strong></span> <span class='ocrx_word' id='word_1_28' title='bbox 667 606 792 645; x_wconf 91' lang='lat' dir='ltr'><strong>cum</strong></span> <span class='ocrx_word' id='word_1_29' title='bbox 837 591 1073 645; x_wconf 88' lang='lat' dir='ltr'><strong>carceris</strong></span> <span class='ocrx_word' id='word_1_30' title='bbox 1118 590 1292 643; x_wconf 86' lang='lat' dir='ltr'><strong>claves</strong></span> <span class='ocrx_word' id='word_1_31' title='bbox 1324 598 1380 644; x_wconf 91' lang='lat' dir='ltr'><strong>et</strong></span> <span class='ocrx_word' id='word_1_32' title='bbox 1412 599 1594 645; x_wconf 85' lang='lat' dir='ltr'><strong>vectes</strong></span> <span class='ocrx_word' id='word_1_33' title='bbox 1641 589 1790 642; x_wconf 87' lang='lat' dir='ltr'><strong>labe-</strong></span> 
     </span>
    </p>
   </div>
   <div class='ocr_carea' id='block_1_6' title="bbox 217 681 1790 752">
    <p class='ocr_par' dir='ltr' id='par_1_6' title="bbox 217 681 1790 752">
     <span class='ocr_line' id='line_1_6' title="bbox 217 681 1790 752; baseline -0.004 -11"><span class='ocrx_word' id='word_1_34' title='bbox 217 687 497 746; x_wconf 80' lang='lat' dir='ltr'><strong>factasset,</strong></span> <span class='ocrx_word' id='word_1_35' title='bbox 529 683 648 739; x_wconf 86' lang='lat' dir='ltr'><strong>sola</strong></span> <span class='ocrx_word' id='word_1_36' title='bbox 683 684 1017 752; x_wconf 79' lang='lat' dir='ltr'><strong>precatione,</strong></span> <span class='ocrx_word' id='word_1_37' title='bbox 1061 692 1116 737; x_wconf 89' lang='lat' dir='ltr'><strong>et</strong></span> <span class='ocrx_word' id='word_1_38' title='bbox 1149 693 1288 736; x_wconf 89' lang='lat' dir='ltr'><strong>totas</strong></span> <span class='ocrx_word' id='word_1_39' title='bbox 1315 691 1501 750; x_wconf 90' lang='lat' dir='ltr'><strong>portas</strong></span> <span class='ocrx_word' id='word_1_40' title='bbox 1545 681 1790 750; x_wconf 82' lang='lat' dir='ltr'><strong>aperuis-</strong></span> 
     </span>
    </p>
   </div>
   <div class='ocr_carea' id='block_1_7' title="bbox 218 769 1788 836">
    <p class='ocr_par' dir='ltr' id='par_1_7' title="bbox 218 769 1788 836">
     <span class='ocr_line' id='line_1_7' title="bbox 218 769 1788 836; baseline -0.004 -8"><span class='ocrx_word' id='word_1_41' title='bbox 218 777 327 834; x_wconf 83' lang='lat' dir='ltr'><strong>set,</strong></span> <span class='ocrx_word' id='word_1_42' title='bbox 381 772 460 824; x_wconf 88' lang='lat' dir='ltr'><strong>eis</strong></span> <span class='ocrx_word' id='word_1_43' title='bbox 505 771 723 836; x_wconf 82' lang='lat' dir='ltr'><strong>quidem</strong></span> <span class='ocrx_word' id='word_1_44' title='bbox 770 770 1039 831; x_wconf 83' lang='lat' dir='ltr'><strong>concedit,</strong></span> <span class='ocrx_word' id='word_1_45' title='bbox 1084 780 1143 823; x_wconf 91' lang='lat' dir='ltr'><strong>ut</strong></span> <span class='ocrx_word' id='word_1_46' title='bbox 1197 771 1316 823; x_wconf 87' lang='lat' dir='ltr'><strong>sine</strong></span> <span class='ocrx_word' id='word_1_47' title='bbox 1349 769 1533 823; x_wconf 90' lang='lat' dir='ltr'><strong>labore</strong></span> <span class='ocrx_word' id='word_1_48' title='bbox 1575 781 1788 834; x_wconf 80' lang='lat' dir='ltr'><strong>exeant,</strong></span> 
     </span>
    </p>
   </div>
   <div class='ocr_carea' id='block_1_8' title="bbox 219 861 1792 929">
    <p class='ocr_par' dir='ltr' id='par_1_8' title="bbox 219 861 1792 929">
     <span class='ocr_line' id='line_1_8' title="bbox 219 861 1792 929; baseline -0.003 -15"><span class='ocrx_word' id='word_1_49' title='bbox 219 862 550 929; x_wconf 82' lang='lat' dir='ltr'><strong>relinquitur</strong></span> <span class='ocrx_word' id='word_1_50' title='bbox 580 871 761 914; x_wconf 82' lang='lat' dir='ltr'><strong>autem</strong></span> <span class='ocrx_word' id='word_1_51' title='bbox 795 862 881 914; x_wconf 90' lang='lat' dir='ltr'><strong>ille</strong></span> <span class='ocrx_word' id='word_1_52' title='bbox 909 861 1055 914; x_wconf 87' lang='lat' dir='ltr'><strong>solus</strong></span> <span class='ocrx_word' id='word_1_53' title='bbox 1093 864 1145 912; x_wconf 89' lang='lat' dir='ltr'><strong>in</strong></span> <span class='ocrx_word' id='word_1_54' title='bbox 1181 861 1444 921; x_wconf 86' lang='lat' dir='ltr'><strong>custodia,</strong></span> <span class='ocrx_word' id='word_1_55' title='bbox 1485 861 1539 912; x_wconf 91' lang='lat' dir='ltr'><strong>in</strong></span> <span class='ocrx_word' id='word_1_56' title='bbox 1563 874 1665 928; x_wconf 88' lang='lat' dir='ltr'><strong>qua</strong></span> <span class='ocrx_word' id='word_1_57' title='bbox 1696 874 1792 911; x_wconf 91' lang='lat' dir='ltr'><strong>an-</strong></span> 
     </span>
    </p>
   </div>
   <div class='ocr_carea' id='block_1_9' title="bbox 217 954 1792 1026">
    <p class='ocr_par' dir='ltr' id='par_1_9' title="bbox 217 954 1792 1026">
     <span class='ocr_line' id='line_1_9' title="bbox 217 954 1792 1026; baseline -0.001 -16"><span class='ocrx_word' id='word_1_58' title='bbox 217 957 320 1026; x_wconf 87' lang='lat' dir='ltr'><strong>geli</strong></span> <span class='ocrx_word' id='word_1_59' title='bbox 349 957 632 1024; x_wconf 68' lang='lat' dir='ltr'><strong>praesentia</strong></span> <span class='ocrx_word' id='word_1_60' title='bbox 655 959 984 1013; x_wconf 76' lang='lat' dir='ltr'><strong>excitabatur</strong></span> <span class='ocrx_word' id='word_1_61' title='bbox 1006 967 1061 1010; x_wconf 89' lang='lat' dir='ltr'><strong>et</strong></span> <span class='ocrx_word' id='word_1_62' title='bbox 1081 957 1503 1010; x_wconf 90' lang='lat' dir='ltr'><strong>conlirmahatur</strong></span> <span class='ocrx_word' id='word_1_63' title='bbox 1521 955 1586 1009; x_wconf 91' lang='lat' dir='ltr'><strong>ad</strong></span> <span class='ocrx_word' id='word_1_64' title='bbox 1608 954 1792 1009; x_wconf 79' lang='lat' dir='ltr'><strong>futura</strong></span> 
     </span>
    </p>
   </div>
   <div class='ocr_carea' id='block_1_10' title="bbox 216 1048 544 1102">
    <p class='ocr_par' dir='ltr' id='par_1_10' title="bbox 216 1048 544 1102">
     <span class='ocr_line' id='line_1_10' title="bbox 216 1048 544 1102; baseline -0.003 0"><span class='ocrx_word' id='word_1_65' title='bbox 216 1048 544 1102; x_wconf 80' lang='lat' dir='ltr'><strong>certamina.</strong></span> 
     </span>
    </p>
   </div>
   <div class='ocr_carea' id='block_1_11' title="bbox 296 1137 1794 1208">
    <p class='ocr_par' dir='ltr' id='par_1_11' title="bbox 296 1137 1794 1208">
     <span class='ocr_line' id='line_1_11' title="bbox 296 1137 1794 1208; baseline 0.003 -17"><span class='ocrx_word' id='word_1_66' title='bbox 296 1137 440 1191; x_wconf 73' lang='lat' dir='ltr'><strong>XIV.</strong></span> <span class='ocrx_word' id='word_1_67' title='bbox 484 1137 695 1192; x_wconf 88' lang='lat' dir='ltr'><strong>Interea</strong></span> <span class='ocrx_word' id='word_1_68' title='bbox 726 1154 854 1208; x_wconf 81' lang='lat' dir='ltr'><strong>ergo</strong></span> <span class='ocrx_word' id='word_1_69' title='bbox 881 1140 990 1207; x_wconf 88' lang='lat' dir='ltr'><strong>jam</strong></span> <span class='ocrx_word' id='word_1_70' title='bbox 1035 1156 1261 1196; x_wconf 88' lang='lat' dir='ltr'><strong>accensa</strong></span> <span class='ocrx_word' id='word_1_71' title='bbox 1293 1150 1410 1196; x_wconf 92' lang='lat' dir='ltr'><strong>erat</strong></span> <span class='ocrx_word' id='word_1_72' title='bbox 1455 1141 1643 1196; x_wconf 82' lang='lat' dir='ltr'><strong>fornax</strong></span> <span class='ocrx_word' id='word_1_73' title='bbox 1683 1157 1697 1196; x_wconf 91' lang='lat'><strong>:</strong></span> <span class='ocrx_word' id='word_1_74' title='bbox 1739 1150 1794 1196; x_wconf 90' lang='lat' dir='ltr'><strong>et</strong></span> 
     </span>
    </p>
   </div>
   <div class='ocr_carea' id='block_1_12' title="bbox 215 1230 1794 1302">
    <p class='ocr_par' dir='ltr' id='par_1_12' title="bbox 215 1230 1794 1302">
     <span class='ocr_line' id='line_1_12' title="bbox 215 1230 1794 1302; baseline 0.003 -21"><span class='ocrx_word' id='word_1_75' title='bbox 215 1245 445 1298; x_wconf 63' lang='lat' dir='ltr'><strong>prmses,</strong></span> <span class='ocrx_word' id='word_1_76' title='bbox 486 1230 710 1298; x_wconf 87' lang='lat' dir='ltr'><strong>abjectis</strong></span> <span class='ocrx_word' id='word_1_77' title='bbox 748 1231 869 1285; x_wconf 89' lang='lat' dir='ltr'><strong>aliis</strong></span> <span class='ocrx_word' id='word_1_78' title='bbox 895 1233 1058 1295; x_wconf 90' lang='lat' dir='ltr'><strong>curis,</strong></span> <span class='ocrx_word' id='word_1_79' title='bbox 1090 1247 1276 1286; x_wconf 87' lang='lat' dir='ltr'><strong>rursus</strong></span> <span class='ocrx_word' id='word_1_80' title='bbox 1313 1233 1564 1301; x_wconf 85' lang='lat' dir='ltr'><strong>producit</strong></span> <span class='ocrx_word' id='word_1_81' title='bbox 1594 1243 1794 1302; x_wconf 82' lang='lat' dir='ltr'><strong>marty-</strong></span> 
     </span>
    </p>
   </div>
   <div class='ocr_carea' id='block_1_13' title="bbox 217 1318 1791 1380">
    <p class='ocr_par' dir='ltr' id='par_1_13' title="bbox 217 1318 1791 1380">
     <span class='ocr_line' id='line_1_13' title="bbox 217 1318 1791 1380; baseline 0.006 -12"><span class='ocrx_word' id='word_1_82' title='bbox 217 1331 337 1369; x_wconf 87' lang='lat' dir='ltr'><strong>rem</strong></span> <span class='ocrx_word' id='word_1_83' title='bbox 368 1319 433 1370; x_wconf 89' lang='lat' dir='ltr'><strong>ad</strong></span> <span class='ocrx_word' id='word_1_84' title='bbox 469 1318 720 1380; x_wconf 83' lang='lat' dir='ltr'><strong>tribunal,</strong></span> <span class='ocrx_word' id='word_1_85' title='bbox 751 1328 805 1374; x_wconf 87' lang='lat' dir='ltr'><strong>et</strong></span> <span class='ocrx_word' id='word_1_86' title='bbox 834 1320 961 1374; x_wconf 86' lang='lat' dir='ltr'><strong>dicit</strong></span> <span class='ocrx_word' id='word_1_87' title='bbox 993 1340 1006 1373; x_wconf 91' lang='lat'><strong>:</strong></span> <span class='ocrx_word' id='word_1_88' title='bbox 1041 1321 1209 1374; x_wconf 88' lang='lat' dir='ltr'><strong>Tanta</strong></span> <span class='ocrx_word' id='word_1_89' title='bbox 1247 1325 1471 1376; x_wconf 88' lang='lat' dir='ltr'><strong>omnino</strong></span> <span class='ocrx_word' id='word_1_90' title='bbox 1506 1334 1690 1377; x_wconf 81' lang='lat' dir='ltr'><strong>nostra</strong></span> <span class='ocrx_word' id='word_1_91' title='bbox 1739 1324 1791 1377; x_wconf 94' lang='lat' dir='ltr'><strong>in</strong></span> 
     </span>
    </p>
   </div>
   <div class='ocr_carea' id='block_1_14' title="bbox 218 1407 1793 1482">
    <p class='ocr_par' dir='ltr' id='par_1_14' title="bbox 218 1407 1793 1482">
     <span class='ocr_line' id='line_1_14' title="bbox 218 1407 1793 1482; baseline 0.008 -24"><span class='ocrx_word' id='word_1_92' title='bbox 218 1408 386 1460; x_wconf 85' lang='lat' dir='ltr'><strong>rebus</strong></span> <span class='ocrx_word' id='word_1_93' title='bbox 427 1407 661 1462; x_wconf 79' lang='lat' dir='ltr'><strong>maxime</strong></span> <span class='ocrx_word' id='word_1_94' title='bbox 712 1412 1030 1465; x_wconf 85' lang='lat' dir='ltr'><strong>necessariis</strong></span> <span class='ocrx_word' id='word_1_95' title='bbox 1077 1415 1380 1482; x_wconf 88' lang='lat' dir='ltr'><strong>occupatio,</strong></span> <span class='ocrx_word' id='word_1_96' title='bbox 1423 1423 1476 1468; x_wconf 93' lang='lat' dir='ltr'><strong>et</strong></span> <span class='ocrx_word' id='word_1_97' title='bbox 1538 1416 1793 1471; x_wconf 87' lang='lat' dir='ltr'><strong>diuturna</strong></span> 
     </span>
    </p>
   </div>
   <div class='ocr_carea' id='block_1_15' title="bbox 221 1497 1789 1573">
    <p class='ocr_par' dir='ltr' id='par_1_15' title="bbox 221 1497 1789 1573">
     <span class='ocr_line' id='line_1_15' title="bbox 221 1497 1789 1573; baseline 0.007 -24"><span class='ocrx_word' id='word_1_98' title='bbox 221 1497 278 1549; x_wconf 91' lang='lat' dir='ltr'><strong>in</strong></span> <span class='ocrx_word' id='word_1_99' title='bbox 318 1497 426 1550; x_wconf 88' lang='lat' dir='ltr'><strong>illis</strong></span> <span class='ocrx_word' id='word_1_100' title='bbox 461 1513 630 1562; x_wconf 90' lang='lat' dir='ltr'><strong>mora,</strong></span> <span class='ocrx_word' id='word_1_101' title='bbox 665 1503 1015 1568; x_wconf 66' lang='lat' dir='ltr'><strong>praebuerunt</strong></span> <span class='ocrx_word' id='word_1_102' title='bbox 1045 1513 1256 1573; x_wconf 87' lang='lat' dir='ltr'><strong>tempus</strong></span> <span class='ocrx_word' id='word_1_103' title='bbox 1305 1506 1528 1559; x_wconf 90' lang='lat' dir='ltr'><strong>ineundi</strong></span> <span class='ocrx_word' id='word_1_104' title='bbox 1574 1507 1789 1560; x_wconf 86' lang='lat' dir='ltr'><strong>consilii</strong></span> 
     </span>
    </p>
   </div>
   <div class='ocr_carea' id='block_1_16' title="bbox 217 1585 1793 1660">
    <p class='ocr_par' dir='ltr' id='par_1_16' title="bbox 217 1585 1793 1660">
     <span class='ocr_line' id='line_1_16' title="bbox 217 1585 1793 1660; baseline 0.008 -27"><span class='ocrx_word' id='word_1_105' title='bbox 217 1585 365 1650; x_wconf 89' lang='lat' dir='ltr'><strong>quod</strong></span> <span class='ocrx_word' id='word_1_106' title='bbox 401 1593 546 1638; x_wconf 80' lang='lat' dir='ltr'><strong>esset</strong></span> <span class='ocrx_word' id='word_1_107' title='bbox 593 1587 688 1640; x_wconf 89' lang='lat' dir='ltr'><strong>tibi</strong></span> <span class='ocrx_word' id='word_1_108' title='bbox 725 1588 877 1644; x_wconf 89' lang='lat' dir='ltr'><strong>utile.</strong></span> <span class='ocrx_word' id='word_1_109' title='bbox 933 1590 1027 1643; x_wconf 93' lang='lat' dir='ltr'><strong>Sin</strong></span> <span class='ocrx_word' id='word_1_110' title='bbox 1080 1591 1282 1652; x_wconf 91' lang='lat' dir='ltr'><strong>minus,</strong></span> <span class='ocrx_word' id='word_1_111' title='bbox 1318 1601 1372 1644; x_wconf 90' lang='lat' dir='ltr'><strong>tu</strong></span> <span class='ocrx_word' id='word_1_112' title='bbox 1420 1591 1586 1652; x_wconf 85' lang='lat' dir='ltr'><strong>vides,</strong></span> <span class='ocrx_word' id='word_1_113' title='bbox 1631 1608 1793 1660; x_wconf 90' lang='lat' dir='ltr'><strong>quam</strong></span> 
     </span>
    </p>
   </div>
   <div class='ocr_carea' id='block_1_17' title="bbox 221 1677 1794 1745">
    <p class='ocr_par' dir='ltr' id='par_1_17' title="bbox 221 1677 1794 1745">
     <span class='ocr_line' id='line_1_17' title="bbox 221 1677 1794 1745; baseline 0.004 -16"><span class='ocrx_word' id='word_1_114' title='bbox 221 1677 296 1729; x_wconf 86' lang='lat' dir='ltr'><strong>sit</strong></span> <span class='ocrx_word' id='word_1_115' title='bbox 339 1677 444 1729; x_wconf 89' lang='lat' dir='ltr'><strong>alta</strong></span> <span class='ocrx_word' id='word_1_116' title='bbox 478 1678 669 1733; x_wconf 81' lang='lat' dir='ltr'><strong>fornax</strong></span> <span class='ocrx_word' id='word_1_117' title='bbox 699 1698 712 1732; x_wconf 90' lang='lat'>:</span> <span class='ocrx_word' id='word_1_118' title='bbox 742 1681 877 1735; x_wconf 87' lang='lat' dir='ltr'><strong>nihil</strong></span> <span class='ocrx_word' id='word_1_119' title='bbox 911 1692 1086 1735; x_wconf 89' lang='lat' dir='ltr'><strong>tamen</strong></span> <span class='ocrx_word' id='word_1_120' title='bbox 1115 1683 1311 1745; x_wconf 85' lang='lat' dir='ltr'><strong>dicam,</strong></span> <span class='ocrx_word' id='word_1_121' title='bbox 1341 1683 1514 1736; x_wconf 90' lang='lat' dir='ltr'><strong>donec</strong></span> <span class='ocrx_word' id='word_1_122' title='bbox 1551 1683 1794 1738; x_wconf 88' lang='lat' dir='ltr'><strong>inconsi-</strong></span> 
     </span>
    </p>
   </div>
   <div class='ocr_carea' id='block_1_18' title="bbox 218 1767 1792 1833">
    <p class='ocr_par' dir='ltr' id='par_1_18' title="bbox 218 1767 1792 1833">
     <span class='ocr_line' id='line_1_18' title="bbox 218 1767 1792 1833; baseline 0.004 -12"><span class='ocrx_word' id='word_1_123' title='bbox 218 1767 410 1822; x_wconf 88' lang='lat' dir='ltr'><strong>derata</strong></span> <span class='ocrx_word' id='word_1_124' title='bbox 446 1767 560 1824; x_wconf 76' lang='lat' dir='ltr'><strong>hzec</strong></span> <span class='ocrx_word' id='word_1_125' title='bbox 594 1778 681 1823; x_wconf 90' lang='lat' dir='ltr'><strong>tua</strong></span> <span class='ocrx_word' id='word_1_126' title='bbox 712 1775 1012 1828; x_wconf 81' lang='lat' dir='ltr'><strong>constantia</strong></span> <span class='ocrx_word' id='word_1_127' title='bbox 1058 1772 1319 1833; x_wconf 82' lang='lat' dir='ltr'><strong>eﬂ‘ecerit.</strong></span> <span class='ocrx_word' id='word_1_128' title='bbox 1363 1782 1418 1826; x_wconf 87' lang='lat' dir='ltr'><strong>ut</strong></span> <span class='ocrx_word' id='word_1_129' title='bbox 1463 1781 1513 1826; x_wconf 88' lang='lat' dir='ltr'><strong>te</strong></span> <span class='ocrx_word' id='word_1_130' title='bbox 1565 1775 1792 1827; x_wconf 90' lang='lat' dir='ltr'><strong>multum</strong></span> 
     </span>
    </p>
   </div>
   <div class='ocr_carea' id='block_1_19' title="bbox 1889 581 3458 653">
    <p class='ocr_par' dir='ltr' id='par_1_19' title="bbox 1889 581 3458 653">
     <span class='ocr_line' id='line_1_19' title="bbox 1889 581 3458 653; baseline -0.008 -11"><span class='ocrx_word' id='word_1_131' title='bbox 1889 587 2145 652; x_wconf 73' lang='lat' dir='ltr'><strong>Dixisses,</strong></span> <span class='ocrx_word' id='word_1_132' title='bbox 2183 589 2226 642; x_wconf 88' lang='lat' dir='ltr'><strong>si</strong></span> <span class='ocrx_word' id='word_1_133' title='bbox 2259 586 2505 650; x_wconf 87' lang='lat' dir='ltr'><strong>vidisses,</strong></span> <span class='ocrx_word' id='word_1_134' title='bbox 2547 601 2669 639; x_wconf 90' lang='lat' dir='ltr'><strong>eum</strong></span> <span class='ocrx_word' id='word_1_135' title='bbox 2715 583 2962 653; x_wconf 83' lang='lat' dir='ltr'><strong>amplecti</strong></span> <span class='ocrx_word' id='word_1_136' title='bbox 3018 582 3160 634; x_wconf 90' lang='lat' dir='ltr'><strong>illius</strong></span> <span class='ocrx_word' id='word_1_137' title='bbox 3217 581 3458 647; x_wconf 81' lang='lat' dir='ltr'><strong>vestigia.</strong></span> 
     </span>
    </p>
   </div>
   <div class='ocr_carea' id='block_1_20' title="bbox 1889 673 3462 738">
    <p class='ocr_par' dir='ltr' id='par_1_20' title="bbox 1889 673 3462 738">
     <span class='ocr_line' id='line_1_20' title="bbox 1889 673 3462 738; baseline -0.01 -5"><span class='ocrx_word' id='word_1_138' title='bbox 1889 679 2096 734; x_wconf 83' lang='lat' dir='ltr'><strong>Pardus</strong></span> <span class='ocrx_word' id='word_1_139' title='bbox 2126 687 2304 731; x_wconf 90' lang='lat' dir='ltr'><strong>autem</strong></span> <span class='ocrx_word' id='word_1_140' title='bbox 2333 678 2471 732; x_wconf 90' lang='lat' dir='ltr'><strong>lenis</strong></span> <span class='ocrx_word' id='word_1_141' title='bbox 2488 687 2543 730; x_wconf 90' lang='lat' dir='ltr'><strong>et</strong></span> <span class='ocrx_word' id='word_1_142' title='bbox 2594 685 2926 738; x_wconf 83' lang='lat' dir='ltr'><strong>mansuetus,</strong></span> <span class='ocrx_word' id='word_1_143' title='bbox 2959 673 3014 725; x_wconf 93' lang='lat' dir='ltr'><strong>in</strong></span> <span class='ocrx_word' id='word_1_144' title='bbox 3053 673 3168 737; x_wconf 88' lang='lat' dir='ltr'><strong>ejus</strong></span> <span class='ocrx_word' id='word_1_145' title='bbox 3205 673 3462 726; x_wconf 83' lang='lat' dir='ltr'><strong>humeros</strong></span> 
     </span>
    </p>
   </div>
   <div class='ocr_carea' id='block_1_21' title="bbox 1889 761 3465 834">
    <p class='ocr_par' dir='ltr' id='par_1_21' title="bbox 1889 761 3465 834">
     <span class='ocr_line' id='line_1_21' title="bbox 1889 761 3465 834; baseline -0.007 -11"><span class='ocrx_word' id='word_1_146' title='bbox 1889 770 2212 823; x_wconf 83' lang='lat' dir='ltr'><strong>citra.ullam</strong></span> <span class='ocrx_word' id='word_1_147' title='bbox 2242 769 2486 822; x_wconf 89' lang='lat' dir='ltr'><strong>insiliens</strong></span> <span class='ocrx_word' id='word_1_148' title='bbox 2514 767 2842 827; x_wconf 84' lang='lat' dir='ltr'><strong>molestiam,</strong></span> <span class='ocrx_word' id='word_1_149' title='bbox 2890 766 3066 834; x_wconf 79' lang='lat' dir='ltr'><strong>lingua</strong></span> <span class='ocrx_word' id='word_1_150' title='bbox 3121 761 3465 831; x_wconf 82' lang='lat' dir='ltr'><strong>abstergebat</strong></span> 
     </span>
    </p>
   </div>
   <div class='ocr_carea' id='block_1_22' title="bbox 1889 853 3460 932">
    <p class='ocr_par' dir='ltr' id='par_1_22' title="bbox 1889 853 3460 932">
     <span class='ocr_line' id='line_1_22' title="bbox 1889 853 3460 932; baseline -0.01 -15"><span class='ocrx_word' id='word_1_151' title='bbox 1889 863 2008 932; x_wconf 90' lang='lat' dir='ltr'><strong>ejus</strong></span> <span class='ocrx_word' id='word_1_152' title='bbox 2040 862 2314 920; x_wconf 88' lang='lat' dir='ltr'><strong>sudorem.</strong></span> <span class='ocrx_word' id='word_1_153' title='bbox 2339 869 2393 913; x_wconf 89' lang='lat' dir='ltr'><strong>et</strong></span> <span class='ocrx_word' id='word_1_154' title='bbox 2427 875 2550 913; x_wconf 91' lang='lat' dir='ltr'><strong>eum</strong></span> <span class='ocrx_word' id='word_1_155' title='bbox 2581 857 2942 913; x_wconf 85' lang='lat' dir='ltr'><strong>demulcebat.</strong></span> <span class='ocrx_word' id='word_1_156' title='bbox 2992 853 3210 923; x_wconf 83' lang='lat' dir='ltr'><strong>perinde</strong></span> <span class='ocrx_word' id='word_1_157' title='bbox 3249 867 3309 904; x_wconf 89' lang='lat' dir='ltr'><strong>ac</strong></span> <span class='ocrx_word' id='word_1_158' title='bbox 3337 867 3460 904; x_wconf 88' lang='lat' dir='ltr'><strong>eum</strong></span> 
     </span>
    </p>
   </div>
   <div class='ocr_carea' id='block_1_23' title="bbox 1891 945 3466 1022">
    <p class='ocr_par' dir='ltr' id='par_1_23' title="bbox 1891 945 3466 1022">
     <span class='ocr_line' id='line_1_23' title="bbox 1891 945 3466 1022; baseline -0.011 -9"><span class='ocrx_word' id='word_1_159' title='bbox 1891 956 2175 1016; x_wconf 81' lang='lat' dir='ltr'><strong>deliniens,</strong></span> <span class='ocrx_word' id='word_1_160' title='bbox 2205 963 2258 1008; x_wconf 90' lang='lat' dir='ltr'><strong>et</strong></span> <span class='ocrx_word' id='word_1_161' title='bbox 2287 968 2428 1022; x_wconf 62' lang='lat' dir='ltr'><strong>aegre</strong></span> <span class='ocrx_word' id='word_1_162' title='bbox 2458 951 2634 1006; x_wconf 83' lang='lat' dir='ltr'><strong>ferens</strong></span> <span class='ocrx_word' id='word_1_163' title='bbox 2657 966 2715 1004; x_wconf 93' lang='lat' dir='ltr'><strong>ea</strong></span> <span class='ocrx_word' id='word_1_164' title='bbox 2747 964 2867 1018; x_wconf 66' lang='lat' dir='ltr'><strong>quae</strong></span> <span class='ocrx_word' id='word_1_165' title='bbox 2897 949 3223 1017; x_wconf 87' lang='lat' dir='ltr'><strong>patiebatur.</strong></span> <span class='ocrx_word' id='word_1_166' title='bbox 3257 945 3326 1001; x_wconf 85' lang='lat' dir='ltr'><strong>Et</strong></span> <span class='ocrx_word' id='word_1_167' title='bbox 3346 959 3466 1012; x_wconf 73' lang='lat' dir='ltr'><strong>quae</strong></span> 
     </span>
    </p>
   </div>
   <div class='ocr_carea' id='block_1_24' title="bbox 1890 1035 3466 1119">
    <p class='ocr_par' dir='ltr' id='par_1_24' title="bbox 1890 1035 3466 1119">
     <span class='ocr_line' id='line_1_24' title="bbox 1890 1035 3466 1119; baseline -0.011 -15"><span class='ocrx_word' id='word_1_168' title='bbox 1890 1066 1919 1104; x_wconf 91' lang='lat' dir='ltr'><strong>a</strong></span> <span class='ocrx_word' id='word_1_169' title='bbox 1936 1048 2165 1119; x_wconf 68' lang='lat' dir='ltr'><strong>prmsidc</strong></span> <span class='ocrx_word' id='word_1_170' title='bbox 2177 1045 2393 1114; x_wconf 88' lang='lat' dir='ltr'><strong>quidem</strong></span> <span class='ocrx_word' id='word_1_171' title='bbox 2415 1044 2667 1096; x_wconf 70' lang='lat' dir='ltr'><strong>immissa:</strong></span> <span class='ocrx_word' id='word_1_172' title='bbox 2687 1049 2811 1094; x_wconf 87' lang='lat' dir='ltr'><strong>sunt</strong></span> <span class='ocrx_word' id='word_1_173' title='bbox 2829 1039 3034 1102; x_wconf 68' lang='lat' dir='ltr'><strong>bestiae,</strong></span> <span class='ocrx_word' id='word_1_174' title='bbox 3061 1037 3159 1097; x_wconf 88' lang='lat' dir='ltr'><strong>sic,</strong></span> <span class='ocrx_word' id='word_1_175' title='bbox 3182 1045 3239 1088; x_wconf 89' lang='lat' dir='ltr'><strong>ut</strong></span> <span class='ocrx_word' id='word_1_176' title='bbox 3254 1035 3466 1109; x_wconf 79' lang='lat' dir='ltr'><strong>videtis,</strong></span> 
     </span>
    </p>
   </div>
   <div class='ocr_carea' id='block_1_25' title="bbox 1891 1128 3466 1196">
    <p class='ocr_par' dir='ltr' id='par_1_25' title="bbox 1891 1128 3466 1196">
     <span class='ocr_line' id='line_1_25' title="bbox 1891 1128 3466 1196; baseline -0.01 0"><span class='ocrx_word' id='word_1_177' title='bbox 1891 1157 2072 1196; x_wconf 89' lang='lat' dir='ltr'><strong>meum</strong></span> <span class='ocrx_word' id='word_1_178' title='bbox 2108 1148 2409 1194; x_wconf 85' lang='lat' dir='ltr'><strong>tractarunt</strong></span> <span class='ocrx_word' id='word_1_179' title='bbox 2440 1138 2719 1190; x_wconf 79' lang='lat' dir='ltr'><strong>athletam.</strong></span> <span class='ocrx_word' id='word_1_180' title='bbox 2752 1133 2856 1186; x_wconf 90' lang='lat' dir='ltr'><strong>Sed</strong></span> <span class='ocrx_word' id='word_1_181' title='bbox 2890 1149 2996 1184; x_wconf 89' lang='lat' dir='ltr'><strong>non</strong></span> <span class='ocrx_word' id='word_1_182' title='bbox 3028 1131 3108 1184; x_wconf 87' lang='lat' dir='ltr'><strong>sic</strong></span> <span class='ocrx_word' id='word_1_183' title='bbox 3135 1131 3240 1194; x_wconf 90' lang='lat' dir='ltr'><strong>leo,</strong></span> <span class='ocrx_word' id='word_1_184' title='bbox 3271 1128 3362 1196; x_wconf 88' lang='lat' dir='ltr'><strong>qui</strong></span> <span class='ocrx_word' id='word_1_185' title='bbox 3400 1131 3466 1182; x_wconf 90' lang='lat' dir='ltr'><strong>ab</strong></span> 
     </span>
    </p>
   </div>
   <div class='ocr_carea' id='block_1_26' title="bbox 1892 1219 3464 1302">
    <p class='ocr_par' dir='ltr' id='par_1_26' title="bbox 1892 1219 3464 1302">
     <span class='ocr_line' id='line_1_26' title="bbox 1892 1219 3464 1302; baseline -0.013 -13"><span class='ocrx_word' id='word_1_186' title='bbox 1892 1235 1984 1289; x_wconf 89' lang='lat' dir='ltr'><strong>illo</strong></span> <span class='ocrx_word' id='word_1_187' title='bbox 2017 1235 2227 1302; x_wconf 87' lang='lat' dir='ltr'><strong>signum</strong></span> <span class='ocrx_word' id='word_1_188' title='bbox 2271 1228 2498 1296; x_wconf 84' lang='lat' dir='ltr'><strong>accepit,</strong></span> <span class='ocrx_word' id='word_1_189' title='bbox 2555 1241 2712 1295; x_wconf 84' lang='lat' dir='ltr'><strong>quem</strong></span> <span class='ocrx_word' id='word_1_190' title='bbox 2757 1225 2870 1292; x_wconf 85' lang='lat' dir='ltr'><strong>ipse</strong></span> <span class='ocrx_word' id='word_1_191' title='bbox 2920 1219 3150 1272; x_wconf 79' lang='lat' dir='ltr'><strong>armavit</strong></span> <span class='ocrx_word' id='word_1_192' title='bbox 3201 1220 3464 1272; x_wconf 87' lang='lat' dir='ltr'><strong>adversus</strong></span> 
     </span>
    </p>
   </div>
   <div class='ocr_carea' id='block_1_27' title="bbox 1893 1309 3468 1396">
    <p class='ocr_par' dir='ltr' id='par_1_27' title="bbox 1893 1309 3468 1396">
     <span class='ocr_line' id='line_1_27' title="bbox 1893 1309 3468 1396; baseline -0.013 -16"><span class='ocrx_word' id='word_1_193' title='bbox 1893 1327 2112 1396; x_wconf 91' lang='lat' dir='ltr'><strong>impios,</strong></span> <span class='ocrx_word' id='word_1_194' title='bbox 2146 1335 2200 1377; x_wconf 91' lang='lat' dir='ltr'><strong>ut</strong></span> <span class='ocrx_word' id='word_1_195' title='bbox 2241 1323 2391 1390; x_wconf 86' lang='lat' dir='ltr'><strong>prius</strong></span> <span class='ocrx_word' id='word_1_196' title='bbox 2447 1319 2702 1373; x_wconf 73' lang='lat' dir='ltr'><strong>diximus.</strong></span> <span class='ocrx_word' id='word_1_197' title='bbox 2750 1314 2884 1367; x_wconf 82' lang='lat' dir='ltr'><strong>Nam</strong></span> <span class='ocrx_word' id='word_1_198' title='bbox 2920 1310 3173 1364; x_wconf 89' lang='lat' dir='ltr'><strong>dentibus</strong></span> <span class='ocrx_word' id='word_1_199' title='bbox 3210 1309 3468 1369; x_wconf 88' lang='lat' dir='ltr'><strong>stridens,</strong></span> 
     </span>
    </p>
   </div>
   <div class='ocr_carea' id='block_1_28' title="bbox 1893 1403 3470 1484">
    <p class='ocr_par' dir='ltr' id='par_1_28' title="bbox 1893 1403 3470 1484">
     <span class='ocr_line' id='line_1_28' title="bbox 1893 1403 3470 1484; baseline -0.015 -12"><span class='ocrx_word' id='word_1_200' title='bbox 1893 1428 1948 1473; x_wconf 90' lang='lat' dir='ltr'><strong>et</strong></span> <span class='ocrx_word' id='word_1_201' title='bbox 1980 1418 2113 1470; x_wconf 91' lang='lat' dir='ltr'><strong>iram</strong></span> <span class='ocrx_word' id='word_1_202' title='bbox 2152 1416 2383 1484; x_wconf 87' lang='lat' dir='ltr'><strong>spirans,</strong></span> <span class='ocrx_word' id='word_1_203' title='bbox 2421 1424 2648 1479; x_wconf 88' lang='lat' dir='ltr'><strong>propere</strong></span> <span class='ocrx_word' id='word_1_204' title='bbox 2682 1403 2959 1462; x_wconf 78' lang='lat' dir='ltr'><strong>descendit</strong></span> <span class='ocrx_word' id='word_1_205' title='bbox 2985 1404 3051 1456; x_wconf 91' lang='lat' dir='ltr'><strong>de</strong></span> <span class='ocrx_word' id='word_1_206' title='bbox 3080 1411 3262 1454; x_wconf 89' lang='lat' dir='ltr'><strong>monte</strong></span> <span class='ocrx_word' id='word_1_207' title='bbox 3299 1417 3312 1452; x_wconf 89' lang='lat'><strong>:</strong></span> <span class='ocrx_word' id='word_1_208' title='bbox 3345 1414 3470 1452; x_wconf 91' lang='lat' dir='ltr'><strong>cum</strong></span> 
     </span>
    </p>
   </div>
   <div class='ocr_carea' id='block_1_29' title="bbox 1893 1494 3475 1565">
    <p class='ocr_par' dir='ltr' id='par_1_29' title="bbox 1893 1494 3475 1565">
     <span class='ocr_line' id='line_1_29' title="bbox 1893 1494 3475 1565; baseline -0.013 -2"><span class='ocrx_word' id='word_1_209' title='bbox 1893 1507 2269 1564; x_wconf 88' lang='lat' dir='ltr'><strong>conturbasset</strong></span> <span class='ocrx_word' id='word_1_210' title='bbox 2304 1505 2597 1561; x_wconf 86' lang='lat' dir='ltr'><strong>theatrum,</strong></span> <span class='ocrx_word' id='word_1_211' title='bbox 2636 1510 2690 1552; x_wconf 88' lang='lat' dir='ltr'><strong>et</strong></span> <span class='ocrx_word' id='word_1_212' title='bbox 2721 1499 2772 1550; x_wconf 91' lang='lat' dir='ltr'><strong>in</strong></span> <span class='ocrx_word' id='word_1_213' title='bbox 2815 1505 2992 1565; x_wconf 89' lang='lat' dir='ltr'><strong>partes</strong></span> <span class='ocrx_word' id='word_1_214' title='bbox 3027 1494 3370 1555; x_wconf 87' lang='lat' dir='ltr'><strong>dissecasset,</strong></span> <span class='ocrx_word' id='word_1_215' title='bbox 3408 1505 3475 1544; x_wconf 78' lang='lat' dir='ltr'><strong>ex</strong></span> 
     </span>
    </p>
   </div>
   <div class='ocr_carea' id='block_1_30' title="bbox 1894 1583 3471 1670">
    <p class='ocr_par' dir='ltr' id='par_1_30' title="bbox 1894 1583 3471 1670">
     <span class='ocr_line' id='line_1_30' title="bbox 1894 1583 3471 1670; baseline -0.016 -12"><span class='ocrx_word' id='word_1_216' title='bbox 1894 1604 1972 1658; x_wconf 90' lang='lat' dir='ltr'><strong>eis</strong></span> <span class='ocrx_word' id='word_1_217' title='bbox 2007 1599 2221 1670; x_wconf 88' lang='lat' dir='ltr'><strong>quidem</strong></span> <span class='ocrx_word' id='word_1_218' title='bbox 2255 1597 2455 1650; x_wconf 87' lang='lat' dir='ltr'><strong>multos</strong></span> <span class='ocrx_word' id='word_1_219' title='bbox 2485 1591 2770 1660; x_wconf 85' lang='lat' dir='ltr'><strong>discerpsit</strong></span> <span class='ocrx_word' id='word_1_220' title='bbox 2799 1588 3056 1643; x_wconf 87' lang='lat' dir='ltr'><strong>dentibus</strong></span> <span class='ocrx_word' id='word_1_221' title='bbox 3094 1592 3148 1636; x_wconf 91' lang='lat' dir='ltr'><strong>et</strong></span> <span class='ocrx_word' id='word_1_222' title='bbox 3179 1583 3471 1650; x_wconf 86' lang='lat' dir='ltr'><strong>unguibus.</strong></span> 
     </span>
    </p>
   </div>
   <div class='ocr_carea' id='block_1_31' title="bbox 1896 1672 3475 1763">
    <p class='ocr_par' dir='ltr' id='par_1_31' title="bbox 1896 1672 3475 1763">
     <span class='ocr_line' id='line_1_31' title="bbox 1896 1672 3475 1763; baseline -0.017 -14"><span class='ocrx_word' id='word_1_223' title='bbox 1896 1695 2013 1762; x_wconf 83' lang='lat' dir='ltr'><strong>Quo</strong></span> <span class='ocrx_word' id='word_1_224' title='bbox 2065 1691 2283 1763; x_wconf 85' lang='lat' dir='ltr'><strong>quidem</strong></span> <span class='ocrx_word' id='word_1_225' title='bbox 2351 1697 2595 1755; x_wconf 89' lang='lat' dir='ltr'><strong>tempore</strong></span> <span class='ocrx_word' id='word_1_226' title='bbox 2670 1677 3087 1736; x_wconf 85' lang='lat' dir='ltr'><strong>innumerabilis</strong></span> <span class='ocrx_word' id='word_1_227' title='bbox 3181 1672 3475 1727; x_wconf 92' lang='lat' dir='ltr'><strong>multitudo</strong></span> 
     </span>
    </p>
   </div>
   <div class='ocr_carea' id='block_1_32' title="bbox 1899 1771 3479 1850">
    <p class='ocr_par' dir='ltr' id='par_1_32' title="bbox 1899 1771 3479 1850">
     <span class='ocr_line' id='line_1_32' title="bbox 1899 1771 3479 1850; baseline -0.016 -10"><span class='ocrx_word' id='word_1_228' title='bbox 1899 1786 2220 1850; x_wconf 71' lang='lat' dir='ltr'><strong>inﬁdelium,</strong></span> <span class='ocrx_word' id='word_1_229' title='bbox 2287 1779 2650 1847; x_wconf 87' lang='lat' dir='ltr'><strong>intelligentes</strong></span> <span class='ocrx_word' id='word_1_230' title='bbox 2717 1775 2970 1827; x_wconf 78' lang='lat' dir='ltr'><strong>virtutem</strong></span> <span class='ocrx_word' id='word_1_231' title='bbox 3037 1771 3297 1829; x_wconf 81' lang='lat' dir='ltr'><strong>divinam,</strong></span> <span class='ocrx_word' id='word_1_232' title='bbox 3361 1778 3479 1832; x_wconf 71' lang='lat' dir='ltr'><strong>qua:</strong></span> 
     </span>
    </p>
   </div>
   <div class='ocr_carea' id='block_1_33' title="bbox 221 1845 1805 1941">
    <p class='ocr_par' dir='ltr' id='par_1_33' title="bbox 221 1858 1792 1934">
     <span class='ocr_line' id='line_1_33' title="bbox 221 1858 1792 1934; baseline 0.004 -21"><span class='ocrx_word' id='word_1_233' title='bbox 221 1858 496 1928; x_wconf 84' lang='lat' dir='ltr'><strong>deplores.</strong></span> <span class='ocrx_word' id='word_1_234' title='bbox 546 1861 636 1915; x_wconf 95' lang='lat' dir='ltr'><strong>Ille</strong></span> <span class='ocrx_word' id='word_1_235' title='bbox 664 1871 846 1916; x_wconf 88' lang='lat' dir='ltr'><strong>autem</strong></span> <span class='ocrx_word' id='word_1_236' title='bbox 879 1863 960 1916; x_wconf 86' lang='lat' dir='ltr'><strong>vir</strong></span> <span class='ocrx_word' id='word_1_237' title='bbox 985 1865 1230 1934; x_wconf 86' lang='lat' dir='ltr'><strong>egregius</strong></span> <span class='ocrx_word' id='word_1_238' title='bbox 1258 1884 1269 1916; x_wconf 90' lang='lat'><strong>:</strong></span> <span class='ocrx_word' id='word_1_239' title='bbox 1297 1865 1416 1918; x_wconf 80' lang='lat' dir='ltr'><strong>Jam</strong></span> <span class='ocrx_word' id='word_1_240' title='bbox 1449 1867 1564 1930; x_wconf 88' lang='lat' dir='ltr'><strong>tibi,</strong></span> <span class='ocrx_word' id='word_1_241' title='bbox 1598 1882 1629 1918; x_wconf 90' lang='lat' dir='ltr'><strong>o</strong></span> <span class='ocrx_word' id='word_1_242' title='bbox 1656 1883 1792 1934; x_wconf 85' lang='lat' dir='ltr'><strong>prae-</strong></span> 
     </span>
    </p>
   </div>
   <div class='ocr_carea' id='block_1_34' title="bbox 1904 1845 3476 1941">
    <p class='ocr_par' dir='ltr' id='par_1_34' title="bbox 1904 1845 3476 1941">
     <span class='ocr_line' id='line_1_34' title="bbox 1904 1845 3476 1941; baseline -0.018 -9"><span class='ocrx_word' id='word_1_243' title='bbox 1904 1845 2012 1932; x_wconf 81' lang='lat' dir='ltr'><strong>erat</strong></span> <span class='ocrx_word' id='word_1_244' title='bbox 2045 1877 2096 1929; x_wconf 93' lang='lat' dir='ltr'><strong>in</strong></span> <span class='ocrx_word' id='word_1_245' title='bbox 2129 1885 2384 1941; x_wconf 76' lang='lat' dir='ltr'><strong>martyre,</strong></span> <span class='ocrx_word' id='word_1_246' title='bbox 2417 1871 2534 1938; x_wconf 89' lang='lat' dir='ltr'><strong>ejus</strong></span> <span class='ocrx_word' id='word_1_247' title='bbox 2581 1868 2745 1921; x_wconf 85' lang='lat' dir='ltr'><strong>Deum</strong></span> <span class='ocrx_word' id='word_1_248' title='bbox 2791 1864 3072 1934; x_wconf 79' lang='lat' dir='ltr'><strong>magniﬁce</strong></span> <span class='ocrx_word' id='word_1_249' title='bbox 3125 1857 3476 1914; x_wconf 79' lang='lat' dir='ltr'><strong>extollebant.</strong></span> 
     </span>
    </p>
   </div>
   <div class='ocr_carea' id='block_1_35' title="bbox 221 1953 1795 2021">
    <p class='ocr_par' dir='ltr' id='par_1_35' title="bbox 221 1953 1795 2021">
     <span class='ocr_line' id='line_1_35' title="bbox 221 1953 1795 2021; baseline 0.004 -17"><span class='ocrx_word' id='word_1_250' title='bbox 221 1964 335 2011; x_wconf 87' lang='lat' dir='ltr'><strong>ses,</strong></span> <span class='ocrx_word' id='word_1_251' title='bbox 372 1953 524 2020; x_wconf 87' lang='lat' dir='ltr'><strong>prius</strong></span> <span class='ocrx_word' id='word_1_252' title='bbox 548 1966 720 2004; x_wconf 89' lang='lat' dir='ltr'><strong>meam</strong></span> <span class='ocrx_word' id='word_1_253' title='bbox 757 1953 942 2021; x_wconf 87' lang='lat' dir='ltr'><strong>aperui</strong></span> <span class='ocrx_word' id='word_1_254' title='bbox 982 1954 1342 2019; x_wconf 88' lang='lat' dir='ltr'><strong>sententiam;</strong></span> <span class='ocrx_word' id='word_1_255' title='bbox 1369 1971 1466 2009; x_wconf 92' lang='lat' dir='ltr'><strong>cur</strong></span> <span class='ocrx_word' id='word_1_256' title='bbox 1506 1957 1571 2010; x_wconf 87' lang='lat' dir='ltr'><strong>de</strong></span> <span class='ocrx_word' id='word_1_257' title='bbox 1608 1955 1795 2010; x_wconf 86' lang='lat' dir='ltr'><strong>iisdem</strong></span> 
     </span>
    </p>
   </div>
   <div class='ocr_carea' id='block_1_36' title="bbox 225 2042 1794 2116">
    <p class='ocr_par' dir='ltr' id='par_1_36' title="bbox 225 2042 1794 2116">
     <span class='ocr_line' id='line_1_36' title="bbox 225 2042 1794 2116; baseline 0.004 -23"><span class='ocrx_word' id='word_1_258' title='bbox 225 2043 389 2095; x_wconf 89' lang='lat' dir='ltr'><strong>rebus</strong></span> <span class='ocrx_word' id='word_1_259' title='bbox 418 2042 508 2094; x_wconf 89' lang='lat' dir='ltr'><strong>tibi</strong></span> <span class='ocrx_word' id='word_1_260' title='bbox 546 2057 734 2096; x_wconf 88' lang='lat' dir='ltr'><strong>rursus</strong></span> <span class='ocrx_word' id='word_1_261' title='bbox 763 2044 984 2099; x_wconf 77' lang='lat' dir='ltr'><strong>exhibes</strong></span> <span class='ocrx_word' id='word_1_262' title='bbox 1015 2048 1477 2115; x_wconf 79' lang='lat' dir='ltr'><strong>negotium?Cum</strong></span> <span class='ocrx_word' id='word_1_263' title='bbox 1505 2048 1794 2116; x_wconf 89' lang='lat' dir='ltr'><strong>inceperis,</strong></span> 
     </span>
    </p>
   </div>
   <div class='ocr_carea' id='block_1_37' title="bbox 225 2129 1796 2207">
    <p class='ocr_par' dir='ltr' id='par_1_37' title="bbox 225 2129 1796 2207">
     <span class='ocr_line' id='line_1_37' title="bbox 225 2129 1796 2207; baseline 0.003 -21"><span class='ocrx_word' id='word_1_264' title='bbox 225 2129 680 2202; x_wconf 45' lang='lat' dir='ltr'><strong>finem&#39;impone;</strong></span> <span class='ocrx_word' id='word_1_265' title='bbox 726 2151 792 2189; x_wconf 88' lang='lat' dir='ltr'><strong>ne</strong></span> <span class='ocrx_word' id='word_1_266' title='bbox 834 2136 1054 2190; x_wconf 73' lang='lat' dir='ltr'><strong>diﬁeras</strong></span> <span class='ocrx_word' id='word_1_267' title='bbox 1084 2153 1145 2191; x_wconf 89' lang='lat' dir='ltr'><strong>ea</strong></span> <span class='ocrx_word' id='word_1_268' title='bbox 1194 2155 1313 2207; x_wconf 80' lang='lat' dir='ltr'><strong>quae</strong></span> <span class='ocrx_word' id='word_1_269' title='bbox 1360 2140 1491 2192; x_wconf 91' lang='lat' dir='ltr'><strong>mihi</strong></span> <span class='ocrx_word' id='word_1_270' title='bbox 1523 2156 1579 2192; x_wconf 89' lang='lat' dir='ltr'><strong>es</strong></span> <span class='ocrx_word' id='word_1_271' title='bbox 1628 2143 1796 2191; x_wconf 89' lang='lat' dir='ltr'><strong>mina-</strong></span> 
     </span>
    </p>
   </div>
   <div class='ocr_carea' id='block_1_38' title="bbox 225 2224 1799 2297">
    <p class='ocr_par' dir='ltr' id='par_1_38' title="bbox 225 2224 1799 2297">
     <span class='ocr_line' id='line_1_38' title="bbox 225 2224 1799 2297; baseline 0.004 -21"><span class='ocrx_word' id='word_1_272' title='bbox 225 2233 336 2276; x_wconf 88' lang='lat' dir='ltr'><strong>tus.</strong></span> <span class='ocrx_word' id='word_1_273' title='bbox 377 2224 583 2280; x_wconf 77' lang='lat' dir='ltr'><strong>Praeses</strong></span> <span class='ocrx_word' id='word_1_274' title='bbox 643 2238 822 2282; x_wconf 86' lang='lat' dir='ltr'><strong>autem</strong></span> <span class='ocrx_word' id='word_1_275' title='bbox 873 2241 995 2282; x_wconf 87' lang='lat' dir='ltr'><strong>eum</strong></span> <span class='ocrx_word' id='word_1_276' title='bbox 1031 2229 1278 2297; x_wconf 87' lang='lat' dir='ltr'><strong>protinus</strong></span> <span class='ocrx_word' id='word_1_277' title='bbox 1331 2230 1571 2283; x_wconf 87' lang='lat' dir='ltr'><strong>immittit</strong></span> <span class='ocrx_word' id='word_1_278' title='bbox 1602 2231 1654 2283; x_wconf 91' lang='lat' dir='ltr'><strong>in</strong></span> <span class='ocrx_word' id='word_1_279' title='bbox 1690 2230 1799 2284; x_wconf 84' lang='lat' dir='ltr'><strong>lor-</strong></span> 
     </span>
    </p>
   </div>
   <div class='ocr_carea' id='block_1_39' title="bbox 221 2309 1802 2392">
    <p class='ocr_par' dir='ltr' id='par_1_39' title="bbox 221 2309 1802 2392">
     <span class='ocr_line' id='line_1_39' title="bbox 221 2309 1802 2392; baseline 0.006 -27"><span class='ocrx_word' id='word_1_280' title='bbox 221 2327 435 2369; x_wconf 89' lang='lat' dir='ltr'><strong>nacem.</strong></span> <span class='ocrx_word' id='word_1_281' title='bbox 489 2314 590 2370; x_wconf 91' lang='lat' dir='ltr'><strong>Sed</strong></span> <span class='ocrx_word' id='word_1_282' title='bbox 624 2318 714 2386; x_wconf 87' lang='lat' dir='ltr'><strong>qui</strong></span> <span class='ocrx_word' id='word_1_283' title='bbox 746 2320 949 2388; x_wconf 88' lang='lat' dir='ltr'><strong>pueris,</strong></span> <span class='ocrx_word' id='word_1_284' title='bbox 985 2319 1076 2389; x_wconf 91' lang='lat' dir='ltr'><strong>qui</strong></span> <span class='ocrx_word' id='word_1_285' title='bbox 1127 2331 1280 2374; x_wconf 89' lang='lat' dir='ltr'><strong>erant</strong></span> <span class='ocrx_word' id='word_1_286' title='bbox 1319 2309 1378 2374; x_wconf 67' lang='lat' dir='ltr'><strong>in&#39;</strong></span> <span class='ocrx_word' id='word_1_287' title='bbox 1407 2320 1644 2392; x_wconf 75' lang='lat' dir='ltr'><strong>Assyria.</strong></span> <span class='ocrx_word' id='word_1_288' title='bbox 1686 2321 1802 2375; x_wconf 81' lang='lat' dir='ltr'><strong>lor-</strong></span> 
     </span>
    </p>
   </div>
   <div class='ocr_carea' id='block_1_40' title="bbox 225 2407 1798 2482">
    <p class='ocr_par' dir='ltr' id='par_1_40' title="bbox 225 2407 1798 2482">
     <span class='ocr_line' id='line_1_40' title="bbox 225 2407 1798 2482; baseline 0.007 -24"><span class='ocrx_word' id='word_1_289' title='bbox 225 2420 417 2460; x_wconf 87' lang='lat' dir='ltr'><strong>nacem</strong></span> <span class='ocrx_word' id='word_1_290' title='bbox 447 2407 734 2476; x_wconf 84' lang='lat' dir='ltr'><strong>aliquando</strong></span> <span class='ocrx_word' id='word_1_291' title='bbox 768 2426 889 2464; x_wconf 90' lang='lat' dir='ltr'><strong>rore</strong></span> <span class='ocrx_word' id='word_1_292' title='bbox 919 2414 1150 2478; x_wconf 90' lang='lat' dir='ltr'><strong>aspersit</strong></span> <span class='ocrx_word' id='word_1_293' title='bbox 1182 2415 1344 2476; x_wconf 89' lang='lat' dir='ltr'><strong>Deus,</strong></span> <span class='ocrx_word' id='word_1_294' title='bbox 1383 2415 1426 2466; x_wconf 90' lang='lat' dir='ltr'><strong>is</strong></span> <span class='ocrx_word' id='word_1_295' title='bbox 1463 2414 1547 2467; x_wconf 92' lang='lat' dir='ltr'><strong>hic</strong></span> <span class='ocrx_word' id='word_1_296' title='bbox 1585 2431 1798 2482; x_wconf 83' lang='lat' dir='ltr'><strong>quoque</strong></span> 
     </span>
    </p>
   </div>
   <div class='ocr_carea' id='block_1_41' title="bbox 226 2496 1792 2574">
    <p class='ocr_par' dir='ltr' id='par_1_41' title="bbox 226 2496 1792 2574">
     <span class='ocr_line' id='line_1_41' title="bbox 226 2496 1792 2574; baseline 0.007 -26"><span class='ocrx_word' id='word_1_297' title='bbox 226 2496 439 2558; x_wconf 88' lang='lat' dir='ltr'><strong>aderat,</strong></span> <span class='ocrx_word' id='word_1_298' title='bbox 477 2497 731 2552; x_wconf 79' lang='lat' dir='ltr'><strong>auferens</strong></span> <span class='ocrx_word' id='word_1_299' title='bbox 771 2500 908 2568; x_wconf 81' lang='lat' dir='ltr'><strong>ignis</strong></span> <span class='ocrx_word' id='word_1_300' title='bbox 954 2503 1340 2570; x_wconf 86' lang='lat' dir='ltr'><strong>operationem.</strong></span> <span class='ocrx_word' id='word_1_301' title='bbox 1379 2505 1573 2574; x_wconf 84' lang='lat' dir='ltr'><strong>illartyr</strong></span> <span class='ocrx_word' id='word_1_302' title='bbox 1613 2516 1792 2560; x_wconf 89' lang='lat' dir='ltr'><strong>autem</strong></span> 
     </span>
    </p>
   </div>
   <div class='ocr_carea' id='block_1_42' title="bbox 227 2585 1794 2663">
    <p class='ocr_par' dir='ltr' id='par_1_42' title="bbox 227 2585 1794 2663">
     <span class='ocr_line' id='line_1_42' title="bbox 227 2585 1794 2663; baseline 0.011 -29"><span class='ocrx_word' id='word_1_303' title='bbox 227 2585 550 2638; x_wconf 84' lang='lat' dir='ltr'><strong>versabatur</strong></span> <span class='ocrx_word' id='word_1_304' title='bbox 602 2586 656 2639; x_wconf 89' lang='lat' dir='ltr'><strong>in</strong></span> <span class='ocrx_word' id='word_1_305' title='bbox 705 2586 941 2656; x_wconf 81' lang='lat' dir='ltr'><strong>ﬂamma,</strong></span> <span class='ocrx_word' id='word_1_306' title='bbox 996 2600 1247 2660; x_wconf 85' lang='lat' dir='ltr'><strong>tanquam</strong></span> <span class='ocrx_word' id='word_1_307' title='bbox 1292 2593 1345 2647; x_wconf 89' lang='lat' dir='ltr'><strong>in</strong></span> <span class='ocrx_word' id='word_1_308' title='bbox 1389 2604 1541 2663; x_wconf 87' lang='lat' dir='ltr'><strong>prato</strong></span> <span class='ocrx_word' id='word_1_309' title='bbox 1588 2595 1794 2656; x_wconf 86' lang='lat' dir='ltr'><strong>ﬂorido.</strong></span> 
     </span>
    </p>
   </div>
   <div class='ocr_carea' id='block_1_43' title="bbox 224 2674 1796 2752">
    <p class='ocr_par' dir='ltr' id='par_1_43' title="bbox 224 2674 1796 2752">
     <span class='ocr_line' id='line_1_43' title="bbox 224 2674 1796 2752; baseline 0.012 -24"><span class='ocrx_word' id='word_1_310' title='bbox 224 2674 367 2729; x_wconf 87' lang='lat' dir='ltr'><strong>Toto</strong></span> <span class='ocrx_word' id='word_1_311' title='bbox 418 2685 566 2731; x_wconf 90' lang='lat' dir='ltr'><strong>certe</strong></span> <span class='ocrx_word' id='word_1_312' title='bbox 604 2685 868 2749; x_wconf 88' lang='lat' dir='ltr'><strong>tempore.</strong></span> <span class='ocrx_word' id='word_1_313' title='bbox 913 2699 1024 2751; x_wconf 82' lang='lat' dir='ltr'><strong>quo</strong></span> <span class='ocrx_word' id='word_1_314' title='bbox 1052 2684 1104 2737; x_wconf 92' lang='lat' dir='ltr'><strong>in</strong></span> <span class='ocrx_word' id='word_1_315' title='bbox 1135 2685 1256 2752; x_wconf 83' lang='lat' dir='ltr'><strong>igne</strong></span> <span class='ocrx_word' id='word_1_316' title='bbox 1299 2698 1379 2741; x_wconf 83' lang='lat' dir='ltr'><strong>est</strong></span> <span class='ocrx_word' id='word_1_317' title='bbox 1416 2699 1673 2751; x_wconf 89' lang='lat' dir='ltr'><strong>moratus,</strong></span> <span class='ocrx_word' id='word_1_318' title='bbox 1711 2707 1796 2746; x_wconf 63' lang='lat' dir='ltr'><strong>cae</strong></span> 
     </span>
    </p>
   </div>
   <div class='ocr_carea' id='block_1_44' title="bbox 223 2766 1796 2848">
    <p class='ocr_par' dir='ltr' id='par_1_44' title="bbox 223 2766 1796 2848">
     <span class='ocr_line' id='line_1_44' title="bbox 223 2766 1796 2848; baseline 0.01 -28"><span class='ocrx_word' id='word_1_319' title='bbox 223 2767 392 2821; x_wconf 86' lang='lat' dir='ltr'><strong>nebat</strong></span> <span class='ocrx_word' id='word_1_320' title='bbox 426 2766 653 2836; x_wconf 85' lang='lat' dir='ltr'><strong>hymnos</strong></span> <span class='ocrx_word' id='word_1_321' title='bbox 703 2777 768 2826; x_wconf 88' lang='lat' dir='ltr'><strong>ad</strong></span> <span class='ocrx_word' id='word_1_322' title='bbox 817 2773 1003 2829; x_wconf 80' lang='lat' dir='ltr'><strong>Deum.</strong></span> <span class='ocrx_word' id='word_1_323' title='bbox 1053 2776 1228 2842; x_wconf 81' lang='lat' dir='ltr'><strong>Atque</strong></span> <span class='ocrx_word' id='word_1_324' title='bbox 1280 2788 1389 2831; x_wconf 90' lang='lat' dir='ltr'><strong>tres</strong></span> <span class='ocrx_word' id='word_1_325' title='bbox 1428 2781 1644 2848; x_wconf 87' lang='lat' dir='ltr'><strong>quidem</strong></span> <span class='ocrx_word' id='word_1_326' title='bbox 1679 2783 1796 2836; x_wconf 88' lang='lat' dir='ltr'><strong>dies</strong></span> 
     </span>
    </p>
   </div>
   <div class='ocr_carea' id='block_1_45' title="bbox 225 2861 1797 2927">
    <p class='ocr_par' dir='ltr' id='par_1_45' title="bbox 225 2861 1797 2927">
     <span class='ocr_line' id='line_1_45' title="bbox 225 2861 1797 2927; baseline 0.011 -17"><span class='ocrx_word' id='word_1_327' title='bbox 225 2873 352 2911; x_wconf 89' lang='lat' dir='ltr'><strong>eum</strong></span> <span class='ocrx_word' id='word_1_328' title='bbox 400 2861 569 2914; x_wconf 87' lang='lat' dir='ltr'><strong>tenuit</strong></span> <span class='ocrx_word' id='word_1_329' title='bbox 616 2861 827 2918; x_wconf 81' lang='lat' dir='ltr'><strong>l&#39;ornax.</strong></span> <span class='ocrx_word' id='word_1_330' title='bbox 865 2864 1068 2920; x_wconf 85' lang='lat' dir='ltr'><strong>Deinde</strong></span> <span class='ocrx_word' id='word_1_331' title='bbox 1112 2883 1232 2921; x_wconf 90' lang='lat' dir='ltr'><strong>cum</strong></span> <span class='ocrx_word' id='word_1_332' title='bbox 1267 2868 1478 2924; x_wconf 71' lang='lat' dir='ltr'><strong>flamma</strong></span> <span class='ocrx_word' id='word_1_333' title='bbox 1533 2885 1797 2927; x_wconf 84' lang='lat' dir='ltr'><strong>cessasset</strong></span> 
     </span>
    </p>
   </div>
   <div class='ocr_carea' id='block_1_46' title="bbox 223 2951 1788 3032">
    <p class='ocr_par' dir='ltr' id='par_1_46' title="bbox 223 2951 1788 3032">
     <span class='ocr_line' id='line_1_46' title="bbox 223 2951 1788 3032; baseline 0.011 -32"><span class='ocrx_word' id='word_1_334' title='bbox 223 2958 282 3001; x_wconf 88' lang='lat' dir='ltr'><strong>et</strong></span> <span class='ocrx_word' id='word_1_335' title='bbox 312 2957 497 3001; x_wconf 91' lang='lat' dir='ltr'><strong>essent</strong></span> <span class='ocrx_word' id='word_1_336' title='bbox 527 2952 580 3003; x_wconf 92' lang='lat' dir='ltr'><strong>in</strong></span> <span class='ocrx_word' id='word_1_337' title='bbox 607 2951 842 3007; x_wconf 87' lang='lat' dir='ltr'><strong>cinerem</strong></span> <span class='ocrx_word' id='word_1_338' title='bbox 881 2955 1126 3010; x_wconf 87' lang='lat' dir='ltr'><strong>dissoluti</strong></span> <span class='ocrx_word' id='word_1_339' title='bbox 1160 2957 1438 3023; x_wconf 81' lang='lat' dir='ltr'><strong>carbones,</strong></span> <span class='ocrx_word' id='word_1_340' title='bbox 1469 2961 1620 3030; x_wconf 86' lang='lat' dir='ltr'><strong>jubet</strong></span> <span class='ocrx_word' id='word_1_341' title='bbox 1651 2978 1788 3032; x_wconf 67' lang='lat' dir='ltr'><strong>pra:-</strong></span> 
     </span>
    </p>
   </div>
   <div class='ocr_carea' id='block_1_47' title="bbox 227 3039 1793 3134">
    <p class='ocr_par' dir='ltr' id='par_1_47' title="bbox 227 3039 1793 3134">
     <span class='ocr_line' id='line_1_47' title="bbox 227 3039 1793 3134; baseline 0.011 -42"><span class='ocrx_word' id='word_1_342' title='bbox 227 3053 320 3092; x_wconf 88' lang='lat' dir='ltr'><strong>ses</strong></span> <span class='ocrx_word' id='word_1_343' title='bbox 356 3039 654 3104; x_wconf 87' lang='lat' dir='ltr'><strong>lictoribus,</strong></span> <span class='ocrx_word' id='word_1_344' title='bbox 702 3052 758 3096; x_wconf 89' lang='lat' dir='ltr'><strong>ut</strong></span> <span class='ocrx_word' id='word_1_345' title='bbox 791 3044 1042 3110; x_wconf 81' lang='lat' dir='ltr'><strong>eﬂerant,</strong></span> <span class='ocrx_word' id='word_1_346' title='bbox 1075 3049 1119 3101; x_wconf 91' lang='lat' dir='ltr'><strong>si</strong></span> <span class='ocrx_word' id='word_1_347' title='bbox 1164 3051 1294 3117; x_wconf 86' lang='lat' dir='ltr'><strong>quid</strong></span> <span class='ocrx_word' id='word_1_348' title='bbox 1323 3052 1394 3134; x_wconf 66' lang='lat' dir='ltr'><strong>sit</strong></span> <span class='ocrx_word' id='word_1_349' title='bbox 1431 3053 1694 3122; x_wconf 85' lang='lat' dir='ltr'><strong>reliquum</strong></span> <span class='ocrx_word' id='word_1_350' title='bbox 1727 3071 1793 3110; x_wconf 82' lang='lat' dir='ltr'><strong>ex</strong></span> 
     </span>
    </p>
   </div>
   <div class='ocr_carea' id='block_1_48' title="bbox 1901 1946 3481 2046">
    <p class='ocr_par' dir='ltr' id='par_1_48' title="bbox 1901 1946 3481 2046">
     <span class='ocr_line' id='line_1_48' title="bbox 1901 1946 3481 2046; baseline -0.016 -23"><span class='ocrx_word' id='word_1_351' title='bbox 1901 1969 2042 2032; x_wconf 73' lang='lat' dir='ltr'><strong>llazc,</strong></span> <span class='ocrx_word' id='word_1_352' title='bbox 2077 1982 2194 2034; x_wconf 65' lang='lat' dir='ltr'><strong>qua:</strong></span> <span class='ocrx_word' id='word_1_353' title='bbox 2229 1966 2309 2018; x_wconf 90' lang='lat' dir='ltr'><strong>vel</strong></span> <span class='ocrx_word' id='word_1_354' title='bbox 2345 1964 2491 2031; x_wconf 88' lang='lat' dir='ltr'><strong>ipsos</strong></span> <span class='ocrx_word' id='word_1_355' title='bbox 2520 1967 2768 2030; x_wconf 89' lang='lat' dir='ltr'><strong>poterant</strong></span> <span class='ocrx_word' id='word_1_356' title='bbox 2851 1955 3058 2008; x_wconf 89' lang='lat' dir='ltr'><strong>mollire</strong></span> <span class='ocrx_word' id='word_1_357' title='bbox 3086 1951 3310 2021; x_wconf 84' lang='lat' dir='ltr'><strong>lapides,</strong></span> <span class='ocrx_word' id='word_1_358' title='bbox 3355 1946 3481 2046; x_wconf 72' lang='lat' dir='ltr'><strong>red-</strong></span> 
     </span>
    </p>
   </div>
   <div class='ocr_carea' id='block_1_49' title="bbox 1901 2049 3479 2129">
    <p class='ocr_par' dir='ltr' id='par_1_49' title="bbox 1901 2049 3479 2129">
     <span class='ocr_line' id='line_1_49' title="bbox 1901 2049 3479 2129; baseline -0.02 -11"><span class='ocrx_word' id='word_1_359' title='bbox 1901 2063 2098 2118; x_wconf 84' lang='lat' dir='ltr'><strong>debant</strong></span> <span class='ocrx_word' id='word_1_360' title='bbox 2143 2057 2424 2129; x_wconf 68' lang='lat' dir='ltr'><strong>prmsidem</strong></span> <span class='ocrx_word' id='word_1_361' title='bbox 2461 2053 2738 2106; x_wconf 89' lang='lat' dir='ltr'><strong>duriorem</strong></span> <span class='ocrx_word' id='word_1_362' title='bbox 2777 2068 2790 2103; x_wconf 89' lang='lat'><strong>:</strong></span> <span class='ocrx_word' id='word_1_363' title='bbox 2826 2058 2878 2102; x_wconf 93' lang='lat' dir='ltr'><strong>et</strong></span> <span class='ocrx_word' id='word_1_364' title='bbox 2930 2049 3140 2100; x_wconf 90' lang='lat' dir='ltr'><strong>ieonem</strong></span> <span class='ocrx_word' id='word_1_365' title='bbox 3191 2055 3377 2095; x_wconf 88' lang='lat' dir='ltr'><strong>rursus</strong></span> <span class='ocrx_word' id='word_1_366' title='bbox 3427 2051 3479 2088; x_wconf 84' lang='lat' dir='ltr'><strong>in</strong></span> 
     </span>
    </p>
   </div>
   <div class='ocr_carea' id='block_1_50' title="bbox 1900 2136 3480 2234">
    <p class='ocr_par' dir='ltr' id='par_1_50' title="bbox 1900 2136 3480 2234">
     <span class='ocr_line' id='line_1_50' title="bbox 1900 2136 3480 2234; baseline -0.019 -27"><span class='ocrx_word' id='word_1_367' title='bbox 1900 2148 2349 2223; x_wconf 89' lang='lat' dir='ltr'><strong>ipsumimmittit.</strong></span> <span class='ocrx_word' id='word_1_368' title='bbox 2377 2146 2468 2200; x_wconf 87' lang='lat' dir='ltr'><strong>llle</strong></span> <span class='ocrx_word' id='word_1_369' title='bbox 2501 2150 2971 2210; x_wconf 85' lang='lat' dir='ltr'><strong>autcm,quantum</strong></span> <span class='ocrx_word' id='word_1_370' title='bbox 2997 2136 3084 2204; x_wconf 89' lang='lat' dir='ltr'><strong>qui</strong></span> <span class='ocrx_word' id='word_1_371' title='bbox 3107 2137 3480 2234; x_wconf 70' lang='lat' dir='ltr'><strong>pneccsscrat,</strong></span> 
     </span>
    </p>
   </div>
   <div class='ocr_carea' id='block_1_51' title="bbox 1898 2233 3484 2314">
    <p class='ocr_par' dir='ltr' id='par_1_51' title="bbox 1898 2233 3484 2314">
     <span class='ocr_line' id='line_1_51' title="bbox 1898 2233 3484 2314; baseline -0.021 -12"><span class='ocrx_word' id='word_1_372' title='bbox 1898 2247 2159 2302; x_wconf 72' lang='lat' dir='ltr'><strong>eﬂ‘eratus</strong></span> <span class='ocrx_word' id='word_1_373' title='bbox 2201 2243 2374 2296; x_wconf 82' lang='lat' dir='ltr'><strong>fuerat</strong></span> <span class='ocrx_word' id='word_1_374' title='bbox 2409 2241 2464 2294; x_wconf 90' lang='lat' dir='ltr'><strong>in</strong></span> <span class='ocrx_word' id='word_1_375' title='bbox 2522 2236 2746 2306; x_wconf 87' lang='lat' dir='ltr'><strong>impium</strong></span> <span class='ocrx_word' id='word_1_376' title='bbox 2779 2233 3070 2289; x_wconf 89' lang='lat' dir='ltr'><strong>theatrum,</strong></span> <span class='ocrx_word' id='word_1_377' title='bbox 3107 2234 3162 2278; x_wconf 90' lang='lat' dir='ltr'><strong>et</strong></span> <span class='ocrx_word' id='word_1_378' title='bbox 3195 2233 3273 2275; x_wconf 82' lang='lat' dir='ltr'><strong>eis</strong></span> <span class='ocrx_word' id='word_1_379' title='bbox 3297 2234 3484 2314; x_wconf 74' lang='lat' dir='ltr'><strong>(tuavts</strong></span> 
     </span>
    </p>
   </div>
   <div class='ocr_carea' id='block_1_52' title="bbox 1897 2312 3483 2388">
    <p class='ocr_par' dir='ltr' id='par_1_52' title="bbox 1897 2312 3483 2388">
     <span class='ocr_line' id='line_1_52' title="bbox 1897 2312 3483 2388; baseline -0.019 0"><span class='ocrx_word' id='word_1_380' title='bbox 1897 2340 2069 2388; x_wconf 83' lang='lat' dir='ltr'><strong>morte</strong></span> <span class='ocrx_word' id='word_1_381' title='bbox 2089 2331 2250 2383; x_wconf 82' lang='lat' dir='ltr'><strong>vitam</strong></span> <span class='ocrx_word' id='word_1_382' title='bbox 2272 2329 2524 2382; x_wconf 70' lang='lat' dir='ltr'><strong>eﬂecerat</strong></span> <span class='ocrx_word' id='word_1_383' title='bbox 2541 2323 2896 2381; x_wconf 83' lang='lat' dir='ltr'><strong>acerbiorem,</strong></span> <span class='ocrx_word' id='word_1_384' title='bbox 2925 2326 3132 2370; x_wconf 88' lang='lat' dir='ltr'><strong>tantum</strong></span> <span class='ocrx_word' id='word_1_385' title='bbox 3154 2312 3241 2367; x_wconf 89' lang='lat' dir='ltr'><strong>hic</strong></span> <span class='ocrx_word' id='word_1_386' title='bbox 3261 2312 3483 2364; x_wconf 69' lang='lat' dir='ltr'><strong>accessit</strong></span> 
     </span>
    </p>
   </div>
   <div class='ocr_carea' id='block_1_53' title="bbox 1901 2401 3483 2483">
    <p class='ocr_par' dir='ltr' id='par_1_53' title="bbox 1901 2401 3483 2483">
     <span class='ocr_line' id='line_1_53' title="bbox 1901 2401 3483 2483; baseline -0.016 -4"><span class='ocrx_word' id='word_1_387' title='bbox 1901 2426 2048 2480; x_wconf 84' lang='lat' dir='ltr'><strong>mitis</strong></span> <span class='ocrx_word' id='word_1_388' title='bbox 2076 2432 2129 2477; x_wconf 91' lang='lat' dir='ltr'><strong>et</strong></span> <span class='ocrx_word' id='word_1_389' title='bbox 2163 2429 2478 2475; x_wconf 89' lang='lat' dir='ltr'><strong>mansuetus</strong></span> <span class='ocrx_word' id='word_1_390' title='bbox 2511 2425 2796 2483; x_wconf 73' lang='lat' dir='ltr'><strong>martyrem</strong></span> <span class='ocrx_word' id='word_1_391' title='bbox 2829 2429 2840 2463; x_wconf 93' lang='lat'>:</span> <span class='ocrx_word' id='word_1_392' title='bbox 2875 2409 3010 2462; x_wconf 89' lang='lat' dir='ltr'><strong>adeo</strong></span> <span class='ocrx_word' id='word_1_393' title='bbox 3046 2416 3102 2462; x_wconf 85' lang='lat' dir='ltr'><strong>ut</strong></span> <span class='ocrx_word' id='word_1_394' title='bbox 3127 2409 3310 2461; x_wconf 89' lang='lat' dir='ltr'><strong>multis</strong></span> <span class='ocrx_word' id='word_1_395' title='bbox 3336 2401 3483 2456; x_wconf 80' lang='lat' dir='ltr'><strong>vidc-</strong></span> 
     </span>
    </p>
   </div>
   <div class='ocr_carea' id='block_1_54' title="bbox 1900 2495 3482 2576">
    <p class='ocr_par' dir='ltr' id='par_1_54' title="bbox 1900 2495 3482 2576">
     <span class='ocr_line' id='line_1_54' title="bbox 1900 2495 3482 2576; baseline -0.016 -8"><span class='ocrx_word' id='word_1_396' title='bbox 1900 2525 2049 2568; x_wconf 88' lang='lat' dir='ltr'><strong>retur</strong></span> <span class='ocrx_word' id='word_1_397' title='bbox 2076 2514 2350 2567; x_wconf 85' lang='lat' dir='ltr'><strong>immissus</strong></span> <span class='ocrx_word' id='word_1_398' title='bbox 2370 2525 2490 2564; x_wconf 84' lang='lat' dir='ltr'><strong>esse</strong></span> <span class='ocrx_word' id='word_1_399' title='bbox 2522 2524 2549 2561; x_wconf 90' lang='lat' dir='ltr'><strong>a</strong></span> <span class='ocrx_word' id='word_1_400' title='bbox 2572 2503 2800 2576; x_wconf 74' lang='lat' dir='ltr'><strong>praeside</strong></span> <span class='ocrx_word' id='word_1_401' title='bbox 2827 2499 2892 2557; x_wconf 89' lang='lat' dir='ltr'><strong>ad</strong></span> <span class='ocrx_word' id='word_1_402' title='bbox 2919 2517 3043 2556; x_wconf 91' lang='lat' dir='ltr'><strong>eum</strong></span> <span class='ocrx_word' id='word_1_403' title='bbox 3069 2495 3482 2554; x_wconf 87' lang='lat' dir='ltr'><strong>consolandum,</strong></span> 
     </span>
    </p>
   </div>
   <div class='ocr_carea' id='block_1_55' title="bbox 1897 2601 2715 2672">
    <p class='ocr_par' dir='ltr' id='par_1_55' title="bbox 1897 2601 2715 2672">
     <span class='ocr_line' id='line_1_55' title="bbox 1897 2601 2715 2672; baseline -0.007 -12"><span class='ocrx_word' id='word_1_404' title='bbox 1897 2622 2004 2660; x_wconf 89' lang='lat' dir='ltr'><strong>non</strong></span> <span class='ocrx_word' id='word_1_405' title='bbox 2048 2613 2227 2657; x_wconf 84' lang='lat' dir='ltr'><strong>autem</strong></span> <span class='ocrx_word' id='word_1_406' title='bbox 2263 2603 2325 2656; x_wconf 91' lang='lat' dir='ltr'><strong>ad</strong></span> <span class='ocrx_word' id='word_1_407' title='bbox 2357 2601 2715 2672; x_wconf 86' lang='lat' dir='ltr'><strong>puniendum.</strong></span> 
     </span>
    </p>
   </div>
   <div class='ocr_carea' id='block_1_56' title="bbox 1968 2682 3485 2761">
    <p class='ocr_par' dir='ltr' id='par_1_56' title="bbox 1968 2682 3485 2761">
     <span class='ocr_line' id='line_1_56' title="bbox 1968 2682 3485 2761; baseline -0.013 -11"><span class='ocrx_word' id='word_1_408' title='bbox 1968 2695 2108 2750; x_wconf 78' lang='lat' dir='ltr'><strong>XVI.</strong></span> <span class='ocrx_word' id='word_1_409' title='bbox 2147 2695 2280 2749; x_wconf 87' lang='lat' dir='ltr'><strong>Cum</strong></span> <span class='ocrx_word' id='word_1_410' title='bbox 2316 2694 2496 2761; x_wconf 90' lang='lat' dir='ltr'><strong>itaque</strong></span> <span class='ocrx_word' id='word_1_411' title='bbox 2531 2707 2681 2760; x_wconf 89' lang='lat' dir='ltr'><strong>spem</strong></span> <span class='ocrx_word' id='word_1_412' title='bbox 2722 2705 2934 2745; x_wconf 87' lang='lat' dir='ltr'><strong>onmem</strong></span> <span class='ocrx_word' id='word_1_413' title='bbox 2985 2685 3272 2755; x_wconf 89' lang='lat' dir='ltr'><strong>abjecisset</strong></span> <span class='ocrx_word' id='word_1_414' title='bbox 3310 2682 3485 2746; x_wconf 81' lang='lat' dir='ltr'><strong>impu—</strong></span> 
     </span>
    </p>
   </div>
   <div class='ocr_carea' id='block_1_57' title="bbox 1898 2775 3488 2855">
    <p class='ocr_par' dir='ltr' id='par_1_57' title="bbox 1898 2775 3488 2855">
     <span class='ocr_line' id='line_1_57' title="bbox 1898 2775 3488 2855; baseline -0.013 -12"><span class='ocrx_word' id='word_1_415' title='bbox 1898 2789 2033 2843; x_wconf 89' lang='lat' dir='ltr'><strong>dens</strong></span> <span class='ocrx_word' id='word_1_416' title='bbox 2063 2788 2149 2841; x_wconf 91' lang='lat' dir='ltr'><strong>ille</strong></span> <span class='ocrx_word' id='word_1_417' title='bbox 2181 2800 2406 2855; x_wconf 68' lang='lat' dir='ltr'><strong>pra-ses,</strong></span> <span class='ocrx_word' id='word_1_418' title='bbox 2427 2792 2576 2854; x_wconf 80' lang='lat' dir='ltr'><strong>rogat</strong></span> <span class='ocrx_word' id='word_1_419' title='bbox 2621 2783 2911 2851; x_wconf 91' lang='lat' dir='ltr'><strong>quemdam</strong></span> <span class='ocrx_word' id='word_1_420' title='bbox 2938 2795 3002 2832; x_wconf 79' lang='lat' dir='ltr'><strong>ex</strong></span> <span class='ocrx_word' id='word_1_421' title='bbox 3032 2778 3097 2830; x_wconf 92' lang='lat' dir='ltr'><strong>iis</strong></span> <span class='ocrx_word' id='word_1_422' title='bbox 3121 2777 3213 2845; x_wconf 91' lang='lat' dir='ltr'><strong>qui</strong></span> <span class='ocrx_word' id='word_1_423' title='bbox 3253 2775 3300 2828; x_wconf 86' lang='lat' dir='ltr'><strong>ei</strong></span> <span class='ocrx_word' id='word_1_424' title='bbox 3335 2785 3488 2842; x_wconf 79' lang='lat' dir='ltr'><strong>pare-</strong></span> 
     </span>
    </p>
   </div>
   <div class='ocr_carea' id='block_1_58' title="bbox 1897 2866 3484 2946">
    <p class='ocr_par' dir='ltr' id='par_1_58' title="bbox 1897 2866 3484 2946">
     <span class='ocr_line' id='line_1_58' title="bbox 1897 2866 3484 2946; baseline -0.011 -14"><span class='ocrx_word' id='word_1_425' title='bbox 1897 2881 2051 2945; x_wconf 87' lang='lat' dir='ltr'><strong>bant,</strong></span> <span class='ocrx_word' id='word_1_426' title='bbox 2088 2880 2220 2932; x_wconf 89' lang='lat' dir='ltr'><strong>utin</strong></span> <span class='ocrx_word' id='word_1_427' title='bbox 2251 2877 2490 2946; x_wconf 64' lang='lat' dir='ltr'><strong>praeclari</strong></span> <span class='ocrx_word' id='word_1_428' title='bbox 2529 2876 2692 2944; x_wconf 89' lang='lat' dir='ltr'><strong>hujus</strong></span> <span class='ocrx_word' id='word_1_429' title='bbox 2718 2872 2970 2942; x_wconf 85' lang='lat' dir='ltr'><strong>martyris</strong></span> <span class='ocrx_word' id='word_1_430' title='bbox 3011 2871 3218 2923; x_wconf 79' lang='lat' dir='ltr'><strong>viscera</strong></span> <span class='ocrx_word' id='word_1_431' title='bbox 3251 2866 3484 2920; x_wconf 80' lang='lat' dir='ltr'><strong>ferreum</strong></span> 
     </span>
    </p>
   </div>
   <div class='ocr_carea' id='block_1_59' title="bbox 1896 2956 3487 3040">
    <p class='ocr_par' dir='ltr' id='par_1_59' title="bbox 1896 2956 3487 3040">
     <span class='ocr_line' id='line_1_59' title="bbox 1896 2956 3487 3040; baseline -0.013 -16"><span class='ocrx_word' id='word_1_432' title='bbox 1896 2971 2076 3040; x_wconf 86' lang='lat' dir='ltr'><strong>adigat</strong></span> <span class='ocrx_word' id='word_1_433' title='bbox 2120 2969 2435 3022; x_wconf 79' lang='lat' dir='ltr'><strong>tridentem.</strong></span> <span class='ocrx_word' id='word_1_434' title='bbox 2499 2965 2562 3019; x_wconf 87' lang='lat' dir='ltr'><strong>Et</strong></span> <span class='ocrx_word' id='word_1_435' title='bbox 2607 2967 2696 3019; x_wconf 91' lang='lat' dir='ltr'><strong>ille</strong></span> <span class='ocrx_word' id='word_1_436' title='bbox 2759 2965 2977 3033; x_wconf 87' lang='lat' dir='ltr'><strong>quidem</strong></span> <span class='ocrx_word' id='word_1_437' title='bbox 3040 2975 3162 3014; x_wconf 90' lang='lat' dir='ltr'><strong>eum</strong></span> <span class='ocrx_word' id='word_1_438' title='bbox 3229 2956 3487 3010; x_wconf 82' lang='lat' dir='ltr'><strong>ambabus</strong></span> 
     </span>
    </p>
   </div>
   <div class='ocr_carea' id='block_1_60' title="bbox 1898 3047 3488 3128">
    <p class='ocr_par' dir='ltr' id='par_1_60' title="bbox 1898 3047 3488 3128">
     <span class='ocr_line' id='line_1_60' title="bbox 1898 3047 3488 3128; baseline -0.011 -12"><span class='ocrx_word' id='word_1_439' title='bbox 1898 3062 2144 3116; x_wconf 85' lang='lat' dir='ltr'><strong>manibus</strong></span> <span class='ocrx_word' id='word_1_440' title='bbox 2165 3067 2379 3127; x_wconf 89' lang='lat' dir='ltr'><strong>torquet</strong></span> <span class='ocrx_word' id='word_1_441' title='bbox 2399 3061 2452 3112; x_wconf 90' lang='lat' dir='ltr'><strong>in</strong></span> <span class='ocrx_word' id='word_1_442' title='bbox 2475 3067 2780 3128; x_wconf 88' lang='lat' dir='ltr'><strong>martyrem.</strong></span> <span class='ocrx_word' id='word_1_443' title='bbox 2804 3057 3001 3126; x_wconf 81' lang='lat' dir='ltr'><strong>Marlyr</strong></span> <span class='ocrx_word' id='word_1_444' title='bbox 3026 3063 3204 3108; x_wconf 89' lang='lat' dir='ltr'><strong>autem</strong></span> <span class='ocrx_word' id='word_1_445' title='bbox 3225 3047 3488 3116; x_wconf 76' lang='lat' dir='ltr'><strong>sanguine</strong></span> 
     </span>
    </p>
   </div>
   <div class='ocr_carea' id='block_1_61' title="bbox 226 3130 3488 3239">
    <p class='ocr_par' dir='ltr' id='par_1_61' title="bbox 226 3130 3488 3239">
     <span class='ocr_line' id='line_1_61' title="bbox 226 3130 3488 3239; baseline 0.002 -54"><span class='ocrx_word' id='word_1_446' title='bbox 226 3130 442 3185; x_wconf 84' lang='lat' dir='ltr'><strong>ossibus</strong></span> <span class='ocrx_word' id='word_1_447' title='bbox 490 3133 757 3202; x_wconf 84' lang='lat' dir='ltr'><strong>martyris.</strong></span> <span class='ocrx_word' id='word_1_448' title='bbox 778 3134 852 3188; x_wconf 94' lang='lat' dir='ltr'><strong>llli</strong></span> <span class='ocrx_word' id='word_1_449' title='bbox 892 3147 1071 3190; x_wconf 88' lang='lat' dir='ltr'><strong>autem</strong></span> <span class='ocrx_word' id='word_1_450' title='bbox 1104 3155 1223 3192; x_wconf 89' lang='lat' dir='ltr'><strong>cum</strong></span> <span class='ocrx_word' id='word_1_451' title='bbox 1258 3130 1531 3196; x_wconf 77' lang='lat' dir='ltr'><strong>venissent</strong></span> <span class='ocrx_word' id='word_1_452' title='bbox 1571 3147 1635 3197; x_wconf 92' lang='lat' dir='ltr'><strong>ad</strong></span> <span class='ocrx_word' id='word_1_453' title='bbox 1681 3148 1789 3200; x_wconf 82' lang='lat' dir='ltr'><strong>for-</strong></span> <span class='ocrx_word' id='word_1_454' title='bbox 1831 3179 1873 3239; x_wconf 81' lang='lat' dir='ltr'>C</span> <span class='ocrx_word' id='word_1_455' title='bbox 1921 3152 2193 3206; x_wconf 67' lang='lat' dir='ltr'><strong>manantia</strong></span> <span class='ocrx_word' id='word_1_456' title='bbox 2229 3151 2330 3204; x_wconf 73' lang='lat' dir='ltr'><strong>fert</strong></span> <span class='ocrx_word' id='word_1_457' title='bbox 2365 3150 2640 3210; x_wconf 52' lang='lat' dir='ltr'><strong>intestina,</strong></span> <span class='ocrx_word' id='word_1_458' title='bbox 2679 3149 2811 3202; x_wconf 76' lang='lat' dir='ltr'><strong>adeo</strong></span> <span class='ocrx_word' id='word_1_459' title='bbox 2852 3159 2909 3200; x_wconf 83' lang='lat' dir='ltr'><strong>ut</strong></span> <span class='ocrx_word' id='word_1_460' title='bbox 2934 3145 3176 3215; x_wconf 73' lang='lat' dir='ltr'><strong>quaedam</strong></span> <span class='ocrx_word' id='word_1_461' title='bbox 3210 3141 3402 3195; x_wconf 88' lang='lat' dir='ltr'><strong>mulier</strong></span> <span class='ocrx_word' id='word_1_462' title='bbox 3425 3152 3488 3189; x_wconf 71' lang='lat' dir='ltr'><strong>ex</strong></span> 
     </span>
    </p>
   </div>
   <div class='ocr_carea' id='block_1_62' title="bbox 227 3225 1805 3299">
    <p class='ocr_par' dir='ltr' id='par_1_62' title="bbox 227 3225 1805 3299">
     <span class='ocr_line' id='line_1_62' title="bbox 227 3225 1805 3299; baseline 0.01 -23"><span class='ocrx_word' id='word_1_463' title='bbox 227 3239 444 3290; x_wconf 87' lang='lat' dir='ltr'><strong>nacem,</strong></span> <span class='ocrx_word' id='word_1_464' title='bbox 487 3225 631 3281; x_wconf 86' lang='lat' dir='ltr'><strong>illius</strong></span> <span class='ocrx_word' id='word_1_465' title='bbox 684 3241 866 3284; x_wconf 82' lang='lat' dir='ltr'><strong>vocem</strong></span> <span class='ocrx_word' id='word_1_466' title='bbox 891 3231 1230 3299; x_wconf 87' lang='lat' dir='ltr'><strong>apertissime</strong></span> <span class='ocrx_word' id='word_1_467' title='bbox 1245 3233 1468 3287; x_wconf 76' lang='lat' dir='ltr'><strong>audiunt</strong></span> <span class='ocrx_word' id='word_1_468' title='bbox 1496 3236 1659 3290; x_wconf 89' lang='lat' dir='ltr'><strong>Deum</strong></span> <span class='ocrx_word' id='word_1_469' title='bbox 1686 3238 1805 3294; x_wconf 82' lang='lat' dir='ltr'><strong>lau-</strong></span> 
     </span>
    </p>
   </div>
   <div class='ocr_carea' id='block_1_63' title="bbox 225 3316 1809 3393">
    <p class='ocr_par' dir='ltr' id='par_1_63' title="bbox 225 3316 1809 3393">
     <span class='ocr_line' id='line_1_63' title="bbox 225 3316 1809 3393; baseline 0.011 -23"><span class='ocrx_word' id='word_1_470' title='bbox 225 3316 473 3372; x_wconf 89' lang='lat' dir='ltr'><strong>dantem.</strong></span> <span class='ocrx_word' id='word_1_471' title='bbox 516 3317 591 3372; x_wconf 92' lang='lat' dir='ltr'><strong>llli</strong></span> <span class='ocrx_word' id='word_1_472' title='bbox 627 3334 754 3374; x_wconf 88' lang='lat' dir='ltr'><strong>vero</strong></span> <span class='ocrx_word' id='word_1_473' title='bbox 788 3323 1034 3390; x_wconf 91' lang='lat' dir='ltr'><strong>protinus</strong></span> <span class='ocrx_word' id='word_1_474' title='bbox 1091 3328 1315 3393; x_wconf 83' lang='lat' dir='ltr'><strong>reversi,</strong></span> <span class='ocrx_word' id='word_1_475' title='bbox 1352 3328 1569 3384; x_wconf 71' lang='lat' dir='ltr'><strong>Praesidi</strong></span> <span class='ocrx_word' id='word_1_476' title='bbox 1602 3348 1809 3388; x_wconf 87' lang='lat' dir='ltr'><strong>renun-</strong></span> 
     </span>
    </p>
   </div>
   <div class='ocr_carea' id='block_1_64' title="bbox 228 3407 1809 3494">
    <p class='ocr_par' dir='ltr' id='par_1_64' title="bbox 228 3407 1809 3494">
     <span class='ocr_line' id='line_1_64' title="bbox 228 3407 1809 3494; baseline 0.013 -34"><span class='ocrx_word' id='word_1_477' title='bbox 228 3407 368 3461; x_wconf 88' lang='lat' dir='ltr'><strong>tiant</strong></span> <span class='ocrx_word' id='word_1_478' title='bbox 387 3425 496 3462; x_wconf 90' lang='lat' dir='ltr'><strong>rem</strong></span> <span class='ocrx_word' id='word_1_479' title='bbox 522 3412 664 3464; x_wconf 89' lang='lat' dir='ltr'><strong>illam</strong></span> <span class='ocrx_word' id='word_1_480' title='bbox 679 3414 1070 3469; x_wconf 86' lang='lat' dir='ltr'><strong>admirabilem.</strong></span> <span class='ocrx_word' id='word_1_481' title='bbox 1101 3418 1189 3469; x_wconf 88' lang='lat' dir='ltr'><strong>llle</strong></span> <span class='ocrx_word' id='word_1_482' title='bbox 1208 3436 1336 3474; x_wconf 84' lang='lat' dir='ltr'><strong>vero</strong></span> <span class='ocrx_word' id='word_1_483' title='bbox 1362 3438 1375 3474; x_wconf 93' lang='lat'><strong>:</strong></span> <span class='ocrx_word' id='word_1_484' title='bbox 1414 3421 1515 3476; x_wconf 80' lang='lat' dir='ltr'><strong>Per</strong></span> <span class='ocrx_word' id='word_1_485' title='bbox 1534 3441 1809 3494; x_wconf 81' lang='lat' dir='ltr'><strong>magnum.</strong></span> 
     </span>
    </p>
   </div>
   <div class='ocr_carea' id='block_1_65' title="bbox 226 3497 1809 3578">
    <p class='ocr_par' dir='ltr' id='par_1_65' title="bbox 226 3497 1809 3578">
     <span class='ocr_line' id='line_1_65' title="bbox 226 3497 1809 3578; baseline 0.013 -27"><span class='ocrx_word' id='word_1_486' title='bbox 226 3497 428 3567; x_wconf 87' lang='lat' dir='ltr'><strong>inquit,</strong></span> <span class='ocrx_word' id='word_1_487' title='bbox 471 3499 842 3569; x_wconf 86' lang='lat' dir='ltr'><strong>Serapionem,</strong></span> <span class='ocrx_word' id='word_1_488' title='bbox 872 3513 926 3556; x_wconf 92' lang='lat' dir='ltr'><strong>et</strong></span> <span class='ocrx_word' id='word_1_489' title='bbox 974 3507 1106 3559; x_wconf 89' lang='lat' dir='ltr'><strong>alios</strong></span> <span class='ocrx_word' id='word_1_490' title='bbox 1139 3525 1330 3563; x_wconf 90' lang='lat' dir='ltr'><strong>omnes</strong></span> <span class='ocrx_word' id='word_1_491' title='bbox 1380 3513 1535 3578; x_wconf 81' lang='lat' dir='ltr'><strong>deos,</strong></span> <span class='ocrx_word' id='word_1_492' title='bbox 1583 3517 1682 3569; x_wconf 88' lang='lat' dir='ltr'><strong>hoc</strong></span> <span class='ocrx_word' id='word_1_493' title='bbox 1723 3535 1809 3578; x_wconf 74' lang='lat' dir='ltr'><strong>est</strong></span> 
     </span>
    </p>
   </div>
   <div class='ocr_carea' id='block_1_66' title="bbox 225 3589 1812 3677">
    <p class='ocr_par' dir='ltr' id='par_1_66' title="bbox 225 3589 1812 3677">
     <span class='ocr_line' id='line_1_66' title="bbox 225 3589 1812 3677; baseline 0.013 -35"><span class='ocrx_word' id='word_1_494' title='bbox 225 3598 416 3656; x_wconf 84' lang='lat' dir='ltr'><strong>aperte</strong></span> <span class='ocrx_word' id='word_1_495' title='bbox 445 3589 737 3646; x_wconf 88' lang='lat' dir='ltr'><strong>incantatio</strong></span> <span class='ocrx_word' id='word_1_496' title='bbox 754 3602 807 3646; x_wconf 90' lang='lat' dir='ltr'><strong>et</strong></span> <span class='ocrx_word' id='word_1_497' title='bbox 839 3595 1139 3666; x_wconf 55' lang='lat' dir='ltr'><strong>praestigiae.</strong></span> <span class='ocrx_word' id='word_1_498' title='bbox 1171 3598 1232 3650; x_wconf 78' lang='lat' dir='ltr'><strong>Et</strong></span> <span class='ocrx_word' id='word_1_499' title='bbox 1259 3600 1421 3653; x_wconf 88' lang='lat' dir='ltr'><strong>multa</strong></span> <span class='ocrx_word' id='word_1_500' title='bbox 1446 3603 1546 3656; x_wconf 87' lang='lat' dir='ltr'><strong>alia</strong></span> <span class='ocrx_word' id='word_1_501' title='bbox 1579 3617 1812 3677; x_wconf 88' lang='lat' dir='ltr'><strong>nugatus</strong></span> 
     </span>
    </p>
   </div>
   <div class='ocr_carea' id='block_1_67' title="bbox 224 3683 1813 3768">
    <p class='ocr_par' dir='ltr' id='par_1_67' title="bbox 224 3683 1813 3768">
     <span class='ocr_line' id='line_1_67' title="bbox 224 3683 1813 3768; baseline 0.014 -35"><span class='ocrx_word' id='word_1_502' title='bbox 224 3689 318 3734; x_wconf 86' lang='lat' dir='ltr'><strong>est</strong></span> <span class='ocrx_word' id='word_1_503' title='bbox 347 3683 608 3738; x_wconf 88' lang='lat' dir='ltr'><strong>adversus</strong></span> <span class='ocrx_word' id='word_1_504' title='bbox 638 3686 918 3740; x_wconf 75' lang='lat' dir='ltr'><strong>veritatem</strong></span> <span class='ocrx_word' id='word_1_505' title='bbox 950 3704 965 3742; x_wconf 90' lang='lat'><strong>:</strong></span> <span class='ocrx_word' id='word_1_506' title='bbox 1001 3689 1133 3744; x_wconf 89' lang='lat' dir='ltr'><strong>adeo</strong></span> <span class='ocrx_word' id='word_1_507' title='bbox 1155 3701 1268 3745; x_wconf 87' lang='lat' dir='ltr'><strong>erat</strong></span> <span class='ocrx_word' id='word_1_508' title='bbox 1306 3695 1550 3749; x_wconf 58' lang='lat' dir='ltr'><strong>attonita).</strong></span> <span class='ocrx_word' id='word_1_509' title='bbox 1579 3700 1813 3768; x_wconf 86' lang='lat' dir='ltr'><strong>etplane</strong></span> 
     </span>
    </p>
   </div>
   <div class='ocr_carea' id='block_1_68' title="bbox 229 3776 1811 3858">
    <p class='ocr_par' dir='ltr' id='par_1_68' title="bbox 229 3776 1811 3858">
     <span class='ocr_line' id='line_1_68' title="bbox 229 3776 1811 3858; baseline 0.011 -32"><span class='ocrx_word' id='word_1_510' title='bbox 229 3783 431 3828; x_wconf 69' lang='lat' dir='ltr'><strong>eritque</strong></span> <span class='ocrx_word' id='word_1_511' title='bbox 467 3777 684 3830; x_wconf 89' lang='lat' dir='ltr'><strong>mentis.</strong></span> <span class='ocrx_word' id='word_1_512' title='bbox 717 3776 950 3847; x_wconf 79' lang='lat' dir='ltr'><strong>Populus</strong></span> <span class='ocrx_word' id='word_1_513' title='bbox 978 3790 1181 3840; x_wconf 83' lang='lat' dir='ltr'><strong>autem.</strong></span> <span class='ocrx_word' id='word_1_514' title='bbox 1216 3784 1544 3854; x_wconf 86' lang='lat' dir='ltr'><strong>quicunque,</strong></span> <span class='ocrx_word' id='word_1_515' title='bbox 1571 3787 1811 3858; x_wconf 91' lang='lat' dir='ltr'><strong>inquam,</strong></span> 
     </span>
    </p>
   </div>
   <div class='ocr_carea' id='block_1_69' title="bbox 229 3867 1813 3939">
    <p class='ocr_par' dir='ltr' id='par_1_69' title="bbox 229 3867 1813 3939">
     <span class='ocr_line' id='line_1_69' title="bbox 229 3867 1813 3939; baseline 0.01 -20"><span class='ocrx_word' id='word_1_516' title='bbox 229 3867 512 3937; x_wconf 82' lang='lat' dir='ltr'><strong>paululum</strong></span> <span class='ocrx_word' id='word_1_517' title='bbox 551 3877 797 3934; x_wconf 88' lang='lat' dir='ltr'><strong>poterant</strong></span> <span class='ocrx_word' id='word_1_518' title='bbox 857 3872 1053 3924; x_wconf 90' lang='lat' dir='ltr'><strong>intueri</strong></span> <span class='ocrx_word' id='word_1_519' title='bbox 1088 3873 1156 3925; x_wconf 88' lang='lat' dir='ltr'><strong>ad</strong></span> <span class='ocrx_word' id='word_1_520' title='bbox 1214 3876 1518 3939; x_wconf 83' lang='lat' dir='ltr'><strong>Veritatem,</strong></span> <span class='ocrx_word' id='word_1_521' title='bbox 1557 3894 1682 3932; x_wconf 91' lang='lat' dir='ltr'><strong>cum</strong></span> <span class='ocrx_word' id='word_1_522' title='bbox 1712 3898 1813 3937; x_wconf 91' lang='lat' dir='ltr'><strong>nec</strong></span> 
     </span>
    </p>
   </div>
   <div class='ocr_carea' id='block_1_70' title="bbox 227 3955 1812 4038">
    <p class='ocr_par' dir='ltr' id='par_1_70' title="bbox 227 3955 1812 4038">
     <span class='ocr_line' id='line_1_70' title="bbox 227 3955 1812 4038; baseline 0.012 -30"><span class='ocrx_word' id='word_1_523' title='bbox 227 3957 372 4023; x_wconf 81' lang='lat' dir='ltr'><strong>ignis</strong></span> <span class='ocrx_word' id='word_1_524' title='bbox 394 3958 698 4026; x_wconf 79' lang='lat' dir='ltr'><strong>vestigium,</strong></span> <span class='ocrx_word' id='word_1_525' title='bbox 733 3975 907 4028; x_wconf 88' lang='lat' dir='ltr'><strong>neque</strong></span> <span class='ocrx_word' id='word_1_526' title='bbox 967 3962 1129 4016; x_wconf 91' lang='lat' dir='ltr'><strong>ullam</strong></span> <span class='ocrx_word' id='word_1_527' title='bbox 1160 3963 1437 4035; x_wconf 79' lang='lat' dir='ltr'><strong>fuliginem</strong></span> <span class='ocrx_word' id='word_1_528' title='bbox 1475 3955 1812 4038; x_wconf 75' lang='lat' dir='ltr'><strong>aspexissent</strong></span> 
     </span>
    </p>
   </div>
   <div class='ocr_carea' id='block_1_71' title="bbox 231 4047 1811 4126">
    <p class='ocr_par' dir='ltr' id='par_1_71' title="bbox 231 4047 1811 4126">
     <span class='ocr_line' id='line_1_71' title="bbox 231 4047 1811 4126; baseline 0.011 -24"><span class='ocrx_word' id='word_1_529' title='bbox 231 4050 376 4102; x_wconf 80' lang='lat' dir='ltr'><strong>ferre</strong></span> <span class='ocrx_word' id='word_1_530' title='bbox 428 4047 707 4114; x_wconf 85' lang='lat' dir='ltr'><strong>athletam,</strong></span> <span class='ocrx_word' id='word_1_531' title='bbox 775 4052 916 4106; x_wconf 88' lang='lat' dir='ltr'><strong>illius</strong></span> <span class='ocrx_word' id='word_1_532' title='bbox 956 4053 1123 4109; x_wconf 88' lang='lat' dir='ltr'><strong>Deum</strong></span> <span class='ocrx_word' id='word_1_533' title='bbox 1158 4056 1470 4126; x_wconf 85' lang='lat' dir='ltr'><strong>laudabant,</strong></span> <span class='ocrx_word' id='word_1_534' title='bbox 1504 4071 1558 4117; x_wconf 89' lang='lat' dir='ltr'><strong>et</strong></span> <span class='ocrx_word' id='word_1_535' title='bbox 1590 4063 1651 4117; x_wconf 86' lang='lat' dir='ltr'><strong>ei</strong></span> <span class='ocrx_word' id='word_1_536' title='bbox 1709 4065 1811 4120; x_wconf 89' lang='lat' dir='ltr'><strong>soli</strong></span> 
     </span>
    </p>
   </div>
   <div class='ocr_carea' id='block_1_72' title="bbox 233 4140 947 4196">
    <p class='ocr_par' dir='ltr' id='par_1_72' title="bbox 233 4140 947 4196">
     <span class='ocr_line' id='line_1_72' title="bbox 233 4140 947 4196; baseline 0.006 -4"><span class='ocrx_word' id='word_1_537' title='bbox 233 4140 584 4195; x_wconf 85' lang='lat' dir='ltr'><strong>ascribebant</strong></span> <span class='ocrx_word' id='word_1_538' title='bbox 605 4141 947 4196; x_wconf 90' lang='lat' dir='ltr'><strong>miraculum.</strong></span> 
     </span>
    </p>
   </div>
   <div class='ocr_carea' id='block_1_73' title="bbox 311 4233 1814 4310">
    <p class='ocr_par' dir='ltr' id='par_1_73' title="bbox 311 4233 1814 4310">
     <span class='ocr_line' id='line_1_73' title="bbox 311 4233 1814 4310; baseline 0.008 -23"><span class='ocrx_word' id='word_1_539' title='bbox 311 4233 421 4288; x_wconf 78' lang='lat' dir='ltr'><strong>XV.</strong></span> <span class='ocrx_word' id='word_1_540' title='bbox 457 4235 696 4290; x_wconf 83' lang='lat' dir='ltr'><strong>Stolidus</strong></span> <span class='ocrx_word' id='word_1_541' title='bbox 728 4246 908 4292; x_wconf 90' lang='lat' dir='ltr'><strong>autem</strong></span> <span class='ocrx_word' id='word_1_542' title='bbox 930 4251 1147 4308; x_wconf 63' lang='lat' dir='ltr'><strong>praeses,</strong></span> <span class='ocrx_word' id='word_1_543' title='bbox 1180 4249 1463 4310; x_wconf 89' lang='lat' dir='ltr'><strong>postquam</strong></span> <span class='ocrx_word' id='word_1_544' title='bbox 1495 4258 1560 4297; x_wconf 79' lang='lat' dir='ltr'><strong>ex</strong></span> <span class='ocrx_word' id='word_1_545' title='bbox 1593 4244 1814 4299; x_wconf 81' lang='lat' dir='ltr'><strong>fornace</strong></span> 
     </span>
    </p>
   </div>
   <div class='ocr_carea' id='block_1_74' title="bbox 239 4331 1814 4399">
    <p class='ocr_par' dir='ltr' id='par_1_74' title="bbox 239 4331 1814 4399">
     <span class='ocr_line' id='line_1_74' title="bbox 239 4331 1814 4399; baseline 0.006 -18"><span class='ocrx_word' id='word_1_546' title='bbox 239 4344 432 4384; x_wconf 85' lang='lat' dir='ltr'><strong>rursus</strong></span> <span class='ocrx_word' id='word_1_547' title='bbox 491 4331 659 4383; x_wconf 85' lang='lat' dir='ltr'><strong>astitit</strong></span> <span class='ocrx_word' id='word_1_548' title='bbox 716 4338 916 4399; x_wconf 86' lang='lat' dir='ltr'><strong>martyr</strong></span> <span class='ocrx_word' id='word_1_549' title='bbox 964 4347 1126 4387; x_wconf 89' lang='lat' dir='ltr'><strong>sanus</strong></span> <span class='ocrx_word' id='word_1_550' title='bbox 1181 4341 1234 4387; x_wconf 90' lang='lat' dir='ltr'><strong>et</strong></span> <span class='ocrx_word' id='word_1_551' title='bbox 1262 4334 1442 4388; x_wconf 85' lang='lat' dir='ltr'><strong>salvus</strong></span> <span class='ocrx_word' id='word_1_552' title='bbox 1489 4346 1614 4388; x_wconf 90' lang='lat' dir='ltr'><strong>ante</strong></span> <span class='ocrx_word' id='word_1_553' title='bbox 1672 4336 1814 4391; x_wconf 91' lang='lat' dir='ltr'><strong>illius</strong></span> 
     </span>
    </p>
   </div>
   <div class='ocr_carea' id='block_1_75' title="bbox 239 4421 1810 4498">
    <p class='ocr_par' dir='ltr' id='par_1_75' title="bbox 239 4421 1810 4498">
     <span class='ocr_line' id='line_1_75' title="bbox 239 4421 1810 4498; baseline 0.006 -23"><span class='ocrx_word' id='word_1_554' title='bbox 239 4421 496 4483; x_wconf 90' lang='lat' dir='ltr'><strong>tribunal,</strong></span> <span class='ocrx_word' id='word_1_555' title='bbox 532 4438 654 4474; x_wconf 91' lang='lat' dir='ltr'><strong>cum</strong></span> <span class='ocrx_word' id='word_1_556' title='bbox 677 4436 774 4474; x_wconf 85' lang='lat' dir='ltr'><strong>nec</strong></span> <span class='ocrx_word' id='word_1_557' title='bbox 790 4422 908 4488; x_wconf 88' lang='lat' dir='ltr'><strong>ejus</strong></span> <span class='ocrx_word' id='word_1_558' title='bbox 927 4423 1144 4489; x_wconf 90' lang='lat' dir='ltr'><strong>quidem</strong></span> <span class='ocrx_word' id='word_1_559' title='bbox 1169 4425 1334 4491; x_wconf 90' lang='lat' dir='ltr'><strong>pilum</strong></span> <span class='ocrx_word' id='word_1_560' title='bbox 1366 4427 1503 4496; x_wconf 86' lang='lat' dir='ltr'><strong>ignis</strong></span> <span class='ocrx_word' id='word_1_561' title='bbox 1521 4428 1810 4498; x_wconf 76' lang='lat' dir='ltr'><strong>attigisset,</strong></span> 
     </span>
    </p>
   </div>
   <div class='ocr_carea' id='block_1_76' title="bbox 1913 3231 3490 3308">
    <p class='ocr_par' dir='ltr' id='par_1_76' title="bbox 1913 3231 3490 3308">
     <span class='ocr_line' id='line_1_76' title="bbox 1913 3231 3490 3308; baseline -0.011 -13"><span class='ocrx_word' id='word_1_562' title='bbox 1913 3243 1979 3296; x_wconf 88' lang='lat' dir='ltr'><strong>iis</strong></span> <span class='ocrx_word' id='word_1_563' title='bbox 2008 3257 2124 3308; x_wconf 74' lang='lat' dir='ltr'><strong>qua:</strong></span> <span class='ocrx_word' id='word_1_564' title='bbox 2165 3241 2440 3294; x_wconf 70' lang='lat' dir='ltr'><strong>benevola:</strong></span> <span class='ocrx_word' id='word_1_565' title='bbox 2475 3249 2631 3292; x_wconf 86' lang='lat' dir='ltr'><strong>erant</strong></span> <span class='ocrx_word' id='word_1_566' title='bbox 2667 3239 3007 3308; x_wconf 82' lang='lat' dir='ltr'><strong>martyribus,</strong></span> <span class='ocrx_word' id='word_1_567' title='bbox 3061 3249 3218 3303; x_wconf 85' lang='lat' dir='ltr'><strong>quam</strong></span> <span class='ocrx_word' id='word_1_568' title='bbox 3251 3231 3490 3301; x_wconf 85' lang='lat' dir='ltr'><strong>primum</strong></span> 
     </span>
    </p>
   </div>
   <div class='ocr_carea' id='block_1_77' title="bbox 1915 3324 3490 3402">
    <p class='ocr_par' dir='ltr' id='par_1_77' title="bbox 1915 3324 3490 3402">
     <span class='ocr_line' id='line_1_77' title="bbox 1915 3324 3490 3402; baseline -0.011 -13"><span class='ocrx_word' id='word_1_569' title='bbox 1915 3348 2221 3394; x_wconf 89' lang='lat' dir='ltr'><strong>accurrens,</strong></span> <span class='ocrx_word' id='word_1_570' title='bbox 2256 3342 2465 3386; x_wconf 89' lang='lat' dir='ltr'><strong>cratere</strong></span> <span class='ocrx_word' id='word_1_571' title='bbox 2519 3340 2697 3402; x_wconf 83' lang='lat' dir='ltr'><strong>guttas</strong></span> <span class='ocrx_word' id='word_1_572' title='bbox 2732 3331 3010 3400; x_wconf 86' lang='lat' dir='ltr'><strong>sanguinis</strong></span> <span class='ocrx_word' id='word_1_573' title='bbox 3058 3324 3378 3394; x_wconf 74' lang='lat' dir='ltr'><strong>susceperit,</strong></span> <span class='ocrx_word' id='word_1_574' title='bbox 3437 3326 3490 3372; x_wconf 89' lang='lat' dir='ltr'><strong>et</strong></span> 
     </span>
    </p>
   </div>
   <div class='ocr_carea' id='block_1_78' title="bbox 1915 3425 3483 3497">
    <p class='ocr_par' dir='ltr' id='par_1_78' title="bbox 1915 3425 3483 3497">
     <span class='ocr_line' id='line_1_78' title="bbox 1915 3425 3483 3497; baseline -0.01 -17"><span class='ocrx_word' id='word_1_575' title='bbox 1915 3429 2067 3480; x_wconf 65' lang='lat' dir='ltr'><strong>larius</strong></span> <span class='ocrx_word' id='word_1_576' title='bbox 2098 3425 2397 3497; x_wconf 89' lang='lat' dir='ltr'><strong>ingreditur</strong></span> <span class='ocrx_word' id='word_1_577' title='bbox 2439 3440 2534 3494; x_wconf 89' lang='lat' dir='ltr'><strong>per</strong></span> <span class='ocrx_word' id='word_1_578' title='bbox 2593 3426 2831 3478; x_wconf 82' lang='lat' dir='ltr'><strong>medium</strong></span> <span class='ocrx_word' id='word_1_579' title='bbox 2879 3425 3144 3475; x_wconf 87' lang='lat' dir='ltr'><strong>theatrum</strong></span> <span class='ocrx_word' id='word_1_580' title='bbox 3185 3435 3200 3482; x_wconf 85' lang='lat'><strong>;</strong></span> <span class='ocrx_word' id='word_1_581' title='bbox 3240 3426 3483 3482; x_wconf 82' lang='lat' dir='ltr'><strong>magnam</strong></span> 
     </span>
    </p>
   </div>
   <div class='ocr_carea' id='block_1_79' title="bbox 1915 3503 3490 3584">
    <p class='ocr_par' dir='ltr' id='par_1_79' title="bbox 1915 3503 3490 3584">
     <span class='ocr_line' id='line_1_79' title="bbox 1915 3503 3490 3584; baseline -0.011 -11"><span class='ocrx_word' id='word_1_582' title='bbox 1915 3519 2059 3574; x_wconf 81' lang='lat' dir='ltr'><strong>enim</strong></span> <span class='ocrx_word' id='word_1_583' title='bbox 2089 3533 2118 3571; x_wconf 93' lang='lat' dir='ltr'><strong>a</strong></span> <span class='ocrx_word' id='word_1_584' title='bbox 2157 3518 2385 3571; x_wconf 86' lang='lat' dir='ltr'><strong>vinculis</strong></span> <span class='ocrx_word' id='word_1_585' title='bbox 2430 3517 2773 3572; x_wconf 86' lang='lat' dir='ltr'><strong>securitatem</strong></span> <span class='ocrx_word' id='word_1_586' title='bbox 2810 3513 3081 3584; x_wconf 69' lang='lat' dir='ltr'><strong>przebebat</strong></span> <span class='ocrx_word' id='word_1_587' title='bbox 3112 3509 3158 3563; x_wconf 90' lang='lat' dir='ltr'><strong>ei</strong></span> <span class='ocrx_word' id='word_1_588' title='bbox 3202 3508 3344 3567; x_wconf 84' lang='lat' dir='ltr'><strong>linis,</strong></span> <span class='ocrx_word' id='word_1_589' title='bbox 3400 3503 3490 3571; x_wconf 87' lang='lat' dir='ltr'><strong>qui</strong></span> 
     </span>
    </p>
   </div>
   <div class='ocr_carea' id='block_1_80' title="bbox 1917 3600 3490 3677">
    <p class='ocr_par' dir='ltr' id='par_1_80' title="bbox 1917 3600 3490 3677">
     <span class='ocr_line' id='line_1_80' title="bbox 1917 3600 3490 3677; baseline -0.01 -15"><span class='ocrx_word' id='word_1_590' title='bbox 1917 3627 2037 3663; x_wconf 74' lang='lat' dir='ltr'><strong>mox</strong></span> <span class='ocrx_word' id='word_1_591' title='bbox 2074 3609 2508 3677; x_wconf 73' lang='lat' dir='ltr'><strong>exspectabatur,</strong></span> <span class='ocrx_word' id='word_1_592' title='bbox 2557 3616 2612 3660; x_wconf 85' lang='lat' dir='ltr'><strong>et</strong></span> <span class='ocrx_word' id='word_1_593' title='bbox 2661 3608 2937 3676; x_wconf 80' lang='lat' dir='ltr'><strong>egreditur</strong></span> <span class='ocrx_word' id='word_1_594' title='bbox 2979 3605 3134 3657; x_wconf 78' lang='lat' dir='ltr'><strong>laetus</strong></span> <span class='ocrx_word' id='word_1_595' title='bbox 3187 3617 3216 3654; x_wconf 91' lang='lat' dir='ltr'><strong>e</strong></span> <span class='ocrx_word' id='word_1_596' title='bbox 3251 3600 3490 3655; x_wconf 81' lang='lat' dir='ltr'><strong>civitate,</strong></span> 
     </span>
    </p>
   </div>
   <div class='ocr_carea' id='block_1_81' title="bbox 1917 3692 3493 3770">
    <p class='ocr_par' dir='ltr' id='par_1_81' title="bbox 1917 3692 3493 3770">
     <span class='ocr_line' id='line_1_81' title="bbox 1917 3692 3493 3770; baseline -0.011 -16"><span class='ocrx_word' id='word_1_597' title='bbox 1917 3716 2105 3764; x_wconf 87' lang='lat' dir='ltr'><strong>onere,</strong></span> <span class='ocrx_word' id='word_1_598' title='bbox 2138 3700 2281 3768; x_wconf 88' lang='lat' dir='ltr'><strong>quod</strong></span> <span class='ocrx_word' id='word_1_599' title='bbox 2324 3699 2585 3770; x_wconf 83' lang='lat' dir='ltr'><strong>gestabat,</strong></span> <span class='ocrx_word' id='word_1_600' title='bbox 2632 3697 2734 3752; x_wconf 86' lang='lat' dir='ltr'><strong>sibi</strong></span> <span class='ocrx_word' id='word_1_601' title='bbox 2796 3697 3014 3767; x_wconf 79' lang='lat' dir='ltr'><strong>placmis</strong></span> <span class='ocrx_word' id='word_1_602' title='bbox 3055 3695 3184 3748; x_wconf 92' lang='lat' dir='ltr'><strong>dum</strong></span> <span class='ocrx_word' id='word_1_603' title='bbox 3232 3692 3493 3743; x_wconf 88' lang='lat' dir='ltr'><strong>internam</strong></span> 
     </span>
    </p>
   </div>
   <div class='ocr_carea' id='block_1_82' title="bbox 1917 3779 3495 3857">
    <p class='ocr_par' dir='ltr' id='par_1_82' title="bbox 1917 3779 3495 3857">
     <span class='ocr_line' id='line_1_82' title="bbox 1917 3779 3495 3857; baseline -0.011 -12"><span class='ocrx_word' id='word_1_604' title='bbox 1917 3802 2129 3845; x_wconf 72' lang='lat' dir='ltr'><strong>natura:</strong></span> <span class='ocrx_word' id='word_1_605' title='bbox 2205 3791 2660 3857; x_wconf 87' lang='lat' dir='ltr'><strong>compositionem</strong></span> <span class='ocrx_word' id='word_1_606' title='bbox 2743 3790 2799 3842; x_wconf 88' lang='lat' dir='ltr'><strong>in</strong></span> <span class='ocrx_word' id='word_1_607' title='bbox 2875 3786 3122 3841; x_wconf 89' lang='lat' dir='ltr'><strong>manibus</strong></span> <span class='ocrx_word' id='word_1_608' title='bbox 3183 3779 3495 3836; x_wconf 85' lang='lat' dir='ltr'><strong>suavissime</strong></span> 
     </span>
    </p>
   </div>
   <div class='ocr_carea' id='block_1_83' title="bbox 1916 3876 3486 3948">
    <p class='ocr_par' dir='ltr' id='par_1_83' title="bbox 1916 3876 3486 3948">
     <span class='ocr_line' id='line_1_83' title="bbox 1916 3876 3486 3948; baseline -0.011 -12"><span class='ocrx_word' id='word_1_609' title='bbox 1916 3879 2350 3944; x_wconf 82' lang='lat' dir='ltr'><strong>circumferebat,</strong></span> <span class='ocrx_word' id='word_1_610' title='bbox 2383 3887 2442 3932; x_wconf 90' lang='lat' dir='ltr'><strong>ut</strong></span> <span class='ocrx_word' id='word_1_611' title='bbox 2470 3881 2557 3948; x_wconf 90' lang='lat' dir='ltr'><strong>qui</strong></span> <span class='ocrx_word' id='word_1_612' title='bbox 2583 3883 2862 3948; x_wconf 85' lang='lat' dir='ltr'><strong>gauderet,</strong></span> <span class='ocrx_word' id='word_1_613' title='bbox 2885 3878 3024 3946; x_wconf 84' lang='lat' dir='ltr'><strong>quod</strong></span> <span class='ocrx_word' id='word_1_614' title='bbox 3042 3892 3103 3929; x_wconf 89' lang='lat' dir='ltr'><strong>ea</strong></span> <span class='ocrx_word' id='word_1_615' title='bbox 3129 3876 3314 3926; x_wconf 86' lang='lat' dir='ltr'><strong>oblata</strong></span> <span class='ocrx_word' id='word_1_616' title='bbox 3342 3881 3486 3922; x_wconf 77' lang='lat' dir='ltr'><strong>esset</strong></span> 
     </span>
    </p>
   </div>
   <div class='ocr_carea' id='block_1_84' title="bbox 1917 3962 3498 4041">
    <p class='ocr_par' dir='ltr' id='par_1_84' title="bbox 1917 3962 3498 4041">
     <span class='ocr_line' id='line_1_84' title="bbox 1917 3962 3498 4041; baseline -0.011 -14"><span class='ocrx_word' id='word_1_617' title='bbox 1917 3973 2094 4030; x_wconf 82' lang='lat' dir='ltr'><strong>li0$tia</strong></span> <span class='ocrx_word' id='word_1_618' title='bbox 2130 3972 2180 4025; x_wconf 92' lang='lat' dir='ltr'><strong>ei</strong></span> <span class='ocrx_word' id='word_1_619' title='bbox 2208 3971 2300 4041; x_wconf 90' lang='lat' dir='ltr'><strong>qui</strong></span> <span class='ocrx_word' id='word_1_620' title='bbox 2340 3970 2688 4033; x_wconf 83' lang='lat' dir='ltr'><strong>formaverat,</strong></span> <span class='ocrx_word' id='word_1_621' title='bbox 2727 3977 2781 4022; x_wconf 90' lang='lat' dir='ltr'><strong>et</strong></span> <span class='ocrx_word' id='word_1_622' title='bbox 2831 3977 2982 4039; x_wconf 87' lang='lat' dir='ltr'><strong>grato</strong></span> <span class='ocrx_word' id='word_1_623' title='bbox 3042 3965 3224 4020; x_wconf 90' lang='lat' dir='ltr'><strong>animo</strong></span> <span class='ocrx_word' id='word_1_624' title='bbox 3285 3962 3498 4016; x_wconf 86' lang='lat' dir='ltr'><strong>reddita</strong></span> 
     </span>
    </p>
   </div>
   <div class='ocr_carea' id='block_1_85' title="bbox 1916 4057 3496 4134">
    <p class='ocr_par' dir='ltr' id='par_1_85' title="bbox 1916 4057 3496 4134">
     <span class='ocr_line' id='line_1_85' title="bbox 1916 4057 3496 4134; baseline -0.01 -13"><span class='ocrx_word' id='word_1_625' title='bbox 1916 4077 2061 4121; x_wconf 88' lang='lat' dir='ltr'><strong>esset</strong></span> <span class='ocrx_word' id='word_1_626' title='bbox 2092 4066 2140 4120; x_wconf 91' lang='lat' dir='ltr'><strong>ei</strong></span> <span class='ocrx_word' id='word_1_627' title='bbox 2160 4065 2250 4134; x_wconf 92' lang='lat' dir='ltr'><strong>qui</strong></span> <span class='ocrx_word' id='word_1_628' title='bbox 2270 4063 2511 4119; x_wconf 88' lang='lat' dir='ltr'><strong>dederat.</strong></span> <span class='ocrx_word' id='word_1_629' title='bbox 2531 4064 2663 4117; x_wconf 90' lang='lat' dir='ltr'><strong>Cum</strong></span> <span class='ocrx_word' id='word_1_630' title='bbox 2683 4078 2810 4133; x_wconf 87' lang='lat' dir='ltr'><strong>ergo</strong></span> <span class='ocrx_word' id='word_1_631' title='bbox 2831 4063 2937 4116; x_wconf 90' lang='lat' dir='ltr'><strong>duo</strong></span> <span class='ocrx_word' id='word_1_632' title='bbox 2959 4060 3129 4115; x_wconf 89' lang='lat' dir='ltr'><strong>stadia</strong></span> <span class='ocrx_word' id='word_1_633' title='bbox 3152 4057 3496 4128; x_wconf 71' lang='lat' dir='ltr'><strong>pervasisset.</strong></span> 
     </span>
    </p>
   </div>
   <div class='ocr_carea' id='block_1_86' title="bbox 1915 4147 3495 4223">
    <p class='ocr_par' dir='ltr' id='par_1_86' title="bbox 1915 4147 3495 4223">
     <span class='ocr_line' id='line_1_86' title="bbox 1915 4147 3495 4223; baseline -0.009 -12"><span class='ocrx_word' id='word_1_634' title='bbox 1915 4167 1970 4212; x_wconf 88' lang='lat' dir='ltr'><strong>et</strong></span> <span class='ocrx_word' id='word_1_635' title='bbox 1991 4157 2210 4209; x_wconf 86' lang='lat' dir='ltr'><strong>Christo</strong></span> <span class='ocrx_word' id='word_1_636' title='bbox 2244 4155 2582 4223; x_wconf 67' lang='lat' dir='ltr'><strong>agonotbeta:</strong></span> <span class='ocrx_word' id='word_1_637' title='bbox 2612 4153 2783 4204; x_wconf 81' lang='lat' dir='ltr'><strong>visunt</strong></span> <span class='ocrx_word' id='word_1_638' title='bbox 2824 4163 2970 4205; x_wconf 85' lang='lat' dir='ltr'><strong>esset</strong></span> <span class='ocrx_word' id='word_1_639' title='bbox 3003 4168 3126 4204; x_wconf 80' lang='lat' dir='ltr'><strong>enin</strong></span> <span class='ocrx_word' id='word_1_640' title='bbox 3188 4149 3317 4203; x_wconf 89' lang='lat' dir='ltr'><strong>satis</strong></span> <span class='ocrx_word' id='word_1_641' title='bbox 3351 4147 3495 4202; x_wconf 83' lang='lat' dir='ltr'><strong>labo-</strong></span> 
     </span>
    </p>
   </div>
   <div class='ocr_carea' id='block_1_87' title="bbox 1918 4235 3496 4312">
    <p class='ocr_par' dir='ltr' id='par_1_87' title="bbox 1918 4235 3496 4312">
     <span class='ocr_line' id='line_1_87' title="bbox 1918 4235 3496 4312; baseline -0.009 -12"><span class='ocrx_word' id='word_1_642' title='bbox 1918 4262 2086 4311; x_wconf 89' lang='lat' dir='ltr'><strong>rasse,</strong></span> <span class='ocrx_word' id='word_1_643' title='bbox 2115 4244 2380 4299; x_wconf 89' lang='lat' dir='ltr'><strong>recumbit</strong></span> <span class='ocrx_word' id='word_1_644' title='bbox 2405 4243 2457 4296; x_wconf 89' lang='lat' dir='ltr'><strong>in</strong></span> <span class='ocrx_word' id='word_1_645' title='bbox 2487 4242 2717 4312; x_wconf 85' lang='lat' dir='ltr'><strong>quadam</strong></span> <span class='ocrx_word' id='word_1_646' title='bbox 2771 4243 3046 4311; x_wconf 90' lang='lat' dir='ltr'><strong>spelunca,</strong></span> <span class='ocrx_word' id='word_1_647' title='bbox 3092 4249 3144 4292; x_wconf 91' lang='lat' dir='ltr'><strong>et</strong></span> <span class='ocrx_word' id='word_1_648' title='bbox 3197 4239 3391 4306; x_wconf 87' lang='lat' dir='ltr'><strong>aspicit</strong></span> <span class='ocrx_word' id='word_1_649' title='bbox 3429 4235 3496 4288; x_wconf 89' lang='lat' dir='ltr'><strong>ad</strong></span> 
     </span>
    </p>
   </div>
   <div class='ocr_carea' id='block_1_88' title="bbox 1921 4328 3496 4405">
    <p class='ocr_par' dir='ltr' id='par_1_88' title="bbox 1921 4328 3496 4405">
     <span class='ocr_line' id='line_1_88' title="bbox 1921 4328 3496 4405; baseline -0.01 -13"><span class='ocrx_word' id='word_1_650' title='bbox 1921 4353 2034 4400; x_wconf 87' lang='lat' dir='ltr'><strong>eas,</strong></span> <span class='ocrx_word' id='word_1_651' title='bbox 2068 4351 2186 4405; x_wconf 76' lang='lat' dir='ltr'><strong>qua:</strong></span> <span class='ocrx_word' id='word_1_652' title='bbox 2238 4335 2348 4388; x_wconf 91' lang='lat' dir='ltr'><strong>illic</strong></span> <span class='ocrx_word' id='word_1_653' title='bbox 2401 4342 2549 4398; x_wconf 87' lang='lat' dir='ltr'><strong>sunt,</strong></span> <span class='ocrx_word' id='word_1_654' title='bbox 2599 4347 2848 4386; x_wconf 89' lang='lat' dir='ltr'><strong>coronas.</strong></span> <span class='ocrx_word' id='word_1_655' title='bbox 2899 4329 3012 4384; x_wconf 81' lang='lat' dir='ltr'><strong>Vox</strong></span> <span class='ocrx_word' id='word_1_656' title='bbox 3039 4339 3220 4383; x_wconf 86' lang='lat' dir='ltr'><strong>autem</strong></span> <span class='ocrx_word' id='word_1_657' title='bbox 3268 4328 3496 4394; x_wconf 83' lang='lat' dir='ltr'><strong>desuper</strong></span> 
     </span>
    </p>
   </div>
   <div class='ocr_carea' id='block_1_89' title="bbox 1922 4419 3501 4491">
    <p class='ocr_par' dir='ltr' id='par_1_89' title="bbox 1922 4419 3501 4491">
     <span class='ocr_line' id='line_1_89' title="bbox 1922 4419 3501 4491; baseline -0.011 -8"><span class='ocrx_word' id='word_1_658' title='bbox 1922 4428 2152 4491; x_wconf 82' lang='lat' dir='ltr'><strong>exstitit,</strong></span> <span class='ocrx_word' id='word_1_659' title='bbox 2192 4440 2389 4479; x_wconf 82' lang='lat' dir='ltr'><strong>vocans</strong></span> <span class='ocrx_word' id='word_1_660' title='bbox 2451 4425 2710 4478; x_wconf 85' lang='lat' dir='ltr'><strong>athletam</strong></span> <span class='ocrx_word' id='word_1_661' title='bbox 2752 4424 2818 4477; x_wconf 90' lang='lat' dir='ltr'><strong>ad</strong></span> <span class='ocrx_word' id='word_1_662' title='bbox 2853 4432 3053 4475; x_wconf 72' lang='lat' dir='ltr'><strong>aeterna</strong></span> <span class='ocrx_word' id='word_1_663' title='bbox 3109 4421 3196 4473; x_wconf 90' lang='lat' dir='ltr'><strong>illa</strong></span> <span class='ocrx_word' id='word_1_664' title='bbox 3250 4419 3501 4470; x_wconf 86' lang='lat' dir='ltr'><strong>taberna-</strong></span> 
     </span>
    </p>
   </div>
   <div class='ocr_carea' id='block_1_90' title="bbox 237 4510 3498 4588">
    <p class='ocr_par' dir='ltr' id='par_1_90' title="bbox 237 4510 3498 4588">
     <span class='ocr_line' id='line_1_90' title="bbox 237 4510 3498 4588; baseline -0.006 -13"><span class='ocrx_word' id='word_1_665' title='bbox 237 4523 426 4581; x_wconf 81' lang='lat' dir='ltr'><strong>lODgas</strong></span> <span class='ocrx_word' id='word_1_666' title='bbox 455 4512 509 4565; x_wconf 91' lang='lat' dir='ltr'><strong>in</strong></span> <span class='ocrx_word' id='word_1_667' title='bbox 541 4511 1080 4583; x_wconf 79' lang='lat' dir='ltr'><strong>cumeﬂ‘uditnugas,</strong></span> <span class='ocrx_word' id='word_1_668' title='bbox 1120 4529 1242 4568; x_wconf 89' lang='lat' dir='ltr'><strong>eum</strong></span> <span class='ocrx_word' id='word_1_669' title='bbox 1279 4517 1811 4588; x_wconf 29' lang='lat' dir='ltr'><strong>insirnulansr&#39;magiaa</strong></span> <span class='ocrx_word' id='word_1_670' title='bbox 1847 4535 1886 4586; x_wconf 83' lang='grc' dir='ltr'><strong>ι)</strong></span> <span class='ocrx_word' id='word_1_671' title='bbox 1917 4519 2036 4570; x_wconf 89' lang='lat' dir='ltr'><strong>eula</strong></span> <span class='ocrx_word' id='word_1_672' title='bbox 2061 4528 2114 4568; x_wconf 89' lang='lat' dir='ltr'><strong>et</strong></span> <span class='ocrx_word' id='word_1_673' title='bbox 2141 4515 2378 4582; x_wconf 64' lang='lat' dir='ltr'><strong>prmmia,</strong></span> <span class='ocrx_word' id='word_1_674' title='bbox 2441 4515 2508 4566; x_wconf 89' lang='lat' dir='ltr'><strong>ad</strong></span> <span class='ocrx_word' id='word_1_675' title='bbox 2557 4529 2682 4566; x_wconf 89' lang='lat' dir='ltr'><strong>eum</strong></span> <span class='ocrx_word' id='word_1_676' title='bbox 2732 4513 2823 4581; x_wconf 90' lang='lat' dir='ltr'><strong>qui</strong></span> <span class='ocrx_word' id='word_1_677' title='bbox 2855 4513 2961 4565; x_wconf 86' lang='lat' dir='ltr'><strong>illic</strong></span> <span class='ocrx_word' id='word_1_678' title='bbox 3013 4519 3092 4564; x_wconf 85' lang='lat' dir='ltr'><strong>cst</strong></span> <span class='ocrx_word' id='word_1_679' title='bbox 3132 4510 3498 4578; x_wconf 81' lang='lat' dir='ltr'><strong>splendorem,</strong></span> 
     </span>
    </p>
   </div>
   <div class='ocr_carea' id='block_1_91' title="bbox 235 4603 1806 4669">
    <p class='ocr_par' dir='ltr' id='par_1_91' title="bbox 235 4603 1806 4669">
     <span class='ocr_line' id='line_1_91' title="bbox 235 4603 1806 4669; baseline 0.005 -13"><span class='ocrx_word' id='word_1_680' title='bbox 235 4613 291 4657; x_wconf 84' lang='lat' dir='ltr'><strong>et</strong></span> <span class='ocrx_word' id='word_1_681' title='bbox 317 4603 588 4669; x_wconf 70' lang='lat' dir='ltr'><strong>veneficii,</strong></span> <span class='ocrx_word' id='word_1_682' title='bbox 620 4612 676 4658; x_wconf 89' lang='lat' dir='ltr'><strong>et</strong></span> <span class='ocrx_word' id='word_1_683' title='bbox 710 4605 828 4660; x_wconf 59' lang='lat' dir='ltr'><strong>hac</strong></span> <span class='ocrx_word' id='word_1_684' title='bbox 862 4621 1059 4661; x_wconf 89' lang='lat' dir='ltr'><strong>vocans</strong></span> <span class='ocrx_word' id='word_1_685' title='bbox 1108 4607 1461 4663; x_wconf 69' lang='lat' dir='ltr'><strong>daemoniaca.</strong></span> <span class='ocrx_word' id='word_1_686' title='bbox 1503 4608 1599 4663; x_wconf 82' lang='lat' dir='ltr'><strong>ille</strong></span> <span class='ocrx_word' id='word_1_687' title='bbox 1623 4621 1806 4665; x_wconf 88' lang='lat' dir='ltr'><strong>autem</strong></span> 
     </span>
    </p>
   </div>
   <div class='ocr_carea' id='block_1_92' title="bbox 236 4697 1808 4772">
    <p class='ocr_par' dir='ltr' id='par_1_92' title="bbox 236 4697 1808 4772">
     <span class='ocr_line' id='line_1_92' title="bbox 236 4697 1808 4772; baseline 0.005 -22"><span class='ocrx_word' id='word_1_688' title='bbox 236 4713 306 4752; x_wconf 89' lang='lat' dir='ltr'><strong>ne</strong></span> <span class='ocrx_word' id='word_1_689' title='bbox 331 4712 592 4768; x_wconf 79' lang='lat' dir='ltr'><strong>reSponSo</strong></span> <span class='ocrx_word' id='word_1_690' title='bbox 621 4697 838 4767; x_wconf 89' lang='lat' dir='ltr'><strong>quidem</strong></span> <span class='ocrx_word' id='word_1_691' title='bbox 899 4714 1024 4753; x_wconf 89' lang='lat' dir='ltr'><strong>eum</strong></span> <span class='ocrx_word' id='word_1_692' title='bbox 1064 4711 1148 4754; x_wconf 90' lang='lat' dir='ltr'><strong>est</strong></span> <span class='ocrx_word' id='word_1_693' title='bbox 1179 4700 1447 4771; x_wconf 84' lang='lat' dir='ltr'><strong>dignatus.</strong></span> <span class='ocrx_word' id='word_1_694' title='bbox 1486 4701 1550 4756; x_wconf 80' lang='lat' dir='ltr'><strong>Et</strong></span> <span class='ocrx_word' id='word_1_695' title='bbox 1614 4719 1808 4772; x_wconf 67' lang='lat' dir='ltr'><strong>prazses</strong></span> 
     </span>
    </p>
   </div>
   <div class='ocr_carea' id='block_1_93' title="bbox 236 4789 1812 4858">
    <p class='ocr_par' dir='ltr' id='par_1_93' title="bbox 236 4789 1812 4858">
     <span class='ocr_line' id='line_1_93' title="bbox 236 4789 1812 4858; baseline 0.005 -19"><span class='ocrx_word' id='word_1_696' title='bbox 236 4789 452 4858; x_wconf 82' lang='lat' dir='ltr'><strong>quidem</strong></span> <span class='ocrx_word' id='word_1_697' title='bbox 491 4804 615 4841; x_wconf 90' lang='lat' dir='ltr'><strong>eum</strong></span> <span class='ocrx_word' id='word_1_698' title='bbox 672 4790 894 4843; x_wconf 75' lang='lat' dir='ltr'><strong>deduxit</strong></span> <span class='ocrx_word' id='word_1_699' title='bbox 948 4790 1015 4843; x_wconf 92' lang='lat' dir='ltr'><strong>ad</strong></span> <span class='ocrx_word' id='word_1_700' title='bbox 1077 4799 1366 4854; x_wconf 86' lang='lat' dir='ltr'><strong>certamen,</strong></span> <span class='ocrx_word' id='word_1_701' title='bbox 1429 4790 1692 4854; x_wconf 80' lang='lat' dir='ltr'><strong>futurum,</strong></span> <span class='ocrx_word' id='word_1_702' title='bbox 1753 4802 1812 4847; x_wconf 88' lang='lat' dir='ltr'><strong>ut</strong></span> 
     </span>
    </p>
   </div>
   <div class='ocr_carea' id='block_1_94' title="bbox 236 4880 1811 4952">
    <p class='ocr_par' dir='ltr' id='par_1_94' title="bbox 236 4880 1811 4952">
     <span class='ocr_line' id='line_1_94' title="bbox 236 4880 1811 4952; baseline 0.003 -18"><span class='ocrx_word' id='word_1_703' title='bbox 236 4880 480 4949; x_wconf 82' lang='lat' dir='ltr'><strong>putabat.</strong></span> <span class='ocrx_word' id='word_1_704' title='bbox 546 4893 754 4933; x_wconf 73' lang='lat' dir='ltr'><strong>cmnam</strong></span> <span class='ocrx_word' id='word_1_705' title='bbox 817 4880 1029 4935; x_wconf 86' lang='lat' dir='ltr'><strong>bestiis.</strong></span> <span class='ocrx_word' id='word_1_706' title='bbox 1095 4881 1186 4934; x_wconf 88' lang='lat' dir='ltr'><strong>llle</strong></span> <span class='ocrx_word' id='word_1_707' title='bbox 1246 4891 1424 4935; x_wconf 89' lang='lat' dir='ltr'><strong>autem</strong></span> <span class='ocrx_word' id='word_1_708' title='bbox 1483 4886 1811 4952; x_wconf 77' lang='lat' dir='ltr'><strong>sequebatur</strong></span> 
     </span>
    </p>
   </div>
   <div class='ocr_carea' id='block_1_95' title="bbox 235 4969 1806 5042">
    <p class='ocr_par' dir='ltr' id='par_1_95' title="bbox 235 4969 1806 5042">
     <span class='ocr_line' id='line_1_95' title="bbox 235 4969 1806 5042; baseline 0.001 -18"><span class='ocrx_word' id='word_1_709' title='bbox 235 4969 548 5024; x_wconf 89' lang='lat' dir='ltr'><strong>subridens.</strong></span> <span class='ocrx_word' id='word_1_710' title='bbox 588 4969 651 5024; x_wconf 80' lang='lat' dir='ltr'><strong>Et</strong></span> <span class='ocrx_word' id='word_1_711' title='bbox 681 4971 734 5024; x_wconf 83' lang='lat' dir='ltr'><strong>in</strong></span> <span class='ocrx_word' id='word_1_712' title='bbox 768 4981 1054 5042; x_wconf 82' lang='lat' dir='ltr'><strong>martyrem</strong></span> <span class='ocrx_word' id='word_1_713' title='bbox 1110 4969 1328 5040; x_wconf 88' lang='lat' dir='ltr'><strong>quidem</strong></span> <span class='ocrx_word' id='word_1_714' title='bbox 1382 4971 1656 5026; x_wconf 89' lang='lat' dir='ltr'><strong>immissus</strong></span> <span class='ocrx_word' id='word_1_715' title='bbox 1706 4974 1806 5026; x_wconf 84' lang='lat' dir='ltr'><strong>fuit</strong></span> 
     </span>
    </p>
   </div>
   <div class='ocr_carea' id='block_1_96' title="bbox 236 5061 1805 5134">
    <p class='ocr_par' dir='ltr' id='par_1_96' title="bbox 236 5061 1805 5134">
     <span class='ocr_line' id='line_1_96' title="bbox 236 5061 1805 5134; baseline 0.001 -18"><span class='ocrx_word' id='word_1_716' title='bbox 236 5061 461 5131; x_wconf 88' lang='lat' dir='ltr'><strong>pardus,</strong></span> <span class='ocrx_word' id='word_1_717' title='bbox 495 5071 550 5117; x_wconf 90' lang='lat' dir='ltr'><strong>et</strong></span> <span class='ocrx_word' id='word_1_718' title='bbox 577 5076 754 5116; x_wconf 60' lang='lat' dir='ltr'><strong>saevus</strong></span> <span class='ocrx_word' id='word_1_719' title='bbox 805 5078 984 5122; x_wconf 87' lang='lat' dir='ltr'><strong>ursus.</strong></span> <span class='ocrx_word' id='word_1_720' title='bbox 1037 5062 1142 5118; x_wconf 89' lang='lat' dir='ltr'><strong>Sed</strong></span> <span class='ocrx_word' id='word_1_721' title='bbox 1208 5079 1369 5119; x_wconf 89' lang='lat' dir='ltr'><strong>ursus</strong></span> <span class='ocrx_word' id='word_1_722' title='bbox 1414 5065 1628 5134; x_wconf 90' lang='lat' dir='ltr'><strong>quidem</strong></span> <span class='ocrx_word' id='word_1_723' title='bbox 1679 5079 1805 5120; x_wconf 91' lang='lat' dir='ltr'><strong>eum</strong></span> 
     </span>
    </p>
   </div>
   <div class='ocr_carea' id='block_1_97' title="bbox 1913 4599 3498 4675">
    <p class='ocr_par' dir='ltr' id='par_1_97' title="bbox 1913 4599 3498 4675">
     <span class='ocr_line' id='line_1_97' title="bbox 1913 4599 3498 4675; baseline -0.008 -14"><span class='ocrx_word' id='word_1_724' title='bbox 1913 4616 1967 4661; x_wconf 90' lang='lat' dir='ltr'><strong>et</strong></span> <span class='ocrx_word' id='word_1_725' title='bbox 1999 4607 2241 4670; x_wconf 88' lang='lat' dir='ltr'><strong>delicias,</strong></span> <span class='ocrx_word' id='word_1_726' title='bbox 2293 4607 2358 4660; x_wconf 89' lang='lat' dir='ltr'><strong>ad</strong></span> <span class='ocrx_word' id='word_1_727' title='bbox 2413 4615 2552 4675; x_wconf 88' lang='lat' dir='ltr'><strong>quas</strong></span> <span class='ocrx_word' id='word_1_728' title='bbox 2606 4603 2803 4658; x_wconf 86' lang='lat' dir='ltr'><strong>transit</strong></span> <span class='ocrx_word' id='word_1_729' title='bbox 2831 4603 3098 4672; x_wconf 89' lang='lat' dir='ltr'><strong>protinus,</strong></span> <span class='ocrx_word' id='word_1_730' title='bbox 3140 4601 3206 4652; x_wconf 90' lang='lat' dir='ltr'><strong>ab</strong></span> <span class='ocrx_word' id='word_1_731' title='bbox 3255 4599 3361 4652; x_wconf 88' lang='lat' dir='ltr'><strong>illis</strong></span> <span class='ocrx_word' id='word_1_732' title='bbox 3401 4611 3498 4650; x_wconf 68' lang='lat' dir='ltr'><strong>cx-</strong></span> 
     </span>
    </p>
   </div>
   <div class='ocr_carea' id='block_1_98' title="bbox 1914 4692 3498 4769">
    <p class='ocr_par' dir='ltr' id='par_1_98' title="bbox 1914 4692 3498 4769">
     <span class='ocr_line' id='line_1_98' title="bbox 1914 4692 3498 4769; baseline -0.009 -15"><span class='ocrx_word' id='word_1_733' title='bbox 1914 4710 2105 4769; x_wconf 85' lang='lat' dir='ltr'><strong>ccptus</strong></span> <span class='ocrx_word' id='word_1_734' title='bbox 2155 4699 2399 4754; x_wconf 89' lang='lat' dir='ltr'><strong>secundo</strong></span> <span class='ocrx_word' id='word_1_735' title='bbox 2465 4698 2666 4750; x_wconf 87' lang='lat' dir='ltr'><strong>mensis</strong></span> <span class='ocrx_word' id='word_1_736' title='bbox 2743 4696 3097 4764; x_wconf 89' lang='lat' dir='ltr'><strong>Septembris.</strong></span> <span class='ocrx_word' id='word_1_737' title='bbox 3135 4692 3282 4757; x_wconf 85' lang='lat' dir='ltr'><strong>Quas</strong></span> <span class='ocrx_word' id='word_1_738' title='bbox 3339 4693 3498 4743; x_wconf 88' lang='lat' dir='ltr'><strong>detur</strong></span> 
     </span>
    </p>
   </div>
   <div class='ocr_carea' id='block_1_99' title="bbox 1912 4781 3496 4860">
    <p class='ocr_par' dir='ltr' id='par_1_99' title="bbox 1912 4781 3496 4860">
     <span class='ocr_line' id='line_1_99' title="bbox 1912 4781 3496 4860; baseline -0.008 -15"><span class='ocrx_word' id='word_1_739' title='bbox 1912 4794 2164 4846; x_wconf 91' lang='lat' dir='ltr'><strong>omnibus</strong></span> <span class='ocrx_word' id='word_1_740' title='bbox 2187 4794 2344 4848; x_wconf 88' lang='lat' dir='ltr'><strong>nobis</strong></span> <span class='ocrx_word' id='word_1_741' title='bbox 2376 4793 2630 4854; x_wconf 87' lang='lat' dir='ltr'><strong>consequi</strong></span> <span class='ocrx_word' id='word_1_742' title='bbox 2660 4789 2831 4860; x_wconf 89' lang='lat' dir='ltr'><strong>gratia</strong></span> <span class='ocrx_word' id='word_1_743' title='bbox 2855 4799 2909 4843; x_wconf 89' lang='lat' dir='ltr'><strong>et</strong></span> <span class='ocrx_word' id='word_1_744' title='bbox 2932 4789 3264 4858; x_wconf 88' lang='lat' dir='ltr'><strong>benignitate</strong></span> <span class='ocrx_word' id='word_1_745' title='bbox 3287 4781 3496 4846; x_wconf 61' lang='lat' dir='ltr'><strong>Donini</strong></span> 
     </span>
    </p>
   </div>
   <div class='ocr_carea' id='block_1_100' title="bbox 1915 4878 3495 4950">
    <p class='ocr_par' dir='ltr' id='par_1_100' title="bbox 1915 4878 3495 4950">
     <span class='ocr_line' id='line_1_100' title="bbox 1915 4878 3495 4950; baseline -0.006 -12"><span class='ocrx_word' id='word_1_746' title='bbox 1915 4883 2087 4938; x_wconf 80' lang='lat' dir='ltr'><strong>nostri</strong></span> <span class='ocrx_word' id='word_1_747' title='bbox 2118 4878 2244 4939; x_wconf 89' lang='lat' dir='ltr'><strong>Jcsu</strong></span> <span class='ocrx_word' id='word_1_748' title='bbox 2275 4883 2639 4946; x_wconf 71' lang='lat' dir='ltr'><strong>ChriSti,cum</strong></span> <span class='ocrx_word' id='word_1_749' title='bbox 2665 4897 2772 4950; x_wconf 87' lang='lat' dir='ltr'><strong>quo</strong></span> <span class='ocrx_word' id='word_1_750' title='bbox 2803 4881 2943 4941; x_wconf 84' lang='lat' dir='ltr'><strong>Patri</strong></span> <span class='ocrx_word' id='word_1_751' title='bbox 2965 4880 3121 4934; x_wconf 89' lang='lat' dir='ltr'><strong>simul</strong></span> <span class='ocrx_word' id='word_1_752' title='bbox 3157 4894 3280 4932; x_wconf 91' lang='lat' dir='ltr'><strong>cum</strong></span> <span class='ocrx_word' id='word_1_753' title='bbox 3308 4883 3495 4932; x_wconf 90' lang='lat' dir='ltr'><strong>sancto</strong></span> 
     </span>
    </p>
   </div>
   <div class='ocr_carea' id='block_1_101' title="bbox 1918 4975 3492 5047">
    <p class='ocr_par' dir='ltr' id='par_1_101' title="bbox 1918 4975 3492 5047">
     <span class='ocr_line' id='line_1_101' title="bbox 1918 4975 3492 5047; baseline -0.005 -17"><span class='ocrx_word' id='word_1_754' title='bbox 1918 4977 2118 5046; x_wconf 86' lang='lat' dir='ltr'><strong>Spiritu</strong></span> <span class='ocrx_word' id='word_1_755' title='bbox 2153 4976 2338 5047; x_wconf 87' lang='lat' dir='ltr'><strong>gloria,</strong></span> <span class='ocrx_word' id='word_1_756' title='bbox 2372 4976 2543 5029; x_wconf 90' lang='lat' dir='ltr'><strong>honor</strong></span> <span class='ocrx_word' id='word_1_757' title='bbox 2573 4987 2626 5030; x_wconf 92' lang='lat' dir='ltr'><strong>et</strong></span> <span class='ocrx_word' id='word_1_758' title='bbox 2677 4975 2937 5044; x_wconf 87' lang='lat' dir='ltr'><strong>potentia,</strong></span> <span class='ocrx_word' id='word_1_759' title='bbox 2992 4987 3138 5028; x_wconf 88' lang='lat' dir='ltr'><strong>nunc</strong></span> <span class='ocrx_word' id='word_1_760' title='bbox 3164 4980 3219 5028; x_wconf 90' lang='lat' dir='ltr'><strong>et</strong></span> <span class='ocrx_word' id='word_1_761' title='bbox 3256 4983 3492 5040; x_wconf 80' lang='lat' dir='ltr'><strong>semper,</strong></span> 
     </span>
    </p>
   </div>
   <div class='ocr_carea' id='block_1_102' title="bbox 1914 5069 2903 5125">
    <p class='ocr_par' dir='ltr' id='par_1_102' title="bbox 1914 5069 2903 5125">
     <span class='ocr_line' id='line_1_102' title="bbox 1914 5069 2903 5125; baseline -0.005 -1"><span class='ocrx_word' id='word_1_762' title='bbox 1914 5079 1967 5124; x_wconf 88' lang='lat' dir='ltr'><strong>et</strong></span> <span class='ocrx_word' id='word_1_763' title='bbox 2007 5069 2281 5123; x_wconf 69' lang='grc' dir='ltr'><strong>ἰιι·εωου1α</strong></span> <span class='ocrx_word' id='word_1_764' title='bbox 2322 5069 2666 5125; x_wconf 63' lang='lat' dir='ltr'><strong>sreculorum.</strong></span> <span class='ocrx_word' id='word_1_765' title='bbox 2715 5069 2903 5119; x_wconf 82' lang='lat' dir='ltr'><strong>Amen.</strong></span> 
     </span>
    </p>
   </div>
  </div>
