  <div class='ocr_page' id='page_1' title='image "/cluster/home/n/w/nwhite01/storage/ocr_20150623/115/nnc1.0046980261/305.png"; bbox 0 0 4198 6438; ppageno 0'>
   <div class='ocr_carea' id='block_1_1' title="bbox 739 392 2361 471">
    <p class='ocr_par' dir='ltr' id='par_1_1' title="bbox 739 392 2353 458">
     <span class='ocr_line' id='line_1_1' title="bbox 739 392 2353 458; baseline 0.002 -7"><span class='ocrx_word' id='word_1_1' title='bbox 739 392 843 451; x_wconf 73' lang='grc' dir='ltr'>5ῗῦ</span> <span class='ocrx_word' id='word_1_2' title='bbox 1982 396 2268 458; x_wconf 83' lang='lat' dir='ltr'><strong>MENSIS</strong></span> <span class='ocrx_word' id='word_1_3' title='bbox 2310 397 2353 455; x_wconf 81' lang='grc' dir='ltr'>Α</span> 
     </span>
    </p>
   </div>
   <div class='ocr_carea' id='block_1_2' title="bbox 2429 392 3982 471">
    <p class='ocr_par' dir='ltr' id='par_1_2' title="bbox 2429 400 3982 471">
     <span class='ocr_line' id='line_1_2' title="bbox 2429 400 3982 471; baseline 0.006 -12"><span class='ocrx_word' id='word_1_4' title='bbox 2429 401 2519 460; x_wconf 71' lang='grc'><strong>311]</strong></span> <span class='ocrx_word' id='word_1_5' title='bbox 2529 400 2736 462; x_wconf 87' lang='lat' dir='ltr'><strong>STUS.</strong></span> <span class='ocrx_word' id='word_1_6' title='bbox 3877 409 3982 471; x_wconf 77' lang='grc'><strong>576</strong></span> 
     </span>
    </p>
   </div>
   <div class='ocr_carea' id='block_1_3' title="bbox 849 587 2473 612">
    <p class='ocr_par' dir='ltr' id='par_1_3' title="bbox 2145 587 2473 592">
     <span class='ocr_line' id='line_1_3' title="bbox 2145 587 2473 592; baseline 0.003 -1"><span class='ocrx_word' id='word_1_7' title='bbox 2145 587 2473 592; x_wconf 37' lang='grc' dir='ltr'><strong>νὴ-</strong></span> 
     </span>
    </p>
   </div>
   <div class='ocr_carea' id='block_1_4' title="bbox 1663 575 3948 598">
    <p class='ocr_par' dir='ltr' id='par_1_4' title="bbox 1663 575 3948 598">
     <span class='ocr_line' id='line_1_4' title="bbox 1663 575 3948 598; baseline 0 0"><span class='ocrx_word' id='word_1_8' title='bbox 1663 575 3948 598; x_wconf 54' lang='grc' dir='ltr'>Μ</span> 
     </span>
    </p>
   </div>
   <div class='ocr_carea' id='block_1_5' title="bbox 2478 597 2941 612">
    <p class='ocr_par' dir='ltr' id='par_1_5' title="bbox 2478 597 2941 612">
     <span class='ocr_line' id='line_1_5' title="bbox 2478 597 2941 612; baseline -0.002 0"><span class='ocrx_word' id='word_1_9' title='bbox 2478 597 2941 612; x_wconf 50' lang='grc' dir='ltr'><strong>-ο--ὼ</strong></span> 
     </span>
    </p>
   </div>
   <div class='ocr_carea' id='block_1_6' title="bbox 1931 747 2802 866">
    <p class='ocr_par' dir='ltr' id='par_1_6' title="bbox 1931 747 2802 866">
     <span class='ocr_line' id='line_1_6' title="bbox 1931 747 2802 866; baseline 0.009 -10"><span class='ocrx_word' id='word_1_10' title='bbox 1931 747 2802 866; x_wconf 81' lang='lat' dir='ltr'><strong>MARTYBIUM</strong></span> 
     </span>
    </p>
   </div>
   <div class='ocr_carea' id='block_1_7' title="bbox 747 985 3972 1162">
    <p class='ocr_par' dir='ltr' id='par_1_7' title="bbox 747 985 3972 1162">
     <span class='ocr_line' id='line_1_7' title="bbox 747 985 3972 1162; baseline 0.005 -21"><span class='ocrx_word' id='word_1_11' title='bbox 747 985 1904 1149; x_wconf 80' lang='lat' dir='ltr'><strong>SANCTORUM</strong></span> <span class='ocrx_word' id='word_1_12' title='bbox 1999 995 2566 1151; x_wconf 90' lang='lat' dir='ltr'><strong>PAULI</strong></span> <span class='ocrx_word' id='word_1_13' title='bbox 2681 999 2926 1151; x_wconf 90' lang='lat' dir='ltr'><strong>ET</strong></span> <span class='ocrx_word' id='word_1_14' title='bbox 3040 1004 3972 1162; x_wconf 65' lang='lat' dir='ltr'><strong>JULIANfE.</strong></span> 
     </span>
    </p>
   </div>
   <div class='ocr_carea' id='block_1_8' title="bbox 1423 1261 3308 1338">
    <p class='ocr_par' dir='ltr' id='par_1_8' title="bbox 1423 1261 3308 1338">
     <span class='ocr_line' id='line_1_8' title="bbox 1423 1261 3308 1338; baseline 0.006 -14"><span class='ocrx_word' id='word_1_15' title='bbox 1423 1265 1557 1338; x_wconf 86' lang='lat' dir='ltr'><strong>QUI</strong></span> <span class='ocrx_word' id='word_1_16' title='bbox 1607 1263 1813 1325; x_wconf 81' lang='lat' dir='ltr'><strong>APUD</strong></span> <span class='ocrx_word' id='word_1_17' title='bbox 1863 1261 2130 1324; x_wconf 78' lang='lat' dir='ltr'><strong>URBEM</strong></span> <span class='ocrx_word' id='word_1_18' title='bbox 2177 1265 2768 1329; x_wconf 83' lang='lat' dir='ltr'><strong>PTOLEMAIDEM</strong></span> <span class='ocrx_word' id='word_1_19' title='bbox 2813 1270 3035 1332; x_wconf 80' lang='lat' dir='ltr'><strong>PASSI</strong></span> <span class='ocrx_word' id='word_1_20' title='bbox 3081 1270 3308 1336; x_wconf 86' lang='lat' dir='ltr'><strong>SUNT.</strong></span> 
     </span>
    </p>
   </div>
   <div class='ocr_carea' id='block_1_9' title="bbox 1243 1428 3481 1505">
    <p class='ocr_par' dir='ltr' id='par_1_9' title="bbox 1243 1428 3481 1505">
     <span class='ocr_line' id='line_1_9' title="bbox 1243 1428 3481 1505; baseline 0.007 -28"><span class='ocrx_word' id='word_1_21' title='bbox 1243 1428 1440 1489; x_wconf 80' lang='lat' dir='ltr'><strong>(Latine</strong></span> <span class='ocrx_word' id='word_1_22' title='bbox 1468 1429 1595 1490; x_wconf 79' lang='lat' dir='ltr'><strong>apud</strong></span> <span class='ocrx_word' id='word_1_23' title='bbox 1633 1428 1828 1477; x_wconf 91' lang='lat' dir='ltr'><strong>Surium</strong></span> <span class='ocrx_word' id='word_1_24' title='bbox 1852 1431 1910 1478; x_wconf 88' lang='lat' dir='ltr'><strong>ad</strong></span> <span class='ocrx_word' id='word_1_25' title='bbox 1943 1431 2073 1479; x_wconf 91' lang='lat' dir='ltr'><strong>diem</strong></span> <span class='ocrx_word' id='word_1_26' title='bbox 2104 1430 2154 1478; x_wconf 83' lang='grc' dir='ltr'><strong><em>Π</em></strong></span> <span class='ocrx_word' id='word_1_27' title='bbox 2189 1429 2424 1490; x_wconf 74' lang='lat' dir='ltr'><strong>Augusti.</strong></span> <span class='ocrx_word' id='word_1_28' title='bbox 2461 1457 2522 1468; x_wconf 95' lang='lat'><strong>—</strong></span> <span class='ocrx_word' id='word_1_29' title='bbox 2548 1432 2717 1482; x_wconf 68' lang='lat' dir='ltr'><strong>Graece</strong></span> <span class='ocrx_word' id='word_1_30' title='bbox 2747 1446 2844 1481; x_wconf 91' lang='lat' dir='ltr'><strong>non</strong></span> <span class='ocrx_word' id='word_1_31' title='bbox 2879 1442 3042 1485; x_wconf 77' lang='lat' dir='ltr'><strong>exstat</strong></span> <span class='ocrx_word' id='word_1_32' title='bbox 3067 1440 3113 1485; x_wconf 84' lang='lat' dir='ltr'><strong>in</strong></span> <span class='ocrx_word' id='word_1_33' title='bbox 3145 1453 3263 1490; x_wconf 86' lang='lat' dir='ltr'><strong>mss.</strong></span> <span class='ocrx_word' id='word_1_34' title='bbox 3298 1439 3481 1505; x_wconf 86' lang='lat' dir='ltr'><strong>Paris.)</strong></span> 
     </span>
    </p>
   </div>
   <div class='ocr_carea' id='block_1_10' title="bbox 821 1760 4006 1846">
    <p class='ocr_par' dir='ltr' id='par_1_10' title="bbox 821 1760 4006 1846">
     <span class='ocr_line' id='line_1_10' title="bbox 821 1760 4006 1846; baseline 0.001 -11"><span class='ocrx_word' id='word_1_35' title='bbox 821 1785 859 1837; x_wconf 92' lang='lat' dir='ltr'><strong>l.</strong></span> <span class='ocrx_word' id='word_1_36' title='bbox 883 1781 1208 1834; x_wconf 79' lang='lat' dir='ltr'><strong>Aurelianus</strong></span> <span class='ocrx_word' id='word_1_37' title='bbox 1229 1779 1521 1846; x_wconf 87' lang='lat' dir='ltr'><strong>imperator</strong></span> <span class='ocrx_word' id='word_1_38' title='bbox 1540 1792 1632 1845; x_wconf 90' lang='lat' dir='ltr'><strong>per</strong></span> <span class='ocrx_word' id='word_1_39' title='bbox 1653 1785 1820 1830; x_wconf 90' lang='lat' dir='ltr'><strong>totum</strong></span> <span class='ocrx_word' id='word_1_40' title='bbox 1841 1778 2025 1830; x_wconf 89' lang='lat' dir='ltr'><strong>orbem</strong></span> <span class='ocrx_word' id='word_1_41' title='bbox 2049 1785 2308 1830; x_wconf 88' lang='lat' dir='ltr'><strong>terrarum</strong></span> <span class='ocrx_word' id='word_1_42' title='bbox 2340 1760 2388 1820; x_wconf 76' lang='grc' dir='ltr'><strong>Α</strong></span> <span class='ocrx_word' id='word_1_43' title='bbox 2422 1773 2785 1844; x_wconf 90' lang='lat' dir='ltr'><strong>Principatus,</strong></span> <span class='ocrx_word' id='word_1_44' title='bbox 2830 1791 2937 1828; x_wconf 88' lang='lat' dir='ltr'><strong>non</strong></span> <span class='ocrx_word' id='word_1_45' title='bbox 2980 1776 3301 1841; x_wconf 87' lang='lat' dir='ltr'><strong>Potestates,</strong></span> <span class='ocrx_word' id='word_1_46' title='bbox 3327 1793 3432 1830; x_wconf 92' lang='lat' dir='ltr'><strong>non</strong></span> <span class='ocrx_word' id='word_1_47' title='bbox 3463 1777 3715 1843; x_wconf 71' lang='lat' dir='ltr'><strong>Virtutes,</strong></span> <span class='ocrx_word' id='word_1_48' title='bbox 3739 1799 3847 1836; x_wconf 87' lang='lat' dir='ltr'><strong>non</strong></span> <span class='ocrx_word' id='word_1_49' title='bbox 3868 1786 4006 1838; x_wconf 85' lang='lat' dir='ltr'><strong>Che-</strong></span> 
     </span>
    </p>
   </div>
   <div class='ocr_carea' id='block_1_11' title="bbox 747 1864 2310 1934">
    <p class='ocr_par' dir='ltr' id='par_1_11' title="bbox 747 1864 2310 1934">
     <span class='ocr_line' id='line_1_11' title="bbox 747 1864 2310 1934; baseline -0.006 -8"><span class='ocrx_word' id='word_1_50' title='bbox 747 1880 932 1927; x_wconf 85' lang='lat' dir='ltr'><strong>contra</strong></span> <span class='ocrx_word' id='word_1_51' title='bbox 950 1867 1285 1922; x_wconf 82' lang='lat' dir='ltr'><strong>Christianos</strong></span> <span class='ocrx_word' id='word_1_52' title='bbox 1308 1866 1538 1920; x_wconf 86' lang='lat' dir='ltr'><strong>edictum</strong></span> <span class='ocrx_word' id='word_1_53' title='bbox 1557 1865 1857 1934; x_wconf 81' lang='lat' dir='ltr'><strong>proposuit,</strong></span> <span class='ocrx_word' id='word_1_54' title='bbox 1877 1875 1932 1916; x_wconf 94' lang='lat' dir='ltr'><strong>ut</strong></span> <span class='ocrx_word' id='word_1_55' title='bbox 1947 1879 2134 1918; x_wconf 91' lang='lat' dir='ltr'><strong>omnes</strong></span> <span class='ocrx_word' id='word_1_56' title='bbox 2155 1864 2310 1922; x_wconf 75' lang='lat' dir='ltr'><strong>idolis</strong></span> 
     </span>
    </p>
   </div>
   <div class='ocr_carea' id='block_1_12' title="bbox 748 1958 2311 2030">
    <p class='ocr_par' dir='ltr' id='par_1_12' title="bbox 748 1958 2311 2030">
     <span class='ocr_line' id='line_1_12' title="bbox 748 1958 2311 2030; baseline -0.006 -12"><span class='ocrx_word' id='word_1_57' title='bbox 748 1963 1133 2021; x_wconf 70' lang='lat' dir='ltr'><strong>sacrificarent:</strong></span> <span class='ocrx_word' id='word_1_58' title='bbox 1192 1960 1284 2030; x_wconf 88' lang='lat' dir='ltr'><strong>qui</strong></span> <span class='ocrx_word' id='word_1_59' title='bbox 1329 1974 1452 2014; x_wconf 91' lang='lat' dir='ltr'><strong>vero</strong></span> <span class='ocrx_word' id='word_1_60' title='bbox 1509 1960 1557 2012; x_wconf 90' lang='lat' dir='ltr'><strong>id</strong></span> <span class='ocrx_word' id='word_1_61' title='bbox 1596 1958 1776 2012; x_wconf 88' lang='lat' dir='ltr'><strong>facere</strong></span> <span class='ocrx_word' id='word_1_62' title='bbox 1843 1958 2171 2021; x_wconf 89' lang='lat' dir='ltr'><strong>noluissent,</strong></span> <span class='ocrx_word' id='word_1_63' title='bbox 2205 1960 2311 2012; x_wconf 79' lang='lat' dir='ltr'><strong>vita</strong></span> 
     </span>
    </p>
   </div>
   <div class='ocr_carea' id='block_1_13' title="bbox 748 2047 2317 2129">
    <p class='ocr_par' dir='ltr' id='par_1_13' title="bbox 748 2047 2317 2129">
     <span class='ocr_line' id='line_1_13' title="bbox 748 2047 2317 2129; baseline -0.004 -17"><span class='ocrx_word' id='word_1_64' title='bbox 748 2057 1356 2129; x_wconf 83' lang='lat' dir='ltr'><strong>pessimeprivarentur.</strong></span> <span class='ocrx_word' id='word_1_65' title='bbox 1391 2052 1484 2106; x_wconf 86' lang='lat' dir='ltr'><strong>Ille</strong></span> <span class='ocrx_word' id='word_1_66' title='bbox 1513 2050 1670 2118; x_wconf 83' lang='lat' dir='ltr'><strong>igitur</strong></span> <span class='ocrx_word' id='word_1_67' title='bbox 1702 2064 1823 2102; x_wconf 92' lang='lat' dir='ltr'><strong>cum</strong></span> <span class='ocrx_word' id='word_1_68' title='bbox 1853 2049 1904 2101; x_wconf 92' lang='lat' dir='ltr'><strong>in</strong></span> <span class='ocrx_word' id='word_1_69' title='bbox 1935 2047 2190 2102; x_wconf 83' lang='lat' dir='ltr'><strong>Isauriam</strong></span> <span class='ocrx_word' id='word_1_70' title='bbox 2223 2066 2317 2105; x_wconf 88' lang='lat' dir='ltr'><strong>ve-</strong></span> 
     </span>
    </p>
   </div>
   <div class='ocr_carea' id='block_1_14' title="bbox 750 2137 2318 2203">
    <p class='ocr_par' dir='ltr' id='par_1_14' title="bbox 750 2137 2318 2203">
     <span class='ocr_line' id='line_1_14' title="bbox 750 2137 2318 2203; baseline -0.006 -3"><span class='ocrx_word' id='word_1_71' title='bbox 750 2148 942 2203; x_wconf 87' lang='lat' dir='ltr'><strong>nisset.</strong></span> <span class='ocrx_word' id='word_1_72' title='bbox 965 2146 1016 2196; x_wconf 92' lang='lat' dir='ltr'><strong>in</strong></span> <span class='ocrx_word' id='word_1_73' title='bbox 1056 2144 1237 2196; x_wconf 92' lang='lat' dir='ltr'><strong>urbem</strong></span> <span class='ocrx_word' id='word_1_74' title='bbox 1273 2139 1656 2193; x_wconf 86' lang='lat' dir='ltr'><strong>Ptolemaidem</strong></span> <span class='ocrx_word' id='word_1_75' title='bbox 1687 2152 1744 2191; x_wconf 83' lang='lat' dir='ltr'><strong>se</strong></span> <span class='ocrx_word' id='word_1_76' title='bbox 1763 2137 2012 2202; x_wconf 83' lang='lat' dir='ltr'><strong>contulit,</strong></span> <span class='ocrx_word' id='word_1_77' title='bbox 2037 2145 2095 2191; x_wconf 89' lang='lat' dir='ltr'><strong>ut</strong></span> <span class='ocrx_word' id='word_1_78' title='bbox 2126 2153 2318 2191; x_wconf 79' lang='lat' dir='ltr'><strong>omnes</strong></span> 
     </span>
    </p>
   </div>
   <div class='ocr_carea' id='block_1_15' title="bbox 748 2228 2318 2298">
    <p class='ocr_par' dir='ltr' id='par_1_15' title="bbox 748 2228 2318 2298">
     <span class='ocr_line' id='line_1_15' title="bbox 748 2228 2318 2298; baseline -0.004 -9"><span class='ocrx_word' id='word_1_79' title='bbox 748 2237 1089 2291; x_wconf 81' lang='lat' dir='ltr'><strong>Christianos</strong></span> <span class='ocrx_word' id='word_1_80' title='bbox 1120 2241 1337 2298; x_wconf 72' lang='lat' dir='ltr'><strong>cogeret</strong></span> <span class='ocrx_word' id='word_1_81' title='bbox 1368 2231 1525 2285; x_wconf 82' lang='lat' dir='ltr'><strong>idolis</strong></span> <span class='ocrx_word' id='word_1_82' title='bbox 1557 2245 1707 2283; x_wconf 83' lang='lat' dir='ltr'><strong>sacra</strong></span> <span class='ocrx_word' id='word_1_83' title='bbox 1768 2229 1966 2282; x_wconf 82' lang='lat' dir='ltr'><strong>facere.</strong></span> <span class='ocrx_word' id='word_1_84' title='bbox 2025 2228 2156 2282; x_wconf 91' lang='lat' dir='ltr'><strong>Cutn</strong></span> <span class='ocrx_word' id='word_1_85' title='bbox 2189 2245 2318 2283; x_wconf 81' lang='lat' dir='ltr'><strong>vero</strong></span> 
     </span>
    </p>
   </div>
   <div class='ocr_carea' id='block_1_16' title="bbox 749 2318 2322 2382">
    <p class='ocr_par' dir='ltr' id='par_1_16' title="bbox 749 2318 2322 2382">
     <span class='ocr_line' id='line_1_16' title="bbox 749 2318 2322 2382; baseline -0.008 0"><span class='ocrx_word' id='word_1_86' title='bbox 749 2328 1097 2382; x_wconf 76' lang='lat' dir='ltr'><strong>beatissimus</strong></span> <span class='ocrx_word' id='word_1_87' title='bbox 1125 2324 1320 2377; x_wconf 81' lang='lat' dir='ltr'><strong>Paulus</strong></span> <span class='ocrx_word' id='word_1_88' title='bbox 1347 2337 1450 2373; x_wconf 90' lang='lat' dir='ltr'><strong>una</strong></span> <span class='ocrx_word' id='word_1_89' title='bbox 1489 2336 1608 2374; x_wconf 89' lang='lat' dir='ltr'><strong>cum</strong></span> <span class='ocrx_word' id='word_1_90' title='bbox 1640 2335 1825 2372; x_wconf 85' lang='lat' dir='ltr'><strong>sorore</strong></span> <span class='ocrx_word' id='word_1_91' title='bbox 1853 2335 1946 2371; x_wconf 86' lang='lat' dir='ltr'><strong>sua</strong></span> <span class='ocrx_word' id='word_1_92' title='bbox 1967 2318 2186 2372; x_wconf 71' lang='lat' dir='ltr'><strong>Iuliana</strong></span> <span class='ocrx_word' id='word_1_93' title='bbox 2212 2321 2322 2371; x_wconf 79' lang='lat' dir='ltr'><strong>im-</strong></span> 
     </span>
    </p>
   </div>
   <div class='ocr_carea' id='block_1_17' title="bbox 750 2408 2322 2489">
    <p class='ocr_par' dir='ltr' id='par_1_17' title="bbox 750 2408 2322 2489">
     <span class='ocr_line' id='line_1_17' title="bbox 750 2408 2322 2489; baseline -0.006 -18"><span class='ocrx_word' id='word_1_94' title='bbox 750 2427 943 2489; x_wconf 89' lang='lat' dir='ltr'><strong>perato</strong></span> <span class='ocrx_word' id='word_1_95' title='bbox 967 2432 1077 2468; x_wconf 91' lang='lat' dir='ltr'><strong>rem</strong></span> <span class='ocrx_word' id='word_1_96' title='bbox 1113 2418 1164 2468; x_wconf 91' lang='lat' dir='ltr'><strong>in</strong></span> <span class='ocrx_word' id='word_1_97' title='bbox 1202 2414 1390 2467; x_wconf 90' lang='lat' dir='ltr'><strong>urbem</strong></span> <span class='ocrx_word' id='word_1_98' title='bbox 1432 2411 1818 2481; x_wconf 74' lang='lat' dir='ltr'><strong>ingredientem</strong></span> <span class='ocrx_word' id='word_1_99' title='bbox 1848 2409 2089 2469; x_wconf 88' lang='lat' dir='ltr'><strong>vidisset,</strong></span> <span class='ocrx_word' id='word_1_100' title='bbox 2123 2408 2322 2462; x_wconf 90' lang='lat' dir='ltr'><strong>Christi</strong></span> 
     </span>
    </p>
   </div>
   <div class='ocr_carea' id='block_1_18' title="bbox 750 2498 2323 2575">
    <p class='ocr_par' dir='ltr' id='par_1_18' title="bbox 750 2498 2323 2575">
     <span class='ocr_line' id='line_1_18' title="bbox 750 2498 2323 2575; baseline -0.007 -17"><span class='ocrx_word' id='word_1_101' title='bbox 750 2509 905 2575; x_wconf 79' lang='lat' dir='ltr'><strong>signo</strong></span> <span class='ocrx_word' id='word_1_102' title='bbox 942 2506 1167 2557; x_wconf 88' lang='lat' dir='ltr'><strong>frontem</strong></span> <span class='ocrx_word' id='word_1_103' title='bbox 1219 2500 1441 2562; x_wconf 66' lang='lat' dir='ltr'><strong>notarit,</strong></span> <span class='ocrx_word' id='word_1_104' title='bbox 1481 2509 1532 2552; x_wconf 90' lang='lat' dir='ltr'><strong>et</strong></span> <span class='ocrx_word' id='word_1_105' title='bbox 1583 2498 1647 2551; x_wconf 84' lang='lat' dir='ltr'><strong>ad</strong></span> <span class='ocrx_word' id='word_1_106' title='bbox 1709 2510 1948 2550; x_wconf 93' lang='lat' dir='ltr'><strong>sororem</strong></span> <span class='ocrx_word' id='word_1_107' title='bbox 2007 2513 2323 2562; x_wconf 71' lang='lat' dir='ltr'><strong>conversus,</strong></span> 
     </span>
    </p>
   </div>
   <div class='ocr_carea' id='block_1_19' title="bbox 751 2591 2324 2664">
    <p class='ocr_par' dir='ltr' id='par_1_19' title="bbox 751 2591 2324 2664">
     <span class='ocr_line' id='line_1_19' title="bbox 751 2591 2324 2664; baseline -0.006 -12"><span class='ocrx_word' id='word_1_108' title='bbox 751 2599 900 2658; x_wconf 77' lang='lat' dir='ltr'><strong>Esto,</strong></span> <span class='ocrx_word' id='word_1_109' title='bbox 938 2598 1130 2664; x_wconf 82' lang='lat' dir='ltr'><strong>inquit,</strong></span> <span class='ocrx_word' id='word_1_110' title='bbox 1156 2597 1297 2650; x_wconf 87' lang='lat' dir='ltr'><strong>bono</strong></span> <span class='ocrx_word' id='word_1_111' title='bbox 1331 2597 1532 2656; x_wconf 84' lang='lat' dir='ltr'><strong>animo,</strong></span> <span class='ocrx_word' id='word_1_112' title='bbox 1554 2608 1707 2646; x_wconf 83' lang='lat' dir='ltr'><strong>soror</strong></span> <span class='ocrx_word' id='word_1_113' title='bbox 1733 2605 1869 2648; x_wconf 84' lang='lat' dir='ltr'><strong>mea.</strong></span> <span class='ocrx_word' id='word_1_114' title='bbox 1897 2604 2071 2657; x_wconf 85' lang='lat' dir='ltr'><strong>neque</strong></span> <span class='ocrx_word' id='word_1_115' title='bbox 2097 2591 2324 2660; x_wconf 78' lang='lat' dir='ltr'><strong>timeas;</strong></span> 
     </span>
    </p>
   </div>
   <div class='ocr_carea' id='block_1_20' title="bbox 753 2681 2327 2752">
    <p class='ocr_par' dir='ltr' id='par_1_20' title="bbox 753 2681 2327 2752">
     <span class='ocr_line' id='line_1_20' title="bbox 753 2681 2327 2752; baseline -0.005 -12"><span class='ocrx_word' id='word_1_116' title='bbox 753 2688 876 2740; x_wconf 81' lang='lat' dir='ltr'><strong>dico</strong></span> <span class='ocrx_word' id='word_1_117' title='bbox 957 2688 1099 2739; x_wconf 87' lang='lat' dir='ltr'><strong>enim</strong></span> <span class='ocrx_word' id='word_1_118' title='bbox 1167 2685 1259 2738; x_wconf 86' lang='lat' dir='ltr'><strong>tibi</strong></span> <span class='ocrx_word' id='word_1_119' title='bbox 1313 2698 1560 2752; x_wconf 75' lang='lat' dir='ltr'><strong>magnam</strong></span> <span class='ocrx_word' id='word_1_120' title='bbox 1621 2681 1908 2749; x_wconf 76' lang='lat' dir='ltr'><strong>quamdam</strong></span> <span class='ocrx_word' id='word_1_121' title='bbox 1973 2682 2327 2734; x_wconf 86' lang='lat' dir='ltr'><strong>tentationem</strong></span> 
     </span>
    </p>
   </div>
   <div class='ocr_carea' id='block_1_21' title="bbox 753 2776 1417 2831">
    <p class='ocr_par' dir='ltr' id='par_1_21' title="bbox 753 2776 1417 2831">
     <span class='ocr_line' id='line_1_21' title="bbox 753 2776 1417 2831; baseline -0.006 0"><span class='ocrx_word' id='word_1_122' title='bbox 753 2776 1084 2831; x_wconf 88' lang='lat' dir='ltr'><strong>Christianis</strong></span> <span class='ocrx_word' id='word_1_123' title='bbox 1111 2776 1417 2828; x_wconf 83' lang='lat' dir='ltr'><strong>imminere.</strong></span> 
     </span>
    </p>
   </div>
   <div class='ocr_carea' id='block_1_22' title="bbox 820 2862 2335 2931">
    <p class='ocr_par' dir='ltr' id='par_1_22' title="bbox 820 2862 2335 2931">
     <span class='ocr_line' id='line_1_22' title="bbox 820 2862 2335 2931; baseline -0.007 -7"><span class='ocrx_word' id='word_1_124' title='bbox 820 2870 884 2924; x_wconf 92' lang='lat' dir='ltr'><strong>ll.</strong></span> <span class='ocrx_word' id='word_1_125' title='bbox 911 2869 1049 2923; x_wconf 85' lang='lat' dir='ltr'><strong>Vidit</strong></span> <span class='ocrx_word' id='word_1_126' title='bbox 1077 2868 1418 2928; x_wconf 83' lang='lat' dir='ltr'><strong>Aurelianus,</strong></span> <span class='ocrx_word' id='word_1_127' title='bbox 1438 2883 1558 2921; x_wconf 91' lang='lat' dir='ltr'><strong>cum</strong></span> <span class='ocrx_word' id='word_1_128' title='bbox 1584 2866 1780 2919; x_wconf 84' lang='lat' dir='ltr'><strong>Paulus</strong></span> <span class='ocrx_word' id='word_1_129' title='bbox 1798 2864 1998 2920; x_wconf 85' lang='lat' dir='ltr'><strong>Christi</strong></span> <span class='ocrx_word' id='word_1_130' title='bbox 2020 2865 2171 2931; x_wconf 77' lang='lat' dir='ltr'><strong>signo</strong></span> <span class='ocrx_word' id='word_1_131' title='bbox 2191 2862 2335 2914; x_wconf 91' lang='lat' dir='ltr'><strong>fron-</strong></span> 
     </span>
    </p>
   </div>
   <div class='ocr_carea' id='block_1_23' title="bbox 752 2951 2333 3023">
    <p class='ocr_par' dir='ltr' id='par_1_23' title="bbox 752 2951 2333 3023">
     <span class='ocr_line' id='line_1_23' title="bbox 752 2951 2333 3023; baseline -0.005 -11"><span class='ocrx_word' id='word_1_132' title='bbox 752 2969 862 3014; x_wconf 93' lang='lat' dir='ltr'><strong>tem</strong></span> <span class='ocrx_word' id='word_1_133' title='bbox 912 2959 1140 3019; x_wconf 89' lang='lat' dir='ltr'><strong>notavit,</strong></span> <span class='ocrx_word' id='word_1_134' title='bbox 1175 2966 1229 3010; x_wconf 84' lang='lat' dir='ltr'><strong>et</strong></span> <span class='ocrx_word' id='word_1_135' title='bbox 1272 2958 1421 3011; x_wconf 78' lang='lat' dir='ltr'><strong>misit</strong></span> <span class='ocrx_word' id='word_1_136' title='bbox 1450 2957 1541 3023; x_wconf 92' lang='lat' dir='ltr'><strong>qui</strong></span> <span class='ocrx_word' id='word_1_137' title='bbox 1586 2957 1734 3009; x_wconf 89' lang='lat' dir='ltr'><strong>illum</strong></span> <span class='ocrx_word' id='word_1_138' title='bbox 1777 2955 2134 3020; x_wconf 84' lang='lat' dir='ltr'><strong>corriperent.</strong></span> <span class='ocrx_word' id='word_1_139' title='bbox 2164 2951 2333 3016; x_wconf 85' lang='lat' dir='ltr'><strong>Quem</strong></span> 
     </span>
    </p>
   </div>
   <div class='ocr_carea' id='block_1_24' title="bbox 753 3045 2325 3115">
    <p class='ocr_par' dir='ltr' id='par_1_24' title="bbox 753 3045 2325 3115">
     <span class='ocr_line' id='line_1_24' title="bbox 753 3045 2325 3115; baseline -0.004 -12"><span class='ocrx_word' id='word_1_140' title='bbox 753 3065 875 3103; x_wconf 91' lang='lat' dir='ltr'><strong>cum</strong></span> <span class='ocrx_word' id='word_1_141' title='bbox 913 3048 965 3102; x_wconf 91' lang='lat' dir='ltr'><strong>in</strong></span> <span class='ocrx_word' id='word_1_142' title='bbox 999 3049 1172 3102; x_wconf 85' lang='lat' dir='ltr'><strong>media</strong></span> <span class='ocrx_word' id='word_1_143' title='bbox 1202 3048 1355 3101; x_wconf 92' lang='lat' dir='ltr'><strong>turba</strong></span> <span class='ocrx_word' id='word_1_144' title='bbox 1394 3056 1537 3102; x_wconf 86' lang='lat' dir='ltr'><strong>stare</strong></span> <span class='ocrx_word' id='word_1_145' title='bbox 1579 3045 1849 3115; x_wconf 83' lang='lat' dir='ltr'><strong>jttssisset,</strong></span> <span class='ocrx_word' id='word_1_146' title='bbox 1889 3045 2210 3109; x_wconf 83' lang='lat' dir='ltr'><strong>Miserrime,</strong></span> <span class='ocrx_word' id='word_1_147' title='bbox 2243 3047 2325 3097; x_wconf 91' lang='lat' dir='ltr'><strong>in-</strong></span> 
     </span>
    </p>
   </div>
   <div class='ocr_carea' id='block_1_25' title="bbox 752 3137 2318 3211">
    <p class='ocr_par' dir='ltr' id='par_1_25' title="bbox 752 3137 2318 3211">
     <span class='ocr_line' id='line_1_25' title="bbox 752 3137 2318 3211; baseline -0.003 -19"><span class='ocrx_word' id='word_1_148' title='bbox 752 3141 890 3211; x_wconf 83' lang='lat' dir='ltr'><strong>quit,</strong></span> <span class='ocrx_word' id='word_1_149' title='bbox 919 3142 1100 3203; x_wconf 88' lang='lat' dir='ltr'><strong>homo,</strong></span> <span class='ocrx_word' id='word_1_150' title='bbox 1129 3141 1384 3208; x_wconf 81' lang='lat' dir='ltr'><strong>quidnam</strong></span> <span class='ocrx_word' id='word_1_151' title='bbox 1423 3139 1514 3192; x_wconf 86' lang='lat' dir='ltr'><strong>tibi</strong></span> <span class='ocrx_word' id='word_1_152' title='bbox 1547 3138 1895 3206; x_wconf 86' lang='lat' dir='ltr'><strong>proposuisti,</strong></span> <span class='ocrx_word' id='word_1_153' title='bbox 1936 3145 1993 3190; x_wconf 92' lang='lat' dir='ltr'><strong>ut</strong></span> <span class='ocrx_word' id='word_1_154' title='bbox 2024 3153 2107 3190; x_wconf 90' lang='lat' dir='ltr'><strong>mc</strong></span> <span class='ocrx_word' id='word_1_155' title='bbox 2129 3137 2318 3189; x_wconf 88' lang='lat' dir='ltr'><strong>urbem</strong></span> 
     </span>
    </p>
   </div>
   <div class='ocr_carea' id='block_1_26' title="bbox 755 3228 2321 3301">
    <p class='ocr_par' dir='ltr' id='par_1_26' title="bbox 755 3228 2321 3301">
     <span class='ocr_line' id='line_1_26' title="bbox 755 3228 2321 3301; baseline -0.004 -16"><span class='ocrx_word' id='word_1_156' title='bbox 755 3231 1097 3301; x_wconf 82' lang='lat' dir='ltr'><strong>ingrediente</strong></span> <span class='ocrx_word' id='word_1_157' title='bbox 1132 3231 1364 3282; x_wconf 81' lang='lat' dir='ltr'><strong>frontem</strong></span> <span class='ocrx_word' id='word_1_158' title='bbox 1397 3231 1612 3301; x_wconf 78' lang='lat' dir='ltr'><strong>signare</strong></span> <span class='ocrx_word' id='word_1_159' title='bbox 1663 3230 1893 3281; x_wconf 78' lang='lat' dir='ltr'><strong>auderes</strong></span> <span class='ocrx_word' id='word_1_160' title='bbox 1921 3229 1937 3280; x_wconf 78' lang='lat'><strong>.’</strong></span> <span class='ocrx_word' id='word_1_161' title='bbox 1965 3231 2046 3285; x_wconf 79' lang='lat' dir='ltr'><strong>An</strong></span> <span class='ocrx_word' id='word_1_162' title='bbox 2103 3228 2321 3296; x_wconf 76' lang='lat' dir='ltr'><strong>ignoras</strong></span> 
     </span>
    </p>
   </div>
   <div class='ocr_carea' id='block_1_27' title="bbox 753 3317 2324 3388">
    <p class='ocr_par' dir='ltr' id='par_1_27' title="bbox 753 3317 2324 3388">
     <span class='ocr_line' id='line_1_27' title="bbox 753 3317 2324 3388; baseline -0.002 -14"><span class='ocrx_word' id='word_1_163' title='bbox 753 3322 990 3375; x_wconf 84' lang='lat' dir='ltr'><strong>edictum</strong></span> <span class='ocrx_word' id='word_1_164' title='bbox 1020 3330 1207 3374; x_wconf 88' lang='lat' dir='ltr'><strong>contra</strong></span> <span class='ocrx_word' id='word_1_165' title='bbox 1245 3321 1584 3374; x_wconf 83' lang='lat' dir='ltr'><strong>Christianos</strong></span> <span class='ocrx_word' id='word_1_166' title='bbox 1627 3319 1989 3388; x_wconf 80' lang='lat' dir='ltr'><strong>propositum&quot;</strong></span> <span class='ocrx_word' id='word_1_167' title='bbox 2030 3317 2324 3387; x_wconf 77' lang='lat' dir='ltr'><strong>Respondit</strong></span> 
     </span>
    </p>
   </div>
   <div class='ocr_carea' id='block_1_28' title="bbox 754 3405 2326 3476">
    <p class='ocr_par' dir='ltr' id='par_1_28' title="bbox 754 3405 2326 3476">
     <span class='ocr_line' id='line_1_28' title="bbox 754 3405 2326 3476; baseline -0.005 -14"><span class='ocrx_word' id='word_1_168' title='bbox 754 3408 992 3462; x_wconf 80' lang='lat' dir='ltr'><strong>Paulus:</strong></span> <span class='ocrx_word' id='word_1_169' title='bbox 1023 3409 1212 3461; x_wconf 79' lang='lat' dir='ltr'><strong>Audivi</strong></span> <span class='ocrx_word' id='word_1_170' title='bbox 1249 3409 1495 3476; x_wconf 79' lang='lat' dir='ltr'><strong>equidem</strong></span> <span class='ocrx_word' id='word_1_171' title='bbox 1527 3408 1757 3463; x_wconf 86' lang='lat' dir='ltr'><strong>edictum</strong></span> <span class='ocrx_word' id='word_1_172' title='bbox 1814 3416 1985 3463; x_wconf 77' lang='lat' dir='ltr'><strong>tuum.</strong></span> <span class='ocrx_word' id='word_1_173' title='bbox 2015 3405 2109 3457; x_wconf 87' lang='lat' dir='ltr'><strong>sed</strong></span> <span class='ocrx_word' id='word_1_174' title='bbox 2165 3418 2326 3454; x_wconf 85' lang='lat' dir='ltr'><strong>nemo</strong></span> 
     </span>
    </p>
   </div>
   <div class='ocr_carea' id='block_1_29' title="bbox 757 3495 2328 3569">
    <p class='ocr_par' dir='ltr' id='par_1_29' title="bbox 757 3495 2328 3569">
     <span class='ocr_line' id='line_1_29' title="bbox 757 3495 2328 3569; baseline -0.006 -14"><span class='ocrx_word' id='word_1_175' title='bbox 757 3515 994 3568; x_wconf 85' lang='lat' dir='ltr'><strong>unquam</strong></span> <span class='ocrx_word' id='word_1_176' title='bbox 1033 3500 1232 3569; x_wconf 90' lang='lat' dir='ltr'><strong>poterit</strong></span> <span class='ocrx_word' id='word_1_177' title='bbox 1258 3507 1465 3551; x_wconf 89' lang='lat' dir='ltr'><strong>tantum</strong></span> <span class='ocrx_word' id='word_1_178' title='bbox 1511 3498 1755 3551; x_wconf 79' lang='lat' dir='ltr'><strong>timorem</strong></span> <span class='ocrx_word' id='word_1_179' title='bbox 1795 3498 1951 3547; x_wconf 81' lang='lat' dir='ltr'><strong>nobis</strong></span> <span class='ocrx_word' id='word_1_180' title='bbox 1985 3495 2228 3560; x_wconf 77' lang='lat' dir='ltr'><strong>injicere,</strong></span> <span class='ocrx_word' id='word_1_181' title='bbox 2267 3501 2328 3546; x_wconf 81' lang='grc' dir='ltr'><strong>ιιι</strong></span> 
     </span>
    </p>
   </div>
   <div class='ocr_carea' id='block_1_30' title="bbox 755 3587 2325 3657">
    <p class='ocr_par' dir='ltr' id='par_1_30' title="bbox 755 3587 2325 3657">
     <span class='ocr_line' id='line_1_30' title="bbox 755 3587 2325 3657; baseline -0.004 -12"><span class='ocrx_word' id='word_1_182' title='bbox 755 3591 1037 3645; x_wconf 89' lang='lat' dir='ltr'><strong>Christum</strong></span> <span class='ocrx_word' id='word_1_183' title='bbox 1103 3604 1290 3642; x_wconf 89' lang='lat' dir='ltr'><strong>verum</strong></span> <span class='ocrx_word' id='word_1_184' title='bbox 1349 3589 1514 3641; x_wconf 86' lang='lat' dir='ltr'><strong>Deum</strong></span> <span class='ocrx_word' id='word_1_185' title='bbox 1571 3589 1896 3657; x_wconf 83' lang='lat' dir='ltr'><strong>abnegemus</strong></span> <span class='ocrx_word' id='word_1_186' title='bbox 1943 3587 2125 3650; x_wconf 81' lang='lat' dir='ltr'><strong>luant;</strong></span> <span class='ocrx_word' id='word_1_187' title='bbox 2183 3587 2325 3639; x_wconf 91' lang='lat' dir='ltr'><strong>enim</strong></span> 
     </span>
    </p>
   </div>
   <div class='ocr_carea' id='block_1_31' title="bbox 761 3680 2325 3753">
    <p class='ocr_par' dir='ltr' id='par_1_31' title="bbox 761 3680 2325 3753">
     <span class='ocr_line' id='line_1_31' title="bbox 761 3680 2325 3753; baseline -0.003 -17"><span class='ocrx_word' id='word_1_188' title='bbox 761 3691 1025 3736; x_wconf 87' lang='lat' dir='ltr'><strong>tormenta</strong></span> <span class='ocrx_word' id='word_1_189' title='bbox 1063 3680 1245 3753; x_wconf 71' lang='lat' dir='ltr'><strong>brevia</strong></span> <span class='ocrx_word' id='word_1_190' title='bbox 1277 3689 1423 3744; x_wconf 91' lang='lat' dir='ltr'><strong>sunt,</strong></span> <span class='ocrx_word' id='word_1_191' title='bbox 1451 3695 1626 3750; x_wconf 89' lang='lat' dir='ltr'><strong>neque</strong></span> <span class='ocrx_word' id='word_1_192' title='bbox 1677 3697 1772 3735; x_wconf 86' lang='lat' dir='ltr'><strong>eos</strong></span> <span class='ocrx_word' id='word_1_193' title='bbox 1831 3681 2025 3735; x_wconf 57' lang='lat' dir='ltr'><strong>laedere</strong></span> <span class='ocrx_word' id='word_1_194' title='bbox 2081 3689 2325 3750; x_wconf 89' lang='lat' dir='ltr'><strong>possunt,</strong></span> 
     </span>
    </p>
   </div>
   <div class='ocr_carea' id='block_1_32' title="bbox 761 3773 2331 3844">
    <p class='ocr_par' dir='ltr' id='par_1_32' title="bbox 761 3773 2331 3844">
     <span class='ocr_line' id='line_1_32' title="bbox 761 3773 2331 3844; baseline -0.004 -15"><span class='ocrx_word' id='word_1_195' title='bbox 761 3775 853 3844; x_wconf 90' lang='lat' dir='ltr'><strong>qui</strong></span> <span class='ocrx_word' id='word_1_196' title='bbox 878 3774 1044 3828; x_wconf 89' lang='lat' dir='ltr'><strong>Deum</strong></span> <span class='ocrx_word' id='word_1_197' title='bbox 1101 3782 1370 3825; x_wconf 90' lang='lat' dir='ltr'><strong>metuunt.</strong></span> <span class='ocrx_word' id='word_1_198' title='bbox 1405 3774 1471 3823; x_wconf 83' lang='lat' dir='ltr'><strong>At</strong></span> <span class='ocrx_word' id='word_1_199' title='bbox 1526 3773 1617 3822; x_wconf 82' lang='lat' dir='ltr'><strong>Dei</strong></span> <span class='ocrx_word' id='word_1_200' title='bbox 1652 3781 1938 3835; x_wconf 82' lang='lat' dir='ltr'><strong>tormenta,</strong></span> <span class='ocrx_word' id='word_1_201' title='bbox 2003 3773 2331 3839; x_wconf 86' lang='lat' dir='ltr'><strong>sempiterna</strong></span> 
     </span>
    </p>
   </div>
   <div class='ocr_carea' id='block_1_33' title="bbox 759 3861 2334 3932">
    <p class='ocr_par' dir='ltr' id='par_1_33' title="bbox 759 3861 2334 3932">
     <span class='ocr_line' id='line_1_33' title="bbox 759 3861 2334 3932; baseline -0.001 -15"><span class='ocrx_word' id='word_1_202' title='bbox 759 3866 848 3918; x_wconf 83' lang='lat' dir='ltr'><strong>illa</strong></span> <span class='ocrx_word' id='word_1_203' title='bbox 870 3873 1013 3917; x_wconf 90' lang='lat' dir='ltr'><strong>sunt.</strong></span> <span class='ocrx_word' id='word_1_204' title='bbox 1037 3864 1234 3917; x_wconf 83' lang='lat' dir='ltr'><strong>Eodem</strong></span> <span class='ocrx_word' id='word_1_205' title='bbox 1269 3862 1426 3916; x_wconf 89' lang='lat' dir='ltr'><strong>modo</strong></span> <span class='ocrx_word' id='word_1_206' title='bbox 1460 3861 1704 3929; x_wconf 88' lang='lat' dir='ltr'><strong>voluptas</strong></span> <span class='ocrx_word' id='word_1_207' title='bbox 1721 3871 1772 3914; x_wconf 89' lang='lat' dir='ltr'><strong>et</strong></span> <span class='ocrx_word' id='word_1_208' title='bbox 1795 3862 1981 3932; x_wconf 77' lang='lat' dir='ltr'><strong>gloria,</strong></span> <span class='ocrx_word' id='word_1_209' title='bbox 2010 3877 2166 3932; x_wconf 86' lang='lat' dir='ltr'><strong>quam</strong></span> <span class='ocrx_word' id='word_1_210' title='bbox 2194 3862 2334 3916; x_wconf 84' lang='lat' dir='ltr'><strong>Deus</strong></span> 
     </span>
    </p>
   </div>
   <div class='ocr_carea' id='block_1_34' title="bbox 761 3955 2376 4024">
    <p class='ocr_par' dir='ltr' id='par_1_34' title="bbox 761 3955 2376 4024">
     <span class='ocr_line' id='line_1_34' title="bbox 761 3955 2376 4024; baseline 0 -16"><span class='ocrx_word' id='word_1_211' title='bbox 761 3956 1190 4009; x_wconf 85' lang='lat' dir='ltr'><strong>Christianorum</strong></span> <span class='ocrx_word' id='word_1_212' title='bbox 1210 3957 1389 4024; x_wconf 80' lang='lat' dir='ltr'><strong>generi</strong></span> <span class='ocrx_word' id='word_1_213' title='bbox 1428 3955 1652 4023; x_wconf 74' lang='lat' dir='ltr'><strong>largitur</strong></span> <span class='ocrx_word' id='word_1_214' title='bbox 1677 3967 1850 4009; x_wconf 57' lang='lat' dir='ltr'><strong>aitena</strong></span> <span class='ocrx_word' id='word_1_215' title='bbox 1878 3965 1978 4014; x_wconf 81' lang='lat' dir='ltr'><strong>est.</strong></span> <span class='ocrx_word' id='word_1_216' title='bbox 2016 3955 2148 4020; x_wconf 84' lang='lat' dir='ltr'><strong>Quis</strong></span> <span class='ocrx_word' id='word_1_217' title='bbox 2174 3956 2333 4023; x_wconf 71' lang='lat' dir='ltr'><strong>igitur</strong></span> <span class='ocrx_word' id='word_1_218' title='bbox 2373 3963 2376 3966; x_wconf 65' lang='lat'><em>‘</em></span> 
     </span>
    </p>
   </div>
   <div class='ocr_carea' id='block_1_35' title="bbox 763 4045 2334 4112">
    <p class='ocr_par' dir='ltr' id='par_1_35' title="bbox 763 4045 2334 4112">
     <span class='ocr_line' id='line_1_35' title="bbox 763 4045 2334 4112; baseline -0.003 -11"><span class='ocrx_word' id='word_1_219' title='bbox 763 4056 869 4101; x_wconf 89' lang='lat' dir='ltr'><strong>tam</strong></span> <span class='ocrx_word' id='word_1_220' title='bbox 889 4062 1070 4100; x_wconf 87' lang='lat' dir='ltr'><strong>amens</strong></span> <span class='ocrx_word' id='word_1_221' title='bbox 1088 4055 1169 4099; x_wconf 89' lang='lat' dir='ltr'><strong>est</strong></span> <span class='ocrx_word' id='word_1_222' title='bbox 1184 4055 1241 4096; x_wconf 86' lang='grc' dir='ltr'><strong>ιιι</strong></span> <span class='ocrx_word' id='word_1_223' title='bbox 1261 4048 1529 4098; x_wconf 78' lang='lat' dir='ltr'><strong>viventem</strong></span> <span class='ocrx_word' id='word_1_224' title='bbox 1552 4045 1716 4097; x_wconf 84' lang='lat' dir='ltr'><strong>Dento</strong></span> <span class='ocrx_word' id='word_1_225' title='bbox 1732 4046 2088 4112; x_wconf 82' lang='lat' dir='ltr'><strong>derelinquat,</strong></span> <span class='ocrx_word' id='word_1_226' title='bbox 2108 4058 2158 4097; x_wconf 89' lang='lat' dir='ltr'><strong>et</strong></span> <span class='ocrx_word' id='word_1_227' title='bbox 2174 4047 2334 4097; x_wconf 75' lang='lat' dir='ltr'><strong>surda</strong></span> 
     </span>
    </p>
   </div>
   <div class='ocr_carea' id='block_1_36' title="bbox 763 4136 2339 4206">
    <p class='ocr_par' dir='ltr' id='par_1_36' title="bbox 763 4136 2339 4206">
     <span class='ocr_line' id='line_1_36' title="bbox 763 4136 2339 4206; baseline -0.003 -14"><span class='ocrx_word' id='word_1_228' title='bbox 763 4147 921 4206; x_wconf 78' lang='lat' dir='ltr'><strong>atque</strong></span> <span class='ocrx_word' id='word_1_229' title='bbox 942 4148 1087 4189; x_wconf 89' lang='lat' dir='ltr'><strong>muta</strong></span> <span class='ocrx_word' id='word_1_230' title='bbox 1109 4137 1206 4188; x_wconf 88' lang='lat' dir='ltr'><strong>ista</strong></span> <span class='ocrx_word' id='word_1_231' title='bbox 1229 4145 1404 4189; x_wconf 77' lang='lat' dir='ltr'><strong>vestra</strong></span> <span class='ocrx_word' id='word_1_232' title='bbox 1429 4136 1567 4190; x_wconf 86' lang='lat' dir='ltr'><strong>idola</strong></span> <span class='ocrx_word' id='word_1_233' title='bbox 1605 4137 1781 4192; x_wconf 89' lang='lat' dir='ltr'><strong>colere</strong></span> <span class='ocrx_word' id='word_1_234' title='bbox 1802 4137 1946 4199; x_wconf 85' lang='lat' dir='ltr'><strong>velit,</strong></span> <span class='ocrx_word' id='word_1_235' title='bbox 1971 4151 2090 4188; x_wconf 88' lang='lat' dir='ltr'><strong>cum</strong></span> <span class='ocrx_word' id='word_1_236' title='bbox 2109 4137 2219 4205; x_wconf 86' lang='lat' dir='ltr'><strong>ipse</strong></span> <span class='ocrx_word' id='word_1_237' title='bbox 2244 4153 2339 4190; x_wconf 88' lang='lat' dir='ltr'><strong>an-</strong></span> 
     </span>
    </p>
   </div>
   <div class='ocr_carea' id='block_1_37' title="bbox 764 4227 2339 4299">
    <p class='ocr_par' dir='ltr' id='par_1_37' title="bbox 764 4227 2339 4299">
     <span class='ocr_line' id='line_1_37' title="bbox 764 4227 2339 4299; baseline 0.001 -19"><span class='ocrx_word' id='word_1_238' title='bbox 764 4240 879 4286; x_wconf 86' lang='lat' dir='ltr'><strong>ctor</strong></span> <span class='ocrx_word' id='word_1_239' title='bbox 895 4237 1090 4282; x_wconf 71' lang='lat' dir='ltr'><strong>nostra:</strong></span> <span class='ocrx_word' id='word_1_240' title='bbox 1114 4228 1299 4281; x_wconf 83' lang='lat' dir='ltr'><strong>salutis</strong></span> <span class='ocrx_word' id='word_1_241' title='bbox 1341 4227 1587 4281; x_wconf 81' lang='lat' dir='ltr'><strong>Christus</strong></span> <span class='ocrx_word' id='word_1_242' title='bbox 1603 4229 1759 4283; x_wconf 81' lang='lat' dir='ltr'><strong>Jesus</strong></span> <span class='ocrx_word' id='word_1_243' title='bbox 1783 4229 1995 4282; x_wconf 71' lang='lat' dir='ltr'><strong>dixeritI</strong></span> <span class='ocrx_word' id='word_1_244' title='bbox 2016 4228 2339 4299; x_wconf 82' lang='lat' dir='ltr'><strong>:Qut’cunque</strong></span> 
     </span>
    </p>
   </div>
   <div class='ocr_carea' id='block_1_38' title="bbox 766 4318 2338 4387">
    <p class='ocr_par' dir='ltr' id='par_1_38' title="bbox 766 4318 2338 4387">
     <span class='ocr_line' id='line_1_38' title="bbox 766 4318 2338 4387; baseline -0.001 -16"><span class='ocrx_word' id='word_1_245' title='bbox 766 4319 1027 4387; x_wconf 75' lang='lat' dir='ltr'><strong>negaverit</strong></span> <span class='ocrx_word' id='word_1_246' title='bbox 1089 4333 1167 4368; x_wconf 86' lang='lat' dir='ltr'><strong>me</strong></span> <span class='ocrx_word' id='word_1_247' title='bbox 1209 4332 1387 4369; x_wconf 87' lang='lat' dir='ltr'><strong>coram</strong></span> <span class='ocrx_word' id='word_1_248' title='bbox 1431 4318 1740 4378; x_wconf 76' lang='lat' dir='ltr'><strong>hominibus,</strong></span> <span class='ocrx_word' id='word_1_249' title='bbox 1787 4321 1982 4386; x_wconf 65' lang='lat' dir='ltr'><strong>negabo</strong></span> <span class='ocrx_word' id='word_1_250' title='bbox 2021 4327 2173 4387; x_wconf 80' lang='lat' dir='ltr'><strong>etcgo</strong></span> <span class='ocrx_word' id='word_1_251' title='bbox 2223 4336 2338 4371; x_wconf 87' lang='lat' dir='ltr'><strong>eum</strong></span> 
     </span>
    </p>
   </div>
   <div class='ocr_carea' id='block_1_39' title="bbox 767 4407 1812 4475">
    <p class='ocr_par' dir='ltr' id='par_1_39' title="bbox 767 4407 1812 4475">
     <span class='ocr_line' id='line_1_39' title="bbox 767 4407 1812 4475; baseline 0 -14"><span class='ocrx_word' id='word_1_252' title='bbox 767 4424 944 4461; x_wconf 84' lang='lat' dir='ltr'><strong>coram</strong></span> <span class='ocrx_word' id='word_1_253' title='bbox 988 4407 1200 4459; x_wconf 84' lang='lat' dir='ltr'><strong>Patrem</strong></span> <span class='ocrx_word' id='word_1_254' title='bbox 1229 4423 1306 4470; x_wconf 88' lang='lat' dir='ltr'><strong>eo,</strong></span> <span class='ocrx_word' id='word_1_255' title='bbox 1336 4409 1423 4475; x_wconf 86' lang='lat' dir='ltr'><strong>qui</strong></span> <span class='ocrx_word' id='word_1_256' title='bbox 1456 4408 1506 4458; x_wconf 83' lang='lat' dir='ltr'><strong>in</strong></span> <span class='ocrx_word' id='word_1_257' title='bbox 1531 4408 1668 4459; x_wconf 69' lang='lat' dir='ltr'><strong>caelis</strong></span> <span class='ocrx_word' id='word_1_258' title='bbox 1691 4408 1812 4460; x_wconf 82' lang='lat' dir='ltr'><strong>est?</strong></span> 
     </span>
    </p>
   </div>
   <div class='ocr_carea' id='block_1_40' title="bbox 838 4495 2328 4568">
    <p class='ocr_par' dir='ltr' id='par_1_40' title="bbox 838 4495 2328 4568">
     <span class='ocr_line' id='line_1_40' title="bbox 838 4495 2328 4568; baseline 0 -19"><span class='ocrx_word' id='word_1_259' title='bbox 838 4496 926 4550; x_wconf 89' lang='lat' dir='ltr'><strong>lll.</strong></span> <span class='ocrx_word' id='word_1_260' title='bbox 960 4495 1173 4559; x_wconf 88' lang='lat' dir='ltr'><strong>Cernis,</strong></span> <span class='ocrx_word' id='word_1_261' title='bbox 1199 4496 2002 4564; x_wconf 82' lang='lat' dir='ltr'><strong>inquit,Aurelianus,quandiu</strong></span> <span class='ocrx_word' id='word_1_262' title='bbox 2039 4507 2087 4551; x_wconf 91' lang='lat' dir='ltr'><strong>te</strong></span> <span class='ocrx_word' id='word_1_263' title='bbox 2119 4513 2328 4568; x_wconf 84' lang='lat' dir='ltr'><strong>nugan-</strong></span> 
     </span>
    </p>
   </div>
   <div class='ocr_carea' id='block_1_41' title="bbox 769 4589 2330 4660">
    <p class='ocr_par' dir='ltr' id='par_1_41' title="bbox 769 4589 2330 4660">
     <span class='ocr_line' id='line_1_41' title="bbox 769 4589 2330 4660; baseline 0 -16"><span class='ocrx_word' id='word_1_264' title='bbox 769 4600 873 4644; x_wconf 88' lang='lat' dir='ltr'><strong>tem</strong></span> <span class='ocrx_word' id='word_1_265' title='bbox 912 4605 1103 4658; x_wconf 87' lang='lat' dir='ltr'><strong>passus</strong></span> <span class='ocrx_word' id='word_1_266' title='bbox 1139 4605 1254 4642; x_wconf 91' lang='lat' dir='ltr'><strong>sum</strong></span> <span class='ocrx_word' id='word_1_267' title='bbox 1279 4605 1340 4642; x_wconf 86' lang='lat' dir='ltr'><strong>ae</strong></span> <span class='ocrx_word' id='word_1_268' title='bbox 1379 4589 1896 4642; x_wconf 78' lang='lat' dir='ltr'><strong>sustinui?-Act-ede</strong></span> <span class='ocrx_word' id='word_1_269' title='bbox 1945 4592 2076 4660; x_wconf 77' lang='lat' dir='ltr'><strong>jam,</strong></span> <span class='ocrx_word' id='word_1_270' title='bbox 2117 4601 2172 4644; x_wconf 91' lang='lat' dir='ltr'><strong>et</strong></span> <span class='ocrx_word' id='word_1_271' title='bbox 2227 4591 2330 4644; x_wconf 80' lang='lat' dir='ltr'><strong>diis</strong></span> 
     </span>
    </p>
   </div>
   <div class='ocr_carea' id='block_1_42' title="bbox 684 4681 2334 4749">
    <p class='ocr_par' dir='ltr' id='par_1_42' title="bbox 684 4681 2334 4749">
     <span class='ocr_line' id='line_1_42' title="bbox 684 4681 2334 4749; baseline 0 -13"><span class='ocrx_word' id='word_1_272' title='bbox 684 4723 687 4727; x_wconf 85' lang='grc'><strong>-</strong></span> <span class='ocrx_word' id='word_1_273' title='bbox 769 4681 1036 4743; x_wconf 77' lang='lat' dir='ltr'><strong>sacrifica,</strong></span> <span class='ocrx_word' id='word_1_274' title='bbox 1073 4696 1139 4733; x_wconf 88' lang='lat' dir='ltr'><strong>ne</strong></span> <span class='ocrx_word' id='word_1_275' title='bbox 1184 4681 1417 4748; x_wconf 89' lang='lat' dir='ltr'><strong>pessimo</strong></span> <span class='ocrx_word' id='word_1_276' title='bbox 1444 4683 1634 4733; x_wconf 80' lang='lat' dir='ltr'><strong>mortis</strong></span> <span class='ocrx_word' id='word_1_277' title='bbox 1660 4697 1855 4749; x_wconf 81' lang='lat' dir='ltr'><strong>genere</strong></span> <span class='ocrx_word' id='word_1_278' title='bbox 1885 4684 2239 4735; x_wconf 84' lang='lat' dir='ltr'><strong>consumaris.</strong></span> <span class='ocrx_word' id='word_1_279' title='bbox 2267 4687 2334 4736; x_wconf 77' lang='lat' dir='ltr'><strong>At</strong></span> 
     </span>
    </p>
   </div>
   <div class='ocr_carea' id='block_1_43' title="bbox 772 4770 2332 4843">
    <p class='ocr_par' dir='ltr' id='par_1_43' title="bbox 772 4770 2332 4843">
     <span class='ocr_line' id='line_1_43' title="bbox 772 4770 2332 4843; baseline 0.001 -19"><span class='ocrx_word' id='word_1_280' title='bbox 772 4770 993 4826; x_wconf 84' lang='lat' dir='ltr'><strong>Paulus:</strong></span> <span class='ocrx_word' id='word_1_281' title='bbox 1025 4772 1134 4842; x_wconf 80' lang='lat' dir='ltr'><strong>Ego</strong></span> <span class='ocrx_word' id='word_1_282' title='bbox 1174 4772 1380 4824; x_wconf 90' lang='lat' dir='ltr'><strong>nullum</strong></span> <span class='ocrx_word' id='word_1_283' title='bbox 1412 4772 1574 4824; x_wconf 89' lang='lat' dir='ltr'><strong>aliutn</strong></span> <span class='ocrx_word' id='word_1_284' title='bbox 1607 4772 1774 4825; x_wconf 85' lang='lat' dir='ltr'><strong>Deum</strong></span> <span class='ocrx_word' id='word_1_285' title='bbox 1807 4773 2054 4843; x_wconf 80' lang='lat' dir='ltr'><strong>cognovi,</strong></span> <span class='ocrx_word' id='word_1_286' title='bbox 2081 4774 2184 4826; x_wconf 90' lang='lat' dir='ltr'><strong>nisi</strong></span> <span class='ocrx_word' id='word_1_287' title='bbox 2228 4773 2332 4826; x_wconf 83' lang='lat' dir='ltr'><strong>Do-</strong></span> 
     </span>
    </p>
   </div>
   <div class='ocr_carea' id='block_1_44' title="bbox 773 4845 2334 4930">
    <p class='ocr_par' dir='ltr' id='par_1_44' title="bbox 773 4845 2334 4930">
     <span class='ocr_line' id='line_1_44' title="bbox 773 4845 2334 4930; baseline 0.003 -20"><span class='ocrx_word' id='word_1_288' title='bbox 773 4845 978 4911; x_wconf 51' lang='lat' dir='ltr'><strong>minum</strong></span> <span class='ocrx_word' id='word_1_289' title='bbox 1025 4859 1208 4911; x_wconf 84' lang='lat' dir='ltr'><strong>Jcsunt</strong></span> <span class='ocrx_word' id='word_1_290' title='bbox 1244 4858 1541 4919; x_wconf 89' lang='lat' dir='ltr'><strong>Christum,</strong></span> <span class='ocrx_word' id='word_1_291' title='bbox 1571 4875 1730 4928; x_wconf 88' lang='lat' dir='ltr'><strong>quem</strong></span> <span class='ocrx_word' id='word_1_292' title='bbox 1773 4860 1914 4912; x_wconf 90' lang='lat' dir='ltr'><strong>colui</strong></span> <span class='ocrx_word' id='word_1_293' title='bbox 1967 4876 2181 4930; x_wconf 82' lang='lat' dir='ltr'><strong>semper</strong></span> <span class='ocrx_word' id='word_1_294' title='bbox 2211 4861 2334 4914; x_wconf 84' lang='lat' dir='ltr'><strong>inde</strong></span> 
     </span>
    </p>
   </div>
   <div class='ocr_carea' id='block_1_45' title="bbox 776 4949 2332 5018">
    <p class='ocr_par' dir='ltr' id='par_1_45' title="bbox 776 4949 2332 5018">
     <span class='ocr_line' id='line_1_45' title="bbox 776 4949 2332 5018; baseline 0.003 -17"><span class='ocrx_word' id='word_1_295' title='bbox 776 4964 944 5016; x_wconf 85' lang='lat' dir='ltr'><strong>usque</strong></span> <span class='ocrx_word' id='word_1_296' title='bbox 969 4965 995 5000; x_wconf 91' lang='lat' dir='ltr'><strong>a</strong></span> <span class='ocrx_word' id='word_1_297' title='bbox 1027 4950 1272 5017; x_wconf 87' lang='lat' dir='ltr'><strong>patribus</strong></span> <span class='ocrx_word' id='word_1_298' title='bbox 1295 4949 1428 5003; x_wconf 79' lang='lat' dir='ltr'><strong>meis</strong></span> <span class='ocrx_word' id='word_1_299' title='bbox 1448 4966 1583 5017; x_wconf 83' lang='lat' dir='ltr'><strong>puro</strong></span> <span class='ocrx_word' id='word_1_300' title='bbox 1605 4951 1766 5003; x_wconf 91' lang='lat' dir='ltr'><strong>corde</strong></span> <span class='ocrx_word' id='word_1_301' title='bbox 1785 4961 1943 5018; x_wconf 88' lang='lat' dir='ltr'><strong>atque</strong></span> <span class='ocrx_word' id='word_1_302' title='bbox 1968 4955 2169 5004; x_wconf 87' lang='lat' dir='ltr'><strong>animo.</strong></span> <span class='ocrx_word' id='word_1_303' title='bbox 2198 4953 2332 5005; x_wconf 87' lang='lat' dir='ltr'><strong>Tum</strong></span> 
     </span>
    </p>
   </div>
   <div class='ocr_carea' id='block_1_46' title="bbox 774 5041 2338 5111">
    <p class='ocr_par' dir='ltr' id='par_1_46' title="bbox 774 5041 2338 5111">
     <span class='ocr_line' id='line_1_46' title="bbox 774 5041 2338 5111; baseline 0.004 -18"><span class='ocrx_word' id='word_1_304' title='bbox 774 5041 1097 5094; x_wconf 75' lang='lat' dir='ltr'><strong>Aurelianus</strong></span> <span class='ocrx_word' id='word_1_305' title='bbox 1140 5042 1315 5095; x_wconf 80' lang='lat' dir='ltr'><strong>dixit:</strong></span> <span class='ocrx_word' id='word_1_306' title='bbox 1383 5041 1705 5111; x_wconf 86' lang='lat' dir='ltr'><strong>Suspendite</strong></span> <span class='ocrx_word' id='word_1_307' title='bbox 1735 5044 2007 5098; x_wconf 85' lang='lat' dir='ltr'><strong>hominem</strong></span> <span class='ocrx_word' id='word_1_308' title='bbox 2057 5047 2236 5108; x_wconf 87' lang='lat' dir='ltr'><strong>istum,</strong></span> <span class='ocrx_word' id='word_1_309' title='bbox 2284 5057 2338 5100; x_wconf 87' lang='lat' dir='ltr'><strong>ct</strong></span> 
     </span>
    </p>
   </div>
   <div class='ocr_carea' id='block_1_47' title="bbox 776 5132 2337 5205">
    <p class='ocr_par' dir='ltr' id='par_1_47' title="bbox 776 5132 2337 5205">
     <span class='ocr_line' id='line_1_47' title="bbox 776 5132 2337 5205; baseline 0.003 -21"><span class='ocrx_word' id='word_1_310' title='bbox 776 5134 1265 5201; x_wconf 79' lang='lat' dir='ltr'><strong>acriter&#39;torquete,</strong></span> <span class='ocrx_word' id='word_1_311' title='bbox 1303 5132 1473 5186; x_wconf 92' lang='lat' dir='ltr'><strong>donec</strong></span> <span class='ocrx_word' id='word_1_312' title='bbox 1497 5134 1704 5188; x_wconf 81' lang='lat' dir='ltr'><strong>venerit</strong></span> <span class='ocrx_word' id='word_1_313' title='bbox 1757 5135 2015 5188; x_wconf 87' lang='lat' dir='ltr'><strong>Dominus</strong></span> <span class='ocrx_word' id='word_1_314' title='bbox 2057 5136 2248 5205; x_wconf 87' lang='lat' dir='ltr'><strong>ipsius.</strong></span> <span class='ocrx_word' id='word_1_315' title='bbox 2283 5145 2337 5189; x_wconf 85' lang='lat' dir='ltr'><strong>et</strong></span> 
     </span>
    </p>
   </div>
   <div class='ocr_carea' id='block_1_48' title="bbox 778 5221 2333 5292">
    <p class='ocr_par' dir='ltr' id='par_1_48' title="bbox 778 5221 2333 5292">
     <span class='ocr_line' id='line_1_48' title="bbox 778 5221 2333 5292; baseline 0.003 -18"><span class='ocrx_word' id='word_1_316' title='bbox 778 5224 900 5274; x_wconf 87' lang='lat' dir='ltr'><strong>eum</strong></span> <span class='ocrx_word' id='word_1_317' title='bbox 925 5223 1134 5278; x_wconf 87' lang='lat' dir='ltr'><strong>liberet.</strong></span> <span class='ocrx_word' id='word_1_318' title='bbox 1165 5221 1579 5290; x_wconf 83' lang='lat' dir='ltr'><strong>Suspenderunt</strong></span> <span class='ocrx_word' id='word_1_319' title='bbox 1636 5223 1796 5292; x_wconf 79' lang='lat' dir='ltr'><strong>igitur</strong></span> <span class='ocrx_word' id='word_1_320' title='bbox 1824 5225 1968 5277; x_wconf 90' lang='lat' dir='ltr'><strong>illum</strong></span> <span class='ocrx_word' id='word_1_321' title='bbox 2033 5229 2333 5292; x_wconf 78' lang='lat' dir='ltr'><strong>carnifices,</strong></span> 
     </span>
    </p>
   </div>
   <div class='ocr_carea' id='block_1_49' title="bbox 778 5316 2334 5391">
    <p class='ocr_par' dir='ltr' id='par_1_49' title="bbox 778 5316 2334 5391">
     <span class='ocr_line' id='line_1_49' title="bbox 778 5316 2334 5391; baseline 0.003 -22"><span class='ocrx_word' id='word_1_322' title='bbox 778 5325 834 5369; x_wconf 87' lang='lat' dir='ltr'><strong>et</strong></span> <span class='ocrx_word' id='word_1_323' title='bbox 863 5316 1188 5370; x_wconf 86' lang='lat' dir='ltr'><strong>cruciatibus</strong></span> <span class='ocrx_word' id='word_1_324' title='bbox 1204 5317 1437 5385; x_wconf 73' lang='lat' dir='ltr'><strong>atlligere</strong></span> <span class='ocrx_word' id='word_1_325' title='bbox 1470 5327 1770 5386; x_wconf 66' lang='lat' dir='ltr'><strong>cmperunt.</strong></span> <span class='ocrx_word' id='word_1_326' title='bbox 1796 5317 2035 5388; x_wconf 81' lang='lat' dir='ltr'><strong>Cumque</strong></span> <span class='ocrx_word' id='word_1_327' title='bbox 2069 5319 2334 5391; x_wconf 76' lang='lat' dir='ltr'><strong>afﬂigere-</strong></span> 
     </span>
    </p>
   </div>
   <div class='ocr_carea' id='block_1_50' title="bbox 780 5406 2333 5475">
    <p class='ocr_par' dir='ltr' id='par_1_50' title="bbox 780 5406 2333 5475">
     <span class='ocr_line' id='line_1_50' title="bbox 780 5406 2333 5475; baseline 0.001 -14"><span class='ocrx_word' id='word_1_328' title='bbox 780 5418 888 5472; x_wconf 91' lang='lat' dir='ltr'><strong>tur,</strong></span> <span class='ocrx_word' id='word_1_329' title='bbox 914 5423 1046 5461; x_wconf 83' lang='lat' dir='ltr'><strong>voce</strong></span> <span class='ocrx_word' id='word_1_330' title='bbox 1083 5421 1276 5475; x_wconf 83' lang='lat' dir='ltr'><strong>magna</strong></span> <span class='ocrx_word' id='word_1_331' title='bbox 1307 5406 1470 5462; x_wconf 88' lang='lat' dir='ltr'><strong>Deum</strong></span> <span class='ocrx_word' id='word_1_332' title='bbox 1494 5408 1774 5471; x_wconf 87' lang='lat' dir='ltr'><strong>invocans,</strong></span> <span class='ocrx_word' id='word_1_333' title='bbox 1826 5409 2054 5462; x_wconf 88' lang='lat' dir='ltr'><strong>dicebat:</strong></span> <span class='ocrx_word' id='word_1_334' title='bbox 2089 5411 2333 5472; x_wconf 88' lang='lat' dir='ltr'><strong>Domine,</strong></span> 
     </span>
    </p>
   </div>
   <div class='ocr_carea' id='block_1_51' title="bbox 781 5493 2336 5568">
    <p class='ocr_par' dir='ltr' id='par_1_51' title="bbox 781 5493 2336 5568">
     <span class='ocr_line' id='line_1_51' title="bbox 781 5493 2336 5568; baseline 0.002 -18"><span class='ocrx_word' id='word_1_335' title='bbox 781 5496 905 5550; x_wconf 80' lang='lat' dir='ltr'><strong>Jesu</strong></span> <span class='ocrx_word' id='word_1_336' title='bbox 929 5495 1160 5558; x_wconf 80' lang='lat' dir='ltr'><strong>Christe,</strong></span> <span class='ocrx_word' id='word_1_337' title='bbox 1185 5509 1310 5546; x_wconf 90' lang='lat' dir='ltr'><strong>vera</strong></span> <span class='ocrx_word' id='word_1_338' title='bbox 1336 5493 1425 5546; x_wconf 86' lang='lat' dir='ltr'><strong>Dei</strong></span> <span class='ocrx_word' id='word_1_339' title='bbox 1455 5496 1561 5547; x_wconf 84' lang='lat' dir='ltr'><strong>veri</strong></span> <span class='ocrx_word' id='word_1_340' title='bbox 1588 5506 1640 5549; x_wconf 89' lang='lat' dir='ltr'><strong>et</strong></span> <span class='ocrx_word' id='word_1_341' title='bbox 1663 5496 1833 5550; x_wconf 86' lang='lat' dir='ltr'><strong>Patris</strong></span> <span class='ocrx_word' id='word_1_342' title='bbox 1853 5499 2153 5568; x_wconf 76' lang='lat' dir='ltr'><strong>progenies,</strong></span> <span class='ocrx_word' id='word_1_343' title='bbox 2182 5502 2336 5568; x_wconf 82' lang='lat' dir='ltr'><strong>cujus</strong></span> 
     </span>
    </p>
   </div>
   <div class='ocr_carea' id='block_1_52' title="bbox 778 5579 2332 5657">
    <p class='ocr_par' dir='ltr' id='par_1_52' title="bbox 778 5579 2332 5657">
     <span class='ocr_line' id='line_1_52' title="bbox 778 5579 2332 5657; baseline 0.006 -22"><span class='ocrx_word' id='word_1_344' title='bbox 778 5592 956 5636; x_wconf 88' lang='lat' dir='ltr'><strong>ortum</strong></span> <span class='ocrx_word' id='word_1_345' title='bbox 975 5597 1132 5635; x_wconf 90' lang='lat' dir='ltr'><strong>nemo</strong></span> <span class='ocrx_word' id='word_1_346' title='bbox 1161 5579 1620 5650; x_wconf 87' lang='lat' dir='ltr'><strong>comprehendere</strong></span> <span class='ocrx_word' id='word_1_347' title='bbox 1645 5595 1837 5652; x_wconf 85' lang='lat' dir='ltr'><strong>potest.</strong></span> <span class='ocrx_word' id='word_1_348' title='bbox 1859 5602 1964 5639; x_wconf 86' lang='lat' dir='ltr'><strong>non</strong></span> <span class='ocrx_word' id='word_1_349' title='bbox 1989 5590 2196 5657; x_wconf 80' lang='lat' dir='ltr'><strong>Angeli,</strong></span> <span class='ocrx_word' id='word_1_350' title='bbox 2228 5607 2332 5645; x_wconf 89' lang='lat' dir='ltr'><strong>non</strong></span> 
     </span>
    </p>
   </div>
   <div class='ocr_carea' id='block_1_53' title="bbox 782 5673 2331 5749">
    <p class='ocr_par' dir='ltr' id='par_1_53' title="bbox 782 5673 2331 5749">
     <span class='ocr_line' id='line_1_53' title="bbox 782 5673 2331 5749; baseline 0.01 -24"><span class='ocrx_word' id='word_1_351' title='bbox 782 5674 1258 5739; x_wconf 76' lang='lat' dir='ltr'><strong>Archangeli,non</strong></span> <span class='ocrx_word' id='word_1_352' title='bbox 1316 5673 1541 5742; x_wconf 90' lang='lat' dir='ltr'><strong>Throni,</strong></span> <span class='ocrx_word' id='word_1_353' title='bbox 1584 5693 1690 5731; x_wconf 91' lang='lat' dir='ltr'><strong>non</strong></span> <span class='ocrx_word' id='word_1_354' title='bbox 1749 5679 2164 5749; x_wconf 82' lang='lat' dir='ltr'><strong>Dontinariones,</strong></span> <span class='ocrx_word' id='word_1_355' title='bbox 2228 5704 2331 5744; x_wconf 89' lang='lat' dir='ltr'><strong>non</strong></span> 
     </span>
    </p>
   </div>
   <div class='ocr_carea' id='block_1_54' title="bbox 889 5814 1912 5884">
    <p class='ocr_par' dir='ltr' id='par_1_54' title="bbox 889 5814 1912 5884">
     <span class='ocr_line' id='line_1_54' title="bbox 889 5814 1912 5884; baseline 0.009 -18"><span class='ocrx_word' id='word_1_356' title='bbox 889 5816 902 5846; x_wconf 85' lang='lat'>‘</span> <span class='ocrx_word' id='word_1_357' title='bbox 938 5814 1215 5881; x_wconf 70' lang='lat' dir='ltr'><strong>Hattlt..x,</strong></span> <span class='ocrx_word' id='word_1_358' title='bbox 1245 5818 1330 5872; x_wconf 64' lang='lat'><strong>23.</strong></span> <span class='ocrx_word' id='word_1_359' title='bbox 1412 5822 1428 5848; x_wconf 88' lang='lat'>&#39;</span> <span class='ocrx_word' id='word_1_360' title='bbox 1461 5818 1476 5870; x_wconf 92' lang='grc'><strong>1</strong></span> <span class='ocrx_word' id='word_1_361' title='bbox 1513 5817 1650 5871; x_wconf 77' lang='lat' dir='ltr'><strong>Tim.</strong></span> <span class='ocrx_word' id='word_1_362' title='bbox 1691 5836 1744 5884; x_wconf 82' lang='grc' dir='ltr'>ιι,</span> <span class='ocrx_word' id='word_1_363' title='bbox 1777 5823 1827 5874; x_wconf 65' lang='grc'><strong>4.</strong></span> <span class='ocrx_word' id='word_1_364' title='bbox 1904 5835 1912 5844; x_wconf 93' lang='grc'><strong><em>“</em></strong></span> 
     </span>
    </p>
   </div>
   <div class='ocr_carea' id='block_1_55' title="bbox 2420 1866 4011 1941">
    <p class='ocr_par' dir='ltr' id='par_1_55' title="bbox 2420 1866 4011 1941">
     <span class='ocr_line' id='line_1_55' title="bbox 2420 1866 4011 1941; baseline 0.006 -23"><span class='ocrx_word' id='word_1_365' title='bbox 2420 1866 3052 1936; x_wconf 87' lang='lat' dir='ltr'><strong>rubini,autSeraphini,</strong></span> <span class='ocrx_word' id='word_1_366' title='bbox 3103 1870 3199 1923; x_wconf 93' lang='lat' dir='ltr'><strong>nisi</strong></span> <span class='ocrx_word' id='word_1_367' title='bbox 3219 1869 3372 1924; x_wconf 88' lang='lat' dir='ltr'><strong>Pater</strong></span> <span class='ocrx_word' id='word_1_368' title='bbox 3390 1871 3651 1935; x_wconf 84' lang='lat' dir='ltr'><strong>solus;tn.</strong></span> <span class='ocrx_word' id='word_1_369' title='bbox 3684 1873 4011 1941; x_wconf 83' lang='lat' dir='ltr'><strong>inquarn,af-</strong></span> 
     </span>
    </p>
   </div>
   <div class='ocr_carea' id='block_1_56' title="bbox 2419 1959 4012 2031">
    <p class='ocr_par' dir='ltr' id='par_1_56' title="bbox 2419 1959 4012 2031">
     <span class='ocr_line' id='line_1_56' title="bbox 2419 1959 4012 2031; baseline 0.003 -20"><span class='ocrx_word' id='word_1_370' title='bbox 2419 1959 2556 2013; x_wconf 82' lang='lat' dir='ltr'><strong>feras</strong></span> <span class='ocrx_word' id='word_1_371' title='bbox 2572 1974 2726 2027; x_wconf 89' lang='lat' dir='ltr'><strong>opem</strong></span> <span class='ocrx_word' id='word_1_372' title='bbox 2742 1960 2870 2012; x_wconf 92' lang='lat' dir='ltr'><strong>mihi</strong></span> <span class='ocrx_word' id='word_1_373' title='bbox 2896 1961 3079 2014; x_wconf 87' lang='lat' dir='ltr'><strong>humili</strong></span> <span class='ocrx_word' id='word_1_374' title='bbox 3095 1969 3148 2015; x_wconf 92' lang='lat' dir='ltr'><strong>et</strong></span> <span class='ocrx_word' id='word_1_375' title='bbox 3163 1963 3370 2031; x_wconf 72' lang='lat' dir='ltr'><strong>abiecto</strong></span> <span class='ocrx_word' id='word_1_376' title='bbox 3392 1979 3548 2018; x_wconf 77' lang='lat' dir='ltr'><strong>servo</strong></span> <span class='ocrx_word' id='word_1_377' title='bbox 3571 1973 3661 2017; x_wconf 89' lang='lat' dir='ltr'><strong>tuo</strong></span> <span class='ocrx_word' id='word_1_378' title='bbox 3678 1975 3732 2018; x_wconf 90' lang='lat' dir='ltr'><strong>et</strong></span> <span class='ocrx_word' id='word_1_379' title='bbox 3754 1981 3816 2018; x_wconf 75' lang='lat' dir='ltr'><strong>ex</strong></span> <span class='ocrx_word' id='word_1_380' title='bbox 3845 1969 4012 2025; x_wconf 77' lang='lat' dir='ltr'><strong>mani.</strong></span> 
     </span>
    </p>
   </div>
   <div class='ocr_carea' id='block_1_57' title="bbox 2419 2048 4014 2124">
    <p class='ocr_par' dir='ltr' id='par_1_57' title="bbox 2419 2048 4014 2124">
     <span class='ocr_line' id='line_1_57' title="bbox 2419 2048 4014 2124; baseline 0.005 -23"><span class='ocrx_word' id='word_1_381' title='bbox 2419 2048 2518 2102; x_wconf 91' lang='lat' dir='ltr'><strong>bus</strong></span> <span class='ocrx_word' id='word_1_382' title='bbox 2546 2049 2817 2104; x_wconf 85' lang='lat' dir='ltr'><strong>Aureliani</strong></span> <span class='ocrx_word' id='word_1_383' title='bbox 2845 2067 2928 2104; x_wconf 92' lang='lat' dir='ltr'><strong>me</strong></span> <span class='ocrx_word' id='word_1_384' title='bbox 2953 2051 3167 2106; x_wconf 91' lang='lat' dir='ltr'><strong>liberes.</strong></span> <span class='ocrx_word' id='word_1_385' title='bbox 3190 2053 3329 2108; x_wconf 82' lang='lat' dir='ltr'><strong>Deus</strong></span> <span class='ocrx_word' id='word_1_386' title='bbox 3347 2066 3522 2108; x_wconf 90' lang='lat' dir='ltr'><strong>autem</strong></span> <span class='ocrx_word' id='word_1_387' title='bbox 3540 2057 3875 2124; x_wconf 81' lang='lat' dir='ltr'><strong>protinusita</strong></span> <span class='ocrx_word' id='word_1_388' title='bbox 3894 2075 4014 2111; x_wconf 84' lang='lat' dir='ltr'><strong>cru-</strong></span> 
     </span>
    </p>
   </div>
   <div class='ocr_carea' id='block_1_58' title="bbox 2419 2139 4008 2201">
    <p class='ocr_par' dir='ltr' id='par_1_58' title="bbox 2419 2139 4008 2201">
     <span class='ocr_line' id='line_1_58' title="bbox 2419 2139 4008 2201; baseline 0.006 -10"><span class='ocrx_word' id='word_1_389' title='bbox 2419 2139 2595 2192; x_wconf 90' lang='lat' dir='ltr'><strong>ciatus</strong></span> <span class='ocrx_word' id='word_1_390' title='bbox 2619 2140 2738 2194; x_wconf 88' lang='lat' dir='ltr'><strong>illos</strong></span> <span class='ocrx_word' id='word_1_391' title='bbox 2761 2141 2904 2194; x_wconf 86' lang='lat' dir='ltr'><strong>leves</strong></span> <span class='ocrx_word' id='word_1_392' title='bbox 2922 2141 3123 2200; x_wconf 76' lang='lat' dir='ltr'><strong>etl‘eeit.</strong></span> <span class='ocrx_word' id='word_1_393' title='bbox 3147 2154 3204 2196; x_wconf 92' lang='lat' dir='ltr'><strong>ut</strong></span> <span class='ocrx_word' id='word_1_394' title='bbox 3226 2144 3414 2197; x_wconf 86' lang='lat' dir='ltr'><strong>beatus</strong></span> <span class='ocrx_word' id='word_1_395' title='bbox 3448 2145 3644 2199; x_wconf 81' lang='lat' dir='ltr'><strong>Paulus</strong></span> <span class='ocrx_word' id='word_1_396' title='bbox 3665 2149 3737 2199; x_wconf 83' lang='lat' dir='ltr'><strong>nil</strong></span> <span class='ocrx_word' id='word_1_397' title='bbox 3759 2149 4008 2201; x_wconf 85' lang='lat' dir='ltr'><strong>sentiret-</strong></span> 
     </span>
    </p>
   </div>
   <div class='ocr_carea' id='block_1_59' title="bbox 2493 2226 4007 2298">
    <p class='ocr_par' dir='ltr' id='par_1_59' title="bbox 2493 2226 4007 2298">
     <span class='ocr_line' id='line_1_59' title="bbox 2493 2226 4007 2298; baseline 0.006 -19"><span class='ocrx_word' id='word_1_398' title='bbox 2493 2226 2579 2280; x_wconf 72' lang='grc' dir='ltr'><strong>Ν.</strong></span> <span class='ocrx_word' id='word_1_399' title='bbox 2614 2226 2807 2280; x_wconf 82' lang='lat' dir='ltr'><strong>Sancta</strong></span> <span class='ocrx_word' id='word_1_400' title='bbox 2837 2245 2963 2284; x_wconf 86' lang='lat' dir='ltr'><strong>vero</strong></span> <span class='ocrx_word' id='word_1_401' title='bbox 2992 2229 3191 2281; x_wconf 75' lang='lat' dir='ltr'><strong>Christi</strong></span> <span class='ocrx_word' id='word_1_402' title='bbox 3217 2246 3416 2298; x_wconf 75' lang='lat' dir='ltr'><strong>Sponsa</strong></span> <span class='ocrx_word' id='word_1_403' title='bbox 3452 2230 3665 2285; x_wconf 84' lang='lat' dir='ltr'><strong>.luliana</strong></span> <span class='ocrx_word' id='word_1_404' title='bbox 3690 2274 3704 2297; x_wconf 91' lang='lat'><strong>,</strong></span> <span class='ocrx_word' id='word_1_405' title='bbox 3730 2250 3857 2287; x_wconf 86' lang='lat' dir='ltr'><strong>cum</strong></span> <span class='ocrx_word' id='word_1_406' title='bbox 3904 2236 4007 2288; x_wconf 85' lang='lat' dir='ltr'><strong>fra-</strong></span> 
     </span>
    </p>
   </div>
   <div class='ocr_carea' id='block_1_60' title="bbox 2427 2318 4010 2391">
    <p class='ocr_par' dir='ltr' id='par_1_60' title="bbox 2427 2318 4010 2391">
     <span class='ocr_line' id='line_1_60' title="bbox 2427 2318 4010 2391; baseline 0.008 -23"><span class='ocrx_word' id='word_1_407' title='bbox 2427 2326 2729 2370; x_wconf 89' lang='lat' dir='ltr'><strong>tremsunm</strong></span> <span class='ocrx_word' id='word_1_408' title='bbox 2756 2318 2824 2369; x_wconf 89' lang='lat' dir='ltr'><strong>ita</strong></span> <span class='ocrx_word' id='word_1_409' title='bbox 2851 2319 3075 2370; x_wconf 82' lang='lat' dir='ltr'><strong>cruciari</strong></span> <span class='ocrx_word' id='word_1_410' title='bbox 3104 2320 3356 2382; x_wconf 76' lang='lat' dir='ltr'><strong>vidisset,</strong></span> <span class='ocrx_word' id='word_1_411' title='bbox 3383 2326 3623 2375; x_wconf 87' lang='lat' dir='ltr'><strong>cucurrit</strong></span> <span class='ocrx_word' id='word_1_412' title='bbox 3654 2325 3719 2376; x_wconf 90' lang='lat' dir='ltr'><strong>ad</strong></span> <span class='ocrx_word' id='word_1_413' title='bbox 3751 2327 4010 2391; x_wconf 85' lang='lat' dir='ltr'><strong>tribunal,</strong></span> 
     </span>
    </p>
   </div>
   <div class='ocr_carea' id='block_1_61' title="bbox 2426 2411 4006 2485">
    <p class='ocr_par' dir='ltr' id='par_1_61' title="bbox 2426 2411 4006 2485">
     <span class='ocr_line' id='line_1_61' title="bbox 2426 2411 4006 2485; baseline 0.006 -24"><span class='ocrx_word' id='word_1_414' title='bbox 2426 2417 2479 2461; x_wconf 91' lang='lat' dir='ltr'><strong>et</strong></span> <span class='ocrx_word' id='word_1_415' title='bbox 2526 2424 2651 2460; x_wconf 82' lang='lat' dir='ltr'><strong>voce</strong></span> <span class='ocrx_word' id='word_1_416' title='bbox 2676 2425 2863 2478; x_wconf 83' lang='lat' dir='ltr'><strong>magna</strong></span> <span class='ocrx_word' id='word_1_417' title='bbox 2895 2411 3151 2464; x_wconf 82' lang='lat' dir='ltr'><strong>clamans:</strong></span> <span class='ocrx_word' id='word_1_418' title='bbox 3183 2413 3468 2465; x_wconf 75' lang='lat' dir='ltr'><strong>Aureli-anc</strong></span> <span class='ocrx_word' id='word_1_419' title='bbox 3492 2415 3707 2482; x_wconf 87' lang='lat' dir='ltr'><strong>,inquit.</strong></span> <span class='ocrx_word' id='word_1_420' title='bbox 3755 2426 4006 2485; x_wconf 76' lang='lat' dir='ltr'><strong>tyranne,</strong></span> 
     </span>
    </p>
   </div>
   <div class='ocr_carea' id='block_1_62' title="bbox 2428 2500 4011 2564">
    <p class='ocr_par' dir='ltr' id='par_1_62' title="bbox 2428 2500 4011 2564">
     <span class='ocr_line' id='line_1_62' title="bbox 2428 2500 4011 2564; baseline 0.007 -11"><span class='ocrx_word' id='word_1_421' title='bbox 2428 2516 2523 2553; x_wconf 82' lang='lat' dir='ltr'><strong>cur</strong></span> <span class='ocrx_word' id='word_1_422' title='bbox 2588 2500 2658 2553; x_wconf 87' lang='lat' dir='ltr'><strong>ita</strong></span> <span class='ocrx_word' id='word_1_423' title='bbox 2696 2502 2992 2556; x_wconf 86' lang='lat' dir='ltr'><strong>crudeliter</strong></span> <span class='ocrx_word' id='word_1_424' title='bbox 3025 2503 3242 2559; x_wconf 77' lang='lat' dir='ltr'><strong>fratrem</strong></span> <span class='ocrx_word' id='word_1_425' title='bbox 3279 2520 3458 2557; x_wconf 86' lang='lat' dir='ltr'><strong>meum</strong></span> <span class='ocrx_word' id='word_1_426' title='bbox 3504 2509 3855 2563; x_wconf 85' lang='lat' dir='ltr'><strong>innocentem</strong></span> <span class='ocrx_word' id='word_1_427' title='bbox 3888 2526 4011 2564; x_wconf 82' lang='lat' dir='ltr'><strong>rru-</strong></span> 
     </span>
    </p>
   </div>
   <div class='ocr_carea' id='block_1_63' title="bbox 2429 2593 4014 2662">
    <p class='ocr_par' dir='ltr' id='par_1_63' title="bbox 2429 2593 4014 2662">
     <span class='ocr_line' id='line_1_63' title="bbox 2429 2593 4014 2662; baseline 0.006 -17"><span class='ocrx_word' id='word_1_428' title='bbox 2429 2593 2565 2646; x_wconf 84' lang='lat' dir='ltr'><strong>cias?</strong></span> <span class='ocrx_word' id='word_1_429' title='bbox 2601 2594 2734 2646; x_wconf 84' lang='lat' dir='ltr'><strong>&#39;l&#39;um</strong></span> <span class='ocrx_word' id='word_1_430' title='bbox 2767 2595 3121 2648; x_wconf 76' lang='lat' dir='ltr'><strong>Aurelianus:</strong></span> <span class='ocrx_word' id='word_1_431' title='bbox 3156 2596 3392 2662; x_wconf 69' lang='lat' dir='ltr'><strong>Detegite</strong></span> <span class='ocrx_word' id='word_1_432' title='bbox 3422 2613 3542 2651; x_wconf 79' lang='lat' dir='ltr'><strong>mox</strong></span> <span class='ocrx_word' id='word_1_433' title='bbox 3583 2601 3739 2654; x_wconf 80' lang='lat' dir='ltr'><strong>istius</strong></span> <span class='ocrx_word' id='word_1_434' title='bbox 3770 2602 4014 2654; x_wconf 84' lang='lat' dir='ltr'><strong>mulieris</strong></span> 
     </span>
    </p>
   </div>
   <div class='ocr_carea' id='block_1_64' title="bbox 2432 2686 4013 2758">
    <p class='ocr_par' dir='ltr' id='par_1_64' title="bbox 2432 2686 4013 2758">
     <span class='ocr_line' id='line_1_64' title="bbox 2432 2686 4013 2758; baseline 0.006 -21"><span class='ocrx_word' id='word_1_435' title='bbox 2432 2694 2618 2751; x_wconf 83' lang='lat' dir='ltr'><strong>caput,</strong></span> <span class='ocrx_word' id='word_1_436' title='bbox 2646 2693 2700 2737; x_wconf 90' lang='lat' dir='ltr'><strong>et</strong></span> <span class='ocrx_word' id='word_1_437' title='bbox 2723 2686 2843 2751; x_wconf 88' lang='lat' dir='ltr'><strong>ejus</strong></span> <span class='ocrx_word' id='word_1_438' title='bbox 2884 2701 3048 2753; x_wconf 81' lang='lat' dir='ltr'><strong>genas</strong></span> <span class='ocrx_word' id='word_1_439' title='bbox 3074 2687 3426 2741; x_wconf 78' lang='lat' dir='ltr'><strong>vehementer</strong></span> <span class='ocrx_word' id='word_1_440' title='bbox 3479 2693 3766 2758; x_wconf 70' lang='lat' dir='ltr'><strong>perc-utile.</strong></span> <span class='ocrx_word' id='word_1_441' title='bbox 3822 2709 3889 2743; x_wconf 83' lang='lat' dir='ltr'><strong>ne</strong></span> <span class='ocrx_word' id='word_1_442' title='bbox 3937 2695 4013 2746; x_wconf 79' lang='lat' dir='ltr'><strong>sic</strong></span> 
     </span>
    </p>
   </div>
   <div class='ocr_carea' id='block_1_65' title="bbox 2435 2777 4012 2845">
    <p class='ocr_par' dir='ltr' id='par_1_65' title="bbox 2435 2777 4012 2845">
     <span class='ocr_line' id='line_1_65' title="bbox 2435 2777 4012 2845; baseline 0.008 -20"><span class='ocrx_word' id='word_1_443' title='bbox 2435 2783 2638 2829; x_wconf 79' lang='lat' dir='ltr'><strong>temere</strong></span> <span class='ocrx_word' id='word_1_444' title='bbox 2674 2777 2960 2845; x_wconf 88' lang='lat' dir='ltr'><strong>loquatur:</strong></span> <span class='ocrx_word' id='word_1_445' title='bbox 3029 2779 3188 2830; x_wconf 83' lang='lat' dir='ltr'><strong>istum</strong></span> <span class='ocrx_word' id='word_1_446' title='bbox 3233 2795 3359 2831; x_wconf 84' lang='lat' dir='ltr'><strong>vero</strong></span> <span class='ocrx_word' id='word_1_447' title='bbox 3403 2783 3678 2834; x_wconf 77' lang='lat' dir='ltr'><strong>nefarium</strong></span> <span class='ocrx_word' id='word_1_448' title='bbox 3734 2784 4012 2837; x_wconf 80' lang='lat' dir='ltr'><strong>hominem</strong></span> 
     </span>
    </p>
   </div>
   <div class='ocr_carea' id='block_1_66' title="bbox 2436 2870 4010 2941">
    <p class='ocr_par' dir='ltr' id='par_1_66' title="bbox 2436 2870 4010 2941">
     <span class='ocr_line' id='line_1_66' title="bbox 2436 2870 4010 2941; baseline 0.004 -20"><span class='ocrx_word' id='word_1_449' title='bbox 2436 2878 2747 2922; x_wconf 81' lang='lat' dir='ltr'><strong>constanter</strong></span> <span class='ocrx_word' id='word_1_450' title='bbox 2770 2870 3032 2932; x_wconf 86' lang='lat' dir='ltr'><strong>cruciate,</strong></span> <span class='ocrx_word' id='word_1_451' title='bbox 3066 2885 3131 2923; x_wconf 89' lang='lat' dir='ltr'><strong>eo</strong></span> <span class='ocrx_word' id='word_1_452' title='bbox 3165 2871 3306 2938; x_wconf 87' lang='lat' dir='ltr'><strong>quod</strong></span> <span class='ocrx_word' id='word_1_453' title='bbox 3345 2871 3569 2933; x_wconf 86' lang='lat' dir='ltr'><strong>Christi,</strong></span> <span class='ocrx_word' id='word_1_454' title='bbox 3635 2889 3799 2941; x_wconf 84' lang='lat' dir='ltr'><strong>quem</strong></span> <span class='ocrx_word' id='word_1_455' title='bbox 3856 2876 4010 2936; x_wconf 60' lang='lat' dir='ltr'><strong>dicit.</strong></span> 
     </span>
    </p>
   </div>
   <div class='ocr_carea' id='block_1_67' title="bbox 2439 2961 4016 3029">
    <p class='ocr_par' dir='ltr' id='par_1_67' title="bbox 2439 2961 4016 3029">
     <span class='ocr_line' id='line_1_67' title="bbox 2439 2961 4016 3029; baseline 0.003 -17"><span class='ocrx_word' id='word_1_456' title='bbox 2439 2961 2796 3029; x_wconf 75' lang='lat' dir='ltr'><strong>patrocinium</strong></span> <span class='ocrx_word' id='word_1_457' title='bbox 2830 2961 3278 3028; x_wconf 70' lang='lat' dir='ltr'><strong>eladjumentum</strong></span> <span class='ocrx_word' id='word_1_458' title='bbox 3346 2977 3403 3015; x_wconf 82' lang='lat' dir='ltr'><strong>se</strong></span> <span class='ocrx_word' id='word_1_459' title='bbox 3473 2963 3669 3016; x_wconf 78' lang='lat' dir='ltr'><strong>habere</strong></span> <span class='ocrx_word' id='word_1_460' title='bbox 3731 2967 3828 3016; x_wconf 87' lang='lat' dir='ltr'><strong>ait.</strong></span> <span class='ocrx_word' id='word_1_461' title='bbox 3879 2965 4016 3018; x_wconf 77' lang='lat' dir='ltr'><strong>Risit</strong></span> 
     </span>
    </p>
   </div>
   <div class='ocr_carea' id='block_1_68' title="bbox 2438 3053 4016 3124">
    <p class='ocr_par' dir='ltr' id='par_1_68' title="bbox 2438 3053 4016 3124">
     <span class='ocr_line' id='line_1_68' title="bbox 2438 3053 4016 3124; baseline 0.003 -18"><span class='ocrx_word' id='word_1_462' title='bbox 2438 3053 2647 3106; x_wconf 83' lang='lat' dir='ltr'><strong>Juliana</strong></span> <span class='ocrx_word' id='word_1_463' title='bbox 2677 3093 2689 3113; x_wconf 89' lang='lat'><strong>,</strong></span> <span class='ocrx_word' id='word_1_464' title='bbox 2725 3064 2799 3109; x_wconf 86' lang='lat' dir='ltr'><strong>et:</strong></span> <span class='ocrx_word' id='word_1_465' title='bbox 2836 3053 3234 3123; x_wconf 75' lang='lat' dir='ltr'><strong>Miror,iuqnit,</strong></span> <span class='ocrx_word' id='word_1_466' title='bbox 3267 3057 3538 3122; x_wconf 84' lang='lat' dir='ltr'><strong>quomodo</strong></span> <span class='ocrx_word' id='word_1_467' title='bbox 3563 3058 3855 3124; x_wconf 78' lang='lat' dir='ltr'><strong>imperator</strong></span> <span class='ocrx_word' id='word_1_468' title='bbox 3891 3074 4016 3111; x_wconf 90' lang='lat' dir='ltr'><strong>cum</strong></span> 
     </span>
    </p>
   </div>
   <div class='ocr_carea' id='block_1_69' title="bbox 2423 3146 4017 3217">
    <p class='ocr_par' dir='ltr' id='par_1_69' title="bbox 2423 3146 4017 3217">
     <span class='ocr_line' id='line_1_69' title="bbox 2423 3146 4017 3217; baseline 0.003 -19"><span class='ocrx_word' id='word_1_469' title='bbox 2423 3146 2519 3203; x_wconf 86' lang='lat' dir='ltr'><strong>sis.</strong></span> <span class='ocrx_word' id='word_1_470' title='bbox 2539 3146 2750 3210; x_wconf 85' lang='lat' dir='ltr'><strong>deliras,</strong></span> <span class='ocrx_word' id='word_1_471' title='bbox 2780 3162 2951 3215; x_wconf 82' lang='lat' dir='ltr'><strong>neque</strong></span> <span class='ocrx_word' id='word_1_472' title='bbox 2975 3149 3265 3215; x_wconf 83' lang='lat' dir='ltr'><strong>potentiam</strong></span> <span class='ocrx_word' id='word_1_473' title='bbox 3292 3149 3488 3203; x_wconf 84' lang='lat' dir='ltr'><strong>Christi</strong></span> <span class='ocrx_word' id='word_1_474' title='bbox 3513 3153 3811 3217; x_wconf 78' lang='lat' dir='ltr'><strong>cognoscis,</strong></span> <span class='ocrx_word' id='word_1_475' title='bbox 3829 3166 4017 3217; x_wconf 62' lang='lat' dir='ltr'><strong>quem—</strong></span> 
     </span>
    </p>
   </div>
   <div class='ocr_carea' id='block_1_70' title="bbox 2424 3224 4016 3306">
    <p class='ocr_par' dir='ltr' id='par_1_70' title="bbox 2424 3224 4016 3306">
     <span class='ocr_line' id='line_1_70' title="bbox 2424 3224 4016 3306; baseline 0.001 -20"><span class='ocrx_word' id='word_1_476' title='bbox 2424 3236 2710 3288; x_wconf 88' lang='lat' dir='ltr'><strong>admodum</strong></span> <span class='ocrx_word' id='word_1_477' title='bbox 2751 3237 2955 3293; x_wconf 86' lang='lat' dir='ltr'><strong>scilicet</strong></span> <span class='ocrx_word' id='word_1_478' title='bbox 3002 3247 3265 3291; x_wconf 79' lang='lat' dir='ltr'><strong>tormenta</strong></span> <span class='ocrx_word' id='word_1_479' title='bbox 3345 3239 3425 3289; x_wconf 85' lang='lat' dir='ltr'><strong>his</strong></span> <span class='ocrx_word' id='word_1_480' title='bbox 3490 3237 3839 3300; x_wconf 82' lang='lat' dir='ltr'><strong>hominibus,</strong></span> <span class='ocrx_word' id='word_1_481' title='bbox 3927 3224 4016 3306; x_wconf 59' lang='lat' dir='ltr'><strong>qui</strong></span> 
     </span>
    </p>
   </div>
   <div class='ocr_carea' id='block_1_71' title="bbox 2425 3326 4014 3387">
    <p class='ocr_par' dir='ltr' id='par_1_71' title="bbox 2425 3326 4014 3387">
     <span class='ocr_line' id='line_1_71' title="bbox 2425 3326 4014 3387; baseline 0 -8"><span class='ocrx_word' id='word_1_482' title='bbox 2425 3342 2546 3379; x_wconf 85' lang='lat' dir='ltr'><strong>eum</strong></span> <span class='ocrx_word' id='word_1_483' title='bbox 2591 3328 2859 3387; x_wconf 74' lang='lat' dir='ltr'><strong>invocant,</strong></span> <span class='ocrx_word' id='word_1_484' title='bbox 2921 3328 3142 3380; x_wconf 79' lang='lat' dir='ltr'><strong>leviOi-ia</strong></span> <span class='ocrx_word' id='word_1_485' title='bbox 3206 3326 3385 3378; x_wconf 64' lang='lat' dir='ltr'><strong>allicit.</strong></span> <span class='ocrx_word' id='word_1_486' title='bbox 3421 3329 3747 3382; x_wconf 73' lang='lat' dir='ltr'><strong>Aurelianus</strong></span> <span class='ocrx_word' id='word_1_487' title='bbox 3775 3330 3839 3381; x_wconf 84' lang='lat' dir='ltr'><strong>ad</strong></span> <span class='ocrx_word' id='word_1_488' title='bbox 3881 3345 4014 3384; x_wconf 79' lang='lat' dir='ltr'><strong>suos</strong></span> 
     </span>
    </p>
   </div>
   <div class='ocr_carea' id='block_1_72' title="bbox 2429 3415 4017 3479">
    <p class='ocr_par' dir='ltr' id='par_1_72' title="bbox 2429 3415 4017 3479">
     <span class='ocr_line' id='line_1_72' title="bbox 2429 3415 4017 3479; baseline 0.001 -12"><span class='ocrx_word' id='word_1_489' title='bbox 2429 3430 2741 3479; x_wconf 83' lang='lat' dir='ltr'><strong>conversus,</strong></span> <span class='ocrx_word' id='word_1_490' title='bbox 2776 3416 2909 3468; x_wconf 77' lang='lat' dir='ltr'><strong>dixit</strong></span> <span class='ocrx_word' id='word_1_491' title='bbox 2945 3431 2959 3467; x_wconf 91' lang='lat'><strong>:</strong></span> <span class='ocrx_word' id='word_1_492' title='bbox 2998 3415 3303 3470; x_wconf 82' lang='lat' dir='ltr'><strong>Muliercula</strong></span> <span class='ocrx_word' id='word_1_493' title='bbox 3338 3417 3434 3468; x_wconf 83' lang='lat' dir='ltr'><strong>ista</strong></span> <span class='ocrx_word' id='word_1_494' title='bbox 3471 3434 3532 3470; x_wconf 78' lang='lat' dir='ltr'><strong>ex</strong></span> <span class='ocrx_word' id='word_1_495' title='bbox 3577 3434 3692 3470; x_wconf 84' lang='lat' dir='ltr'><strong>mea</strong></span> <span class='ocrx_word' id='word_1_496' title='bbox 3723 3418 4017 3471; x_wconf 83' lang='lat' dir='ltr'><strong>clementia</strong></span> 
     </span>
    </p>
   </div>
   <div class='ocr_carea' id='block_1_73' title="bbox 2430 3507 4019 3579">
    <p class='ocr_par' dir='ltr' id='par_1_73' title="bbox 2430 3507 4019 3579">
     <span class='ocr_line' id='line_1_73' title="bbox 2430 3507 4019 3579; baseline 0.003 -19"><span class='ocrx_word' id='word_1_497' title='bbox 2430 3507 2685 3575; x_wconf 77' lang='lat' dir='ltr'><strong>majorem</strong></span> <span class='ocrx_word' id='word_1_498' title='bbox 2713 3510 2760 3560; x_wconf 91' lang='lat' dir='ltr'><strong>in</strong></span> <span class='ocrx_word' id='word_1_499' title='bbox 2787 3509 2998 3561; x_wconf 89' lang='lat' dir='ltr'><strong>modum</strong></span> <span class='ocrx_word' id='word_1_500' title='bbox 3018 3509 3156 3563; x_wconf 87' lang='lat' dir='ltr'><strong>elata</strong></span> <span class='ocrx_word' id='word_1_501' title='bbox 3179 3519 3295 3576; x_wconf 81' lang='lat' dir='ltr'><strong>eSt;</strong></span> <span class='ocrx_word' id='word_1_502' title='bbox 3328 3511 3506 3579; x_wconf 82' lang='lat' dir='ltr'><strong>itaque</strong></span> <span class='ocrx_word' id='word_1_503' title='bbox 3529 3511 3670 3563; x_wconf 78' lang='lat' dir='ltr'><strong>illam</strong></span> <span class='ocrx_word' id='word_1_504' title='bbox 3697 3521 3854 3565; x_wconf 84' lang='lat' dir='ltr'><strong>torve</strong></span> <span class='ocrx_word' id='word_1_505' title='bbox 3874 3512 4019 3566; x_wconf 88' lang='lat' dir='ltr'><strong>intu-</strong></span> 
     </span>
    </p>
   </div>
   <div class='ocr_carea' id='block_1_74' title="bbox 2430 3600 4018 3667">
    <p class='ocr_par' dir='ltr' id='par_1_74' title="bbox 2430 3600 4018 3667">
     <span class='ocr_line' id='line_1_74' title="bbox 2430 3600 4018 3667; baseline 0.003 -16"><span class='ocrx_word' id='word_1_506' title='bbox 2430 3614 2547 3651; x_wconf 88' lang='lat' dir='ltr'><strong>ens:</strong></span> <span class='ocrx_word' id='word_1_507' title='bbox 2589 3600 2819 3661; x_wconf 82' lang='lat' dir='ltr'><strong>Accede,</strong></span> <span class='ocrx_word' id='word_1_508' title='bbox 2852 3600 3046 3667; x_wconf 82' lang='lat' dir='ltr'><strong>inquit,</strong></span> <span class='ocrx_word' id='word_1_509' title='bbox 3076 3610 3130 3654; x_wconf 91' lang='lat' dir='ltr'><strong>et</strong></span> <span class='ocrx_word' id='word_1_510' title='bbox 3164 3601 3265 3653; x_wconf 85' lang='lat' dir='ltr'><strong>diis</strong></span> <span class='ocrx_word' id='word_1_511' title='bbox 3311 3602 3552 3665; x_wconf 80' lang='lat' dir='ltr'><strong>imumla,</strong></span> <span class='ocrx_word' id='word_1_512' title='bbox 3585 3619 3690 3654; x_wconf 89' lang='lat' dir='ltr'><strong>non</strong></span> <span class='ocrx_word' id='word_1_513' title='bbox 3725 3605 3874 3655; x_wconf 82' lang='lat' dir='ltr'><strong>enim</strong></span> <span class='ocrx_word' id='word_1_514' title='bbox 3907 3620 4018 3656; x_wconf 86' lang='lat' dir='ltr'><strong>ma-</strong></span> 
     </span>
    </p>
   </div>
   <div class='ocr_carea' id='block_1_75' title="bbox 2434 3693 4018 3752">
    <p class='ocr_par' dir='ltr' id='par_1_75' title="bbox 2434 3693 4018 3752">
     <span class='ocr_line' id='line_1_75' title="bbox 2434 3693 4018 3752; baseline 0.003 -10"><span class='ocrx_word' id='word_1_515' title='bbox 2434 3707 2533 3742; x_wconf 86' lang='lat' dir='ltr'><strong>nus</strong></span> <span class='ocrx_word' id='word_1_516' title='bbox 2560 3705 2706 3743; x_wconf 88' lang='lat' dir='ltr'><strong>meas</strong></span> <span class='ocrx_word' id='word_1_517' title='bbox 2759 3700 2807 3742; x_wconf 87' lang='lat' dir='ltr'><strong>te</strong></span> <span class='ocrx_word' id='word_1_518' title='bbox 2855 3706 3140 3747; x_wconf 76' lang='lat' dir='ltr'><strong>evasuram</strong></span> <span class='ocrx_word' id='word_1_519' title='bbox 3201 3693 3472 3747; x_wconf 73' lang='lat' dir='ltr'><strong>conlidere</strong></span> <span class='ocrx_word' id='word_1_520' title='bbox 3521 3693 3706 3752; x_wconf 64' lang='lat' dir='ltr'><strong>debes.</strong></span> <span class='ocrx_word' id='word_1_521' title='bbox 3759 3695 3838 3746; x_wconf 68' lang='lat' dir='ltr'><strong>.td</strong></span> <span class='ocrx_word' id='word_1_522' title='bbox 3902 3696 4018 3747; x_wconf 77' lang='lat' dir='ltr'><strong>hzee</strong></span> 
     </span>
    </p>
   </div>
   <div class='ocr_carea' id='block_1_76' title="bbox 2433 3778 4015 3857">
    <p class='ocr_par' dir='ltr' id='par_1_76' title="bbox 2433 3778 4015 3857">
     <span class='ocr_line' id='line_1_76' title="bbox 2433 3778 4015 3857; baseline 0.006 -28"><span class='ocrx_word' id='word_1_523' title='bbox 2433 3778 2661 3830; x_wconf 79' lang='lat' dir='ltr'><strong>Juliana:</strong></span> <span class='ocrx_word' id='word_1_524' title='bbox 2705 3780 2811 3848; x_wconf 78' lang='lat' dir='ltr'><strong>Ego</strong></span> <span class='ocrx_word' id='word_1_525' title='bbox 2849 3795 3021 3847; x_wconf 89' lang='lat' dir='ltr'><strong>neque</strong></span> <span class='ocrx_word' id='word_1_526' title='bbox 3060 3790 3144 3832; x_wconf 90' lang='lat' dir='ltr'><strong>tua</strong></span> <span class='ocrx_word' id='word_1_527' title='bbox 3172 3789 3434 3834; x_wconf 87' lang='lat' dir='ltr'><strong>tormenta</strong></span> <span class='ocrx_word' id='word_1_528' title='bbox 3463 3782 3781 3842; x_wconf 72' lang='lat' dir='ltr'><strong>extimesco,</strong></span> <span class='ocrx_word' id='word_1_529' title='bbox 3837 3801 4015 3857; x_wconf 81' lang='lat' dir='ltr'><strong>neque</strong></span> 
     </span>
    </p>
   </div>
   <div class='ocr_carea' id='block_1_77' title="bbox 2438 3868 4017 3939">
    <p class='ocr_par' dir='ltr' id='par_1_77' title="bbox 2438 3868 4017 3939">
     <span class='ocr_line' id='line_1_77' title="bbox 2438 3868 4017 3939; baseline 0.006 -21"><span class='ocrx_word' id='word_1_530' title='bbox 2438 3868 2609 3921; x_wconf 85' lang='lat' dir='ltr'><strong>minas</strong></span> <span class='ocrx_word' id='word_1_531' title='bbox 2661 3877 2778 3923; x_wconf 82' lang='lat' dir='ltr'><strong>tuas</strong></span> <span class='ocrx_word' id='word_1_532' title='bbox 2836 3869 2902 3923; x_wconf 89' lang='lat' dir='ltr'><strong>ad</strong></span> <span class='ocrx_word' id='word_1_533' title='bbox 2934 3885 3018 3923; x_wconf 86' lang='lat' dir='ltr'><strong>me</strong></span> <span class='ocrx_word' id='word_1_534' title='bbox 3073 3870 3345 3939; x_wconf 87' lang='lat' dir='ltr'><strong>pertinere</strong></span> <span class='ocrx_word' id='word_1_535' title='bbox 3391 3872 3621 3926; x_wconf 87' lang='lat' dir='ltr'><strong>arbitror</strong></span> <span class='ocrx_word' id='word_1_536' title='bbox 3681 3885 3818 3938; x_wconf 87' lang='lat' dir='ltr'><strong>;est</strong></span> <span class='ocrx_word' id='word_1_537' title='bbox 3873 3878 4017 3928; x_wconf 85' lang='lat' dir='ltr'><strong>cnim</strong></span> 
     </span>
    </p>
   </div>
   <div class='ocr_carea' id='block_1_78' title="bbox 2439 3958 4010 4036">
    <p class='ocr_par' dir='ltr' id='par_1_78' title="bbox 2439 3958 4010 4036">
     <span class='ocr_line' id='line_1_78' title="bbox 2439 3958 4010 4036; baseline 0.008 -25"><span class='ocrx_word' id='word_1_538' title='bbox 2439 3958 2578 4014; x_wconf 77' lang='lat' dir='ltr'><strong>Deus</strong></span> <span class='ocrx_word' id='word_1_539' title='bbox 2628 3961 2681 4014; x_wconf 92' lang='lat' dir='ltr'><strong>in</strong></span> <span class='ocrx_word' id='word_1_540' title='bbox 2712 3963 2877 4025; x_wconf 67' lang='lat' dir='ltr'><strong>caelis,</strong></span> <span class='ocrx_word' id='word_1_541' title='bbox 2921 3965 3010 4031; x_wconf 89' lang='lat' dir='ltr'><strong>qui</strong></span> <span class='ocrx_word' id='word_1_542' title='bbox 3054 3965 3248 4033; x_wconf 86' lang='lat' dir='ltr'><strong>poterit</strong></span> <span class='ocrx_word' id='word_1_543' title='bbox 3284 3968 3494 4034; x_wconf 83' lang='lat' dir='ltr'><strong>eripere</strong></span> <span class='ocrx_word' id='word_1_544' title='bbox 3535 3982 3631 4022; x_wconf 88' lang='lat' dir='ltr'><strong>nos</strong></span> <span class='ocrx_word' id='word_1_545' title='bbox 3673 3967 3738 4021; x_wconf 84' lang='lat' dir='ltr'><strong>de</strong></span> <span class='ocrx_word' id='word_1_546' title='bbox 3799 3969 4010 4036; x_wconf 87' lang='lat' dir='ltr'><strong>iniquis</strong></span> 
     </span>
    </p>
   </div>
   <div class='ocr_carea' id='block_1_79' title="bbox 2441 4050 4012 4128">
    <p class='ocr_par' dir='ltr' id='par_1_79' title="bbox 2441 4050 4012 4128">
     <span class='ocr_line' id='line_1_79' title="bbox 2441 4050 4012 4128; baseline 0.008 -28"><span class='ocrx_word' id='word_1_547' title='bbox 2441 4050 2689 4101; x_wconf 87' lang='lat' dir='ltr'><strong>manibus</strong></span> <span class='ocrx_word' id='word_1_548' title='bbox 2722 4053 2847 4105; x_wconf 90' lang='lat' dir='ltr'><strong>tuis.</strong></span> <span class='ocrx_word' id='word_1_549' title='bbox 2909 4053 3263 4124; x_wconf 70' lang='lat' dir='ltr'><strong>Quaecunque</strong></span> <span class='ocrx_word' id='word_1_550' title='bbox 3295 4058 3456 4127; x_wconf 78' lang='lat' dir='ltr'><strong>igitur</strong></span> <span class='ocrx_word' id='word_1_551' title='bbox 3494 4059 3661 4116; x_wconf 73' lang='lat' dir='ltr'><strong>habes</strong></span> <span class='ocrx_word' id='word_1_552' title='bbox 3717 4063 4012 4128; x_wconf 85' lang='lat' dir='ltr'><strong>torquendi</strong></span> 
     </span>
    </p>
   </div>
   <div class='ocr_carea' id='block_1_80' title="bbox 2442 4139 4015 4218">
    <p class='ocr_par' dir='ltr' id='par_1_80' title="bbox 2442 4139 4015 4218">
     <span class='ocr_line' id='line_1_80' title="bbox 2442 4139 4015 4218; baseline 0.01 -26"><span class='ocrx_word' id='word_1_553' title='bbox 2442 4139 2824 4203; x_wconf 80' lang='lat' dir='ltr'><strong>instrumenta,</strong></span> <span class='ocrx_word' id='word_1_554' title='bbox 2870 4145 2999 4194; x_wconf 86' lang='lat' dir='ltr'><strong>Inibi</strong></span> <span class='ocrx_word' id='word_1_555' title='bbox 3053 4146 3360 4207; x_wconf 82' lang='lat' dir='ltr'><strong>admoveas.</strong></span> <span class='ocrx_word' id='word_1_556' title='bbox 3401 4159 3457 4202; x_wconf 90' lang='lat' dir='ltr'><strong>ut</strong></span> <span class='ocrx_word' id='word_1_557' title='bbox 3506 4165 3571 4202; x_wconf 70' lang='lat' dir='ltr'><strong>ex</strong></span> <span class='ocrx_word' id='word_1_558' title='bbox 3608 4153 3693 4204; x_wconf 86' lang='lat' dir='ltr'><strong>his</strong></span> <span class='ocrx_word' id='word_1_559' title='bbox 3749 4153 3883 4218; x_wconf 87' lang='lat' dir='ltr'><strong>ipsis</strong></span> <span class='ocrx_word' id='word_1_560' title='bbox 3923 4155 4015 4207; x_wconf 76' lang='lat' dir='ltr'><strong>liei</strong></span> 
     </span>
    </p>
   </div>
   <div class='ocr_carea' id='block_1_81' title="bbox 2441 4231 4014 4309">
    <p class='ocr_par' dir='ltr' id='par_1_81' title="bbox 2441 4231 4014 4309">
     <span class='ocr_line' id='line_1_81' title="bbox 2441 4231 4014 4309; baseline 0.01 -25"><span class='ocrx_word' id='word_1_561' title='bbox 2441 4243 2495 4284; x_wconf 86' lang='lat' dir='ltr'><strong>et</strong></span> <span class='ocrx_word' id='word_1_562' title='bbox 2527 4231 2820 4289; x_wconf 82' lang='lat' dir='ltr'><strong>Salvatoris</strong></span> <span class='ocrx_word' id='word_1_563' title='bbox 2865 4232 2992 4286; x_wconf 81' lang='lat' dir='ltr'><strong>Jesu</strong></span> <span class='ocrx_word' id='word_1_564' title='bbox 3040 4233 3241 4288; x_wconf 82' lang='lat' dir='ltr'><strong>Christi</strong></span> <span class='ocrx_word' id='word_1_565' title='bbox 3289 4253 3446 4305; x_wconf 90' lang='lat' dir='ltr'><strong>opem</strong></span> <span class='ocrx_word' id='word_1_566' title='bbox 3505 4241 3632 4292; x_wconf 88' lang='lat' dir='ltr'><strong>mihi</strong></span> <span class='ocrx_word' id='word_1_567' title='bbox 3688 4257 4014 4309; x_wconf 69' lang='lat' dir='ltr'><strong>praesentem</strong></span> 
     </span>
    </p>
   </div>
   <div class='ocr_carea' id='block_1_82' title="bbox 2446 4339 2909 4392">
    <p class='ocr_par' dir='ltr' id='par_1_82' title="bbox 2446 4339 2909 4392">
     <span class='ocr_line' id='line_1_82' title="bbox 2446 4339 2909 4392; baseline 0.011 -19"><span class='ocrx_word' id='word_1_568' title='bbox 2446 4339 2563 4374; x_wconf 66' lang='lat' dir='ltr'><strong>esse</strong></span> <span class='ocrx_word' id='word_1_569' title='bbox 2597 4339 2909 4392; x_wconf 62' lang='lat' dir='ltr'><strong>cognoscis.</strong></span> 
     </span>
    </p>
   </div>
   <div class='ocr_carea' id='block_1_83' title="bbox 2521 4414 4009 4491">
    <p class='ocr_par' dir='ltr' id='par_1_83' title="bbox 2521 4414 4009 4491">
     <span class='ocr_line' id='line_1_83' title="bbox 2521 4414 4009 4491; baseline 0.013 -28"><span class='ocrx_word' id='word_1_570' title='bbox 2521 4414 2582 4465; x_wconf 89' lang='lat' dir='ltr'><strong>V.</strong></span> <span class='ocrx_word' id='word_1_571' title='bbox 2626 4415 2747 4467; x_wconf 68' lang='lat' dir='ltr'><strong>Haec</strong></span> <span class='ocrx_word' id='word_1_572' title='bbox 2783 4419 2914 4470; x_wconf 71' lang='lat' dir='ltr'><strong>dixit</strong></span> <span class='ocrx_word' id='word_1_573' title='bbox 2965 4416 3206 4477; x_wconf 83' lang='lat' dir='ltr'><strong>Juliana.</strong></span> <span class='ocrx_word' id='word_1_574' title='bbox 3261 4418 3356 4474; x_wconf 90' lang='lat' dir='ltr'><strong>Cui</strong></span> <span class='ocrx_word' id='word_1_575' title='bbox 3413 4421 3756 4477; x_wconf 76' lang='lat' dir='ltr'><strong>Aurelianus:</strong></span> <span class='ocrx_word' id='word_1_576' title='bbox 3822 4424 4009 4491; x_wconf 73' lang='lat' dir='ltr'><strong>Video,</strong></span> 
     </span>
    </p>
   </div>
   <div class='ocr_carea' id='block_1_84' title="bbox 2440 4507 4013 4584">
    <p class='ocr_par' dir='ltr' id='par_1_84' title="bbox 2440 4507 4013 4584">
     <span class='ocr_line' id='line_1_84' title="bbox 2440 4507 4013 4584; baseline 0.009 -26"><span class='ocrx_word' id='word_1_577' title='bbox 2440 4507 2636 4576; x_wconf 85' lang='lat' dir='ltr'><strong>inquit,</strong></span> <span class='ocrx_word' id='word_1_578' title='bbox 2672 4509 3127 4584; x_wconf 78' lang='lat' dir='ltr'><strong>pulchritudinem</strong></span> <span class='ocrx_word' id='word_1_579' title='bbox 3175 4523 3320 4566; x_wconf 88' lang='lat' dir='ltr'><strong>tuam</strong></span> <span class='ocrx_word' id='word_1_580' title='bbox 3358 4517 3514 4568; x_wconf 85' lang='lat' dir='ltr'><strong>talem</strong></span> <span class='ocrx_word' id='word_1_581' title='bbox 3551 4533 3690 4575; x_wconf 81' lang='lat' dir='ltr'><strong>esse.</strong></span> <span class='ocrx_word' id='word_1_582' title='bbox 3747 4529 3802 4570; x_wconf 91' lang='lat' dir='ltr'><strong>ut</strong></span> <span class='ocrx_word' id='word_1_583' title='bbox 3865 4520 4013 4573; x_wconf 88' lang='lat' dir='ltr'><strong>illius</strong></span> 
     </span>
    </p>
   </div>
   <div class='ocr_carea' id='block_1_85' title="bbox 2436 4600 4014 4674">
    <p class='ocr_par' dir='ltr' id='par_1_85' title="bbox 2436 4600 4014 4674">
     <span class='ocr_line' id='line_1_85' title="bbox 2436 4600 4014 4674; baseline 0.004 -23"><span class='ocrx_word' id='word_1_584' title='bbox 2436 4600 2699 4653; x_wconf 87' lang='lat' dir='ltr'><strong>rationem</strong></span> <span class='ocrx_word' id='word_1_585' title='bbox 2728 4600 2935 4653; x_wconf 81' lang='lat' dir='ltr'><strong>habens</strong></span> <span class='ocrx_word' id='word_1_586' title='bbox 2963 4607 3013 4652; x_wconf 86' lang='lat' dir='ltr'><strong>te</strong></span> <span class='ocrx_word' id='word_1_587' title='bbox 3038 4602 3263 4667; x_wconf 83' lang='lat' dir='ltr'><strong>perdere</strong></span> <span class='ocrx_word' id='word_1_588' title='bbox 3291 4605 3479 4655; x_wconf 84' lang='lat' dir='ltr'><strong>nolim.</strong></span> <span class='ocrx_word' id='word_1_589' title='bbox 3515 4607 3589 4656; x_wconf 84' lang='lat' dir='ltr'><strong>Te</strong></span> <span class='ocrx_word' id='word_1_590' title='bbox 3613 4609 3779 4674; x_wconf 79' lang='lat' dir='ltr'><strong>igitur</strong></span> <span class='ocrx_word' id='word_1_591' title='bbox 3809 4611 4014 4663; x_wconf 82' lang='lat' dir='ltr'><strong>adhor-</strong></span> 
     </span>
    </p>
   </div>
   <div class='ocr_carea' id='block_1_86' title="bbox 2438 4692 4011 4762">
    <p class='ocr_par' dir='ltr' id='par_1_86' title="bbox 2438 4692 4011 4762">
     <span class='ocr_line' id='line_1_86' title="bbox 2438 4692 4011 4762; baseline 0.008 -22"><span class='ocrx_word' id='word_1_592' title='bbox 2438 4701 2518 4747; x_wconf 85' lang='lat' dir='ltr'><strong>tor</strong></span> <span class='ocrx_word' id='word_1_593' title='bbox 2562 4692 2917 4743; x_wconf 81' lang='lat' dir='ltr'><strong>utsaeriliees</strong></span> <span class='ocrx_word' id='word_1_594' title='bbox 2951 4707 3057 4758; x_wconf 89' lang='lat' dir='ltr'><strong>quo</strong></span> <span class='ocrx_word' id='word_1_595' title='bbox 3116 4692 3406 4762; x_wconf 83' lang='lat' dir='ltr'><strong>legitimam</strong></span> <span class='ocrx_word' id='word_1_596' title='bbox 3464 4694 3591 4745; x_wconf 90' lang='lat' dir='ltr'><strong>mihi</strong></span> <span class='ocrx_word' id='word_1_597' title='bbox 3659 4712 3885 4751; x_wconf 80' lang='lat' dir='ltr'><strong>uxorem</strong></span> <span class='ocrx_word' id='word_1_598' title='bbox 3941 4713 4011 4752; x_wconf 84' lang='lat' dir='ltr'><strong>te-</strong></span> 
     </span>
    </p>
   </div>
   <div class='ocr_carea' id='block_1_87' title="bbox 2436 4783 4014 4855">
    <p class='ocr_par' dir='ltr' id='par_1_87' title="bbox 2436 4783 4014 4855">
     <span class='ocr_line' id='line_1_87' title="bbox 2436 4783 4014 4855; baseline 0.007 -23"><span class='ocrx_word' id='word_1_599' title='bbox 2436 4783 2668 4849; x_wconf 79' lang='lat' dir='ltr'><strong>deligere</strong></span> <span class='ocrx_word' id='word_1_600' title='bbox 2704 4783 2925 4850; x_wconf 90' lang='lat' dir='ltr'><strong>possim,</strong></span> <span class='ocrx_word' id='word_1_601' title='bbox 2958 4793 3010 4836; x_wconf 68' lang='lat' dir='ltr'><strong>et</strong></span> <span class='ocrx_word' id='word_1_602' title='bbox 3032 4799 3240 4837; x_wconf 85' lang='lat' dir='ltr'><strong>mecum</strong></span> <span class='ocrx_word' id='word_1_603' title='bbox 3264 4801 3368 4837; x_wconf 90' lang='lat' dir='ltr'><strong>una</strong></span> <span class='ocrx_word' id='word_1_604' title='bbox 3396 4800 3608 4853; x_wconf 80' lang='lat' dir='ltr'><strong>regnes,</strong></span> <span class='ocrx_word' id='word_1_605' title='bbox 3635 4786 3870 4855; x_wconf 89' lang='lat' dir='ltr'><strong>imperio</strong></span> <span class='ocrx_word' id='word_1_606' title='bbox 3894 4807 4014 4843; x_wconf 85' lang='lat' dir='ltr'><strong>meo</strong></span> 
     </span>
    </p>
   </div>
   <div class='ocr_carea' id='block_1_88' title="bbox 2439 4871 4012 4943">
    <p class='ocr_par' dir='ltr' id='par_1_88' title="bbox 2439 4871 4012 4943">
     <span class='ocr_line' id='line_1_88' title="bbox 2439 4871 4012 4943; baseline 0.006 -22"><span class='ocrx_word' id='word_1_607' title='bbox 2439 4871 2585 4922; x_wconf 87' lang='lat' dir='ltr'><strong>muni</strong></span> <span class='ocrx_word' id='word_1_608' title='bbox 2625 4879 2865 4940; x_wconf 86' lang='lat' dir='ltr'><strong>tempore</strong></span> <span class='ocrx_word' id='word_1_609' title='bbox 2894 4872 3077 4925; x_wconf 83' lang='lat' dir='ltr'><strong>fruens</strong></span> <span class='ocrx_word' id='word_1_610' title='bbox 3123 4872 3260 4936; x_wconf 79' lang='lat' dir='ltr'><strong>Quin</strong></span> <span class='ocrx_word' id='word_1_611' title='bbox 3278 4873 3436 4926; x_wconf 83' lang='lat' dir='ltr'><strong>etiam</strong></span> <span class='ocrx_word' id='word_1_612' title='bbox 3465 4875 3612 4927; x_wconf 78' lang='lat' dir='ltr'><strong>fratri</strong></span> <span class='ocrx_word' id='word_1_613' title='bbox 3643 4885 3732 4929; x_wconf 92' lang='lat' dir='ltr'><strong>tuo</strong></span> <span class='ocrx_word' id='word_1_614' title='bbox 3755 4878 4012 4943; x_wconf 64' lang='lat' dir='ltr'><strong>iniuriam</strong></span> 
     </span>
    </p>
   </div>
   <div class='ocr_carea' id='block_1_89' title="bbox 2439 4963 4011 5035">
    <p class='ocr_par' dir='ltr' id='par_1_89' title="bbox 2439 4963 4011 5035">
     <span class='ocr_line' id='line_1_89' title="bbox 2439 4963 4011 5035; baseline 0.006 -22"><span class='ocrx_word' id='word_1_615' title='bbox 2439 4964 2818 5029; x_wconf 69' lang='lat' dir='ltr'><strong>compensabit,</strong></span> <span class='ocrx_word' id='word_1_616' title='bbox 2868 4974 2920 5013; x_wconf 89' lang='lat' dir='ltr'><strong>et</strong></span> <span class='ocrx_word' id='word_1_617' title='bbox 2967 4963 3181 5023; x_wconf 79' lang='lat' dir='ltr'><strong>faciam,</strong></span> <span class='ocrx_word' id='word_1_618' title='bbox 3220 4971 3275 5013; x_wconf 91' lang='lat' dir='ltr'><strong>ut</strong></span> <span class='ocrx_word' id='word_1_619' title='bbox 3307 4964 3697 5029; x_wconf 79' lang='lat' dir='ltr'><strong>amplissimum</strong></span> <span class='ocrx_word' id='word_1_620' title='bbox 3727 4969 4011 5035; x_wconf 72' lang='lat' dir='ltr'><strong>dignitatis</strong></span> 
     </span>
    </p>
   </div>
   <div class='ocr_carea' id='block_1_90' title="bbox 2439 5048 4010 5118">
    <p class='ocr_par' dir='ltr' id='par_1_90' title="bbox 2439 5048 4010 5118">
     <span class='ocr_line' id='line_1_90' title="bbox 2439 5048 4010 5118; baseline 0.008 -18"><span class='ocrx_word' id='word_1_621' title='bbox 2439 5054 2658 5118; x_wconf 72' lang='lat' dir='ltr'><strong>gradum</strong></span> <span class='ocrx_word' id='word_1_622' title='bbox 2689 5051 2830 5118; x_wconf 90' lang='lat' dir='ltr'><strong>apud</strong></span> <span class='ocrx_word' id='word_1_623' title='bbox 2866 5065 2950 5104; x_wconf 89' lang='lat' dir='ltr'><strong>me</strong></span> <span class='ocrx_word' id='word_1_624' title='bbox 2976 5051 3189 5105; x_wconf 87' lang='lat' dir='ltr'><strong>habeat.</strong></span> <span class='ocrx_word' id='word_1_625' title='bbox 3219 5048 3404 5104; x_wconf 80' lang='lat' dir='ltr'><strong>Erexit</strong></span> <span class='ocrx_word' id='word_1_626' title='bbox 3436 5051 3647 5105; x_wconf 82' lang='lat' dir='ltr'><strong>Juliana</strong></span> <span class='ocrx_word' id='word_1_627' title='bbox 3676 5057 3864 5110; x_wconf 88' lang='lat' dir='ltr'><strong>oculos</strong></span> <span class='ocrx_word' id='word_1_628' title='bbox 3884 5074 4010 5116; x_wconf 77' lang='lat' dir='ltr'><strong>sons</strong></span> 
     </span>
    </p>
   </div>
   <div class='ocr_carea' id='block_1_91' title="bbox 2441 5141 4006 5212">
    <p class='ocr_par' dir='ltr' id='par_1_91' title="bbox 2441 5141 4006 5212">
     <span class='ocr_line' id='line_1_91' title="bbox 2441 5141 4006 5212; baseline 0.007 -20"><span class='ocrx_word' id='word_1_629' title='bbox 2441 5141 2492 5192; x_wconf 93' lang='lat' dir='ltr'><strong>in</strong></span> <span class='ocrx_word' id='word_1_630' title='bbox 2526 5142 2745 5206; x_wconf 67' lang='lat' dir='ltr'><strong>uelum,</strong></span> <span class='ocrx_word' id='word_1_631' title='bbox 2789 5152 2843 5195; x_wconf 89' lang='lat' dir='ltr'><strong>ct</strong></span> <span class='ocrx_word' id='word_1_632' title='bbox 2872 5143 3052 5196; x_wconf 89' lang='lat' dir='ltr'><strong>crucis</strong></span> <span class='ocrx_word' id='word_1_633' title='bbox 3111 5142 3264 5211; x_wconf 86' lang='lat' dir='ltr'><strong>signo</strong></span> <span class='ocrx_word' id='word_1_634' title='bbox 3295 5157 3417 5197; x_wconf 90' lang='lat' dir='ltr'><strong>cum</strong></span> <span class='ocrx_word' id='word_1_635' title='bbox 3478 5143 3709 5198; x_wconf 78' lang='lat' dir='ltr'><strong>frontem</strong></span> <span class='ocrx_word' id='word_1_636' title='bbox 3741 5159 4006 5212; x_wconf 66' lang='lat' dir='ltr'><strong>notasset,</strong></span> 
     </span>
    </p>
   </div>
   <div class='ocr_carea' id='block_1_92' title="bbox 2441 5232 4005 5301">
    <p class='ocr_par' dir='ltr' id='par_1_92' title="bbox 2441 5232 4005 5301">
     <span class='ocr_line' id='line_1_92' title="bbox 2441 5232 4005 5301; baseline 0.004 -18"><span class='ocrx_word' id='word_1_637' title='bbox 2441 5234 2575 5287; x_wconf 88' lang='lat' dir='ltr'><strong>risit.</strong></span> <span class='ocrx_word' id='word_1_638' title='bbox 2610 5233 2705 5286; x_wconf 86' lang='lat' dir='ltr'><strong>Cui</strong></span> <span class='ocrx_word' id='word_1_639' title='bbox 2731 5235 3071 5295; x_wconf 71' lang='lat' dir='ltr'><strong>Aurelianus,</strong></span> <span class='ocrx_word' id='word_1_640' title='bbox 3110 5232 3239 5298; x_wconf 86' lang='lat' dir='ltr'><strong>Cur,</strong></span> <span class='ocrx_word' id='word_1_641' title='bbox 3271 5232 3465 5301; x_wconf 90' lang='lat' dir='ltr'><strong>inquit,</strong></span> <span class='ocrx_word' id='word_1_642' title='bbox 3498 5232 3706 5288; x_wconf 69' lang='lat' dir='ltr'><strong>Iuliana</strong></span> <span class='ocrx_word' id='word_1_643' title='bbox 3731 5279 3743 5296; x_wconf 85' lang='lat'><strong>,</strong></span> <span class='ocrx_word' id='word_1_644' title='bbox 3783 5243 4005 5292; x_wconf 73' lang='lat' dir='ltr'><strong>multum</strong></span> 
     </span>
    </p>
   </div>
   <div class='ocr_carea' id='block_1_93' title="bbox 2440 5323 4008 5401">
    <p class='ocr_par' dir='ltr' id='par_1_93' title="bbox 2440 5323 4008 5401">
     <span class='ocr_line' id='line_1_93' title="bbox 2440 5323 4008 5401; baseline 0.005 -26"><span class='ocrx_word' id='word_1_645' title='bbox 2440 5323 2820 5392; x_wconf 83' lang='lat' dir='ltr'><strong>benignitatem</strong></span> <span class='ocrx_word' id='word_1_646' title='bbox 2877 5341 3050 5401; x_wconf 81' lang='lat' dir='ltr'><strong>meam</strong></span> <span class='ocrx_word' id='word_1_647' title='bbox 3077 5336 3458 5389; x_wconf 82' lang='lat' dir='ltr'><strong>contemnens,</strong></span> <span class='ocrx_word' id='word_1_648' title='bbox 3497 5328 3690 5381; x_wconf 83' lang='lat' dir='ltr'><strong>risisti?</strong></span> <span class='ocrx_word' id='word_1_649' title='bbox 3751 5330 3892 5392; x_wconf 83' lang='lat' dir='ltr'><strong>Non,</strong></span> <span class='ocrx_word' id='word_1_650' title='bbox 3929 5338 4008 5382; x_wconf 86' lang='lat' dir='ltr'><strong>in-</strong></span> 
     </span>
    </p>
   </div>
   <div class='ocr_carea' id='block_1_94' title="bbox 2439 5416 3997 5491">
    <p class='ocr_par' dir='ltr' id='par_1_94' title="bbox 2439 5416 3997 5491">
     <span class='ocr_line' id='line_1_94' title="bbox 2439 5416 3997 5491; baseline 0.005 -26"><span class='ocrx_word' id='word_1_651' title='bbox 2439 5417 2552 5482; x_wconf 85' lang='lat' dir='ltr'><strong>quit</strong></span> <span class='ocrx_word' id='word_1_652' title='bbox 2593 5416 2700 5476; x_wconf 87' lang='lat' dir='ltr'><strong>illa,</strong></span> <span class='ocrx_word' id='word_1_653' title='bbox 2732 5418 3031 5485; x_wconf 89' lang='lat' dir='ltr'><strong>contempsi</strong></span> <span class='ocrx_word' id='word_1_654' title='bbox 3062 5419 3448 5491; x_wconf 77' lang='lat' dir='ltr'><strong>benignitatem</strong></span> <span class='ocrx_word' id='word_1_655' title='bbox 3475 5430 3618 5473; x_wconf 81' lang='lat' dir='ltr'><strong>tuam</strong></span> <span class='ocrx_word' id='word_1_656' title='bbox 3650 5437 3662 5484; x_wconf 89' lang='lat'><strong>;</strong></span> <span class='ocrx_word' id='word_1_657' title='bbox 3696 5421 3790 5473; x_wconf 81' lang='lat' dir='ltr'><strong>sed</strong></span> <span class='ocrx_word' id='word_1_658' title='bbox 3828 5422 3997 5480; x_wconf 77' lang='lat' dir='ltr'><strong>rideo.</strong></span> 
     </span>
    </p>
   </div>
   <div class='ocr_carea' id='block_1_95' title="bbox 2440 5506 4002 5581">
    <p class='ocr_par' dir='ltr' id='par_1_95' title="bbox 2440 5506 4002 5581">
     <span class='ocr_line' id='line_1_95' title="bbox 2440 5506 4002 5581; baseline 0.005 -25"><span class='ocrx_word' id='word_1_659' title='bbox 2440 5507 2696 5574; x_wconf 75' lang='lat' dir='ltr'><strong>gaudens,</strong></span> <span class='ocrx_word' id='word_1_660' title='bbox 2719 5508 2858 5573; x_wconf 87' lang='lat' dir='ltr'><strong>quod</strong></span> <span class='ocrx_word' id='word_1_661' title='bbox 2877 5506 3118 5575; x_wconf 90' lang='lat' dir='ltr'><strong>Sponsus</strong></span> <span class='ocrx_word' id='word_1_662' title='bbox 3135 5526 3283 5564; x_wconf 87' lang='lat' dir='ltr'><strong>meus</strong></span> <span class='ocrx_word' id='word_1_663' title='bbox 3304 5515 3557 5574; x_wconf 67' lang='lat' dir='ltr'><strong>caelestis,</strong></span> <span class='ocrx_word' id='word_1_664' title='bbox 3574 5515 3663 5581; x_wconf 89' lang='lat' dir='ltr'><strong>qui</strong></span> <span class='ocrx_word' id='word_1_665' title='bbox 3691 5515 3798 5564; x_wconf 88' lang='lat' dir='ltr'><strong>vult</strong></span> <span class='ocrx_word' id='word_1_666' title='bbox 3819 5529 4002 5564; x_wconf 77' lang='lat' dir='ltr'><strong>omnes</strong></span> 
     </span>
    </p>
   </div>
   <div class='ocr_carea' id='block_1_96' title="bbox 2445 5599 4002 5671">
    <p class='ocr_par' dir='ltr' id='par_1_96' title="bbox 2445 5599 4002 5671">
     <span class='ocr_line' id='line_1_96' title="bbox 2445 5599 4002 5671; baseline 0.005 -23"><span class='ocrx_word' id='word_1_667' title='bbox 2445 5600 2685 5652; x_wconf 80' lang='lat' dir='ltr'><strong>homines</strong></span> <span class='ocrx_word' id='word_1_668' title='bbox 2703 5599 2876 5653; x_wconf 83' lang='lat' dir='ltr'><strong>salvos</strong></span> <span class='ocrx_word' id='word_1_669' title='bbox 2903 5600 3016 5654; x_wconf 83' lang='lat' dir='ltr'><strong>ﬁeri</strong></span> <span class='ocrx_word' id='word_1_670' title='bbox 3045 5603 3083 5663; x_wconf 84' lang='lat'><strong>&#39;,</strong></span> <span class='ocrx_word' id='word_1_671' title='bbox 3106 5601 3317 5655; x_wconf 81' lang='lat' dir='ltr'><strong>sedetin</strong></span> <span class='ocrx_word' id='word_1_672' title='bbox 3337 5607 3472 5660; x_wconf 87' lang='lat' dir='ltr'><strong>solio</strong></span> <span class='ocrx_word' id='word_1_673' title='bbox 3488 5619 3675 5660; x_wconf 87' lang='lat' dir='ltr'><strong>sancto</strong></span> <span class='ocrx_word' id='word_1_674' title='bbox 3705 5623 3826 5668; x_wconf 82' lang='lat' dir='ltr'><strong>suo,</strong></span> <span class='ocrx_word' id='word_1_675' title='bbox 3862 5605 4002 5671; x_wconf 69' lang='lat' dir='ltr'><strong>ejus-</strong></span> 
     </span>
    </p>
   </div>
   <div class='ocr_carea' id='block_1_97' title="bbox 2440 5690 3997 5767">
    <p class='ocr_par' dir='ltr' id='par_1_97' title="bbox 2440 5690 3997 5767">
     <span class='ocr_line' id='line_1_97' title="bbox 2440 5690 3997 5767; baseline 0.007 -25"><span class='ocrx_word' id='word_1_676' title='bbox 2440 5707 2540 5758; x_wconf 90' lang='lat' dir='ltr'><strong>que</strong></span> <span class='ocrx_word' id='word_1_677' title='bbox 2596 5692 2892 5746; x_wconf 77' lang='lat' dir='ltr'><strong>divinitatis</strong></span> <span class='ocrx_word' id='word_1_678' title='bbox 2945 5690 3396 5762; x_wconf 81' lang='lat' dir='ltr'><strong>pulchritudinem</strong></span> <span class='ocrx_word' id='word_1_679' title='bbox 3453 5701 3832 5767; x_wconf 82' lang='lat' dir='ltr'><strong>contcmplor;</strong></span> <span class='ocrx_word' id='word_1_680' title='bbox 3911 5700 3997 5762; x_wconf 79' lang='lat' dir='ltr'><strong>qui</strong></span> 
     </span>
    </p>
   </div>
  </div>
