4198 6438
186 435 290 495 5Π

1086 413 1551 478 MARTYRlUM
1591 412 1696 470 SS.
1745 403 1976 470 PAULI
2018 404 2115 464 ET
2157 394 2529 461 JULIANi‘E.

3353 376 3452 445 518

185 547 351 600 etiam
391 557 474 596 me
505 541 751 594 hortatur
789 545 844 590 ut
868 533 1164 590 certamina
1209 531 1318 600 ipsa
1374 529 1604 582 libenter
1638 539 1754 577 sus-
1792 523 1835 580 Α
1864 516 1980 570 haec
1995 515 2188 572 Paulus
2203 505 2750 582 responditu’ilinime
2767 517 2862 556 nos
2880 514 3164 571 possumus
3185 497 3451 552 viventem

188 640 418 697 tineam,
458 644 509 688 te
551 648 680 686 vero
715 643 973 701 nugacem
1009 633 1061 680 et
1094 623 1300 678 futilem
1332 620 1604 674 hominem
1635 630 1768 668 cou-

189 728 675 793 temnam.qulppe
699 723 788 792 qui
825 735 947 774 cum
1003 727 1051 772 te
1096 719 1476 784 imperatorem
1509 706 1769 777 appellari

191 818 380 882 facias,
411 826 464 870 et
488 818 631 887 ligna
662 826 716 867 et
735 813 936 882 lapides
963 809 1172 863 adoras.
1198 804 1437 860 Audiens
1461 803 1573 855 haec
1601 801 1773 851 Aura.

190 910 394 968 lianus,
419 908 508 962 bili
567 910 806 977 percitus
845 924 854 956 :
885 899 1236 968 Suspendite,
1271 895 1464 962 inquit,
1492 891 1772 944 mulierem

190 1003 374 1062 istam,
406 1013 632 1068 eamque
679 1002 993 1050 constanter
1059 989 1320 1049 cruciate,
1395 993 1451 1038 ut
1511 980 1772 1048 intelligat

191 1107 254 1146 se
286 1101 413 1145 ante
458 1088 797 1159 imperatoris
849 1083 1083 1137 tribunal
1132 1081 1453 1134 consistere.
1488 1073 1776 1141 Caper-ant

188 1183 305 1251 jam
347 1182 627 1235 carnifices
661 1178 802 1229 illam
833 1174 1099 1236 cruciare,
1132 1187 1256 1223 cum
1285 1167 1481 1220 Paulus
1513 1164 1633 1232 ejus
1668 1162 1775 1214 fra-

192 1283 277 1326 ter
315 1287 430 1324 eam
465 1272 679 1323 intuens
709 1307 722 1326 ,
756 1266 831 1319 Ne
861 1267 1071 1324 timeas,
1106 1261 1297 1328 inquit,
1344 1271 1516 1315 soror,
1564 1252 1776 1322 tyranni

190 1368 468 1415 cruciatus
533 1373 705 1426 neque
735 1358 900 1426 ipsius
922 1358 1093 1407 minas
1117 1347 1780 1405 iormidcs.Sustineamus

190 1455 491 1523 paulisper,
529 1461 587 1503 ut
615 1460 882 1520 perpetuo
916 1447 1259 1514 requiescere.
1289 1442 1583 1512 possimus.
1635 1436 1781 1489 lnili—

191 1545 302 1609 gite
326 1544 468 1600 huic.
499 1542 667 1608 inquit
711 1539 1034 1597 Aurelianus
1061 1577 1074 1600 ,
1103 1535 1377 1589 cruciatus
1424 1531 1669 1586 assiduos
1708 1527 1783 1582 ei-

189 1647 297 1700 que
336 1632 624 1690 inculcate.
660 1629 728 1683 ne
769 1629 1000 1697 superba
1033 1636 1085 1680 et
1135 1627 1293 1679 stulta
1332 1624 1489 1678 verba
1547 1622 1781 1674 effutiat-

192 1719 437 1772 Audiens
465 1721 576 1772 haec
603 1717 844 1781 Joliana,
891 1720 1088 1771 iterum
1129 1716 1271 1776 risit,
1301 1724 1353 1765 ct
1383 1714 1477 1766 ait:
1498 1712 1786 1763 Aurciiane

195 1820 422 1878 tyranne
447 1820 602 1877 atque
627 1809 827 1876 inique,
855 1809 1111 1860 Dominus
1143 1805 1299 1858 Jesus
1352 1803 1599 1856 Christus
1628 1801 1774 1861 facit,

1886 607 2175 659 Dominum
2219 605 2389 656 Deum
2422 602 2748 668 relinquere,
2784 593 2904 649 cmli
2933 603 2987 645 et
3027 602 3183 644 terra:
3238 597 3451 644 creato-

1879 697 2118 765 rem,qui
2139 711 2236 749 nos
2253 710 2282 748 e
2302 693 2542 749 tenebris
2573 688 2792 758 eripuit,
2814 695 2865 740 et
2889 700 2917 737 a
2941 681 3189 736 manibus
3211 680 3317 734 tuis
3335 694 3456 732 eos-

1879 791 2000 843 dem
2029 787 2291 841 liberavit.
2319 786 2602 853 l\'unquam
2625 781 2805 850 igitur,
2831 775 3118 832 Aureliane
3137 773 3449 840 imperator.

1878 879 2037 933 nobis
2085 878 2413 948 persuadere
2473 873 2696 942 poteris,
2757 865 3099 934 ntlapidibus
3151 870 3204 915 et
3259 859 3456 916 statuis

1879 968 2098 1029 vestris,
2134 983 2284 1030 voce,
2333 962 2519 1018 auditu
2544 970 2600 1015 et
2640 960 2818 1013 anima
2867 953 3199 1013 carentibus,
3247 950 3453 1002 cultqu

1879 1060 2240 1128 praebeamus.
2277 1057 2458 1123 Itaque
2499 1053 2568 1106 de
2604 1063 2796 1104 caetero
2825 1055 3090 1099 tormenta
3124 1052 3456 1110 quarcunque

1882 1150 1983 1204 vis.
2028 1148 2182 1202 nobis
2227 1146 2535 1203 admmeas,
2561 1151 2620 1193 ut
2648 1139 2738 1191 Dei
2764 1135 2935 1188 nostri
2997 1133 3103 1184 vim
3141 1143 3454 1198 cognoscas.

1953 1239 2086 1292 \‘lll.
2117 1237 2639 1292 JussitAurelianus
2670 1232 2808 1285 duas
2857 1228 3065 1281 feri-cas
3127 1223 3284 1276 sedes
3333 1221 3458 1273 illuc

1882 1330 2081 1392 afferri,
2109 1340 2162 1382 et
2183 1342 2212 1381 e
2243 1328 2446 1382 balneis
2471 1321 2702 1396 publicis
2734 1320 3001 1374 carbones
3027 1317 3264 1385 congeri,
3298 1324 3347 1366 et
3375 1329 3458 1365 sc-

1883 1420 1977 1476 des
2004 1421 2122 1474 illas
2152 1420 2504 1474 vehementer
2527 1415 2782 1471 succendi
2812 1430 2824 1478 ;
2863 1427 3022 1464 suum
3057 1423 3182 1462 vero
3210 1403 3458 1460 abdomi-

1889 1530 1955 1570 ne
2015 1513 2174 1566 illitos
2226 1518 2494 1577 martyres
2559 1507 2706 1575 ipsos
2755 1517 2916 1571 supra
2957 1499 3250 1552 candentes
3305 1493 3460 1547 sedes

1889 1606 2112 1675 imponi.
2147 1602 2299 1667 Quod
2334 1616 2454 1654 cum
2483 1614 2604 1651 mox
2655 1597 2854 1649 factum
2893 1600 3035 1646 esset
3065 1608 3077 1642 :
3111 1588 3251 1652 Jam,
3282 1586 3459 1655 inquit

1890 1696 2235 1753 Aurelianus,
2262 1691 2468 1744 artibus
2518 1689 2710 1740 vestris
2742 1683 2995 1760 omnibus
3035 1678 3323 1748 superatis,
3358 1691 3455 1744 po-

1892 1788 2044 1840 testis
2098 1786 2330 1845 disCere,
2385 1782 2633 1846 quisnam
2659 1780 2733 1830 sit
2786 1775 3112 1829 Aurelianus
3143 1772 3455 1839 imperator.

200 1858 238 1878 -δ
909 1858 943 1860 η
1765 1858 1770 1861 -

197 1910 255 1951 ut
287 1915 464 1964 neque
529 1899 757 1958 labores,
798 1909 972 1962 neque
1030 1901 1294 1947 tormenta
1350 1893 1462 1944 haec
1519 1888 1771 1942 sentiam.
1809 1858 1853 1915 Β
1885 1876 2076 1931 Veniat
2105 1893 2246 1933 nunc
2277 1876 2525 1929 Christus
2551 1881 2727 1925 vester
2752 1911 2766 1934 ,
2793 1868 2836 1921 si
2874 1874 3071 1935 potest,
3118 1875 3175 1920 et
3207 1863 3357 1918 vobis
3387 1861 3463 1913 la-

196 1988 353 2041 Tunc
376 1988 718 2050 Aurelianus,
761 1985 1040 2050 Quamvis,
1094 1983 1288 2050 inquit,
1370 1981 1565 2033 multas
1610 1993 1777 2047 nugas

196 2077 467 2141 ell'undas,
503 2087 552 2130 et
579 2077 802 2130 simules
822 2086 871 2128 te
897 2074 1178 2128 cruciatus
1206 2088 1312 2125 non
1331 2071 1556 2132 sentire,
1585 2069 1776 2122 faciam

199 2181 406 2231 tamen,
469 2178 526 2221 ut
590 2169 794 2222 diutius
852 2167 1149 2228 παρίει-ῖς,
1208 2175 1262 2216 ct
1315 2163 1593 2216 doloribus
1658 2175 1781 2213 suc-

195 2263 444 2312 cumbas.
505 2256 618 2310 Non
654 2259 814 2320 sinet,
846 2255 1017 2323 inquit
1069 2255 1174 2316 illa,
1204 2253 1454 2306 Christus
1503 2254 1637 2320 ipse,
1693 2265 1778 2302 me

198 2364 442 2416 unquam
499 2365 526 2399 a
561 2358 608 2400 te
676 2347 941 2415 superari.
1000 2345 1090 2398 lllc
1134 2340 1248 2406 'cst,
1301 2343 1390 2412 qui
1435 2325 1568 2395 milii
1621 2355 1776 2409 opem

196 2441 358 2494 atl'ert
381 2449 432 2494 et
463 2453 627 2500 nunc,
662 2445 714 2489 et
750 2452 963 2506 semper
1008 2436 1072 2488 ad
1106 2435 1264 2488 linem
1299 2448 1465 2502 usque
1492 2431 1780 2501 epitulabio

201 2546 314 2598 tur,
356 2547 464 2602 quo
496 2532 662 2600 ipsius
693 2532 1010 2599 potentiam,
1047 2539 1100 2580 et
1145 2538 1384 2579 nostram
1440 2526 1779 2578 Christiano-

200 2642 324 2680 rum
375 2625 686 2694 patientiam
730 2633 1054 2688 cognoscere
1102 2619 1297 2685 possis.
1352 2615 1427 2669 Te
1484 2630 1608 2667 vero
1668 2616 1781 2681 ipse

203 2718 352 2772 Deus
416 2731 569 2772 meus
600 2723 804 2766 aeterno
836 2711 941 2779 igni
978 2710 1208 2780 puniet;
1245 2710 1424 2778 exiget
1485 2707 1628 2762 enim
1663 2721 1690 2757 a
1729 2715 1779 2758 te

201 2808 417 2859 animas
449 2820 583 2873 quas
614 2802 917 2872 perdidisti.

282 2899 366 2952 Vl.
397 2897 490 2950 His
519 2895 698 2951 verbis
742 2894 914 2964 magis
951 2892 1154 2946 exarsit
1186 2888 1785 2959 Aurelianusﬁtjussit

200 2991 438 3043 lebetem
499 2987 718 3049 afferri,
760 3000 821 3038 ac
857 2984 1028 3053 νίοιιηι
1069 2984 1123 3035 in
1177 2999 1298 3034 eum
1347 2983 1562 3047 conjici,
1623 2988 1782 3045 atque

202 3084 387 3153 ignem
423 3084 648 3134 multum
676 3077 811 3128 infra
841 3075 1069 3128 lebctcm
1118 3074 1362 3134 accendi,
1402 3073 1470 3124 ita
1508 3083 1564 3125 ut
1622 3086 1783 3123 nemo

202 3175 428 3245 propius
457 3171 711 3223 accedere
743 3176 944 3237 posset.
979 3166 1146 3220 .lussit
1186 3178 1362 3218 autem
1398 3168 1451 3218 in
1475 3167 1624 3220 iilum
1655 3181 1783 3219 con-
1816 3215 1855 3245 1,

202 3268 294 3336 jici
323 3263 546 3316 Paulum
587 3271 639 3316 et
668 3260 961 3313 Julianam.
999 3259 1103 3322 Qui
1127 3276 1246 3310 cum
1277 3257 1504 3309 fuissent
1526 3258 1777 3324 conjecti,

205 3359 393 3410 oculos
429 3357 479 3408 in
504 3353 699 3410 cadum
737 3356 1029 3422 erigentes,
1059 3366 1118 3403 ac
1149 3360 1402 3418 tanquam
1437 3365 1543 3402 uno
1564 3350 1779 3402 eodem-

203 3464 311 3516 que
359 3457 782 3517 orcprccantes,
847 3445 959 3496 lucc
1018 3443 1296 3496 dicebant:
1350 3442 1575 3495 Domine
1645 3440 1784 3493 Deus

207 3553 420 3610 patrum
473 3550 806 3602 nostrorum,
863 3536 1152 3596 Abraham,
1190 3533 1334 3584 Isaac
1365 3541 1417 3584 et
1445 3532 1631 3595 Jacob,
1693 3535 1783 3599 qui

207 3632 535 3688 descendisti
572 3633 621 3682 in
674 3629 946 3682 fornacem
985 3626 1122 3696 ignis
1151 3627 1216 3678 ad
1270 3624 1519 3685 Sidracb,
1579 3624 1782 3679 Misach

211 3736 270 3779 et
332 3724 625 3791 Abdenago
659 3722 712 3774 in
769 3717 1057 3790 Babylonis
1123 3718 1365 3788 regione,
1423 3733 1599 3787 neque
1659 3718 1776 3770 illos

211 3820 338 3890 igne
369 3816 485 3870 laedi
522 3815 846 3884 permisisti;
884 3825 960 3877 tu,
989 3813 1213 3870 Domine
1243 3812 1371 3866 Jesu
1403 3812 1641 3875 Christe,
1698 3813 1785 3866 lux

214 3912 306 3966 illa
357 3911 639 3970 immensa,
672 3905 848 3960 Patris
888 3905 1201 3974 mysterium
1256 3913 1308 3956 et
1356 3905 1546 3973 gloria,
1581 3905 1786 3972 Deique

214 4002 467 4058 altissimi
490 4003 729 4064 dextera,
782 3999 875 4066 qui
908 3998 1070 4050 homo
1101 3998 1274 4050 factus
1305 4007 1526 4067 propter
1556 4011 1783 4067 peccata

217 4103 426 4154 nostra,
462 4092 602 4144 inter
631 4091 881 4143 homines
918 4096 1166 4142 versatus
1193 4104 1273 4153 es,
1312 4091 1378 4142 da
1413 4090 1642 4143 salutent
1665 4090 1786 4142 ani-

217 4185 431 4249 mabus,
457 4197 591 4252 quas
619 4181 869 4234 inimicus
895 4179 1141 4235 diabolus
1178 4181 1480 4235 miserrimc
1530 4181 1786 4250 deceptas

218 4285 275 4330 et
298 4286 602 4345 corruptas,
638 4288 810 4343 usque
835 4273 901 4326 ad
917 4271 1153 4327 intimam
1183 4282 1428 4327 tartareae
1454 4273 1598 4326 sedis
1630 4288 1788 4325 vora-

220 4371 401 4440 ginem
448 4368 738 4423 detrudere
789 4375 1018 4419 eonatur
1065 4383 1078 4420 :
1117 4366 1573 4434 quemadmodum
1609 4366 1789 4419 Aure-

218 4460 401 4514 lianus
450 4462 572 4520 iste,
621 4457 791 4526 ipsius
850 4456 1049 4510 diaboli
1082 4455 1394 4523 discipulus,
1432 4470 1578 4508 nunc
1640 4455 1788 4512 facit.

1884 1967 2202 2022 borantibus
2232 1979 2387 2032 opem
2421 1963 2630 2015 aﬂ'erat.
2665 1959 2961 2026 liespondit
2998 1956 3177 2009 statim
3217 1953 3464 2006 Aurelia-

1885 2077 1956 2116 no
1981 2059 2190 2114 .lnliana
2218 2075 2231 2112 :
2261 2058 2552 2112 Nobiscum
2583 2055 2687 2107 hoc
2713 2055 2766 2107 in
2788 2050 3164 2106 locoChristus
3179 2055 3281 2110 est,
3307 2046 3461 2100 nobis

1886 2170 2043 2222 opem
2077 2153 2253 2216 aﬂert,
2276 2166 2450 2220 neque
2514 2149 2639 2203 sinit
2671 2148 2736 2199 ab
2769 2147 2889 2216 igne
2915 2160 3013 2198 nos
3038 2140 3204 2211 tangi.
3235 2140 3316 2195 Tu
3336 2156 3462 2195 vero

1887 2247 2038 2297 illum
2061 2261 2168 2296 non
2236 2246 2408 2304 vides,
2446 2257 2568 2294 etim
2600 2240 2720 2308 ejus
2791 2239 3001 2290 visione
3061 2235 3313 2301 indignus
3364 2233 3456 2284 sis.

1888 2335 2081 2388 Moneo
2138 2332 2548 2393 te,Anrcliane,
2603 2337 2662 2380 ut
2708 2323 2972 2378 insaniam
3009 2321 3168 2375 istam
3221 2322 3458 2384 omittas,

1888 2436 1948 2481 cr
1971 2427 2038 2482 ad
2068 2424 2342 2479 Christum
2377 2421 2625 2478 accedas.
2661 2434 2783 2470 nam
2811 2418 2853 2470 si
2881 2416 2928 2470 ei
2960 2415 3182 2468 credere
3203 2412 3458 2474 volueris.

1892 2527 1941 2570 te
1986 2518 2391 2585 resipiscentem
2426 2511 2809 2580 amplectetur,
2847 2522 2970 2561 cum
3004 2505 3274 2575 benignus
3305 2504 3372 2557 sit
3401 2517 3465 2555 ac

1890 2613 2221 2667 misericors,
2283 2617 2336 2659 et
2378 2608 2612 2658 humana
2659 2613 2878 2670 peccata
2925 2599 3214 2651 condonet.
3259 2596 3462 2660 Quodsi

1888 2715 1994 2752 non
2032 2699 2348 2759 credideris,
2377 2708 2583 2749 aeterno
2622 2695 2742 2764 igne
2769 2694 3032 2762 punieris.

1961 2789 2048 2844 lX.
2084 2787 2247 2863 Magis
2276 2792 2444 2841 iratus
2473 2798 2555 2840 est
2582 2787 2924 2846 Aurelianus,
2984 2795 3038 2837 et
3077 2787 3241 2854 jussit
3287 2782 3466 2839 carni-

1895 2885 2018 2938 lices
2053 2882 2226 2951 capite
2256 2882 2518 2942 truncari,
2557 2879 2710 2949 quasi
2745 2879 3004 2949 pecunias
3078 2892 3109 2930 a
3136 2877 3463 2932 Christianis

1893 2978 2321 3044 aetopisscntmt
2351 2975 2453 3027 illis
2483 2981 2787 3042 parcerent.
2819 2972 2952 3024 Cum
2981 2985 3105 3024 vero
3134 2971 3198 3023 ad
3234 2977 3464 3024 mortem

1891 3067 2291 3120 tieduteremur
2318 3066 2628 3128 carnifices,
2655 3065 2975 3117 hortabatur
3004 3079 3096 3118 eos
3131 3062 3331 3118 Paulus
3381 3063 3465 3117 his

1895 3160 2104 3214 verbis:
2142 3158 2317 3211 Nolite
2348 3157 2560 3218 timere,
2596 3169 2773 3224 neque
2804 3155 2951 3208 enim
2972 3155 3022 3207 in
3055 3164 3320 3208 mternum
3353 3171 3468 3208 mo-

1894 3248 2126 3311 riemini,
2157 3249 2251 3300 sed
2298 3257 2607 3300 sanctorum
2671 3245 2968 3314 participes
3013 3244 3174 3310 futuri
3221 3245 3373 3306 estis,
3411 3255 3469 3304 et

1883 3339 2119 3392 caele-stis
2145 3339 2287 3406 regni
2325 3338 2589 3390 haredcs.
2617 3336 2736 3389 Haec
2783 3353 2903 3388 cum
2946 3338 3224 3390 audissent
3255 3338 3470 3391 carnifi-

1884 3445 1993 3493 ces,
2023 3430 2404 3490 constiterunt,
2437 3428 2508 3480 ita
2569 3426 2732 3483 Deum
2762 3436 3021 3481 orantes:
3057 3428 3281 3483 Domine
3337 3428 3466 3483 Jesu

1886 3523 2123 3578 Christe.
2157 3536 2314 3589 quem
2385 3519 2585 3573 Paulus
2615 3530 2669 3572 et
2694 3517 2905 3572 .luliana
2926 3519 3247 3589 pradicant,
3276 3521 3464 3575 adesto

1886 3613 2134 3674 nobis,et
2173 3613 2224 3664 in
2267 3615 2615 3666 confessione
2651 3621 2738 3665 tua
2770 3612 2854 3666 fac
2887 3628 2986 3664 nos
3025 3613 3292 3681 perfectos
3317 3628 3467 3676 esse,

1886 3704 2141 3774 quoniam
2172 3703 2307 3756 nihil
2349 3704 2471 3755 mali
2508 3703 2758 3762 fecimus,
2791 3711 2842 3755 et
2874 3706 3159 3756 morimur.
3195 3704 3316 3758 Haec
3342 3709 3463 3758 cum

1887 3796 2174 3860 dixissent,
2210 3794 2524 3849 obtruncati
2553 3803 2679 3847 sunt
2717 3793 2948 3851 .Eorum
3001 3795 3155 3860 alter,
3225 3794 3468 3859 Quadra-

1894 3900 1981 3946 tus
2016 3909 2028 3956 ;
2076 3890 2230 3954 alter,
2254 3889 2484 3943 Aeacius
2519 3888 2818 3945 dicebatur.

1963 3983 2030 4036 Χ.
2066 3982 2156 4034 His
2193 3982 2355 4051 igitur
2389 3981 2646 4050 martyrio
2692 3981 3108 4043 consummatis,
3137 3980 3301 4048 jussit
3349 3981 3461 4036 Au—

1897 4075 2137 4129 relianus
2170 4074 2303 4127 alios
2334 4072 2616 4126 carnifices
2678 4072 2855 4143 ignem
2908 4072 3123 4135 atl‘errc,
3167 4081 3243 4125 ιρι
3305 4089 3469 4143 supra

1899 4168 2160 4222 carbones
2195 4166 2268 4220 sal
2287 4179 2593 4235 aspergere,
2617 4173 2672 4217 ut
2701 4164 2838 4233 ignis
2863 4165 2976 4233 ipsc
3001 4165 3354 4218 vehementer
3383 4182 3474 4222 ac-

1893 4263 2242 4316 cenderetur.
2273 4258 2410 4310 Tum
2442 4256 2688 4310 Juliana:
2751 4256 3064 4320 Aureliane,
3119 4257 3313 4324 inquit,
3353 4258 3471 4328 Ty-

1894 4368 2062 4407 ranne
2097 4361 2151 4406 et
2179 4350 2404 4414 nefarie,
2439 4366 2537 4404 cur
2556 4352 2797 4418 teipsum
2848 4349 3065 4419 aﬂligis?
3109 4350 3276 4405 Video
3327 4353 3470 4406 enim

1904 4455 1953 4499 te
1979 4445 2229 4506 cruciari,
2264 4453 2318 4497 et
2348 4443 2604 4495 omnibus
2641 4442 2815 4494 modis
2843 4451 3025 4494 lurore
3044 4443 3317 4496 detentum
3337 4444 3471 4498 allii-

222 4553 350 4606 Ηπε
383 4551 600 4605 cummi
638 4559 923 4618 precantes
954 4549 1240 4610 dixissem,
1299 4549 1390 4619 pix
1421 4550 1789 4606 εηετγρερθηε
1825 4576 1868 4629 D
1901 4539 1973 4607 gi,
2036 4533 2272 4605 denique
2327 4545 2384 4589 ut
2436 4543 2746 4604 serpentem
2784 4534 3021 4604 aliquem
3065 4535 3471 4598 exsibilantem.

220 4643 273 4694 in
299 4643 528 4712 gelidam
556 4655 749 4710 aquam
781 4654 1041 4692 conversa
1071 4651 1173 4702 est,
1202 4639 1270 4691 ita
1299 4650 1357 4693 ut
1383 4642 1474 4708 qui
1507 4655 1802 4711 praesentes

221 4743 406 4798 erant,
442 4735 535 4789 Dei
582 4733 880 4805 potentiam
916 4730 1339 4786 admirarentur.

297 4829 410 4883 \‘ll.
441 4827 805 4883 Nihilominus
824 4836 999 4878 tamen
1022 4825 1366 4891 Aurelianus,
1388 4827 1608 4895 proprio
1623 4828 1804 4885 furore

220 4930 545 4989 oppressus,
595 4915 706 4968 Deo
732 4914 954 4982 gloriam
1002 4927 1106 4967 non
1147 4916 1425 4979 reddebat,
1451 4917 1542 4971 sed
1585 4919 1807 4989 magicis

225 5012 440 5064 artibus
471 5023 534 5062 ea
580 5007 694 5061 fieri
738 5005 1097 5060 existimabat.
1131 5007 1300 5060 Jussit
1338 5017 1521 5078 postea
1554 5026 1582 5063 e
1633 5011 1806 5064 lebete

226 5103 361 5181 illos.
379 5098 617 5164 extrahi,
652 5097 706 5150 in
741 5097 936 5167 quibus
960 5112 1076 5158 nec
1127 5097 1259 5165 picis
1290 5098 1423 5151 odor
1453 5099 1646 5167 aliquis
1696 5101 1808 5153 ine-

229 5203 313 5248 rat
341 5212 353 5247 :
401 5196 533 5263 quin
561 5190 724 5246 etiam
774 5189 1023 5257 nequein
1055 5188 1229 5243 lebete
1294 5189 1411 5259 ipso
1437 5191 1571 5259 picis
1604 5190 1807 5258 aliquid

229 5288 515 5342 inventum
559 5290 663 5348 est,
691 5280 785 5337 sed
831 5289 1040 5334 tantum
1089 5279 1280 5350 frigida
1313 5296 1473 5349 aqua.
1504 5279 1657 5334 Tunc
1696 5283 1808 5334 Au-

229 5377 512 5434 relianus:
547 5371 972 5434 Existimatisne,
1010 5371 1204 5438 inquit,
1243 5386 1354 5436 eos,
1392 5373 1482 5440 qui
1510 5380 1809 5443 praesentes

231 5477 383 5530 sunt,
409 5483 436 5519 a
457 5467 612 5521 vobis
634 5465 1014 5521 circumveniri
1047 5471 1102 5516 et
1124 5462 1337 5528 adduci,
1355 5474 1414 5518 ut
1442 5472 1634 5534 putent
1659 5465 1811 5518 auxi-

234 5564 366 5619 lium
400 5574 430 5611 a
465 5557 572 5609 Deo
622 5566 808 5610 vestro
855 5556 1007 5609 vobis
1059 5554 1302 5617 allatum,
1333 5563 1386 5607 et
1435 5570 1545 5608 non
1592 5556 1813 5626 magicis

235 5658 419 5726 potius
436 5650 644 5704 artibus
665 5649 780 5703 haec
802 5648 940 5704 facta
957 5648 1101 5702 esse?
1114 5647 1228 5700 Non
1255 5646 1348 5702 ita.
1373 5661 1470 5714 per
1494 5647 1624 5700 deos
1642 5647 1813 5717 ipsos,

239 5761 329 5801 res
345 5764 400 5801 se
413 5742 630 5800 habebit
646 5757 661 5803 ;
677 5741 863 5795 faciam
881 5741 1046 5805 enim,
1063 5749 1120 5793 ut
1135 5737 1460 5793 cruciatibus
1478 5737 1674 5799 affecti,
1696 5737 1816 5808 igne

237 5831 777 5902 consumaminimisi
794 5831 896 5886 diis
937 5833 1064 5901 ipsis
1085 5831 1327 5887 victimas
1366 5827 1690 5884 obtuleritis.
1735 5827 1814 5882 Ad

1908 4641 2179 4679 venenum
2212 4634 2403 4680 contra
2426 4639 2527 4677 nos
2578 4624 2894 4690 ellundere;
2951 4627 3044 4678 sed
3104 4626 3240 4677 nihil
3294 4635 3471 4679 tamen

1905 4716 2182 4787 proficies,
2222 4732 2342 4769 cum
2377 4716 2516 4767 Dens
2556 4714 2669 4781 ipse
2710 4728 2810 4766 nos
2841 4714 3177 4780 corroboret,
3208 4723 3477 4785 utpravas

1910 4818 2029 4862 tuas
2057 4809 2412 4878 cogitationes
2450 4805 2724 4860 sustinere
2769 4809 3064 4876 possimus.
3111 4807 3298 4877 Itaque
3353 4826 3475 4864 cum

1907 4901 2165 4954 adversus
2182 4913 2280 4952 nos
2297 4898 2431 4951 nihil
2446 4899 2656 4953 ellicere
2677 4899 2945 4968 potueris,
2966 4903 3135 4969 magis
3169 4902 3478 4966 erubesces,

1908 5003 1964 5046 et
1994 5009 2023 5046 a
2082 4991 2238 5044 nobis
2300 4992 2441 5062 ipsis
2473 4990 2791 5045 abstinebis.
2823 4991 3148 5043 Aurelianus
3173 4991 3334 5061 jussit
3365 4993 3482 5049 illos

1908 5085 2130 5145 exsolvi,
2161 5093 2214 5137 et
2265 5084 2319 5138 in
2354 5098 2624 5139 carcerem
2681 5082 2921 5146 detrudi,
2957 5090 3119 5151 atque
3169 5084 3306 5153 ligna
3333 5101 3476 5153 qua:-

1911 5180 2031 5233 dam
2052 5179 2268 5231 maximi
2308 5175 2566 5245 ponderis
2599 5176 2651 5230 in
2708 5189 2896 5227 eorum
2958 5174 3198 5228 cervices
3253 5175 3479 5244 imponi,

1911 5272 2076 5338 pedes
2104 5269 2263 5322 etiam
2296 5269 2646 5337 compedibus
2691 5267 2861 5336 ligari,
2894 5265 3098 5320 catenis
3159 5279 3353 5320 manus
3390 5268 3480 5322 ἀε-

1913 5361 2131 5423 vinciri,
2161 5369 2215 5412 et
2247 5359 2450 5413 ferreos
2479 5360 2658 5413 clavos
2684 5363 2875 5422 sterni,
2924 5357 3101 5412 utillis
3149 5359 3488 5428 conlige-ren-

1916 5464 2024 5519 tur,
2055 5467 2229 5521 neque
2259 5451 2697 5507 Christianorum
2725 5452 2961 5520 aliquem
3000 5450 3241 5519 permitti
3266 5452 3334 5504 ad
3392 5467 3486 5506 eos

1915 5545 2147 5616 ingredi,
2188 5561 2252 5598 ne
2292 5545 2442 5599 cibus
2494 5544 2796 5598 aﬂ‘erretur.
2841 5542 2962 5597 Illos
2996 5543 3153 5612 igitur
3208 5545 3489 5600 carnifices

1917 5638 1969 5691 in
2005 5649 2276 5690 carcerem
2334 5637 2627 5697 duxerunt,
2668 5648 2895 5703 quaeque
2949 5634 3017 5687 ab
3057 5635 3349 5690 Aureliano
3376 5636 3491 5704 jus-

1917 5731 1958 5783 si
1998 5729 2234 5790 fuerant,
2269 5727 2347 5781 eis
2412 5727 2679 5781 fecerunt.
2736 5727 2869 5779 Cum
2924 5741 3053 5780 vero
3109 5726 3286 5780 media
3332 5733 3489 5782 nocte

1921 5829 2182 5892 martyres
2215 5819 2380 5873 Deum
2433 5826 2809 5888 precarentur,
2866 5817 2954 5870 lux
3002 5817 3246 5888 quaedam
3297 5832 3490 5890 magna
