4198 6438
733 422 845 484 579

1992 405 2278 464 MENSIS
2321 403 2744 463 AUGUSTUS.

3901 395 4000 456 580

733 529 936 583 ctIulsit
967 529 1016 580 in
1049 540 1286 588 carcere,
1327 532 1378 578 et
1431 522 1655 591 angelus
1713 532 1894 573 coram
1953 516 2060 569 illis
2132 517 2302 578 stetit,
2356 524 2392 576 Α
2423 523 2475 567 et
2501 509 2806 575 temerarie,
2838 523 3062 564 curnam
3097 507 3212 560 haec
3243 506 3481 560 facinora
3514 513 3702 560 contra
3733 504 4003 558 Christia-

736 625 921 690 cisque
949 621 1101 673 dixit:
1133 619 1295 672 Paule
1341 627 1394 672 et
1429 616 1662 680 Juliana,
1719 612 1860 666 servi
1904 610 1994 664 Dei
2042 610 2311 666 altissimi.

737 720 939 787 surgite
966 723 1019 767 ct
1052 715 1217 765 Deum
1249 717 1422 764 orate.
1464 707 1585 760 llaec
1603 706 1734 758 dixit
1760 704 2003 771 angelus,
2041 712 2094 756 ct
2139 703 2202 755 ad
2227 718 2320 754 eos

741 807 974 861 accessit
1003 823 1014 858 :
1048 822 1109 858 ac
1138 807 1318 858 statim
1356 804 1738 860 instrumenta,
1777 799 1972 866 quibus
2001 813 2185 850 eorum
2206 796 2318 848 col—

738 901 785 953 la
811 900 1099 953 constricta
1133 907 1308 955 erant,
1335 895 1524 962 tetigit.
1547 894 1837 959 statimque
1872 901 1974 943 tam
2010 891 2117 951 illa,
2158 903 2317 956 quam

749 989 950 1056 reliqua
985 988 1160 1039 ferrea
1188 996 1241 1038 et
1266 987 1435 1054 lignea
1463 983 1672 1036 vincula
1716 976 2099 1042 confracta,de
2142 981 2319 1046 justo-

738 1097 856 1133 rum
911 1091 1201 1148 martyrum
1229 1078 1542 1146 corporibus
1580 1075 1899 1128 exciderunt
1927 1091 1938 1124 ε
1967 1073 2084 1125 dure
2136 1081 2314 1123 autem

739 1172 895 1224 sedes
919 1171 1108 1238 pannis
1127 1180 1329 1232 stratae,
1379 1177 1430 1220 ct
1455 1183 1637 1219 mensa
1670 1180 1852 1219 coram
1886 1164 2012 1232 ipsis
2058 1163 2199 1214 illico
2224 1175 2313 1228 ap-

737 1263 911 1331 posita
946 1271 1048 1325 est,
1096 1262 1404 1328 omnigenis
1442 1260 1660 1312 ferculis
1693 1259 1870 1327 plena,
1904 1257 2088 1324 eisque
2157 1269 2317 1323 ange-

741 1353 823 1404 lus
855 1352 991 1404 dixit
1034 1369 1047 1405 :
1092 1350 1302 1412 Venite,
1360 1349 1700 1418 requiescite,
1759 1358 1810 1400 et
1873 1348 2047 1398 cibum
2095 1347 2315 1406 sumite,

737 1461 896 1513 quem
959 1444 1102 1494 misit
1137 1441 1288 1494 vobis
1315 1441 1442 1495 Jcsu
1481 1441 1970 1494 ChristusJ’auius
2005 1450 2054 1492 et
2080 1437 2312 1500 Juliana,

739 1552 798 1587 ea
821 1550 875 1587 re
911 1533 1090 1597 laetati,
1119 1534 1531 1586 discubueiunt.
1557 1533 1798 1601 Cumque
1825 1547 2018 1600 panem
2048 1531 2223 1597 ipsum
2262 1529 2316 1582 in

741 1641 929 1680 manus
951 1628 1327 1694 sumpsissent,
1348 1634 1399 1677 et
1426 1625 1610 1678 oculos
1655 1625 1708 1676 in
1763 1627 1956 1676 cretum
1994 1621 2313 1683 crexissent,

742 1720 850 1770 Deo
891 1717 991 1782 ipsi
1027 1716 1227 1785 gratias
1285 1725 1530 1782 egerunt,
1590 1722 1641 1766 ct
1682 1712 1786 1764 cibi
1842 1710 2132 1779 participes
2193 1708 2315 1761 facti

740 1818 887 1860 sunt.
926 1807 1185 1858 Viderunt
1217 1807 1452 1857 carceris
1487 1806 1737 1856 custodes
1777 1804 1948 1855 lucem
1991 1801 2140 1853 illam
2201 1816 2314 1851 ma-

742 1915 940 1969 gnam;
975 1913 1207 1966 eumque
1239 1899 1303 1951 ad
1349 1913 1441 1951 eos
1473 1907 1698 1966 repente
1739 1895 2131 1955 introivissent,
2162 1892 2307 1961 quod
2342 1876 2382 1932 Β

742 1993 940 2045 factum
970 1994 1140 2044 fuerat
1169 1992 1508 2056 didicerunt,
1566 1993 1710 2060 ipsos
1770 1992 1990 2058 insuper
2017 1988 2308 2042 comeden-

743 2091 844 2142 tes,
874 2093 927 2133 et
961 2082 1158 2133 hilares
1187 2081 1363 2134 factos
1393 2082 1664 2134 viderunt.
1699 2080 1880 2147 Itaque
1917 2095 2040 2132 cum
2096 2078 2200 2131 illis
2229 2093 2311 2129 re-

744 2174 1062 2227 cumbentes
1083 2173 1252 2242 etipsi
1309 2175 1682 2232 comederunt,
1724 2174 1941 2240 Deoque
1990 2172 2200 2224 laudent
2259 2178 2312 2222 et

744 2268 966 2337 gloriam
1017 2267 1304 2330 dederunt,
1337 2269 1426 2335 qui
1471 2269 1627 2321 talem
1681 2268 1904 2337 gratiam
1960 2266 2081 2319 ﬁliis
2134 2264 2310 2318 homi-

743 2358 873 2414 num
907 2361 1246 2423 contulisset,
1274 2361 1343 2411 ita
1377 2361 1709 2427 ut.picriqne
1742 2377 1804 2413 ex
1830 2360 1960 2428 ipsis
1998 2359 2104 2410 Deo
2138 2357 2312 2410 credi-

743 2452 946 2511 derint,
975 2460 1028 2503 ct
1067 2451 1367 2504 Christiani
1396 2453 1687 2503 evaserint.

813 2540 898 2593 XI.
939 2539 1121 2593 Tertio
1180 2549 1297 2608 post
1322 2541 1405 2592 die
1431 2540 1773 2601 Aurelianus,
1831 2554 1949 2591 cum
1984 2539 2036 2590 in
2064 2537 2311 2591 tribunali

745 2633 1001 2691 sedisset,
1029 2630 1192 2695 jussit
1226 2640 1442 2681 sanctos
1477 2639 1739 2697 martyres
1775 2629 2000 2680 Paulum
2041 2636 2093 2681 et
2141 2626 2314 2680 Julia-

743 2737 868 2775 nam
898 2722 1023 2774 illuc
1058 2721 1201 2781 duci,
1239 2720 1432 2788 quibus
1456 2719 1527 2771 ait
1559 2737 1571 2772 :
1615 2721 1695 2771 An
1750 2719 1988 2771 nondum
2052 2729 2315 2771 tormenta

746 2815 862 2883 ipsa
895 2829 988 2866 vos
1016 2814 1337 2873 docuerunt,
1377 2821 1432 2862 ut
1456 2813 1521 2863 ab
1557 2813 1656 2863 ista
1725 2812 1933 2863 insania
1995 2822 2173 2862 vestra
2205 2810 2314 2862 dis-

750 2904 974 2964 cedatis,
1003 2912 1055 2954 et
1089 2910 1216 2956 deos
1275 2901 1556 2963 adeuntes,
1591 2901 1693 2952 illis
1748 2904 1994 2953 victimas
2045 2899 2311 2952 oneratis?

744 2996 891 3058 Haec,
922 2996 1095 3062 inquit
1129 2995 1350 3054 Paulus,
1383 2994 1612 3044 stultitia
1648 2991 1776 3044 mihi
1811 2993 1902 3054 sit,
1941 3001 1994 3044 et
2034 2991 2312 3055 omnibus,

745 3090 836 3158 qui
874 3088 1040 3140 Deum
1090 3089 1260 3156 ipsum
1299 3088 1554 3154 diligunt.
1589 3084 1738 3149 Quod
1781 3085 1924 3137 enim
1983 3085 2197 3136 stultum
2243 3091 2319 3135 est

746 3181 861 3240 Dei,
897 3181 1184 3247 sapientius
1217 3190 1286 3230 est
1318 3178 1642 3236 hominibus;
1676 3185 1720 3226 et
1754 3175 2014 3240 sapientia
2055 3174 2321 3224 hominum

742 3273 966 3326 stultitia
1001 3281 1072 3322 cst
1108 3273 1246 3338 apud
1282 3270 1463 3320 Deum.
1503 3267 1782 3336 Desipiens
1823 3265 2064 3334 profecto
2092 3272 2146 3317 et
2180 3265 2324 3316 insa-

743 3385 846 3422 nus
883 3383 1078 3430 essem,
1135 3367 1176 3419 si
1237 3382 1264 3418 a
1315 3365 1419 3416 Deo
1460 3365 1572 3432 ipso
1610 3363 1885 3424 deﬁciens,
1918 3363 2189 3415 daemones
2245 3363 2334 3412 ve'

743 3475 884 3517 stros
901 3464 1155 3513 colerem.
1186 3460 1368 3511 Denuo
1394 3459 1736 3521 Aurelianus,
1757 3458 1846 3509 bili
1881 3457 2139 3524 percitus,
2171 3453 2330 3519 jussit

745 3555 864 3609 illos
900 3556 948 3606 in
981 3554 1123 3622 ligno
1171 3551 1450 3618 suspendi,
1507 3562 1558 3603 et
1608 3549 1859 3601 cruciari.
1915 3549 1982 3598 At
2025 3545 2100 3597 illi
2161 3543 2327 3596 Deum

747 3655 987 3705 orantes,
1027 3648 1138 3697 luce
1172 3647 1460 3696 dicebant:
1504 3641 1728 3691 Domine
1761 3639 1887 3692 Jesu
1926 3638 2163 3700 Christe,
2229 3636 2327 3690 Fili

748 3736 840 3790 Dei
896 3738 1145 3797 viventis,
1214 3736 1302 3788 lux
1375 3733 1830 3795 Christianorum,
1884 3742 1936 3783 et
1992 3733 2143 3790 fides,
2208 3746 2326 3798 qua:

748 3846 926 3899 neque.
960 3829 1197 3894 concuti,
1264 3844 1440 3896 neque
1490 3827 1556 3880 ab
1615 3825 1941 3879 adversariis
1994 3823 2324 3892 expugnari,

752 3936 843 3978 aut
913 3924 1131 3977 dissolvi
1192 3930 1426 3990 potest:
1482 3921 1703 3972 ostende
1788 3919 1978 3970 faciem
2049 3928 2191 3970 tuam
2255 3925 2329 3983 ,ct

751 4017 904 4070 nobis
927 4032 1080 4083 Opem
1120 4018 1280 4076 feras,
1314 4029 1487 4082 neque
1524 4029 1622 4065 nos
1651 4013 1911 4065 destituas
1933 4021 2151 4079 propter
2203 4025 2327 4062 san-

750 4123 898 4162 ctum
926 4125 1122 4160 nomen
1150 4119 1324 4159 tuum.
1354 4106 1484 4157 Cum
1519 4107 1677 4172 igitur
1710 4104 1990 4154 carnifiCcs
2024 4103 2226 4153 diutius
2263 4103 2326 4152 il-

752 4203 832 4254 los
859 4201 1183 4261 cruciarent,
1206 4207 1255 4249 et
1288 4197 1533 4248 Christus
1565 4210 1748 4246 eorum
1784 4194 2053 4247 cruciatus
2079 4193 2328 4248 subleva-

752 4302 854 4354 ret,
877 4291 1007 4346 nihil
1036 4291 1254 4343 omnino
1300 4299 1460 4355 martj
1476 4306 1559 4340 res
1587 4296 1850 4340 tormenta
1887 4287 1971 4340 illa
1995 4286 2320 4339 sentiebant.

825 4385 943 4438 XII.
991 4384 1138 4437 Unus
1173 4399 1296 4435 vero
1331 4397 1360 4435 e
1392 4380 1754 4441 carniﬁcibus,
1813 4381 2033 4430 nomine.
2065 4380 2324 4432 Stratoni-

755 4496 873 4542 cus,
907 4492 1028 4530 cnm
1063 4485 1230 4528 staret
1263 4474 1326 4527 ad
1361 4474 1642 4526 sinistrum
1684 4471 1908 4525 Jnlianu:
1936 4471 2094 4535 latus,
2131 4480 2181 4524 et
2215 4482 2322 4524 tor-

2426 624 2522 661 nos
2561 613 2771 675 patrare
2830 599 3053 655 audes?
3109 599 3378 664 Quidnam
3429 599 3678 652 homines
3723 596 3832 651 Deo
3889 611 4002 648 ser-

2427 696 2635 748 vientes
2669 691 3079 751 commiserunt,
3119 694 3176 739 ut
3205 685 3277 738 ita
3304 685 3592 738 crudeliter
3621 685 4002 739 etimmaniter

2423 800 2516 838 eos
2552 782 2764 837 crucies
2793 781 2815 832 ?
2845 779 2925 832 An
2965 779 3088 846 quia
3122 776 3399 829 Christum
3434 775 3674 827 omnium
3697 774 4002 828 dominato-

2425 891 2538 928 rem
2570 882 2901 927 venerantur
2929 871 2949 921 ?
2974 868 3098 922 llaec
3136 883 3258 920 cum
3289 866 3491 919 audiret
3527 865 3874 927 Aurelianus,
3930 864 4000 916 ita

2421 967 2719 1034 obstupuit,
2758 973 2816 1016 ut
2848 963 2980 1015 hora
3038 976 3144 1012 una
3169 969 3355 1012 mutus
3385 956 3724 1010 remanserit.
3759 954 4001 1006 Tandem

2423 1058 2757 1125 respondens
2822 1073 2836 1107 :
2898 1053 3051 1104 Tune
3112 1049 3320 1106 etiam,
3387 1049 3603 1116 inquit,
3655 1046 3999 1106 Stratonice,

2420 1149 2644 1202 istorum
2683 1146 2923 1199 stultitiae
2949 1139 3351 1210 atqueinsanim
3379 1140 3649 1205 particeps
3683 1136 3860 1188 factus
3890 1149 3949 1186 es

2421 1241 2499 1292 An
2530 1238 2761 1291 Juliaiuc
2792 1233 3134 1304 pulchritudo
3168 1241 3217 1282 te
3251 1229 3488 1295 decepit,
3542 1239 3591 1280 et
3637 1228 3756 1293 ejus
3800 1228 4002 1293 jucun-

2420 1330 2503 1382 dis
2565 1324 2914 1378 sermonibus
2971 1322 3197 1374 allectus
3250 1315 3355 1370 es?
3396 1315 3736 1369 Stratonicus
3795 1329 3919 1364 tum
3956 1315 4003 1363 in

2419 1422 2614 1481 ccelum
2656 1418 2844 1473 oculos
2874 1416 3161 1474 erexisset,
3221 1411 3345 1464 dein
3379 1407 3602 1460 Paulum
3648 1423 3709 1459 ac
3735 1407 4006 1459 Julianam

2423 1512 2473 1563 in
2505 1512 2652 1579 ligno
2701 1521 2998 1577 suspensos
3054 1500 3562 1571 circumspexisset,
3623 1499 3805 1552 crucis
3857 1499 4008 1564 signo

2420 1603 2682 1660 munitus,
2720 1601 2932 1653 illorum
2969 1607 3221 1665 aspectus
3259 1597 3390 1648 tales
3417 1594 3566 1657 vidit,
3599 1592 3789 1662 quales
3843 1606 4009 1659 ange-

2419 1700 2593 1752 lorum
2630 1699 2721 1751 Dei
2759 1696 2928 1750 facics
2961 1709 3082 1748 esse
3114 1694 3310 1746 solent.
3340 1689 3460 1742 Mox
3509 1689 3760 1750 accurrit,
3795 1698 3851 1741 et
3881 1689 4012 1740 deo-

2423 1808 2541 1845 rum
2575 1806 2723 1845 aram
2756 1789 2998 1844 calcibus
3030 1783 3397 1845 conculcavit,
3452 1795 3680 1848 eamque
3728 1790 4010 1838 evertens.

2413 1887 2484 1938 ait
2514 1904 2526 1938 :
2553 1884 2629 1936 En
2659 1891 2711 1936 et
2732 1899 2830 1951 ego
2852 1880 3191 1934 Christianus
3215 1891 3331 1929 sum
3357 1891 3371 1940 ;
3394 1875 3559 1927 facias
3600 1873 3726 1925 licet
3746 1872 4010 1939 quidquid

2413 1973 2564 2031 libet.
2613 1975 2829 2029 Furore
2909 1987 3176 2026 accensus
3255 1967 3604 2030 Aurelianus,
3669 1965 3838 2033 jussit
3895 1965 4009 2030 ejus

2412 2080 2572 2139 caput
2598 2065 2858 2121 abscindi.
2897 2063 3143 2130 Cumque
3183 2059 3507 2112 sententiam
3535 2057 3837 2125 imperator
3863 2054 4010 2108 tulis-

2412 2172 2513 2224 sct,
2545 2162 2688 2214 venit
2719 2160 2786 2212 ad
2825 2173 2946 2212 eum
2994 2157 3167 2209 locum
3198 2153 3250 2205 in
3311 2164 3418 2219 quo
3481 2151 3800 2217 martyrium
3835 2147 4014 2201 obitu-

2414 2272 2507 2310 rus
2536 2264 2653 2309 erat
2685 2272 2697 2321 ;
2733 2254 2820 2306 ubi
2856 2267 2979 2306 cum
3013 2265 3186 2320 genua
3237 2246 3580 2303 inclinasset,
3635 2245 3706 2299 ita
3788 2241 4006 2293 oravit:

2417 2349 2643 2402 Domine
2683 2347 2808 2399 Jesu
2860 2344 3097 2402 Christe,
3135 2353 3292 2407 quem
3331 2337 3526 2391 Paulus
3552 2334 3837 2389 etJuliana
3881 2350 4011 2384 eou-

2419 2441 2650 2502 fitentes,
2686 2435 2868 2490 invicti
2937 2440 3256 2503 permanent
3288 2445 3316 2482 a
3348 2429 3629 2482 divinitate
3693 2437 3780 2480 tua
3827 2441 4011 2478 seria-

2419 2535 2479 2598 ti,
2508 2542 2560 2587 et
2581 2529 2855 2586 Aureliani
2888 2525 3222 2597 tyrannidem
3250 2521 3681 2579 confundentes;
3714 2528 3797 2583 tu,
3827 2532 4009 2584 quaeso

2419 2637 2470 2680 ct
2502 2625 2736 2678 animam
2786 2635 2960 2674 meam
2991 2618 3176 2685 accipe
3218 2614 3269 2667 in
3322 2614 3542 2668 cceleste
3576 2626 3802 2678 regnum
3835 2620 4008 2670 tuum,

2419 2734 2615 2778 meam,
2655 2716 2894 2782 inquam,
2927 2711 3184 2772 animam,
3210 2706 3299 2776 qui
3336 2705 3671 2760 brevissimae
3701 2704 3850 2755 horae
3883 2716 4008 2768 spa-

2421 2812 2494 2863 tio
2542 2823 2740 2860 nomen
2790 2816 2938 2857 tuum
2997 2802 3279 2854 confessus
3327 2813 3471 2861 sum,
3509 2804 3779 2865 praesente
3832 2796 4006 2844 Aure-

2421 2905 2588 2957 liano.
2625 2899 2715 2951 His
2769 2895 2947 2958 dictis,
2996 2894 3084 2946 ille
3136 2900 3297 2960 caput
3351 2888 3613 2949 extendit,
3647 2896 3702 2938 et
3750 2883 4008 2936 carniﬁce

2421 2997 2773 3049 obtruncatus
2829 2997 2930 3043 est.
2994 2985 3276 3040 Venerunt
3343 2992 3524 3036 autem
3564 2976 3890 3040 Christiani,
3947 2984 4002 3028 et

2424 3089 2542 3155 ejus
2577 3084 2834 3150 reliquias
2866 3080 3224 3147 collegerunt.

2513 3284 2646 3338 .\'Iil.
2688 3283 2890 3336 Paulus
2927 3295 3054 3333 vero
3104 3288 3161 3331 et
3201 3276 3416 3332 Juliana
3465 3273 3745 3325 cruciatus
3795 3270 4009 3322 fortiter

2437 3377 2800 3431 sustinebant.
2850 3373 3005 3424 Tunc
3063 3369 3387 3421 Aurelianus
3434 3363 3703 3416 Julianam
3766 3362 4005 3415 affatus:

2436 3464 2478 3518 Ο
2514 3465 2765 3524 scelesta,
2812 3461 3006 3530 inquit,
3044 3470 3095 3511 ct
3133 3457 3295 3526 impia
3341 3455 3680 3515 muliercula,
3729 3455 4007 3522 quomodo

2436 3559 2489 3608 in
2513 3555 2798 3609 tormentis
2821 3553 3110 3612 exsistens,
3145 3547 3455 3602 carnificem
3476 3547 3725 3613 decipere
3752 3545 4005 3612 potuisti,

2433 3653 2591 3717 eique
2627 3649 2814 3701 mortis
2848 3661 3065 3697 causam
3116 3642 3355 3695 afferre?
3392 3639 3508 3691 Non
3556 3655 3673 3707 ego,
3710 3639 3889 3706 inquit
3920 3637 4012 3690 Ju-

2434 3743 2597 3801 liana,
2636 3741 2783 3792 illum
2818 3736 3028 3804 decepi,
3062 3735 3142 3788 vel
3177 3731 3366 3786 mortis
3410 3745 3628 3783 causam
3680 3732 3864 3788 attuli,
3913 3731 4007 3782 sed

2431 3836 2520 3903 qui
2563 3851 2646 3886 mc
2704 3831 2999 3898 assumpsit
3023 3827 3180 3881 Jesus
3221 3824 3490 3883 Christus,
3519 3823 3605 3875 ille
3635 3822 3749 3890 ipse
3782 3833 3835 3875 et
3865 3823 4009 3876 hunc

2431 3929 2650 3996 dignum
2687 3925 2832 3984 fecit,
2862 3938 2922 3974 ac
2953 3922 3196 3984 vocavit;
3233 3917 3340 3970 nisi
3370 3919 3511 3970 enim
3555 3917 3752 3986 dignus
3783 3916 4000 3981 fuisset,

2431 4032 2710 4084 nunquam
2753 4015 2819 4065 ad
2864 4011 3102 4080 martyrii
3133 4010 3363 4076 palmam
3400 4011 3685 4074 pervenire
3710 4009 4003 4074 potuisset.

2431 4111 2582 4162 lllnm
2609 4108 2766 4178 igitur
2792 4107 2844 4158 in
2893 4118 3055 4173 regno
3093 4102 3352 4154 caalorum
3382 4099 3814 4167 requiescentem
3860 4103 4009 4168 aspi-

2432 4203 2562 4258 cies,
2601 4210 2649 4250 te.
2697 4215 2824 4249 vero
2871 4196 2923 4248 in
2977 4196 3238 4264 gehennae
3282 4193 3496 4246 flamma
3541 4192 3719 4262 puniri
3778 4195 4007 4245 senties.

2430 4291 2582 4344 Tunc
2619 4288 2833 4356 quidem
2870 4295 3058 4353 pectus
3092 4294 3263 4348 tuum,
3300 4283 3505 4342 infelix,
3543 4283 3833 4348 percuties,
3885 4298 4006 4333 cum

2429 4385 2744 4440 inferiorem
2792 4380 3094 4442 hominem,
3142 4377 3318 4444 teipso
3366 4377 3506 4443 apud
3558 4373 3841 4426 Christum
3878 4390 4008 4442 pric-

2429 4474 2747 4528 stantiorem
2795 4470 3024 4532 videbis,
3080 4475 3135 4521 et
3188 4468 3372 4519 dolore
3425 4465 3671 4528 affectus,
3721 4464 4003 4526 clamabis,

758 4580 943 4626 menta
981 4570 1032 4620 in
1059 4584 1175 4620 eam
1202 4567 1449 4628 inferret,
1515 4566 1633 4630 ejus
1663 4565 2064 4630 pulchritudine
2102 4571 2321 4632 captus,
2359 4568 2400 4622 Ι)
2433 4566 2525 4618 Dei
2567 4563 2994 4617 miscricordiam
3037 4560 3355 4629 implorans,
3391 4575 3552 4628 quam
3597 4569 3780 4610 tamen
3827 4557 4005 4626 impe-

756 4678 951 4717 manus
977 4661 1044 4714 ab
1075 4675 1135 4714 ea
1160 4659 1492 4712 continebat.
1520 4656 1688 4723 Cujus
1746 4670 1964 4706 sensum
1998 4665 2158 4723 atque
2206 4655 2326 4708 ani-

760 4774 905 4809 mum
946 4771 1066 4809 cum
1098 4756 1253 4808 beata
1282 4761 1336 4804 ct
1362 4762 1546 4806 sancta
1581 4750 1794 4805 Juliana
1831 4761 2217 4816 cognosceret,
2256 4749 2329 4802 si-

759 4848 990 4902 nistrum
1028 4847 1217 4914 pedcni
1275 4847 1534 4906 extendit,
1568 4855 1616 4895 ct
1649 4845 1791 4898 calce.
1825 4843 1972 4895 illum
2009 4843 2326 4896 verberans:

760 4939 1090 5002 Stratonice,
1115 4937 1290 5005 inquit
1319 4977 1331 5000 ,
1373 4936 1456 4987 fac
1502 4937 1645 5002 quod
1693 4940 1876 5002 jussus
1917 4952 1973 4989 es
2021 4951 2049 4988 a
2104 4947 2330 5004 tyranno

759 5033 1076 5093 Aureliano,
1110 5045 1284 5097 neque
1324 5043 1516 5080 manus
1546 5043 1572 5078 a
1603 5027 2002 5087 tnecontincas
2032 5026 2161 5078 mihi
2205 5042 2327 5094 par-

759 5139 921 5187 Cens;
973 5134 1070 5188 ego
1100 5120 1242 5170 enim
1287 5120 1462 5172 habeo
1518 5117 1719 5188 Regem
1793 5134 1970 5170 meum
2031 5117 2318 5170 Dominum

756 5218 938 5273 .Iesum
1007 5213 1307 5273 Christum,
1345 5212 1510 5263 Deum
1545 5223 1830 5274 aeternum,
1857 5219 1910 5263 et
1965 5210 2158 5262 anima:
2191 5225 2326 5262 mea!

757 5320 1085 5368 curatorem,
1121 5306 1212 5374 qui
1271 5305 1545 5372 corporeis
1594 5305 1872 5357 laboribus
1923 5317 2006 5355 me
2057 5302 2323 5365 sublevat,

759 5412 922 5468 atque
983 5401 1053 5449 ita
1103 5409 1396 5464 prmsentes
1463 5398 1734 5449 cruciatus
1790 5411 1895 5449 non
1950 5396 2147 5449 sentio.
2204 5394 2327 5447 Περεῖ

762 5511 884 5549 cum
939 5489 1279 5546 Stratonicus
1311 5489 1628 5547 audivisset,
1683 5489 1861 5540 statim
1910 5504 2120 5552 ensem,
2167 5502 2327 5555 quem

762 5603 924 5640 manu
940 5585 1178 5647 tenebat,
1201 5581 1394 5650 abjccit
1413 5595 1679 5651 ;_cumque
1712 5579 1776 5631 ad
1798 5580 2028 5635 tribunal
2051 5581 2328 5637 Aureliani

759 5677 1117 5740 cucurrisset,
1182 5674 1420 5727 clamans
1456 5691 1470 5727 :
1503 5673 1791 5730 Aureliane
1814 5711 1828 5739 ,
1866 5672 2058 5742 inquit,
2105 5684 2330 5746 tyranne

870 5818 888 5849 °
929 5814 948 5867 1
977 5815 1100 5870 Cor.
1129 5832 1165 5880 ι,
1199 5812 1285 5879 '20,
1309 5812 1399 5868 ‘25.

2434 4670 2576 4714 trare
2611 4673 2715 4711 non
2749 4655 2974 4725 poteris.
3016 4654 3144 4709 Post
3177 4654 3288 4706 ha-c
3315 4653 3475 4720 jussit
3507 4651 3838 4703 Aurelianus
3885 4652 4006 4702 illos

2432 4768 2461 4805 e
2492 4753 2639 4818 ligno
2670 4750 2964 4808 detractos,
3001 4748 3053 4797 in
3082 4758 3355 4798 carcerem
3386 4744 3699 4795 interiorem
3730 4743 4004 4804 concludi,

2433 4855 2486 4896 et
2530 4856 2721 4894 omnes
2759 4837 3031 4892 veneﬁcos
3091 4853 3153 4890 ac
3206 4835 3624 4905 priestigiatorcs
3664 4835 3869 4889 vocari.
3919 4835 4008 4902 qui

2435 4935 2578 4987 feras
2612 4947 2824 4996 omnes,
2871 4945 3226 5000 quascunque
3267 4931 3550 4991 haberent,
3598 4928 4006 4989 acerbissimas,

2436 5029 2537 5081 hoc
2569 5037 2670 5092 est,
2731 5027 2970 5094 viperas,
3040 5025 3270 5093 aspides.
3323 5031 3558 5075 cerastes
3606 5036 3669 5075 ac
3715 5021 4005 5081 dracones,

2434 5120 2706 5182 afferrent,
2740 5128 2799 5170 ut
2829 5133 2934 5169 una
2968 5131 3090 5170 cum
3140 5114 3306 5166 Paulo
3353 5122 3406 5165 et
3435 5110 3647 5164 Julian-.1
3694 5111 3750 5163 in
3791 5125 4010 5164 carcere

2432 5212 2907 5265 concluderentur.
2939 5207 3071 5259 Cum
3104 5206 3264 5274 igitur
3287 5204 3427 5258 feras
3447 5205 3777 5261 attulissent,
3813 5218 4009 5270 quem-

2431 5305 2720 5358 admodum
2786 5317 2815 5353 a
2875 5309 3102 5370 tyranno
3143 5299 3279 5369 jussi
3349 5299 3601 5356 fuerant,
3663 5296 3824 5348 simul
3884 5312 4005 5348 cum

2440 5397 2612 5452 Paulo
2639 5406 2690 5448 et
2720 5393 2932 5446 Juliana
2961 5409 3054 5448 eas
3111 5393 3520 5446 concluserunt.
3551 5387 3860 5457 Serpehant
3905 5405 4007 5440 au-

2438 5498 2542 5543 tem
2592 5491 2713 5542 ferm.
2759 5487 2888 5552 ill-.9,
2936 5498 2990 5541 ct
3038 5488 3103 5540 ad
3157 5485 3321 5552 pedes
3367 5483 3652 5535 beatorum
3704 5492 4006 5551 martyrum

2441 5582 2770 5645 assidebant,
2824 5581 3049 5635 intentis
3101 5577 3318 5647 quidem
3367 5576 3540 5629 oculis
3608 5590 3797 5630 eorum
3844 5572 4009 5625 facies

2445 5678 2793 5747 aspicientes,
2842 5676 2935 5732 sed
2973 5672 3108 5728 nihil
3141 5683 3318 5728 tamen
3352 5682 3634 5727 nocentes.
3687 5667 3887 5722 Paulus
3916 5677 4010 5715 au-
