4198 6438
160 411 264 481 581

1070 401 1533 465 MARTYRIUM
1575 399 1680 458 SS.
1721 392 1949 456 PAULl
1994 396 2087 453 ET
2127 393 2478 456 ΙΠΠΑΝέἱί

3334 386 3438 448 589

165 534 279 576 tem
318 533 369 574 et
402 519 614 574 Juliana
673 516 937 573 sedebant
984 515 1300 585 psallentes,
1344 522 1399 565 et
1442 511 1607 564 Deum
1641 507 1754 562 col-
1786 503 1834 563 A
1865 504 2121 574 indignus
2150 521 2211 559 es
2250 516 2299 559 et
2340 501 2585 558 alienus?
2612 499 2779 555 Jussit
2807 498 3133 553 Aurelianus
3163 498 3437 560 Iulianum

166 614 482 669 laudantes.

251 703 394 758 XIV.
428 704 749 758 Manserunt
779 710 960 757 autem
1004 709 1288 769 serpentes
1340 698 1447 751 illa:
1492 706 1602 752 tres
1649 696 1765 750 dies

168 806 230 848 ct
257 808 367 848 tres
389 804 579 848 noctes
605 812 726 847 cum
756 792 1085 863 martyribus
1109 793 1326 845 clans:e.
1362 790 1547 843 Tertio
1582 800 1764 844 autem

168 887 263 940 die
290 888 437 940 misit
458 886 786 939 Aurelianus
810 888 908 938 sub
933 885 1111 939 noctis
1152 893 1389 953 tempus,
1417 894 1477 937 ut
1500 884 1760 945 disceret,

170 992 243 1030 an
279 995 308 1031 a
358 978 708 1047 serpentibus
742 979 1054 1045 consumpti
1088 984 1291 1030 essent.
1328 975 1625 1039 Venerunt,
1674 974 1764 1044 qui

172 1071 332 1123 missi
375 1070 593 1122 fuerant
626 1069 691 1122 ad
733 1085 854 1122 eum
888 1070 1109 1123 locum:
1159 1083 1392 1137 cumque
1440 1069 1503 1120 ad
1544 1069 1763 1135 januam

174 1163 565 1235 accessissent,
611 1176 728 1220 eos,
779 1160 1015 1228 ps:dmos
1063 1169 1323 1213 canentes
1356 1168 1411 1211 et
1451 1158 1618 1212 Deum
1658 1160 1765 1211 lau«

174 1256 396 1315 dantes,
424 1253 772 1305 audiverunt.
805 1250 938 1303 Cum
972 1264 1100 1303 vero
1145 1251 1448 1303 accuratius
1488 1251 1626 1303 seire
1657 1249 1767 1302 vel-

174 1346 312 1409 lent,
340 1360 448 1413 quo
491 1354 645 1411 pacto
684 1359 769 1396 res
806 1358 862 1395 se
916 1343 1158 1403 haberet,
1202 1343 1570 1395 ascenderunt
1607 1343 1657 1394 in
1691 1343 1767 1395 lo-

172 1452 302 1491 cum
356 1438 644 1504 quemdam
702 1435 1063 1501 superiorem.
1119 1432 1273 1486 Unde
1313 1450 1411 1504 per
1473 1434 1763 1487 fenestram

180 1528 471 1596 speculati
514 1528 766 1581 viderunt
817 1525 1040 1580 Paulum
1092 1527 1372 1580 sedentem
1424 1527 1588 1581 simul
1641 1543 1763 1580 cum

178 1634 372 1672 sorore
435 1636 528 1671 sua
573 1618 809 1682 Juliana,
863 1630 915 1672 et
974 1621 1224 1690 angelum
1274 1620 1363 1673 Dei
1426 1630 1658 1674 stantem
1710 1622 1764 1674 in

184 1714 488 1778 οοιιενουιυ
525 1712 782 1774 ferarum,
828 1728 1001 1780 neque
1038 1713 1444 1779 permittentern
1486 1714 1626 1765 feras
1673 1731 1765 1764 ae-

176 1802 400 1856 cedcrc.
432 1801 804 1854 Cucurrcrunt
835 1803 994 1870 iglfttt'
1024 1804 1115 1864 illi,
1148 1814 1197 1854 ct
1234 1802 1523 1853 Aureliano
1555 1804 1760 1858 omnia.

176 1909 303 1961 qua‘
337 1893 605 1956 viderant,
655 1903 995 1945 nuntiarunt.
1050 1894 1296 1946 Surrexit
1328 1894 1649 1947 Anreiianus
1687 1895 1767 1947 di-

180 1985 389 2050 lueulo,
446 1994 499 2037 et
539 1982 677 2034 sedit
735 1998 832 2050 pro
869 1983 1150 2046 tribunali,
1200 1992 1252 2035 et
1287 1983 1451 2050 jussit
1498 1983 1766 2037 veneﬁcus

178 2076 327 2129 feras
362 2090 488 2129 suas
533 2075 678 2128 illinc
709 2088 956 2137 evocare,
1009 2086 1061 2127 et
1098 2085 1365 2145 martyres
1409 2076 1533 2130 duci
1570 2077 1635 2130 ad
1671 2078 1755 2130 tri~

178 2165 371 2218 bunal.
401 2165 767 2217 Accesserunt
796 2165 1017 2217 venefici
1048 2166 1112 2217 ad
1139 2166 1385 2232 januaui,
1420 2176 1472 2220 et
1510 2166 1651 2220 feras
1703 2184 1767 2221 eo

189 2258 378 2319 modo,
422 2272 530 2324 quu
562 2256 829 2315 solebant,
874 2270 1069 2309 vocare
1117 2266 1425 2326 cmperunt.
1475 2257 1608 2311 Cum
1639 2274 1766 2311 vero

196 2350 332 2401 ferm
371 2349 499 2417 ipsa:
562 2348 666 2400 illis
723 2364 830 2402 non
892 2348 1200 2415 obedircnt,
1238 2351 1459 2420 januam
1501 2350 1767 2418 patefece-

182 2450 333 2502 runt,
354 2448 408 2493 et
441 2440 567 2494 fera:
602 2456 711 2495 uno
740 2441 945 2512 impetu
982 2457 1175 2496 omnes
1206 2444 1478 2507 exierunt,
1511 2452 1565 2496 et
1599 2460 1769 2511 quos-

193 2545 415 2599 cunque
478 2531 719 2584 infideles
774 2531 1024 2585 homines
1074 2548 1243 2601 prope
1288 2533 1509 2600 jannam
1540 2534 1768 2586 invene-

188 2633 339 2682 runt,
378 2622 561 2675 statim
604 2621 963 2686 interfecere,
996 2632 1052 2675 et
1080 2624 1146 2676 ad
1186 2622 1401 2678 deserta
1454 2626 1571 2679 loca
1605 2625 1766 2679 aufu-

189 2724 421 2785 gerunt.

264 2804 382 2860 XV.
408 2807 660 2861 Carceris
683 2816 863 2862 autem
892 2808 1147 2863 custodes
1173 2808 1397 2863 Paulum
1421 2820 1473 2864 ct
1499 2809 1765 2865 Julianam

189 2886 259 2953 ad
300 2901 583 2954 Aureliani
637 2900 875 2954 tribunal
923 2902 1217 2958 duxerunt.
1266 2900 1552 2971 Tyrannus
1606 2904 1769 2973 igitur

189 3004 288 3043 eos
324 2991 558 3053 intuens,
597 3006 660 3043 ac
695 2991 880 3045 ridens
914 2991 1200 3054 :Beatum,
1238 2992 1436 3061 inquit,
1479 3010 1565 3047 me
1606 2996 1767 3049 hodie

188 3081 466 3140 existimo,
491 3082 633 3148 quod
674 3092 853 3135 vestra
885 3085 1280 3139 consuetudine
1312 3085 1495 3152 fruor;
1540 3087 1769 3142 fortasse

1870 596 2234 661 Sentoveri,et
2268 596 2496 650 Paulum
2529 593 2745 655 reduci;
2777 592 2861 646 cui
2887 591 3024 645 dixit
3060 632 3072 644 .
3110 592 3213 655 En,
3248 590 3439 655 Paule,

1868 702 2027 741 soror
2084 696 2177 739 tua
2226 685 2481 756 promisit
2531 684 2665 737 milii
2719 699 2777 737 se
2813 684 2916 737 diis
2976 684 3441 746 sacrificaturani',

1866 796 1987 848 quae
2038 779 2244 832 idcirco
2296 779 2425 832 mihi
2465 793 2598 831 uxor
2639 778 2763 839 erit,
2819 777 3092 846 totiusque
3134 778 3284 841 regni
3337 778 3442 830 mei

1867 873 2112 928 domina.
2159 874 2267 928 Fac
2317 875 2482 943 igitur
2525 882 2579 928 et
2616 882 2671 926 tu
2704 874 2847 940 quod
2896 874 3040 935 dico,
3073 883 3127 927 et
3162 874 3310 925 sinas
3347 873 3443 926 tibi

1868 964 2194 1033 persuaderi
2246 972 2304 1017 ut
2327 965 2428 1017 diis
2450 962 2742 1017 sacrifices.
2770 964 2847 1017 Ad
2877 965 2987 1017 haec
3015 963 3249 1018 Paulus:
3278 963 3440 1027 Vere,

1870 1055 2069 1120 inquit,
2126 1055 2393 1107 mentitus
2447 1069 2528 1116 es,
2581 1053 2741 1122 idque
2792 1064 2882 1106 tuo
2932 1054 3073 1106 malo
3115 1074 3126 1119 ;
3163 1056 3257 1108 sed
3306 1055 3443 1108 nihil

1868 1148 2108 1199 alienum
2143 1146 2322 1200 fecisti
2356 1163 2383 1199 a
2421 1146 2593 1214 patris
2628 1148 2702 1198 tui
2745 1146 2948 1198 diaboli
2980 1146 3288 1212 disciplina,
3319 1162 3443 1198 cuni

1869 1237 1919 1288 id
1962 1237 2151 1301 facias,
2190 1239 2334 1306 quod
2395 1238 2482 1290 ille
2544 1239 2719 1291 solet:
2781 1253 2957 1305 neque
3008 1239 3152 1290 enim
3209 1239 3445 1305 aliquem

1871 1330 2159 1397 subripere
2239 1329 2488 1398 potestis,
2544 1329 2649 1381 nisi
2708 1330 2990 1383 mendacia
3058 1331 3441 1395 contingeinlo.

1870 1420 1976 1474 Sed
2011 1426 2209 1475 frustra
2265 1421 2502 1482 laboras,
2559 1436 2792 1489 namque
2835 1436 2935 1473 nos
2984 1436 3089 1472 non
3141 1420 3436 1489 decipies:

1869 1532 1936 1569 ne
1963 1532 2004 1568 sn
2038 1517 2201 1567 totius
2232 1515 2451 1580 quidem
2483 1514 2632 1567 orbis
2659 1524 2929 1566 terrarum
2960 1512 3249 1581 imperium
3281 1512 3441 1565 nobis

1869 1608 2230 1677 pollicercris.
2274 1603 2515 1669 Minime,
2561 1606 2805 1674 inquam,
2874 1621 2974 1659 nos
3037 1604 3440 1658 circumvenire

1870 1703 2097 1770 poteris.

1940 1794 2100 1847 XVll.
2128 1792 2420 1861 Quousque
2460 1791 2699 1855 tandem,
2727 1793 2897 1861 inquit
2928 1792 3276 1856 Aurelianus,
3306 1792 3446 1862 inju-

1875 1886 2006 1936 riain
2039 1886 2196 1937 nobis
2227 1884 2491 1937 facis?.-\n
2518 1900 2626 1935 non
2654 1884 2957 1943 erubescis,
2982 1893 3215 1951 nugator
3235 1894 3290 1937 et.
3310 1883 3445 1936 insi-

1870 1974 2062 2044 piens?
2095 1974 2197 2027 ['er
2215 1976 2348 2027 deos
2373 1977 2520 2043 ipsos
2540 1992 2641 2043 ego
2661 1992 2755 2028 vos
2772 1977 3017 2029 omnium
3052 1991 3309 2045 generum
3333 1985 3445 2027 tor-

1872 2069 2077 2121 mentis
2113 2064 2369 2136 afﬂigant,
2424 2079 2478 2119 et
2516 2081 2679 2119 nemo
2718 2081 2747 2120 e
2782 2066 3032 2119 manibus
3065 2066 3200 2119 meis
3229 2064 3446 2119 auferre

1871 2159 2093 2226 poterit.
2117 2158 2289 2211 Jussit
2316 2158 2477 2227 igitur
2513 2156 2691 2226 ignem
2718 2157 2921 2221 aflerri,
2949 2168 3005 2211 et
3032 2157 3445 2225 quatuordecim

1871 2249 2047 2319 virgas
2076 2249 2300 2312 ferreas,
2324 2264 2525 2317 easque
2558 2250 2612 2301 in
2638 2250 2814 2318 ignem
2840 2251 3130 2319 conjici,et
3172 2250 3326 2302 valde
3357 2245 3446 2302 ac-

1870 2345 2026 2397 cendi
2051 2362 2063 2405 ;
2090 2353 2202 2397 tum
2224 2344 2374 2397 Pauli
2398 2360 2591 2397 manus
2609 2356 2663 2398 et
2709 2346 2871 2413 pedes
2898 2346 3076 2414 ligari,
3100 2345 3446 2415 ferreumque

1871 2448 2083 2493 vectem
2136 2437 2274 2490 inter
2310 2455 2504 2491 manus
2542 2447 2596 2492 et
2629 2438 2797 2506 pedes
2840 2438 3012 2507 injici,
3052 2448 3104 2491 et
3148 2441 3199 2491 in
3245 2450 3446 2492 terram

1881 2531 2062 2600 dPﬁfi,
2096 2546 2158 2583 ac
2196 2530 2274 2584 sic
2307 2532 2472 2600 virgis
2504 2532 2685 2601 ignitis
2724 2533 2867 2585 binis
2900 2548 2996 2601 per
3030 2532 3174 2585 vices
3217 2532 3445 2586 Paulum

1872 2623 2108 2691 percuti,
2163 2622 2432 2675 Julianam
2492 2639 2621 2677 vero
2676 2624 2839 2693 jussit
2897 2625 2951 2676 in
3003 2624 3252 2693 lupanari
3309 2640 3447 2678 con-

1870 2714 2041 2766 stitui.
2070 2714 2258 2776 Itaque
2292 2715 2441 2765 multi
2470 2729 2499 2765 e
2532 2714 2686 2767 turba
2720 2716 2829 2780 illa,
2863 2732 2982 2783 qua:
3030 2717 3441 2781 circumstabat,

1874 2805 2088 2859 scelesti
2124 2816 2176 2858 et
2205 2806 2401 2858 nefarii
2432 2806 2705 2871 homines,
2730 2808 2979 2861 certatim
3011 2808 3442 2873 contendebant,

1870 2896 1993 2964 quis
2020 2897 2086 2949 ad
2109 2911 2225 2949 eam
2256 2898 2464 2965 primus
2490 2898 2889 2966 ingrederetur.
2924 2900 3091 2953 lirant
3117 2900 3261 2953 enim
3297 2902 3450 2956 velut

1871 2989 1995 3056 equi
2056 2989 2391 3050 hinnientes,
2439 2990 2556 3059 cjns
2588 2990 2779 3058 puellae
2808 2990 2981 3043 forma
3033 2992 3267 3046 incitati.
3306 2992 3442 3047 Cum

1871 3097 2000 3135 vero
2042 3081 2095 3133 in
2130 3096 2196 3134 eo
2226 3080 2361 3140 loco,
2398 3081 2451 3133 in
2481 3096 2588 3149 quo
2629 3081 2958 3134 Aurelianus
2991 3083 3254 3149 jusserat,
3307 3099 3440 3136 eon-

189 3174 339 3226 cnim
375 3188 627 3242 magnum
657 3173 859 3242 aliquid
900 3189 931 3226 a
963 3175 1116 3228 vobis
1160 3177 1516 3240 lucrifaciam,
1570 3187 1623 3231 et
1673 3195 1767 3246 per
1793 3187 1836 3248 (ζ
1872 3175 2059 3227 stituta
2087 3184 2255 3235 esset,
2304 3173 2486 3226 statim
2521 3174 2745 3243 angelus
2796 3173 3007 3229 Domini
3048 3175 3332 3229 descendit
3384 3177 3447 3230 de

189 3265 324 3320 deos
365 3265 530 3332 ipsos,
572 3266 618 3318 si
671 3265 890 3333 quidem
920 3265 1051 3318 mihi
1083 3282 1269 3320 verum
1300 3268 1570 3333 dixeritis,
1596 3271 1766 3322 multa

188 3366 245 3408 et
274 3370 465 3424 magna
494 3355 634 3409 dona
667 3371 696 3408 a
732 3371 818 3410 me
854 3357 1195 3427 percipietis,
1242 3371 1297 3413 et
1337 3361 1487 3430 regni
1533 3360 1637 3415 mei
1670 3376 1768 3431 po-

191 3454 361 3500 testas
387 3462 553 3513 pcnes
580 3450 675 3500 ves
698 3446 821 3502 erit.
853 3447 1108 3516 Nunquid
1142 3466 1237 3503 vos
1266 3451 1427 3504 deum
1461 3451 1768 3521 Apollinem

191 3547 547 3607 prmsentem,
604 3547 661 3590 et
720 3539 877 3591 vobis
935 3541 1320 3607 Opitulantcm,
1382 3552 1439 3595 ut
1506 3546 1686 3598 audivi
1739 3562 1767 3598 a

190 3628 515 3696 quibusdam
565 3628 1022 3696 speculatoribus,
1097 3632 1346 3688 vidistis?
1400 3633 1531 3701 Nos,
1595 3636 1771 3706 inquit

194 3718 416 3782 Paulus,
447 3719 654 3773 nullum
686 3719 993 3793 Apollinem
1020 3725 1396 3793 cognovimus,
1426 3744 1549 3782 nam
1580 3746 1771 3785 sumus

192 3823 261 3863 ex
295 3824 485 3862 eorum
517 3824 769 3874 numero,
798 3812 999 3879 quibus
1026 3813 1165 3866 Deus
1192 3816 1421 3869 salutem
1449 3818 1622 3871 dedit.
1654 3819 1767 3874 Tua

192 3916 326 3956 vero
371 3901 551 3953 anima
601 3901 668 3954 ad
720 3914 954 3956 mortem
1009 3916 1180 3975 usque
1227 3908 1441 3975 perdita
1489 3919 1592 3965 est.
1648 3912 1767 3965 Non

191 3990 341 4043 enim
375 3989 543 4057 sapis,
571 4003 748 4058 neque
778 3993 1103 4059 resipiscere
1134 3996 1213 4049 vis
1239 4014 1251 4059 ;
1276 3999 1407 4066 quin
1440 3998 1769 4057 imomultus

194 4077 500 4147 tyrannidis
535 4087 637 4131 tua:
669 4078 821 4131 furor
853 4080 919 4131 ad
956 4081 1353 4149 blasphemiam
1395 4096 1444 4138 te
1475 4094 1766 4156 convertit,

196 4170 404 4237 quippe
453 4169 544 4236 qui
576 4168 853 4239 angelum,
909 4185 1070 4239 quem
1128 4172 1278 4226 misit
1318 4172 1576 4231 Dominus
1612 4178 1770 4234 Jesus

190 4258 450 4315 Christus
511 4260 579 4315 ad
631 4262 938 4317 obturanda
985 4280 1081 4318 ora
1130 4276 1470 4335 serpentum,
1512 4287 1631 4340 quae
1678 4282 1768 4327 tua

192 4363 280 4407 est
314 4352 625 4422 arrogantia
654 4363 709 4406 et
738 4355 1042 4419 temeritas,
1070 4358 1374 4425 Apollinem
1406 4359 1579 4415 fuisse
1608 4365 1766 4420 dicis.

194 4442 356 4499 Tunc
417 4445 590 4499 iratus
638 4447 983 4511 Aurelianus,
1049 4448 1215 4515 jussit
1271 4450 1541 4517 plumbeis
1597 4457 1769 4523 globis

194 4538 351 4593 Pauli
400 4537 648 4591 maxillas
704 4538 991 4601 contundi,
1041 4548 1205 4607 atque
1252 4542 1326 4594 illi
1356 4543 1462 4598 dici

200 4628 538 4697 insipienter
583 4636 638 4681 et
692 4638 1013 4700 arroganter
1056 4630 1317 4700 loquaris,
1367 4649 1490 4690 cum
1532 4639 1671 4693 scias
1718 4649 1771 4695 te

194 4722 520 4791 imperatori
552 4721 835 4776 assistere.

268 4815 413 4869 XVI.
459 4814 638 4869 Jussit
687 4826 875 4883 postea
904 4830 934 4869 e
984 4817 1241 4887 tribunali
1285 4819 1511 4875 Paulum
1550 4824 1766 4889 abduci,

192 4918 253 4963 et
297 4905 571 4960 Julianam
622 4905 742 4975 ejus
782 4920 1029 4961 sororem
1076 4926 1260 4964 coram
1303 4914 1442 4975 sisti,
1475 4932 1637 4983 quam
1689 4916 1774 4971 his

196 4998 390 5054 verbis
418 5010 707 5067 aggressus
747 5008 829 5052 est
860 5014 873 5051 :
911 4995 1127 5063 Quaeso,
1155 5002 1353 5057 animae
1388 5018 1522 5057 mea:
1551 5005 1772 5061 domina

194 5089 438 5155 Iuliana,
471 5105 677 5159 qureso,
705 5091 948 5159 inquam,
977 5104 1032 5146 et
1059 5101 1109 5147 te
1136 5092 1344 5155 hortor,
1375 5111 1443 5149 ne
1472 5095 1653 5151 fratris
1690 5099 1764 5151 tui

195 5187 476 5243 insaniam
530 5182 782 5237 imiteris.
838 5181 1012 5238 Video
1077 5194 1129 5239 te
1180 5185 1411 5255 puellam
1463 5190 1774 5256 prudentis-

196 5278 419 5337 simam,
448 5273 617 5327 multa
648 5272 913 5342 sapientia
962 5273 1244 5328 refertam.
1280 5276 1605 5346 Obternpera
1643 5296 1773 5335 eun-

195 5370 341 5426 siliis
371 5365 530 5429 meis,
562 5377 617 5419 et
646 5365 928 5419 columnas
951 5381 1146 5420 aureas
1178 5381 1276 5435 per
1305 5378 1475 5422 totum
1505 5379 1770 5424 terrarum

196 5463 418 5524 orbem,
469 5467 561 5512 tuo
593 5457 816 5511 nomine
852 5456 1172 5527 inscriptas,
1225 5458 1456 5528 erigant.
1495 5460 1649 5515 Tune
1699 5464 1772 5517 illi

193 5555 419 5611 Juliana
460 5568 473 5607 :
515 5549 755 5613 Minime,
790 5550 989 5619 inquit,
1040 5567 1126 5605 me
1173 5552 1435 5622 decipies,
1484 5556 1774 5610 Aureliane

197 5661 434 5720 tyranne
466 5655 522 5700 et
561 5642 749 5713 impie.
782 5642 900 5697 Non
946 5644 1343 5699 circumvenies
1376 5646 1469 5700 Dei
1521 5648 1774 5709 altissimi

200 5753 442 5797 servam.
479 5737 557 5791 Ne
600 5733 731 5789 mihi
765 5743 1023 5788 aeternam
1061 5746 1289 5790 mortem
1325 5752 1601 5809 suggeras.
1648 5739 1772 5795 Vis-

198 5850 270 5889 ne
304 5846 391 5888 me
422 5829 636 5900 privare
672 5826 763 5885 Dei
795 5825 960 5897 gloria
996 5835 1049 5884 et
1080 5829 1288 5885 caelesti
1330 5846 1516 5903 regno,
1556 5849 1662 5903 quo
1703 5846 1761 5889 tu

1875 3264 2039 3325 cmlo,
2094 3274 2148 3316 et
2202 3264 2337 3317 dixit
2399 3283 2411 3317 :
2466 3264 2543 3317 Ne
2616 3266 2838 3329 timeas,
2882 3264 3129 3328 Juliana;
3188 3267 3449 3321 Dominus

1872 3354 2019 3409 enim
2052 3354 2213 3407 Jesus
2237 3355 2516 3416 Christus,
2543 3372 2706 3424 quem
2741 3366 2797 3409 tu
2830 3358 2983 3421 colis,
3010 3359 3157 3413 misit
3186 3376 3293 3418 me,
3318 3368 3375 3411 ut
3398 3370 3449 3413 te

1873 3453 2177 3519 protegam,
2207 3455 2263 3499 et
2305 3455 2556 3499 sanctum
2611 3461 2808 3499 nomen
2844 3448 2965 3516 ejus
3007 3459 3197 3501 notam
3250 3450 3445 3506 faciam

1873 3538 2127 3590 omnibus
2157 3537 2477 3591 timentibus
2516 3553 2663 3591 eum.
2702 3538 2835 3591 Cum
2876 3555 3001 3592 vero
3040 3540 3195 3592 multi
3246 3542 3310 3593 ad
3348 3543 3451 3593 vir-

1874 3629 2057 3698 ginem
2078 3630 2427 3693 accederent,
2450 3640 2504 3681 et
2523 3630 2642 3698 ejus
2663 3631 3066 3700 pulchritudine
3100 3632 3200 3685 frui
3228 3636 3449 3699 vellent,

1874 3720 2101 3791 angelus
2135 3716 2376 3774 excussit
2420 3736 2450 3773 e
2503 3723 2731 3790 pedibus
2778 3724 2889 3775 suis
2941 3726 3237 3790 pulverem,
3288 3736 3341 3777 et
3395 3727 3446 3779 in

1873 3827 2060 3865 eorum
2096 3813 2286 3863 oculos
2320 3812 2527 3880 injecit,
2567 3813 2638 3866 ita
2664 3823 2722 3866 ut
2747 3829 2840 3866 eos
2865 3820 3170 3869 t'XCK’Cal‘tl.
3203 3816 3454 3887 Quapro-

1873 3911 1996 3972 pter
2030 3917 2205 3970 neque
2240 3903 2475 3969 amplius
2505 3906 2823 3965 cernebant,
2856 3907 2946 3959 ubi
2975 3917 3179 3969 essent,
3216 3918 3307 3961 aut
3338 3904 3448 3977 quo

1876 3994 2038 4059 irent,
2069 4009 2245 4062 neque
2299 3993 2365 4047 ad
2412 3992 2557 4046 illam
2606 3995 2868 4046 accedere
2908 4007 3178 4059 poterant.
3217 3999 3272 4049 Id
3319 4016 3444 4053 cum

1874 4084 2047 4137 turba:
2087 4085 2367 4145 vidissent,
2396 4086 2538 4152 quod
2576 4084 2967 4138 admirabiliter
3012 4086 3210 4140 factum
3248 4087 3448 4153 fuerat,

1874 4190 1987 4228 uno
2008 4175 2187 4227 animo
2212 4175 2523 4227 clamabant
2552 4195 2560 4226 :
2588 4175 2813 4242 Magnus
2835 4186 2918 4229 est
2952 4178 3091 4229 Deus
3112 4176 3255 4231 Pauli
3282 4190 3332 4233 et
3354 4179 3452 4234 Ju-

1872 4264 2052 4325 liante,
2086 4264 2179 4333 qui
2213 4263 2413 4331 ubique
2446 4278 2542 4317 eos
2576 4276 2753 4316 servat
2790 4273 2844 4315 et
2883 4270 3135 4334 protegit,
3169 4270 3256 4335 qui
3296 4268 3446 4323 illum

1877 4359 2101 4413 timent.
2133 4357 2235 4422 Qui
2271 4366 2453 4410 autem
2487 4357 2738 4411 excalcati
2774 4356 3006 4418 fuerant,
3040 4356 3189 4411 flexis
3222 4361 3450 4427 genibus

1876 4450 2146 4519 Supplices
2169 4452 2289 4519 ejus
2309 4464 2469 4517 opem
2495 4449 2887 4517 implorabant,
2906 4451 3185 4504 dicentes:
3212 4451 3449 4518 Juliana,

1509 4564 1524 4600 :
1570 4547 1647 4601 Ne
1695 4552 1769 4603 ita
1800 4550 1849 4608 D
1879 4563 2031 4599 serva
2068 4545 2163 4597 Dei
2195 4545 2469 4604 altissimi,
2507 4544 2859 4613 peccavimus
2894 4545 3113 4613 quidem
3147 4556 3334 4599 contra
3373 4555 3447 4608 te,

1874 4652 1997 4689 cum
2043 4636 2208 4689 stulte
2253 4646 2419 4703 atque
2467 4635 2789 4704 insipienter
2821 4653 2920 4688 nos
2962 4638 3321 4703 gesserimus;
3354 4639 3448 4691 sed

1876 4740 1933 4783 tu
1984 4730 2075 4795 da,
2116 4743 2453 4799 QllﬂlSIImllS,
2506 4728 2664 4782 nobis
2714 4727 2948 4789 veniam,
2998 4737 3055 4780 ut
3107 4727 3198 4781 Dei
3252 4744 3445 4783 serva:

1874 4832 1928 4875 et
1953 4836 2175 4890 precare
2196 4821 2472 4874 Christum
2505 4831 2678 4877 tuum,
2706 4830 2763 4873 ut
2786 4820 2943 4874 nobis
2978 4820 3149 4875 visum
3175 4822 3445 4876 restituat.

1875 4913 2077 4968 Eorum
2136 4912 2511 4965 misericordia
2558 4924 2827 4966 commota
2876 4914 3108 4975 Juliana,
3169 4915 3445 4981 paululum

1883 5020 2037 5073 aqua:
2078 5004 2290 5071 accepit
2323 5019 2335 5054 :
2373 5013 2577 5057 etcum
2605 5010 2789 5057 oculos
2830 5004 2882 5054 in
2910 5004 3103 5056 ccelum
3148 5003 3444 5067 extulisset,

1877 5097 2046 5151 Deum
2081 5095 2379 5158 invocavit,
2405 5096 2475 5147 ita
2504 5096 2691 5148 dicens
2720 5110 2733 5147 :
2761 5092 2990 5148 Domine
3016 5093 3143 5148 Jesu
3210 5095 3444 5159 Christe,

1873 5201 2063 5246 auctor
2093 5191 2338 5244 omnium
2380 5190 2591 5246 salutis,
2624 5190 2820 5243 exaudi
2855 5204 2961 5251 me,
3009 5198 3062 5241 et
3106 5203 3251 5241 nunc
3282 5190 3446 5241 etiam

1876 5285 2103 5338 ostende
2142 5283 2409 5336 miracula
2486 5293 2539 5335 et
2589 5283 2835 5352 prodigia
2882 5297 3002 5350 quae
3053 5281 3184 5336 facis
3230 5294 3450 5351 propter

1876 5390 1977 5429 nus
2008 5374 2147 5427 filios
2181 5375 2489 5427 hominum.
2527 5372 2775 5426 Restitue
2824 5372 2908 5425 bis
2957 5373 3087 5426 viris
3135 5373 3446 5426 facultatem

1877 5466 2119 5529 videndi,
2156 5476 2216 5519 ut
2246 5476 2496 5520 sanctum
2523 5476 2577 5520 et
2604 5465 2898 5535 gloriosum
2939 5481 3136 5519 nomen
3175 5476 3323 5518 tuum
3357 5481 3451 5519 cc-

1880 5560 2143 5613 lebrelur.
2194 5557 2317 5613 Hmc
2362 5573 2485 5612 cum
2532 5557 2781 5621 dixisset,
2821 5573 3015 5626 aquam
3052 5572 3217 5626 supra
3263 5561 3447 5611 turbas

1879 5652 1998 5706 illas
2032 5651 2248 5714 infudit,
2296 5660 2352 5704 et
2378 5665 2591 5715 omnes,
2626 5650 2717 5717 qui
2772 5650 3029 5704 excaecati
3080 5649 3317 5711 fuerant,
3364 5651 3448 5702 vi-

1880 5758 1999 5797 sum
2038 5751 2385 5812 receperunt.
2455 5742 2591 5795 Tum
2641 5743 2718 5797 illi
2782 5743 2850 5796 ad
2909 5752 3106 5797 terram
3164 5743 3445 5811 prostrati.

1881 5833 2081 5904 gratias
2115 5832 2226 5890 Deo
2264 5831 2582 5899 reddebant,
2619 5832 2993 5904 paenitentiam
3023 5834 3450 5907 agentes.Cum-
