4198 6438
756 396 857 459 583

2021 386 2308 446 MENSIS
2351 388 2389 443 A
2406 388 2781 448 UGUSTUS.

3912 387 4029 451 584

756 517 864 571 que
921 509 1140 571 peccata
1183 514 1280 555 sua
1331 498 1571 553 confessi
1611 509 1815 566 essent,
1847 493 2149 552 Christiani
2198 492 2330 547 facti
2366 500 2405 554 Α
2440 495 2561 551 Haec
2592 513 2715 551 cum
2766 508 3035 569 martyres
3070 510 3453 567 precarentur,
3488 498 3641 554 multi
3678 514 3741 553 ex
3789 493 4032 563 Graecis,

761 603 907 647 sunt.

829 679 1018 734 XVIII.
1090 678 1291 733 Paulus
1351 695 1501 740 vero,
1550 679 1616 732 de
1668 696 1776 748 quo
1828 681 2161 747 dicrbatnus,
2213 697 2337 735 cum

757 786 786 824 a
815 769 1167 823 carniﬁcibus
1201 770 1567 833 cruciaretur,
1596 769 1762 838 virgis
1784 770 1889 823 illis
1916 771 2108 825 ferreis
2133 772 2339 825 diutius

765 876 1064 931 percussus
1117 860 1542 925 vociferabatur,
1592 860 1705 914 haec
1761 862 1950 915 dicens
1999 883 2010 916 :
2050 864 2339 917 Aureliano

763 964 989 1023 tyranne
1016 958 1070 1007 et
1111 952 1339 1015 nefarie,
1386 952 1645 1019 quidnam
1697 954 1823 1005 mali
1859 956 2127 1016 commisi,
2165 965 2225 1008 ut
2264 956 2340 1008 sic

759 1048 1051 1100 crudeliter
1078 1055 1131 1098 et
1160 1046 1323 1113 impie
1356 1058 1438 1097 me
1465 1045 1717 1099 crucies?
1756 1044 1949 1098 Verum
1984 1062 2069 1099 me
2117 1047 2337 1115 quidem

762 1156 789 1193 a
810 1139 1097 1192 tormentis
1124 1138 1385 1191 Dominus
1411 1151 1566 1192 meus
1591 1138 1747 1192 Jesus
1771 1138 2025 1193 Christus
2051 1140 2294 1195 sublevat
2323 1156 2339 1195 :

767 1238 815 1283 te
849 1246 978 1283 vero
1031 1239 1216 1282 manet.
1264 1230 1552 1283 hiereditas
1600 1231 1791 1285 aeterni
1845 1231 1991 1284 illius
2041 1231 2202 1301 ignis,
2247 1233 2338 1299 qui

764 1331 986 1391 paratus
1018 1332 1103 1375 est
1140 1322 1260 1387 tibi,
1295 1333 1348 1376 et
1379 1323 1594 1376 diabolo
1627 1324 1741 1376 htec
1773 1324 2036 1377 adversus
2066 1340 2167 1378 nos
2215 1339 2340 1393 sug-

762 1416 994 1486 gerenti.
1034 1416 1100 1469 Et
1135 1416 1377 1479 ubinam,
1423 1416 1603 1484 inquit
1642 1416 1988 1477 Aurelianus,
2028 1416 2215 1477 Paule,
2260 1422 2343 1469 est

762 1506 974 1559 Juliana
1021 1522 1177 1559 soror
1219 1516 1329 1569 tua,
1362 1522 1525 1574 quam
1568 1506 1648 1559 ais
1692 1521 1813 1559 esse
1852 1516 2249 1575 temperantem
2291 1516 2343 1559 et

767 1598 1073 1666 virginem?
1103 1597 1178 1648 Eu
1214 1597 1299 1648 illa
1327 1598 1392 1649 ad
1425 1598 1654 1669 lupanar
1684 1595 1848 1648 ducta
1876 1605 1978 1649 est.
2015 1595 2152 1649 Num
2187 1606 2343 1665 putas

765 1690 947 1742 adhuc
971 1701 1091 1741 esse
1123 1690 1423 1757 virginem?
1448 1689 1525 1741 Ad
1555 1689 1669 1741 haec
1695 1689 1895 1741 Paulus
1921 1705 1935 1743 ε
1968 1686 2114 1749 Scio,
2147 1689 2342 1755 inquit,

765 1781 915 1835 illum
948 1782 1124 1849 ipsum
1159 1781 1350 1846 Deum,
1384 1781 1472 1849 qui
1508 1796 1728 1852 semper
1760 1797 1786 1834 a
1829 1782 1937 1834 tuis
1969 1781 2152 1848 pravis
2187 1778 2339 1845 cogi-

768 1870 1066 1922 tationibus
1110 1887 1196 1923 me
1231 1871 1502 1932 liberavit,
1538 1870 1747 1923 sororis
1787 1870 1949 1921 etiam
1980 1885 2111 1921 mea:
2142 1884 2342 1937 propu-

767 1972 1051 2033 gnatorem
1110 1962 1299 2026 fuisse,
1342 1971 1397 2015 et
1438 1962 1700 2018 intactam
1744 1962 1813 2014 ab
1856 1962 2005 2015 omni
2044 1962 2165 2015 labe
2206 1976 2342 2014 cou-

766 2070 1032 2109 servasse.
1064 2055 1205 2110 Misit
1230 2056 1374 2108 enim
1407 2056 1661 2126 angelum
1693 2072 1850 2110 suum
1884 2073 1912 2110 e
1942 2056 2102 2121 creto,
2135 2064 2194 2107 ut
2223 2070 2341 2108 eam

765 2147 1083 2200 custodiret.
1122 2146 1196 2197 En
1247 2157 1302 2197 ut
1337 2148 1455 2199 sine
1487 2146 1723 2208 macula,
1754 2156 1809 2198 et
1838 2146 2213 2215 virginitatem
2244 2160 2345 2215 pu-

767 2256 878 2293 ram
904 2242 1130 2299 habens,
1158 2239 1468 2301 revertitur,
1496 2247 1553 2291 ttt
1580 2239 1759 2292 videat
1780 2239 1996 2291 vincula
2022 2254 2163 2292 mea.
2186 2237 2347 2293 Mise-

765 2334 1007 2386 ratenim
1031 2333 1378 2396 Aurelianus,
1410 2343 1465 2384 ut
1488 2332 1701 2385 Iuliana
1727 2333 2047 2387 duceretur.
2070 2333 2201 2396 Qua!
2220 2345 2343 2385 cum

768 2430 1005 2479 venisset
1032 2426 1098 2477 ad
1125 2425 1386 2487 tribunal,
1407 2434 1461 2478 et
1483 2425 1685 2478 Paulus
1721 2440 1838 2479 eam
1876 2426 2135 2488 vidisset,
2179 2426 2347 2478 multo

768 2517 965 2587 gaudio
990 2517 1189 2591 plenus
1216 2516 1354 2570 risit.
1397 2517 1725 2570 Aurelianus
1752 2532 1918 2570 vero:
1952 2516 2112 2580 Num,
2150 2517 2344 2585 inQuit,

767 2608 1009 2675 Iuliana,
1057 2618 1328 2662 amatores
1350 2609 1425 2661 tui
1446 2608 1959 2677 pulchritudinetua
1975 2608 2154 2660 satiati
2189 2607 2348 2660 sunt?

769 2703 837 2755 At
856 2702 941 2754 illa
962 2703 1130 2754 dixit:
1158 2702 1267 2753 Mea
1287 2701 1659 2769 pulchritudo,
1677 2717 1854 2755 meum
1877 2711 2257 2756 ornamentum
2291 2709 2346 2754 et

770 2795 938 2847 decus
960 2794 1219 2846 Christus
1242 2801 1339 2855 cst,
1372 2792 1464 2861 qui
1502 2792 1655 2846 misit
1692 2794 1944 2863 angelum
1965 2809 2149 2857 suum,
2177 2803 2229 2846 et
2263 2808 2348 2845 me

771 2885 1037 2953 abjectam
1057 2895 1218 2953 atque
1246 2885 1508 2937 humilem
1552 2900 1767 2937 servam
1793 2887 2027 2953 protexit
2055 2886 2346 2952 :quOniam

772 2974 932 3032 ﬁdem
966 2986 1018 3027 et
1046 2988 1195 3042 spem
1234 2992 1407 3028 meam
1445 2976 1497 3028 in
1534 2976 1624 3029 illo
1661 2977 1822 3030 ﬁxam
1864 2977 2063 3029 habeo.
2103 2976 2349 3045 Quaproo

771 3076 893 3135 pter
923 3068 1124 3136 gratias
1169 3068 1243 3120 illi
1278 3084 1397 3138 ago,
1435 3078 1491 3122 et
1523 3079 1777 3122 sanctum
1826 3070 1943 3138 ejus
1978 3082 2179 3121 nomen
2230 3068 2346 3122 col-

2372 1839 2419 1897 B

2444 587 2534 642 Dei
2584 591 2880 658 potentiam
2931 590 3391 659 contemplantes,
3447 591 3627 645 animo
3680 591 4033 659 cotnpuncti.

2443 680 2510 732 ab
2566 680 2832 733 idolorum
2890 681 3281 751 superstitione
3353 680 3691 742 defecerunt,
3727 690 3782 735 et
3816 679 4032 734 Christi

2446 772 2605 826 ﬁdem
2641 773 2811 827 secuti
2846 782 3001 837 sunt;
3044 772 3200 825 multi
3240 773 3404 825 etiam
3455 771 3757 834 carniﬁces,
3804 774 3900 839 qui
3934 786 4034 823 eos

2444 867 2893 930 verberaverant,
2934 881 3055 920 cum
3110 864 3203 917 Dei
3262 873 3409 918 tanta
3469 864 3521 915 in
3591 863 3709 915 illos
3760 862 4030 916 beneficia

2444 960 2639 1013 collata
2681 960 2965 1023 vidissent,
3028 967 3239 1013 mutato
3318 957 3570 1019 consilio,
3616 955 3823 1009 Christi
3867 954 4030 1008 ﬁdem

2446 1051 2683 1119 amplexi
2722 1059 2871 1103 sunt.

2516 1144 2631 1197 XX.
2673 1144 2884 1197 Perlata
2922 1158 3051 1195 vero
3085 1152 3213 1196 sunt
3251 1141 3369 1195 haec
3410 1140 3602 1193 omnia
3663 1138 3727 1191 ad
3779 1136 4029 1190 Aurelia-

2444 1253 2599 1297 num,
2624 1236 2921 1305 quijussit,
2945 1234 3065 1286 illos
3088 1235 3159 1286 ita
3185 1244 3239 1284 ut
3263 1241 3441 1295 erant,
3467 1233 3518 1284 in
3564 1230 3718 1284 fovea
3744 1230 4026 1295 lapidibus

2446 1325 2623 1380 obrui.
2656 1326 2757 1378 Sed
2786 1339 2921 1378 ecce
2948 1333 3173 1391 repente.
3198 1322 3421 1375 tonitrui
3448 1322 3658 1376 sonitus
3683 1336 3811 1373 cum
3841 1319 4028 1371 multis

2447 1417 2779 1487 fulguribus,
2828 1425 2882 1467 et
2920 1417 3092 1467 nubes
3140 1413 3246 1467 huc
3301 1422 3467 1481 atque
3514 1414 3639 1465 illuc
3687 1413 3929 1482 agitatae,
3980 1420 4033 1462 et

2450 1511 2588 1580 ignis
2625 1509 2813 1576 plenae,
2858 1522 3029 1575 usque
3080 1506 3146 1558 ad
3203 1505 3479 1558 Aureliani
3528 1516 3892 1571 COIISpL‘ClUIll
3937 1504 4033 1555 de-

2450 1609 2742 1662 venerunt,
2795 1611 2848 1651 ct
2874 1600 3053 1667 ignem
3118 1597 3270 1649 illum
3332 1596 3384 1646 in
3428 1606 3630 1647 terram
3688 1594 4032 1653 eﬂ'uderunt,

2450 1710 2666 1767 voxque
2702 1694 2815 1745 haec
2870 1708 2898 1743 e
2932 1690 3070 1743 etclo
3123 1688 3189 1740 ad
3242 1704 3365 1740 eum
3405 1688 3642 1740 demissa
3686 1697 3770 1738 est
3810 1706 3821 1739 :
3856 1692 4037 1740 Aure-

2451 1788 2618 1849 liaue,
2651 1784 2937 1853 ingredere
2978 1782 3035 1834 in
3065 1781 3317 1849 abyssum
3350 1780 3616 1847 gehennae
3657 1778 3825 1846 ignis,
3876 1794 4037 1845 para-

2450 1892 2555 1935 tam
2586 1879 2681 1933 tibi
2706 1888 2759 1931 et
2784 1875 2922 1947 patri
2955 1884 3045 1929 tuo
3068 1873 3286 1927 diabolo
3354 1872 3477 1925 Ha‘c
3500 1886 3623 1924 cum
3651 1870 3796 1923 facta
3826 1880 4036 1930 essent,

2449 1974 2601 2027 misit
2632 1970 2985 2031 Aurelianus,
3019 1976 3069 2021 et
3092 1966 3259 2036 jussit
3293 1965 3531 2019 athletas
3559 1962 3842 2017 etChristi
3892 1976 4038 2013 mar-

2449 2076 2592 2136 tyres
2623 2081 2686 2117 ex
2720 2063 2874 2116 fovea
2910 2062 2998 2114 illa
3027 2062 3268 2122 extrahi,
3307 2068 3361 2112 et
3394 2058 3448 2111 in
3485 2072 3767 2111 carcerem
3808 2054 4039 2120 conjici.

2450 2158 2641 2229 Itaque
2694 2155 2865 2209 sancti
2926 2162 3189 2221 martyres
3227 2152 3317 2204 Dei
3357 2150 3585 2220 gloriam
3636 2147 3938 2203 laudabant
3987 2146 4040 2197 in

2449 2250 2707 2303 omnibus
2764 2247 2871 2309 his,
2923 2260 3043 2316 qum
3102 2244 3243 2295 Deus
3277 2243 3393 2310 ipse
3435 2239 3762 2293 mirabiliter
3818 2238 4041 2289 illorum

2450 2357 2615 2396 causa
2651 2341 2877 2393 fecerat.
2916 2336 3165 2405 Septimo
3200 2334 3288 2387 die
3338 2341 3527 2401 postea
3574 2330 3817 2385 diluculo
3859 2333 4044 2381 Aure-

2449 2436 2631 2489 lianus
2662 2432 2802 2486 sedit
2832 2431 2885 2483 in
2912 2429 3192 2490 tribunali,
3225 2438 3278 2481 et
3301 2426 3466 2498 jussit
3490 2426 3809 2481 sacerdotes
3845 2423 4045 2478 aﬂ‘errc

2452 2537 2805 2599 quotcunque
2826 2524 2963 2578 idola
2989 2525 3263 2577 habebant
3280 2532 3507 2593 argento
3530 2531 3581 2575 et
3602 2536 3733 2573 auro
3764 2519 4041 2571 coniecta.

2451 2640 2513 2678 ac
2545 2621 2799 2691 pretiosis
2828 2619 3100 2688 lapidibus
3141 2626 3356 2669 ornata.
3408 2616 3540 2679 Quae
3587 2611 3907 2665 sacerdotes
3944 2608 4042 2674 ipsi

2453 2727 2575 2766 mox
2633 2711 2685 2761 in
2744 2717 3042 2775 conspectu
3098 2703 3378 2757 Aureliani
3443 2702 3878 2761 constituerunt,
3918 2709 4042 2753 cum

2453 2801 2779 2855 stravissent
2824 2797 2926 2849 sub
2980 2796 3099 2864 ejus
3142 2794 3370 2862 pedibus
3431 2807 3723 2861 purpuram
3782 2791 4043 2858 regalem.

2454 2892 2591 2945 Tum
2633 2889 2997 2943 Aurelianus:
3031 2884 3250 2950 Vocate,
3289 2885 3482 2953 inquit,
3518 2882 3746 2936 Paulum
3780 2894 3833 2934 et
3869 2880 4042 2933 Julia-

2453 2999 2603 3041 nam.
2636 2975 2784 3046 Quos
2815 2995 2938 3035 eum
2963 2979 3192 3033 vidisset
3223 2988 3350 3032 ante
3379 2977 3617 3031 tribunal
3647 2976 4041 3035 consistentes,

2453 3080 2636 3132 animo
2672 3088 2725 3129 et
2752 3074 2900 3127 vultu
2943 3072 3101 3126 valde
3133 3070 3272 3124 irato
3302 3070 3407 3122 illis
3440 3068 3703 3130 minatus,
3739 3066 3880 3118 dixit
3916 3083 3928 3118 :
3968 3063 4040 3115 lte

772 3160 955 3222 laudo,
986 3160 1133 3231 quod
1168 3163 1285 3231 ipse
1339 3172 1443 3225 est,
1480 3163 1571 3230 qui
1607 3161 1735 3214 facit
1784 3162 2057 3215 mirabilia
2112 3162 2259 3215 solus
2301 3163 2344 3225 ‘,

2456 3185 2629 3231 nunc,
2662 3178 2715 3221 et
2740 3166 2844 3220 diis
2890 3164 3223 3225 sacriﬁcate;
3274 3162 3442 3215 nolim
3488 3162 3635 3214 enim
3685 3156 4039 3215 existimetis,

772 3258 961 3305 etnon
998 3263 1081 3305 est
1109 3253 1249 3305 alios
1280 3252 1422 3305 Deus
1452 3256 1649 3321 prater
1683 3255 1880 3323 ipsum.

846 3344 985 3398 XIX.
1020 3343 1195 3398 Iussit
1220 3346 1481 3416 deinceps
1512 3348 1841 3400 Aurelianus
1872 3346 2095 3400 Paulum
2122 3348 2347 3412 exsolvi,

772 3440 831 3491 et
874 3439 1086 3492 foveam
1137 3441 1429 3508 quamdam
1473 3440 1660 3503 effodi,
1708 3450 1813 3493 tam
1853 3442 2094 3509 longam,
2144 3452 2350 3508 quanta

774 3532 863 3582 est
902 3535 1066 3583 trium
1113 3532 1398 3585 hominum
1448 3541 1693 3599 statura;
1733 3543 1845 3586 tum
1888 3533 2032 3598 ligna
2070 3541 2126 3584 et
2173 3532 2351 3602 ignem

774 3622 996 3686 atferri,
1052 3633 1215 3691 atque
1272 3624 1327 3675 in
1385 3625 1540 3675 fovea
1596 3626 1683 3675 illa
1742 3624 2021 3675 succendi.
2083 3623 2354 3678 Fecerunt

775 3714 1079 3777 carniﬁces,
1109 3714 1253 3783 quod
1277 3716 1490 3783 jussum
1518 3714 1715 3773 fuerat,
1747 3713 2037 3765 admodum
2073 3714 2309 3766 SlutlIUSt:
2337 3731 2351 3779 ;

774 3824 898 3860 nam
942 3818 997 3861 et
1023 3809 1238 3861 foveam
1284 3810 1468 3859 statim
1502 3807 1829 3870 effoderunt,
1865 3816 1916 3860 et
1956 3808 2133 3877 ignem
2188 3808 2354 3860 velte-

780 3911 998 3960 menter
1027 3903 1424 3953 accenderunt.
1457 3900 1640 3969 Itaque
1672 3900 1997 3954 Aurelianus
2020 3903 2183 3968 jussit
2206 3900 2347 3953 Pati-

777 3993 884 4045 luru
916 4002 964 4046 et
996 3990 1267 4050 Julianam
1295 3995 1345 4045 itt
1372 3994 1549 4062 ignem
1569 3994 1719 4045 illum
1745 3992 1966 4058 conjici.
2011 3992 2197 4043 Sancti
2228 4008 2357 4043 vero

779 4094 1075 4153 martyres,
1111 4086 1277 4137 licem
1308 4084 1703 4144 collaudantes,
1730 4080 2065 4134 Salvatorent
2091 4098 2152 4135 ac
2173 4082 2357 4135 Domi-

781 4194 912 4230 num
950 4179 1134 4231 .lesum
1187 4175 1467 4228 Christum
1516 4174 1841 4229 invocabant
1915 4175 1980 4229 ad
2039 4191 2197 4243 opem
2253 4176 2357 4229 sibi

779 4269 1085 4323 ferendam.
1125 4269 1259 4322 Cum
1303 4282 1485 4321 autem
1523 4268 1589 4321 ad
1629 4283 1754 4321 eum
1815 4268 1994 4320 locum
2048 4268 2356 4329 venissent,

791 4380 887 4418 sua
936 4365 1181 4418 membra
1226 4362 1407 4415 crucis
1460 4360 1660 4414 Christi
1713 4360 1869 4430 signo
1909 4362 2251 4422 munierunt,
2305 4370 2361 4413 et

782 4458 977 4524 sponte
1011 4470 1069 4507 se
1108 4455 1161 4505 in
1204 4454 1386 4521 ignem
1418 4453 1802 4523 conjecerunt.
1853 4453 2020 4506 Erant
2062 4464 2241 4507 autem
2306 4454 2357 4505 in

2453 3276 2646 3315 manus
2680 3274 2826 3312 meas
2856 3274 2949 3311 vos
2978 3268 3263 3310 evasuros.
3300 3249 3542 3305 Subrisit
3574 3250 3783 3301 Paulus
3806 3288 3818 3309 ,
3844 3260 3898 3300 et
3931 3248 4040 3299 ait:

2454 3355 2767 3425 Nunquam,
2796 3360 3048 3417 tyranne,
3084 3347 3254 3397 Deum
3279 3353 3528 3396 nostrum
3561 3342 4043 3409 derelinquemus,

2454 3444 2545 3512 qui
2580 3442 2781 3496 cazlum
2828 3447 2882 3491 et
2940 3447 3148 3490 terram
3209 3434 3416 3487 ell'ecit.
3473 3431 3549 3486 Ne
3591 3442 3749 3501 putes
3782 3432 4045 3500 amplius,

2456 3537 2612 3592 idolis
2674 3534 2777 3588 tuis
2824 3532 3030 3586 cultum
3103 3544 3203 3583 nos
3259 3529 3543 3582 allaturos.
3596 3527 3736 3581 Tum
3789 3527 4047 3579 Auretia-

2456 3648 2605 3683 nus:
2644 3628 2915 3685 Violenta,
2974 3623 3171 3692 inquit,
3210 3630 3387 3674 morte
3438 3622 3637 3689 dignus
3686 3634 3767 3672 es.
3813 3620 4041 3673 Idolanc

2461 3722 2553 3775 tibi
2591 3720 2705 3771 haec
2755 3715 3053 3768 videntur?
3101 3712 3290 3779 Neque
3342 3712 3619 3779 intelligis,
3680 3726 3803 3776 quze
3858 3712 3943 3762 vis
3996 3712 4048 3762 in

2459 3813 2563 3866 illis
2599 3810 2712 3863 sit?

2532 3903 2671 3958 X.\I.
2728 3901 2811 3958 Ad
2855 3902 2969 3955 haec
3016 3898 3218 3953 Paulus
3267 3915 3279 3951 :
3324 3897 3537 3965 Jupiter
3587 3895 3710 3960 istc,
3762 3910 3931 3964 quem
3998 3906 4051 3947 tu

2460 3997 2622 4049 deum
2675 4010 2794 4047 esse
2842 3995 3001 4057 dicis,
3060 3995 3225 4047 homo
3271 3992 3492 4061 quidam
3534 3990 3635 4044 fuit
3690 3988 4051 4059 fugitivorum

2462 4088 2625 4151 ﬁlius,
2657 4088 2749 4155 qui
2802 4094 2978 4140 artem
3032 4085 3295 4154 magicam
3347 4084 3485 4135 bene
3537 4083 3765 4135 edoctus
3816 4082 4052 4134 fuerat:

2461 4194 2691 4246 cumque
2727 4187 2924 4246 praeter
2956 4186 3185 4229 caetero:
3231 4174 3482 4226 homines
3514 4182 3660 4225 esset
3692 4174 4051 4224 incontinen-

2465 4271 2732 4329 tissimus,
2762 4277 2817 4319 et
2852 4266 3063 4318 libidini
3108 4264 3343 4315 maxime
3390 4262 3625 4320 deditus,
3676 4276 3739 4313 ac
3790 4276 4055 4327 quorum-

2465 4356 2588 4410 dam
2620 4354 3021 4425 pulehcrritnas
3073 4365 3272 4403 uxores
3319 4360 3482 4417 atque
3527 4349 3664 4402 ﬁlias
3707 4351 4049 4415 adamasset,

2466 4465 2525 4503 se
2555 4449 2839 4502 continere
2884 4462 2993 4500 nou
3032 4444 3207 4515 potuit
3265 4444 3397 4512 quin
3432 4459 3555 4498 cum
3595 4444 3701 4497 illis
3731 4446 4056 4497 commisce-

787 4552 911 4619 igne
943 4548 1035 4601 illo
1070 4547 1240 4601 Deum
1274 4546 1590 4609 laudantes,
1640 4559 1694 4600 et
1726 4547 1845 4614 ejus
1886 4546 2113 4616 gloriam
2160 4545 2361 4615 przedi-
2396 4514 2440 4572 θ
2478 4548 2651 4592 retur.
2716 4537 2817 4601 Qui
2894 4536 3055 4589 modo
3135 4536 3187 4586 in
3257 4545 3471 4587 taurum
3547 4544 3813 4597 mutatus,
3892 4536 4057 4588 modo

786 4652 995 4697 cantes.
1028 4641 1168 4695 Ecce
1203 4650 1386 4693 autem
1432 4642 1656 4709 angelus
1700 4636 1909 4692 Domini
1962 4640 2248 4692 descendit
2295 4639 2363 4692 de

788 4734 951 4795 etelo,
982 4742 1035 4784 et
1058 4732 1266 4783 furuum
1292 4746 1397 4782 una
1420 4746 1541 4782 eum
1570 4730 1693 4798 igne
1718 4730 1860 4783 foras
1883 4732 2145 4795 excussit,
2188 4746 2364 4799 neque

790 4822 1035 4893 permisit
1082 4832 1297 4876 sanctos
1330 4830 1603 4891 martyres
1653 4820 1736 4874 vel
1790 4821 2068 4889 paululum
2117 4821 2185 4874 ab
2240 4824 2361 4891 igne

789 4916 1113 4986 perturbari.
1178 4914 1405 4968 Stabant
1472 4916 1653 4981 itaque
1712 4913 1765 4965 in
1834 4912 1986 4966 fovea
2049 4912 2137 4965 illa
2200 4915 2363 4967 rectis

791 5007 1136 5074 corporibus,
1198 5006 1411 5058 divinas
1468 5006 1657 5057 laudes
1723 5004 2063 5073 proferentes
2122 5007 2175 5059 in
2227 5006 2366 5059 hanc

791 5098 1116 5152 sententiam
1147 5114 1160 5151 :
1192 5094 1515 5151 Benedictus
1562 5112 1642 5161 es,
1679 5094 1905 5150 Domine
1952 5097 2091 5151 Deus
2125 5096 2236 5150 Rex
2266 5110 2368 5149 sa:-

792 5193 1058 5249 cuiorum,
1092 5189 1186 5257 qui
1228 5203 1438 5240 memor
1489 5187 1639 5241 fuisti
1684 5188 2007 5241 humilitatis
2068 5198 2269 5241 nostra:
2316 5197 2371 5241 et

792 5282 1079 5349 prmsentia
1099 5290 1185 5333 tua
1205 5280 1341 5348 ignis
1359 5279 1625 5331 flammam
1650 5281 1954 5335 exstinxisti
1979 5291 2199 5350 propter
2218 5282 2374 5334 boni-

796 5380 958 5424 tatem
982 5383 1147 5432 tuam,
1166 5388 1285 5440 quae
1306 5372 1435 5425 facit
1482 5382 1537 5425 ut
1560 5383 1778 5440 peccata
1796 5381 1979 5426 nostra
2002 5386 2107 5425 non
2130 5372 2375 5427 recorde-

794 5463 888 5515 ris.
907 5462 987 5516 Tu
1010 5479 1106 5517 nos
1124 5464 1396 5533 indignos,
1416 5465 1595 5518 salvos
1624 5476 1787 5534 atque
1810 5466 2108 5520 incolumes
2121 5467 2371 5537 eripuisti

793 5567 826 5617 δ
860 5556 1283 5623 cogitationibus
1318 5558 1529 5626 tyranni
1552 5558 1852 5621 Aureliani,
1886 5561 1977 5628 qui
2012 5576 2109 5614 suo
2140 5559 2371 5630 Imperio

796 5650 868 5706 ita
947 5650 1287 5719 intumescit,
1364 5655 1520 5723 quasi
1594 5653 1815 5710 futurus
1881 5653 1952 5708 sit
2025 5655 2367 5710 immortalis.

870 5836 889 5867 δ
914 5833 1059 5890 I’sal.
1114 5852 1261 5905 uxr,
1299 5836 1385 5892 l8.

2471 4635 2557 4684 avi
2626 4630 2844 4691 similis,
2902 4628 3095 4697 aquilae
3161 4626 3390 4687 scilicet,
3445 4640 3509 4677 ac
3585 4642 3779 4694 cygno,
3857 4630 4057 4681 mulie-

2472 4738 2560 4775 res
2660 4720 2950 4776 nonnullas
3023 4733 3089 4771 ex
3166 4717 3276 4785 jam
3389 4716 3553 4769 dictis
3663 4718 4055 4785 circumvenit,

2470 4824 2524 4869 et
2587 4828 2616 4866 a
2684 4819 2866 4865 mente
2944 4809 3207 4863 alienatas
3282 4809 3335 4862 in
3418 4824 3539 4862 eam
3599 4810 3881 4863 miseriam
3951 4813 4057 4864 ini-

2469 4906 2627 4977 pulit,
2671 4913 2728 4958 ut
2760 4904 2933 4973 ipsum
3002 4910 3255 4972 tanquam
3290 4906 3453 4957 deum
3511 4905 3778 4958 colerent.
3814 4906 3897 4958 Ad
3942 4908 4057 4959 haec

2470 5010 2523 5052 et
2551 4998 2684 5051 alias
2722 4995 2977 5049 mulieres
3029 5010 3124 5063 per
3175 4993 3363 5047 forma:
3414 4996 3775 5047 mutationem
3812 5004 3870 5046 et
3919 5012 4057 5064 prae-

2473 5091 2661 5159 stigias
2696 5088 2931 5157 decepit,
2974 5087 3032 5139 in
3075 5101 3269 5138 aurum
3314 5098 3702 5141 commutatus.
3740 5088 3807 5139 Et
3839 5102 3911 5141 ne
3953 5092 4058 5142 alia

2474 5188 2596 5256 ejus
2632 5183 2921 5236 libidinosa
2970 5180 3213 5233 facinora
3248 5182 3348 5234 hoc
3399 5182 3518 5235 l0eo
3557 5194 3773 5235 narrem
3827 5181 3971 5252 (scio
4006 5196 4055 5237 te

2481 5280 2548 5332 ad
2588 5274 2919 5329 iracundiam
2957 5275 3218 5327 concitari
3255 5291 3267 5326 :
3301 5274 3392 5328 sed
3420 5275 3544 5327 licet
3570 5274 3849 5339 irascaris,
3876 5277 4053 5330 dicam

2483 5382 2665 5427 tamen
2699 5367 2835 5423 nihil
2874 5368 3096 5437 veritus)
3129 5368 3248 5434 iste,
3287 5369 3379 5435 qui
3412 5383 3580 5436 prope
3619 5366 3807 5422 Jovem
3845 5372 4058 5438 positus

2481 5474 2584 5525 est,
2618 5474 2671 5515 et
2696 5458 2887 5528 Apollo
2919 5460 3143 5525 dicitur,
3185 5475 3253 5512 an
3289 5475 3397 5512 non
3432 5474 3498 5513 ex
3527 5459 3801 5514 adulterio
3838 5462 4055 5529 genitus

2481 5567 2564 5611 est
2615 5570 2645 5608 e
2702 5550 2929 5604 muliere
2983 5553 3242 5620 quadam.
3306 5567 3427 5620 quae
3482 5551 3687 5605 Latona
3740 5553 4049 5611 dicebatur.

2479 5660 2709 5720 quaeque
2741 5644 2891 5697 illum
2940 5647 3157 5715 peperit
3211 5647 3353 5700 inter
3395 5645 3533 5699 duas
3567 5645 3813 5709 arbores,
3864 5645 3955 5713 qui
3999 5656 4053 5701 et
