4198 6438
157 374 266 436 585

1063 369 1521 433 MARTYRIUM
1563 371 1668 427 SS.
1718 363 1948 426 PAULI
1994 369 2090 427 ET
2131 369 2506 430 JULIANAS.

3307 373 3410 434 586

160 483 398 536 militum
423 476 882 541 Christianorum,
908 492 936 529 a
959 475 1218 544 Traiano.
1258 478 1384 528 dum
1420 476 1472 527 in
1511 473 1734 528 Oriente
1766 477 1809 532 Α
1842 472 2192 528 benefaeicns
2223 477 2500 538 omnibus,
2545 492 2606 530 ac
2650 476 2888 532 liberans
2920 494 3013 534 eos
3045 481 3088 542 ',
3124 483 3215 550 qui
3243 499 3271 536 a
3298 483 3413 537 dia-

158 576 280 642 ipse
315 586 477 640 Opera
519 568 728 623 nefaria
759 569 1050 630 commisit,
1086 577 1296 633 patrem
1329 565 1515 618 Jovem
1551 566 1734 619 imita-

159 663 294 716 tus?
344 660 548 714 Eodem
592 660 752 713 modo
797 667 848 711 et
893 656 1185 726 Dionysius
1230 666 1410 708 vester
1451 655 1537 706 ille
1573 655 1728 715 deus,

159 769 234 806 an
273 768 382 806 non
419 761 474 804 et
505 751 620 819 ipse
659 766 725 803 ex
756 749 1024 802 adulterio
1055 748 1272 815 genitus
1302 755 1383 799 est
1415 761 1478 798 ex
1515 745 1736 801 Semele

157 840 351 894 Cadmi
378 839 523 893 filia?
551 839 805 907 t‘iugator,
833 837 1008 905 inquit
1032 836 1382 895 Aurelianus,
1405 841 1459 887 et
1486 835 1736 896 sceleste,

158 951 232 986 an
270 949 377 985 non
413 948 474 986 ex
508 931 723 983 .Iunouc
755 932 981 983 deorum
1022 936 1193 978 matre
1242 924 1485 978 Bacchus
1529 925 1742 992 genitus

159 1021 287 1075 est?
321 1021 458 1073 Risit
514 1019 737 1081 Paulus,
792 1029 844 1070 et
900 1017 973 1069 ait
1010 1034 1021 1068 ε
1062 1015 1226 1067 Estne
1296 1016 1451 1072 deus.
1509 1014 1599 1082 qui
1677 1029 1742 1065 ex

161 1113 397 1165 muliere
435 1112 651 1179 genitus
678 1110 902 1176 incipiat
931 1121 1048 1159 esse
1076 1107 1235 1165 deus,
1263 1117 1356 1158 aut
1391 1107 1478 1173 qui
1518 1120 1739 1157 uxorem

162 1203 399 1257 habeat?
427 1202 581 1254 Tunc
605 1201 928 1253 Aurelianus
954 1199 1300 1264 :Quousque,
1326 1196 1519 1263 inquit,
1546 1194 1742 1246 mttItnS

159 1311 340 1364 nugas
385 1295 668 1346 effundens
703 1292 807 1346 diis
840 1291 1130 1342 maledices
1158 1291 1178 1340 ‘3
1211 1305 1276 1340 an
1328 1305 1434 1340 non
1477 1298 1531 1338 et
1565 1295 1742 1338 vester

163 1390 435 1450 Christus,
467 1402 630 1454 quem
663 1400 758 1436 vos
789 1382 1084 1436 Christiani
1123 1379 1288 1432 Deum
1322 1381 1598 1434 ewlestem
1626 1393 1744 1430 esse

163 1481 371 1538 dicitis,
403 1495 463 1531 ex
495 1477 720 1530 muliere
758 1476 973 1540 genitus
1011 1474 1130 1526 est?
1160 1473 1464 1541 Respondit
1506 1472 1742 1524 Paulus:

163 1571 282 1623 Non
320 1586 378 1621 es
404 1579 457 1622 tu
489 1570 703 1636 dignus,
724 1569 814 1636 qui
835 1568 923 1619 Dei
951 1566 1260 1635 mysterium
1305 1565 1512 1616 audias.
1545 1563 1744 1614 Verum

165 1677 234 1714 ne
261 1661 508 1713 oratione
542 1670 630 1712 tua
660 1660 856 1711 multos
890 1674 1098 1715 eorum.
1131 1657 1220 1722 qui
1265 1666 1556 1723 praesentes
1600 1664 1746 1714 sunt,

163 1752 588 1814 circmnveuias,
612 1765 830 1803 necesse
846 1760 926 1802 est
948 1750 1158 1817 aperire
1177 1748 1248 1809 id,
1272 1749 1415 1815 quod
1450 1746 1664 1814 (pueris.

239 1858 402 1911 XXII.
440 1857 597 1909 Initio
637 1857 778 1908 Deus
828 1857 943 1923 ipse
991 1871 1115 1907 cum
1166 1854 1362 1907 cwluut
1400 1863 1454 1905 et
1527 1862 1746 1908 terram.

167 1968 319 2005 mare
367 1951 642 2011 etomnia,
684 1965 806 2018 quae
857 1950 906 2000 in
941 1949 1022 2000 eis
1077 1954 1224 2008 sunt,
1259 1945 1546 1999 eﬂeeisset.
1579 1944 1750 1995 homi-

164 2059 296 2096 nem
334 2043 543 2097 elﬁnsit
577 2043 642 2096 ad
683 2043 972 2110 imaginem
1010 2049 1065 2091 et
1105 2039 1523 2091 similitudinem
1571 2052 1745 2088 suam.

179 2139 388 2192 Purum
428 2138 572 2191 enim
621 2152 650 2189 a
687 2136 914 2197 malitia,
953 2134 1326 2194 inuocentem,
1374 2131 1603 2197 justum,
1640 2131 1753 2196 pie—

177 2237 294 2284 tate
334 2230 621 2298 praeditum
675 2228 885 2280 ereavit
919 2225 1068 2277 illum
1120 2223 1280 2282 Deus,
1318 2231 1372 2274 et
1413 2222 1463 2272 in
1503 2221 1753 2288 paradiso

172 2326 493 2379 deliciarum
517 2325 678 2392 pleno
696 2339 818 2377 eum
851 2320 1156 2374 collocavit.
1185 2319 1344 2372 Pater
1362 2329 1540 2370 autem
1573 2327 1750 2370 vester

172 2417 427 2469 diabolus
463 2431 569 2466 non
630 2415 815 2465 ferens
863 2425 1068 2465 tantam
1125 2411 1362 2465 hominis
1410 2409 1746 2472 felicitatem,

172 2509 338 2561 Evam
372 2506 607 2567 seduxit,
639 2515 693 2558 et
735 2521 828 2572 per
880 2506 1044 2564 illam,
1090 2504 1260 2556 Adam
1310 2505 1375 2556 ad
1413 2503 1581 2556 divini
1616 2518 1751 2569 pra:-

171 2606 314 2674 cepti
349 2601 839 2672 transgressionem
872 2598 1108 2666 impulit.
1151 2597 1270 2661 Quo
1317 2596 1517 2649 factum
1553 2603 1654 2652 est.
1690 2602 1748 2645 ut

173 2708 230 2750 et
288 2697 458 2750 Adam
525 2697 642 2762 ipse
699 2708 958 2760 umquam
1018 2700 1448 2759 trausgressorc
1494 2685 1746 2755 paradiso

174 2793 440 2858 expulsus
483 2787 572 2846 sit,
607 2794 662 2838 et
705 2799 878 2853 genus
923 2798 1084 2834 omne
1133 2783 1434 2834 humanum
1474 2777 1632 2830 morti
1694 2784 1751 2830 et

177 2880 386 2952 peccati
443 2891 615 2944 pcenae
685 2875 980 2926 obnoxium
1041 2873 1298 2926 evaserit.
1373 2874 1739 2934 Quamobrem

176 2970 416 3026 celestis
462 2967 620 3020 Pater
673 2974 724 3018 et
780 2963 1128 3031 omnipotens
1178 2962 1317 3014 Deus
1366 2963 1746 3014 misericordia

177 3077 379 3125 motus,
425 3063 666 3116 humano
722 3056 908 3129 generi
965 3053 1259 3110 subvenire
1318 3055 1527 3115 volens,
1599 3055 1748 3105 misit

1846 2312 2235 2386 ingrediuntur
2285 2315 2336 2366 in
2398 2332 2623 2385 regnum
2672 2321 2931 2371 caelorum

1843 565 1964 618 bolo
1998 567 2356 620 vexabantur.
2401 570 2591 628 Postea
2653 569 2704 622 in
2757 570 2900 641 ligno
2953 575 3133 626 crucis
3182 577 3416 630 suffixus

1841 665 1941 714 est.
1990 666 2047 708 ut
2081 658 2310 710 salutem
2347 658 2502 712 daret
2549 661 2774 723 mundo,
2808 663 2898 733 qui
2937 668 3174 734 perierat
3214 669 3414 728 diaboli

1843 745 2098 799 violentia
2151 757 2202 800 et
2253 747 2486 801 fallacia.
2545 748 2690 803 Idem
2731 767 2960 820 corpore
3012 766 3257 810 mortuus
3306 768 3411 814 est.

1843 837 2088 907 Cumque
2153 841 2218 892 ad
2253 840 2458 895 inferos
2497 841 2888 897 descendisset
2920 862 3025 899 una
3069 865 3192 901 cum
3225 862 3410 905 sancta

1844 933 2026 984 anima
2071 933 2155 984 illa
2198 948 2314 992 sua.
2352 935 2616 987 contrivit
2667 952 2854 1004 portas
2909 955 3100 1002 azreas,
3150 952 3201 995 et
3233 954 3418 999 vectes

1846 1024 2051 1077 ferreas
2093 1025 2396 1094 confregit’
2431 1045 2442 1079 :
2477 1037 2642 1094 atque
2674 1030 2723 1079 in
2773 1029 3069 1098 caliginosa
3117 1034 3416 1089 inferorum

1848 1117 2144 1184 penetralia
2176 1117 2470 1184 ingressus.
2504 1120 2705 1186 eripuit.
2748 1137 2840 1173 eos
2879 1123 2971 1190 qui
3017 1126 3247 1178 vinculis
3285 1129 3425 1180 deti-

1849 1209 2139 1268 nebantur,
2173 1217 2228 1260 et
2258 1223 2323 1260 ex
2353 1223 2573 1263 carcere
2601 1211 2800 1263 diaboli
2837 1213 2958 1266 illos
2993 1215 3042 1265 in
3084 1217 3421 1284 superiorem

1851 1303 2129 1369 regionem
2157 1301 2341 1354 eduxit
2385 1304 2447 1355 ¹⁰.
2492 1303 2645 1366 Quod
2686 1315 2854 1358 totum
2893 1308 3064 1375 ipsius
3100 1311 3421 1378 beuiguitati

1850 1403 2137 1461 acceptum
2166 1395 2426 1446 refertur.
2464 1396 2599 1447 Cum
2640 1414 2767 1450 vero
2820 1400 2888 1452 ita
2941 1412 3063 1468 post
3109 1411 3216 1454 tres
3248 1405 3363 1456 dies
3398 1423 3422 1453 τι

1851 1486 2080 1538 mortuis
2151 1488 2558 1549 resurrexisset,
2630 1492 2881 1558 apparuit
2941 1496 3055 1546 suis
3137 1496 3426 1564 discipulis

1852 1588 2014 1645 atque
2045 1579 2328 1646 apostolis,
2382 1589 2436 1631 et
2469 1581 2586 1632 aliis
2629 1584 2833 1646 multis,
2873 1585 2963 1650 qui
3019 1602 3140 1638 iere
3198 1589 3248 1639 in
3302 1605 3424 1641 cum

1853 1672 2195 1725 Crediderant
2226 1692 2236 1723 :
2273 1682 2466 1726 etcum
2500 1675 2789 1740 aliquoties
2823 1679 3154 1732 comedisset
3183 1693 3234 1733 et
3260 1680 3430 1734 bibis-

1855 1773 1935 1817 set
1962 1780 2081 1816 cum
2126 1767 2385 1835 apostolis
2415 1784 2507 1834 per
2540 1768 2657 1820 dies
2691 1770 3069 1838 quadraginta.
3125 1771 3203 1824 sic
3244 1782 3429 1840 postea

1858 1860 1908 1907 in
1947 1859 2140 1909 etclam
2199 1870 2513 1926 assumptus
2560 1871 2661 1922 est,
2725 1874 2775 1912 et
2825 1866 2979 1914 sedet
3029 1863 3094 1914 ad
3148 1864 3426 1918 dexteram

1859 1945 2031 1998 Patris
2072 1962 2192 1998 cum
2236 1964 2463 2015 Corpore
2515 1949 2623 2013 illo,
2677 1952 2818 2018 quod
2854 1952 2965 2018 ipse
2998 1955 3137 2006 Deus
3189 1951 3427 2007 Verbum

1857 2037 1956 2089 sibi
1988 2039 2280 2104 copulavit.
2306 2039 2454 2090 Nunc
2478 2042 2641 2106 igitur
2660 2044 2904 2096 diabolus
2935 2045 3117 2098 dolore
3151 2048 3426 2112 affligitur.

1858 2127 2009 2179 Illum
2055 2128 2199 2180 enim
2246 2129 2502 2183 Christus
2559 2132 2673 2200 ipse
2717 2134 3151 2190 Christianorum
3205 2140 3433 2206 pedibus

1856 2219 2162 2272 conculcari
2217 2221 2363 2282 fecit,
2417 2226 2508 2290 qui
2565 2242 2661 2292 per
2705 2238 2955 2282 sanctum
3007 2229 3174 2296 ipsius
3226 2246 3428 2283 nomen

2989 2339 3000 2372 :
3049 2338 3218 2389 aquo
3265 2338 3432 2393 regno

1857 2411 1912 2455 tu
1942 2405 2152 2458 alienus
2181 2421 2262 2460 es.
2298 2407 2472 2460 Habes
2514 2409 2656 2461 cnim
2695 2420 2894 2463 sortem
2926 2420 2978 2464 et
3011 2422 3242 2479 partem,
3277 2425 3435 2466 aeter-

1836 2512 1985 2585 Inam
2026 2497 2166 2566 ignis
2214 2501 2536 2568 gehennam,
2587 2503 2958 2556 hiereditatem
3018 2506 3216 2559 diaboli
3265 2507 3436 2575 patris

1856 2588 1931 2639 tui
1968 2592 2296 2656 percipiens.

1923 2677 2112 2731 XXIII.
2144 2681 2239 2732 IIis
2280 2681 2495 2742 auditis,
2533 2683 2860 2738 Aurelianus
2887 2703 2998 2755 pra
3061 2689 3246 2743 furore
3282 2690 3436 2745 vultu

1854 2782 2094 2824 mutatus
2134 2782 2236 2834 est,
2303 2783 2357 2825 et
2405 2773 2665 2830 dentibus
2720 2779 2958 2832 stridere
3025 2783 3224 2849 coapit,
3284 2800 3439 2838 exar-

1854 2865 2082 2918 desceus
2139 2867 2190 2917 in
2271 2864 2443 2924 illum.
2503 2870 2591 2920 cui
2655 2879 2710 2922 et
2782 2873 3170 2938 respondens:
3219 2874 3435 2937 Multas.

1855 2958 2050 3025 inquit,
2098 2973 2268 3026 nugas
2303 2969 2351 3011 te
2392 2961 2552 3012 modo
2606 2961 2977 3016 eﬂ'undeutem
3051 2983 3241 3033 passus
3291 2987 3433 3027 sum.

1853 3049 2169 3114 patientiam
2215 3050 2265 3101 in
2297 3062 2364 3110 te,
2409 3069 2582 3121 nugax
2626 3065 2678 3106 et
2728 3057 2975 3110 sceleste.
3009 3061 3278 3114 audiendo
3311 3065 3441 3116 reti-

177 3157 372 3212 Filium
406 3171 588 3212 suum.
628 3161 683 3205 ut
717 3154 1009 3204 humanam
1060 3165 1280 3201 carnem
1317 3148 1643 3216 susciperet.
1688 3155 1743 3199 ει
1774 3152 1815 3208 C
1856 3157 2013 3194 “9"5-
2047 3140 2123 3191 Τυ
2163 3158 2288 3193 Ver”
2334 3146 2570 3207 ιιυυηίίίυ
2626 3162 2815 3216 Perses
2845 3164 2929 3200 me
2971 3161 3340 3218 ουηίθπῖηθτθν
3386 3172 3442 3224 οι

177 3250 350 3302 Adant
382 3246 635 3307 solveret,
665 3255 865 3307 eosque
891 3239 982 3306 qui
1012 3240 1078 3290 ab
1101 3240 1302 3305 iujusto
1329 3238 1742 3290 detinebantur.

177 3341 299 3411 Ipse
334 3339 498 3407 igitur
529 3333 690 3398 Deus,
741 3331 978 3384 Verbum
1040 3327 1154 3389 Dei,
1201 3343 1262 3380 ac
1319 3328 1494 3379 Patris
1546 3327 1741 3387 Filius,

177 3443 307 3488 ante
343 3429 537 3484 saecula
569 3425 751 3477 omnia
784 3433 866 3478 est
910 3421 1179 3490 sapientia
1233 3420 1425 3487 ipsius,
1461 3428 1514 3471 et
1568 3427 1754 3487 poten-

180 3525 256 3576 tia
297 3531 353 3574 et
399 3521 621 3572 dextera
675 3533 687 3568 :
724 3515 816 3582 qui
854 3528 950 3580 per
1007 3513 1390 3579 archangelum
1448 3510 1752 3564 Gaht'ielein

181 3612 544 3668 annuntiatus
587 3607 689 3659 fuit
751 3615 955 3659 sanctae
1010 3605 1084 3656 illi
1141 3605 1344 3674 Virgini
1413 3621 1561 3668 purae
1598 3613 1757 3671 atque

178 3703 609 3764 honestissima,
624 3716 688 3753 ex
709 3699 1030 3767 prophetico
1048 3707 1102 3748 et
1119 3699 1263 3765 regio
1279 3712 1476 3764 genere
1491 3697 1754 3761 originem

181 3798 423 3853 ducenti.
455 3795 510 3849 In
533 3794 688 3861 cujus
721 3801 872 3849 utero
903 3789 1043 3842 Deus
1082 3791 1214 3856 ipse,
1258 3787 1359 3841 hoc
1391 3799 1490 3851 est,
1541 3789 1758 3841 caeleste.

182 3893 447 3952 Verbum,
474 3887 617 3956 quod
646 3885 816 3939 oculis
844 3883 1124 3951 corporeis
1165 3897 1271 3933 non
1302 3882 1567 3942 cernitur,
1605 3880 1760 3933 habi-

181 3993 325 4044 tans,
371 3980 848 4047 suscepitcorpus,
868 3991 990 4029 cum
1010 3974 1222 4030 Gabriel
1255 3973 1326 4024 ita
1348 3972 1565 4024 Mariam
1591 3971 1760 4038 ipsam

180 4076 382 4130 affatus
425 4079 572 4125 esset
615 4086 629 4122 :
670 4073 794 4123 Arte.
837 4069 1015 4134 gratia
1034 4067 1189 4129 plena
1222 4081 1237 4115 :
1273 4066 1525 4116 Dominus
1561 4074 1762 4122 tecum;

181 4179 236 4225 et
266 4166 426 4237 paulo
475 4171 596 4233 post
625 4179 638 4214 :
672 4159 897 4229 Spiritus
925 4168 1137 4211 sanctus
1168 4157 1497 4222 superveniet
1536 4158 1586 4206 in
1616 4165 1683 4216 te,
1716 4164 1762 4208 ct

183 4262 353 4316 virtus
412 4255 668 4312 Altissimi
720 4250 1048 4305 obumbrabit
1115 4250 1205 4299 tibi
1264 4263 1280 4298 :
1329 4248 1549 4315 ideoque
1629 4247 1765 4315 quod

184 4361 438 4408 nascetur
485 4364 549 4401 ex
599 4356 647 4399 te
716 4352 978 4404 sanctum,
1047 4339 1319 4394 vocabitur
1364 4336 1528 4391 Pilius
1609 4336 1765 4391 Dei“.

185 4443 417 4502 Genitus
464 4440 627 4509 igitur
680 4436 781 4492 fuit
827 4436 971 4490 Deus
1016 4441 1070 4486 el.
1112 4433 1333 4487 co-Icste
1388 4431 1624 4483 Verbum
1672 4446 1767 4497 per

187 4537 495 4607 Virginem,
515 4529 662 4585 omni
687 4528 804 4581 labe
828 4525 1200 4596 purissimam,
1228 4537 1480 4590 corpore,
1504 4531 1760 4588 tanrpiam
1800 4516 1840 4567 D

187 4642 345 4688 veste
393 4627 652 4698 quadam,
707 4621 932 4676 indutus
984 4627 1206 4689 propter
1264 4619 1515 4672 humanae
1573 4619 1764 4672 salutis

187 4723 678 4794 dispensationem.
721 4717 892 4769 Nemo
922 4713 1066 4767 enim
1103 4720 1315 4780 poterat
1349 4709 1516 4763 Deum
1551 4727 1760 4771 verum.

189 4818 266 4871 ita
294 4823 354 4870 ut
401 4822 501 4872 est.
542 4816 874 4878 pra-sentem
909 4805 1114 4867 videre,
1155 4819 1277 4856 cum
1329 4800 1471 4855 Deus
1524 4801 1638 4869 ipse
1693 4803 1764 4854 sit

191 4908 335 4978 ignis
364 4914 693 4958 consumens
726 4898 767 4961 ⁸,
803 4907 982 4964 neque
1023 4894 1186 4947 homo
1215 4892 1411 4960 aliquis
1450 4894 1639 4944 vivens
1665 4892 1760 4945 Dei

190 5000 388 5055 faciem
429 4995 612 5046 videre
650 4991 818 5060 possit
873 5025 887 5039 .
922 4987 1096 5054 Hujus
1151 4986 1313 5054 igitur
1344 4985 1766 5052 dispensationis

187 5105 358 5144 causa
410 5086 556 5140 Deus
614 5095 830 5143 noster,
896 5079 1037 5146 quod
1104 5076 1169 5128 ad
1226 5091 1445 5127 carnem
1509 5077 1768 5142 pertinet,

188 5185 413 5254 genitus
447 5178 572 5235 fuit.
613 5183 669 5228 et
703 5183 760 5224 ut
809 5172 990 5223 infans
1025 5170 1164 5221 lacte
1201 5167 1441 5220 nutritus
1489 5176 1593 5232 est,
1648 5182 1771 5220 cum

191 5284 348 5332 esset
382 5284 561 5326 tamen
587 5268 875 5322 divinitate
907 5265 1206 5334 perfectus.
1234 5260 1462 5329 Insuper
1488 5261 1666 5315 factus
1693 5269 1775 5313 est

188 5382 352 5441 puer,
404 5372 460 5418 et
498 5364 738 5432 juvenis,
793 5374 1025 5427 cumque
1073 5358 1414 5419 hominibus,
1478 5365 1537 5410 ut
1588 5357 1773 5417 homo,

187 5462 545 5516 conversatus
587 5462 670 5508 est
722 5467 896 5506 annos
947 5450 1162 5518 triginta
1201 5461 1330 5511 tres,
1378 5448 1560 5510 urbes,
1600 5447 1775 5518 regio-

189 5567 316 5613 nes,
360 5562 417 5603 et
469 5545 686 5598 castella
741 5544 892 5598 orbis
949 5552 1218 5597 terrarum
1274 5540 1673 5609 pertransiens,
1720 5548 1776 5593 et

297 5713 318 5744 '
349 5709 481 5764 Luc.
517 5725 553 5774 ι,
575 5705 668 5768 28,
685 5705 776 5762 52.

203 5787 246 5818 "
278 5784 297 5838 I
336 5783 482 5837 Petr.
515 5795 596 5842 tu,
635 5778 721 5832 I9.

527 5871 795 5930 Parnoc.
851 5868 968 5927 Gn.
1008 5866 1182 5926 CXV.

891 5706 910 5737 '
942 5706 1100 5760 Deut.
1131 5721 1202 5770 tv,
1236 5705 1343 5770 ΞΜ
1372 5703 1533 5758 Hebr.
1555 5718 1655 5766 xu,
1681 5701 1772 5755 29.

1855 3233 1960 3285 diis
1983 3232 2519 3287 nmiedicere?.\'uuc
2543 3235 2704 3304 igitur
2734 3239 2833 3292 nisi
2864 3241 2966 3293 diis
3004 3242 3438 3304 immolaveritis.

1867 3327 2119 3393 pessimis
2164 3328 2339 3379 modis
2370 3343 2465 3381 vos
2498 3331 2741 3397 perdam.
2777 3332 2850 3384 ita
2906 3343 2963 3384 ut
2995 3345 3153 3386 nemo
3191 3338 3363 3403 possit
3411 3354 3443 3392 e

1870 3418 2123 3471 manibus
2169 3421 2305 3471 meis
2352 3433 2449 3471 vos
2475 3425 2710 3488 eripere.
2734 3423 2868 3475 Tum
2906 3425 3100 3481 Paulus
3141 3437 3195 3483 et
3219 3429 3441 3485 'Juliana

1875 3513 2130 3565 concordi
2166 3512 2346 3564 animo
2399 3526 2449 3566 et
2484 3530 2674 3584 magna
2730 3532 2862 3570 verre
2929 3521 3226 3576 clamantes
3267 3525 3441 3590 :Nos,

1863 3605 2134 3672 inquiunt,
2177 3606 2472 3658 Christiani
2514 3622 2721 3670 sumus,
2757 3619 2812 3663 et
2848 3611 2898 3663 in
2929 3613 3145 3665 Christo
3170 3618 3285 3684 ipso
3320 3635 3445 3687 spes

1865 3706 2078 3749 nostras
2115 3698 2409 3749 collocatas
2447 3699 2707 3753 habemus
2744 3720 2756 3765 ;
2797 3704 3070 3758 daemones
3104 3723 3208 3759 non
3242 3709 3440 3763 adora-

1867 3801 2007 3848 mus,
2047 3785 2205 3837 idolis
2244 3785 2348 3838 tuis
2383 3802 2490 3838 uon
2529 3789 2815 3850 servimus,
2868 3798 3136 3845 tormenta
3193 3803 3280 3846 tua
3329 3812 3439 3850 non

1867 3881 2140 3933 timemus.
2178 3879 2428 3947 Excogita
2466 3881 2627 3948 igitur
2680 3898 3036 3952 quoscunque
3088 3887 3166 3939 vis
3232 3891 3445 3941 crucia-

1869 3983 1953 4024 tus
1986 4013 2000 4034 ,
2036 3973 2196 4026 fidem
2227 3971 2368 4024 enim
2402 3972 2454 4022 in
2493 3971 2599 4024 Deo
2638 3974 2922 4035 habemus,
2963 3976 3078 4030 fore
3110 3988 3167 4031 ut
3207 3995 3235 4032 a
3277 3981 3436 4034 nobis

1868 4064 2167 4128 supereris,
2213 4061 2669 4128 quemadmodum
2731 4073 2882 4133 pater
2945 4075 3069 4118 tuus
3126 4070 3374 4124 diabolus
3410 4089 3438 4127 a

1868 4155 2084 4208 Christo
2125 4162 2413 4220 superatus
2446 4155 2570 4215 fuit,
2602 4154 2691 4221 qui
2725 4172 2828 4207 nos
2889 4158 3048 4208 etiam
3091 4162 3338 4213 robustos
3368 4163 3447 4216 fa-

1870 4248 1967 4310 cit,
1997 4255 2048 4299 et
2081 4261 2272 4314 pravas
2292 4256 2434 4300 artes
2471 4256 2590 4298 tuas
2624 4259 2918 4317 expugnat.
2950 4248 3072 4303 I‘Izec
3100 4266 3220 4304 cum
3257 4256 3445 4308 audis~

1875 4352 1956 4396 set
1989 4343 2330 4404 Aurelianus,
2391 4341 2555 4410 jussit
2607 4342 2809 4411 ligumn
2869 4344 3138 4411 quoddam
3191 4363 3446 4418 magnum

1873 4433 2076 4485 afferri.
2114 4432 2267 4496 Quod
2320 4449 2442 4485 cum
2491 4433 2710 4484 allatum
2774 4432 2985 4495 fuisset,
3043 4433 3168 4486 fecit
3221 4437 3448 4492 Paulum

1872 4526 1923 4577 in
1959 4539 2023 4576 eo
2054 4523 2280 4592 alligari.
2329 4523 2627 4575 Carriitices
2661 4537 2785 4574 vero
2834 4524 2953 4589 ejus
3002 4540 3192 4578 manus
3230 4529 3451 4597 colliga-

1873 4624 2019 4669 runt.
2057 4613 2209 4667 Tunc
2238 4614 2562 4667 Aurelianus
2593 4614 2847 4681 princepit
2877 4630 3135 4669 accensas
3176 4617 3452 4688 lampades

1876 4709 2082 4770 afferri,
2117 4717 2170 4760 et
2205 4713 2255 4759 in
2290 4707 2408 4774 ejus
2437 4707 2629 4759 faciem
2684 4707 2852 4775 injici,
2888 4723 3136 4776 praecone
3185 4712 3257 4764 ita
3303 4715 3452 4768 voci-

1874 4801 2082 4853 fet-ante
2114 4817 2126 4851 :
2159 4798 2236 4850 Ne
2274 4798 2327 4850 in
2361 4798 2510 4850 orbis
2560 4807 2828 4852 terrarum
2879 4800 3127 4855 dominos
3159 4813 3448 4860 contume-

1872 4895 2037 4947 Iiosus
2065 4892 2158 4953 sis,
2192 4906 2324 4944 neve
2379 4895 2432 4944 in
2487 4891 2617 4945 deos
2657 4892 2803 4959 ipsos
2837 4894 3116 4948 maledicta
3171 4898 3450 4966 conjicias.

1949 4981 2135 5036 XXIV.
2165 4981 2375 5035 Iuliana
2410 4998 2530 5036 cum
2564 4982 2785 5036 fratrem
2826 4999 2984 5038 suum
3036 4986 3158 5056 igne
3206 4992 3450 5044 comburi

1873 5084 2162 5145 spectaret,
2213 5090 2424 5126 summa
2483 5091 2613 5128 voce
2661 5076 2958 5130 clamavit:
3015 5079 3056 5130 Ο
3106 5087 3330 5147 tyranne
3396 5095 3453 5136 et

1876 5169 2126 5230 sceleste,
2184 5167 2312 5237 quid
2344 5167 2468 5219 mali
2528 5167 2692 5219 frater
2737 5183 2890 5221 meus
2931 5171 3223 5233 commisit,
3265 5183 3324 5225 ut
3379 5175 3451 5226 ita

1878 5259 2168 5314 crudeliter
2233 5273 2354 5310 cum
2421 5257 2671 5311 cruries?
2757 5257 2928 5312 .Iussit
3002 5258 3334 5315 Aurelianus
3396 5271 3452 5316 ct

1880 5350 2149 5405 Juhauam
2181 5351 2232 5401 in
2270 5349 2413 5417 ligno
2456 5349 2684 5416 alligari,
2726 5357 2778 5402 el
2813 5365 3074 5426 accensas
3118 5351 3261 5405 faces
3307 5352 3360 5407 iit
3389 5369 3451 5405 os

1884 5449 2022 5516 eius,
2054 5456 2110 5500 et
2168 5446 2221 5497 in
2252 5453 2420 5498 totutn
2469 5459 2666 5513 corpus
2698 5445 2950 5498 adhiberi
2983 5463 2997 5510 ;
3045 5446 3130 5499 cui
3163 5455 3220 5499 et
3266 5447 3398 5500 dixrt
3434 5464 3450 5498 :

1886 5538 2362 5610 lmpudentissima
2407 5538 2620 5602 mulier,
2663 5538 2946 5601 erubesce,
2997 5539 3452 5606 quemadmodum

1885 5702 1904 5734 ⁷
1939 5698 2108 5752 Exod.
2143 5710 2333 5755 xxxiii,
2362 5693 2431 5746 20
2550 5695 2570 5726 ⁸
2601 5695 2720 5746 Act.
2755 5710 2805 5755 x,
2832 5692 2920 5747 '58.
3010 5694 3030 5726 ⁸
3056 5693 3192 5747 Psal.
3225 5707 3334 5757 ενι,
3365 5692 3456 5748 l6.

3067 5852 3135 5914 19
