4198 6438
167 392 280 454 589

1461 394 1634 454 νιΤΑ
1678 393 1740 452 S.
1788 389 2136 451 ANDREE.

3316 393 3428 455 590

243 504 298 555 ‘2.
337 500 775 555 l‘orrolmdierni
813 504 980 555 noStri
1030 503 1233 573 pugiles
1297 504 1349 556 in
1408 504 1570 556 variis
1628 503 1748 556 aliis
1783 509 1819 563 Α
1852 501 1932 554 cia
1963 503 2157 555 natalis
2191 504 2362 556 sancti
2408 503 2632 560 Andreae
2659 502 2882 566 tribuni,
2929 501 3273 558 etsociorum
3326 505 3430 558 mi-

170 594 353 645 Fastis
385 595 551 646 sacris
613 609 1016 649 memorantur:
1065 599 1264 649 etenim
1322 595 1372 648 in
1427 595 1750 648 Kalendario

171 682 550 738 Ruthenorum
583 687 724 752 apud
775 687 1127 740 Possevinum
1193 689 1248 740 lit
1272 688 1477 739 mentio
1509 687 1561 739 S.
1593 687 1742 739 Mart.

165 777 400 829 Andreie
427 795 439 828 :
467 777 518 828 in
563 778 760 832 .llettaao
783 777 1050 840 Chililetii,
1075 777 1324 844 Ἀνδρέου
1382 777 1748 846 Σρατηλάτου,

167 869 403 921 Andre-.1:
467 870 718 922 militaris
770 871 942 922 ducis.
1000 869 1436 938 Martyrologium
1495 869 1751 920 Arabico-

167 959 484 1029 z‘Egyptium
516 977 699 1012 acms.
731 961 1070 1014 Taurinense
1096 978 1218 1014 cum
1265 961 1434 1029 ipsius
1490 970 1600 1013 tum
1666 975 1752 1011 so-

167 1058 382 1105 ciorum
411 1056 460 1105 in
495 1069 694 1122 genere
757 1056 1104 1119 nteuiinere;
1167 1070 1399 1121 quorum
1452 1068 1742 1106 numerum

185 1146 521 1203 determinat
599 1145 960 1212 Menulogium
1053 1143 1531 1198 Slavo-Russicunt
1588 1143 1750 1212 Spar-

167 1237 594 1291 \\'etifeldtatiurti
674 1237 863 1287 eodem
934 1236 1125 1299 modo,
1194 1251 1300 1301 quo
1369 1233 1626 1302 Typicum
1687 1247 1746 1285 ac

167 1325 533 1394 Menologium
564 1325 762 1378 Sirleti.
797 1325 1150 1392 Synaxarium
1175 1341 1204 1376 e
1226 1324 1541 1394 Menologio,
1594 1325 1748 1391 jussu

165 1418 354 1470 Basilii
414 1418 756 1485 imperatoris
817 1416 1062 1474 collecto,
1123 1426 1245 1484 post
1301 1416 1445 1468 hunc
1512 1416 1748 1479 titulum,

167 1508 465 1563 Certamen
516 1508 686 1561 sancti
751 1509 1220 1577 megalomartyris
1273 1508 1502 1560 Andrea:
1550 1507 1752 1559 militiae

169 1599 348 1659 ducis,
383 1614 446 1652 ac
475 1601 744 1651 sociorum
779 1602 916 1665 ejus,
984 1599 1133 1666 ponit
1171 1599 1430 1650 Actorum
1490 1613 1748 1664 compen-

167 1693 342 1752 dium,
372 1695 529 1760 cujus
559 1702 735 1745 textus
774 1693 991 1744 Graecus
1016 1707 1248 1744 excusus
1280 1693 1437 1743 datur
1455 1691 1518 1742 ad
1550 1690 1750 1743 calcem

169 1785 302 1837 tomi
341 1786 359 1836 Ι
401 1785 602 1837 mensis
657 1784 904 1852 Augusti,
961 1782 1151 1835 Latine
1220 1791 1396 1834 autent
1443 1782 1518 1833 sic
1547 1789 1748 1834 sonat:

1861 595 2032 656 litum,
2070 594 2156 660 qui
2192 595 2414 648 victoria
2477 597 2542 646 de
2595 595 2774 648 Persis
2801 595 3064 648 divinitus
3117 597 3334 666 adepta,
3364 598 3429 650 ad

1859 684 2016 737 ﬁdem
2049 685 2248 737 Christi
2280 687 2550 744 conversi,
2576 696 2627 740 et
2659 687 2760 738 hoc
2791 689 3006 738 nomine
3032 689 3290 748 accusati,
3331 691 3434 742 sub

1863 773 2186 827 Maximiano
2223 777 2548 844 imperatore
2610 778 2660 829 in
2692 777 2959 845 angustiis
3009 778 3168 830 Tauri
3233 782 3434 832 montis

1861 865 1928 916 ab
1961 866 2195 917 exercitu
2217 867 2424 919 Seleuci
2447 867 2690 934 praesidis
2722 869 2972 921 trucidati
3000 878 3143 921 sunt.
3176 891 3193 918 ι

1931 959 1986 1012 4.
2020 957 2152 1023 Quia
2181 974 2311 1011 vero
2359 960 2501 1012 circa
2538 961 3009 1013 annuntiationem
3046 963 3183 1027 apud
3225 960 3436 1016 Galesi-

1859 1047 2010 1100 nium
2043 1051 2301 1102 nonnulla
2355 1065 2477 1102 mox
2508 1061 2666 1104 crunt
2725 1052 2981 1113 notanda,
3012 1053 3156 1104 illam
3218 1068 3434 1121 quoque

1861 1131 1946 1188 hic
1969 1139 2295 1204 prremittere
2329 1139 2501 1190 visum
2539 1149 2643 1193 est.
2707 1139 2794 1192 Sic
2833 1140 2991 1207 igitur
3040 1151 3232 1194 sonat:
3268 1159 3286 1190 ‹
3318 1144 3434 1194 Cie-

1859 1243 2050 1290 sarcre,
2083 1241 2394 1283 sanctorum
2423 1239 2715 1300 martyrum
2746 1230 2938 1300 Magni,
2966 1232 3216 1295 Andreae,
3259 1241 3313 1286 et
3349 1249 3438 1286 so-

1859 1320 2090 1380 ciorum,
2116 1322 2396 1390 quingenti
2433 1331 2488 1375 et
2543 1322 2836 1390 nonaginta
2863 1332 3094 1390 septem,
3141 1341 3262 1376 cum
3321 1325 3438 1379 leo-

1860 1426 1984 1463 nem
2015 1414 2431 1478 conspexissent
2462 1413 2515 1464 in
2555 1411 2804 1470 homines
2840 1428 2868 1465 a
2919 1414 3021 1466 ﬁde
3070 1414 3276 1466 alienos
3333 1430 3434 1468 ste-

1861 1503 2117 1564 Vientem,
2153 1503 2216 1555 ad
2254 1505 2393 1557 bcati
2421 1506 2668 1574 martyris
2700 1505 2873 1574 Magni
2899 1506 3065 1574 pedes
3090 1518 3436 1564 mansuetum

1861 1605 1914 1646 et
1943 1603 2266 1661 prostratum
2305 1596 2514 1660 jacere;
2579 1597 2658 1648 rei
2699 1597 3126 1652 admirabilitate
3156 1600 3436 1662 commoti,

1863 1685 1926 1736 ad
1963 1685 2165 1738 Christi
2198 1686 2354 1742 Iidem
2385 1700 2441 1738 se
2477 1687 2849 1740 contulerunt.
2902 1688 3270 1750 Quamobrem
3315 1690 3440 1743 Ale-

1862 1778 2050 1829 xandri
2087 1778 2329 1844 pricsidis
2347 1779 2498 1848 jussu
2525 1780 2698 1846 capite
2717 1778 3046 1846 plectuntur,
3068 1777 3292 1853 Magnus
3309 1794 3439 1832 vero

177 1896 194 1927 ι
243 1879 368 1929 Erat
398 1879 505 1936 hic,
547 1878 846 1944 imperante
869 1876 1212 1936 Maximiano,
1266 1875 1374 1927 dux
1407 1874 1640 1926 militum
1699 1874 1750 1925 in
1779 1863 1829 1921 Β
1860 1866 2128 1935 lapidibus
2168 1871 2438 1921 obruitur.
2477 1889 2494 1918 ι
2527 1871 2884 1923 Annuntiatio
2932 1873 3044 1923 tunc
3092 1872 3350 1924 convenit
3376 1869 3434 1924 S.

171 1969 426 2023 orientali
457 1969 673 2037 regione
715 1968 816 2020 sub
844 1967 1132 2030 Antiocho,
1161 1967 1252 2035 qui
1308 1966 1562 2020 universo
1615 1966 1754 2018 ritili-

173 2072 289 2116 tum
324 2061 530 2131 agmini
571 2068 824 2128 praeerat.
877 2061 918 2109 A
953 2074 1060 2127 quo
1113 2069 1400 2127 postquam
1459 2075 1563 2111 una
1629 2074 1753 2111 cum

174 2155 298 2207 aliis
328 2153 535 2206 militia:
557 2153 786 2206 ducibus
819 2152 1018 2204 missus
1049 2160 1193 2204 esset
1245 2151 1503 2202 adversus
1538 2149 1753 2211 Persas,

172 2257 230 2300 et
252 2246 534 2298 Christum
565 2248 897 2306 invocasset,
919 2242 971 2294 iit
1003 2242 1182 2311 fugam
1199 2243 1306 2310 egit
1329 2242 1541 2300 Persas,
1565 2249 1618 2292 et
1638 2248 1759 2306 post

176 2335 509 2402 insperatam
546 2335 823 2385 victoriam
883 2334 1057 2386 soeios
1085 2347 1182 2386 nos
1240 2331 1302 2384 ad
1354 2330 1553 2384 Christi
1596 2329 1756 2382 tidem

176 2428 461 2494 pertraxit.
495 2425 746 2478 Accusati
778 2442 903 2478 vero
935 2425 1075 2493 apud
1110 2424 1456 2486 Antiochum,
1506 2433 1759 2491 tauquam

175 2518 252 2571 rei
281 2519 507 2585 judicio,
535 2535 716 2571 coram
750 2519 866 2584 ipso
903 2519 1125 2570 astitere
1155 2537 1165 2569 :
1234 2528 1287 2570 et
1318 2519 1430 2584 ipse
1459 2517 1674 2583 quidem
1708 2517 1760 2567 in

176 2608 322 2666 lecto
362 2613 540 2662 teneo
568 2610 736 2676 ignito
769 2609 868 2659 l'uit
920 2617 1217 2669 extensus;
1264 2608 1536 2658 sociorum
1572 2616 1751 2658 autem

178 2717 208 2753 e
276 2701 565 2768 quadratis
623 2700 781 2769 lignis
842 2715 1033 2751 manus
1105 2697 1344 2751 transﬁxi
1397 2706 1524 2750 sunt
1574 2697 1761 2752 clavis.

183 2792 393 2845 Deinde
427 2804 607 2848 autem
637 2809 698 2845 ex
732 2792 849 2846 aliis
903 2793 1069 2853 mille,
1098 2793 1324 2859 jubente
1375 2791 1665 2856 Antiocho,
1733 2805 1764 2843 e

177 2887 427 2956 regionis
490 2886 689 2938 ﬁnibus
714 2886 886 2938 exacti
925 2901 936 2934 :
971 2900 1105 2950 quos
1136 2885 1224 2936 ubi
1257 2885 1598 2935 instruxisset
1630 2883 1767 2935 San-

175 2988 330 3040 ctus,
359 2978 424 3030 ad
453 2977 653 3028 Citriin
698 2978 854 3027 tidem
887 2972 1136 3026 adduxit.
1206 2975 1334 3025 [lem
1395 2972 1480 3027 ubi
1541 2989 1763 3039 compe-

176 3070 345 3120 risset
388 3067 713 3127 Antiochus,
771 3080 972 3134 eosque
1021 3065 1180 3118 simul
1249 3080 1371 3116 cum
1435 3063 1518 3116 his
1568 3065 1766 3133 quibus

175 3167 436 3227 pra-erat,
460 3169 605 3210 esset
635 3159 930 3220 insecutus,
964 3173 1154 3211 omnes
1182 3174 1310 3211 ense
1339 3156 1631 3216 interemit,
1653 3172 1767 3208 oin-

177 3251 445 3318 niumque
490 3259 824 3318 postremum
887 3253 1181 3309 Andream,
1249 3251 1512 3302 illustrem
1559 3248 1759 3301 Christi

177 3353 499 3411 martyrem,
534 3350 587 3393 et
619 3341 759 3392 inter
783 3339 1015 3392 athletas
1047 3338 1185 3390 fama
1210 3337 1498 3390 celebrem.
1537 3355 1553 3384 ι

253 3432 426 3498 Quam
467 3432 814 3486 memorabile
856 3433 1018 3499 hujus
1073 3430 1238 3484 nostri
1307 3429 1764 3500 Megalontarlyris

171 3543 276 3588 seu
315 3525 487 3592 Magni
524 3526 772 3590 martyris
841 3538 1038 3575 nomen
1070 3532 1148 3574 est
1216 3523 1356 3589 apud
1395 3523 1629 3584 Gnaeos,
1658 3532 1764 3574 tam

179 3619 399 3670 celebre
439 3617 598 3666 etiam
626 3623 707 3665 est
737 3615 878 3678 apud
935 3613 1171 3674 Latinos,
1216 3613 1609 3678 antiquissimis
1665 3613 1768 3663 uti-

178 3724 289 3776 que
325 3722 386 3758 ac
422 3707 605 3774 primae
640 3716 778 3757 nota-
802 3703 1195 3774 Martyrologiis
1231 3702 1575 3770 inscriptum.
1635 3700 1766 3754 Nam

186 3799 594 3854 Usuardushac
635 3799 719 3850 die
749 3799 820 3849 ita
851 3813 972 3856 eum
1030 3797 1238 3849 refert:
1283 3814 1298 3845 ι
1344 3794 1547 3848 Natalis
1594 3796 1767 3849 sancti

186 3894 390 3962 Magni,
418 3907 511 3944 seu
569 3893 740 3943 sancti
808 3890 1035 3942 Andrea:
1099 3888 1371 3955 martyris,
1428 3903 1550 3940 cum
1607 3889 1770 3941 sociis

184 3986 305 4037 suis
338 3984 553 4035 duobus
594 3981 833 4033 millibus
879 3980 1188 4046 quingentis
1240 3978 1530 4043 nonaginta
1560 3987 1613 4029 et
1645 3993 1769 4046 sep-

189 4086 323 4129 tem.
368 4093 384 4123 ι
425 4074 501 4125 Ad
532 4089 692 4140 quam
723 4071 1200 4123 annuntiationem
1266 4069 1496 4136 istajam
1561 4069 1770 4135 pridem

189 4166 245 4217 in
285 4163 537 4218 Usuardo
571 4179 599 4214 a
673 4162 828 4214 nobis
877 4161 1023 4213 edito
1081 4169 1135 4212 et
1159 4161 1427 4212 illustrato
1486 4160 1770 4212 observata

186 4270 320 4314 sunt
348 4302 360 4313 .
403 4277 419 4308 ι
453 4257 723 4311 Andream
747 4255 887 4324 apud
916 4253 1128 4307 Graecos
1154 4255 1565 4322 inclytissintum
1588 4254 1775 4320 Mega-

191 4356 541 4420 lomartyrem
585 4347 930 4417 Martyrologi
960 4347 1128 4397 nostri
1158 4346 1329 4397 Latini
1364 4342 1774 4398 verosimillltne

189 4460 253 4497 ex
272 4443 452 4496 Graeca
472 4439 826 4510 appellatione
852 4438 1146 4490 binomium
1170 4435 1394 4487 fecerint
1411 4432 1660 4500 Magnum
1681 4446 1774 4483 Seu

192 4537 490 4588 Andream.
528 4534 617 4582 διε
641 4533 843 4582 etenim
875 4529 1038 4588 Beda,
1076 4535 1237 4593 prout
1261 4525 1401 4593 apud
1436 4539 1536 4577 nos
1597 4525 1775 4576 editus

191 4634 377 4687 eSt,ct
422 4640 488 4678 ex
525 4638 590 4676 eo
645 4621 923 4678 Rabanus,
979 4619 1284 4672 Romanum
1336 4633 1581 4686 parvum,
1636 4616 1773 4679 Ado,

193 4731 273 4780 et,
327 4734 484 4788 cujus
520 4719 629 4785 jam
693 4717 853 4768 verba
879 4713 1148 4774 dedimus,
1213 4711 1519 4765 Usuardus.
1587 4707 1778 4761 Melius

197 4811 434 4860 fortasse
460 4802 740 4874 legissent,
776 4803 952 4870 magni
985 4804 1216 4854 Audi-ea.-
1252 4818 1266 4854 :
1293 4816 1474 4868 neque
1508 4800 1652 4851 enim
1679 4814 1775 4851 ve-

200 4898 444 4955 rosimile
467 4905 618 4964 puto,
657 4894 1044 4961 lllartyroIOgos
1074 4903 1295 4946 nostros
1351 4894 1622 4946 Andream
1680 4891 1778 4942 tri-

199 4991 407 5042 bunum
438 4990 670 5041 militum
720 5001 844 5040 cum
911 4986 1101 5056 Magno
1165 4987 1422 5054 episcopo
1491 4984 1775 5054 Anagnino

200 5081 536 5136 confundere
565 5083 819 5134 voluisse.
862 5098 880 5130 ι
920 5078 1070 5132 Hanc
1101 5078 1537 5130 observationem
1577 5079 1641 5129 de
1673 5077 1777 5129 du-

203 5174 332 5240 plici
363 5172 583 5226 nomine
600 5171 774 5223 eidem
800 5182 989 5225 nostro
1012 5175 1232 5238 martyri
1258 5181 1544 5238 perperam
1582 5169 1776 5232 indito,

203 5265 432 5317 interius
465 5263 785 5317 conﬁrmare
829 5265 1168 5319 conabimur.
1227 5261 1499 5317 Habemus
1561 5263 1776 5316 interim

204 5369 272 5407 ex
305 5357 466 5409 dictis
496 5361 512 5425 (
545 5356 678 5408 nihil
701 5359 900 5424 quippe
935 5357 1079 5426 cogit
1106 5371 1298 5410 omnes
1330 5355 1448 5408 illas
1481 5355 1776 5408 annuntia-

206 5448 386 5500 tiones
419 5448 522 5500 huc
554 5449 792 5518 integras
857 5450 1219 5502 transcribere
1253 5453 1270 5509 )
1302 5449 1478 5518 magni
1541 5448 1778 5502 nominis

207 5541 497 5603 martyrem
535 5541 697 5594 fuisse
726 5540 780 5593 S.
835 5542 1100 5594 Andream
1160 5541 1210 5593 in
1270 5540 1504 5594 Ecclesia
1566 5539 1777 5592 Latina.

214 5629 288 5682 De
332 5624 718 5682 Wandelberto
785 5640 967 5699 postea
1024 5645 1267 5700 agemus.
1336 5630 1778 5700 Martyrologium

213 5719 517 5771 Romanum
563 5721 879 5775 modernum
934 5722 1005 5774 ita
1055 5723 1121 5775 de
1176 5723 1264 5775 illo
1317 5723 1524 5790 legitac
1595 5722 1778 5782 sociis,

213 5827 446 5881 quorum
479 5819 657 5864 tamen
687 5828 974 5869 numerum
1003 5829 1105 5869 non
1129 5816 1452 5870 determinat
1490 5830 1501 5865 :
1544 5815 1628 5865 iln
1650 5813 1778 5868 Cili-

1857 1956 2074 2026 Magno,
2111 1960 2269 2026 cujus
2297 1961 2612 2028 martyrium
2659 1963 2908 2030 pluribus
2935 1963 3198 2016 describit
3246 1963 3440 2017 Petrus

1860 2051 1925 2104 de
1951 2051 2346 2104 Natalibuslib.
2390 2053 2444 2114 7,
2489 2067 2608 2118 cap.
2679 2053 2792 2116 76;
2838 2054 3023 2120 inquo
3077 2063 3256 2105 tamen
3313 2067 3438 2106 cum

1864 2143 2073 2196 nullum
2106 2147 2169 2197 de
2207 2141 2264 2196 S.
2295 2143 2514 2196 Andrea
2559 2145 2830 2197 inveniam
2867 2143 3181 2213 vestigium,
3240 2146 3437 2198 mirum

1860 2234 1996 2286 mihi
2054 2235 2271 2295 accidit,
2364 2235 2534 2300 ipsius
2619 2253 2816 2290 nomen
2903 2238 3175 2292 intrusum
3232 2238 3332 2306 legi
3384 2240 3440 2292 in

1860 2327 2002 2380 dicta
2043 2327 2478 2379 annuntiatione.
2505 2326 2609 2379 Sed
2639 2343 2724 2380 res
2752 2330 2864 2381 haec
2894 2330 3140 2396 pluribus
3185 2340 3442 2384 tractatur

1862 2420 2006 2490 apud
2039 2435 2138 2473 nos
2167 2420 2267 2473 hac
2297 2418 2406 2481 die,
2443 2433 2547 2487 qua
2580 2419 2646 2472 de
2673 2430 2864 2474 sancto
2905 2420 3099 2491 Magno
3119 2423 3442 2492 Cappadoee

1864 2516 2060 2585 agitur,
2086 2531 2206 2584 pag.
2243 2511 2541 2565 7l'l.Nunc
2573 2513 2638 2565 de
2665 2513 3088 2569 hallucinatione
3127 2515 3444 2587 Martyrolo-

1865 2624 2055 2677 gorum
2089 2606 2342 2673 superius
2377 2606 2610 2656 indicata
2646 2616 2699 2658 et
2727 2605 2813 2658 hic
2834 2607 3083 2674 pluribus
3145 2611 3441 2666 refellenda

1869 2699 2224 2753 tractabimus
2257 2711 2271 2760 ;
2301 2711 2328 2748 c
2355 2710 2458 2762 qua
2487 2697 2701 2749 videtur
2727 2697 2992 2766 originem
3047 2701 3276 2757 traxisse
3340 2704 3445 2758 Ga-

1867 2790 2151 2844 lesiniana.

2032 2884 2095 2936 Et
2131 2899 2190 2937 ea
2231 2883 2445 2951 quidem
2488 2895 2566 2936 est
2601 2882 2798 2952 duplex
2837 2901 2852 2948 ;
2887 2883 3057 2940 altera
3100 2887 3155 2942 in
3207 2904 3274 2943 eo
3305 2906 3436 2944 ver-

1871 2986 2040 3038 satur,
2093 2978 2252 3042 quod'
2295 2976 2352 3029 S.
2412 2977 2653 3030 Andreae
2707 2976 3014 3033 addiderint
3072 2996 3267 3036 nomen
3336 3001 3445 3038 non

1869 3081 2050 3128 suum,
2117 3067 2290 3135 Magni
2346 3069 2643 3128 Videlicet;
2704 3072 2871 3123 altera
2937 3075 3200 3125 incertior
3240 3078 3445 3142 priore,

1871 3157 2014 3226 quod
2058 3157 2254 3209 alicubi
2308 3158 2444 3211 forte
2471 3158 2528 3211 S.
2583 3157 2807 3228 Magnus
2861 3162 3021 3215 aliter
3065 3168 3446 3230 annuntietttr,

1870 3265 2030 3318 quam
2065 3249 2280 3311 debeat,
2315 3251 2390 3303 uti
2443 3267 2563 3304 mox
2593 3252 2856 3309 referam.
2893 3256 2972 3309 Ad
3002 3259 3233 3326 priorem
3297 3263 3440 3330 quod

1869 3343 2086 3402 attinet,
2117 3353 2312 3408 praeter
2347 3341 2432 3392 illa
2457 3381 2469 3404 ,
2498 3358 2616 3408 quae
2683 3345 2844 3409 paulo
2895 3357 3019 3398 ante
3068 3349 3448 3414 praemisimus,

1869 3433 1982 3487 haec
2015 3435 2152 3486 addo
2184 3433 2249 3486 ad
2283 3435 2539 3501 majorem
2566 3432 2781 3486 illorum
2820 3438 3313 3495 conﬁrmationem.
3350 3443 3452 3496 Ba-

1872 3529 2060 3580 ronius
2102 3528 2153 3578 in
2191 3528 2566 3580 notationibus
2606 3528 2706 3581 hac
2744 3527 2831 3581 die
2862 3529 2926 3581 19
2983 3534 3210 3599 Augusti
3246 3535 3309 3588 ad
3344 3548 3443 3588 παι

1869 3621 2266 3673 nuntiationem
2305 3620 2660 3690 Martyrologii
2708 3620 2935 3674 Romani
2969 3609 3198 3677 Andreae
3242 3627 3444 3681 tribuni

1871 3720 1922 3762 et
1950 3726 2086 3772 soc.,
2134 3730 2149 3757 ι
2186 3710 2256 3760 De
2314 3711 2418 3769 his,
2467 3712 2558 3770 ait,
2600 3712 2699 3762 hac
2753 3711 2838 3764 die
2902 3710 3135 3766 Usuard.
3187 3724 3238 3767 et
3289 3717 3448 3778 Atio;

1872 3800 1998 3853 licet
2037 3800 2303 3851 Andream
2359 3814 2480 3851 cum
2513 3796 2568 3850 S.
2607 3797 2796 3866 Magno
2830 3799 3192 3852 confundant.
3236 3820 3252 3851 ι
3294 3802 3450 3854 Hune

1873 3908 2114 3947 errorem
2131 3897 2291 3945 etiam
2325 3891 2553 3961 castigat
2577 3890 2898 3945 Lambecius
2920 3890 3447 3949 Commentariorum

1875 3986 1939 4037 de
1965 3985 2291 4037 bibliotheca
2315 3985 2560 4035 Ciesarea
2595 3982 3030 4046 Vindobonensi,
3053 3984 3145 4038 lib.
3180 4001 3296 4048 rttt,
3328 4003 3450 4056 pag.

1873 4076 2001 4137 20:2,
2025 4075 2111 4129 ubi
2153 4077 2439 4129 occasione
2468 4073 2732 4126 versionis
2763 4072 2967 4127 Latinae
2997 4086 3051 4128 et
3075 4075 3282 4131 exordii
3344 4078 3454 4132 Ac-

1879 4174 2053 4218 torum
2090 4166 2148 4218 S.
2175 4165 2402 4218 Andr-em
2424 4179 2484 4215 ac
2508 4163 2776 4216 sociorum
2807 4160 2947 4231 apud
2968 4161 3184 4216 Surium
3222 4166 3319 4219 hac
3343 4170 3451 4230 die,

1884 4274 1901 4304 ‹
1943 4255 2251 4324 Martyrium
2283 4253 2339 4306 S.
2370 4254 2617 4317 Andreae,
2647 4254 2800 4307 ducis
2839 4256 3134 4319 exercitus,
3189 4269 3244 4310 et
3281 4257 3456 4312 socio-

1879 4363 2022 4408 rum,
2066 4357 2290 4400 auctore
2329 4347 2601 4416 Symeone
2637 4344 3024 4413 Metaphraste.
3063 4346 3299 4402 Vocatur
3355 4366 3453 4403 att-

1882 4450 1986 4493 tem
2027 4440 2112 4491 hic
2141 4438 2385 4490 Andreas
2418 4438 2581 4490 etiam
2618 4451 2869 4504 magnus,
2893 4455 2910 4488 ι
2949 4449 3082 4499 etc.,
3114 4439 3194 4492 sic
3221 4442 3450 4497 scribit:

1811 4557 1851 4611 ο
1888 4551 1906 4583 ι
1945 4531 2060 4586 Hoc
2089 4546 2196 4584 non
2228 4539 2310 4583 est
2354 4528 2764 4597 intelligendum
2819 4531 2886 4583 de
2951 4536 3174 4586 neruine
3230 4535 3456 4604 pr0prio

1881 4623 2100 4692 Magni;
2138 4624 2338 4692 quippe
2388 4623 2532 4690 quod
2582 4621 2638 4676 S.
2693 4622 2936 4676 Andreas
2969 4623 3288 4680 Stratelates
3345 4642 3456 4680 non

1883 4716 2095 4779 habuit,
2137 4715 2229 4767 sed
2255 4723 2463 4766 tantum
2521 4713 2587 4764 de
2621 4713 2775 4765 titulo
2811 4714 3309 4784 Μεγαλομάρτυρος
3340 4719 3457 4772 sive

1881 4806 2067 4875 Magni
2102 4803 2376 4873 martyris,
2418 4801 2508 4871 qui
2535 4800 2610 4854 illi
2660 4802 2714 4855 in
2747 4802 2911 4870 hujus
2968 4806 3304 4861 narrationis
3363 4808 3452 4862 in-

1881 4899 2179 4966 scriptione
2227 4897 2411 4950 Graaca
2473 4898 2698 4950 honoris
2747 4912 2913 4951 causa
2976 4900 3252 4953 tribuitur.
3324 4902 3456 4956 Pcr-

1881 5004 2063 5058 peraui
2098 4990 2256 5058 igitur
2313 4998 2367 5041 et
2406 4987 2639 5040 absurde
2687 4987 2741 5039 in
2789 4987 2996 5040 Adonis
3051 4989 3453 5059 archiepiscOpi

1887 5070 2208 5133 Viennensis
2223 5079 2594 5148 Martyrologio
2624 5078 2712 5131 die
2741 5076 2805 5131 19
2826 5079 3054 5151 Augusti
3083 5081 3315 5151 legitur:
3346 5085 3456 5140 Na-

1883 5173 2006 5227 talis
2039 5173 2209 5226 sancti
2238 5171 2409 5239 Magni
2437 5187 2532 5224 seu
2560 5171 2732 5224 sancti
2761 5172 3020 5236 Andreae,
3059 5194 3078 5225 ι
3104 5184 3209 5230 etc.
3256 5179 3449 5237 Merito

1886 5268 2068 5335 itaque
2095 5267 2218 5324 ista,
2259 5282 2276 5314 ι
2335 5264 2572 5319 Vocatur
2624 5274 2807 5318 autem
2859 5263 2949 5321 hic
2989 5267 3230 5323 Andreas
3285 5272 3449 5327 etiam

1886 5358 2124 5426 Magnus,
2162 5375 2179 5407 ι
2214 5359 2411 5411 omissa
2444 5367 2573 5411 sunt
2603 5357 2657 5410 in
2685 5358 2927 5414 editione
2945 5360 3113 5420 Surii,
3137 5377 3282 5415 anno
3313 5364 3452 5419 1618

1884 5448 2119 5503 Coloniae
2149 5449 2314 5504 edita.
2349 5447 2475 5501 Hice
2502 5449 2568 5502 de
2604 5463 2790 5502 errore
2830 5449 2959 5502 isto.
3015 5449 3075 5504 ln
3105 5452 3270 5507 alium
3313 5455 3452 5508 forte

1888 5539 2069 5604 lapsus
2119 5548 2203 5591 εει
2259 5535 2703 5601 Wandelbertus,
2738 5538 2870 5592 dum
2924 5538 3106 5595 eidem
3155 5554 3450 5612 martyrum

1888 5627 2168 5696 manipulo
2219 5626 2431 5679 videtur
2484 5627 2804 5694 adjunxisse
2853 5626 2910 5682 S.
2952 5628 3201 5699 Magnum
3237 5630 3452 5699 Cappa-

1889 5718 2100 5778 docem,
2138 5720 2222 5770 cui
2272 5718 2429 5771 aliam
2465 5719 2704 5786 martyrii
2745 5719 3046 5789 palaestram
3107 5735 3268 5790 supra
3311 5727 3452 5779 assi-

1891 5811 2198 5878 gnavimus.
2240 5810 2330 5867 Sic
2380 5812 2523 5864 enim
2559 5812 2703 5866 canit
