4198 6438
759 402 849 474 set
2000 380 2283 441 nensxs
2323 376 2749 438 aususrus.

2362 491 2665 560 Aindigni,
2727 492 2954 546 nomina
3010 493 3406 557 invocaverint,
3464 502 3662 563 praesta
3721 491 4042 560 petitiones

767 517 987 582 Magum
1021 519 1074 564 et
1101 509 1337 562 Andreus
1369 511 1558 582 quarta
1589 503 1835 582 denaque.
1860 504 2135 551 coruscant
2174 512 2189 548 :

762 571 968 655 Sapiam
1005 583 1288 650 nonaginta
1325 571 1666 655 et'quingcnti
1689 571 2044 655 comitpntur,

763 638 904 720 Orio:
935 662 1130 722 pariter
1145 638 1335 703 'sancti
1363 638 1621 699 siittut'his
1648 644 1724 694 bis
1761 638 1904 693 mille
1938 647 2244 707 sequuntur.

834 763 1065 820 6.V'aria
1090 770 1215 814 sunt
1242 760 1499 810 Act-orum
1521 751 1865 821 exemplaria.
1886 747 2342 803 Lambeciusloco

767 862 1072 925 citatopag.
1102 854 1196 908 201
1226 862 1270 905 et
1299 851 1406 904 20⁸2
1436 862 1604 900 unum
1638 846 1790 904 affert
1813 846 1914 898 hoc
1943 843 2096 896 titulo
2115 857 2176 893 ac
2197 839 2342 908 prin-

761 950 906 1018 cipio
936 967 947 1002 :
992 950 1068 1016 Τῇ
1102 947 1240 1015 αὑτῇ
1284 945 1486 1012 ἡμέρᾳ.
1527 938 1783 1003 Ἀθλησις
1830 937 1921 988 τοῦ
1956 936 2112 1000 ἁγίου
2145 935 2237 982 καὶ
2261 932 2343 981 ὲν-

758 1045 908 1108 δὸξῦυ
955 1040 1438 1111 μεγαλθμάρτνρθῖ
1497 1031 1748 1097 Ἀνδρέου
1799 1027 1893 1078 τοῦ
1922 1023 2341 1093 Στρατηὶάτηυ.

768 1139 862 1189 καὶ
893 1135 1001 1185 τῶν
1047 1133 1142 1184 σὺν
1193 1126 1337 1196 αὑτῷ
1387 1123 1779 1177 τελειωθέντων
1822 1119 2096 1187 δισχιλίων
2151 1133 2346 1166 πεντα-

771 1229 972 1281 κοσίων
1003 1224 1354 1290 ἐννενήκοντα
1384 1219 1570 1289 τριῶν.
1606 1217 1692 1267 Ἑν
1723 1216 1835 1273 τοῖς
1883 1213 2091 1280 χρόνοις
2127 1209 2223 1275 τῆς
2251 1206 2344 1258 τοῦ

766 1317 1136 1372 ἀσεϐεστάτου
1188 1310 1529 1375 Μαξιμιανοῦ
1587 1306 1859 1375 βασιλείας
1914 1301 2149 1367 διωγμὸς
2205 1300 2345 1351 κατᾶ

774 1408 1117 1478 Χριστιανῶν
1149 1407 1367 1472 ἐγένετο
1406 1402 1600 1470 μέγας,
1638 1398 1729 1450 καὶ
1767 1396 1996 1464 μάλιστα
2036 1396 2090 1443 ὲν
2116 1394 2223 1451 τοῖς
2252 1389 2347 1458 μὲ-

771 1517 891 1572 ρεσι
915 1499 1013 1566 τῆς
1053 1497 1250 1564 Συρίας
1276 1511 1289 1525 ·
1333 1489 1476 1560 εἶχεν
1506 1491 1559 1540 δὲ
1596 1491 1712 1540 τότε
1755 1487 1852 1554 τῆς
1895 1485 2071 1534 ἐκεῖσε
2108 1497 2345 1548 στρατηι

767 1597 935 1662 γικῆς
960 1590 1164 1653 τάξεως
1194 1588 1294 1655 τὴν
1321 1583 1495 1650 ἀρχὴν
1545 1580 1810 1646 ’Λντὶοχὸς
1861 1595 1961 1636 τις,
2001 1572 2347 1637 δεισιδαίμων

767 1687 1050 1754 ἄνθρωπος
1094 1679 1189 1744 ὢν,
1227 1687 1323 1730 etc.
1358 1674 1409 1727 Id
1459 1684 1576 1726 cst:
1623 1672 1822 1723 Eadem
1866 1671 1948 1718 die
1976 1665 2068 1734 (l9
2104 1662 2346 1731 Augusti)

770 1788 1037 1830 certamen
1059 1772 1227 1825 sancti
1257 1780 1302 1823 et
1327 1767 1536 1839 gloriosi
1586 1763 1761 1832 magni
1812 1759 2057 1824 martyris
2108 1757 2343 1822 Androm,

773 1870 922 1922 ducis
954 1867 1230 1925 exercitus,
1260 1873 1305 1913 et
1347 1862 1422 1912 bis
1454 1858 1596 1910 mille
1626 1857 2019 1922 quingentorum
2048 1851 2333 1918 nonaginta
2371 1848 2411 1904 Β
2447 1882 2564 1918 r053
2591 1866 2816 1918 ῃυι-ριηιι
2852 1865 2994 1916 inter
3038 1865 3225 1930 spinas
3262 1900 3276 1912 ,

772 1961 937 2012 trium
977 1971 1093 2008 cum
1123 1969 1180 2006 eo
1210 1959 1615 2019 peremptorum.
1672 1944 2004 2010 Temporibus
2051 1942 2344 2009 impiissuni

778 2046 1092 2104 Maximiani
1120 2041 1458 2110 imperatoris
1488 2053 1678 2105 magna
1711 2036 1955 2086 adversus
2019 2031 2344 2084 Christianos

777 2151 921 2195 mota
960 2150 1031 2191 cst
1073 2135 1378 2206 persecutio,
1401 2146 1637 2185 maxime
1661 2130 1709 2179 iu
1746 2129 1979 2194 partibus
2008 2122 2347 2191 Syriw.Qui-

771 2233 895 2284 dam
924 2240 1101 2280 autem
1136 2225 1439 2278 Antiochus.
1469 2217 2055 2287 superstitionideorum
2103 2214 2344 2265 addictus

771 2323 942 2384 homo,
967 2319 1151 2371 ibidem
1188 2325 1312 2368 tunc
1341 2315 1540 2366 ordinis
1582 2309 1829 2361 militaris
1862 2308 2138 2376 imperium
2207 2315 2348 2356 tene-

770 2413 879 2473 bat,
936 2420 1040 2464 etc.
1095 2409 1362 2461 Observat
1411 2401 1735 2455 Lambecius
1784 2399 1920 2451 hanc
1975 2396 2342 2449 narrationem

772 2501 964 2555 Latine
1012 2506 1225 2550 exstare
1278 2494 1420 2562 apud
1456 2491 1808 2543 Laurentium
1866 2487 2103 2544 Surium,
2142 2501 2203 2536 ac
2245 2484 2346 2552 Sy-

771 2586 951 2644 meoni
988 2584 1366 2653 Metaphrastaa
1396 2579 1596 2632 ibidem
1641 2578 1826 2638 tribui,
1859 2585 1915 2628 nt
1944 2575 2104 2627 modo
2136 2574 2348 2624 indica-

775 2689 892 2733 tum
945 2685 1051 2732 est.
1093 2674 1200 2727 Sed
1237 2673 1442 2725 nullum
1487 2669 1729 2736 eiusdem
1785 2667 2067 2733 vestigium
2126 2664 2345 2718 invenio

777 2770 924 2837 apud
965 2766 1220 2820 Allatium
1257 2765 1309 2814 in
1352 2763 1588 2813 Diatriba
1637 2761 1701 2812 de
1732 2758 2056 2827 Symeonnm
2087 2757 2347 2823 scriptisa

773 2881 895 2936 pag.
939 2856 1341 2922 12i,nbiVitas
1369 2860 1675 2912 enumerat,
1712 2864 1850 2917 quas
1889 2859 2144 2915 tanquam
2182 2848 2348 2899 Meta-

773 2957 1010 3026 phrastte
1063 2950 1308 3019 proprias
1348 2949 1542 3012 signal.
1579 2941 1814 2994 Consule
1867 2955 1986 3006 qute
2026 2940 2168 2990 dicta
2220 2947 2350 2990 sunt

775 3057 921 3101 tonio
948 3044 1015 3098 lll
1049 3042 1209 3111 hujus
1242 3039 1446 3092 mensis
1496 3053 1613 3105 pag.
1664 3035 1764 3086 7l9
1794 3035 1860 3085 de
1912 3032 2059 3085 Actis
2092 3033 2147 3083 S.
2189 3031 2346 3100 Enpli

775 3139 1048 3208 martyris.
1122 3133 1396 3187 Habemus
1451 3130 1615 3182 etiam
1682 3125 1956 3194 exemplar
1994 3123 2237 3177 Graecum
2293 3127 2346 3176 in

773 3241 964 3286 nostro
1001 3225 1250 3294 codice-i-
1291 3241 1390 3276 ms.
1429 3223 1550 3282 194,
1588 3220 1745 3288 cujus
1805 3218 2134 3286 exemplaris
2193 3217 2348 3269 titulo

773 3324 1111 3392 praenotatur
1158 3317 1347 3371 eadem
1389 3315 1442 3366 in
1497 3328 1598 3365 ms.
1637 3313 1838 3363 Caesar.
1873 3310 1940 3361 45
1967 3327 2087 3378 pag.
2127 3309 2221 3359 2‘“
2261 3324 2353 3362 ex-

780 3429 950 3470 stare.
985 3413 1144 3470 Aliud
1174 3412 1423 3466 Grarcum
1458 3406 1823 3474 apographnm
1857 3419 2200 3457 asscrramus
2251 3404 2351 3456 hoc

778 3511 937 3564 titulo
970 3525 984 3563 :
1018 3505 1330 3573 Μαρτύριον
1369 3501 1462 3552 τοῦ
1495 3500 1647 3565 ἁγίου
1684 3501 1953 3567 μάρτυρος
1985 3499 2075 3550 τοῦ
2110 3499 2350 3566 Στρατηο

777 3603 966 3662 λὰτου,
996 3614 1057 3651 cx
1085 3596 1208 3649 cod.
1236 3593 1482 3645 Amlzros.
1515 3591 1576 3643 Ν.
1604 3591 1639 3642 Γ.
1674 3589 1868 3651 ιι.159.,
1898 3591 2035 3642 sicut
2062 3590 2348 3644 additurin

776 3692 965 3745 eodem
993 3686 1327 3758 apographo.
1357 3683 1551 3750 Incipit
1581 3700 1593 3735 :
1622 3681 1722 3732 Τὸν
1747 3681 2056 3750 Θαυμαστὸν
2098 3682 2349 3749 Ἀνδρέαν

773 3787 866 3838 τὸν
901 3783 1300 3854 στρατηλάτην.
1333 3776 1629 3832 Mirabilem
1660 3774 1922 3827 Andream
1958 3777 2212 3826 exercitus
2250 3778 2352 3827 (Iu-

774 3893 907 3938 cem,
940 3884 1044 3928 etc.

848 3991 896 4042 7.
944 3985 1209 4039 Baronius
1238 3999 1381 4038 anno
1434 3983 1633 4039 Christi
1694 3984 1789 4039 501
1829 3983 2207 4038 collectionem
2266 3981 2350 4032 hi-

776 4081 1029 4136 storicum
1070 4078 1331 4131 Actorum
1381 4077 1614 4130 intexuit
1646 4093 1660 4129 :
1692 4093 1812 4144 quae
1843 4077 2085 4145 quidem,
2121 4075 2197 4126 ait
2245 4075 2350 4127 ibi-

776 4176 897 4228 dem
935 4187 1085 4226 num.
1119 4171 1173 4237 5,
1204 4185 1462 4239 germana
1501 4180 1821 4223 noscuntur.
1878 4174 1966 4232 At,
2017 4169 2157 4220 bona
2208 4166 2348 4219 emi-

775 4262 1088 4319 nentissimi
1127 4262 1426 4314 cardinalis
1459 4264 1638 4322 venia,
1667 4275 1774 4310 non
1826 4275 2008 4324 paucae
2054 4266 2351 4309 occurrunt

774 4355 1143 4412 dillicultates,
1187 4367 1308 4420 qme
1333 4351 1438 4403 illis
1467 4349 1896 4402 incommodant.
1969 4345 2102 4400 Nam
2151 4349 2347 4414 primo,

777 4466 840 4504 ea
875 4464 982 4501 non
1035 4461 1159 4499 esse
1213 4454 1432 4498 exarata
1474 4460 1502 4497 3
1544 4444 1809 4512 scriptore
1865 4457 2343 4512 (ξοηιθιηρονίιιιρο,

3917 375 4034 440 592

2445 580 2584 643 illas,
2621 596 2740 648 quae
2781 581 2846 633 ad
2881 581 3112 634 salutem
3151 583 3426 650 pertinent
3456 597 3472 646 ;
3504 581 3704 650 quique
3735 579 3800 631 ad
3844 579 4040 632 locum

2447 671 2591 725 hunc
2625 671 2992 741 confugerint,
3030 688 3126 726 eos
3167 683 3386 742 protege
3414 712 3429 726 .
3460 711 3474 725 .
3527 682 3580 725 et
3609 689 3717 740 quo
3749 673 3874 724 loco
3929 673 4042 723 hu-

2445 762 2590 814 milis
2620 762 2843 830 sanguis
2872 771 3062 814 noster
3101 761 3307 815 eﬂ‘nsus
3341 763 3528 821 fuerit.
3559 762 3649 815 fiat
3708 762 3822 813 illis
3863 775 4037 812 cura-

2449 854 2655 905 tionum
2688 855 2839 913 fons,
2891 872 2910 904 ι
2941 862 3048 906 etc.
3072 853 3277 915 Oratio,
3315 856 3556 923 inquam.
3588 853 3670 905 illa
3700 867 3918 903 merum
3954 860 4042 903 est

2447 946 2773 1012 episodinm,
2809 963 2932 1000 cum
2960 963 2986 1000 a
3015 947 3232 1000 nomine
3256 947 3493 1020 potuerit
3531 947 3702 997 audiri
3735 945 3840 995 nisi
3872 959 3899 994 a
3944 958 4037 994 so-

2449 1036 2512 1088 lis
2550 1036 2680 1104 ipsis
2708 1039 3059 1105 martyribus,
3095 1041 3294 1105 quibus
3329 1053 3426 1106 per
3458 1047 3673 1102 tempus
3705 1050 3817 1088 non
3878 1033 4037 1083 licuit

2447 1145 2567 1182 cam
2613 1130 2733 1182 aliis
2773 1130 3001 1182 referre.
3044 1132 3267 1182 Accedit
3306 1146 3390 1191 eo,
3422 1130 3566 1198 quod
3613 1144 3721 1179 non
3773 1126 3911 1177 satis
3957 1124 4040 1174 vi-

2447 1221 2640 1273 deatur
2677 1229 3049 1272 Consentanca
3094 1219 3392 1272 humilitati
3440 1219 3790 1278 Christianzc,
3826 1229 3948 1283 qua:
3984 1213 4040 1264 in

2448 1311 2778 1379 martyribus
2816 1313 3032 1363 elucere
3065 1309 3245 1362 debet.

2519 1403 2568 1455 8.
2617 1404 2824 1464 Tertio,
2888 1406 3085 1455 mirum
3157 1406 3319 1455 etiam
3356 1401 3523 1454 videri
3569 1410 3768 1468 potest,
3824 1397 3883 1450 S.
3925 1398 4040 1449 An-

2449 1498 2659 1553 dream.
2694 1498 2897 1553 Christi
2933 1499 3090 1548 tidem
3123 1499 3454 1564 amplexum,
3499 1499 3683 1563 przelio
3741 1495 3864 1550 nni.
3906 1494 4039 1556 quin

2453 1589 2559 1641 imo
2614 1587 2902 1655 pluribus.
2969 1595 3130 1653 prout
3189 1594 3436 1652 apparet,
3506 1598 3624 1635 sese
3680 1581 4035 1647 extimuisse.

2450 1693 2744 1748 antequam
2781 1681 3028 1747 petiissot
3082 1689 3245 1745 atque
3297 1675 3623 1728 obtinuisset
3675 1672 4036 1738 baptismum.

2450 1761 2765 1836 Audiantnr
2805 1775 2935 1824 Acta
2969 1789 2982 1822 :
3025 1789 3040 1820 ι
3080 1772 3228 1821 Inter
3265 1769 3533 1820 idolorum
3573 1766 3820 1816 cultores
3891 1762 4036 1809 Velut

3319 1903 3330 1914 .
3369 1858 3723 1912 fidelissimus
3773 1853 3865 1908 Dei
3915 1867 4036 1903 ser-

2447 1973 2545 2008 vus
2569 1967 2622 2009 et
2659 1967 2863 2023 martyr
2886 1955 3131 2008 Andreas
3158 1993 3194 2006 ..
3233 1952 3328 2004 Hic
3357 1989 3370 2003 .
3400 1951 3560 2001 .Jcsu
3601 1946 3803 2000 Christi
3875 1955 4033 2009 opem

2446 2061 2736 2103 assecutus
2767 2050 3176 2102 adversantium
3211 2049 3474 2099 bellorum
3495 2045 3680 2095 hostes
3706 2041 4032 2106 superabat,

2447 2155 2500 2197 et
2533 2145 2716 2196 multis
2751 2143 2984 2210 egregiis
3033 2158 3095 2194 ac
3130 2142 3369 2195 strenuis
3401 2138 3735 2192 facinoribus
3796 2133 4036 2185 excelle-

2447 2237 2561 2290 bat.
2601 2238 2749 2290 Bello
2783 2247 2962 2289 autem
2995 2247 3183 2288 contra
3216 2234 3412 2286 Persas
3450 2233 3546 2302 ipsi
3585 2230 3908 2285 commisso.
3943 2239 4039 2277 eos

2448 2329 2614 2392 solos,
2652 2344 2790 2396 quos
2840 2328 3128 2380 manifeste
3187 2326 3428 2378 cwleStts
3485 2324 3650 2391 gratia
3684 2326 3730 2374 ei
3785 2324 4042 2385 designa-

2450 2422 2547 2481 vit.
2579 2436 2762 2472 secum
2802 2422 3028 2477 habens,
3064 2417 3332 2484 oppesitis
3366 2416 3613 2467 hostibus
3652 2413 3904 2480 pra-lium
3960 2414 4041 2461 in-

2452 2515 2592 2565 tulit.
2627 2512 2744 2565 Jam
2784 2527 2914 2563 vero
2950 2526 3072 2563 cum
3103 2518 3249 2562 esset
3277 2521 3670 2576 congressurus
3705 2520 3833 2555 cum
3877 2501 4044 2554 hosti-

2451 2606 2572 2668 bus,
2610 2618 2798 2656 cormn
2821 2604 3095 2672 ingentem
3121 2601 3523 2654 multitudinem
3550 2598 3748 2650 divinae
3780 2595 4044 2663 cognitio-

2450 2697 2534 2749 nis
2564 2707 2944 2763 argumentum
2984 2694 3097 2745 suis
3135 2692 3397 2743 militibus
3431 2690 3714 2757 proposuit
3750 2688 4040 2739 :nondum

2451 2789 2598 2846 enim
2627 2789 2830 2840 Christi
2889 2786 2978 2838 Dei
3024 2783 3197 2835 nostri
3251 2782 3353 2834 ﬁde
3405 2780 3590 2833 donati
3639 2781 3860 2831 Inerant
3903 2816 3916 2838 ,
3949 2777 4041 2844 qui

2453 2881 2718 2932 illustrem
2751 2880 2817 2931 de
2856 2877 3106 2945 hosribus
3135 2875 3262 2943 ipsus
3293 2876 3576 2927 victoriam
3607 2874 4034 2941 depOrtarnnt.»

2454 2973 2717 3041 Sequitur
2757 2982 2942 3040 postea
2977 2972 3031 3024 S.
3058 2971 3290 3024 Andre:c
3327 2968 3619 3024 confessio.
3662 2968 3945 3018 cruciatus
3989 2964 4042 3014 in

2452 3066 2618 3135 ignito
2660 3071 2799 3116 lecto
2843 3079 3014 3124 teneo,
3071 3063 3340 3115 sociorum
3405 3060 3636 3110 militum
3669 3055 4040 3123 supplicium,

2457 3169 2544 3210 etc
2568 3199 2612 3218 .,
2645 3157 2844 3224 quibus
2871 3157 3093 3206 tandem
3131 3169 3255 3205 cum
3301 3151 3477 3219 ipsius
3506 3161 3617 3201 tum
3641 3146 3879 3200 militum
3911 3148 4041 3204 sul)-

2460 3251 2608 3303 ditur
2634 3251 2954 3318 baptismns,
2991 3262 3151 3315 quem
3174 3246 3436 3298 dicuntur
3459 3244 3772 3308 snsi-cpisse
3817 3257 3846 3291 a
3880 3240 4042 3291 Petro

2458 3343 2606 3395 urbis
2650 3342 2934 3394 Tarsensis
2995 3343 3272 3407 episcopo,
3319 3347 3601 3403 postquam
3643 3349 3708 3383 eo
3758 3333 3901 3384 clam
3931 3333 4045 3383 dis-

2456 3433 2772 3485 cessissent.
2812 3430 2919 3482 Nos
2947 3430 3163 3480 interim
3213 3443 3275 3478 cx
3303 3425 3465 3479 dictis
3530 3425 3939 3480 concludimus,
3991 3422 4044 3471 in

2458 3523 2768 3597 lmjnsmodi
2800 3524 3062 3574 Actorum
3093 3520 3318 3574 historia
3355 3535 3461 3572 non
3500 3528 3605 3572 tam
3641 3521 3898 3569 relueere
3929 3516 4042 3567 sin-

2456 3634 2634 3671 ccram
2692 3617 3083 3674 narrationem,
3145 3628 3306 3680 (illam
3354 3612 3584 3666 Graeculi
3628 3610 4040 3670 scribillatoris,

2455 3707 2931 3776 quisquisdemum
2967 3707 3055 3757 ille
3080 3705 3259 3766 fuerit,
3283 3705 3732 3772 compositionem
3766 3720 3779 3755 :
3821 3703 3873 3754 id
3895 3703 4039 3769 quod

2454 3802 2867 3854 continuabitur
2898 3817 2962 3854 ex
2994 3801 3112 3852 aliis
3139 3799 3462 3866 quibusdam
3494 3797 3887 3856 incommodis,
3919 3811 4041 3859 qua:

2455 3895 2681 3945 inferius
2713 3900 3110 3958 proponentur.
3151 3889 3284 3942 Vide
3320 3891 3610 3939 Adnotata.

2524 3985 2576 4036 9.
2606 3981 3209 4036 Numerussanctornm
3253 3991 3547 4050 martyrum
3620 3995 3727 4033 non
3805 3981 4044 4048 ponitur

2453 4074 2644 4126 eodem
2701 4075 2862 4125 modo
2899 4073 3040 4140 apud
3091 4071 3309 4124 Cra-cos
3341 4087 3404 4124 ac
3455 4072 3690 4125 Latinos.
3728 4071 3790 4124 Hi
3836 4075 4044 4142 quippe

2453 4168 2724 4219 exstitisse
2751 4166 2872 4218 illos
2921 4175 3225 4217 memorant
3261 4165 3342 4217 bis
3397 4164 3539 4216 mille
3573 4163 3906 4232 quingentos
3938 4181 4042 4217 no-

2454 4259 2673 4326 naginta
2709 4268 2939 4324 septem,
2981 4272 3044 4309 ex
3087 4257 3382 4323 praemissis
3410 4270 3569 4321 supra
3603 4270 3760 4308 num.
3801 4257 3856 4315 5,
3902 4254 4044 4306 Mar-

2455 4351 2774 4419 tyrologium
2840 4347 3144 4399 Romanum
3205 4365 3311 4399 non
3347 4350 3520 4414 signat
3580 4361 3923 4399 numerum:
3989 4347 4041 4399 in

2454 4443 2610 4509 cujus
2642 4441 3096 4493 delcrminatione
3161 4437 3305 4491 Fasti
3354 4438 3549 4496 Cra-ci,
3606 4455 3761 4492 num.
3809 4443 3827 4492 I
3890 4440 4043 4493 citati

775 4543 906 4598 illud
938 4551 1022 4594 est
1068 4539 1294 4596 iudicio,
1322 4538 1466 4603 quod
1499 4537 1551 4588 in
1585 4537 1855 4604 principio
1885 4538 2100 4587 illorum
2151 4537 2341 4588 dican-
2377 4535 2422 4590 D
2456 4536 2567 4588 fere
2601 4550 2722 4586 cum
2751 4533 2955 4586 Latinis
2986 4532 3223 4600 antiquis
3249 4532 3621 4585 consentiunt.
3661 4530 3791 4583 Acta
3827 4533 4042 4584 nullum

776 4634 1023 4687 turisla:
1065 4649 1082 4680 ι
1114 4629 1428 4682 Persecutio
1466 4628 1709 4694 quadam
1744 4643 1935 4696 magna
1972 4638 2161 4680 contra
2192 4626 2344 4678 Chri-

783 4727 992 4780 stianos
1029 4732 1300 4778 commota
1338 4729 1459 4774 est.
1497 4721 1617 4773 Erat
1657 4731 1900 4788 tempore
1928 4721 2018 4774 illo
2046 4722 2351 4776 Antiochus

777 4818 1019 4889 quidam.
1069 4833 1088 4867 ι
1147 4811 1217 4866 Et
1249 4813 1515 4866 inferius:
1582 4829 1601 4862 ι
1635 4813 2035 4868 Celeberrimos
2082 4826 2289 4886 martyr
2327 4834 2345 4866 ι

778 4925 1004 4968 vocatur
1038 4908 1297 4964 Sanctus.
1341 4904 1532 4958 Postea
1567 4920 1698 4957 vero
1742 4906 2036 4972 sequitur:
2095 4926 2111 4956 ι
2154 4908 2349 4960 Statim

779 5015 984 5066 autem,
1032 4999 1488 5071 quemadmodum
1522 5007 1744 5052 sanctus
1803 5009 2009 5068 martyr
2094 5000 2351 5067 precibus

779 5097 898 5154 suis
931 5095 1325 5164 postulaverat,
1352 5089 1509 5143 locus
1539 5093 1590 5142 in
1630 5104 1792 5156 quem
1846 5091 2189 5144 venerandus
2231 5105 2356 5143 san-

782 5185 1023 5258 guisille
1064 5192 1359 5252 martyrum
1408 5176 1727 5244 deﬂuxerat,
1779 5180 1900 5231 fons
1957 5180 2179 5247 quidam
2222 5177 2356 5232 eer-

779 5283 908 5337 ctus
954 5287 1058 5340 est,
1115 5276 1528 5345 otnnigenarum
1579 5274 2003 5340 aegrotationum
2062 5274 2353 5327 sanitatem

781 5371 1036 5430 aﬂ‘erens.
1071 5371 1167 5440 qui
1209 5365 1332 5422 fons
1379 5367 1443 5420 ad
1485 5366 1807 5420 hodiernum
1846 5382 2017 5436 usque
2038 5366 2183 5422 diem
2233 5382 2353 5436 gra-

782 5468 873 5524 tiis
902 5463 1198 5519 redundat.
1237 5481 1256 5514 ι
1286 5464 1369 5516 An
1402 5460 1491 5514 illa
1524 5460 1735 5514 auctori
1801 5461 2112 5529 synchrono
2151 5477 2353 5516 conve-

783 5557 993 5616 niunt?
1023 5555 1298 5619 Secundo,
1356 5553 1531 5608 oratio
1570 5552 1628 5607 S.
1672 5551 1922 5613 Andri-2,
1967 5555 2018 5606 in
2051 5572 2158 5624 qua
2177 5555 2308 5610 dicit
2338 5571 2350 5606 :

785 5665 808 5704 ο
847 5651 1073 5706 Domine
1108 5645 1280 5700 Deus.
1310 5684 1324 5698 .
1375 5646 1558 5718 accipe
1590 5646 1694 5700 mei
1723 5647 2060 5715 peccatoris.
2083 5686 2096 5701 .
2140 5664 2351 5716 preces,

779 5757 1076 5819 eorumque
1105 5741 1349 5793 omnium
1389 5739 1484 5808 qui
1519 5754 1732 5794 mecum
1780 5749 1909 5794 sunt
1947 5779 1959 5794 .
1985 5782 1998 5796 .
2062 5743 2352 5795 omnibus-

774 5851 887 5900 que
931 5836 1015 5890 his
1043 5833 1134 5904 qui
1159 5832 1500 5890 necessitatis
1534 5843 1774 5904 tempore
1805 5843 2010 5901 nostra,
2035 5835 2128 5904 qui
2164 5851 2354 5892 sumus

2458 4628 2674 4695 quidem
2704 4628 2863 4679 etiam
2898 4640 3177 4677 numerum
3234 4624 3632 4675 determinant:
3662 4625 3752 4674 sed
3811 4637 4044 4692 magnus

2457 4721 2866 4774 fueritnecesse
2896 4730 3145 4778 cst,cum
3189 4716 3465 4781 ingentem
3541 4715 3827 4768 Persarum
3897 4717 4044 4767 mul-

2456 4815 2736 4866 titudinem
2781 4811 3084 4866 debellarit.
3121 4822 3174 4862 et
3237 4828 3253 4859 ι
3294 4810 3536 4861 Andreas
3586 4821 3706 4860 cum
3761 4817 3871 4857 tota
3944 4822 4045 4860 sua

2457 4906 2651 4958 fortict
2686 4921 2712 4955 a
2737 4904 2843 4953 Deo
2873 4905 3038 4954 electa
3064 4902 3351 4969 phalange.
3391 4919 3408 4949 ι
3446 4899 3516 4950 uti
3551 4899 3853 4962 loquuntur
3884 4900 4042 4961 Acta,

2456 4998 2776 5066 martyrium
2809 4996 2879 5050 sit
2908 5002 3239 5048 consecutus
3273 5008 3287 5057 ;
3321 4991 3567 5055 quamvis
3597 5010 3614 5039 ι
3655 4990 3804 5042 illum
3840 4990 4044 5042 milites

2457 5095 2546 5163 qui
2576 5111 2642 5147 ex
2676 5091 2741 5145 iis
2772 5091 2859 5159 qui
2893 5106 3016 5143 cum
3055 5091 3173 5156 ipso
3205 5085 3458 5138 fuerant:
3497 5085 3639 5150 apud
3701 5083 4042 5134 Antiochum

2455 5184 2954 5252 detulerunt,qnod
2988 5183 3157 5233 Deum
3194 5215 3231 5229 ..
3253 5175 3604 5229 confiteretur
3635 5187 3689 5229 et
3713 5177 4041 5238 celebraret,

2458 5281 2513 5334 in
2586 5295 2748 5332 cruce
2807 5277 3031 5330 sufﬁxus
3083 5272 3282 5327 fuerat.
3343 5290 3362 5323 ι
3429 5270 3626 5324 Verum
3699 5283 3809 5334 quo
3881 5280 4044 5336 pacto

2459 5384 2648 5430 tantus
2692 5372 2929 5426 coliteret
2959 5381 3219 5422 numerus
3279 5381 3402 5420 cum
3429 5363 3684 5421 Eusebio,
3705 5360 3799 5426 qui
3859 5358 4043 5412 Eccle-

2457 5469 2684 5522 siasticre
2709 5466 3012 5519 llistoriwa
3042 5461 3252 5514 Valesio
3281 5458 3442 5510 edita:
3491 5454 3588 5506 lib.
3635 5467 3756 5514 vui,
3805 5467 3931 5520 cap.
3988 5449 4040 5511 ι,

2458 5578 2579 5632 pag.
2609 5561 2737 5623 296,
2764 5561 2878 5613 haec
2934 5558 3101 5610 refert
3136 5571 3151 5607 ε
3187 5569 3205 5601 ε
3239 5551 3529 5618 POStquam
3560 5583 3596 5599 ..
3658 5546 3767 5598 dux
3809 5539 4042 5596 Romani

2457 5657 2731 5710 exercitus
2755 5654 2940 5707 nescio
2996 5650 3120 5720 quis
3178 5647 3442 5717 (intelligo
3501 5643 3890 5698 Maximianum
3936 5637 4041 5689 Ga-

2459 5747 2677 5818 lerium)
2732 5743 3075 5801 Christianos
3133 5739 3336 5793 milites
3401 5735 3651 5804 persequi
3717 5744 4036 5800 aggressus,

2459 5857 2578 5904 eos,
2609 5840 2704 5908 qui
2735 5839 2790 5891 in
2820 5835 3064 5891 exercitu
3117 5831 3419 5895 merebant,
3479 5829 3714 5881 lustrare
3781 5819 4036 5889 coepisset
