4198 6438
188 433 295 494 593

178 565 244 604 ac
311 564 621 612 recensere,
680 558 734 603 et
804 548 1132 605 Christianis
1199 551 1428 604 liberam

178 651 510 708 pett-statem
569 641 808 704 fecisset,
865 651 924 696 ut
984 642 1068 694 vel
1114 643 1506 711 imperatorum
1585 645 1755 712 jussis

176 734 623 800 obtemperantes
659 733 879 787 honoris
899 733 978 786 sui
1012 735 1236 800 leradunt
1292 739 1593 788 retinerent
1624 776 1636 796 ,
1673 734 1756 788 vel

175 828 224 882 li
261 844 449 895 parere
480 828 704 889 nollent,
731 828 936 880 honore
960 828 1161 880 militia:
1195 829 1531 880 nudarentur
1563 846 1575 892 ;
1605 843 1755 880 com-

179 919 370 989 plures
403 920 548 988 regni
593 919 719 973 Jesn
778 919 972 971 Christi
1035 920 1253 982 milites,
1316 921 1554 972 nominis
1615 921 1757 972 illius

175 1010 577 1063 Confessionem
612 1012 856 1064 smeulari
888 1011 1070 1078 gloria:
1100 1027 1160 1063 ac
1195 1012 1454 1070 felicitati,
1479 1028 1580 1076 qua
1612 1012 1756 1068 frue-

177 1103 401 1156 bantur.
439 1104 643 1170 absque
682 1104 782 1153 tilla
832 1105 1182 1155 cunctatione
1242 1105 1614 1170 pt'attnlernnt.
1680 1104 1757 1157 Ex

178 1196 381 1262 quibus
431 1197 585 1262 pauci
647 1195 932 1247 admodum
959 1197 1031 1262 (in
1065 1195 1253 1248 Graeco
1276 1205 1359 1247 est
1390 1191 1469 1256 εἷς
1499 1213 1600 1246 που
1659 1197 1752 1248 καὶ

203 1287 476 1353 δεύτερος,
508 1288 558 1339 id
587 1297 685 1346 est,
721 1303 859 1339 unus
880 1297 933 1338 et
961 1290 1132 1351 alter)
1175 1302 1279 1338 non
1306 1288 1466 1340 modo
1520 1287 1755 1354 dignita-

181 1387 317 1436 lem,
354 1394 535 1430 rerum
569 1379 729 1429 etiam
771 1380 930 1429 vitam
965 1379 1214 1429 amittere
1283 1394 1381 1445 pro
1436 1378 1755 1431 defensione

176 1469 402 1536 pietatis
432 1471 844 1522 sustinuerunt:
878 1484 998 1521 cum
1037 1469 1081 1521 is
1115 1469 1204 1536 qui
1271 1470 1516 1538 religioni
1559 1480 1755 1522 nostra)

178 1559 426 1611 Struebat
465 1560 709 1620 insidias,
745 1577 906 1628 parce
939 1562 1115 1613 adhuc
1141 1569 1193 1612 et
1265 1576 1389 1612 raro
1438 1563 1755 1630 sanguinem

177 1653 540 1719 quorumdam
577 1654 810 1705 fundere
861 1652 1102 1704 auderet.
1138 1653 1337 1704 Verum
1391 1653 1479 1705 ubi
1509 1654 1757 1720 apertius

176 1758 238 1796 se
270 1744 335 1795 ad
375 1744 571 1795 bellum
637 1743 894 1804 accinxit,
949 1741 1054 1794 dici
1115 1758 1221 1795 non
1283 1753 1482 1810 potest,
1525 1751 1654 1811 guot
1706 1751 1758 1794 et

177 1845 416 1901 quantos
445 1833 646 1885 Christi
680 1844 946 1900 martyres
1003 1835 1055 1885 in
1100 1836 1359 1886 omnibus
1425 1833 1556 1887 locis
1595 1842 1756 1899 atque

180 1929 411 1983 urbibus
445 1927 640 1993 passim
707 1942 935 1979 cernere
979 1927 1213 1988 licuerit,
1257 1946 1273 1976 ›
1306 1936 1427 1994 post
1491 1927 1758 1979 famosum
1796 1919 1832 1970 Β

181 2024 434 2075 videlicet
469 2021 707 2073 edictum
743 2033 930 2074 contra
963 2022 1223 2074 ecclesias
1284 2023 1621 2088 propositum
1669 2021 1760 2072 Ni-

176 2113 461 2168 ςῡιιιεῶηε,
490 2115 555 2165 de
587 2129 696 2180 quo
757 2131 873 2180 cap.
910 2115 941 2167 5
976 2114 1221 2165 meminit
1278 2114 1421 2166 idem
1471 2104 1755 2166 Eusebius.

253 2207 342 2259 lO.
397 2205 452 2258 Si
508 2206 690 2272 itaque
741 2208 980 2275 pugilum
1053 2216 1369 2258 nostrorum
1444 2208 1757 2275 martyrium

175 2296 402 2350 dillcrrc
460 2297 645 2352 liceret
726 2307 887 2366 atque
963 2296 1027 2349 ad
1095 2297 1240 2348 illam
1326 2295 1759 2348 crudelissimam

177 2388 762 2457 persecutionem,qna
792 2389 842 2439 in
882 2404 1042 2442 onine
1087 2403 1258 2455 genus
1284 2388 1562 2440 hominum
1615 2406 1640 2440 a
1681 2398 1761 2455 ty-

180 2477 376 2525 rannis
403 2476 648 2526 saevitum
678 2485 781 2535 est,
811 2483 988 2525 textus
1020 2475 1232 2526 Eusebii
1262 2491 1369 2526 non
1390 2486 1600 2528 crearet
1624 2476 1761 2529 dilli-

175 2562 439 2612 cultatem
469 2578 482 2620 ;
516 2562 608 2614 sed
641 2578 762 2614 cum
788 2578 851 2613 eo
885 2578 1053 2630 usque
1077 2579 1182 2614 non
1215 2563 1460 2616 rideatur
1502 2565 1763 2618 dill'ercn-

178 2651 337 2712 dum,
376 2653 565 2704 saltem
637 2655 942 2706 secundum
973 2657 1125 2717 Acta,
1188 2666 1347 2725 prout
1379 2657 1630 2710 videlicet
1697 2673 1760 2710 ca

178 2755 331 2793 nunc
371 2751 587 2795 exstant
624 2761 635 2806 ;
665 2760 771 2800 non
803 2746 1102 2799 rideamus.
1127 2762 1234 2813 quo
1267 2760 1422 2814 pacto
1454 2749 1584 2800 satis
1611 2762 1760 2800 com-

179 2833 344 2885 mode
371 2834 435 2886 ad
466 2837 624 2888 verba
655 2837 868 2888 Eusebii
915 2837 1228 2904 responderi
1264 2849 1450 2904 queat.
1494 2839 1760 2904 Diximus,

179 2930 376 2977 saltem
409 2929 708 2978 secundum
735 2929 864 2979 Acta
897 2938 1026 2988 etc.,
1060 2945 1176 2995 qua:
1218 2929 1274 2982 S.
1331 2930 1554 2984 Andrem
1576 2947 1636 2982 ac
1670 2946 1760 2983 so-

177 3015 392 3065 ciorum
457 3018 685 3067 militum
741 3016 944 3069 credent
1004 3027 1226 3071 narrant
1318 3020 1579 3074 accidisse
1640 3029 1760 3089 post

180 3102 386 3154 bellum
424 3102 696 3156 Persicum
735 3123 748 3168 ',
807 3108 1219 3162 circumstantia
1251 3127 1379 3163 vero
1412 3112 1495 3162 illa
1528 3110 1760 3166 fortasse

179 3192 394 3261 adjecta
422 3194 521 3246 fuit
560 3213 587 3247 a
630 3212 738 3248 non
772 3198 902 3251 satis
933 3209 1089 3250 rauto
1115 3209 1440 3252 exornatore
1471 3200 1753 3260 Actorum.

181 3300 305 3354 quae
331 3286 549 3341 aliunde
589 3305 697 3343 non
738 3301 862 3344 sunt
897 3307 1099 3361 magna».
1131 3293 1422 3348 admodum
1464 3296 1757 3348 anetorita~
1786 3263 1830 3320 ο

184 3381 272 3433 tis.
331 3381 606 3448 Quidquid
661 3386 752 3445 sit,
823 3402 923 3437 nos
986 3387 1254 3452 ingentem
1294 3387 1441 3440 illum
1492 3389 1758 3441 sociorum

181 3481 480 3537 martyrum
514 3486 822 3531 numerum,
862 3475 913 3523 in
947 3474 1151 3526 Grreeis
1185 3477 1384 3541 pariter
1430 3493 1494 3529 ac
1550 3479 1760 3530 Latinis

182 3559 359 3614 Fastis
421 3566 824 3632 consignatum,
874 3567 1233 3635 relinquimus
1269 3570 1320 3620 in
1392 3571 1612 3638 antiqua
1666 3586 1759 3624 sua

183 3658 553 3725 possessione,
587 3661 656 3712 ita
687 3673 864 3714 tamen
895 3675 970 3722 ut.
998 3663 1431 3732 Martyrologium
1456 3666 1760 3722 lloinanum

183 3752 381 3811 secuti,
417 3767 539 3804 eum
607 3753 657 3804 in
708 3753 866 3806 titulo
926 3765 1055 3806 ante
1089 3754 1232 3809 hunc
1292 3757 1758 3812 Coinmcntarium

184 3857 436 3895 nosH-um
471 3860 575 3896 non
608 3846 1175 3900 determinaverimns.
1227 3848 1378 3901 Nunc
1442 3866 1470 3901 a
1533 3867 1764 3918 numero

186 3944 488 4001 martyrum
524 3951 809 4003 pergamus
843 3938 908 3989 ad
949 3948 1161 4004 tempus
1197 3939 1459 4007 martyrii.

909 4027 1029 4097 δη.

551 4119 774 4186 Tempus
813 4121 1065 4189 martyrii
1104 4138 1409 4190 expensum.

267 4231 284 4261 ι
323 4212 579 4274 Cursum,
614 4214 866 4281 inquiunt
898 4216 1050 4278 Acta,
1106 4219 1342 4287 martyrii
1375 4222 1458 4272 sui
1513 4221 1766 4275 beatissi-

182 4317 312 4354 mus
347 4301 588 4354 Andreas
621 4318 742 4353 cum
770 4312 876 4353 tota
929 4321 1022 4357 sua
1083 4305 1205 4357 forti
1241 4318 1293 4360 et
1357 4324 1385 4359 a
1424 4309 1530 4361 Deo
1593 4313 1765 4365 elei-ta

185 4393 461 4461 phalange
487 4393 711 4460 perfecit
745 4393 957 4447 decimo
984 4410 1128 4446 nono
1154 4396 1239 4449 die
1275 4401 1478 4453 mensis
1503 4401 1759 4470 Augusti,

183 4484 276 4535 die
311 4483 611 4535 Dominieo.
651 4501 669 4531 ι
706 4482 902 4534 Littera
958 4483 1020 4543 G,
1055 4501 1172 4553 quze
1217 4488 1302 4540 hic
1335 4499 1419 4542 est
1462 4491 1762 4545 litteradiei

1472 436 1647 495 VlTA
1691 433 1751 492 S.
1796 432 2156 492 ANDREJE.

1518 550 1752 622 eligendi
1786 555 1828 611 Α
1858 565 2060 602 annum
2079 548 2279 603 Christi
2310 549 2432 611 501,
2459 564 2612 602 num.
2645 549 2693 610 ί,
2720 547 3116 604 Diocletianum
3144 549 3440 617 imperato-

3329 427 3436 489 594

1865 657 1978 694 rem
2012 657 2134 694 cum
2163 656 2262 694 suo
2295 641 2497 710 collega
2526 639 2852 693 Maximiano
2885 650 3012 694 tunc
3072 638 3438 707 triumphasse

1862 736 1927 789 de
1968 733 2148 787 Persis
2213 731 2442 784 afﬁrmat
2478 748 2491 794 ;
2526 740 2578 784 et
2634 730 2831 784 ibidem
2897 746 3044 798 num.
3093 731 3147 784 9..
3191 747 3209 780 ι
3252 728 3439 794 Porro,

1862 824 1958 886 ait,
1997 823 2191 876 enituit
2219 822 2271 874 in
2302 822 2444 875 bello
2477 820 2693 875 Persico
2744 821 2945 875 eximia
2985 822 3152 876 virtus
3212 821 3440 873 Andreae

1866 915 2072 968 tribuni
2109 913 2364 978 militum,
2407 931 2424 960 ι
2457 921 2563 965 etc.

1937 1049 2016 1101 ll.
2052 1048 2154 1102 Sed
2178 1048 2370 1119 Pagins
2411 1049 2474 1100 ad
2508 1048 2707 1100 dictum
2741 1063 2968 1108 annum,
3015 1063 3167 1100 num.
3198 1048 3253 1110 ἓ,
3291 1046 3436 1100 illum

1861 1141 2196 1208 triumphum
2246 1141 2579 1193 celebratum
2623 1141 2853 1192 allirmat
2891 1158 2907 1188 ‹
2943 1156 3087 1192 anno
3139 1140 3244 1192 505
3286 1159 3304 1190 ι
3331 1153 3440 1207 quo

1861 1232 2293 1286 Lartantiuslib.
2337 1232 2409 1284 De
2438 1232 2687 1283 mortibus
2716 1240 3127 1298 persecatorum,
3187 1246 3305 1299 cap.
3347 1229 3440 1292 l7.

1859 1324 2251 1377 Diocletianum
2286 1324 2470 1376 Romae
2498 1323 2810 1377 Vicennalia
2882 1322 3189 1376 celebrasse
3250 1322 3438 1375 tradit.

1859 1413 1994 1465 Nam
2034 1430 2156 1466 eum
2185 1415 2494 1482 triumphus
2536 1414 2621 1466 ille
2680 1411 2864 1466 Romae
2912 1413 3191 1465 exliibitus
3252 1411 3438 1481 fuerit,

1859 1516 1914 1556 ut
1951 1506 2218 1558 Eusebius
2247 1507 2298 1558 in
2336 1505 2632 1567 Chronico,
2669 1504 2962 1572 Eutropius
2995 1513 3047 1558 et
3081 1504 3443 1559 Cassiodorus

1860 1606 2149 1658 testantur,
2225 1605 2278 1649 et
2347 1605 2474 1648 ante
2526 1612 2728 1648 annum
2782 1596 2885 1647 503
2943 1605 3062 1664 post
3159 1595 3440 1648 victoriam

1859 1685 2130 1738 Persicam
2160 1686 2525 1739 Diocletianus
2557 1686 2742 1738 Roma:
2769 1701 2874 1738 non
2938 1685 3121 1749 fuerit,
3176 1685 3347 1754 liquet
3375 1700 3441 1738 eo

1861 1793 2005 1829 anno
2037 1781 2373 1845 triumphum
2399 1781 2542 1833 hunc
2564 1791 2743 1833 actum
2775 1796 2915 1833 esse.
2951 1779 3218 1833 Praeterea
3249 1780 3440 1834 trium‘

1866 1870 2002 1937 phos
2036 1885 2158 1922 cum
2197 1870 2579 1924 Vicennalibns
2606 1881 2657 1924 et
2699 1874 2750 1924 id
2783 1887 2955 1940 genus
2982 1872 3137 1924 festis
3197 1873 3263 1924 de
3293 1885 3442 1925 more

1864 1961 2128 2025 exhibitas
2149 1959 2332 2028 fuisse.
2354 1978 2603 2030 saepeque
2623 1963 2816 2015 dilatos
2837 1978 2943 2015 non
2964 1964 3132 2015 semel
3150 1962 3442 2017 insinuavi.

1862 2049 2039 2114 Quare
2071 2052 2197 2103 licet
2228 2070 2327 2120 pax
2379 2055 2521 2106 inter
2572 2053 2844 2106 Romanos
2891 2065 2944 2107 et
2969 2052 3162 2107 Persas
3221 2054 3331 2120 jam
3375 2054 3443 2107 ab

1862 2157 2008 2194 anno
2036 2143 2136 2196 ‘29?
2189 2146 2398 2197 saucita
2482 2144 2692 2207 fuisset,
2759 2155 2937 2197 tamen
3014 2144 3323 2212 triumphus
3375 2147 3442 2198 do

1865 2233 2044 2287 Persis
2079 2251 2224 2288 anno
2249 2246 2453 2289 tantum
2488 2238 2591 2291 503
2620 2247 2794 2290 actus.
2824 2237 2910 2300 Et,
2950 2237 3230 2291 nonnullis
3268 2237 3440 2290 inter-

1861 2325 2044 2391 jectis,
2109 2331 2173 2377 ad
2234 2327 2360 2378 anni
2420 2327 2516 2379 501
2572 2343 2858 2380 numerum
2917 2327 3443 2394 2,quoseBaronio

1865 2416 2119 2476 citabam,
2173 2427 2226 2468 et
2280 2431 2432 2484 seqq.
2491 2418 2743 2470 observat
2802 2418 2939 2470 ista:
2972 2436 2988 2467 ι
3032 2417 3438 2472 Diocletianus..

1864 2505 2075 2558 nullum
2117 2507 2219 2559 hoc
2249 2522 2393 2558 anno
2462 2507 2529 2560 de
2589 2511 2968 2576 persecutione
3007 2506 3439 2561 Christianorum

1868 2597 2234 2664 promulgarit
2262 2598 2521 2663 edictum,
2550 2600 2643 2652 sed
2678 2608 2886 2651 tantum
2917 2600 2968 2651 in
3035 2599 3236 2652 milites
3284 2600 3441 2652 saevi-

1869 2698 2004 2742 tum.
2038 2689 2217 2754 Quare
2249 2704 2539 2760 martyres,
2601 2691 2667 2744 de
2720 2691 2919 2759 quibus
2971 2691 3256 2752 Baronius,
3314 2700 3443 2746 ante

1865 2798 2066 2835 annmn
2123 2784 2225 2836 503
2280 2784 2421 2852 passi
2481 2799 2589 2837 non
2641 2794 2787 2838 sunt.
2829 2802 2845 2834 ι
2879 2783 2982 2837 Alii
3042 2795 3307 2854 martyres
3354 2783 3440 2838 istl

1866 2875 1971 2927 huc
2004 2892 2110 2927 non
2136 2886 2402 2944 spectant,
2430 2877 2522 2929 sed
2562 2875 2620 2928 L.
2653 2876 2903 2930 Andreas
2933 2892 3054 2928 cum
3118 2879 3229 2930 suis
3296 2875 3441 2928 mili-

1864 2965 2029 3025 tibus,
2062 2980 2293 3032 quorum
2326 2966 2644 3034 martyrium
2674 2981 2736 3019 ex
2760 2967 2868 3034 jam
2909 2965 3067 3018 dictis
3127 2962 3267 3032 apud
3338 2962 3444 3016 Ba-

1862 3058 2103 3123 ronium,
2135 3074 2198 3111 ac
2230 3059 2479 3112 criticum
2529 3058 2670 3126 eius,
2733 3067 3171 3111 consummatum
3204 3057 3445 3111 sitanno

1863 3149 1985 3203 ³501.

1936 3284 2018 3334 12.
2060 3283 2163 3335 Sed
2189 3298 2295 3350 quo
2326 3284 2508 3342 minus
2531 3299 2718 3337 eorum
2769 3284 3165 3354 adstipulemur
3225 3293 3448 3342 senteno

1865 3373 1971 3434 tiae,
1996 3373 2173 3428 obstat
2193 3375 2250 3425 l°
2279 3391 2292 3425 :
2325 3372 2432 3425 Pax
2466 3375 2607 3427 inter
2634 3375 2908 3429 Romanos
2939 3387 2992 3430 et
3031 3378 3221 3434 Persas
3241 3379 3350 3446 jam
3376 3381 3443 3434 ab

1865 3484 2008 3519 anno
2031 3467 2132 3520 297
2163 3467 2372 3520 sancila
2393 3466 2591 3532 fuerat,
2630 3471 2706 3522 uti
2733 3469 2893 3522 modo
2924 3468 3197 3524 fatebatur
3227 3469 3442 3540 Pagius,

1864 3562 2042 3614 Persis
2104 3565 2360 3617 videlicet
2390 3581 2419 3618 a
2475 3565 2689 3621 Galerio
2744 3567 2959 3622 Czesare
2998 3576 3130 3621 tunc
3163 3568 3340 3632 victis,
3377 3583 3444 3623 ex

1864 3657 2055 3712 eodem
2088 3667 2311 3710 auctore
2343 3657 2409 3708 ad
2431 3658 2593 3711 istum
2637 3673 2841 3710 annum
2897 3674 3051 3712 num.
3106 3656 3139 3710 6
3166 3669 3221 3712 et
3253 3660 3302 3712 7.
3335 3659 3445 3714 Cur

1867 3768 1995 3821 ergo
2018 3762 2328 3805 sanctorum
2359 3759 2670 3804 nostrorum
2700 3750 2931 3804 militum
2962 3751 3281 3821 martyrium
3333 3752 3433 3806 dif-

1869 3844 1994 3895 ferri
2029 3845 2220 3895 debeat
2248 3845 2314 3895 ad
2371 3859 2574 3894 annum
2628 3843 2828 3896 Christi
2884 3844 3036 3898 5M?
3088 3845 3198 3898 Cur
3254 3843 3444 3914 Pagius

1868 3937 2164 3990 secundum
2231 3952 2327 3989 sua
2385 3935 2671 4004 principia'
2712 3935 2841 3988 illud
2904 3951 3013 3988 non
3064 3938 3218 4004 ponit
3263 3937 3446 3999 citius,

1869 4046 1990 4083 cum
2025 4045 2168 4081 anno
2191 4030 2294 4082 £298
2327 4030 2558 4081 militum
2625 4029 3066 4097 persecutionem
3117 4029 3316 4099 alligat,
3365 4029 3449 4084 di-

1868 4139 1997 4174 cens
2022 4127 2086 4172 ad
2113 4121 2366 4172 eumdem
2392 4136 2594 4171 annum
2625 4136 2779 4172 num.
2808 4121 2875 4173 9:
2917 4139 2933 4170 ι
3003 4121 3318 4175 Persecutio
3351 4119 3450 4174 ad-

1859 4230 2059 4281 ,rersus
2095 4215 2293 4265 milites
2329 4215 2430 4265 hoc
2465 4229 2610 4265 anno
2643 4213 2919 4276 inchoata,
2987 4221 3044 4266 ut
3086 4223 3233 4268 recte
3286 4213 3452 4270 Pros-

1871 4325 1969 4375 per
1993 4309 2046 4360 in
2080 4307 2369 4361 Chronico.
2395 4306 2547 4359 Sicut
2577 4307 2742 4374 igitur
2759 4307 3066 4374 persecutio
3101 4306 3368 4376 generalis
3395 4306 3450 4360 in

1874 4399 2005 4466 ipsis
2033 4400 2314 4465 utriusque
2352 4397 2573 4466 Augusti
2600 4399 2802 4464 (sermo
2839 4405 2924 4449 cst
2949 4396 3014 4449 de
3040 4394 3378 4451 Diocletiano
3395 4405 3450 4453 et

1874 4488 2197 4541 Maximiano
2227 4485 2498 4546 Herculio)
2529 4486 2917 4540 Vicenualibus
2985 4488 3185 4554 coepit;
3254 4486 3334 4540 sic
3395 4495 3454 4539 et

184 4571 256 4624 19
281 4572 527 4638 Augusti,
564 4586 668 4623 non
700 4571 975 4624 invenitur
1003 4585 1255 4642 tanquam
1291 4580 1464 4631 littera
1499 4582 1768 4632 .llomini—
1797 4614 1851 4671 D
1879 4580 2256 4648 ejusquatdam
2313 4579 2552 4634 velitatio
2595 4579 2646 4629 in
2704 4577 2987 4644 utriusque
3038 4576 3454 4640 Quindecenna-

187 4665 326 4718 Calis
358 4664 562 4731 signata
609 4664 673 4716 ad
728 4675 973 4718 nostrum
1034 4668 1392 4737 proliositum,
1450 4673 1551 4724 nisi
1623 4690 1767 4726 anno

186 4757 298 4810 201i
333 4767 388 4810 et
413 4758 561 4823 505;
601 4759 742 4811 unde
800 4774 1142 4828 consequens
1174 4772 1275 4823 est,
1346 4772 1402 4816 ut
1462 4767 1764 4819 secundum

190 4852 328 4902 Arta
362 4851 559 4901 innecti
589 4852 783 4902 debeat
815 4854 1131 4920 martyrium
1170 4856 1296 4907 illud
1327 4873 1470 4911 anno
1486 4858 1762 4912 alterutri.

189 4942 246 4997 Si
277 4951 462 4995 autem
516 4959 658 4995 anno
689 4943 793 4997 503
844 4943 892 4996 id
919 4944 1120 5014 alligas,
1178 4952 1536 5018 satagendum
1562 4963 1665 5016 est,
1713 4963 1770 5007 ut

191 5034 378 5088 dictus
399 5049 576 5087 annus
603 5047 963 5105 componatur
994 5055 1114 5090 cum
1143 5044 1324 5097 modo.
1356 5061 1464 5112 quo
1491 5046 1771 5100 Maximia-

194 5139 303 5176 nus
344 5138 605 5194 martyres
663 5130 883 5181 tractari
918 5130 1149 5198 jussisse
1197 5133 1370 5187 fertur
1402 5137 1453 5187 in
1489 5139 1662 5202 Actis,
1718 5147 1772 5191 et

194 5230 323 5269 cum
352 5217 559 5287 reliqua
591 5219 912 5273 eorumdem
959 5222 1218 5277 Actorum
1272 5227 1435 5289 serie,
1473 5230 1634 5284 rebus
1670 5231 1773 5283 ibi-

196 5309 322 5363 dem
365 5309 435 5361 ita
460 5311 747 5380 expositis.
787 5312 1017 5365 utdictu
1080 5315 1297 5371 diliieile
1353 5320 1627 5388 videatur,
1683 5338 1775 5376 eas

197 5400 469 5455 accidisse
501 5413 742 5471 tempore
767 5407 1170 5473 persecutionis
1198 5411 1470 5478 generalis
1494 5413 1776 5468 Diocletia-

199 5508 343 5549 neze.
375 5492 546 5552 Adde,
568 5496 712 5561 quod
735 5510 1035 5550 memorent
1056 5502 1322 5555 accidisse
1352 5504 1586 5572 palmam
1635 5522 1778 5559 mar-

202 5586 326 5658 tyrii
357 5586 574 5651 quando
603 5595 720 5638 erat
743 5587 942 5642 bellum
981 5589 1111 5644 illud
1177 5603 1365 5647 contra
1423 5595 1640 5659 Persas,
1671 5612 1778 5666 quo

201 5693 228 5728 a
253 5678 310 5730 S.
339 5677 551 5730 Audrea
576 5676 800 5746 ejusque
827 5682 988 5736 sociis
1017 5681 1246 5752 insignis
1273 5685 1496 5739 victoria
1528 5689 1691 5742 relata
1711 5689 1779 5743 de

206 5769 343 5837 ipsis
372 5769 472 5822 fuit
507 5787 520 5835 ;
559 5771 701 5824 unde
739 5769 816 5831 fit,
877 5783 935 5827 ut
988 5781 1201 5844 tempus
1269 5778 1513 5847 martyrii
1541 5780 1779 5848 pendeat

206 5879 232 5913 a
263 5872 509 5928 tempore
542 5863 696 5916 istius
734 5861 860 5917 belli
898 5868 1202 5922 secundum
1223 5867 1376 5924 Acta.
1412 5870 1682 5930 Batonius
1712 5874 1780 5928 ad

1875 4672 2040 4723 libus.
2072 4689 2088 4719 )
2118 4672 2172 4722 2°
2211 4687 2222 4720 :
2270 4669 2405 4721 Cum
2447 4670 2627 4722 dicant
2663 4669 2982 4726 Acta,num.
3009 4667 3043 4720 2
3077 4683 3090 4720 :
3131 4685 3148 4718 ι
3188 4666 3454 4736 Tempore

1877 4763 1967 4814 illo
1996 4761 2209 4825 accidit,
2241 4769 2297 4813 ut
2327 4759 2663 4813 Persicarum
2693 4760 2974 4829 copiarum
3020 4775 3144 4829 pars
3200 4761 3453 4829 quaadam

1876 4851 2011 4906 lines
2066 4851 2381 4914 transiliret,
2438 4859 2492 4902 et
2543 4850 2740 4903 bellum
2809 4849 3072 4902 adversus
3121 4849 3451 4901 Antioclmm

1877 4945 2206 5008 suscitaret;
2250 4961 2267 4992 ›
2309 4957 2542 5010 eumque
2575 4941 2774 4993 bellum
2805 4939 2937 4993 illud
2986 4937 3041 4992 S.
3107 4940 3336 4995 Andreae
3386 4941 3454 4996 ab

1879 5036 2146 5089 Antiocho
2178 5035 2561 5088 demandatum
2591 5034 2779 5096 fuerit,
2844 5048 2953 5086 non
2989 5033 3174 5102 utique
3197 5047 3262 5085 ex
3294 5032 3454 5086 dictis

1880 5138 2000 5196 post
2030 5143 2232 5179 annum
2257 5127 2383 5190 ‘297,
2415 5142 2521 5194 quo
2562 5143 2579 5175 ‹
2624 5140 2730 5194 pax
2761 5125 2905 5178 inter
2931 5124 3209 5176 Romanos
3245 5129 3299 5175 et
3321 5121 3452 5176 Per-

1879 5237 1966 5274 sas
2011 5221 2218 5275 sancita
2253 5238 2269 5282 ;
2309 5238 2326 5270 ι
2359 5219 2620 5287 quidnam
2653 5217 2800 5286 cogit
2864 5216 3009 5270 illius
3065 5230 3129 5270 ac
3179 5216 3450 5269 sociorum

1880 5313 2198 5384 martyrium
2233 5315 2634 5383 procrastinare
2661 5324 2832 5379 usque
2864 5310 2929 5364 ad
2983 5324 3186 5363 annum
3250 5309 3453 5364 Christi

1881 5406 1975 5459 30l
2007 5407 2029 5460 ἳ
2059 5408 2120 5460 5°
2163 5425 2175 5461 :
2219 5407 2354 5460 Cum
2401 5407 2634 5475 denique
2663 5404 2753 5457 hic
2807 5417 2984 5458 annus
3044 5403 3298 5472 componi
3347 5416 3455 5455 non

1881 5500 2056 5568 possit
2090 5515 2212 5553 cum
2240 5499 2445 5552 ratione
2471 5496 2755 5566 temporis,
2783 5479 2891 5564 quo
2941 5495 3258 5566 martyrium
3308 5495 3454 5546 acci—

1881 5589 2026 5645 disse
2064 5593 2540 5649 memorantActa,
2576 5587 2833 5641 nimirum
2871 5604 2889 5637 «
2933 5587 3146 5641 decimo
3201 5599 3346 5638 nono
3369 5585 3457 5639 dio

1883 5684 2086 5736 mensis
2117 5682 2366 5752 Augusti,
2400 5681 2485 5734 die
2510 5679 2811 5743 Dominico,
2851 5696 2870 5729 ι
2914 5679 3236 5745 sicutsnpra
3262 5676 3456 5730 obser—

1883 5786 2066 5831 vatum
2096 5785 2217 5839 est;
2250 5774 2444 5828 melius
2488 5771 2705 5840 quidem
2761 5771 2919 5824 nobis
2977 5769 3270 5839 rideretur,
3331 5769 3457 5820 Aet:

1886 5870 1938 5924 in
1992 5869 2094 5923 hoc
2133 5865 2448 5930 defendere,
2504 5873 2556 5920 et
2608 5863 2808 5922 erroris
2833 5876 2942 5916 non
2991 5860 3376 5923 condemnare,
3409 5859 3473 5916 si,
