4198 6438
717 348 815 414 611

1942 353 2225 415 MENSIS
2267 351 2747 416 SEPTEMBER.

3866 355 3980 417 6l‘2

721 464 992 520 sociorum
1029 460 1174 514 mille
1215 470 1432 514 centum
1475 469 1530 515 et
1560 471 1815 530 quatuor,
1857 463 1944 530 qui
1972 463 2296 531 abjicientes
2329 470 2372 524 Α
2401 467 2467 519 ad
2507 476 2747 536 tempora
2781 463 3128 518 Maximiani?
3157 461 3304 519 Vidit
3335 464 3474 519 haud
3504 465 3665 520 dubie
3726 465 3980 522 Nolanus

723 554 928 607 militiae
958 552 1254 617 cingulum,
1287 553 1338 602 in
1371 549 1753 620 persecutione
1821 553 2134 606 Diocletiani
2202 570 2297 622 pro

724 645 1065 699 confessione
1085 643 1285 695 Christi
1313 642 1486 695 necati
1513 653 1692 698 sunt.»
1725 642 1875 696 Patet
1896 645 1980 697 hic
2013 645 2297 698 Romulum

728 739 940 804 seiungi
972 754 1000 786 a
1043 735 1262 801 reliquis
1299 754 1313 799 ;
1350 747 1402 788 et
1432 746 1593 792 recte.
1631 737 1701 787 uti
1727 739 1851 788 Acta
1879 737 2101 790 inferius
2121 739 2298 790 danda

726 831 1036 881 ostendent.
1092 828 1313 879 Fallitur
1352 838 1528 878 tamen
1564 827 1847 891 Duronius,
1882 830 2007 880 dum
2057 836 2108 880 in
2138 828 2302 881 Nota-

729 923 966 972 tionibus
1007 922 1070 972 ad
1111 919 1540 988 Martyrologium
1576 920 1668 980 ait,
1715 939 1730 969 ε
1765 921 1932 972 Grteei
1991 923 2057 972 de
2107 924 2296 973 eodem

726 1015 1002 1076 (Romulo)
1041 1014 1168 1068 item
1207 1016 1305 1066 hac
1337 1016 1417 1066 die
1449 1016 1499 1065 in
1535 1015 1835 1082 Menologio
1877 1025 2041 1082 agunt
2076 1033 2087 1065 :
2131 1037 2146 1063 ι
2175 1032 2297 1066 nam

727 1104 1091 1172 Menologium
1153 1106 1341 1158 Latine
1411 1123 1628 1158 versum
1665 1123 1691 1157 a
1757 1106 1953 1157 Sirleto
2007 1107 2295 1166 cardinale,

729 1198 868 1264 quod
905 1194 1015 1263 ipse
1060 1196 1319 1248 Duronius
1349 1198 1412 1249 ad
1445 1199 1477 1250 5
1505 1198 1744 1250 Januarii
1787 1199 2069 1264 prolitetur
2101 1215 2158 1251 se
2192 1198 2300 1251 Me-

729 1287 921 1352 nologii
960 1289 1176 1339 nomine
1204 1305 1415 1351 semper
1449 1289 1772 1353 intelligere,
1826 1289 2021 1357 aliique
2091 1289 2302 1344 Graeco-

731 1395 846 1431 rum
910 1378 1027 1431 fasti
1090 1381 1442 1434 certesiastici
1497 1378 1634 1432 nihil
1667 1397 1889 1450 prorsus
1951 1385 2051 1434 hac
2078 1385 2166 1438 die
2235 1384 2301 1438 de

733 1470 960 1521 Romulo
987 1472 1189 1522 habent
1224 1473 1355 1534 ;sed
1395 1487 1516 1523 eum
1552 1490 1652 1525 una
1691 1489 1811 1526 eum
1847 1476 2057 1527 caeteris
2102 1484 2302 1544 marty-

731 1561 884 1613 ribus
914 1563 1190 1613 celebranl
1214 1563 1245 1614 6
1274 1566 1637 1630 Septembris.

802 1655 853 1707 2.
886 1655 1086 1722 Accipe
1142 1655 1303 1708 verba
1351 1657 1545 1708 laudati
1593 1657 1872 1727 Mcuologii
1926 1661 2177 1712 Sir-lctani
2237 1661 2303 1712 ab

732 1745 964 1800 Henrico
985 1747 1200 1798 Cattlsio
1234 1749 1402 1799 editi:
1444 1765 1460 1796 ι
1509 1749 1706 1799 lioilem
1763 1751 1848 1800 (lie
1893 1749 1968 1819 [ti]
2021 1761 2296 1803 certamen

732 1848 1044 1890 Sanctorum
1081 1847 1371 1905 martyrum
1460 1837 1706 1898 Eudoxii,
1762 1837 2013 1902 Zenonis,
2068 1840 2305 1903 Romuli,

734 1927 953 1980 Macarii
1019 1939 1076 1978 et
1129 1925 1482 1993 reliquorum.
1549 1924 1782 1980 Sanctus
1829 1927 2085 1981 Remulus
2135 1931 2309 1996 capite

733 2021 1087 2072 obtruncatus
1116 2029 1197 2071 est
1234 2036 1260 2068 ει
1295 2018 1527 2080 Trajauo
1580 2019 1948 2087 imperatore,
2006 2023 2092 2087 qui
2154 2021 2308 2074 Citri-

735 2113 912 2163 tianos
948 2112 1206 2177 plurimos
1239 2111 1548 2162 illleZI'SaS
1605 2112 1849 2179 regiones
1881 2112 2094 2164 exsules
2142 2114 2308 2174 misit,

735 2213 816 2256 set
870 2203 922 2253 in
973 2201 1293 2253 Christianae
1354 2201 1473 2253 lidei
1541 2199 1880 2255 Confessione
1930 2214 2310 2271 permanentes

737 2297 931 2348 mortis
958 2295 1224 2360 supplicio
1256 2295 1504 2362 subjecit.
1542 2292 1812 2346 Eudoxius
1842 2311 1969 2347 vero
1999 2310 2180 2347 eomes
2208 2297 2310 2348 sub

737 2386 1068 2438 Diocletiano
1098 2387 1350 2437 detentus
1383 2401 1410 2436 a
1446 2386 1672 2452 pra-side
1713 2386 1961 2437 Melitinae
2025 2386 2310 2441 obtrunca-

741 2487 926 2530 tusest
983 2492 1215 2544 cumque
1271 2490 1336 2528 eo
1390 2477 1590 2528 milites
1634 2493 1862 2528 numero
1918 2476 2073 2531 “04.
2117 2478 2308 2530 Paucis

737 2570 1075 2637 postdirbus
1110 2569 1168 2620 Β.
1202 2567 1348 2620 Zeno
1375 2583 1496 2619 cum
1534 2569 1759 2637 reliquis
1781 2571 1836 2621 S.
1873 2570 2097 2625 Eudoxii
2122 2572 2304 2636 sociis,

737 2661 977 2729 martyrii
1012 2675 1266 2714 coronam
1301 2662 1527 2728 accepit.
1578 2680 1596 2710 ›
1637 2663 1793 2713 (.‘lara
1833 2663 1945 2715 huic
1978 2673 2029 2714 et
2054 2663 2306 2714 distincm

735 2762 902 2805 sunt:
935 2762 987 2803 at
1017 2751 1549 2818 Menologiumjussu
1581 2751 1762 2803 Basilii
1799 2753 2140 2819 imperatoris
2172 2752 2305 2805 Por-

735 2845 1158 2913 phyrogenneta:
1195 2844 1392 2896 szeculo
1419 2860 1447 2895 χ
1483 2845 1791 2908 collectum,
1829 2855 1884 2897 et
1921 2843 2111 2897 Urbini
2163 2857 2306 2896 anno

739 2937 874 2989 179.7
946 2937 1275 3002 impressum
1332 2935 1789 2997 (iunco-Latine,
1868 2947 2141 2988 certamen
2209 2934 2302 2986 SS.

735 3028 860 3081 Mil.
889 3027 1137 3084 Eudoxii,
1173 3025 1410 3086 Rornuli,
1443 3036 1495 3078 et
1528 3029 1796 3079 sociorum
1829 3026 1892 3078 ad
1928 3028 2131 3080 dictum
2164 3027 2303 3078 diem

2401 561 2501 611 ista
2537 574 2646 610 non
2699 558 3020 623 cohaircre;
3078 557 3306 623 ideoque
3359 556 3414 608 in
3481 557 3856 612 additionibus
3912 557 3982 612 ad

2402 648 2701 702 lfsnardum
2738 650 2769 703 5
2822 649 3160 716 Septembris
3201 648 3528 712 Scripserit:
3573 668 3591 699 ι
3634 652 3835 702 Eodem
3886 652 3976 704 die

2404 737 2502 792 SS.
2537 741 2662 792 MM.
2700 740 2951 802 Eudoxii,
2984 740 3150 808 quiet
3194 740 3486 802 Marianus,
3516 739 3752 794 Romuli.
3805 743 3986 794 Zeno—

2402 829 2504 888 nis,
2547 838 2600 880 et
2657 814 2904 886 Macarii,
2939 831 3026 896 qui
3093 831 3193 882 sub
3227 829 3461 897 Trajano
3529 833 3790 900 martyrio
3825 848 3989 885 coro-

2402 933 2624 973 nantur.
2664 942 2680 972 ι
2720 920 2821 975 Sed
2861 921 3272 986 Metaphrastcs,
3305 937 3467 988 quem
3518 923 3737 990 allegat,
3780 927 3988 978 (ἥξει-το

2404 1015 2561 1066 tradit
2594 1013 2886 1065 Ruinulum
2913 1015 3066 1078 jusw
3109 1013 3324 1082 Traiani
3360 1026 3633 1076 necatum,
3667 1015 3978 1068 Eudamum

2403 1121 2530 1156 vero
2559 1105 2800 1172 aliosque
2836 1105 2925 1158 diu
2987 1115 3106 1172 post
3146 1105 3402 1171 martyrio
3453 1104 3674 1157 allectos
3721 1123 3846 1162 esse
3886 1108 3988 1158 sub

2406 1195 2758 1248 Diocletiano.
2789 1195 3069 1249 Ferrarius
3106 1196 3159 1247 in
3193 1196 3448 1262 Catalogo
3486 1197 3727 1263 generali
3763 1207 3986 1250 sancto-

2403 1302 2521 1338 rum
2549 1288 2612 1339 ad
2649 1288 2680 1338 6
2703 1286 3040 1352 Septembris
3075 1286 3280 1338 videtur
3309 1297 3571 1352 martyres
3606 1286 3748 1338 velle
3809 1285 3989 1353 gemi-

2405 1394 2572 1431 nare:
2604 1380 2881 1444 praemissa
2924 1379 3068 1428 enim
3108 1376 3206 1430 hac
3265 1380 3704 1440 annuntiaiione,
3769 1398 3786 1424 ι
3833 1379 3991 1430 Meli-

2405 1480 2545 1524 tenze
2590 1472 2640 1522 in
2668 1471 2920 1521 Armenia
2957 1467 3056 1521 SS.
3095 1469 3385 1538 Martyrum
3443 1468 3697 1530 Eudoxii.
3735 1471 3986 1533 Romuli,

2377 1573 2458 1619 .ct
2490 1563 2763 1615 sociorum
2806 1561 2906 1615 sub
2938 1559 3193 1627 Trajano,
3248 1578 3264 1607 ι
3303 1577 3467 1626 quam
3508 1571 3661 1612 notat
3727 1576 3791 1612 ex
3827 1561 3989 1614 Cale-

2407 1655 2546 1707 sinio
2600 1655 2941 1722 desumptam
3003 1668 3139 1713 esse,
3175 1653 3397 1704 subdit:
3456 1671 3471 1699 ι
3507 1652 3579 1704 De
3645 1653 3897 1705 Eudoxio
3935 1665 3992 1706 et

2408 1762 2519 1798 sne.
2553 1745 2813 1802 ΜυΙιιρηω
2850 1746 3022 1812 passis
3049 1744 3225 1811 agitur
3263 1743 3313 1796 in
3349 1743 3616 1810 Martyrol.
3681 1743 3843 1796 Rom.
3884 1747 3977 1798 die

2412 1839 2642 1906 przeced.
2676 1853 2689 1901 ;
2733 1837 2823 1889 sed
2867 1841 2968 1889 sub
3002 1833 3338 1888 Dioizletiano
3368 1850 3380 1884 :
3413 1835 3464 1886 hi
3534 1849 3662 1887 vero
3717 1835 3825 1887 sub
3857 1834 3992 1886 Tra-

2407 1931 2537 1996 jano
2568 1929 2706 1995 passi
2771 1927 3088 1980 traduntur.
3149 1927 3221 1979 De
3281 1926 3508 1978 Romulo
3564 1927 3832 1980 duntaxat
3885 1928 3994 1995 agit

2413 2020 2687 2087 Martyrol.
2727 2018 2884 2076 Rom,
2918 2018 3245 2087 pra-cedenti
3307 2019 3412 2069 die.
3449 2037 3465 2067 ι
3497 2019 3720 2070 Nicolao
3754 2018 3994 2071 Antonio

2413 2112 2546 2165 infra
2569 2111 2786 2164 citando
2814 2110 3065 2161 videntur
3092 2122 3282 2161 omnes
3305 2109 3548 2175 ejusdem
3579 2113 3770 2176 agunis
3801 2111 3996 2161 trium-

2411 2205 2670 2274 phatores
2691 2216 2848 2265 esse;
2891 2210 2945 2253 at
3004 2216 3111 2254 non
3160 2200 3411 2253 edisserit
3465 2199 3566 2251 sub
3594 2214 3702 2266 quo
3756 2199 4000 2263 impera-

2411 2305 2545 2348 tore.

2483 2388 2534 2436 4.
2568 2384 2788 2437 Festum
2832 2382 2887 2436 S.
2933 2382 3159 2435 Eudoxii
3192 2393 3244 2435 et
3272 2384 3539 2436 sociorum
3578 2383 3630 2434 in
3658 2382 3867 2452 Typico
3899 2399 3992 2436 seu

2410 2474 2612 2528 Rituali
2655 2476 2711 2529 S.
2746 2475 2901 2529 Saba:
2961 2477 3246 2529 colendum
3279 2478 3646 2544 praescribitur
3677 2479 3709 2525 6
3743 2476 3998 2543 Septem-

2409 2570 2522 2624 bris
2553 2571 2637 2622 his
2667 2572 2842 2622 verbis
2875 2586 2886 2619 :
2922 2571 3026 2620 Καὶ
3060 2568 3153 2620 τοῦ
3183 2570 3340 2635 ἁγίου
3383 2571 3662 2637 μάρτυρος
3710 2567 3994 2632 Εὑδιιξινιυ,

2411 2663 2641 2715 καὶτῶν
2673 2663 2768 2713 σὺν
2811 2662 2958 2728 αὐτῷ
3013 2661 3366 2726 ἀῦλτισᾰντων
3419 2663 3590 2723 ἁγίων
3649 2659 3993 2726 Μαρτύρων,

2409 2753 2460 2805 id
2492 2760 2597 2811 est,
2627 2749 2690 2802 Et
2733 2751 2791 2804 S.
2845 2749 2918 2801 Μ.
2967 2749 3221 2815 Eudoxii,
3283 2767 3343 2800 ac
3376 2747 3472 2802 SS.
3514 2748 3816 2815 Martyrum
3878 2763 3998 2798 cum

2409 2845 2518 2912 ipso
2550 2860 2820 2911 passorum
2848 2882 2862 2896 .
2906 2842 3104 2894 Mena-a
3133 2858 3324 2910 magna
3355 2843 3611 2908 impressa
3646 2844 3710 2892 ad
3741 2843 3996 2894 eumdem

2407 2936 2547 2987 diem
2569 2935 2750 2988 Grzece
2770 2937 2846 2987 sic
2879 2935 3075 2987 habent
3106 2951 3120 2986 :
3163 2956 3178 2981 ι
3210 2938 3494 2986 Certamen
3521 2933 3620 2985 SS.
3650 2932 3777 2986 Mil.
3812 2932 3996 2986 Eudo-

2409 3027 2502 3087 xii,
2532 3026 2786 3086 Zenonis,
2842 3026 3055 3078 Romuli
3083 3036 3137 3077 et
3188 3024 3431 3090 Macarii,
3473 3042 3490 3076 ι
3526 3036 3579 3078 et
3632 3028 3999 3094 sequentibus

736 3119 891 3173 valde
938 3119 1185 3171 intricate
1236 3129 1286 3170 ιι
1355 3117 1583 3170 confuse
1647 3128 1831 3171 narrat
1902 3120 2004 3172 hoc
2093 3121 2253 3172 modo
2289 3135 2300 3168 :
2333 3151 2373 3203 ο
2411 3131 2504 3168 eos
2532 3115 3075 3169 ornantvcrsiculis:

745 3231 763 3261 ι
803 3212 1081 3262 Eudusius
1151 3207 1350 3260 Christi
1439 3218 1664 3276 martyr,
1736 3208 1968 3273 Trojano
2033 3207 2306 3258 Romano-

739 3319 858 3354 rum
924 3303 1270 3369 impcratore,
1360 3313 1546 3352 comes
1627 3299 1821 3352 ordine
1876 3299 1995 3363 fuit,
2090 3301 2304 3356 multis-

736 3410 842 3461 que
870 3394 1099 3448 militum
1130 3393 1367 3445 millibus
1402 3392 1608 3460 (Grmce
1663 3393 1891 3460 μυρίους
1956 3392 2046 3441 καὶ
2079 3393 2302 3460 χιλίους,

738 3487 790 3539 id
821 3498 921 3546 est,
955 3500 1005 3537 xi
1048 3484 1213 3549 mille)
1250 3485 1304 3535 in
1341 3483 1509 3535 Callia
1566 3483 1868 3550 imperavit.
1913 3481 2174 3534 Romulus
2210 3497 2305 3533 au-

741 3589 845 3631 tem
874 3580 1006 3629 aulae
1041 3576 1404 3644 imperatoria:
1448 3577 1791 3643 prmpositus,
1852 3586 2042 3627 auctor
2087 3575 2186 3628 fuit
2231 3576 2308 3628 ei—

737 3670 859 3721 dem
902 3669 1159 3734 Trajano,
1195 3677 1252 3718 ut
1284 3668 1335 3717 in
1376 3667 1602 3717 Galliam
1636 3670 1892 3724 mitteret,
1926 3669 2014 3732 qui
2043 3667 2308 3717 Christia-

738 3775 841 3814 nos
873 3760 1072 3812 milites
1096 3758 1196 3811 diis
1231 3758 1513 3809 immolare
1544 3757 1949 3826 compellerent.
2026 3755 2144 3821 Quo
2185 3773 2308 3825 per-

740 3860 1020 3918 acto,cum
1058 3852 1254 3904 milites
1278 3850 1411 3901 adid
1444 3849 1748 3901 faciendum
1783 3849 1960 3902 induci
1999 3850 2306 3917 nequirent,

746 3949 800 3999 in
870 3945 1165 3997 Melitinam
1201 3944 1468 3995 Armenia:
1502 3942 1685 3994 urbem
1737 3942 1966 4010 relegati
2000 3951 2146 3993 sunt.
2185 3940 2310 3994 Post

745 4035 858 4088 haec
887 4033 1148 4085 Romulus
1185 4033 1499 4099 pwnitcntia
1542 4033 1758 4090 ductus,
1804 4046 1926 4081 cum
1957 4032 2008 4081 in
2036 4032 2308 4083 ChriStum

744 4125 1090 4185 credidisset,
1131 4123 1532 4189 'l‘rajanumque
1565 4121 1927 4188 obiurgasset,
1967 4119 2147 4186 capite
2197 4123 2310 4185 plc-

743 4235 842 4272 xus
863 4229 963 4270 est.
999 4216 1197 4268 Deinde
1223 4231 1341 4268 cum
1381 4213 1609 4280 imperio
1637 4214 1841 4281 potitus
1863 4221 2009 4268 esset
2037 4210 2316 4263 Maximia-

744 4327 867 4374 nus,
902 4309 1268 4374 edixissetque
1311 4304 1654 4358 Christianos
1714 4303 1969 4363 interfici,
2031 4303 2314 4356 mandavit

745 4419 838 4473 per
865 4405 1068 4455 litteras
1108 4410 1162 4453 et
1197 4398 1447 4451 Mclitirne
1481 4395 1756 4464 prmfecto,
1820 4406 1876 4448 ut
1905 4397 2108 4449 Christi
2135 4397 2315 4450 culto-

2389 3232 2744 3296 ’Τμηθὲντες
2780 3231 3091 3295 Ειῖιδόξισς,
3130 3231 3455 3298 Ῥωμύλος,
3487 3231 3696 3293 Ζήνων

2412 3304 2519 3355 Καὶ
2548 3305 2862 3368 Μακάριος,
2884 3303 3236 3369 μακαριστοὶ
3281 3302 3387 3352 τοῦ
3439 3305 3673 3363 τέλους.

2416 3392 2603 3460 Capite
2633 3395 2822 3443 inmitti
2861 3393 3147 3444 liudoa'ius.
3187 3393 3462 3449 Romulus.
3493 3391 3671 3443 Zenon

2416 3466 2488 3515 Ac
2513 3462 2781 3514 Macarius
2821 3463 2975 3530 ﬁnem
2999 3463 3206 3514 beatum
3239 3466 3488 3514 obtinent.

2415 3578 2722 3646 Μακάριος,
2757 3588 2812 3627 et
2875 3577 3208 3646 μακαριστὸς
3262 3587 3463 3631 sonant
3523 3583 3704 3629 beatus
3739 3594 3758 3641 ;
3790 3579 3844 3631 in
3892 3593 4004 3646 quo

2416 3669 2544 3720 lusit
2622 3677 2812 3734 poeta,
2870 3669 3228 3734 signiﬁcatum
3284 3669 3521 3718 nominis
3579 3671 3780 3735 proprii
3843 3673 4005 3723 unius

2417 3761 2668 3829 martyris
2724 3773 2819 3827 per
2879 3758 3260 3825 appellativum
3323 3759 3576 3811 omnibus
3659 3761 3997 3812 attribuens.

2418 3852 2683 3906 Subditur
2725 3852 2955 3923 elogium
2988 3852 3119 3903 satis
3137 3851 3427 3918 prolixum,
3458 3852 3613 3917 cuius
3646 3851 3749 3904 hoc
3782 3850 4001 3903 initium

2419 3955 2500 3998 est
2532 3963 2545 3998 :
2583 3938 2748 4005 Οὗτος
2791 3943 2945 4011 ἅγιος
2990 3941 3268 4010 Ῥωμύλος
3318 3943 3729 4010 ἐπὶςτραῐεινοῦ
3766 3944 3868 4011 τὴν
3905 3958 4003 3992 κε-

2425 4037 2596 4105 φαλὴν
2633 4038 2901 4105 ἀφῃρέθη.
2937 4034 3032 4086 llic
3072 4035 3131 4088 S.
3187 4035 3437 4087 Romulus
3495 4043 3583 4086 sub
3620 4034 3850 4101 Trojano
3908 4054 4002 4088 ca-

2421 4133 2524 4196 pite
2556 4136 2830 4181 truncatus
2866 4142 2958 4183 est.
3001 4128 3130 4180 Dein
3161 4129 3338 4198 agitur
3364 4128 3430 4181 de
3486 4128 3729 4181 Eudoxio
3773 4146 3802 4178 a
3833 4129 4004 4197 iisque

2423 4228 2663 4286 tempore
2719 4219 3035 4273 Diocletiani
3088 4221 3382 4273 coronatis.
3427 4219 3602 4276 Pauca
3658 4219 3748 4275 illa
3789 4223 3999 4274 idcirco

2423 4310 2531 4365 buc
2574 4311 2936 4372 transtuli,ne
2964 4313 3083 4377 quis
3129 4314 3274 4362 solos
3325 4313 3625 4362 versiculos
3666 4327 3730 4363 ac
3781 4314 4000 4364 titulum

2423 4406 2609 4476 legens
2641 4403 2996 4464 existimaret,
3028 4405 3078 4456 in
3110 4404 3329 4457 llicnaeis
3379 4403 3631 4472 conjungi
3660 4403 3826 4456 hosce
3857 4404 4001 4457 Mar-

745 4511 833 4548 res
862 4496 1152 4547 occideret.
1181 4491 1358 4556 Quare
1392 4491 1689 4542 liudoxiurn
1737 4489 2014 4550 comitem,
2085 4485 2560 4569 ejusqueDiyres
2620 4510 2874 4566 tanquam
2946 4497 2998 4550 in
3073 4498 3263 4552 eadem
3325 4501 3702 4566 persecutione
3763 4512 3997 4566 ρεεδοεε

745 4589 921 4642 socios
946 4589 1147 4639 milites
1177 4586 1623 4651 comprehensos,
1682 4581 1823 4648 quod
1885 4582 2026 4633 idola
2086 4581 2312 4632 adorare

748 4682 968 4738 nollent.
1007 4679 1236 4746 primum
1273 4675 1490 4744 quidem
1526 4674 1708 4726 multis
1742 4672 2023 4740 suppliciis
2072 4670 2311 4735 vexavit,

749 4774 966 4825 demum
994 4772 1170 4837 capite
1198 4769 1563 4822 obtruncavit.
1592 4787 1608 4816 ι

819 4862 871 4912 5.
901 4861 1088 4913 Versio
1118 4857 1342 4911 Areudii
1371 4859 1470 4908 col.
1501 4858 1605 4907 “130
1634 4859 1775 4909 inter
1805 4857 2081 4911 Anecdota
2112 4854 2310 4924 Ughcl-

749 4955 892 5006 liana
929 4964 1076 5006 tumo
1117 4951 1157 5003 Χ
1193 4951 1368 5004 Italia:
1404 4966 1568 5003 sucrw
1602 4948 1844 5001 Venetiis
1887 4965 2110 5010 recusaa,
2139 4947 2311 5014 quoad

751 5062 969 5098 sensum
997 5046 1184 5096 eadem
1212 5043 1325 5095 fere
1359 5055 1460 5106 est,
1496 5046 1709 5110 qualem
1744 5052 1797 5095 et
1843 5041 2148 5094 Galesinius
2192 5051 2315 5093 ante

748 5137 974 5189 dederat
1001 5135 1054 5185 in
1086 5152 1184 5186 suo
1219 5135 1594 5203 Martyrologio
1623 5152 1634 5184 :
1673 5144 1917 5186 nostrum
1968 5148 2181 5200 quoque
2214 5146 2313 5184 ms.

750 5230 1028 5297 exemplar
1053 5225 1298 5278 Graecum
1362 5225 1650 5295 lllenologii
1684 5225 1937 5276 Basiliani
1969 5226 2159 5277 statuit
2212 5224 2318 5276 Eu-

751 5322 968 5372 doxium
1015 5317 1269 5373 comitem
1301 5318 1403 5368 sub
1435 5317 1688 5385 Traiano,
1739 5327 2028 5385 martyrem
2077 5316 2177 5369 sub
2213 5315 2321 5366 Ma-

754 5413 1074 5468 ximiuiauo.
1133 5410 1423 5467 Conciliari
1463 5410 1576 5461 haec
1623 5410 1802 5463 forsan
1867 5418 2143 5478 utcunque
2199 5423 2320 5477 pos-

758 5515 900 5569 sent,
936 5502 983 5554 si
1028 5519 1124 5569 per
1149 5502 1450 5569 Trajanum
1495 5499 1832 5569 signiﬁcetur
1862 5501 2080 5562 Decius,
2133 5510 2320 5569 utpote

756 5599 1026 5663 Trajanus
1067 5598 1442 5664 prwnomine;
1485 5603 1540 5647 at
1571 5592 1614 5646 si
1660 5589 1954 5652 Eudoxius,
2019 5593 2322 5661 imperante

761 5687 997 5755 Traiano
1031 5685 1278 5755 proximo
1303 5685 1491 5739 Nerva:
1539 5697 1880 5746 successore,
1921 5683 2076 5738 initio
2135 5684 2322 5738 saeculi

763 5793 799 5831 ιι
833 5795 1014 5835 comes
1043 5782 1164 5843 fuit,
1198 5777 1320 5847 quis
1373 5777 1560 5831 credat
1607 5777 1758 5831 illum
1798 5773 1960 5830 vitam
2002 5777 2323 5845 produxisse

2418 4590 2559 4656 quod
2583 4605 2713 4642 sane
2743 4604 2974 4657 pronmn
3003 4599 3145 4642 esset
3175 4590 3384 4658 Opinari
3432 4602 3496 4641 ex
3551 4589 3730 4652 titulo,
3793 4587 4003 4642 Romu-

2417 4679 2526 4732 lum
2574 4680 2691 4731 aliis
2717 4679 3149 4731 intermiscente.

2490 4773 2539 4826 5.
2575 4772 2704 4825 Post
2731 4783 3092 4827 memoratum
3116 4774 3350 4841 elogium
3374 4773 3622 4841 sequitur
3644 4773 3748 4826 alia
3777 4789 4005 4828 annun-

2417 4861 2567 4915 tiatio
2596 4880 2607 4914 :
2636 4863 2712 4932 Τῇ
2768 4864 2902 4932 αὐτῇ
2954 4864 3135 4931 ἡμέρᾳ
3173 4864 3365 4914 ἑκατὸν
3391 4865 3650 4933 τέσσαρες
3704 4871 3798 4917 καὶ
3836 4866 4001 4934 χίλιοι

2420 4953 2808 5021 στρατιῶται..
2836 4996 2847 5007 .
2878 4953 3019 5021 ξίφει
3052 4954 3403 5007 τελειοῦνται.
3443 4956 3498 5008 Id
3541 4967 3645 5019 est,
3699 4961 3877 5012 eodem
3918 4960 4007 5014 die

2419 5056 2620 5097 centum
2654 5057 2880 5116 quatuor
2901 5066 2962 5098 ai:
2997 5048 3142 5098 mille
3191 5047 3449 5101 milites...
3482 5047 3660 5118 gladio
3695 5053 3818 5103 cassi
3881 5067 4007 5104 con-

2418 5149 2682 5188 summam
2712 5141 3043 5208 martyrium.
3097 5136 3189 5189 His
3248 5139 3447 5192 deinde
3503 5141 3619 5195 bini
3673 5146 4007 5196 accinuntur

2421 5229 2677 5281 versiculi
2715 5240 2730 5280 :

2421 5341 2595 5415 ᾼεκὰς
2629 5341 2869 5411 δεκαπλῆ
2905 5345 2999 5397 καὶ
3029 5346 3206 5414 χιλιὰς
3252 5347 3548 5415 μαρτύρων

2422 5414 2530 5463 Καὶ
2554 5416 2748 5481 τετρὰς
2781 5416 2926 5483 ἁπλῆ
2961 5414 3348 5468 cavsa/teucrum
3377 5415 3540 5483 ξίφει.

2493 5502 2640 5566 Quos
2681 5503 2872 5559 Latine
2914 5507 2991 5560 sic
3015 5516 3234 5559 vertas:

2425 5594 2589 5670 Decus
2612 5597 2829 5670 derupta
2861 5608 2907 5670 et
2939 5597 3121 5670 clulius
3153 5595 3474 5670 Martyrum,

2425 5663 2810 5735 Qualernioq'ue
2836 5666 2995 5719 sintut
3029 5683 3145 5721 ense
3167 5663 3326 5722 vitam
3356 5670 3569 5736 ﬁniunt.

2497 5778 2616 5834 Istis
2655 5780 2935 5835 versiculis
2994 5781 3203 5837 addunt
3252 5782 3449 5836 Mcnzea
3503 5783 3780 5838 distichon
3833 5779 4006 5847 aliud,
