4198 6438
204 396 328 458 613

1188 394 1374 453 ACTA
1417 395 1520 454 SS.
1567 392 1923 466 EUDOXII,
1971 395 2295 466 ROMULl,
2334 397 2491 457 ETC.

3387 396 3492 461 6H

203 514 537 582 exprimens
587 510 762 565 simile
794 509 1113 581 martyrium
1144 509 1204 564 S.
1263 509 1572 574 Calodotes.
1640 527 1807 581 quam
1837 519 1884 575 Α
1912 523 2016 568 est.
2042 512 2174 569 Post
2210 513 2507 585 Traianum
2540 524 2720 569 autem
2757 524 2809 569 et
2836 515 3071 584 reliquos
3138 516 3494 587 imperatores

204 616 271 659 et
300 606 352 657 iu
380 604 802 657 annuntiatione
830 617 952 656 mox
989 602 1114 656 data
1173 604 1517 673 conjungunt
1569 604 1804 658 laudatis

205 699 511 758 militibus,
546 697 638 749 sed
709 712 997 766 perperam
1028 715 1040 750 :
1092 713 1216 750 nam
1247 708 1435 751 sancta
1485 697 1573 749 illa
1603 707 1806 767 martyr

203 791 282 842 ad
323 790 460 842 hanc
483 789 715 841 classem
741 803 848 840 non
919 789 1172 858 pertinet.
1237 788 1465 842 Dabitur
1487 804 1611 842 cum
1641 788 1806 843 sociis

205 884 337 935 suis
365 884 451 933 die
480 881 510 933 6
547 880 906 946 Septembris.
978 881 1239 950 Martyres
1309 889 1488 935 autem
1545 881 1699 943 1104,
1739 881 1808 934 de

204 965 420 1043 quibus
453 975 538 1025 hic
569 983 818 1041 separate
849 974 1047 1042 agitur,
1095 975 1237 1028 haud
1296 975 1459 1027 dubie
1527 985 1653 1027 sunt
1729 973 1802 1026 illi

205 1064 438 1129 milites,
503 1081 640 1132 quos
699 1066 935 1134 elogiqu
998 1067 1223 1118 citatum
1273 1075 1457 1118 narrat
1505 1066 1804 1135 proiecisse

205 1156 427 1210 balteos
455 1173 636 1210 coram
665 1156 900 1225 praeside
932 1158 1184 1224 exemplo
1219 1155 1274 1210 S.
1303 1157 1528 1210 Eudoxii
1555 1175 1568 1222 ;
1602 1157 1806 1209 utrobi-

203 1269 324 1318 que
353 1252 522 1315 enim,
564 1251 724 1302 etiam
762 1252 812 1301 in
837 1250 986 1304 Actis
1007 1259 1059 1303 et
1103 1265 1205 1302 ms.
1251 1249 1551 1318 Menologio
1618 1249 1805 1302 Slavo-

206 1342 472 1403 Hussico,
505 1359 566 1394 ac
599 1342 896 1411 Synaxario
935 1337 1209 1394 Ruthenio
1243 1340 1382 1394 infra
1449 1342 1804 1394 memorando

203 1433 360 1486 idem
394 1443 474 1486 est
508 1449 768 1486 numerus
806 1433 960 1497 not,
993 1448 1094 1485 nec
1134 1433 1300 1485 ullum
1324 1443 1551 1501 apparet
1610 1434 1806 1487 distiu—

206 1526 423 1579 ctt’onis
446 1528 882 1582 fundamentum.

288 1617 340 1668 6.
379 1618 771 1671 Desiderantur
799 1621 976 1672 sancti
1003 1621 1175 1673 nostri
1213 1622 1265 1674 in
1289 1622 1500 1675 duobus
1531 1625 1802 1678 Armeno-

206 1723 334 1759 rum
370 1706 774 1778 Menologiisab
812 1712 1114 1763 Assemano
1142 1711 1302 1763 editis
1326 1720 1470 1764 tomo
1504 1711 1570 1764 Ill
1610 1712 1805 1767 Biblio-

206 1800 388 1853 theca:
456 1802 750 1854 Orientalis
789 1801 1459 1864 ClementinoA‘aticanae,
1515 1820 1639 1874 pag.
1697 1805 1803 1860 645

204 1904 268 1947 et
317 1877 454 1955 649;
509 1906 562 1946 at
607 1897 656 1945 in
729 1908 809 1948 ms
902 1893 1161 1962 Catalogo
1202 1906 1516 1948 sanctorum
1551 1899 1801 1951 Armenis

203 1988 804 2054 celebratorum,quem
839 1987 1211 2056 Papchroehio
1271 1989 1416 2042 misit
1456 1990 1514 2044 D.
1570 1989 1804 2042 Ludovi-

205 2090 312 2129 cus
375 2077 604 2145 Picques
663 2079 854 2133 doctor
908 2079 1264 2145 Sorbonieus,
1324 2081 1442 2137 haec
1511 2099 1665 2136 num.
1737 2082 1804 2137 50

207 2168 516 2238 leguntur:
580 2190 597 2221 t
643 2171 1041 2225 Testimonium
1105 2175 1163 2226 S.
1231 2173 1481 2226 Euductii
1531 2175 1801 2245 (Εὑδξίου)

205 2261 304 2328 qui
334 2261 570 2314 Marinus
601 2271 822 2314 vocatus
850 2273 954 2315 est.
1015 2263 1147 2315 Item
1211 2263 1418 2316 [lotueli
1472 2273 1526 2316 et
1579 2265 1799 2328 Macari,

204 2352 302 2421 qui
338 2364 604 2422 martyres
648 2364 889 2422 tempore
917 2355 1157 2422 Traiani,
1196 2354 1532 2423 Septembris
1570 2367 1744 2412 sexto.
1776 2376 1794 2408 ι

209 2446 475 2500 Clemens
529 2446 790 2512 Galanus,
851 2448 942 2516 qui
1008 2449 1400 2502 multosannos
1434 2453 1485 2501 in
1542 2450 1800 2502 Armenia

209 2538 596 2593 missionarius
661 2541 780 2602 l'uit,
836 2553 988 2606 parte
1039 2541 1499 2592 tConciliationis
1551 2539 1804 2593 Ecclesia:

209 2633 468 2682 Armenia
491 2647 613 2683 eum
637 2632 876 2682 Romana
899 2630 950 2682 iu
974 2633 1338 2684 Annotatioue
1354 2635 1415 2683 ad
1436 2647 1492 2684 ca
1505 2641 1599 2699 put
1622 2633 1655 2684 Ξ
1678 2648 1799 2701 pag.

208 2719 305 2780 16.
338 2721 480 2773 inter
512 2732 777 2792 martyres
819 2722 1022 2775 ibidem
1093 2739 1280 2791 passos
1313 2734 1560 2776 recenset
1622 2723 1806 2776 Eudo-

207 2811 387 2871 xium,
420 2811 721 2873 Zenonem,
752 2814 1042 2867 Macarium
1109 2815 1394 2883 sociosque
1450 2816 1551 2869 sub
1596 2815 1805 2869 Diocle-

208 2904 368 2957 tiano
401 2922 414 2969 ;
443 2915 495 2957 at
528 2905 739 2958 Romuli
772 2923 1040 2975 nusquam
1077 2908 1350 2959 meminit.
1375 2907 1544 2960 Porro
1570 2909 1804 2963 eximius

208 2996 538 3063 Picquesius
585 3007 792 3060 monet,
851 2996 1170 3066 pncdictum
1220 2996 1541 3063 Catalogum
1605 2997 1802 3053 Latine

215 3103 445 3139 versum
499 3104 624 3140 esse
675 3104 741 3140 ex
792 3090 998 3159 ingenti
1031 3091 1194 3157 regiae
1246 3089 1592 3142 bibliotheca:
1614 3089 1803 3143 codice

209 3179 485 3232 Armenio
510 3179 576 3230 Νο
625 3181 752 3245 511,
817 3183 1126 3234 unci-alibus
1176 3183 1372 3234 litteris
1414 3182 1616 3252 scripto
1675 3194 1802 3237 ante

206 3284 394 3325 annos
415 3274 480 3325 ab
507 3275 609 3326 hoc
631 3273 760 3326 1687
787 3274 1006 3326 circiter
1035 3283 1365 3337 sexcentos;
1401 3275 1494 3326 sed
1527 3275 1802 3341 interpre—

207 3378 348 3428 tem,
375 3366 644 3420 l)scanum
672 3367 1144 3434 archiepisc0pum
1165 3366 1483 3425 Armenum,
1508 3364 1650 3417 haud
1669 3373 1801 3417 satis

207 3459 450 3525 peritum
480 3461 664 3513 titulos
701 3461 980 3513 incondite
1032 3461 1279 3514 dictasse
1315 3457 1659 3520 amanuensi,
1692 3458 1802 3511 imo

206 3560 267 3602 et
294 3551 588 3602 nonnullos
609 3552 880 3602 omisisse.
908 3552 1070 3602 Addit
1100 3551 1150 3601 in
1177 3552 1373 3604 litteris
1400 3551 1803 3620 posterioribus

207 3642 461 3707 ejusdem
493 3644 624 3694 antti
672 3641 829 3697 1687.
869 3657 925 3694 sc
954 3642 1237 3694 dumtaxat
1288 3658 1458 3709 usque
1511 3658 1801 3695 numerum

208 3738 284 3790 35
329 3737 592 3791 inclusive
657 3735 910 3790 Latinam
971 3735 1277 3788 versionem
1329 3749 1452 3787 cum
1490 3743 1642 3788 textu
1703 3736 1804 3787 Ar.

208 3844 382 3881 meno
451 3828 749 3881 contulisse
801 3845 814 3878 :
885 3828 1025 3896 quod
1076 3828 1285 3880 utinam
1342 3827 1424 3878 vir
1467 3826 1713 3880 eruditus
1747 3833 1803 3880 et

208 3918 648 3972 humanissimus
697 3918 926 3986 reliquis
975 3918 1069 3970 111
1131 3916 1375 3970 numeris
1431 3918 1670 3977 fecisset,
1726 3917 1802 3968 si-

208 4009 436 4076 mulque
489 4008 690 4060 omissa
731 4009 799 4060 ab
852 4007 1067 4060 Oscatto
1113 4008 1495 4075 supplevisset.
1555 4006 1804 4060 Meminit

201 4116 427 4172 quoque
464 4101 529 4154 ad
591 4102 838 4154 eamdem
877 4101 1018 4153 diem
1052 4101 1108 4154 S.
1152 4099 1220 4152 M.
1264 4100 1491 4155 Eudoxii
1547 4100 1803 4170 Synaxa-

209 4195 741 4249 riumliulhenicum
773 4211 854 4248 ms
888 4235 899 4257 ,
926 4195 1070 4260 qttod
1107 4210 1252 4246 anno
1276 4193 1412 4247 1688
1439 4193 1654 4247 Moscua
1675 4194 1803 4246 sub-

205 4290 364 4342 misit
416 4298 605 4342 noster
648 4288 759 4341 illic
790 4287 1170 4340 missionarius
1202 4285 1261 4341 P.
1305 4285 1573 4356 Georgius
1608 4285 1797 4349 David,

204 4376 424 4435 addens
482 4382 534 4434 in
591 4381 696 4434 ﬁne
740 4381 1098 4451 Synaxarium
1137 4380 1280 4433 istud
1337 4396 1458 4434 esse
1508 4394 1801 4434 commune

210 4471 314 4524 toti
348 4472 591 4524 ecclesia;
631 4469 968 4523 Ruthenicae.
1018 4472 1175 4522 Aliud
1230 4472 1503 4538 peculiare
1542 4472 1797 4523 ditccesis

204 4563 564 4625 Kiioviensis,
619 4563 809 4616 eodem
853 4562 1168 4631 interprete,
1207 4562 1279 4615 ita
1313 4562 1469 4615 habet
1505 4577 1518 4613 :
1581 4576 1603 4613 ι
1644 4561 1706 4616 Et
1737 4561 1795 4617 S.
1832 4576 1876 4632 ι)

206 4655 281 4709 M.
313 4654 563 4715 Eudoxii,
596 4664 801 4708 etcum
833 4669 898 4707 eo
948 4653 1104 4707 1104.
1145 4673 1162 4705 ›

277 4745 333 4803 7.
373 4747 497 4798 Mss.
535 4746 734 4798 Mentea
798 4746 982 4798 Graaca
1032 4747 1370 4799 hibliutliecre
1422 4748 1798 4801 Ambrosianaa

204 4851 263 4893 et
297 4838 403 4891 PP.
435 4838 914 4891 Dominicanorum
941 4847 1246 4890 conventus
1287 4838 1344 4889 S.
1368 4840 1531 4892 Marci
1567 4840 1798 4893 Floren-

209 4932 323 4992 tiae,
354 4947 417 4982 ac
456 4932 900 4997 supplementum
939 4931 1002 4984 ad
1034 4929 1235 4983 Mena'a
1288 4945 1485 4983 excusa
1509 4933 1798 4985 collectum

207 5042 278 5078 ex
302 5023 398 5077 Ms.
421 5024 1148 5094 Synaxariomembranaceo
1167 5025 1390 5089 antiquo
1411 5024 1469 5075 l’.
1495 5022 1797 5086 Sirmondi,

207 5120 269 5172 S.
301 5116 592 5170 Romulum
622 5123 748 5168 ante
784 5114 917 5167 alios
937 5116 1290 5175 annuntiant,
1347 5114 1520 5181 prima
1579 5115 1796 5183 quidem

210 5213 320 5263 hoc
353 5210 556 5263 modo:
604 5227 621 5256 ι
657 5206 890 5276 liomyli,
945 5207 1197 5269 Eudoxii,
1263 5206 1521 5268 Zenonis,
1584 5207 1797 5261 Macarii

210 5304 287 5357 ll.
327 5341 341 5364 ,
373 5318 392 5349 ι
453 5299 620 5353 altera
660 5301 876 5352 titulum
909 5298 1138 5359 addunt,
1184 5317 1200 5348 ί
1243 5297 1506 5352 Romulus
1539 5302 1797 5369 praeposi-

214 5408 329 5458 tus,
363 5389 664 5454 Eudoxius,
721 5389 931 5454 Zenon,
990 5391 1296 5454 Macarius;
1334 5409 1352 5440 ι
1391 5391 1612 5444 tertium
1667 5408 1797 5447 vero

211 5487 404 5540 Graece
456 5485 527 5536 ita
587 5484 796 5548 habet;
855 5501 872 5532 ι
909 5481 1094 5535 Passio
1178 5480 1277 5534 SS.
1340 5481 1462 5536 MM.
1555 5481 1793 5546 Romuli,

211 5576 473 5639 Eudoxii,
502 5573 738 5626 Zenonis
791 5584 848 5628 et
909 5572 1145 5627 Macarii.
1189 5592 1207 5623 ι
1240 5573 1482 5642 Elogium
1540 5574 1798 5642 subiunc—

211 5681 330 5722 tum
367 5669 614 5737 qutedam
651 5665 718 5720 ab
781 5669 930 5720 Actis
997 5671 1210 5720 diversa
1266 5667 1530 5724 continet.
1568 5668 1796 5735 proinde

209 5763 266 5816 in
301 5775 470 5830 pauca
510 5760 558 5812 id
577 5756 865 5812 contrahe.
908 5778 925 5808 ι
968 5757 1040 5810 Ex
1084 5758 1232 5811 hisce
1290 5757 1496 5808 sanatis
1536 5756 1796 5810 Romulus

209 5852 543 5924 pra-positus
571 5853 675 5907 sub
699 5850 934 5920 Traiano
964 5852 1298 5920 imperatore
1360 5849 1657 5905 decollatus
1689 5857 1792 5905 est.

1910 621 2018 660 non
2059 606 2252 675 paucis
2279 609 2440 660 annis
2461 607 2680 676 elapsis,
2720 623 2843 660 cum
2911 608 3278 663 Diocletianus
3319 611 3492 679 impe-

1911 698 2050 751 rium
2088 699 2318 766 adeptus
2350 713 2515 760 esset,
2545 700 2819 753 Eudoxius
2851 716 3036 754 eomes
3069 703 3244 768 capite
3304 705 3493 772 plexos

1909 800 1991 844 est
2021 809 2141 844 cum
2170 793 2390 846 Zenone
2424 805 2479 846 et
2508 794 2761 855 Macario,
2788 795 2898 863 ἅμα
2931 796 3028 845 σὺν
3055 799 3165 853 τοῖς
3190 797 3277 847 ὑπ’
3315 800 3492 849 αὐτῶν

1913 884 2288 952 στρλτιώταις,
2339 886 2429 936 τὸν
2463 886 2694 954 ἀριθμὸν
2732 886 2848 938 οὖσι
2884 889 3077 955 χιλίοις
3115 890 3310 939 ἑκατὸν
3333 892 3486 958 τριὰι

1910 990 2075 1027 κοντα
2108 972 2406 1045 τέσσαρσιν
2451 978 2499 1028 id
2532 985 2633 1047 est.
2671 994 2773 1029 una
2811 993 2933 1029 cum
2975 979 3258 1034 militibus.
3289 983 3378 1041 qui
3413 985 3491 1033 eis

1911 1067 2198 1134 parebant,
2239 1084 2467 1120 numero
2498 1067 2643 1145 mille
2692 1078 2910 1121 ccntmn
2967 1069 3182 1138 triginta
3235 1081 3489 1137 quatuor.

1924 1159 1986 1210 ’11
2030 1161 2083 1210 δὲ
2111 1160 2288 1212 αἰτῶν
2330 1159 2548 1223 comit;
2582 1159 2812 1211 τελεῖται
2853 1162 2908 1211 ἐν
2935 1161 3014 1228 τῷ
3045 1166 3361 1231 paratipequ
3393 1161 3486 1212 τοῦ

1910 1252 2000 1318 ἀγ.
2033 1253 2338 1320 llpozonéou
2377 1252 2524 1302 ἔνδον
2575 1251 2665 1302 τοῦ
2702 1253 2789 1317 ἀγ.
2832 1269 2889 1318 μ.
2953 1252 3132 1322 illud.
3170 1252 3493 1304 Celebratur

1909 1351 2090 1398 autem
2124 1344 2367 1410 ipsorum
2402 1348 2663 1396 memoria
2695 1344 2747 1394 in
2807 1345 3048 1398 oratorio
3110 1343 3167 1396 S.
3211 1345 3490 1412 Procopii,

1907 1434 2052 1500 quod
2087 1441 2166 1486 cst
2204 1435 2254 1486 iu
2293 1435 2494 1502 templo
2535 1433 2590 1488 S.
2629 1436 2696 1487 M.
2726 1437 2924 1490 Mena.
2967 1454 2986 1488 ι
3034 1437 3107 1490 De
3133 1450 3284 1491 sacra
3319 1443 3432 1491 ade
3460 1454 3492 1492 a

1905 1525 2269 1579 Constantino
2302 1527 2493 1596 Magno
2548 1528 2726 1581 dicata
2788 1537 2979 1582 sancto
3021 1529 3192 1583 Meme
3268 1533 3491 1599 martyri

1907 1627 2085 1686 potest
2121 1619 2288 1671 videri
2351 1619 2589 1689 Cattgius
2625 1660 2639 1684 ,
2697 1622 2836 1673 libro
2899 1639 2951 1675 tv
3010 1624 3495 1692 Constantinopolis

1908 1709 2246 1777 Cirris-dante,
2304 1724 2437 1764 seet.
2483 1712 2536 1776 6,
2592 1729 2742 1766 num.
2804 1714 2910 1780 6‘2;
2971 1716 3167 1768 ibidem
3201 1731 3351 1769 num.
3402 1719 3492 1775 58.

1911 1804 2170 1871 templum
2202 1803 2239 1856 S
2294 1804 2520 1859 Eudoxii
2579 1819 2960 1860 consecratum
3007 1809 3171 1863 fuisse
3215 1811 3414 1864 saeculo
3442 1827 3494 1863 tv

1911 1897 1990 1948 vel
2017 1915 2069 1959 ν,
2091 1908 2270 1951 narrat
2293 1897 2378 1950 his
2404 1900 2590 1953 verbis
2618 1919 2626 1949 :
2658 1919 2676 1951 ι
2705 1900 2757 1952 S.
2785 1902 3030 1954 Eudoxio
3055 1905 3201 1956 aedes
3221 1914 3493 1956 exstructa

1906 1990 2135 2057 patricio
2192 2001 2244 2043 et
2281 1992 2560 2060 praefecto,
2591 1991 2954 2046 Constantino
2988 1992 3055 2044 M.
3090 1994 3412 2062 imperante.
3449 1996 3494 2050 si

1905 2096 2011 2148 qua
2071 2081 2202 2134 ﬁdes
2223 2083 2434 2135 Codino
2466 2099 2588 2151 pag.
2624 2083 2726 2137 594
2755 2095 2904 2137 certe
2951 2085 3252 2138 Eudoximn
3312 2086 3498 2153 praele‘

1906 2180 2051 2226 ctum
2101 2173 2356 2240 praetorio
2388 2173 2490 2226 sub
2522 2172 3061 2242 Theodosiojuniore
3112 2175 3311 2240 vixisse
3348 2174 3496 2226 indi-

1905 2275 2033 2319 cant
2077 2267 2221 2336 leges
2255 2267 2464 2335 aliquot
2488 2267 2543 2319 in
2567 2268 2698 2320 Cod.
2729 2266 2832 2320 Th.

1981 2381 2100 2448 §ll.
2136 2385 2210 2434 An
2266 2384 2474 2434 sanatio
2512 2382 2806 2434 Iustiniani
2861 2383 3190 2449 imperatoris
3244 2384 3498 2451 martyri-

1906 2453 1996 2503 bus
2015 2453 2151 2503 hisce
2183 2455 2490 2503 ascribenda
2533 2459 2616 2505 sit.
2653 2456 2671 2503 1
2712 2453 2973 2504 Numerus
3003 2452 3056 2505 S.
3092 2454 3497 2505 Eudoa'itsocio-

1906 2539 2019 2574 rum
2042 2540 2057 2585 ;
2084 2523 2330 2591 figmenta
2351 2525 2413 2575 de
2439 2524 2474 2576 S
2520 2523 2772 2583 Romulo;
2803 2525 2917 2590 ejus
2940 2525 3107 2575 cultus
3132 2525 3182 2575 in
3211 2524 3494 2584 Hispania,

1905 2597 2111 2661 quando
2142 2604 2187 2646 ct
2219 2594 2301 2646 ubi
2336 2607 2592 2662 ntartyres
2649 2595 2807 2658 passi.
2853 2597 2982 2646 Acta
3037 2594 3241 2657 Gra'ca,
3276 2601 3322 2645 et
3389 2593 3488 2646 Bac

1905 2664 2044 2714 ronii
2065 2665 2369 2731 conjectura
2402 2668 2465 2716 de
2497 2664 2644 2714 mille
2683 2664 2962 2715 militibus.

1983 2799 2247 2856 Baronius
2272 2802 2323 2856 in
2364 2801 2750 2856 Notalionibus
2782 2806 2846 2857 ad
2880 2804 3321 2875 Martyrologium
3382 2801 3496 2858 Ro-

1907 2911 2125 2948 manum
2153 2896 2254 2949 hac
2286 2893 2372 2950 die
2401 2897 2592 2949 scribit
2616 2897 2936 2965 sequentia:
2975 2915 2992 2948 (
3026 2896 3099 2949 Ex
3134 2898 3328 2950 horum
3386 2898 3493 2950 mi-

1905 2989 2060 3041 litum
2092 3005 2340 3051 numero,
2379 2991 2470 3057 qui
2515 2988 2771 3042 Melitina:
2812 2991 2863 3042 in
2923 2989 3182 3044 Armenia
3251 2992 3494 3045 coronati

1907 3089 2055 3141 sunt,
2089 3091 2323 3148 quatuor
2372 3096 2526 3133 sacra
2583 3096 2811 3149 corpora
2877 3082 3054 3135 delata
3104 3083 3497 3136 Constantino-

1851 3162 1870 3244 ξ
1909 3173 2097 3242 polim.
2140 3162 2363 3242 reperta
2389 3187 2517 3227 sunt
2564 3176 2906 3244 temper-ibus
2963 3175 3256 3230 Justiniani
3315 3177 3449 3247 imp.
3476 3217 3494 3243 ,

1905 3281 2135 3333 quorum
2168 3266 2435 3320 beneﬁcio
2463 3267 2756 3336 imperator
2779 3268 2967 3321 lethali
3030 3272 3219 3332 morbo
3269 3281 3496 3326 curatus

1906 3366 2009 3408 est.
2042 3357 2175 3408 Rem
2238 3367 2441 3424 gestam
2493 3360 2776 3425 perpetuis
2826 3361 3046 3428 dignam
3119 3366 3495 3418 monumentis

1905 3449 2235 3517 conscripsit
2262 3448 2577 3518 Procopius,
2608 3451 2700 3504 lib.
2731 3468 2747 3505 ι
2776 3450 2850 3504 De
2907 3454 3145 3522 adiﬁciis
3197 3453 3494 3510 Iustiniani

1907 3541 2265 3610 imperatoris.
2303 3561 2320 3593 ι
2358 3542 2741 3598 luventtonem
2790 3545 2983 3598 harum
3024 3549 3378 3615 reliquiarum
3436 3552 3492 3605 in

1906 3635 2107 3700 templo
2151 3635 2208 3686 S.
2245 3634 2433 3687 lrenes
2465 3636 2533 3688 M.
2572 3675 2587 3700 ,
2622 3648 2676 3690 et
2710 3639 3037 3692 beneﬁcium
3065 3643 3363 3694 sanationis
3395 3659 3493 3712 per

1906 3740 1998 3777 cas
2057 3719 2374 3778 Justiuiano
2462 3732 2765 3795 praestitum
2824 3747 2887 3782 ex
2967 3734 3158 3784 eodem
3227 3733 3492 3802 Procopio

1904 3815 2232 3870 Ctesariensi
2264 3818 2429 3872 refert
2455 3820 2521 3872 ad
2574 3835 2777 3872 annum
2845 3821 3046 3874 Christi
3120 3823 3224 3876 500
3279 3825 3493 3879 num.2

1907 3907 2108 3963 Verum
2145 3911 2467 3980 Procopius,
2504 3929 2651 3966 anno
2691 3915 2827 3967 1665
2855 3931 2978 3968 cum
3033 3916 3490 3984 interpretatione

1904 4001 2077 4054 nostri
2115 4002 2326 4053 Claudii
2364 4003 2596 4054 Maltreti
2632 4001 2854 4054 Parisiis
2881 4006 3084 4063 editus.
3125 4006 3324 4067 librat,
3363 4023 3484 4077 cap.

1905 4092 1933 4145 7
1957 4109 2062 4146 non
2089 4093 2252 4146 habet
2275 4103 2528 4163 quatuor,
2551 4095 2643 4148 sed
2671 4091 2950 4165 οὐχῆσσον
2981 4096 3013 4164 ἢ
3040 4105 3477 4170 τεσσαράκοντα,

1907 4186 1959 4239 td
1997 4195 2099 4247 est,
2137 4202 2241 4239 non
2308 4187 2489 4240 minus
2565 4203 2728 4255 quam
2790 4189 3197 4258 quadraginta;
3250 4204 3302 4245 et
3361 4194 3489 4247 licet

1904 4278 2100 4330 subdat
2134 4278 2233 4328 hos
2269 4278 2436 4329 fuisse
2471 4275 2747 4330 Romanos
2789 4280 2992 4331 milites
3024 4280 3250 4350 legionis
3274 4284 3487 4339 duode-

1905 4369 2080 4431 citum,
2127 4384 2287 4437 quam
2309 4369 2437 4421 olim
2496 4371 2874 4422 stationariam
2915 4373 3103 4425 habuit
3129 4373 3260 4427 urbs
3288 4376 3486 4430 Arme-

1907 4463 2004 4514 nia!
2034 4461 2287 4514 Melitene
2319 4479 2330 4524 ;
2363 4478 2471 4513 non
2509 4472 2689 4514 tamen
2718 4463 2856 4514 dicit
2895 4464 2947 4514 in
2973 4479 3033 4515 ea
3094 4466 3226 4518 urbe
3279 4479 3488 4538 marty-

1905 4553 2044 4605 rium
2070 4567 2190 4606 esse
2211 4567 2418 4618 passos.
2447 4552 2586 4606 Hinc
2619 4554 2844 4607 dubium
2881 4565 2985 4620 est,
3014 4571 3082 4609 an
3119 4572 3348 4627 corpora
3393 4560 3488 4615 illa

1902 4647 2109 4700 fuerint
2141 4648 2445 4716 aliquorum
2474 4664 2538 4702 ex
2566 4649 2847 4702 hodiernis
2882 4650 3163 4711 militibus.
3206 4662 3260 4706 et
3294 4668 3486 4708 conse-

1900 4748 2134 4806 quenter
2159 4755 2226 4790 an
2283 4741 2419 4806 ipsis
2475 4741 2670 4792 ascribi
2724 4741 2918 4792 debeat
2980 4753 3249 4809 patratqu
3318 4747 3486 4798 mira-

1899 4833 2105 4886 culum.
2149 4832 2555 4898 Tillemontius,
2593 4844 2740 4886 torno
2764 4831 2802 4884 ll
2834 4832 3484 4892 Monumentorumecc/e-

1899 4925 2235 4978 siasticorum
2269 4928 2523 4979 secundae
2574 4925 2852 4988 editionis,
2888 4942 3005 4995 pag.
3043 4928 3148 4980 574
3173 4932 3486 4996 suspicatur

1901 5017 2067 5070 fuisse
2096 5019 2352 5084 reliqulas
2385 5017 2680 5069 celebrimn
2710 5018 2777 5068 40
2805 5015 3096 5084 Martyrum
3157 5014 3486 5072 Sebasteno-

1902 5126 2046 5174 rum,
2073 5125 2192 5178 quae
2224 5125 2392 5178 prOpe
2415 5107 2947 5176 Constantinopolim
3013 5109 3114 5162 sub
3164 5107 3480 5165 Theodosio

1900 5201 1945 5255 ll
1976 5203 2209 5254 inventa:
2241 5211 2389 5263 sunt,
2411 5202 2477 5253 de
2506 5201 2710 5269 quibus
2739 5201 2806 5252 ad
2833 5200 2981 5253 diem
3009 5217 3036 5252 χ
3069 5199 3264 5252 Martii.

1972 5295 2024 5348 9.
2059 5295 2438 5347 Tillemontius
2463 5295 2660 5347 citatus
2696 5309 2984 5345 numerum
3012 5291 3067 5346 S.
3096 5293 3328 5347 Eudoxii
3393 5310 3483 5348 so-

1900 5387 2109 5440 ciorum
2167 5395 2328 5456 auget
2385 5389 2668 5440 trecentis.
2724 5384 2925 5437 Scribit
2978 5389 3123 5438 enim
3168 5385 3326 5448 1404,
3383 5403 3481 5456 pro

1901 5479 2060 5541 1104,
2121 5478 2282 5545 idque
2341 5478 2425 5531 bis
2483 5479 2705 5546 reperit,
2736 5476 2975 5546 allegatis
3027 5477 3226 5530 Meniea
3285 5493 3480 5547 magna

1898 5570 2219 5626 Graecorum
2267 5571 2526 5623 editionis
2588 5570 2803 5623 Venettc
2863 5571 2992 5623 anni
3065 5567 3223 5623 1528.
3297 5570 3478 5623 Editio

1899 5663 1986 5716 illa
2002 5662 2209 5716 ntiltiad
2230 5677 2449 5714 manum
2471 5677 2579 5714 non
2611 5673 2729 5726 est;
2755 5665 2845 5716 sed
2875 5660 3127 5729 quoniam
3150 5665 3201 5717 in
3232 5662 3474 5726 Menaeis,

1899 5772 2019 5826 qua:
2059 5771 2201 5810 anno
2235 5756 2372 5810 1595
2397 5756 2640 5810 Venetiis
2667 5757 3008 5826 prodierunt,
3066 5757 3118 5809 in
3174 5757 3478 5827 Menologio

1902 5850 2194 5908 cardinalis
2229 5847 2432 5917 Sirleti,
2498 5853 2650 5906 Actis
2680 5868 2710 5905 a
2739 5849 3102 5923 Metaphrastc
3152 5850 3475 5933 conscriptis
