4198 6438
735 382 838 444 615

1961 374 2247 436 MENSIS
2288 376 2579 439 SEPTEM
2590 377 2759 438 BER-

3888 384 3999 447 616

736 524 789 565 et
812 508 938 564 alibi
967 516 1353 579 computantur
1388 508 1653 562 duntaxat
1684 506 1820 561 1104
1854 507 2145 571 ;existimo
2196 504 2307 560 Til-

2413 492 2537 545 huic
2587 500 2663 545 tot
2699 492 3059 547 adversantur
3086 506 3422 564 argumenta,
3451 506 3582 566 quot
3612 497 3842 553 Romulo
3878 516 4001 555 :evo

734 600 1049 653 lemontiutn
1100 614 1383 669 perperam
1434 598 1620 651 Graeca
1669 599 1920 652 vertisse.
1948 597 2303 652 Undeautem

731 692 784 743 in
812 692 1201 760 Supplemento
1247 692 1310 745 ad
1378 690 1580 743 Menam
1652 706 1871 751 excusa,
1936 691 2092 758 cuius
2137 691 2301 744 verba

730 780 855 835 dedi
886 796 1040 834 num.
1064 782 1113 844 7,
1136 782 1198 833 ad
1216 780 1503 849 praedictos
1532 779 1668 833 1104
1690 780 2023 833 accesserint
2059 781 2303 849 triginta,

731 887 1071 942 compertum
1107 890 1211 926 non
1248 874 1421 927 habeo
1455 891 1467 925 :
1504 888 1678 941 neque
1705 874 1773 924 ob
1808 872 1975 924 solam
2023 872 2303 942 Synaxarii

730 968 1097 1021 Sirmondiani
1122 969 1503 1020 auctoritatem
1532 981 1822 1018 numerum
1872 966 1923 1016 in
1986 964 2306 1034 Martyrolo-

728 1059 813 1128 εἷο
884 1060 1130 1111 Rinuano
1186 1059 1521 1125 descriptum
1599 1073 1796 1125 augere
1872 1058 2035 1119 volui,
2105 1058 2181 1109 Ad
2246 1057 2303 1112 S.

736 1148 1030 1203 Romulum
1090 1154 1232 1215 quod
1293 1153 1507 1211 attinet,
1567 1163 1690 1202 cum
1756 1150 1963 1201 Pseudo
1999 1148 2194 1201 Dexter
2252 1150 2305 1201 in

729 1242 999 1295 Chronico
1028 1242 1092 1294 ad
1126 1258 1329 1293 annum
1362 1242 1556 1294 Christi
1614 1241 1712 1294 100
1740 1257 1894 1293 nutu.
1934 1240 1966 1291 El
2010 1241 2305 1306 Hispanum

732 1332 860 1385 facit
908 1348 972 1385 ac
1024 1334 1258 1401 Trajano
1310 1334 1682 1401 homopoluin,
1740 1334 1811 1385 ita
1856 1333 2148 1385 scribens:
2191 1351 2206 1379 ε
2247 1332 2304 1383 S.

730 1424 995 1479 Romulus
1020 1422 1236 1491 Traiani
1279 1424 1509 1477 Caesaris
1576 1424 1882 1492 perfectus,
1933 1424 2105 1491 patria
2166 1422 2309 1474 itali-

729 1516 928 1569 crnsis.
966 1514 1232 1581 Hispanus
1270 1518 1320 1567 in
1352 1516 1661 1581 Hispaniam
1692 1517 1755 1566 ah
1815 1515 2005 1568 eodem
2042 1515 2307 1581 relegatus

729 1606 781 1658 in
816 1606 1103 1660 Celtiberia
1141 1610 1362 1676 patitur.
1406 1628 1422 1658 ι
1464 1607 1669 1675 Nempe
1705 1608 1971 1660 innumeri
2045 1617 2307 1675 mattyres

728 1700 794 1752 ad
821 1699 1097 1751 Orientem
1138 1702 1305 1769 passi,
1341 1718 1570 1767 quorum
1604 1702 1872 1753 duntaxat
1943 1701 2189 1752 meminit
2238 1715 2303 1751 ex

728 1793 965 1858 antiquis
998 1792 1310 1845 Cra-corum
1360 1793 1741 1861 Menologium,
1777 1791 2305 1845 PseudoArehime-

2412 584 2502 637 illo
2536 600 2696 654 pares
2730 603 2857 642 esse
2894 597 3205 656 potuerunt,
3251 591 3449 643 nedum
3504 607 3662 659 pares
3713 594 3996 649 vixerunt.

2411 673 2683 730 Habemus
2750 680 3006 731 Actorum
3038 682 3202 734 verba
3241 698 3338 749 pro
3367 683 3511 735 tnille
3543 685 3813 740 testibus:
3853 686 4000 740 Tunc

2409 767 2695 819 adductum
2748 768 3133 837 (Onesimum)
3176 773 3245 824 ad
3302 774 3537 825 tribunal
3592 774 3813 828 Tertulli
3875 795 3997 830 tum

2409 855 2632 910 Romulo
2671 860 2911 926 udjttl‘ore
2964 872 3009 913 et
3067 861 3239 929 Papia
3294 864 3560 929 spiiiluali
3616 870 3995 929 rormuilitoue,

2409 948 2748 1017 inlerrngavit
2784 951 3058 1015 Tertullus,
3095 956 3267 1007 dicens
3299 972 3314 1006 .‘
3351 957 3477 1019 Quis
3509 974 3561 1008 es
3589 959 3611 1008 ."

2486 1041 2576 1093 12.
2615 1061 2630 1090 ι
2685 1041 2847 1095 Plane
2898 1046 2980 1096 vel
3040 1046 3127 1098 hic
3180 1046 3469 1100 Onesimus
3513 1050 3598 1101 ille
3657 1048 4000 1103 Philemonis

2409 1134 2771 1188 Collosscnsis
2806 1152 3012 1197 servus,
3048 1140 3113 1189 ile
3164 1156 3272 1206 quo
3300 1141 3407 1207 agit
3452 1139 3654 1192 Paulus
3699 1145 4000 1208 Apostolus

2414 1227 2657 1296 Epistula
2700 1230 2765 1280 ad
2810 1228 3046 1283 Philem.
3092 1244 3252 1299 atque
3284 1232 3421 1283 idem
3462 1232 3769 1297 Ephesum:
3804 1244 3999 1302 postea

2410 1322 2723 1388 episcopus,
2778 1331 2840 1373 tit
2891 1334 3117 1389 apparet
3148 1340 3211 1375 ex
3289 1324 3616 1390 Epistolas.
3676 1326 3870 1392 lgnatii
3933 1327 4001 1377 ad

2412 1400 2722 1475 Ephesios;
2766 1412 2848 1464 vel
2888 1424 3086 1480 martyr
3127 1414 3262 1465 alius
3321 1413 3417 1465 SS.
3476 1415 3653 1480 Alpbii
3721 1416 4003 1467 Philadcl-

2412 1504 2521 1569 pbii
2565 1514 2617 1555 et
2650 1502 2833 1573 Cyrini
2874 1512 3193 1572 pt‘a‘Ceplor.
3253 1506 3497 1559 Puteolis
3557 1518 3649 1558 aut
3708 1508 3760 1559 in
3813 1510 4000 1564 Sit’llifl

2412 1610 2514 1645 una
2576 1611 2695 1647 cum
2761 1596 2823 1646 iis
2856 1612 3063 1661 passus,
3101 1597 3239 1661 quod
3300 1601 3469 1664 magis
3532 1599 3705 1665 placet
3742 1598 4002 1651 Ferrario

2411 1685 2463 1736 in
2492 1684 2663 1737 Calai.
2717 1691 3040 1739 {Sanctorum
3099 1690 3161 1737 16
3201 1688 3475 1739 Februarii
3525 1701 3577 1741 et
3630 1691 3686 1741 51
3758 1690 3907 1748 Julii,
3944 1703 4001 1743 et

2413 1776 2765 1829 Henschenio
2829 1787 2956 1830 tom.
2989 1778 3029 1828 il
3082 1778 3361 1829 Februarii
3427 1796 3543 1846 pag.
3576 1780 3696 1838 8.38,
3743 1783 3997 1843 niithS,

726 1882 811 1936 dis
840 1885 996 1949 hujus
1037 1884 1264 1951 (Dextri)
1294 1900 1455 1951 opera
1490 1886 1537 1935 in
1567 1887 1662 1937 hos
1684 1894 1885 1937 tractus
1919 1895 2301 1949 terrarumque

2409 1869 2826 1935 conl'udtsst-que
2860 1870 3271 1939 lletaphrastem
3336 1873 3619 1938 utriusque
3672 1887 3759 1923 res
3790 1880 3998 1939 gestas.

728 1974 931 2040 ﬁnem,
973 1974 1149 2029 Gades
1222 1976 1595 2037 transierunt,
1658 1978 1833 2043 inquit
1912 1978 1991 2029 vir
2047 1987 2301 2045 Spectata:

726 2068 1050 2121 eruditionis
1129 2067 1186 2119 Ι).
1238 2068 1488 2123 Νῆροιουε
1540 2070 1810 2121 Antonius
1861 2070 1911 2120 in
1976 2068 2173 2121 litteris
2233 2068 2301 2121 ad

726 2156 1048 2212 Boilandum
1072 2158 1211 2210 datis
1238 2174 1385 2211 anno
1412 2159 1563 2211 1653.
1586 2159 1728 2222 Quid
1759 2175 1883 2211 vero
1914 2160 2191 2225 speciatim
2234 2160 2302 2212 de

726 2249 784 2304 S.
844 2251 1079 2303 Romulo
1131 2252 1386 2313 senserit,
1451 2254 1632 2319 accipe
1670 2267 1731 2304 ex
1786 2266 1914 2305 mss.
1953 2252 2123 2318 ipsius
2155 2260 2305 2319 post-

726 2344 928 2406 humis,
976 2358 1095 2413 qua:
1143 2342 1392 2412 Cuperus
1432 2358 1620 2396 noster
1688 2359 1831 2396 anno
1901 2343 2029 2395 li'll
2092 2343 2299 2397 Madriti

726 2450 920 2503 magna
946 2451 1010 2487 ex
1046 2445 1195 2502 parte
1219 2435 1533 2501 descripsit.

800 2528 888 2582 10.
928 2545 945 2575 ι
986 2526 1273 2578 Romulum
1330 2534 1544 2593 oportet
1595 2526 1811 2593 quidem
1868 2526 2007 2594 apud
2060 2525 2274 2578 Gra’cos

728 2621 987 2688 martyrio
1023 2621 1294 2671 sublatum
1332 2635 1345 2669 :
1376 2617 1610 2685 quonqu
1638 2618 1779 2669 enim
1815 2618 1977 2669 homo
2006 2616 2298 2684 Hispanus,

728 2720 785 2765 et
818 2716 870 2764 in
928 2711 1181 2775 Hispania
1220 2726 1315 2777 pro
1352 2726 1475 2761 vera
1530 2710 1632 2761 ﬁde
1683 2711 1913 2771 occisus,
1952 2724 2166 2761 omnem
2221 2708 2301 2761 sui

728 2804 1047 2858 memoriam
1114 2802 1179 2856 ad
1262 2801 1478 2855 Graecos
1564 2802 2039 2871 lransportaverit,
2102 2800 2301 2853 nullam

728 2895 873 2948 domi
910 2903 964 2945 et
994 2894 1133 2961 apud
1166 2910 1291 2947 suos
1328 2892 1609 2959 reliqueiit
1638 2894 1659 2944 ’ἶ
1694 2894 1765 2945 De.
1798 2892 1901 2945 hoc
1949 2893 2143 2945 docere
2197 2904 2303 2941 non

731 2984 1033 3037 debuerunt
1058 2982 1201 3051 gravi
1232 2991 1661 3050 propugnatores
1692 2982 2094 3034 mendacissimi
2128 2980 2303 3031 Chro-

728 3076 862 3129 nici.
900 3077 964 3130 Et
1011 3076 1253 3128 referunt
1289 3074 1387 3126 hoc
1438 3088 1690 3128 sermone
1747 3074 1914 3127 Gnaei
1979 3073 2301 3128 occisionem

735 3168 1006 3238 martyris,
1047 3167 1252 3222 nullum
1300 3176 1358 3219 ut
1402 3168 1671 3233 relinquat
1728 3167 1903 3219 locum
1966 3165 2300 3232 relegationi.

734 3259 997 3313 Romulus
1026 3258 1245 3319 dicitur,
1278 3266 1557 3324 postquam
1602 3259 1865 3309 suasisset
1910 3255 2144 3308 Traiano
2197 3255 2300 3307 mi-

731 3348 882 3401 litum
915 3348 1348 3404 Cbristianorum
1376 3345 1601 3411 cmdem,
1634 3347 1684 3400 in
1716 3362 1773 3400 se
1802 3360 2098 3401 conversus
2125 3345 2301 3398 credi-

727 3440 871 3493 disse
900 3440 952 3492 in
974 3438 1271 3498 Christum,
1298 3438 1787 3507 imperatoremque
1818 3437 2113 3503 impietatis
2139 3451 2301 3490 accu-

732 3546 898 3585 sasse.
930 3549 948 3580 ι
1010 3530 1148 3582 Tum
1182 3530 1363 3582 subdit
1399 3530 1558 3581 verba
1587 3530 1832 3597 qumdam
1880 3542 1943 3578 ex
1996 3524 2302 3594 Menologio

729 3622 913 3676 Basilii
958 3630 1011 3675 et
1078 3637 1143 3673 ex
1191 3619 1575 3690 Metaphraste,
1630 3620 1754 3673 dein
1787 3619 1862 3671 sic
1926 3632 2299 3687 prosequens:

734 3733 753 3767 ι
788 3714 1004 3767 Nullum
1032 3714 1121 3767 hic
1153 3714 1308 3766 lateri
1336 3728 1474 3780 opus
1498 3722 1579 3766 est
1620 3711 1965 3779 Hispaniensi
2024 3710 2305 3776 relegatio-

728 3806 839 3865 nis,
900 3804 1266 3869 Celtiberique
1334 3802 1575 3870 martyrii
1640 3800 1976 3865 vestigium;
2038 3799 2301 3867 siquidem

730 3893 1017 3962 Traianum
1052 3894 1101 3944 in
1136 3891 1445 3960 Hispaniam
1476 3890 1687 3946 venisse
1712 3905 2011 3958 nunquam,
2037 3906 2099 3941 ex
2137 3890 2302 3943 Dione

728 3994 781 4037 et
809 3984 926 4038 aliis
954 3985 1451 4052 compertissimum
1482 3992 1585 4035 est.
1618 4000 1635 4030 ι
1674 3981 1943 4035 Hactenus
1973 3982 2039 4033 de
2073 3980 2303 4033 adducto

728 4056 981 4128 Chronici
1034 4078 1191 4138 loco;
1251 4078 1394 4141 quod
1461 4075 1706 4141 sequitur
1766 4072 1890 4124 ferit
1959 4072 2300 4138 potissimum

726 4166 993 4219 Joannem
1029 4164 1326 4235 Tamayum
1382 4163 1599 4218 Salazar
1644 4163 2061 4231 martyrologum
2113 4163 2304 4231 llispa—

726 4272 881 4316 num,
942 4255 1034 4322 qui
1090 4256 1140 4307 in
1197 4254 1350 4307 Notis
1390 4255 1453 4306 ad
1518 4254 1551 4306 5
1605 4253 1940 4322 Septembris
2012 4250 2113 4306 alia
2169 4250 2302 4305 lalsa

727 4363 792 4401 ex
849 4346 1065 4399 Bivario
1118 4344 1507 4413 superaddidit.

800 4454 887 4508 11.
931 4471 949 4505 ι
984 4450 1101 4505 Non
1137 4461 1317 4505 autem
1371 4451 1609 4504 contenti
1659 4451 1887 4505 Romulo
1924 4452 2040 4506 cive
2070 4458 2125 4505 et
2158 4468 2302 4505 mar-

728 4555 844 4614 tyre
874 4544 1054 4595 Dextri
1091 4543 1336 4596 vindices
1378 4540 1620 4595 Bivarius
1651 4552 1705 4595 et
1737 4542 1990 4611 Tamajns
2034 4546 2299 4613 progressi
2335 4560 2378 4612 ι)

729 4642 859 4687 sunt
918 4632 1163 4694 ulterius,
1235 4640 1291 4684 et
1352 4634 1493 4701 quod
1566 4634 1617 4684 in
1666 4632 1812 4685 Actis
1865 4628 2102 4688 Oncsimi
2147 4652 2176 4691 a
2217 4636 2303 4688 Si-

726 4739 919 4778 meone
950 4726 1207 4791 Scriptum
1262 4723 1425 4776 fuerit
1480 4722 2205 4793 Metaphraste(Februario
2236 4725 2303 4779 16

736 4816 880 4883 apud
912 4813 1130 4865 Surium
1166 4824 1299 4867 tom.
1332 4817 1373 4877 i,
1406 4820 1421 4884 )
1465 4818 1701 4871 oblatum
1738 4832 1860 4868 eum
1898 4814 2135 4870 Tertullo
2169 4832 2304 4885 pra:-

728 4909 827 4960 sidi
864 4922 965 4959 una
989 4922 1110 4959 cum
1141 4908 1303 4961 sociis
1336 4907 1566 4961 Romulo
1598 4920 1648 4961 et
1679 4908 1836 4976 Papia
1872 4926 1887 4974 ;
1918 4910 2117 4972 statim,
2148 4910 2301 4976 quasi

724 5000 1023 5055 revelatum
1081 5000 1181 5051 sibi
1219 4999 1480 5051 divinitus
1524 5000 1733 5057 luisset,
1776 5000 2020 5050 Bivarins
2055 5014 2161 5052 non
2202 5001 2301 5052 du-

724 5093 963 5146 bitanter
1002 5090 1267 5143 allirmare
1313 5105 1477 5143 ausus
1525 5101 1631 5153 est,
1695 5092 1946 5143 eumdem
2009 5090 2149 5149 hunc
2180 5106 2301 5143 esse

730 5202 854 5238 cum
897 5195 1083 5237 nostro
1112 5182 1385 5244 Romulo;
1422 5185 1506 5235 cui
1546 5186 1833 5235 temerario
1865 5184 2021 5235 ausui
2056 5188 2299 5235 obstrin-

728 5290 853 5344 gere
924 5275 1000 5325 nil
1054 5274 1258 5325 veritus
1307 5271 1543 5326 Joannes
1586 5274 1863 5340 Tamajus,
1905 5275 1954 5324 in
2008 5275 2137 5326 Acta
2183 5277 2296 5342 ipsa

724 5366 965 5429 ltomnli,
1006 5379 1123 5434 quae
1160 5365 1228 5416 ad
1281 5365 1538 5417 obiuzam
1594 5366 1705 5418 veri
1760 5374 1813 5419 et
1868 5367 2131 5434 comperti
2188 5382 2293 5420 non

724 5457 859 5511 alias
905 5454 1125 5507 formari
1157 5453 1236 5506 fas
1264 5464 1320 5508 et
1347 5471 1558 5525 rquum
1589 5456 1711 5519 luit,
1744 5458 2091 5509 vanissimam
2124 5457 2295 5510 admi-

722 5549 792 5601 sit
820 5546 1015 5600 Bivarii
1044 5546 1409 5613 conjecturam
1439 5563 1453 5611 ;
1488 5548 1887 5616 Romulumque
1912 5547 2127 5616 Trajani
2153 5549 2295 5603 hunc

727 5639 1041 5719 praelectum
1081 5636 1323 5689 (mesimi
1373 5639 1581 5691 socium
1634 5637 1783 5690 illum
1848 5639 2147 5693 constituit.
2190 5638 2293 5693 Sed

721 5749 991 5801 quaenam.
1034 5732 1133 5796 ais,
1188 5732 1492 5801 iniecerunt
1556 5732 1695 5788 hanc
1749 5744 1982 5789 tuentem
2038 5734 2297 5789 BiVﬂl‘lO?

724 5826 804 5878 An
855 5827 1023 5881 solam
1056 5827 1299 5881 nominis
1359 5828 1624 5881 rationem
1683 5840 1905 5882 secutus
1967 5828 2112 5882 luit?
2156 5829 2291 5881 Nam

2410 1962 2465 2015 Si
2529 1966 2763 2032 primum
2818 1966 3041 2029 diseris,
3087 1970 3239 2018 lateri
3298 1980 3509 2033 oportet
3569 1979 3997 2034 consequenter,

2408 2056 2720 2119 Romulum,
2753 2074 2911 2125 quem
2944 2061 3181 2123 apellant
3235 2060 3539 2126 adiutorem
3569 2065 3807 2129 episwpi
3863 2066 3996 2115 Acta

2406 2150 2671 2211 Onesimi,
2705 2151 2869 2203 alium
2925 2168 3144 2217 prorsus
3188 2152 3253 2204 ab
3288 2168 3352 2203 eo
3384 2152 3571 2216 fuisse,
3624 2155 3715 2221 qui
3772 2168 4000 2222 propter

2406 2242 2789 2311 opprobratam
2858 2242 3092 2311 Τημηο
3175 2245 3538 2312 impietatem,
3630 2249 3788 2312 cujus
3859 2249 3997 2301 aulte

2405 2337 2660 2403 magister
2709 2347 2842 2399 erat,
2888 2354 3104 2390 causam
3148 2354 3326 2389 coram
3366 2356 3431 2391 eo
3480 2341 3633 2392 dixit.
3688 2340 3790 2404 Qui
3847 2344 3994 2393 enim

2407 2430 2569 2481 simul
2601 2444 2727 2480 esse
2766 2438 2975 2491 poti-rat
3030 2430 3262 2496 praetorii
3316 2430 3540 2499 Augusti
3600 2436 3894 2499 puniit-etus
3941 2440 3997 2485 et

2408 2520 2662 2588 presini
2751 2520 2989 2587 epiSt‘Opi
3058 2520 3389 2587 coadjutor?
3464 2519 3657 2588 Neque
3717 2525 3847 2574 item
3913 2525 3995 2576 sic

2400 2612 2587 2682 jejune
2620 2613 2750 2665 Acta
2783 2614 2849 2667 de
2885 2612 3117 2666 Romulo
3156 2624 3318 2668 tanta:
3353 2616 3404 2667 in
3460 2616 3660 2668 saeculo
3708 2616 3996 2683 dignitatis

2408 2706 2522 2755 viro
2602 2715 2848 2774 agerent,
2917 2716 2975 2757 ut
3025 2706 3304 2772 quaerendi
3360 2708 3536 2757 locutu
3594 2707 3993 2773 relinquerent,

2406 2795 2530 2862 quis
2578 2796 2660 2846 ille
2692 2804 2856 2847 esset.
2890 2794 2941 2845 Si
2979 2810 3101 2847 vere
3133 2794 3483 2847 Puteolanum
3520 2807 3811 2865 martyrem
3846 2800 3993 2853 hunc

2410 2887 2628 2945 dixeris,
2688 2887 2819 2938 nihil
2872 2888 2936 2939 ad
2968 2904 3087 2939 eum
3150 2890 3422 2953 pertinere
3481 2890 3571 2958 qui
3630 2892 3729 2942 sub
3782 2892 3993 2943 ultimis

2409 2979 2638 3034 ethnicis
2681 2980 3242 3047 imperatoribus,hoc
3270 2992 3370 3043 est,
3408 2985 3486 3034 vel
3525 2984 3685 3035 Decio
3719 2985 3800 3036 vel
3851 2984 3996 3038 Lici-

2411 3073 2499 3125 nio
2538 3073 2914 3139 triumphavit,
2951 3073 3238 3125 llomulum
3266 3073 3483 3140 Trajaui
3510 3087 3798 3145 martyrem
3830 3078 3991 3131 fateri

2410 3165 2815 3227 compellantur.
2860 3164 3027 3217 Porro
3073 3167 3201 3233 quid
3233 3167 3429 3219 mirum
3479 3168 3531 3220 in
3567 3167 3661 3221 bas
3707 3182 3995 3233 angustias

2409 3255 2671 3317 deveniri,
2710 3256 2928 3324 quando
2958 3259 3193 3327 undique
3234 3260 3468 3313 corrasis
3508 3262 3668 3314 etiam
3696 3262 3992 3315 levissimis

2408 3350 2744 3417 argumentis
2776 3358 2882 3401 tam
2918 3366 3084 3402 sacrae
3122 3367 3208 3405 res
3269 3352 3619 3404 tractantur?
3671 3352 3802 3415 Quae
3856 3352 3991 3405 falsa

2408 3449 2551 3501 Sunt,
2597 3450 2741 3491 certe
2787 3450 3064 3505 nequeunt
3094 3442 3433 3507 comprobari
3468 3442 3587 3493 aliis
3620 3446 3723 3493 lllSl
3762 3443 3989 3509 inepte;

2408 3537 2465 3581 et
2513 3542 2734 3580 movere
2785 3528 2986 3594 aliquid
3052 3532 3285 3595 oportet,
3327 3539 3382 3582 ut
3440 3530 3568 3584 nihil
3629 3534 3738 3584 tiat.
3778 3550 3796 3581 ι
3864 3531 3988 3585 Ηιίς

2408 3629 2598 3672 contra
2634 3618 2964 3673 fabulatores
3001 3620 3119 3674 illos
3151 3622 3397 3675 eruditus
3438 3624 3727 3692 Hispanus.

2481 3712 2565 3767 15.
2595 3714 2859 3766 Caeterum
2896 3715 2993 3766 ista
3024 3718 3305 3781 persuasio
3333 3717 3398 3768 de
3424 3720 3595 3783 patria
3635 3717 3694 3770 ὃ.
3762 3716 3984 3771 Romu'i

2407 3804 2747 3857 occasionem
2786 3804 2936 3855 dedit
2982 3804 3208 3855 solemni
3272 3806 3390 3870 ejus
3426 3808 3592 3858 cultui
3658 3810 3757 3859 hoc
3792 3811 3881 3861 die
3934 3812 3988 3861 in

2408 3895 2630 3966 dimCesi
2659 3894 2985 3961 llispalensi,
3017 3901 3171 3959 prout
3202 3903 3386 3944 narrat
3420 3894 3708 3963 Tamayus,
3744 3912 3865 3962 pag.
3920 3897 3980 3947 61

2409 3983 2493 4035 his
2523 3984 2743 4035 verbis:
2787 4000 2804 4031 ι
2860 3982 3101 4050 Denique
3127 3998 3249 4035 cum
3305 3983 3650 4051 arcliipraesul
3685 3984 3746 4035 D.
3781 3985 3840 4035 D.
3881 3981 3988 4038 Pe-

2412 4084 2525 4127 trus
2549 4074 2615 4127 de
2643 4074 2833 4129 Castro
2864 4086 2918 4127 et
2948 4076 3249 4138 Quioones,
3279 4076 3613 4145 Ilispalcnsis
3674 4078 3818 4131 sedis
3866 4094 3981 4131 tne-

2411 4168 2683 4237 tropolita,
2732 4169 3097 4221 referentibus
3144 4167 3361 4220 Decano
3451 4179 3504 4225 et
3565 4171 3806 4237 capitulo
3870 4186 3985 4224 suae

2410 4258 2787 4311 illustrissima:
2843 4258 3100 4311 Ecclesia:
3156 4271 3209 4311 et
3271 4260 3388 4312 aliis
3436 4260 3765 4313 doctissimis
3828 4262 3981 4325 \iris,

2408 4352 2753 4416 cognovisset
2785 4350 2931 4402 hunc
3006 4360 3253 4401 sanctum
3324 4363 3614 4418 martyrem
3657 4366 3719 4402 ex
3773 4351 3981 4412 Italica,

2408 4454 2519 4493 sua:
2552 4440 2803 4495 dioecesis
2840 4442 2971 4494 urbe
3022 4443 3309 4495 oriundum
3365 4444 3574 4507 fuisse;
3633 4459 3780 4497 anno
3844 4445 3984 4499 1624

2409 4533 2483 4584 illi
2520 4537 2724 4587 cultum
2753 4550 2876 4587 cum
2916 4533 3104 4587 Ullicio
3128 4536 3334 4603 duplici
3372 4538 3424 4588 in
3487 4538 3731 4602 diuae-est,
3784 4549 3839 4592 et
3890 4556 3985 4593 se-

2411 4626 2606 4678 cunda:
2637 4626 2827 4679 claSsis
2852 4633 2905 4677 in
2931 4627 3071 4689 loco,
3116 4628 3204 4681 ubi
3245 4629 3374 4680 olim
3412 4628 3590 4681 Italica
3615 4632 3737 4695 luit,
3786 4633 3983 4685 detulit

2409 4726 2461 4769 et
2489 4716 2669 4769 hocin
2732 4728 3012 4785 posterum
3078 4719 3359 4771 observari
3433 4720 3710 4789 pnecepit,
3772 4724 3982 4776 virtute

2406 4807 2807 4875 privilegioruin
2840 4824 2869 4860 a
2901 4808 3129 4862 summis
3186 4812 3533 4879 pontiﬁcibus
3586 4828 3982 4867 concesserutn

2405 4900 2726 4971 praesulibus
2783 4901 3130 4966 Hispanus.»
3192 4901 3295 4954 Sed
3362 4919 3563 4957 novum
3626 4906 3716 4957 hic
3786 4922 3983 4981 rursus

2404 4992 3165 5057 crrorcmadmiscuit;nam
3226 4994 3528 5049 Roderieus
3594 5001 3752 5059 Caro,
3814 5012 3983 5067 quem

2403 5087 2558 5148 citat,
2632 5088 2684 5136 in
2736 5087 3146 5153 Antiquitatibus
3225 5088 3648 5152 Iltspalcnsilius,
3716 5093 3806 5147 fol.
3876 5094 3985 5145 106

2402 5181 2767 5247 quadriennio
2798 5184 2955 5234 citius
2981 5183 3030 5233 id
3070 5184 3269 5233 factum
3308 5183 3489 5243 tradit,
3537 5187 3794 5233 nimirum
3830 5200 3985 5237 anno

2404 5274 2581 5327 1οΞοε
2621 5288 2767 5327 certe
2804 5276 2915 5328 lieri
2946 5276 3135 5330 debuit
3166 5284 3289 5327 ante
3329 5275 3400 5326 20
3439 5274 3749 5327 Decembris
3812 5276 3978 5340 £615,

2402 5383 2509 5435 quo
2549 5368 2863 5435 praedictum
2905 5370 3370 5438 archiepiscopum
3407 5368 3626 5422 Petrum
3686 5373 3751 5423 de
3780 5371 3982 5425 Castro

2402 5472 2429 5510 a
2460 5459 2591 5510 vivis
2609 5460 2909 5512 excessisse
2938 5460 3203 5527 'l'amayus
3230 5461 3343 5527 ipse
3394 5460 3460 5511 ad
3495 5460 3551 5513 11
3620 5458 3796 5512 Martii
3848 5476 3981 5533 pag.

2398 5549 2523 5611 201,
2564 5550 2761 5619 aliique
2793 5564 3039 5604 auctores
3062 5555 3286 5619 Hispani
3325 5562 3594 5607 asserunt.

2473 5644 2557 5696 H.
2596 5644 2665 5694 De
2706 5654 2945 5712 tempore
2972 5685 2987 5709 ,
3012 5659 3119 5712 quo
3154 5646 3294 5714 passi
3353 5644 3527 5708 fuere,
3578 5646 3831 5699 observat
3870 5647 3980 5704 Pa.

2398 5738 2518 5806 gius
2578 5737 2629 5789 in
2684 5736 2879 5791 Critica
2944 5737 3159 5791 Baronii
3209 5739 3273 5791 ad
3304 5754 3505 5791 annum
3569 5739 3693 5804 106,
3728 5755 3884 5793 num.
3922 5745 3976 5803 3,

2404 5828 2717 5895 contingere
2746 5844 2851 5880 non
2885 5830 3128 5896 potuisse
3158 5832 3475 5895 martyrium
3526 5830 3581 5884 S.
3651 5832 3868 5886 Romuli
3928 5848 3980 5889 et
