4198 6438
190 390 304 455 617

1180 385 1366 445 ACTA
1408 385 1509 444 SS.
1547 380 1893 456 EUDOXH,
1939 380 2258 453 ROMUIJ,
2303 382 2461 444 ETC.

3324 387 3432 451 618

192 510 365 562 esset,
400 496 561 550 morti
602 494 962 556 addictorum,
994 503 1117 547 ante
1153 509 1356 546 annum
1388 493 1511 553 HQ,
1574 507 1680 561 quo
1728 494 1771 544 is
1804 495 1841 550 Α
1876 502 1931 546 ttt
1967 494 2065 562 ipsi
2095 495 2332 555 tradunt,
2369 509 2650 563 passorum
2685 508 2769 548 res
2809 505 2983 562 gestas
3011 496 3062 550 in
3099 513 3260 554 unam
3288 517 3434 558 eam.

196 596 494 661 imperator
532 589 580 640 in
620 588 894 640 Orientem
953 585 1274 639 transmisit.
1331 585 1673 637 Castellanus
1712 585 1764 636 in

196 683 575 752 Martyrologio
613 679 924 739 universali,
969 693 1085 746 pag.
1111 677 1213 731 979
1266 687 1538 729 certamen
1568 677 1623 729 S.
1664 677 1772 728 Ro-

193 779 328 829 muli
373 777 651 844 consignat
705 774 817 841 ipso
868 786 1011 823 anno
1067 768 1210 824 “2:
1249 779 1424 823 utrum
1459 781 1625 831 recte,
1662 784 1767 821 non

191 869 368 920 ausim
405 880 678 920 asserere:
707 862 1086 916 Tillemontius
1140 862 1283 914 enim
1323 870 1454 915 tom.
1498 862 1537 913 ll
1595 860 1768 928 Impe-

192 970 458 1020 ratorum,
494 957 626 1010 Nota
657 956 717 1009 i'l
744 955 889 1008 et“)?
937 955 988 1006 in
1039 952 1355 1017 Trajanum,
1415 953 1768 1021 probabiliter

191 1054 386 1104 statuit
415 1049 681 1115 duplicem
715 1046 1102 1113 profectionem
1129 1044 1350 1108 Traiani
1389 1045 1439 1095 in
1461 1043 1761 1109 Orientem,

191 1143 424 1209 primam
453 1155 596 1192 anno
629 1138 728 1192 106
751 1139 993 1201 ,alteram
1030 1152 1133 1189 non
1187 1136 1290 1188 nisi
1320 1151 1464 1189 anno
1511 1135 1628 1188 1M.
1687 1137 1767 1190 Ad

192 1230 290 1284 SS.
320 1229 621 1282 Eudoxium
655 1229 908 1283 etsocios
968 1226 1117 1295 quod
1163 1235 1392 1293 spectat,
1457 1226 1763 1295 martyrium

193 1328 247 1380 hi
281 1334 733 1380 consummarunt
785 1324 885 1378 sub
920 1322 1250 1376 Diocletiano
1315 1336 1382 1374 ex
1438 1322 1721 1376 antedictis
1748 1361 1762 1386 ,

191 1436 357 1483 anno,
389 1428 445 1473 ut
468 1418 656 1473 Surius
678 1425 848 1476 notat,
884 1415 1010 1469 290.
1046 1413 1310 1467 Baronius
1340 1423 1522 1467 autem
1568 1415 1621 1468 in
1649 1414 1760 1466 Att-

190 1511 408 1561 nalibus
435 1508 667 1576 primum
704 1507 770 1558 de
807 1504 940 1573 ipsis
979 1502 1227 1556 meminit
1277 1502 1343 1555 ad
1395 1518 1596 1554 annum
1638 1502 1761 1566 5H,

188 1615 342 1650 num.
375 1597 464 1649 2|.
499 1595 701 1649 Horum
738 1595 985 1663 palaestra
1045 1592 1146 1644 fuit
1180 1591 1417 1644 Melitina
1447 1606 1542 1644 seu
1611 1590 1762 1644 Meli-

189 1699 313 1740 tene
338 1687 391 1738 in
423 1685 676 1738 Armenia
698 1683 886 1736 Minori
919 1683 984 1735 ad
1035 1681 1364 1749 Euphratem
1431 1679 1675 1732 ﬂuvium.
1703 1681 1760 1734 ὃ.

189 1778 456 1830 Romulus
489 1794 614 1831 vero
653 1792 841 1846 passus
867 1775 1079 1828 videtur
1103 1775 1157 1827 itt
1179 1773 1404 1835 Grmcia,
1431 1774 1592 1827 sicuti
1637 1789 1760 1828 eum

193 1871 508 1923 Galesinius
539 1869 846 1928 annuntiat,
885 1880 1007 1917 cum
1028 1865 1148 1917 aliis
1165 1864 1383 1932 quidem
1414 1866 1758 1932 martyribus,

187 1963 284 2015 sed
308 1977 446 2030 quos
473 1970 656 2030 postea
687 1957 876 2011 scribit
899 1956 1026 2008 alibi
1063 1963 1354 2008 coronatos
1413 1969 1555 2018 esse,
1604 1956 1760 2010 vide—

186 2053 309 2106 licet
346 2054 397 2106 in
432 2053 766 2105 Armenia-et
792 2059 1035 2117 tempore
1071 2045 1405 2100 Maximiani.
1437 2046 1568 2100 Vide
1599 2063 1759 2116 supra

187 2162 350 2200 num.
375 2147 428 2206 ‘2,
464 2140 846 2210 Menologiunt.

264 2238 350 2288 t5.
386 2237 515 2286 Acta
585 2232 790 2295 Graeca,
831 2234 1082 2301 'quorum
1135 2233 1528 2303 apographum,
1575 2232 1760 2286 nescio

188 2327 335 2379 unde
385 2333 687 2392 acceptum,
727 2324 997 2378 habemus
1047 2324 1147 2378 hoc
1197 2324 1353 2378 titulo
1399 2323 1761 2394 εΜαρτύριον

184 2417 293 2469 τῶν
329 2417 500 2482 ἁγίων
525 2418 616 2467 καὶ
638 2416 864 2479 ἐνδόξων
891 2415 986 2467 τοῦ
1009 2414 1246 2484 Χριστοῦ
1274 2416 1570 2485 μαρτύρων
1601 2414 1760 2467 E080-

186 2509 324 2574 ξίου,
381 2509 682 2578 Ῥωμύλου,
721 2509 967 2577 Ζήνωνος
1010 2507 1108 2559 καὶ
1155 2508 1470 2575 Μακαρίου,
1535 2507 1590 2560 id
1621 2515 1705 2560 εει
1741 2522 1756 2556 :

188 2602 508 2669 Martyrium
548 2609 845 2652 sanctorum
879 2607 926 2650 et
954 2597 1302 2666 gloriosorum
1327 2596 1524 2651 Christi
1561 2605 1760 2666 marty-

189 2707 308 2743 rum
337 2691 588 2754 Eudoxii,
623 2689 852 2751 Romuli,
902 2690 1126 2742 Zenonis
1185 2699 1232 2743 et
1285 2690 1539 2755 Macarii,
1571 2705 1636 2744 ex
1664 2704 1761 2742 an-

194 2782 357 2848 tiquis
390 2781 755 2834 monumentis
782 2781 1111 2847 conscripsit
1149 2780 1569 2850 Metaphrastes,
1601 2781 1760 2848 eique

193 2869 282 2923 illa
317 2867 693 2922 indubitanter
719 2870 964 2923 attribuit
991 2870 1101 2922 Leo
1146 2867 1377 2922 Allatius
1422 2870 1477 2922 in
1517 2869 1758 2922 Diatriba

192 2961 259 3015 de
290 2962 624 3031 Symeonum
667 2960 907 3029 scriptis,
954 2976 1076 3029 pag.
1112 2960 1212 3014 129
1252 2960 1465 3014 initium
1501 2961 1756 3016 recitatis.

191 3054 387 3106 Latine
429 3069 578 3105 versa
605 3052 769 3107 edidit
803 3055 1052 3121 Aloysius
1105 3053 1438 3120 Lipomanus
1469 3055 1760 3122 cpiscopus

1876 586 2108 654 demque
2165 585 2538 642 narrationem
2592 585 2946 653 conjecerint.
3008 587 3084 640 Ex
3143 590 3434 645 collatione

1877 678 2134 731 Actorum
2167 693 2289 732 cum
2327 677 2534 746 Elogio,
2555 677 2700 746 quod
2721 688 2896 734 exstat
2917 680 2969 732 in
2993 680 3208 736 Menteis
3223 687 3434 754 magnis

1875 768 2173 838 impressis,
2233 778 2376 837 patet
2414 769 2503 823 illa
2538 785 2600 825 ex
2655 771 2759 824 hoc
2800 773 3128 826 concinnata
3180 790 3320 838 esse,
3378 787 3435 828 at

1874 860 2105 913 multum
2157 860 2376 914 aliunde
2433 860 2758 930 ampliﬁcata
2814 878 2828 914 :
2877 876 2939 916 ex
2999 864 3197 932 quibus
3251 873 3431 921 autem

1872 951 2261 1012 monumentis,
2295 952 2506 1020 ignoro.

1943 1042 2031 1096 16.
2078 1043 2234 1097 Certe
2255 1044 2472 1112 quidem
2525 1044 2614 1098 illa
2658 1044 3004 1113 ampliﬁcatio
3046 1047 3180 1100 facta
3208 1062 3317 1102 non
3346 1060 3432 1103 est

1869 1148 1934 1186 ex
1993 1133 2302 1187 narratione
2353 1148 2447 1187 seu
2491 1135 2668 1205 elogio
2712 1133 2996 1205 Menologii
3029 1134 3284 1191 Basiliani
3325 1137 3432 1192 εἰη

1872 1225 1976 1277 hoc
2001 1239 2235 1292 uanique
2295 1226 2492 1280 dicitur
2549 1225 2606 1280 S.
2645 1226 2904 1282 Romulus
2950 1238 3140 1281 auctor
3195 1231 3430 1297 primum

1871 1317 2040 1370 fuisse
2074 1315 2330 1385 Traiano,
2361 1319 2683 1371 ἀποστεῖλαι
2713 1319 2793 1382 εἰς
2817 1319 2912 1390 τὴν
2959 1319 3186 1373 Γαλλίαν
3212 1332 3342 1387 ete.,
3372 1336 3431 1376 ut

1871 1407 2132 1469 mitteret,
2163 1407 2270 1471 vel,
2313 1407 2389 1461 uti
2416 1407 2723 1462 Galesinius
2743 1417 2795 1462 et
2822 1409 3094 1465 Arcudius
3124 1421 3425 1476 verterunt,

1869 1498 1969 1551 iret
1996 1498 2048 1551 in
2083 1499 2328 1564 Galliam,
2355 1499 2647 1554 Asiaticam
2666 1515 2887 1570 nempe,
2925 1502 2976 1555 id
3006 1511 3110 1566 est,
3137 1502 3426 1568 Galatiam,

1869 1591 2175 1660 militesque
2217 1591 2560 1647 Christianos
2593 1591 2700 1646 diis
2729 1592 3012 1648 immolare
3046 1596 3426 1663 compelleret;

1867 1681 2062 1735 deinde
2101 1683 2422 1751 poenitentia
2451 1682 2649 1737 ductus
2672 1683 2968 1739 credidisse
3013 1685 3066 1738 in
3128 1685 3427 1740 Christum.

1869 1774 2262 1840 liletaphrastes
2294 1791 2441 1840 vero,
2474 1775 2740 1830 mirabilia
2764 1777 3014 1832 omittere
3041 1778 3182 1832 haud
3214 1779 3424 1840 solitus,

1867 1867 2089 1933 impium
2121 1866 2251 1919 illud
2308 1865 2521 1920 Romuli
2552 1867 2858 1932 consilium,
2888 1877 3125 1923 secutam
3159 1871 3428 1938 pmniten-

1864 1957 1992 2010 tiam
2041 1958 2535 2011 etconversionem
2586 1974 2656 2013 ne
2699 1959 2868 2014 verbo
2903 1961 3122 2029 quidem
3161 1961 3423 2030 attingit:

1865 2049 1972 2102 imo
2021 2059 2207 2104 contra
2256 2051 2513 2115 insinuat,
2571 2065 2694 2105 eum
2750 2052 2856 2121 jam
2899 2062 3026 2106 ante
3057 2053 3424 2108 Christianum

1866 2138 2054 2194 fuisse.
2088 2141 2237 2194 Mitto
2263 2141 2396 2194 alias
2440 2130 2860 2210 discreparitias,
2913 2141 3072 2196 facile
3111 2144 3180 2197 ab
3212 2145 3424 2199 erudito

1863 2233 2065 2285 lectore
2141 2233 2530 2290 observandas.
2593 2232 2745 2297 Quod
2807 2244 3011 2304 spectat
3060 2236 3125 2290 ad
3173 2237 3422 2292 undecim

1864 2323 2019 2377 mille
2047 2323 2312 2392 relegatos
2335 2324 2556 2390 milites,
2604 2343 2621 2376 ‹
2661 2322 2986 2394 Coniectura
3023 2325 3293 2391 ducimur,
3337 2328 3422 2381 in-

1863 2415 1984 2482 quit
2020 2415 2283 2468 Baronius
2314 2416 2379 2468 ad
2416 2430 2619 2468 annum
2656 2414 2776 2479 108,
2826 2425 2882 2469 ut
2913 2417 3287 2472 existimemus
3327 2419 3424 2472 hos

1862 2505 1981 2559 illos
2029 2507 2172 2574 ipsos
2194 2521 2312 2559 esse
2345 2507 2534 2561 decem
2568 2507 2712 2561 mille
2743 2507 3220 2575 praestantissimos
3275 2525 3423 2562 mar-

1865 2605 2025 2665 tyres,
2066 2596 2154 2664 qui
2189 2597 2241 2649 in
2273 2597 2422 2651 silvis
2457 2598 2657 2652 montis
2684 2597 2874 2651 Ararat
2910 2599 2965 2652 in
3007 2599 3262 2654 Armenia
3297 2611 3424 2655 sunt

1862 2687 2126 2741 crucitixi.
2179 2707 2196 2739 ι
2235 2688 2348 2742 Hoc
2390 2689 2433 2743 si
2471 2703 2658 2742 verum
2712 2689 2800 2752 sit,
2844 2690 3145 2745 manifestat
3181 2691 3423 2746 falsitatis

1862 2779 2261 2833 convincuntur
2323 2780 2549 2833 isterum
2609 2780 2986 2835 eruciﬁxorum
3039 2781 3207 2846 Acta;
3257 2781 3421 2834 Baro-

1863 2870 1985 2924 nius
2034 2871 2230 2938 quippe
2272 2869 2390 2924 loco
2438 2869 2602 2924 citato
2643 2869 2944 2938 praemittit,
2982 2868 3233 2924 undecim
3277 2871 3421 2924 mille

1863 2962 2062 3015 milites
2095 2963 2346 3017 inventos
2387 2961 2558 3016 fuisse
2586 2961 2926 3016 Christianos
2952 2977 2981 3015 a
3008 2960 3240 3030 Trojano
3261 2978 3420 3016 exer-

1861 3054 2025 3106 citum
2075 3053 2339 3106 lustrante
2385 3063 2686 3121 :martyres
2720 3061 2896 3106 autem
2952 3051 3209 3106 Cruciﬁxi
3248 3053 3417 3106 idolo—

189 3144 525 3196 V’eronensis
555 3153 698 3195 tomo
733 3143 797 3195 Vl
833 3143 1073 3193 Vitarunt
1118 3141 1241 3204 SS.,
1283 3144 1443 3208 quam
1482 3144 1755 3210 interpre-
1785 3168 1825 3225 ρ
1861 3144 2007 3198 latraa
2030 3143 2207 3198 adhuc
2229 3152 2381 3197 erant
2426 3152 2667 3212 tempore
2689 3142 2934 3206 Adriani,
2958 3144 3174 3214 quando
3199 3144 3422 3214 angelus

189 3237 451 3287 tationem
483 3234 706 3288 inferius
730 3235 1004 3298 rccudam,
1039 3235 1130 3287 sed
1158 3249 1306 3287 more
1321 3244 1502 3286 nostro
1526 3233 1753 3286 divisam

187 3327 241 3379 in
277 3329 452 3395 capita
478 3339 530 3380 et
565 3345 843 3393 numeros,
872 3337 931 3381 ut
953 3327 1151 3383 ϐτιῐιοω
1177 3324 1474 3380 narrationi
1511 3324 1764 3379 similiter

183 3418 499 3470 dividenda:
537 3422 878 3488 respondeat.
934 3419 1200 3471 Baronius
1236 3416 1300 3470 ad
1348 3418 1492 3472 hunc
1516 3415 1658 3468 diem
1698 3430 1760 3468 ea

181 3521 352 3561 vocat
378 3510 506 3561 Acta
541 3513 594 3562 S.
656 3512 894 3573 Romuli,
954 3509 1078 3577 quia
1128 3523 1321 3574 nempe
1377 3509 1441 3560 de
1493 3508 1610 3574 ipso
1653 3508 1763 3573 agit

186 3596 342 3669 prior
377 3601 587 3651 illorum
619 3617 771 3668 pars;
809 3609 864 3652 at
909 3600 1110 3651 rectius
1145 3597 1211 3649 ab
1255 3596 1378 3649 aliis
1414 3597 1758 3665 appellantur

187 3689 529 3756 reliquorum
562 3689 724 3742 etiam
758 3699 1052 3758 martyrum
1101 3687 1343 3753 nomine,
1372 3702 1600 3755 quorum
1628 3701 1757 3755 ago-

190 3794 346 3841 nem,
377 3776 434 3829 S.
474 3779 700 3831 Eudoxii
738 3779 1037 3847 praesertim
1084 3777 1250 3845 magis
1286 3778 1401 3830 fuse
1436 3776 1757 3830 describunt

189 3883 319 3937 post
363 3882 640 3924 narratum
687 3870 900 3925 Romuli
960 3868 1300 3937 martyrium.
1340 3867 1506 3920 Miror
1555 3877 1756 3930 tamen,

188 3958 340 4025 quod
396 3957 562 4011 Graeci
602 3969 913 4011 sanctorum
963 3969 1071 4010 tam
1129 3957 1358 4010 diversis
1404 3956 1753 4023 temporibus,

1864 3235 1915 3287 in
1959 3247 2150 3302 campo
2191 3249 2460 3302 apparens
2505 3233 2661 3287 [idem
2716 3233 2920 3287 Christi
2968 3235 3045 3287 eis
3085 3234 3418 3303 praadicavit,

1863 3322 1940 3374 uti
1976 3328 2228 3374 narratur
2264 3331 2395 3374 tom.
2429 3319 2493 3372 Ν
2523 3320 2666 3373 Junii
2705 3322 2770 3375 ad
2807 3321 2950 3375 diem
2981 3322 3050 3375 ‘22
3086 3323 3134 3374 in
3178 3322 3418 3391 ipsorum

1863 3413 2032 3480 Actis,
2062 3431 2181 3483 qua:
2222 3414 2446 3476 ibidem,
2490 3427 2518 3466 a
2553 3428 2676 3482 pag.
2723 3413 2842 3476 175,
2878 3414 3277 3468 Commentario
3316 3417 3421 3468 cri-

1867 3506 1973 3559 tico
2029 3506 2269 3558 excussit
2309 3504 2716 3574 Papebrochius
2749 3518 2811 3556 ac
2855 3501 3092 3556 fabulosa
3116 3518 3235 3557 esse
3264 3518 3418 3555 mon-

1864 3595 2073 3649 stravit.
2110 3593 2418 3649 Verisimile
2450 3595 2615 3647 etiam
2659 3609 2765 3648 non
2806 3601 2910 3656 est,
2966 3592 3213 3646 undecim
3254 3593 3418 3646 millia

1859 3686 2137 3738 hominum
2181 3685 2344 3737 simul
2381 3685 2498 3737 neci
2536 3687 2657 3737 data
2689 3684 2856 3737 fuisse
2890 3698 2919 3736 a
2960 3681 3193 3751 Trojano
3219 3665 3238 3735 ἐ
3270 3697 3418 3737 certe

1857 3776 1908 3830 id
1935 3775 2332 3844 Metaphrastes
2377 3792 2483 3831 non
2512 3777 2768 3842 siluisset,
2795 3777 2840 3830 si
2880 3775 2930 3827 in
2960 3775 3196 3846 antiquis
3225 3791 3418 3829 monno

1859 3870 2057 3922 mentis
2082 3867 2397 3937 reperisset.

183 4104 3409 4152 W-

1493 4237 2118 4323 ΜΑΡΤΥΡΙΟΝ

352 4385 694 4516 ΤΟΥ
795 4384 1308 4520 ΑΓΙΟΥ
1399 4382 2301 4519 ΜΑΡΤΥΡΟΣ
2399 4375 3258 4514 ΕΥΔΟΞΙΟΥ

783 4576 902 4629 ΚΑΙ
955 4575 1086 4629 ΤΩΝ
1151 4574 1284 4629 ΣΥΝ
1344 4575 1527 4642 ΑΥΤῼ
1579 4573 2036 4627 ΑΘΛΗΣΑΝΤΩΝ
2091 4571 2287 4626 ΑῙἸΩΝ
2344 4570 2740 4625 ΜΑΡΤΥΡΩΝ.

581 4719 1830 4992 ΜΑΒΤΥΒΙΠΜ

1905 4829 2061 4986 S.
2235 4825 3041 4987 EUDOXII

1361 5083 1501 5171 ET
1612 5077 2262 5172 SOCIORUM.

1647 5353 1871 5409 CAPUT
1935 5353 1977 5410 1.

192 5445 381 5507 Milites
419 5443 734 5501 Christianos
792 5448 843 5500 in
890 5446 1129 5500 exsilium
1174 5447 1317 5513 pellit
1376 5445 1678 5514 Trajanus:
1715 5449 1765 5499 id
1823 5448 2124 5516 improbans
2182 5443 2240 5496 S.
2286 5441 2536 5496 Romulus
2563 5449 2611 5494 et
2637 5446 2815 5506 aperte
2856 5435 3119 5492 Christum
3169 5438 3416 5506 conﬁtens

1410 5518 1688 5585 gloriosum
1711 5517 1843 5569 subit
1868 5517 2200 5585 martyrium.

264 5633 352 5689 A'.
386 5633 646 5705 Τραϊανοῦ
679 5630 770 5685 τοῦ
801 5633 1092 5696 δυσσεόοὖς
1133 5633 1392 5702 βασιλέως
1431 5634 1628 5703 πολλὴν
1662 5632 1760 5702 μὲν

1941 5634 1981 5686 1.
2014 5630 2246 5699 Traiano
2279 5629 2354 5700 (t)
2391 5628 2555 5699 impio
2585 5628 2909 5696 imperatore
2941 5625 2993 5682 in
3018 5623 3408 5681 exsecrandum

273 5746 632 5820 (l)'l‘rajanus
666 5745 946 5807 imperium
995 5747 1232 5815 suscepit
1271 5761 1413 5802 anno
1441 5743 1743 5812 Chri‘sti98,
1775 5755 2018 5804 mortuus
2056 5754 2136 5799 est
2172 5745 2285 5798 H7.

526 5844 791 5901 PATROL.
825 5843 935 5900 Gn.
971 5841 1150 5901 CXV.

3066 5829 3139 5888 ΞΟ
