4198 6438
237 403 342 469 62f

1199 406 1385 468 ACTA
1426 406 1528 466 SS.
1571 401 1931 478 EUDOXII,
1975 401 2301 476 ROMULI,
2343 403 2503 465 ETC.

3377 408 3484 470 622

235 523 512 594 ιξυϐρίζει
540 524 635 592 μὲν
660 524 735 585 εἰς
767 522 892 586 τοὺς
917 521 1122 575 ἐκείνου
1152 521 1306 582 θεοὺς
1328 520 1548 590 ἀναίδην
1574 536 1586 551 ο
1614 518 1793 589 ὁμολοε

1918 525 1969 568 et
1999 516 2388 570 ardentissimo
2412 516 2530 585 ejus
2560 515 2674 570 zelo
2703 515 2755 570 in
2793 517 2982 572 animo
3003 532 3288 582 accensus,
3313 517 3483 574 libere

242 617 329 682 γετ
362 615 415 667 δὲ
451 615 700 684 φανερῶς
737 615 825 667 τὸν
858 614 1091 685 Χριστὸν
1128 614 1218 665 καὶ
1248 612 1682 682 παρρησιάζεται
1709 610 1807 680 τὴν

232 710 539 764 εὐσέϐειαν.
609 709 900 781 Ἀγριᾶνας
956 709 1131 761 τοίνυν
1192 705 1446 757 ὲπιπλέον
1507 703 1804 769 Τραϊανὸς,

232 800 447 854 κελεύει
481 801 714 873 ταθῆναι
743 799 930 853 τοῦτον
960 799 1052 851 καὶ
1093 796 1312 865 ῥάϐδοις
1340 792 1669 858 αἰκίζεσθαι.

306 973 378 1031 Δ’.
434 977 493 1031 Ὀ
547 977 729 1046 μέντοι
784 973 1058 1043 Ῥωμύλος
1092 973 1340 1042 εὐψύχως
1374 971 1661 1040 δεχόμενος
1709 966 1805 1028 τὰς

229 1068 468 1137 πληγὰς,
520 1068 634 1122 Νῦν
671 1066 974 1134 εὐεργετῶν
1017 1083 1084 1135 με
1137 1067 1244 1118 ἴσθι
1281 1066 1346 1118 τὰ
1392 1063 1644 1132 μέγιστα,
1673 1057 1808 1127 πρὸς

227 1161 501 1231 Τραϊανὸν
543 1160 690 1212 ἐϐόα.
720 1158 795 1211 Τό
831 1176 889 1211 τε
931 1157 1038 1228 γὰρ
1101 1157 1258 1227 σῶμα
1301 1154 1425 1224 ἐμοὶ
1471 1152 1548 1221 τῷ
1593 1148 1807 1220 ἐρυθρῷ

224 1251 404 1320 τούτῳ
461 1251 883 1321 περιρρεόμενον
943 1251 1136 1319 αἵματι
1177 1250 1265 1300 τὸν
1295 1251 1357 1300 ὲκ
1386 1247 1484 1315 τῆς
1523 1241 1806 1310 είδωλικῆς

225 1331 453 1409 κνίσσης
489 1341 701 1413 δυσώδη
754 1343 1027 1414 μολυσμὸν
1077 1339 1420 1402 ἀπολούεται,
1468 1339 1560 1390 καὶ
1594 1338 1625 1405 ἡ
1658 1336 1804 1403 ψυχὴ

223 1433 285 1485 δὲ
333 1434 639 1503 ἀφθαρσίας
688 1435 888 1505 χιτῶνα
937 1433 1178 1504 καθαρὸν
1232 1430 1639 1501 περιϐάλλεται.
1693 1426 1807 1478 Οὐκ

221 1525 425 1594 ἤνεγκε
467 1527 636 1579 ταῦτα
669 1528 954 1596 Τραϊανὸς,
995 1525 1107 1579 ἀλλ’
1140 1527 1218 1588 είς
1257 1523 1478 1576 πλείονα
1506 1521 1594 1573 τὸν
1638 1516 1806 1587 θυμὸν

221 1618 545 1688 προαχθεὶς,
579 1623 801 1690 ταχεῖαν
831 1619 1010 1673 αὐτῶν
1035 1619 1356 1687 ἀπαλλαγὴν
1383 1614 1640 1682 ἐπίτομόν
1664 1628 1720 1663 τε
1747 1611 1806 1662 τὸ

229 1710 537 1782 μαρτύριον
567 1713 897 1784 διεπράξατο
921 1729 936 1744 υ
983 1715 1075 1765 καὶ
1108 1709 1381 1781 τμηθῆναι
1427 1707 1526 1776 τὴν
1561 1702 1806 1771 κεφαλὴν

236 1801 519 1869 Ῥωμύλου
560 1803 872 1870 ψηφίζεται.
935 1802 994 1854 ὐ
1031 1803 1129 1869 μὲν
1179 1799 1270 1850 οὖν
1322 1798 1558 1864 ἄσμενος
1613 1793 1673 1844 τὸ
1717 1791 1805 1843 διὰ

1912 607 2131 672 quidem
2178 617 2232 661 ct
2281 607 2453 662 elluse
2497 607 2644 662 illius
2699 608 2828 662 deos
2873 608 3087 678 probris
3135 610 3480 673 insectatur,

1911 697 2190 751 Christum
2267 711 2454 753 autem
2510 710 2694 769 aperte
2759 699 3068 762 confitetur,
3122 709 3177 755 et
3219 702 3478 770 pietatem

1913 788 2174 842 audacter
2206 788 2514 857 profitetur.
2541 789 2708 859 Magis
2741 790 2922 858 itaque
2942 790 3186 846 irritatus
3211 793 3479 862 Trajanus

1906 881 2062 950 jubet
2101 896 2225 934 eum
2258 881 2478 935 extendi
2516 892 2568 935 et
2614 882 2776 952 virgis
2811 885 2965 937 cadi.

1981 971 2078 1025 IV.
2109 972 2373 1028 Romulus
2404 981 2589 1028 autem
2625 991 2821 1044 magno
2853 986 2908 1029 et
2932 975 3058 1031 forti
3089 978 3272 1032 animo
3299 981 3485 1050 plagas

1910 1063 2189 1132 accipiens
2247 1083 2259 1113 :
2313 1062 2469 1118 Nunc
2503 1065 2666 1130 scias,
2702 1082 2787 1119 me
2823 1068 3059 1122 maximo
3097 1069 3233 1123 afﬁci
3277 1070 3482 1125 benefi-

1908 1154 2052 1220 fteio,
2086 1156 2430 1210 exclamabat
2464 1157 2530 1211 ad
2553 1155 2871 1226 Trajanum.
2905 1159 3113 1230 Corpus
3139 1163 3305 1228 enim,
3333 1165 3479 1232 quod

1911 1247 2014 1301 hoc
2043 1249 2211 1304 rubro
2234 1250 2369 1303 mihi
2393 1251 2655 1320 sanguine
2683 1251 3036 1317 circumfluit,
3066 1256 3238 1309 abluit
3268 1258 3479 1323 sordes,

1908 1354 2041 1408 quas
2070 1341 2315 1393 contraxi
2339 1356 2404 1394 ex
2433 1342 2622 1396 nidore
2644 1343 3097 1406 simulacrorum;
3141 1357 3196 1400 et
3234 1349 3480 1402 induitur

1909 1431 2090 1485 anima
2113 1433 2315 1487 munda
2347 1435 2531 1488 tunica
2566 1437 3018 1506 incorruptiouis.
3054 1437 3171 1493 Non
3203 1442 3326 1494 tulit
3362 1441 3478 1497 haec

1910 1522 2199 1593 Traianus,
2265 1525 2360 1578 sed
2405 1527 2602 1593 majori
2671 1528 2751 1581 ira
2799 1529 3062 1596 percitus,
3129 1530 3175 1584 ei
3243 1532 3480 1588 celerem

1909 1627 2196 1686 comparat
2219 1616 2635 1683 liberationem,
2673 1628 2726 1672 et
2761 1619 2928 1674 breve
2952 1621 3479 1694 eﬂicitmartyrium;

1907 1717 1961 1762 et
2006 1709 2277 1773 decernit,
2330 1720 2388 1764 ut
2447 1720 2612 1780 caput
2657 1710 2875 1767 Romuli
2931 1725 3262 1783 amputetur.
3303 1718 3483 1787 Atque

1907 1797 1996 1852 ille
2019 1800 2239 1868 quidem
2293 1798 2528 1855 libenter
2558 1816 2746 1855 ensem
2811 1801 3020 1871 aspexit
3057 1813 3282 1873 propter
3323 1802 3479 1859 Chri-

222 1891 462 1961 Χριστδν
511 1883 615 1942 εἶδε
665 1891 836 1958 ξίφος,
872 1892 967 1944 καὶ
1020 1890 1210 1959 ἥδιστα
1259 1886 1318 1938 τδ
1368 1884 1463 1938 τοῦ
1502 1880 1793 1953 μαρτυρίου

1906 1895 2075 1952 stum,
2110 1896 2164 1941 et
2200 1889 2601 1958 iucundissime
2627 1890 2798 1946 subiit
2824 1891 3065 1947 stadium
3101 1893 3372 1963 martyrii.

220 1979 426 2048 ἐπῆλθε
463 1980 695 2034 στάδιον.

1644 2071 1890 2130 CAPUT.
1940 2071 2008 2126 Il.

219 2164 286 2223 S.
349 2168 617 2223 Eudoxius
672 2173 854 2226 missos
904 2175 973 2226 ad
1025 2190 1077 2227 se
1126 2172 1440 2252 capiendum
1462 2165 2082 2252 eoitt'iviolefrlcipitzynein
2117 2177 2300 2252 sponte
2331 2171 2438 2223 adit
2467 2173 2993 2252 ,ρνίιςείᾴειηηςοναυι
3021 2193 3120 2246 quo
3159 2177 3317 2245 ﬁdem
3356 2195 3479 2245 pro-

805 2242 991 2310 ﬁtetur
1018 2234 1349 2311 balteu'mque
1387 2239 1592 2307 objicit,
1621 2235 1877 2288 militibus
1917 2234 2054 2286 1104
2095 2238 2391 2302 exemplum
2425 2234 2539 2306 ejus
2573 2234 2924 2298 imitantibus.

292 2357 368 2410 E’.
409 2344 612 2428 Συχνοῦ
653 2358 708 2411 δὲ
751 2360 952 2430 μεταξὺ
988 2358 1287 2420 διελθόντος
1328 2357 1541 2427 χρόνου,
1576 2352 1798 2419 Διοκλη-

215 2449 401 2512 τιανὸς
430 2449 530 2520 μὲν
556 2452 746 2521 αἵματι
771 2453 1015 2521 ἐμφυλίῳ
1043 2451 1135 2502 καὶ
1165 2449 1437 2519 τυραννίδι
1457 2448 1680 2500 κλέπτει
1703 2443 1802 2513 τὴν

216 2541 496 2611 βασιλείαν
523 2561 535 2574 ·
575 2544 870 2611 φιλονεικεῖ
906 2543 960 2593 δὲ
995 2541 1121 2603 τοὺς
1162 2542 1266 2610 πρὸ
1306 2540 1468 2590 αὑτοῦ
1503 2537 1802 2609 τυράννους

217 2633 362 2685 κατά
382 2650 445 2700 γε
480 2633 570 2685 τὸν
599 2633 694 2702 τῆς
729 2632 1010 2702 ὠμότητος
1043 2632 1135 2684 καὶ
1169 2631 1257 2682 τὸν
1297 2629 1395 2698 τῆς
1422 2625 1676 2687 ἀσεϐείας
1710 2623 1801 2675 λό-

214 2739 316 2791 γον
343 2723 688 2794 ὑπερϐαλεῖν,
724 2729 815 2778 καὶ
840 2725 937 2798 τὴν
974 2725 1195 2777 ἐκείνων
1226 2724 1524 2792 ἀγριότητα
1557 2715 1797 2786 φανερὰν

213 2816 388 2882 δεῖξαι
431 2818 875 2888 φιλανθρωπίανο
924 2819 1044 2870 ὅθεν
1096 2817 1160 2881 δὴ
1204 2816 1550 2882 διατάγματα
1590 2807 1792 2877 συνεχῆ

214 2909 594 2979 κατελάμϐανε
627 2911 686 2962 τὸ
720 2911 979 2979 ὑπήκοον,
1004 2909 1035 2977 ἢ
1065 2910 1278 2966 πάντας
1301 2905 1449 2972 αὐτῷ
1470 2902 1794 2968 κοινωνῆσαι

211 2999 313 3066 τῆς
347 2999 597 3061 ἀσεϐείας
620 3039 635 3064 ,
667 2999 700 3066 ἢ
736 2998 962 3051 θάνατον
995 2997 1176 3060 αὐτοῖς
1206 2992 1344 3048 εἶναι
1379 2995 1436 3046 τὸ
1470 2992 1568 3061 τῆς
1617 3006 1793 3060 παρα-

213 3092 350 3158 ubi};
386 3091 679 3159 ἐπιτίμιον.
718 3092 1035 3162 Χριστιανοὶ
1067 3092 1247 3144 τοίνυν
1277 3090 1363 3143 διὰ
1399 3088 1457 3140 τὸ
1488 3089 1584 3158 τῆς
1621 3087 1791 3157 ὀργῆς

209 3182 308 3234 τοῦ
338 3183 529 3254 ἀνδρὸς
562 3184 772 3254 ἄμαχόν
801 3202 860 3237 τε
893 3185 988 3238 καὶ
1024 3183 1208 3244 δεινῶς
1240 3182 1450 3251 ἄγριον,
1491 3183 1537 3230 oi
1571 3180 1668 3248 μὲν
1695 3179 1792 3240 τὰς

214 3275 356 3345 μετά
382 3275 489 3328 τῶν
514 3277 714 3345 θηρίων
750 3278 807 3328 ἐν
835 3278 1061 3346 ἐρήμοις
1084 3275 1364 3344 διατριϐὰς
1393 3273 1488 3341 τῆς
1515 3271 1654 3340 μετὰ
1682 3271 1790 3321 τῶν

211 3367 519 3436 ἀνθρώπων
557 3350 756 3437 μᾶλλον
791 3369 1115 3438 προέκρινον
1153 3368 1430 3429 συνοικίας
1457 3383 1470 3396 ·
1511 3368 1561 3418 οί
1596 3365 1651 3418 δὲ
1686 3365 1788 3434 ὅρη

212 3462 310 3513 καὶ
342 3458 597 3529 σπήλαια,
623 3461 718 3513 καὶ
743 3460 841 3513 ὅσα
868 3459 1091 3514 δύναται
1114 3460 1402 3531 κρύπτειν,
1435 3459 1789 3528 ὑποδυόμενοι

211 3553 310 3606 καὶ
343 3554 503 3606 αὑτὸν
525 3593 540 3620 ,
579 3554 652 3616 ὡς
680 3548 850 3607 οἷόντε
870 3595 884 3621 ,
919 3555 1009 3607 τὸν
1034 3554 1183 3622 ἦλιον
1210 3551 1482 3603 διαλαθεῖν
1510 3550 1786 3602 ἔσπευδον.

286 3739 377 3802 ς’.
423 3732 688 3787 Ἐνταῦθα
728 3730 994 3802 μηνύεταί
1037 3744 1120 3795 τις
1167 3728 1416 3800 εὐσεϐὴς,
1445 3726 1538 3780 καὶ
1581 3723 1674 3778 τοῦ
1715 3725 1788 3795 μὴ

210 3827 398 3882 λαθεῖν
443 3821 611 3888 δντως
666 3825 838 3891 ἄξιος,
895 3824 1144 3888 Εὑδόξιος
1199 3823 1231 3893 ἢ
1283 3821 1563 3892 Μαριανὺς
1619 3819 1789 3888 δνομα

210 3921 354 3990 ἀνήρ
373 3935 385 3949 ⁸
414 3921 742 3991 ἀμφοτέροις
779 3918 884 3986 γὰρ
912 3917 1311 3986 ὲκυριολογεῑτο
1345 3917 1454 3976 τοῖς
1486 3914 1749 3981 ὀνόμασιν
1769 3929 1783 3942 ο

209 4014 319 4066 ἀπὸ
348 4013 721 4081 πριμικηρίων
745 4008 918 4078 δὲτὴν
942 4008 1118 4072 ἀξίαν,
1145 4004 1209 4079 ἦς
1230 4007 1316 4059 διὰ
1343 4007 1428 4057 τὸν
1455 4007 1531 4065 είς
1554 4004 1785 4072 Χριστὸν

209 4106 378 4158 πόθον
397 4103 828 4174 ἀπεληλαμένος,
849 4104 904 4154 ὲν
921 4104 986 4170 τῇ
1008 4101 1115 4153 τῶν
1137 4103 1392 4172 κυμήτων
1411 4097 1748 4166 ὑπεϐιϐάσθη
1770 4113 1782 4125 ο

210 4197 308 4250 καὶ
332 4196 532 4270 ταύτης
561 4199 616 4251 δὲ
651 4197 726 4267 μὴ
754 4195 952 4266 τυχὼν,
983 4195 1237 4267 ἔστερξεν
1267 4195 1334 4248 ἂν
1361 4193 1440 4264 τῷ
1467 4191 1788 4261 ποθουμένῳ

210 4291 362 4361 μόνῳ
411 4289 924 4361 παρακαλούμενος.
973 4289 1257 4359 Μηνύεται
1293 4287 1348 4342 δὲ
1384 4288 1444 4339 τὸ
1485 4285 1788 4356 τηνικαῦτα

205 4384 518 4453 Μελιτηνῆς
553 4383 780 4450 ἡγεμόνι
811 4401 822 4413 ·
863 4383 920 4446 ὃς
969 4382 1153 4452 ἐπειδὴ
1185 4381 1252 4434 τὰ
1292 4382 1421 4449 περὶ
1459 4379 1554 4432 τοῦ
1595 4378 1787 4449 ἀνδρὸς

206 4477 421 4528 ἕκαστα
461 4476 798 4544 μεμαθήκοι,
829 4477 953 4536 τοὺς
987 4475 1214 4538 ἄξοντας
1249 4474 1411 4523 αὑτὸν
1441 4473 1782 4541 παραχρῆμα
1818 4497 1860 4550 D

204 4567 504 4634 ἐκπέμπει.
567 4565 737 4617 Τοῦτο
787 4565 842 4618 δὲ
898 4567 973 4635 μὴ
1024 4564 1113 4619 τὸν
1160 4563 1409 4626 Εὑδόξιον
1455 4562 1641 4626 λαθὸν,
1698 4563 1787 4615 εὺ-

204 4661 530 4732 τελεστέραν
562 4660 918 4730 περιθέμενο³
945 4659 1044 4730 τὴν
1070 4657 1282 4729 στολὴν,
1309 4658 1395 4710 ἵνα
1422 4657 1496 4728 μὴ
1521 4658 1670 4720 ὅστις
1700 4659 1784 4725 εἴη

204 4753 443 4820 φανερὸς
495 4754 726 4820 γένοιτο,
779 4751 1132 4821 ἐμφανίζεται
1165 4755 1277 4812 τοῖς
1329 4751 1782 4821 ἀπεσταλμένοις.

202 4844 555 4912 Ἐντυχόντες
597 4842 778 4896 τοίνυν
841 4845 1021 4902 αὐτοῖς
1083 4842 1226 4915 [imo
1257 4844 1428 4915 αὐτῷ]
1479 4847 1571 4897 καί
1621 4850 1785 4914 μήπω

200 4936 394 4990 τοῦτον
429 4942 634 4993 ἐκεῖνον
668 4939 806 4992 εἶναι
849 4939 1192 5008 νομίσαντες,
1234 4939 1340 5008 ὅπη
1372 4939 1479 5008 ἄρα
1514 4937 1781 5007 διατρίϐοι

199 5037 228 5087 ὁ
277 5033 450 5104 κόμης
490 5032 758 5103 Εὑδόξιος,
802 5032 1004 5092 εὐθέως
1046 5031 1292 5100 ἠρώτων.
1355 5032 1413 5084 '0
1444 5031 1534 5083 δέ·
1584 5031 1648 5082 Εἰ
1691 5047 1779 5099 μοι

201 5125 503 5195 παρελθεῖν
543 5125 823 5194 ἐθελήσετε
863 5127 941 5188 είς
982 5124 1076 5194 τὴν
1140 5123 1340 5190 στάγην
1397 5121 1470 5192 [ι.
1531 5122 1778 5194 στέγην],

199 5222 537 5289 ἡμερώτατα
569 5219 706 5289 πρὸς
737 5219 932 5281 αὑτολς
969 5219 1096 5288 ἔφη,
1137 5217 1232 5269 καὶ
1266 5215 1437 5286 βραχῦ
1470 5214 1560 5266 τὸν
1591 5217 1654 5267 ἐκ
1685 5215 1778 5282 τῆς

197 5312 322 5366 ὁδοῦ
375 5315 543 5364 κόπον
592 5307 979 5368 διαναπαῦσαι,
1029 5309 1121 5359 καὶ
1173 5311 1452 5377 τραπέζης
1500 5307 1593 5359 καὶ
1637 5306 1778 5358 ἀλῶν

197 5401 554 5471 κοινωνῆσαι,
593 5400 702 5470 ἐγὼ
732 5401 862 5470 ὑμῖν
886 5400 976 5453 τὸν
1011 5397 1346 5470 ζητούμενον
1380 5397 1662 5462 ὑποδείξω.

275 5648 348 5717 (6)
372 5643 1046 5723 gnuerumscilicetim.
1110 5643 1379 5723 Traianus
1440 5642 1587 5723 enim
1644 5640 1778 5697 obiit

194 5714 348 5775 anno
366 5714 563 5784 Christi
601 5715 724 5778 117,
751 5715 1116 5772 Diocletianus
1139 5731 1266 5769 vero
1285 5715 1568 5784 imperium
1589 5726 1778 5768 susce-

195 5795 281 5862 pit
311 5803 455 5840 anno
485 5783 610 5840 284.
1283 5854 1294 5866 ⁸
1362 5783 1373 5784 ί
1452 5854 1464 5870 .
1536 5854 1547 5865 ο

271 5856 586 5929 (ηϐτίιηεη
613 5856 738 5926 Apri
772 5856 1026 5926 praetorio
1055 5854 1317 5926 prrefecti,
1375 5870 1467 5924 qui
1535 5854 1766 5925 imperio

1971 2347 2034 2402 V.
2065 2347 2200 2404 Cum
2217 2351 2444 2408 multum
2460 2365 2636 2409 autem
2657 2358 3050 2416 intercessisset
3089 2365 3348 2432 temporis
3379 2364 3476 2434 (ϐ),

1902 2436 2285 2498 Diocletianus
2314 2446 2534 2516 quidem
2591 2452 2854 2521 sanguine
2921 2446 3179 2509 int'estino
3212 2466 3264 2511 et
3297 2468 3481 2528 tyrano

1899 2534 2024 2587 nide
2055 2536 2261 2589 invadit
2298 2537 2586 2607 imperium
2621 2542 2720 2610 (7),
2748 2544 3026 2598 contendit
3055 2555 3234 2600 autem
3263 2564 3355 2601 eos
3385 2552 3478 2618 qui

1900 2633 2291 2693 przecesserant
2325 2636 2581 2697 tyrannos
2613 2633 2935 2686 crudelitate
2968 2650 3229 2704 superare
3273 2649 3326 2691 et
3377 2642 3478 2692 im-

1916 2714 2139 2782 pietate,
2168 2726 2222 2769 et
2253 2718 2540 2772 ostendere
2588 2720 2804 2774 illorum
2857 2723 3116 2779 saevitiam
3168 2725 3335 2782 fuisse
3377 2731 3478 2784 hu—

1903 2808 2244 2880 manitatem.
2277 2809 2431 2865 Unde
2465 2813 2625 2866 etiam
2665 2815 2730 2868 ad
2761 2831 2853 2869 eos
2893 2817 2983 2885 qui
3034 2819 3179 2872 illius
3214 2824 3476 2888 parebant

1901 2900 2159 2969 imperio,
2218 2903 2399 2957 edicta
2440 2907 2732 2961 veniebant
2793 2907 3126 2979 frequentia,
3172 2921 3231 2964 ut
3284 2929 3478 2968 omnes

1897 2989 1980 3041 Vel
2011 3005 2133 3042 cum
2171 3006 2238 3043 eo
2288 2995 2729 3049 communionem
2776 2997 3067 3067 impietatis
3113 3003 3472 3073 susciperent.

1895 3079 1978 3132 vel
2012 3095 2157 3133 mors
2190 3090 2334 3135 esset
2375 3083 2453 3136 eis
2500 3099 2658 3152 paena
2715 3087 3117 3146 inobedientize.
3175 3091 3472 3149 Christiani

1819 3157 1864 3218 ο
1897 3174 2080 3244 itaque
2112 3186 2335 3245 propter
2370 3191 2568 3230 saevam
2600 3188 2656 3232 et
2687 3179 2979 3234 immanem
3012 3183 3156 3238 illius
3192 3185 3346 3248 iram,
3383 3189 3473 3242 alii

1893 3268 2111 3334 quidem
2151 3270 2424 3322 malebant
2455 3286 2577 3324 cum
2625 3271 2754 3326 feris
2786 3273 3026 3328 habitare
3065 3277 3117 3329 in
3168 3279 3479 3334 solitudini-

1893 3355 2014 3422 bus,
2051 3374 2209 3426 quam
2244 3359 2403 3411 simul
2432 3375 2552 3412 cum
2585 3361 2932 3416 hominibus:
2974 3364 3063 3418 alti
3108 3376 3286 3420 autem
3322 3385 3477 3424 mon-

1896 3455 1976 3502 tes
2010 3457 2062 3502 et
2115 3450 2402 3518 speluncas
2447 3459 2501 3505 et
2581 3467 2918 3522 quaecunque
2989 3456 3165 3512 celare
3225 3470 3476 3530 poterant

1894 3541 2187 3595 subeuntes
2232 3543 2558 3608 studebant,
2600 3546 2778 3615 quoad
2809 3549 2926 3617 ejus
2958 3548 3072 3603 ﬁeri
3118 3562 3350 3620 poterat,
3391 3557 3470 3609 vel

1893 3631 2068 3700 ipsum
2101 3635 2265 3687 solem
2304 3635 2493 3695 latere.

1965 3720 2049 3775 Vl.
2082 3723 2159 3776 Eo
2198 3725 2443 3795 tempore
2474 3727 2714 3785 defertur
2735 3729 2950 3798 quidam
2987 3735 3069 3786 vir
3093 3738 3244 3804 pius,
3275 3753 3329 3794 et
3359 3743 3472 3810 pla-

1895 3833 1964 3874 ne
2001 3821 2254 3893 indignus
2293 3823 2384 3894 qui
2413 3823 2623 3880 lateret.
2673 3825 2733 3880 Ei
2759 3843 2959 3882 nomen
2996 3841 3120 3886 erat
3173 3832 3470 3904 Eudoxius,

1895 3927 1987 3968 aut
2019 3916 2287 3970 Marianus
2313 3935 2326 3981 ;
2349 3929 2466 3971 erat
2514 3919 2659 3972 enim
2693 3930 2982 3990 utrumque
3011 3925 3057 3977 ei
3120 3942 3315 3982 nomen
3347 3947 3473 4000 pro-

1892 4008 2112 4075 prium.
2144 4008 2186 4060 Α
2220 4009 2483 4077 dignitate
2529 4019 2708 4064 autem
2757 4013 3160 4080 primiceriatus
3212 4024 3471 4090 expulsus

1897 4108 2123 4170 propter
2153 4116 2391 4155 amorem
2427 4102 2629 4158 Christi
2669 4145 2683 4166 ,
2728 4104 3083 4162 descenderat
3128 4110 3194 4163 ad
3243 4090 3468 4168 inferio-

1893 4208 2006 4246 rem
2070 4194 2329 4248 comitum
2370 4193 2692 4262 dignitatem
2728 4215 2741 4262 ;
2787 4214 2946 4264 quam
2981 4201 3199 4268 quidem
3257 4208 3466 4261 etiamsi

1892 4301 2000 4339 non
2032 4285 2224 4340 fuisset
2279 4299 2656 4352 consecutus,
2726 4289 2860 4343 satis
2924 4297 3105 4345 tamen
3187 4295 3470 4352 habuisset

1892 4393 2014 4433 eum
2077 4379 2250 4434 solum
2327 4381 2517 4452 sequi,
2567 4397 2726 4450 quem
2787 4383 3147 4440 desiderabat.
3215 4389 3468 4444 Defertur

1893 4480 2072 4524 autem
2108 4471 2173 4523 ad
2217 4487 2337 4523 eum
2369 4510 2383 4534 ,
2436 4473 2526 4539 qui
2560 4483 2685 4525 tunc
2740 4471 2869 4525 erat
2907 4491 3107 4542 praeses
3166 4479 3461 4538 Melitenam

1890 4559 1990 4624 Qui
2025 4575 2145 4613 cum
2180 4561 2246 4615 de
2293 4575 2358 4615 eo
2419 4561 2627 4632 singula
2689 4563 3085 4632 intellexisset,
3126 4568 3216 4637 qui
3287 4571 3462 4640 ipsum

1886 4652 2173 4706 addueturi
2230 4663 2455 4718 essent,
2513 4657 2714 4709 emittit
2766 4660 3034 4725 protinus.
3101 4661 3213 4716 Hoc
3282 4676 3461 4720 autem

1886 4757 2010 4796 cum
2037 4759 2146 4797 non
2185 4746 2430 4798 latuisset
2475 4745 2778 4801 Eudoxium
2811 4787 2825 4812 ,
2874 4750 3046 4804 viliori
3101 4765 3249 4809 veste
3302 4758 3462 4812 indu-

1887 4842 2008 4897 tus,
2052 4848 2118 4888 ne
2146 4843 2292 4888 esset
2323 4835 2675 4890 manifestum
2702 4877 2716 4901 ,
2765 4841 3014 4909 quisnam
3059 4854 3204 4897 esset
3232 4886 3246 4910 ,
3281 4862 3338 4900 se
3372 4864 3462 4903 os-

1885 4925 2058 4978 tendit
2088 4925 2154 4979 iis
2182 4927 2270 4996 qui
2329 4928 2478 4980 tnissi
2517 4931 2727 4982 fuerant
2754 4970 2767 4982 .
2814 4932 2946 4985 Cum
2981 4951 3102 4986 eum
3166 4952 3295 5006 ergo
3324 4955 3457 4994 eorr-

1881 5017 2161 5070 venissent
2195 5028 2250 5071 et
2311 5020 2550 5074 nondum
2605 5036 2728 5077 eum
2772 5023 2923 5078 illum
2978 5042 3096 5082 esse
3139 5039 3452 5098 putassent,

1882 5109 2101 5163 ubinam
2131 5120 2441 5166 versaretur
2475 5130 2657 5168 comes
2678 5116 2975 5184 Eudoxius,
3007 5136 3130 5174 eum
3168 5136 3448 5193 rogarunt.

1880 5201 1973 5254 llle
2001 5209 2206 5265 autem,
2261 5202 2314 5257 Si
2339 5219 2518 5258 meum
2558 5214 2759 5259 tectum
2794 5208 2975 5262 subire
3013 5211 3294 5267 volueritis
3319 5255 3333 5279 ,
3370 5219 3452 5272 eis

1880 5293 2016 5348 dixit
2048 5293 2433 5365 benignissime
2459 5335 2472 5361 ,
2504 5305 2560 5351 et
2593 5313 2623 5350 a
2669 5299 2856 5354 labore
2884 5301 3095 5356 itineris
3131 5321 3223 5358 vos
3258 5321 3449 5375 parum

1888 5399 2167 5450 recreare,
2201 5399 2510 5457 mensaque
2553 5397 2608 5444 et
2649 5390 2778 5445 salis
2827 5406 3040 5446 mecum
3078 5409 3199 5449 esse
3234 5400 3454 5466 partici-

1892 5493 1988 5548 pes
2013 5518 2026 5540 .
2062 5493 2160 5547 ego
2199 5480 2484 5535 ostendam
2529 5484 2682 5538 vobis
2717 5498 2842 5538 eum
2888 5501 3050 5556 quem
3079 5491 3340 5557 quaeritis.

1886 5642 2103 5719 inhians
2142 5642 2531 5719 Numerianum
2587 5661 2843 5715 generum
2881 5664 3037 5702 suum
3093 5665 3188 5719 per
3229 5651 3454 5708 insidias

1883 5716 2120 5787 necavit,
2185 5715 2577 5783 Metaphrastes
2627 5720 2762 5772 male
2815 5721 3045 5787 imputat
3093 5715 3451 5774 Diocletiano.

1883 5783 1982 5859 Hic
2004 5790 2147 5859 enim
2187 5801 2293 5839 non
2319 5789 2464 5859 etede
2496 5799 2587 5840 attt
2616 5783 2904 5856 tyrannide
2923 5794 3207 5859 itnperiutn
3233 5791 3451 5856 invasit,

1880 5854 1974 5907 sed
2001 5857 2068 5908 ab
2088 5862 2332 5910 exercitu
2355 5857 2560 5911 electus
2585 5854 2879 5927 imperator
2908 5854 3132 5914 moitem
3163 5854 3455 5916 NumeriaJ-
