4198 6438
755 339 857 403 623

1978 330 2262 393 MENSIS
2301 327 2771 392 SEPTEMBER.

3900 341 4014 403 6‘2!

825 455 938 510 VII.
968 455 1105 511 Cum
1146 466 1284 526 ergo
1315 461 1553 525 parasset
1597 450 1906 506 convivium
1945 490 1959 514 ,
2011 466 2101 505 eos
2132 449 2304 518 excipi

2404 502 2410 511 ,
2505 450 2576 502 Z'.
2615 449 3179 520 Παρασκευασάμ.ενος
3226 447 3318 506 οὖν
3365 455 3428 507 τὰ
3469 455 3601 525 πρὸς
3631 457 3726 526 τὴν
3762 457 4016 509 ἑστίασιν

757 545 1045 600 liberaliter
1070 586 1083 600 .
1122 545 1231 599 Illis
1276 554 1454 598 autem
1494 557 1682 597 mensa
1735 545 1864 596 satis
1889 541 2236 606 exhilaratis,
2270 550 2325 594 et

753 636 1082 702 promissum
1116 633 1308 688 deinde
1347 633 1690 703 exigentibus
1722 640 1778 686 et
1845 631 2159 700 rogantibus
2191 671 2204 694 ,
2266 637 2324 682 ut

751 743 877 782 eum
925 725 1240 781 ostenderet
1296 739 1458 794 quem
1507 723 1865 793 quaerebant;
1927 723 2015 777 ille
2059 724 2322 777 continuo

748 835 912 881 eum,
965 819 1055 887 qui
1091 828 1209 872 erat
1256 818 1406 871 intus
1434 857 1448 881 ,
1499 816 1674 887 aperit
1721 814 2058 881 Eudoxium,
2101 816 2319 869 dicens:

747 909 856 978 Ego
889 925 1009 963 sum
1042 948 1054 970 ,
1087 925 1248 978 quem
1281 909 1545 977 quaeritis.
1581 907 1695 961 Hoc
1725 908 1902 978 gladio
1943 906 2322 961 vehementius

747 1003 964 1056 illorum
1003 1001 1238 1071 perculit
1273 1003 1516 1055 animum
1564 1019 1578 1067 ;
1626 1011 1680 1055 et
1733 1000 2128 1070 rcSpondentes
2175 998 2322 1052 dixe-

745 1104 870 1146 runt
906 1110 918 1146 :
953 1092 1068 1148 Non
1109 1103 1158 1147 te
1195 1091 1509 1161 prodemus,
1568 1092 1661 1162 qui
1705 1106 1805 1146 nos
1842 1089 2102 1159 accepisti
2134 1089 2320 1142 convi-

743 1185 1055 1254 vio,neque
1087 1200 1184 1253 pro
1243 1183 1614 1253 hospitalitate
1672 1193 1781 1237 tam
1831 1183 1970 1236 male
2019 1181 2317 1234 referemus

743 1277 989 1345 gratiam.
1014 1275 1117 1330 Sed
1143 1277 1241 1330 hoc
1263 1277 1327 1329 ad
1353 1285 1591 1330 nostram
1616 1274 1846 1328 suiliciet
1888 1274 2314 1336 excusationem,

741 1369 884 1436 quod
918 1383 1042 1423 cum
1096 1368 1152 1421 in
1205 1369 1501 1438 quaerendo
1558 1370 1788 1421 multum
1847 1367 2316 1427 laboraverimus,

740 1474 848 1514 non
883 1461 1156 1528 potuimus
1201 1467 1379 1513 tamen
1418 1460 1666 1514 invenire
1696 1460 2000 1514 Eudoxium
2031 1497 2045 1511 .
2077 1457 2162 1511 Illi
2192 1456 2317 1526 qui-

740 1554 864 1604 dem
888 1568 986 1622 pro
1010 1551 1250 1620 hospitio
1283 1553 1380 1606 has
1409 1551 1657 1606 Eudoxio
1697 1553 1932 1606 retulere
1968 1550 2190 1620 gratias.

811 1726 943 1782 Vill.
975 1729 1064 1783 Ille
1091 1738 1270 1784 autem
1299 1773 1313 1794 ,
1346 1729 1438 1799 qui
1471 1737 1525 1783 et
1562 1729 1769 1783 sciebat
1816 1728 1984 1782 latere
2013 1743 2135 1783 cum
2178 1743 2313 1797 opus

2431 539 2749 607 φιλοτίμως,
2779 541 3045 606 δεξιοῦται
3075 544 3201 604 τοὺς
3229 545 3447 613 ἄνδρας.
3486 547 3604 600 Τῶν
3636 549 3691 600 δὲ
3731 548 4013 617 ἡσθέντων

2429 630 2621 692 ἱκανῶς
2666 635 2732 701 τῇ
2760 633 3024 703 τραπέζῃ,
3076 630 3194 686 εἶτα
3224 637 3315 687 καὶ
3363 637 3460 707 τὴν
3504 639 3793 708 ὑπόσχεσιν
3839 644 4014 692 άπαι-

2436 719 2670 773 τούντων
2700 722 2793 774 καὶ
2817 722 3086 790 δεομένων
3110 724 3342 795 φανερὸν
3374 726 3537 779 αὑτὸν
3562 730 3885 797 ποιήσεσθαι
3918 732 4012 782 τὸν

2429 811 2784 881 ζητούμενον,
2837 815 3044 875 ἐκεῖνος
3083 816 3244 879 εὐθὺς
3272 818 3362 869 τὸν
3406 818 3553 870 ἔνδον
3587 818 3765 880 αὐτοῖς
3797 820 4010 871 ἀνακα-

2423 903 2612 955 λύπτει
2660 904 2946 967 Εὑδόξιον·
3015 905 3155 973 Ἐγώ
3206 910 3320 977 ειμι
3375 909 3434 961 ὃν
3511 909 3748 977 ζητεῖτε,
3812 911 4008 963 εἰπών.

2425 993 2594 1048 Τοῦτο
2629 997 2901 1066 μαχαίρας
2940 996 3195 1067 ὀξύτερον
3228 999 3482 1053 καθίκετο
3512 1003 3606 1071 τῆς
3641 1004 3870 1054 ὲκεῐνων
3903 1003 4011 1068 ψυ-

2423 1087 2522 1156 χῆς
2544 1103 2558 1120 ⁶
2593 1089 2684 1140 καὶ
2713 1089 3092 1152 ὐπολαῦόντες,
3120 1091 3191 1142 Οὐ
3224 1091 3571 1160 προδώσομέν
3603 1110 3661 1145 σε
3685 1094 3776 1144 τὸν
3811 1095 4012 1163 ἡμέτε-

2426 1196 2517 1247 ρον
2545 1181 2854 1250 ἑστιάτορα,
2888 1176 3060 1245 εἷπον,
3093 1184 3213 1237 οὐδὲ
3249 1183 3393 1237 οὕτω
3426 1185 3523 1253 τὴν
3559 1185 3869 1252 φιλοξενίαν
3908 1204 4008 1239 κα·

2421 1271 2532 1334 κῶς
2573 1272 2924 1340 ἀμειψόμεθα
2953 1291 2965 1305 ·
3014 1261 3150 1328 ἀλλὰ
3203 1274 3361 1328 τοῦτο
3410 1277 3540 1345 ἡμῖν
3582 1277 3659 1340 εἰς
3706 1277 4010 1344 ἀπολογίαν

2420 1362 2648 1430 ἀρκέσει
2678 1363 2738 1414 τὸ
2773 1363 2942 1416 πολλὰ
2969 1365 3096 1434 περὶ
3128 1365 3224 1433 τὴν
3255 1365 3482 1434 ζήτησιν
3521 1368 3823 1435 καμόντας.
3855 1370 4006 1434 ὅμως

2422 1454 2495 1522 μὴ
2547 1453 2842 1523 δυνηθῆναι
2891 1455 3026 1519 ὅλως
3052 1455 3143 1507 τὸν
3178 1457 3423 1523 Εὑδόξιον
3457 1459 3727 1524 ἀνευρεῖν.
3775 1459 4006 1511 Ἐκεῖνοι

2421 1545 2517 1614 μὲν
2570 1542 2664 1598 οὖν
2709 1546 2911 1610 ταύτας
2960 1547 3197 1618 Εὺδοξίῳ
3240 1549 3336 1616 τῆς
3394 1551 3569 1613 ξενίας
3613 1551 3712 1613 τὰς
3767 1552 4006 1621 χάριτας

2417 1637 2765 1690 ἀπεδίδοσαν.

2487 1728 2566 1783 H'.
2616 1729 2673 1780 Ὀ
2707 1727 2762 1780 δὲ
2797 1727 2894 1780 καὶ
2926 1728 3105 1782 λαθεῖν
3143 1730 3297 1793 εἰδὼς
3363 1732 3452 1783 ὅτε
3490 1729 3626 1792 δέον,
3665 1732 3759 1782 καὶ
3797 1732 3872 1799 μὴ
3905 1733 4004 1782 λα-

737 1827 918 1879 esset,
953 1829 1007 1874 et
1037 1836 1228 1876 rursus
1266 1837 1376 1876 non
1425 1822 1593 1875 latere
1628 1819 1842 1889 quando
1874 1820 2034 1889 hujus
2068 1821 2141 1873 rei
2169 1829 2311 1873 esset

2415 1813 2526 1869 θεῖν
2548 1812 2614 1871 αὖ
2651 1819 2737 1869 ὅτε
2763 1817 2951 1870 τούτου
2980 1821 3171 1890 καιρός
3192 1838 3204 1850 ·
3225 1821 3342 1872 θεία
3376 1820 3482 1889 γὰρ
3507 1817 3571 1890 ἦν
3605 1824 3764 1890 χάρις
3799 1823 3828 1890 ἡ
3861 1839 3899 1872 π
3919 1843 3932 1866 ι
3951 1840 4007 1890 ρ-

737 1920 950 1979 tempus
985 1911 1001 1980 (
1032 1911 1214 1965 divina
1248 1912 1393 1965 enim
1421 1951 1434 1975 ,
1467 1926 1586 1980 quae
1631 1910 1819 1963 aderat
1849 1910 2015 1980 gratia
2051 1921 2106 1962 et
2144 1910 2310 1963 doce-

735 2002 827 2056 bat
860 2001 1129 2055 Atbletam
1157 2042 1170 2064 ,
1222 2003 1386 2072 jussit
1416 2014 1586 2056 uteos
1628 2006 1990 2070 sequeretur),
2025 2017 2146 2054 cum
2177 2017 2312 2054 uxo-

735 2107 850 2146 rem
901 2101 1146 2146 vocasset
1180 2093 1490 2145 Basilissam
1529 2102 1645 2156 aut,
1679 2092 1720 2144 si
1764 2092 1928 2154 velis,
1963 2092 2307 2156 Mandanem,

735 2198 859 2237 nam
907 2198 969 2237 ea
1001 2197 1216 2253 quoque
1250 2181 1450 2251 duplici
1485 2181 1714 2236 nomine
1749 2182 2064 2246 vocabatur,
2087 2184 2132 2236 ei
2160 2199 2312 2236 man-

737 2274 828 2328 dat
863 2289 982 2342 quae
1012 2281 1262 2341 spectant
1295 2272 1361 2326 ad
1396 2271 1652 2325 familiam
1682 2310 1694 2323 .
1723 2270 1784 2324 Et
1813 2286 1933 2324 cum
1981 2271 2159 2323 omnia
2191 2276 2309 2339 ejus

733 2379 879 2419 cura
905 2363 1299 2425 commisisset,
1327 2361 1429 2414 hoc
1472 2375 1688 2429 quoque
1753 2369 2082 2427 postremum
2106 2370 2158 2412 et
2193 2375 2310 2428 ger-

734 2470 952 2508 manum
995 2454 1044 2509 ei
1075 2453 1167 2508 dat
1216 2456 1529 2506 mandatum
1558 2492 1572 2516 ,
1605 2468 1675 2506 ne
1706 2452 1824 2519 ejus
1878 2450 2071 2505 deﬂeat
2118 2453 2309 2507 deces-

732 2561 851 2600 sum
885 2559 1059 2613 neque
1113 2552 1332 2613 propter
1388 2552 1617 2597 mortem
1668 2543 1786 2611 ejus
1825 2542 2170 2607 lamentetur,
2213 2544 2304 2597 sed

732 2637 1074 2706 lampadibus
1114 2635 1217 2705 (9)
1265 2644 1318 2689 et
1348 2635 1451 2689 alia
1508 2634 1689 2688 laetitia
1741 2635 1917 2704 potius
1957 2636 2106 2688 illmn
2160 2637 2303 2690 diem

730 2729 999 2785 honoret.
1033 2728 1227 2782 Statim
1267 2743 1396 2799 ergo
1427 2743 1579 2784 suam
1634 2728 1856 2796 quidem
1924 2727 2302 2794 c0gnationcm

728 2820 958 2890 despicit
1050 2819 1360 2873 Eudoxius:
1420 2819 1760 2874 obliviscitur
1826 2827 2008 2870 autem
2083 2826 2304 2886 propter

727 2895 1005 2965 Christum
1055 2910 1138 2964 sui
1168 2909 1370 2963 amoris
1399 2910 1451 2962 in
1503 2909 1679 2971 tilias,
1716 2907 1876 2962 validi
1918 2917 1973 2961 et
2011 2909 2299 2963 inevitabi-

729 3002 793 3056 lis
843 3001 1042 3056 vinculi
1101 3002 1422 3071 parentibus
1448 3039 1462 3055 .
1500 2999 1566 3055 Ut
1597 3000 1742 3054 enim
1771 3001 1922 3055 illum
1951 3001 2254 3055 lucrifaciat
2283 3042 2296 3066 ,

727 3094 907 3147 omnia
940 3095 1200 3147 damnum
1251 3095 1524 3147 existimat
1561 3101 1616 3146 et
1649 3102 1888 3147 stercora
1911 3131 1924 3144 .
1957 3094 2021 3145 Et
2051 3094 2202 3146 vadit
2229 3094 2293 3146 ad

726 3184 1008 3252 praesidem
1036 3224 1048 3238 .

795 3360 864 3415 IX
889 3400 901 3414 .
934 3362 980 3416 ls
1000 3370 1180 3415 autem
1205 3377 1328 3416 cum
1364 3363 1540 3430 ipsum
1568 3362 1807 3425 vidisset,
1865 3361 2047 3425 Salve,
2101 3363 2295 3430 inquit,

723 3465 906 3505 cernes
963 3449 1194 3503 Eudoxi.
1255 3449 1346 3504 llle
1395 3459 1576 3502 autem
1633 3449 1865 3502 vicissim
1924 3451 2097 3503 reddit
2148 3450 2296 3504 salu-

723 3551 866 3602 tem,
915 3540 1143 3593 dicens:
1206 3538 1285 3592 Tu
1324 3553 1541 3608 quoque
1573 3537 1719 3593 salve
1745 3578 1760 3603 ,
1821 3556 2049 3609 praeses.
2087 3541 2295 3595 Prcescs

723 3641 903 3686 autem
931 3647 1122 3685 rursus
1149 3649 1161 3684 :
1192 3629 1386 3693 Tuam,
1421 3630 1628 3696 inquit,
1659 3633 2044 3684 accersivimus
2077 3633 2292 3685 clarita-

724 3733 829 3776 tem
859 3759 873 3784 ,
926 3729 986 3773 ut
1035 3721 1203 3787 jussis
1270 3733 1467 3788 parans
1520 3717 1895 3788 imperatoris,
1943 3731 1997 3775 et
2042 3723 2178 3787 diis,
2237 3733 2293 3777 ut

722 3827 820 3883 par
843 3821 954 3877 est,
987 3810 1184 3866 oﬂeras
1225 3810 1550 3866 sacriﬁcium
1574 3850 1589 3877 ,
1623 3823 1679 3866 et
1704 3813 1936 3867 maxime
1993 3819 2130 3884 patri
2172 3831 2291 3872 om-

720 3905 869 3959 nium
925 3905 1151 3961 deorum
1214 3920 1406 3974 magno
1463 3904 1602 3966 Jovi,
1656 3918 1708 3959 et
1769 3905 1969 3960 Phoebo
2021 3909 2289 3974 Apollini,

718 4007 776 4053 et
829 4002 1009 4055 charte
1069 3993 1274 4066 Virgini
1353 3997 1552 4050 Diana}.
1629 3997 1826 4066 Μαι-ιμ-
1890 4003 2069 4052 autem
2113 4017 2125 4052 :
2162 3999 2290 4054 Mihi

722 4106 888 4144 unum
931 4099 1046 4152 est,
1103 4090 1314 4158 inquit,
1379 4088 1707 4144 sacriﬁcium
1738 4090 1851 4143 veri
1888 4090 2018 4154 Dei,
2051 4094 2137 4162 qui
2189 4096 2288 4148 hoc

720 4183 972 4252 produxit
1021 4183 1376 4246 universum;
1412 4190 1464 4234 et
1513 4181 1560 4234 ei
1609 4181 1920 4236 sacriﬁcabo
1965 4186 2288 4238 saerilicium

721 4274 935 4335 laudis,
989 4272 1079 4342 qui
1136 4280 1220 4326 est
1281 4271 1424 4326 Deus
1468 4272 1520 4323 in
1593 4273 1830 4325 trinitate
1895 4290 2284 4341 personarum,

720 4365 843 4418 vita:
867 4373 1046 4417 autem
1069 4363 1442 4432 suppeditator
1470 4374 1524 4416 et
1553 4378 1690 4415 vera:
1719 4364 1906 4418 salutis
1926 4364 2284 4434 dispensator.

2411 1907 2544 1959 οὖσα
2596 1909 2689 1960 καὶ
2754 1909 3077 1961 διδάσκουσα
3124 1911 3215 1961 τὸν
3272 1912 3500 1978 ἀθλητδν
3594 1910 3673 1981 [Ι.
3713 1910 4003 1982 ἀθλητήν]-

2411 1997 2772 2063 ἀκολουθῆσαι
2794 1999 2903 2060 τοῖς
2922 1999 3178 2066 ἀνδράσιν
3198 1998 3463 2065 ἐσκέψατο
3492 1999 3570 2066 (8)
3595 2015 3606 2026 ο
3654 2002 3744 2050 καὶ
3766 2003 3867 2069 τὴν
3909 2020 4007 2068 γυο

2411 2090 2573 2140 ναῖκα
2605 2091 2838 2151 καλέσας
2872 2090 3219 2149 Βασίλισσαν,
3254 2091 3284 2158 ἢ
3319 2092 3409 2142 καὶ
3442 2091 3750 2159 Μανδάνην,
3789 2095 3835 2142 εξ
3872 2092 4002 2159 βοέ-

2411 2179 2491 2231 λει
2518 2197 2531 2211 ο
2573 2180 2778 2243 διπλοῖς
2807 2182 2914 2249 γὰρ
2954 2184 3048 2234 καὶ
3087 2183 3223 2250 αὐτῇ
3255 2184 3367 2244 τοῖς
3416 2182 3675 2250 ὀνόμασιν
3708 2182 3964 2234 ἐκαλεῖτο
3985 2197 3998 2207 ·

2410 2271 2510 2324 ὅσα
2557 2289 2614 2324 τε
2664 2273 2768 2325 ἔδει
2816 2274 2924 2324 τῶν
2966 2273 3088 2325 κατ’
3134 2269 3280 2325 οἷκον
3325 2275 3470 2339 αὒτὴ
3522 2273 3843 2332 ἐντέλλεται,
3907 2276 4006 2326 καὶ

2412 2363 2588 2415 πάντα
2620 2366 2685 2431 τῇ
2711 2365 2877 2432 αὐτῆς
2895 2364 3111 2426 ἀναθεὶς
3139 2363 3400 2432 φροντίδι,
3434 2365 3674 2432 ἐσχάτην
3714 2365 3873 2415 τοῦτο
3907 2384 4005 2414 και

2408 2455 2638 2524 γνησίαν
2685 2456 2908 2526 ἐντολὴν
2948 2456 3167 2508 δίδωσι·
3208 2457 3282 2526 μὴ
3315 2455 3674 2523 ἐπιδακρῦσαι
3725 2458 3789 2523 τῇ
3832 2457 4004 2506 αὑτοῦ

2409 2547 2682 2616 ὲκδημίᾳ,
2751 2548 2825 2616 μὴ
2895 2545 3310 2615 ἀποδύρασθαι,
3378 2547 3451 2615 μὴ
3521 2545 3788 2615 θρηνῆσαι
3859 2546 4003 2603 ὅλως

2405 2640 2503 2708 τὴν
2531 2640 2823 2709 τελευτήν·
2877 2640 3010 2692 ἀλλὰ
3041 2639 3135 2692 καὶ
3175 2639 3562 2708 λαμπροφορέᾳ
3606 2640 3699 2690 καὶ
3745 2641 3811 2706 τῇ
3853 2640 3996 2708 ἄλλῃ

2408 2731 2730 2801 φαιδρότητι
2796 2732 3011 2799 ἐκείνην
3061 2730 3288 2797 τιμῆσαι
3339 2730 3574 2796 μάλιστα
3614 2729 3711 2795 τὴν
3756 2731 3999 2796 ἡμέραν.

2409 2822 2584 2886 Εὐθὺς
2626 2818 2716 2874 οὖν
2758 2824 3089 2892 καταερρονεί
3133 2821 3231 2889 μὲν
3279 2821 3375 2889 τῆς
3417 2819 3621 2881 οἰκείας
3666 2822 4000 2886 συγγενείας

2405 2915 2653 2977 Εὑδόξιος
2674 2930 2688 2945 ·
2723 2913 3142 2967 ἐπιλανθάνεται
3171 2912 3226 2964 δὲ
3259 2912 3344 2964 διὰ
3374 2910 3608 2981 Χριστὸν
3632 2911 3732 2979 τῆς
3761 2911 3899 2981 πρὸς
3930 2913 4002 2961 τὰ

2402 3010 2566 3058 τέκνα
2590 3006 2841 3076 στοργῆς,
2875 3006 2966 3057 τοῦ
3002 3004 3222 3073 ἰσχυροῦ
3246 3004 3310 3072 δὴ
3341 3005 3523 3055 τούτου
3551 3008 3640 3055 καὶ
3670 3005 3994 3072 ἀπαραιτή-

2403 3113 2495 3147 τοιρ
2529 3098 2638 3157 τοῖς
2678 3097 2913 3165 πατράσι
2941 3094 3143 3164 δεσμοῦ
3172 3110 3186 3124 ο
3220 3094 3304 3145 ἵνα
3336 3096 3442 3162 γάρ
3477 3096 3685 3146 ἐκεῖνον
3721 3096 3996 3164 κερδήσῃ,

2404 3183 2604 3252 ζημίαν
2635 3186 2820 3254 ἡγεῖτο
2845 3187 3019 3237 πάντα
3055 3184 3148 3236 καί
3184 3183 3458 3236 σκύϐαλα·
3491 3184 3584 3234 καὶ
3610 3183 3802 3235 ἄπεισι
3841 3189 3988 3253 πρὸς

2401 3275 2493 3326 τὸν
2523 3275 2785 3342 ἡγεμόνα.

2471 3365 2548 3416 Θ’.
2582 3365 2690 3416 Καὶ
2725 3364 2883 3426 αὐτὸς
2913 3364 3002 3414 τὸν
3031 3364 3198 3433 ἄνδρα
3231 3364 3353 3415 ἰδὼν
3377 3404 3390 3424 ,
3427 3364 3675 3432 Χαίροις,
3709 3365 3814 3432 ἔφη
3843 3406 3855 3422 ,
3895 3369 3994 3417 x4-

2404 3475 2509 3528 μης
2527 3457 2764 3524 Εὐδόξιε.
2803 3457 2860 3509 Ὀ
2883 3458 2938 3509 δὲ
2963 3459 3072 3518 τοῖς
3099 3457 3234 3519 ἴσοις
3263 3456 3422 3518 εὐθὺς
3445 3456 3727 3524 ἠμείϐετο,
3757 3458 3995 3527 Χαὶροις

2399 3554 2494 3603 καὶ
2525 3551 2706 3615 αὐτὸς,
2759 3552 2951 3613 εἰπὼν,
2987 3545 3032 3603 ὦ
3068 3550 3310 3620 ἡγεμών.
3348 3552 3457 3603 Καὶ
3484 3549 3540 3612 ὃς
3575 3550 3756 3612 πάλιν,
3810 3551 3995 3603 Μετε-

2399 3645 2728 3712 στειλὰμεθά
2753 3661 2868 3707 σου,
2895 3644 3021 3711 ἔφη,
3051 3642 3146 3712 τὴν
3169 3643 3546 3712 περιφάνειαν,
3578 3645 3717 3695 ὥστε
3751 3647 3846 3696 καὶ
3875 3650 3994 3706 τοῖς

2399 3733 2694 3803 βασιλικοῖς
2730 3735 3073 3802 ὑπηρετῆσαι
3111 3734 3521 3801 προστάγμασι,
3556 3734 3648 3783 καὶ
3681 3735 3794 3793 τοῖς
3836 3735 3987 3796 θεοῖς

2394 3825 2490 3895 τὴν
2525 3829 2906 3895 προσήκουσαν
2946 3823 3138 3877 θυσίαν
3179 3827 3588 3894 προσενεγκεῖν,
3637 3824 3879 3892 μάλιστα
3913 3827 3994 3895 τῷ

2395 3919 2560 3986 πατρὶ
2585 3918 2802 3970 πάντων
2832 3915 2969 3968 θεῶν
2992 3916 3069 3986 τῷ
3096 3917 3317 3986 μεγάλῳ
3349 3918 3452 3979 Διὶ,
3495 3916 3792 3967 Ἀπόλλωνί
3818 3934 3876 3968 τε
3910 3919 3992 3985 τῷ

2392 4010 2588 4078 Φοίϐῳ,
2624 4011 2718 4062 καὶ
2750 4012 2814 4078 τῇ
2849 4010 2977 4079 φίλῃ
3014 4009 3269 4077 παρθένῳ
3308 4009 3602 4077 Ἀρτέμιδι.
3641 4011 3750 4060 Καὶ
3782 4012 3808 4060 ό
3842 4012 3992 4076 μαρ-

2391 4117 2520 4161 τυςο
2563 4102 2717 4168 Ἐμοὶ
2763 4102 2882 4169 μία,
2910 4101 3034 4169 ἔφη,
3081 4099 3265 4166 θυσία,
3317 4102 3349 4171 ἡ
3389 4102 3483 4152 τοῦ
3511 4101 3770 4170 ἀληθινοῦ
3817 4103 3984 4164 Θεοῦ,

2394 4193 2486 4243 τοῦ
2509 4193 2568 4242 τὸ
2589 4193 2698 4243 πᾶν
2720 4194 2838 4244 τόδε
2862 4194 3274 4263 παραγαγόντος
3292 4210 3305 4225 ·
3334 4196 3425 4245 καὶ
3447 4193 3594 4263 αὑτῴ
3615 4193 3763 4244 θύσω
3785 4195 3986 4246 θυσίαν

2394 4283 2654 4347 αἰνέσεως
2678 4323 2691 4349 ,
2738 4284 2792 4348 ὃς
2829 4287 2884 4338 ὲν
2931 4287 3109 4355 τριάδι
3142 4286 3559 4355 θεολογούμενος
3596 4287 3982 4350 ὑποστάσεων,

2392 4375 2539 4445 ζωῆς
2573 4378 2774 4443 ταμίας
2809 4379 2901 4428 καὶ
2939 4378 3222 4446 οἰκονόμος
3254 4378 3491 4446 ἀληθιῦς
3522 4382 3801 4447 σωτηρίας
3832 4379 3988 4445 γνω-

721 4453 866 4519 Quos
901 4462 1079 4507 autem
1120 4456 1250 4506 deos
1281 4453 1564 4515 nominas,
1604 4453 1747 4524 ligna
1786 4469 1880 4508 eos
1933 4457 2088 4510 video
2122 4470 2175 4512 et
2199 4458 2286 4511 la-

2404 4447 2626 4534 pi;e‘t.1t.
2660 4466 2764 4529 Οὒς
2785 4468 2840 4519 δὲ
2873 4467 3025 4530 θεοὺς
3053 4459 3337 4537 ὀνομάζεις
3364 4469 3493 4534 ξύλα
3524 4470 3745 4528 τούτους
3774 4472 3871 4521 καὶ
3907 4473 3988 4521 λί-

722 4550 871 4618 pides
895 4589 908 4613 ,
973 4545 1110 4599 nihil
1161 4544 1473 4598 diﬂerentes
1506 4545 1724 4612 penitus
1747 4561 1774 4596 a
1808 4548 1996 4614 quavis
2047 4550 2146 4601 alia
2177 4551 2293 4603 ina-

724 4756 777 4809 ni
820 4758 960 4806 ultus
984 4759 1089 4816 est,
1126 4750 1310 4806 occiso
1340 4750 1617 4821 perduelli
1647 4752 1818 4821 γΑριίο
1887 4751 1951 4806 Ει
2020 4755 2289 4821 prioribus

723 4827 937 4891 quidem
992 4821 1203 4891 imperii
1269 4819 1568 4891 suiiannis
1643 4819 2036 4891 Diocletianum
2093 4824 2288 4880 lavisse

723 4843 937 4876 ιυιιιυῐη
992 4843 1203 4891 ιιιψθιΊι
1269 4843 1352 4876 sm
1413 4843 1568 4872 HIIIIIS
1643 4843 2036 4875 υιυυιυιιςιιιυιη
2093 4843 2288 4880 μιγιδδθ

720 4843 1048 4947 ὲὴτίδιὶαιιίδ
1096 4900 1321 4942 testatur
1369 4890 1653 4961 Eusebius,
1715 4890 2114 4961 lib.vnt,cap.t.
2156 4894 2288 4947 Per-

721 4963 928 5018 Secutio
956 4971 1133 5012 autem
1170 4961 1430 5011 adversus
1470 4959 1663 5009 milites
1699 4961 1948 5012 inchoata
2013 4959 2092 5014 est
2145 4981 2289 5017 anno

719 5036 825 5087 298
867 5033 1168 5085 secundum
1230 5027 1472 5097 Pagium,
1519 5042 1581 5080 ac
1644 5029 1840 5082 deinde
1875 5046 2017 5093 anno
2070 5035 2170 5086 505
2222 5035 2289 5087 ad

721 5104 1058 5157 Cbristianos
1076 5115 1265 5153 omnes
1293 5110 1536 5151 extensa.

793 5173 867 5240 (8)
906 5171 1203 5242 Ἐσ-κέιζκατο
1236 5186 1260 5219 a
1289 5171 1452 5242 verbo
1495 5168 1797 5235 σκέπτομαι
1851 5187 1956 5224 non
2023 5173 2288 5242 signiﬁcat

717 5239 889 5311 iussn,
915 5240 1006 5293 sed
1040 5239 1360 5311 deliberavit,
1394 5239 1506 5290 sive
1559 5248 1763 5300 statuit,
1806 5253 1857 5292 et
1900 5239 2092 5295 referri
2127 5246 2289 5297 debet

721 5309 786 5364 ad
819 5325 1101 5379 personam
1139 5309 1290 5381 initio
1337 5310 1562 5381 periodi,
1593 5311 1735 5376 quod
1763 5311 1925 5361 etiam
1962 5316 2125 5381 exigit
2158 5317 2286 5366 sub-

721 5378 1277 5451 sequensconjnnctio
1296 5379 1594 5451 copulativa
1616 5383 1728 5444 καὶ,
1751 5392 1822 5438 et,
1844 5397 2003 5448 quam
2025 5378 2291 5451 interpres

720 5447 921 5506 omisit.
951 5448 1173 5521 itectius
1197 5447 1371 5516 itaque
1408 5447 1482 5498 sic
1502 5462 1705 5503 vertes;
1729 5471 1745 5500 ι
1775 5447 2091 5517 Ιιὶιέειιιιριη,
2117 5447 2205 5521 qui
2237 5466 2292 5506 et

719 5524 924 5576 sciebat
950 5519 1116 5571 latere
1149 5535 1270 5570 cum
1301 5532 1437 5586 opus
1461 5527 1624 5576 esset,
1652 5528 1705 5570 et
1748 5536 1934 5574 rursus
1969 5539 2074 5576 non
2119 5519 2285 5577 tulere

717 5595 931 5659 quando
973 5590 1134 5658 ltujns
1174 5588 1246 5638 rei
1283 5601 1422 5641 esset
1445 5599 1653 5657 tempus
1673 5590 1873 5656 (divina
1903 5592 2046 5643 enim
2097 5599 2284 5647 aderat

717 5663 884 5728 gratia
937 5661 1270 5727 docebatque
1319 5659 1571 5711 athletam
1604 5675 1619 5728 )
1654 5662 1806 5728 sequi
1851 5662 1994 5713 viros
2053 5667 2274 5717 statuit:

715 5732 773 5787 et
814 5745 934 5784 cum
966 5743 1185 5787 uxorem
1223 5739 1515 5787 vocasset»
1552 5744 1655 5782 etc.
1713 5733 1912 5785 Menaea
1945 5731 2149 5799 dicunt,
2192 5749 2275 5788 sa-

2402 4555 2522 4618 Οους
2561 4559 2671 4625 ὁρῶ
2725 4560 2819 4629 τῆς
2857 4560 3048 4628 λοιπῆς
3085 4561 3293 4631 ἀψύχου
3335 4561 3461 4630 ὕλης
3499 4561 3632 4630 μηδὲ
3676 4560 3817 4631 βαρὺ
3860 4564 3985 4616 (Σια-

2391 4759 2585 4814 tellites
2615 4762 2851 4816 sitasissc
2882 4772 3087 4826 sancto,
3133 4772 3191 4814 ut
3221 4763 3453 4833 fugeret;
3483 4764 3623 4829 quod
3653 4763 3778 4816 licet
3802 4767 3985 4819 discr-

2391 4833 2457 4883 tis
2531 4833 2709 4884 verbis
2745 4849 2848 4884 non
2919 4835 3246 4900 expresserit
3312 4834 3725 4908 metaphrastes,
3795 4842 3983 4908 colligi

2391 4912 2568 4952 tamen
2609 4913 2784 4968 potest
2808 4919 2870 4954 ex
2897 4918 3122 4954 nurnero
3158 4906 3515 4971 [Tir-.ecedmtte.

2468 4972 2544 5036 (9)
2571 4971 2753 5047 (marite
2789 4973 3192 5047 λαμπροιξορίᾳ,
3240 4976 3292 5026 id
3325 4985 3406 5047 est
3456 4977 3741 5041 gestatione
3777 4980 3979 5047 factum

2392 5040 2471 5092 vel
2503 5042 2788 5107 Splendida:
2817 5040 2989 5095 vestis.
3035 5040 3092 5095 In
3125 5040 3293 5110 prima
3346 5040 3741 5110 signiﬁcatione
3777 5040 3972 5101 iorem

2392 5111 2533 5163 illam
2592 5113 2808 5164 adhibet
2837 5118 2891 5164 ὃ.
2933 5114 3225 5179 Gregoi'ius
3255 5111 3626 5166 Nazianzenus
3655 5117 3911 5170 oratione
3940 5140 3976 5171 lt

2387 5180 2438 5256 in
2478 5181 3268 5256 I’aselia,_exinterpretatione
3293 5184 3475 5236 Jacobi
3517 5184 3676 5248 Billii,
3712 5190 3976 5256 1.33.071“

2388 5250 2490 5322 Pro
2517 5252 2755 5303 secundo
2782 5252 3104 5320 signiﬁcatu,
3145 5255 3399 5306 nimirum
3442 5250 3732 5322 gestatione
3785 5250 3972 5322 Splen-

2388 5321 2718 5394 ditlmveslis,
2751 5333 2949 5374 crtatur
2979 5324 3138 5377 etiam
3169 5321 3460 5394 Gregorius
3493 5341 3545 5375 tn
3580 5321 3975 5386 LexicoJoan-

2389 5394 2470 5441 nis
2500 5390 2743 5465 Scapulae
2765 5395 2884 5465 ,col.
2915 5396 3068 5445 Ηῦϋ.
3110 5390 3343 5462 Uangius
3372 5395 3435 5446 ad
3470 5410 3654 5447 vocmn
3713 5399 3975 5465 λαμπρὸς

2389 5463 2625 5514 ostendit
2658 5463 2821 5515 variis
2875 5465 3160 5531 exemplis,
3227 5469 3636 5533 λαμπροφορεῐν
3687 5463 3971 5524 interdum

2391 5544 2528 5602 esse
2559 5534 2778 5583 vrstibus
2829 5535 3133 5600 splendidis,
3167 5535 3431 5586 interdum
3472 5539 3602 5586 albis
3656 5543 3878 5602 vestiri;
3919 5550 3973 5588 ιι

2389 5615 2486 5667 pro
2518 5599 2861 5676 ltO_§_§t(_iducit
2894 5603 3337 5676 locu_rn_Grcﬁgorii
3387 5604 3714 5657 Nazranzcni
3777 5599 3970 5676 p.137,

2386 5673 2527 5746 apud
2579 5669 2792 5746 Billium
2821 5688 2970 5746 pag._
2998 5673 3122 5738 409,
3162 5669 3246 5729 ubi
3290 5675 3678 5746 λαμπροφορία
3734 5669 3971 5732 vertitur

2385 5740 2572 5792 Latine
2598 5744 2804 5796 vestitus
2823 5740 3050 5797 candor.
