4198 6438
193 445 298 508 695

1173 450 1362 509 ACTA
1406 448 1510 508 SS.
1543 443 1895 507 EUDOXII.
1925 444 2248 514 ROMULI.
2291 450 2452 511 ETC.

3321 451 3424 514 626

192 568 476 631 φέροντας.
525 561 668 630 ῐΙρδς
714 559 884 612 ταῦτα
917 559 1196 629 διαϐλέψαι
1227 563 1325 614 οὐκ
1368 561 1504 628 ἔχων
1547 560 1752 619 ἐκεῖνος

1865 558 2000 612 nima
2028 561 2273 616 materia.
2313 562 2391 616 Ad
2419 564 2530 618 haec
2558 562 2644 618 ille
2673 577 2782 617 non
2798 562 2985 642 valens
3018 563 3243 628 intueri,
3276 562 3433 633 (quo-

193 654 382 723 (πόθεν
405 654 530 718 ὅσγε
556 654 656 704 ὑπὸ
683 653 874 722 βαθείᾳ
899 654 992 721 τῆς
1015 652 1264 714 ἁσεὸείας
1283 653 1535 705 ἐκάθευδε
1568 651 1702 722 μέθῃ
1719 653 1757 719 ;)

208 744 345 808 Ἐγώ
368 761 423 794 σε
444 745 537 804 τὰς
564 743 653 794 τοῦ
689 743 948 812 βασιλέως
981 744 1258 796 ἐκτελέσαι
1287 744 1632 813 προστάξεις.
1665 744 1760 795 καὶ

193 834 330 902 πρὸς
363 834 483 894 τοὺς
510 834 663 894 Οεοὺς
691 834 756 884 τά
775 834 1052 902 εἰθισμένα
1075 835 1274 902 δράσαι
1299 835 1722 904 προετρεψάμην
1741 877 1755 900 ,

190 928 293 995 εφη
322 942 334 956 ·
371 925 502 980 ἀλλὰ
526 927 587 977 σὺ
617 927 709 977 καὶ
739 926 893 986 θεῶν,
919 925 992 987 ὠς
1019 927 1146 996 ὁρῶ,
1181 927 1272 978 καὶ
1297 927 1559 995 βασιλέως
1592 929 1758 993 ὑπερ-

192 1020 350 1086 ορᾷς,
401 1017 545 1073 οὕτω
577 1018 673 1086 μὲν
707 1019 925 1086 ἁναίδην
960 1022 1038 1082 εἰς
1084 1019 1176 1080 οὒς
1203 1023 1405 1081 ἐκεῖνος
1434 1021 1578 1072 σέϐει
1605 1021 1760 1080 θεοὺς

191 1109 502 1178 ἐνυϐρίσας,
549 1109 690 1160 οὕτω
719 1109 771 1161 δὲ
815 1112 1110 1181 καινοφανῆ
1141 1129 1261 1166 τινα
1309 1111 1562 1177 λατρείαν
1613 1111 1761 1178 παρὰ

188 1201 397 1269 ταύτην
433 1201 756 1270 νομοθετῶν,
790 1203 880 1252 καὶ
911 1203 1098 1273 ταύτῃ,
1133 1203 1205 1263 ὡς
1236 1204 1312 1262 εἰς
1342 1203 1447 1271 ἐμὰ
1473 1197 1583 1255 ὦτα
1613 1204 1758 1271 ⁴ἥκει,

191 1295 323 1357 τοὺς
359 1295 588 1357 πολλοὺς
625 1295 951 1346 ἀναπείθων.

266 1468 321 1524 I'.
386 1470 601 1531 Ταῦτα,
665 1469 874 1520 πολλῶν
945 1469 1329 1538 περιεστώτων
1389 1471 1762 1538 στρατιωτῶν.

187 1564 215 1610 ὁ
256 1559 480 1629 ἡγεμὼν
524 1560 814 1626 διελέγετο.
859 1561 965 1613 Καὶ
1007 1563 1209 1630 μεταξὺ
1246 1565 1436 1632 ἄγριον
1471 1563 1562 1614 καὶ
1601 1563 1762 1630 δριμὺ

185 1652 396 1702 τούτων
427 1649 445 1721 [
476 1653 608 1720 forte
665 1652 896 1723 τούτοις]
930 1653 1233 1721 ὲμὸλέιξμας·
1270 1655 1423 1707 Ὅσοι
1463 1657 1554 1707 καὶ
1591 1656 1762 1724 ὑμῶν,

188 1742 316 1809 ἔφη,
366 1742 440 1811 μὴ
495 1745 603 1806 τοῖς
655 1743 950 1811 βασιλικοῖς
990 1744 1352 1814 θεσπίσμασιν
1403 1747 1620 1812 ἕπεσθε,
1671 1747 1768 1809 τὰς

190 1835 590 1901 στρατιωτικὰς
629 1834 1006 1900 διαλυσάμενοι
1059 1836 1231 1899 ζώνας
1267 1840 1506 1906 γυμνοὺς
1541 1840 1768 1901 ἑαυτοὺς

1866 652 2026 706 modo
2065 655 2211 707 enim
2240 695 2252 717 ,
2320 657 2409 723 qui
2456 655 2757 711 dormiebat
2807 670 3102 726 oppressus
3161 655 3428 724 profunda

1861 745 2076 812 crapula
2120 746 2448 810 impietatis?
2473 747 2490 816 )
2521 749 2628 817 Ego
2657 757 2728 811 te,
2754 747 2925 816 inquit
2950 787 2964 812 ,
3000 763 3120 801 sum
3149 747 3393 802 hortatus
3416 787 3429 810 ,

1864 846 1923 889 ut
1961 837 2328 906 exsequereris
2361 838 2511 906 jussa
2545 839 2920 908 imperatoris,
2969 849 3024 895 et
3074 840 3179 895 diis
3224 839 3431 895 faceres

1862 940 1923 978 ea
1977 941 2096 992 quae
2126 927 2304 980 solent
2351 927 2462 980 ﬁeri
2500 946 2511 980 :
2557 929 2652 982 sed
2708 938 2804 991 tu,
2866 940 2924 983 ut
2979 929 3169 993 video,
3201 937 3256 982 et
3303 929 3434 982 deos

1862 1013 2097 1081 despicis
2131 1023 2184 1067 et
2230 1015 2627 1083 imperatorem.
2671 1029 2729 1070 ut
2761 1019 2873 1087 qui,
2902 1033 3037 1087 quos
3070 1019 3158 1073 ille
3216 1018 3432 1086 quidem

1863 1103 2012 1166 colit,
2079 1104 2212 1157 deos
2258 1112 2364 1157 lam
2421 1105 2760 1174 impudenter
2812 1110 3025 1176 probris
3082 1109 3327 1163 aﬂeceris
3378 1115 3434 1162 et

1865 1196 2244 1260 contumeliis;
2280 1213 2469 1250 novam
2501 1199 2612 1266 (10)
2645 1208 2821 1253 autem
2856 1209 3054 1268 preter
3093 1203 3230 1255 hanc
3268 1202 3434 1254 intro-

1867 1285 2029 1340 duras
2055 1287 2364 1355 religionem
2387 1331 2400 1353 ,
2434 1300 2488 1343 et
2517 1301 2573 1344 ut
2604 1305 2723 1344 eam
2754 1290 3087 1360 suscipiant(
3111 1301 3169 1344 ut
3195 1294 3258 1346 ad
3289 1305 3434 1345 meas

1867 1391 2025 1432 aures
2062 1382 2307 1447 pervenit
2335 1381 2350 1449 )
2383 1381 2565 1435 multis
2613 1383 2962 1451 persuadeas.

1941 1472 2004 1524 Χ.
2055 1475 2178 1526 Haec
2233 1473 2449 1527 dicebat
2512 1489 2746 1543 prases,
2808 1476 2993 1529 multis
3045 1474 3304 1529 militibus
3335 1476 3437 1528 cir-

1869 1562 2358 1628 cumsistentibus;
2396 1579 2531 1630 quos
2573 1565 2657 1617 ille
2695 1565 2908 1618 interim
2943 1574 3094 1618 torve
3149 1573 3202 1617 et
3235 1564 3434 1618 feroci-

1871 1661 1951 1708 ter
1984 1655 2212 1709 intuitus
2249 1672 2260 1707 :
2298 1655 2619 1725 Quicunque
2680 1672 2745 1711 ex
2813 1657 3002 1720 vobis,
3047 1658 3254 1726 inquit,
3285 1658 3436 1726 jussa

1873 1748 2017 1817 regia
2051 1763 2157 1801 non
2183 1748 2469 1817 sequimini
2498 1792 2512 1814 ,
2532 1764 2629 1802 vos
2651 1749 2975 1803 militaribus
3007 1750 3204 1804 tunicis
3230 1763 3433 1803 exuen-

1875 1848 1991 1902 tes,
2026 1842 2332 1908 cognoscite
2366 1854 2485 1893 esse
2516 1840 2692 1893 nudos
2717 1840 2784 1894 ab
2812 1841 3115 1910 insignibus
3137 1839 3432 1911 dignitatis.

188 1926 300 1976 τῶν
333 1926 434 1993 τῆς
465 1927 617 1988 ἀξίας
651 1925 933 1993 συμϐόὶων
964 1929 1282 1995 γνωρίσατε.
1313 1930 1376 1980 Τί
1407 1929 1562 1981 τοῦτο
1591 1929 1761 1995 λέγων

1873 1901 2119 1982 (Iurhoc
2175 1938 2355 1982 autem
2403 1930 2616 1983 dicebat
2648 1931 2736 1983 ille
2784 1901 3099 1999 improbus?
3125 1901 3226 1992 Ut‘,
3268 1931 3312 1982 si
3342 1929 3437 1997 qui

192 2018 220 2067 ὁ
255 2017 493 2086 πονηρὸς
522 2018 757 2080 ὲκεῖνοςς
789 2017 973 2077 Ὅπως
1006 2018 1056 2068 εἴ
1076 2035 1216 2080 τινες
1241 2019 1326 2071 διὰ
1352 2019 1447 2090 τὴν
1475 2021 1569 2090 τῆς
1602 2039 1762 2089 στρα-

191 2108 347 2168 τείας
381 2108 668 2159 κοινωνίαν
700 2108 886 2174 φιλίως
918 2109 993 2178 τῷ
1026 2109 1256 2179 Εὺδοξίῳ
1290 2110 1499 2180 ἔχοντες
1522 2154 1535 2178 ,
1569 2129 1761 2165 κοινω-

193 2203 307 2249 νεῖν
339 2199 483 2265 αὐτῴ
515 2201 606 2251 καὶ
636 2201 732 2266 τῆς
762 2200 984 2269 γνώμης
1020 2203 1310 2272 βούλοιντο,
1341 2206 1661 2258 αἰδεσθῶσιν
1705 2209 1762 2259 ὲν

193 2287 436 2355 τοσούτῳ
469 2287 659 2358 πλήθει
693 2290 1118 2354 ἁποστατοῦντες
1148 2295 1300 2347 αὐτοὶ
1333 2295 1480 2363 μόνοι
1508 2314 1521 2329 ·
1551 2297 1762 2363 ὀλίγους

193 2378 304 2446 γάρ
329 2373 466 2430 εἶναι
499 2381 838 2434 παντάπασιν
879 2383 1071 2445 αὐτοὺς
1105 2383 1238 2453 ᾤετο
1264 2402 1276 2415 ·
1311 2386 1600 2439 κάντεῦθεν
1628 2387 1761 2454 ὁμοῦ

195 2469 300 2536 μὲν
330 2469 422 2523 τὸν
454 2469 699 2534 Εὺδὸξιον
727 2473 990 2540 αἰσχύνοι,
1021 2474 1273 2542 ἀλλότρια
1303 2475 1442 2529 οὕτω
1471 2478 1568 2544 τῆς
1598 2497 1763 2549 στρα-

189 2561 320 2623 τιᾶς
361 2561 538 2629 πάσης
577 2561 874 2629 φρονοῦντα
902 2579 914 2592 ·
966 2562 1099 2630 ὁμοῦ
1143 2564 1198 2614 δὲ
1229 2567 1319 2616 καὶ
1370 2567 1525 2633 μόνον
1556 2569 1763 2636 εὑρὼν,

189 2653 459 2719 χρήσαιτο
484 2651 629 2718 αὐτῷ
662 2655 757 2704 ὅτι
791 2653 884 2703 καὶ
918 2653 1176 2720 βούλοιτο.
1227 2655 1363 2706 Ἀλλ’
1398 2657 1424 2708 ὁ
1461 2658 1763 2727 δρασσόμε-

187 2759 283 2802 νος
312 2743 435 2804 τοὺς
487 2745 679 2808 σοφοὺς
716 2748 772 2798 ὲν
808 2747 872 2814 τῇ
911 2750 1215 2819 πανουργίᾳ
1259 2749 1456 2815 αὐτῶν,
1502 2753 1639 2804 κατά
1673 2755 1768 2824 τῆς

187 2831 406 2883 ἐκείνου
462 2835 658 2901 μᾶλλον
707 2838 944 2906 κεφαλῆς
984 2841 1080 2906 τὴν
1114 2840 1392 2907 μεθοᾶείαν
1437 2845 1767 2915 περιέτρεπε

189 2924 425 2993 ταύτην.
464 2927 627 2979 Οὔπω
658 2928 763 2996 γάρ
802 2931 827 2980 ὁ
857 2931 961 2991 πᾶς
996 2930 1150 2996 λόγος
1179 2932 1328 3000 αὑτῷ
1372 2933 1578 3000 εἴρητο,
1623 2938 1715 2987 καὶ
1743 2941 1770 2990 ὁ

188 3017 444 3078 γενναῖος
475 3017 721 3082 Εὑδόξιος
755 3020 1035 3088 (ἐτύγχανε
1091 3021 1196 3090 γὰρ
1227 3022 1342 3073 τότε
1374 3022 1439 3074 τὰ
1470 3026 1768 3093 παράσημα

187 3108 296 3171 τῆς
325 3107 501 3173 ἀρχῆς
538 3111 934 3179 περικείμενος)
960 3112 1053 3182 τὴν
1072 3112 1244 3183 ζώνην
1275 3114 1433 3178 εὐθὺς
1458 3117 1669 3184 ἀφελὼν
1695 3118 1771 3187 τῷ

1865 2028 2088 2088 propter
2115 2020 2318 2074 militia:
2341 2023 2652 2074 societatem
2677 2023 2817 2074 bene
2843 2022 3042 2074 vellent
3075 2019 3316 2074 Eudoxio
3338 2062 3350 2083 ,
3383 2030 3440 2075 et

1866 2122 2048 2165 essent
2067 2112 2119 2164 in
2143 2112 2350 2174 eadem,
2383 2112 2432 2164 in
2461 2129 2563 2180 qua
2588 2113 2705 2180 ipse
2733 2112 3023 2176 sententia,
3051 2113 3438 2165 erubescerent

1867 2200 1968 2268 ipsi
1987 2199 2080 2252 soli
2101 2199 2412 2253 deficientes
2441 2200 2493 2252 in
2515 2207 2659 2254 tanta
2686 2198 3027 2253 multitudine
3049 2216 3064 2265 ;
3091 2198 3438 2253 existimabat

1867 2291 2008 2345 enim
2025 2307 2117 2344 eos
2134 2293 2354 2344 omnino
2374 2307 2491 2350 esse
2513 2307 2710 2357 paucos
2729 2331 2742 2353 ,
2766 2301 2817 2343 et
2841 2292 2997 2344 simul
3014 2291 3231 2359 quidem
3250 2291 3436 2343 volens

1867 2383 2070 2450 pudore
2110 2382 2320 2436 allicere
2355 2381 2654 2435 Eudoxium
2675 2422 2688 2443 ,
2708 2381 2799 2450 qui
2827 2382 2904 2436 sic
2939 2382 3210 2439 videretur
3234 2383 3438 2434 sentire

1870 2473 2080 2527 diversa
2115 2487 2144 2525 a
2172 2481 2281 2526 toto
2299 2475 2537 2531 exercitu
2561 2492 2574 2538 ;
2601 2484 2656 2529 et
2681 2475 2724 2528 si
2747 2476 2921 2528 solum
2947 2489 3070 2527 eum
3114 2472 3433 2537 invenisset,

1870 2565 1935 2619 de
1949 2580 2013 2618 eo
2030 2564 2250 2629 faceret,
2271 2567 2408 2633 quod
2426 2566 2602 2620 vellet.
2624 2565 2727 2620 Sed
2743 2567 2832 2634 qui
2851 2565 3206 2634 apprehendit
3221 2566 3436 2633 sapien-

1873 2664 1952 2708 tes
1980 2657 2032 2708 in
2064 2657 2262 2710 astutia
2307 2672 2494 2710 eorum
2517 2698 2531 2722 ,
2568 2657 2618 2710 id
2643 2709 2656 2730 ,
2713 2657 2856 2726 quod
2903 2657 3237 2726 excogitarat
3259 2698 3274 2720 ,
3303 2671 3440 2709 cono

1873 2745 2032 2798 vertit
2062 2745 2112 2796 in
2147 2746 2264 2813 ejus
2293 2755 2484 2814 caput.
2525 2746 2777 2800 Nondum
2836 2747 2982 2800 enim
3036 2755 3204 2800 totam
3258 2743 3440 2798 absol—

1871 2847 2021 2894 verat
2051 2838 2354 2894 oratlonem
2379 2880 2391 2901 ,
2432 2848 2486 2892 et
2516 2839 2762 2908 egregius
2793 2838 2880 2892 ille
2927 2837 3204 2891 Eudoxius
3260 2838 3278 2907 (
3306 2847 3438 2891 tunc

1873 2935 2016 2986 enim
2047 2941 2165 2986 erat
2211 2931 2432 2985 indutus
2487 2931 2682 3001 insigni
2734 2931 3118 3001 magistratus)
3154 2945 3289 2982 zona
3323 2938 3437 2983 sta-

1875 3026 1966 3078 tim
2002 3024 2206 3084 ablata,
2252 3037 2369 3075 eam
2419 3021 2631 3091 projicit
2656 3022 2707 3073 in
2760 3021 2951 3075 faciem
2996 3021 3242 3090 pra-sidis
3287 3022 3395 3087 (ll)
3422 3059 3435 3072 .

1875 3112 1988 3166 Hoc
2015 3120 2195 3164 autem
2236 3110 2409 3164 visum
2433 3117 2514 3163 est
2545 3109 2664 3163 aliis
2690 3108 2998 3164 adhortatio
3032 3118 3085 3163 et
3112 3110 3258 3162 zelus
3289 3109 3436 3178 (l2):

189 3199 473 3267 προσώπῳ
489 3199 578 3250 τοῦ
598 3202 848 3269 ἄρχοντος
874 3206 1202 3275 ἐπιρρίπτει.
1225 3205 1390 3257 Τοῦτο
1409 3209 1462 3259 δὲ
1493 3213 1770 3280 προτροπὴ

1877 3213 1950 3267 et,
1989 3212 2136 3258 totus
2162 3244 2175 3266 ,
2215 3202 2308 3270 qui
2359 3202 2744 3256 circumstabat
2785 3217 3084 3265 numerus,
3147 3201 3238 3271 qui
3278 3209 3434 3255 erant

188 3290 308 3348 τοῖς
361 3289 536 3352 ἄλλοις
589 3292 799 3358 ἐγένετο
853 3293 946 3344 καὶ
985 3293 1141 3362 ζῆλον
1203 3293 1379 3364 [adde
1410 3297 1638 3367 ἀνῆψεν
1685 3305 1774 3352 καὶ

190 3382 224 3432 ὁ
261 3381 557 3451 περιεστὼς
586 3383 727 3445 ἅπας
754 3385 1073 3452 κατάλογος,
1109 3387 1370 3456 τέσσαρες
1398 3387 1488 3438 ἐπὶ
1514 3392 1623 3452 τοῖς
1652 3390 1777 3445 sxa.-

193 3475 292 3526 τὸν
323 3478 413 3526 καὶ
439 3477 595 3544 χίλςοι
617 3479 788 3544 ὄντες,
830 3480 1018 3549 ἀγαθῷ
1050 3481 1405 3550 ὑποδείγματι
1438 3482 1512 3551 τῷ
1545 3484 1776 3556 magna

190 3565 399 3615 αὐτίκα
447 3565 740 3632 χρώμενοι,
783 3571 878 3628 τάς
930 3569 1101 3631 ζώνας
1144 3573 1236 3622 καὶ
1284 3570 1427 3623 οὗτοι
1482 3576 1620 3626 κατά
1668 3578 1775 3629 τῶν

196 3652 413 3702 ἐκείνου
448 3653 620 3719 ὄψεων
652 3656 1040 3724 ἀπέρῤίπτουν.

271 3740 376 3794 IA'.
407 3743 751 3814 ’Υποπτήξας
783 3744 874 3801 οῦν
897 3752 958 3800 τὸ
990 3750 1189 3820 πλῆθος
1217 3756 1243 3806 ὁ
1271 3753 1493 3824 ἡγεμὼν
1517 3755 1774 3827 ἀναφέρει

200 3836 578 3909 Διοκλητιανῷ
606 3841 674 3893 τὰ
708 3842 800 3894 τοῦ
838 3845 1181 3912 πράγματος.
1223 3848 1282 3899 '0
1316 3849 1369 3900 δὲ
1399 3849 1522 3912 τοὺς
1543 3852 1647 3919 ,μὲν
1680 3852 1778 3919 τῆς

198 3928 459 3995 τοιαύτης
505 3931 704 4001 τόλμης
752 3935 959 3996 αἰτίους
1005 3937 1097 3986 καὶ
1147 3939 1416 4006 ἀρχηγοὺς
1473 3943 1776 4008 βαρυτάτας

201 4014 389 4065 δοῦναι
413 4017 507 4075 τὰς
538 4019 804 4087 τιμωρίας
833 4022 1042 4074 κελεύει
1069 4038 1082 4052 ·
1111 4025 1209 4091 τὴν
1231 4026 1285 4077 δὲ
1313 4027 1438 4094 περὶ
1468 4029 1575 4079 τῶν
1604 4029 1776 4085 ἄλλων

197 4107 382 4173 ψῆφον
417 4111 480 4174 τῇ
516 4109 676 4180 βουλῇ
725 4113 1045 4185 ἐπιτρέψαι.
1082 4117 1350 4187 Τοιαύτην
1384 4121 1584 4184 ἐκεῖνος
1630 4124 1777 4190 παρὰ

201 4199 305 4266 τῆς
355 4198 636 4270 βασιλικῆς
690 4205 946 4268 ἀπονοίας
995 4208 1092 4274 τὴν
1140 4212 1382 4274 ἐξουσίαν
1429 4213 1626 4282 λαόὼν,
1687 4216 1777 4268 τὸν

199 4296 454 4357 γενναῖον
494 4295 741 4360 Εὑδόξιον
777 4295 856 4366 τῷ
910 4296 1103 4350 ἑαυτοῦ
1139 4305 1629 4372 παραστησάμενος
1681 4309 1778 4374 κή-

208 4399 342 4449 ματι
388 4382 447 4451 [ι.
498 4385 743 4455 βήματι],
814 4388 921 4452 Τὰς
970 4391 1178 4462 μωρὰς,
1225 4393 1347 4464 ἔφη,
1389 4394 1643 4466 ζητήσεις
1688 4402 1778 4451 καὶ

203 4472 516 4538 ἀντιῖογίας
567 4477 659 4527 καὶ
711 4476 807 4543 τῆς
838 4479 1070 4543 διανοίας
1119 4484 1252 4551 ὁμοῦ
1296 4487 1390 4537 καὶ
1412 4485 1506 4551 τῆς
1535 4487 1776 4559 γλώττης

1879 3295 2045 3356 mille,
2072 3305 2288 3347 centum
2313 3301 2366 3347 et
2399 3301 2628 3361 quatuor
2657 3292 2790 3359 (15),
2822 3291 2964 3346 bono
2993 3291 3243 3359 exemplo
3266 3289 3439 3356 proti-

1877 3399 1979 3437 nus
2020 3393 2232 3437 utentes
2280 3380 2542 3447 Eudoxio,
2578 3383 2614 3436 ii
2650 3397 2865 3454 quoque
2902 3382 3248 3453 proiecerunt
3275 3396 3440 3437 zonas

1880 3481 1931 3534 in
1968 3479 2156 3535 faciem
2185 3479 2330 3534 illius
2353 3519 2366 3533 .

1946 3755 2038 3808 XI.
2077 3757 2341 3812 Dubitans
2375 3765 2556 3811 autem
2591 3771 2791 3827 prases
2823 3757 2890 3811 de
2921 3757 3266 3811 multitudine
3287 3795 3300 3820 ,
3326 3770 3440 3809 rem

1877 3844 2049 3898 defert
2096 3843 2162 3897 ad
2207 3845 2620 3900 Diocletianum.
2669 3845 2762 3901 llle
2801 3856 2980 3902 autem
3025 3852 3278 3901 auctores
3317 3848 3441 3915 qui-

1877 3937 2000 3989 dem
2033 3942 2196 3992 tanta
2240 3935 2474 3989 audacia:
2502 3935 2654 4002 jubet
2694 3939 3029 4005 gravissimis
3067 3937 3200 3991 aﬂici
3234 3936 3442 4005 suppli-

1879 4028 2014 4093 ciis;
2047 4027 2373 4082 sententiam
2402 4034 2584 4080 autem
2632 4026 2699 4080 de
2732 4026 2852 4081 aliis
2900 4025 3176 4080 ferendam
3209 4025 3444 4094 relinqui

1880 4118 2131 4170 senatui.
2170 4116 2318 4170 lianc
2352 4133 2472 4170 cum
2524 4117 2611 4170 ille
2664 4117 2964 4186 accepisset
3007 4124 3329 4187 potestatem
3377 4115 3444 4169 ab

1879 4205 2222 4275 imperatoris
2283 4207 2554 4269 amentia,
2623 4221 2946 4274 generosum
3027 4207 3325 4259 Eudoxium
3373 4205 3446 4259 si-

1879 4300 2128 4358 stendum
2169 4314 2365 4354 curans
2396 4313 2494 4368 pro
2518 4312 2616 4352 suo
2640 4296 2896 4350 tribunali
2920 4337 2934 4363 ,
2967 4294 3203 4362 Stultas,
3229 4295 3406 4364 inquit
3427 4338 3441 4358 ,

1881 4393 2208 4465 quaestiones
2237 4401 2290 4446 et
2324 4390 2523 4445 mentis
2556 4397 2611 4444 et
2644 4389 2841 4459 linguae
2895 4389 3121 4443 mittens
3167 4388 3446 4443 contradi-

1883 4485 2110 4542 ctiones,
2141 4491 2228 4533 tua
2279 4489 2472 4547 sponte
2504 4479 2606 4531 diis
2648 4478 2923 4530 sacriﬁea:
2956 4485 3078 4529 'narn
3125 4476 3324 4546 alioqui
3389 4485 3446 4531 ut

204 4562 520 4628 ἀποϐαλὼν,
550 4567 708 4620 θῦσον
731 4571 839 4632 τοῖς
858 4569 997 4632 θεοῖς
1021 4571 1160 4624 ἑκών
1190 4590 1204 4604 ο
1241 4576 1360 4627 ἐπεὶ
1384 4580 1475 4628 καὶ
1500 4581 1696 4632 ἄκοντά
1716 4556 1772 4631 σε

1885 4575 1934 4626 id
1977 4573 2175 4626 invitus
2202 4570 2366 4625 facias
2403 4571 2627 4624 omnino
2662 4577 2817 4637 coget
2854 4568 3124 4622 acerbitas
3155 4568 3447 4636 supplicio-

205 4654 270 4704 τὸ
302 4655 569 4724 αὐστηρὸν
626 4660 842 4723 πάντως
897 4663 1001 4714 τῶν
1059 4663 1304 4733 βασάνων
1345 4670 1769 4736 παρασκευάσει.

206 4743 323 4795 Καὶ
344 4744 535 4796 αὐτίκα
557 4746 749 4814 δεσμὰ,
774 4751 865 4801 καὶ
891 4753 1120 4821 πληγάς,
1147 4760 1238 4810 καὶ
1261 4759 1501 4826 εἱρκτὴν,
1527 4760 1772 4829 καὶπῦρ,

209 4836 306 4887 καὶ
336 4835 499 4888 τᾶλλα
545 4837 600 4891 δὲ
653 4839 718 4894 τὰ
771 4840 1042 4910 βαρύτατα
1089 4848 1178 4896 καὶ
1225 4850 1359 4914 πρὸς
1401 4851 1566 4920 ἀκοὴν
1612 4853 1776 4922 μόνην

210 4925 598 4992 ἀπηριθμεῖτο.
666 4930 1014 4997 Ίλιγγιάσατε
1073 4937 1165 4988 καὶ
1215 4936 1370 5006 ὑμεῖς
1428 4939 1774 5009 ἀκούσαντες,

211 5014 356 5078 οἴδα,
403 5018 496 5070 καὶ
528 5021 653 5087 περὶ
691 5022 796 5074 τῶν
835 5023 960 5090 ἑξῆς
991 5028 1256 5092 ἀγωνιᾶτε
1288 5030 1379 5082 τοῦ
1413 5031 1745 5101 διηγήματος
1765 5050 1780 5064 ⁸

218 5116 352 5181 μήτι
400 5113 490 5168 καὶ
545 5117 571 5166 ὁ
613 5115 765 5182 λόγος
817 5119 908 5176 τὸν
957 5119 1192 5190 ἀθλητὴν
1236 5123 1581 5192 ἐθορύϐησεν.
1631 5127 1786 5178 Ἀλλά

293 5294 402 5361 (10)
432 5295 614 5351 Grmce
650 5301 967 5368 καινοφανῆ,
1005 5301 1056 5355 id
1085 5309 1166 5354 est
1195 5303 1412 5359 .noviter
1443 5312 1781 5368 apparentem

212 5367 332 5419 sive
349 5381 462 5431 qua:
481 5384 608 5436 nova
624 5377 862 5435 apparet,
889 5384 916 5419 a
939 5367 1120 5428 καινὸς
1140 5379 1194 5423 et
1212 5374 1403 5436 φαίνω.
1427 5367 1618 5426 VOCcm
1637 5371 1778 5426 illam

217 5433 549 5500 καινοφανὴς
579 5437 629 5488 in
660 5433 808 5490 nullo
842 5437 1021 5491 inveni
1053 5433 1264 5494 Lexico.

291 5504 401 5582 (tt)
434 5502 486 5582 Id
519 5515 618 5566 est.
653 5510 1092 5582 corntnfrmside.
1129 5510 1187 5562 P.
1224 5509 1502 5564 Matthzeus
1539 5510 1784 5569 Baderus

220 5574 509 5650 Socigtatis
537 5577 801 5650 nostrzcin
832 5577 1062 5650 Historia
1092 5595 1240 5633 sacra
1265 5597 1325 5635 ex
1358 5584 1566 5650 magnis
1598 5584 1783 5641 Eccle-

220 5645 317 5703 sia:
347 5644 546 5700 Graecae
573 5642 786 5699 Menaeis
811 5663 967 5707 quam
1004 5649 1144 5702 inter
1171 5666 1302 5702 mss.
1331 5642 1610 5704 servamus
1641 5670 1786 5707 eam-

220 5717 342 5767 dem
387 5715 603 5780 phrasin
634 5713 788 5778 eIOgii
823 5713 1015 5768 horum
1055 5729 1347 5787 martyrum
1378 5721 1450 5787 τῷ
1481 5723 1778 5786 προσώπῳ.

220 5793 353 5856 φὶς..
411 5787 591 5856 vertit.
631 5787 682 5856 in
731 5797 998 5856 conspectu
1051 5791 1282 5854 pra'xidis
1335 5791 1542 5856 (injecit.
1595 5792 1781 5848 Testa-

224 5854 422 5908 bantur
467 5853 759 5908 Christiani
819 5855 901 5908 illa
957 5853 1101 5910 zonae
1167 5853 1464 5924 abjeCl‘iohe
1532 5875 1586 5912 se
1647 5864 1784 5914 nolle

1883 4679 2000 4719 rum
2022 4703 2035 4718 .
2068 4663 2130 4719 Et
2167 4665 2348 4719 statim
2377 4661 2717 4717 enumeravit
2761 4658 2995 4722 vincula,
3037 4668 3090 4712 et
3137 4659 3319 4728 plagas
3345 4697 3358 4722 ,
3391 4668 3445 4712 et

1883 4772 2155 4811 carcerem
2177 4796 2192 4820 ,
2228 4766 2281 4810 et
2313 4758 2492 4824 ignem
2519 4794 2532 4816 ,
2576 4763 2631 4807 et
2686 4767 3025 4821 quaecunque
3057 4751 3141 4805 vel
3187 4750 3302 4804 solo
3333 4764 3445 4802 au-

1883 4851 1996 4905 ditu
2031 4858 2156 4902 sunt
2212 4847 2550 4917 gravissima.
2596 4844 2880 4917 Caligastis
2933 4859 3030 4898 vos
3081 4857 3333 4911 quoque,
3364 4850 3446 4895 sat

1886 4941 2031 5005 scio,
2068 4941 2182 4996 haec
2213 4940 2532 5001 audientes,
2566 4948 2620 4990 et
2669 4937 2813 4990 anxii
2846 4935 2978 4990 estis
3021 4933 3090 4987 de
3126 4934 3443 4987 narratione

1882 5047 2068 5085 eorum
2112 5045 2231 5096 quae
2282 5029 2539 5097 deinceps
2585 5034 2885 5095 sequuntur
2921 5043 2932 5077 :
2964 5040 3094 5077 num
3132 5025 3341 5078 scilicet
3381 5039 3442 5078 ea

1885 5122 2058 5178 oratio
2091 5122 2428 5177 conturbarit
2473 5119 2755 5173 athletam.
2793 5117 2898 5172 Sed
2939 5125 3111 5172 estote
3146 5117 3290 5170 bono
3321 5115 3440 5169 ani-

1885 5309 2041 5359 tidem
2074 5304 2355 5366 abnegarc,
2388 5303 2612 5368 ideoque
2643 5299 2782 5354 ultro
2810 5295 3119 5368 renuntiare
3145 5293 3441 5368 honoribus

1884 5388 1993 5431 tum
2023 5363 2344 5442 militaribus
2372 5382 2482 5442 tum
2510 5363 2954 5442 palarin_i_s._qnod
3088 5363 3441 5442 B:tsiliu_s_do-

1882 5456 1967 5500 cet
1997 5446 2062 5499 de
2093 5443 2147 5496 S.
2181 5441 2377 5494 Gordio
2409 5439 2474 5491 Μ.
2505 5434 2646 5492 ίοηιο
2680 5438 2747 5492 lll
2777 5434 3048 5495 Jannarii,
3084 5451 3201 5502 pag.
3248 5434 3368 5488 131.

1958 5516 2066 5586 (12)
2094 5513 2278 5566 Melius
2321 5513 2406 5586 _sic
2441 5519 2615 5562 vertas
2645 5523 2658 5558 :
2701 5527 2718 5558 ι
2747 5505 2875 5586 _i'|oc
2924 5514 3099 5558 autem
3155 5505 3272 5557 aliis
3308 5504 3436 5586 fuit

1886 5578 2223 5638 hortamento
2255 5582 2535 5649 zelumque
2563 5579 2801 5631 accendit
2830 5594 2843 5636 ς
2881 5598 2896 5628 ο
2935 5587 3054 5627 nam
3104 5578 3444 5649 acetisalivus

1884 5657 2044 5723 ζῆλον
2070 5656 2175 5722 regi
2204 5653 2363 5706 debet
2391 5644 2462 5704 ab
2511 5651 2688 5714 aliquo
2741 5651 2922 5710 verbo,
2991 5645 3131 5712 quod
3182 5644 3442 5698 omissum

1890 5737 1970 5783 est
2004 5726 2053 5775 in
2086 5723 2394 5793 apographn
2430 5729 2634 5793 nostro.

1964 5795 2071 5862 (l3)
2097 5790 2221 5847 Vide
2246 5791 2723 5851 (lommentarium,
2763 5804 2906 5842 num.
2936 5790 2989 5841 9.
