4198 6438
153 385 260 449 629

1109 376 1298 437 ACTA
1335 376 1438 436 SS.
1482 372 1832 449 EUDOXII,
1883 373 2207 447 ROMULI,
2257 375 2416 438 ETC.

3282 383 3387 444 630

150 499 254 551 οὐκ
304 495 560 564 ἐνεγκὼν,
606 495 738 548 ἀλλὰ
778 491 1120 563 Θερμότερος.
1147 492 1342 545 ἑαυτοῦ
1399 491 1577 558 πολλῷ
1625 491 1754 561 τὴν

1845 505 2027 545 irmses
2069 492 2398 557 irrisionem,
2441 494 2532 549 sed
2577 494 2733 566 longe
2767 493 2975 552 acriore
3015 499 3255 568 percitus
3304 502 3385 558 in-

152 591 353 659 μανίαν
385 589 696 655 γενόμενος,
734 587 989 655 σφαίραις
1018 585 1106 638 τὸν
1139 584 1359 637 τένοντα
1393 584 1721 653 μολιϐδίναις

154 681 489 741 συνθλάττει,
515 682 608 731 καὶ
637 677 992 748 ἀναμοχλεύει
1023 676 1212 728 τούτου
1243 678 1310 729 τά
1341 677 1541 745 ἄρθρα,
1571 678 1597 730 ὃ
1625 679 1722 730 θα·-

151 772 330 824 νάτων
360 771 612 823 ἁπάντων
637 770 976 837 πικρότερον.
1009 769 1322 834 Προσήγετο
1350 766 1640 832 τοιγαροῦν
1665 766 1724 818 τὸ

155 861 326 928 ἄηθες
353 861 500 912 τουτὶ
535 862 830 928 μηχάνημα
874 858 951 926 τῷ
977 857 1179 926 ἀθλητῇ
1216 858 1307 907 καὶ
1358 856 1540 907 καινόν
1563 871 1574 884 ’
1608 857 1634 906 6
1666 855 1724 907 δὲ

153 952 346 1019 ὥσπερ
369 969 447 1013 τις
474 951 747 1011 ἀνάλωτος
772 949 967 1017 ἔστηκε
997 948 1222 1015 πύργος.
1254 946 1388 1014 μηδέ
1413 945 1583 1012 βραχὺ
1607 947 1723 1005 ταῖς

151 1046 362 1096 ἐκείνου
387 1043 673 1111 προϐολαῖς
694 1041 1162 1109 διασαλευόμενος.
1199 1040 1255 1091 Ὀ
1282 1040 1502 1106 ἡγεμὼν
1524 1040 1723 1100 τοίνυν,

152 1135 279 1186 ἐπεὶ
303 1135 377 1202 μὴ
400 1133 589 1200 ἔφερεν
611 1134 846 1202 αἰσχρῶς
876 1130 1015 1184 οὕτω
1044 1131 1364 1196 διάξπάντων
1396 1128 1722 1195 ἡττώμενος,

152 1228 384 1279 Θάνατον
412 1225 574 1278 αὐτοῦ
612 1226 965 1295 κατακρίνει*
999 1224 1188 1292 ἠγάπα
1229 1224 1336 1290 γὰρ
1375 1223 1422 1272 εἰ
1457 1221 1550 1273 καὶ
1585 1218 1725 1271 οὕτω

152 1319 249 1379 τοῦ
280 1317 470 1385 ἀνδρὸς
500 1317 861 1383 ἀπαλλαγείη.

231 1409 331 1461 IE'.
359 1408 563 1474 Πλῆθος
581 1403 672 1458 οὖν
695 1407 854 1459 αὑτὸν
875 1407 1086 1475 δημίων
1112 1405 1519 1474 παραλαϐόντες
1544 1405 1728 1474 ἐπειδὴ

153 1511 254 1555 τον,
278 1499 376 1566 τῆς
405 1497 672 1568 τιμωρίας
701 1497 993 1550 κατέλαϐον
1026 1497 1210 1559 τόπον,
1243 1499 1427 1564 χεῖρας
1461 1498 1487 1549 6
1521 1497 1730 1563 μάρτυς

155 1590 252 1640 καὶ
280 1588 502 1655 ὄμματα
546 1589 680 1656 πρὸς
721 1589 944 1657 οὐρανὸν
979 1587 1246 1656 ἀνασχὼν,
1282 1588 1524 1639 Δέσποτα
1561 1586 1729 1654 Κύριε

154 1683 184 1730 ὁ
241 1680 392 1744 Θεὸς,
451 1677 592 1744 εἷπε,
625 1683 651 1732 6
685 1681 1118 1749 προσδεξάμενος
1175 1680 1338 1732 Ἀϐελ
1367 1681 1463 1750 τὴν
1520 1680 1726 1740 Θυσίαν,

168 1769 428 1839 Ἀϐραάμ
461 1771 886 1839 ὁλοχαρπώσεις,
907 1773 1013 1823 τῶν
1047 1773 1140 1824 ἀπ’
1173 1772 1366 1832 αίῶνος
1401 1788 1492 1822 σου
1522 1771 1728 1840 μαρτύ-

159 1880 272 1928 ρων
308 1863 400 1914 καὶ
433 1863 726 1930 προφητῶν
756 1865 846 1914 καὶ
873 1863 1096 1915 δικαίων
1127 1865 1192 1915 τά
1223 1864 1450 1931 αἵματα,
1489 1865 1582 1915 καὶ
1609 1863 1732 1923 τοὺς

159 1954 408 2023 μακροὺς
440 1954 651 2018 πόνους,
687 1957 779 2004 καὶ
807 1955 903 2023 τὴν
933 1955 1187 2023 ὑπερφυᾶ
1217 1956 1510 2022 ναρτερίαν
1530 1970 1543 1984 ⁸
1575 1955 1733 2018 αὐτὸς

158 2049 383 2114 εὐμενεῖ
417 2047 508 2098 καὶ
548 2047 640 2097 νῦν
671 2045 930 2116 ὀφθαλμῷ
965 2045 1059 2116 τὴν
1097 2047 1234 2115 ἐμὴν
1270 2047 1344 2098 ἷξε
1383 2047 1573 2098 Quoia»
1595 2086 1608 2108 ,
1642 2050 1733 2099 καὶ

159 2139 240 2206 μὴ
273 2134 550 2210 ὑπερίδῃς,
589 2138 777 2207 Κύριε,
809 2137 901 2189 τοῦ
925 2137 1009 2189 διὰ
1030 2139 1084 2190 σὲ
1119 2139 1397 2206 μέλλοντος
1429 2141 1620 2207 ῥυῆναι
1648 2157 1734 2206 μι-

159 2230 299 2298 κροῦ
329 2231 577 2299 αἵματος,
609 2232 670 2282 ἐκ
704 2230 1044 2300 θερμοτάτης
1063 2248 1142 2282 σοι
1167 2231 1539 2305 προαιρέσεως
1566 2247 1730 2282 κατα-

163 2323 432 2390 θυομένου
455 2339 467 2354 ·
504 2323 611 2374 ἰδοὺ
642 2323 750 2391 γὰρ
772 2368 786 2382 η
812 2323 885 2384 ὡς
921 2323 1072 2392 ὁρᾷς,
1105 2322 1201 2393 τὴν
1234 2322 1409 2390 ψυχὴν
1434 2323 1520 2374 δια
1553 2322 1607 2373 σὲ
1643 2322 1736 2390 σή-

164 2431 337 2481 μερον
364 2415 711 2482 ἀποτίθεμαι.
736 2411 868 2468 Εἶτα
889 2415 1049 2468 πάλιν
1076 2414 1350 2483 προσθεὶς,
1371 2413 1738 2467 Ἀπολαυὲτω-

164 2519 291 2571 σαν,
339 2506 684 2573 φιλάνθρωπε
738 2508 1006 2564 Δέσποτα,
1037 2505 1162 2572 ἔφη,
1191 2505 1286 2571 τῆς
1309 2509 1459 2573 παρά
1492 2506 1584 2557 σοῦ
1616 2505 1739 2574 βοη-

162 2598 319 2659 Θείας
347 2599 475 2649 οίδι⁹
500 2596 633 2664 ἐμοῦ
651 2597 706 2646 τὸ
740 2595 828 2646 σὸν
859 2595 1151 2656 καλοῦντες
1188 2597 1338 2661 ἅγιον
1365 2595 1533 2662 ὄνομα
1556 2611 1566 2622 ⁸
1602 2595 1739 2663 μνή-

164 2687 332 2754 σθητι
353 2685 445 2737 τοῦ
474 2684 603 2736 λαοῦ
641 2701 753 2747 σου,
795 2682 1059 2758 μνήσθητι
1088 2685 1187 2752 τῆς
1215 2681 1576 2754 κληρονομίας
1609 2700 1700 2734 σου
1721 2723 1736 2745 ,

162 2773 235 2847 ἧς
289 2779 508 2846 ἐκτήσω
536 2792 551 2808 ⁸
597 2779 690 2829 καὶ
725 2778 798 2846 μὴ
839 2778 1078 2830 ἐπιλίποι
1113 2777 1334 2840 τούτους
1369 2777 1427 2828 τὸ
1460 2777 1609 2846 παρὰ
1647 2775 1739 2828 σοῦ

167 2873 341 2935 ἕλεος,
374 2873 564 2942 Κύριε.
593 2872 775 2924 Ταῦτα
803 2872 1103 2940 διαλεχθεὶς
1124 2870 1198 2941 τῷ
1229 2871 1366 2939 Θεῷ,
1391 2870 1488 2940 τὴν
1513 2870 1744 2938 σύζυγον

169 2963 580 3029 μεταστραφεὶς
627 2961 832 3011 ἐκεῖθεν
867 2961 967 3030 ὁρᾷ
995 2978 1005 2989 ο
1037 2961 1131 3012 καλ⁵
1169 2954 1242 3012 ὧν
1276 2961 1575 3012 ἐνετείλατο
1606 2962 1740 3029 αὐτῇ

168 3055 438 3124 πρότερον
477 3053 817 3122 ἀναμνήσας,
865 3055 959 3105 καὶ
989 3051 1204 3122 ἀσφαλῆ
1245 3052 1311 3106 τὰ
1356 3051 1522 3105 πιστά
1562 3050 1742 3105 λαϐὼν

1825 584 1992 648 sania,
2019 583 2208 639 ferreis
2237 584 2548 656 [plumbeis]
2590 587 2762 656 globis
2821 589 3050 643 conterit
3100 591 3389 656 cervicem,

1824 682 1878 728 et
1914 675 2032 743 ejus
2091 687 2304 730 cmovet
2342 678 2620 740 articulos,
2674 680 2816 747 quod
2857 680 3072 749 quidem
3103 691 3185 735 est
3216 682 3394 736 omni-

1827 767 1928 820 bus
2007 769 2278 821 mortibus
2329 771 2598 824 acerbius.
2657 771 2918 826 Adhibita
2977 784 3062 828 est
3105 789 3233 845 ergo
3277 775 3393 832 hac

1828 875 1963 915 nova
2003 870 2055 914 et
2118 862 2331 916 insolita
2399 864 2615 918 athletze
2653 865 3002 919 machinatio.
3067 866 3158 920 Ille
3212 875 3392 922 autem

1828 952 2282 1022 stabattanquam
2324 961 2510 1018 turris,
2538 973 2657 1025 quae
2696 973 2799 1010 non
2840 965 3018 1026 potest
3070 959 3391 1026 expugnari,

1829 1063 1897 1101 ne
1931 1048 2197 1101 tantillum
2239 1049 2456 1117 quidem
2491 1049 2843 1102 labefactatus
2875 1049 3022 1103 illius
3066 1049 3387 1102 insultibus.

1830 1138 2035 1192 Prmses
2079 1141 2256 1207 itaque
2295 1154 2415 1192 cum
2455 1154 2560 1191 non
2602 1139 2765 1192 ferret
2800 1155 2856 1193 se
2896 1149 3005 1194 tam
3066 1141 3298 1210 turpiter
3325 1140 3393 1194 ab

1828 1245 1894 1282 eo
1933 1233 2203 1299 superari,
2265 1248 2387 1285 eum
2443 1243 2615 1285 morte
2653 1233 3022 1286 condemnat:
3076 1234 3207 1287 satis
3252 1234 3393 1288 enim

1829 1317 2079 1380 ducebat,
2110 1321 2151 1373 si
2192 1322 2274 1374 vel
2307 1321 2384 1375 sic
2415 1323 2480 1374 ab
2522 1336 2585 1374 eo
2621 1321 2965 1376 liberaretur.

1902 1408 2016 1461 XV.
2043 1409 2177 1463 Cum
2211 1427 2334 1464 eum
2391 1429 2515 1482 ergo
2543 1414 2842 1483 accepisset
2890 1413 3185 1468 multitudo
3245 1414 3397 1468 licto-

1833 1515 1951 1554 rum
1984 1540 1999 1563 ,
2051 1511 2330 1570 postquam
2374 1513 2737 1572 pervenerunt
2765 1506 2831 1558 ad
2885 1505 3063 1559 locum
3109 1505 3354 1573 supplicii
3381 1544 3395 1564 .

1833 1603 2035 1664 martyr
2078 1609 2267 1647 manus
2305 1605 2360 1649 et
2389 1601 2573 1651 oculos
2628 1598 2788 1650 simul
2831 1599 3024 1652 tollens
3075 1597 3140 1650 ad
3190 1597 3394 1650 caelos:

1836 1687 2063 1742 Domine
2120 1689 2300 1754 Deus,
2352 1690 2561 1757 inquit,
2615 1690 2708 1758 qui
2746 1689 2931 1744 Abelis
2994 1689 3280 1757 suscepisti
3313 1705 3400 1746 sa-

1835 1778 2096 1832 crificium
2125 1821 2138 1842 ,
2168 1778 2396 1832 Abraha:
2424 1780 2724 1833 oblationes
2747 1819 2760 1842 ,
2803 1793 2991 1833 eorum
3033 1780 3124 1848 qui
3185 1777 3402 1832 fuerunt

1835 1886 1863 1924 a
1896 1871 2123 1929 saeculo.
2167 1882 2462 1940 martyrum
2500 1883 2554 1925 et
2582 1872 2854 1939 iustorum
2895 1873 3214 1943 sanguinem
3238 1910 3251 1933 ,
3285 1871 3406 1924 Ion.

1836 1981 2037 2038 gosque
2092 1965 2347 2029 labores,
2382 1972 2437 2018 et
2487 1965 2861 2019 admirabilem
2929 1966 3308 2029 tolerantiam;
3346 1975 3404 2018 lu

1836 2074 2050 2128 quoque
2085 2072 2228 2111 nunc
2260 2056 2506 2126 benignis
2577 2055 2748 2109 oculis
2789 2070 2967 2109 meum
3025 2055 3147 2108 vide
3198 2052 3406 2107 sacriﬁ-

1836 2152 2022 2213 cium,
2061 2159 2115 2202 et
2177 2165 2244 2203 ne
2293 2149 2564 2217 despicias
2592 2189 2604 2209 .
2669 2147 2928 2211 Domine,
2992 2147 3136 2200 hunc
3176 2160 3407 2214 paucum

1835 2249 2058 2308 propter
2099 2250 2150 2293 te
2183 2239 2573 2292 eﬂ'undendum
2632 2238 2947 2306 sanguinem
2975 2277 2989 2299 ,
3021 2237 3116 2305 qui
3192 2236 3409 2289 ferven-

1839 2331 2047 2384 tissimo
2078 2330 2260 2384 animo
2301 2329 2395 2383 tihi
2424 2328 2761 2382 sacriﬁcatur
2785 2365 2797 2380 .
2845 2326 2981 2382 Ecce
3012 2327 3158 2381 enim
3187 2365 3201 2389 ,
3236 2335 3296 2379 ut
3327 2327 3408 2380 vi-

1840 2421 1968 2486 des,
2030 2421 2264 2475 animam
2307 2429 2527 2490 propter
2582 2431 2634 2473 te
2670 2418 2830 2473 hodie
2899 2419 3148 2488 depono.
3204 2415 3412 2472 Deinde

1841 2529 2028 2569 rursus
2043 2515 2331 2584 adjiciens:
2352 2514 2784 2582 Conscquantur,
2808 2513 3002 2582 inquit,
3029 2510 3256 2581 benigne
3304 2510 3413 2564 Do-

1841 2605 2008 2669 mine,
2036 2621 2064 2658 a
2099 2615 2148 2659 te
2175 2606 2430 2658 auxilium
2453 2647 2465 2668 ,
2486 2605 2577 2673 qui
2611 2614 2830 2671 propter
2862 2618 2946 2656 me
2981 2612 3133 2655 tuum
3163 2609 3413 2654 sanctum

1843 2713 2040 2751 nomen
2073 2699 2346 2752 invocant.
2380 2697 2650 2750 Memento
2700 2695 3030 2750 haereditatis
3062 2702 3198 2758 tu:e,
3252 2709 3416 2764 quam

1845 2789 2143 2859 acquisiisti
2174 2830 2188 2854 ,
2219 2798 2275 2842 et
2302 2804 2371 2841 ne
2400 2787 2479 2842 eis
2526 2787 2770 2850 deﬁciat,
2827 2785 3057 2840 Domine
3079 2827 3093 2850 ,
3132 2794 3221 2839 tua
3254 2784 3425 2839 mise-

1847 2880 2113 2934 ricordia.
2149 2877 2273 2932 Haec
2300 2892 2426 2933 cum
2459 2876 2570 2930 Deo
2612 2875 2876 2938 dixisset,
2919 2873 3068 2927 illinc
3119 2885 3416 2928 conversus

1847 2971 1995 3025 videt
2047 2970 2330 3039 coniugem
2357 3011 2370 3033 ,
2410 2977 2464 3022 et
2518 2983 2639 3021 cum
2670 2981 2791 3036 qua!
2823 2965 2872 3019 ei
2939 2964 3090 3034 prius
3131 2965 3371 3033 jusserat
3400 3003 3415 3028 ,

1848 3071 2158 3116 revocasset
2191 3063 2245 3113 in
2273 3060 2589 3112 memoriam
2611 3066 2665 3110 et
2699 3058 2856 3110 ﬁdem
2891 3057 2957 3109 ab
2987 3071 3048 3107 ea
3083 3055 3417 3122 accepisset,

168 3145 320 3196 ὥστε
361 3144 711 3214 καταπρᾶξαι
754 3146 930 3199 πάντα
969 3146 1061 3196 καὶ
1105 3145 1278 3216 πέρας
1317 3145 1499 3210 αὐτοῖς
1545 3145 1745 3213 ἀγαθὸν

1853 3169 1913 3209 se
1970 3153 2150 3208 omnia
2216 3161 2363 3206 recte
2421 3158 2842 3213 exsecuturam,
2911 3146 3014 3202 hoc
3046 3155 3323 3216 postremo
3370 3143 3421 3199 ei

169 3237 468 3302 ἐπιθεῖναι,
493 3238 808 3291 τελευταίαν
833 3239 1051 3307 ἐντολὴν
1073 3240 1205 3308 αὐτῇ
1233 3241 1560 3309 ἐπισκήπτει
1581 3241 1747 3308 τάφον

171 3327 327 3399 αὐτῷ
358 3332 412 3382 ἐν
440 3329 514 3398 τῷ
544 3331 727 3400 χωρίῳ
774 3330 1020 3396 Ἀμιμνα
1049 3328 1366 3399 καλουμένῳ
1397 3331 1666 3399 ἐπιχῶσαι
1690 3331 1747 3382 ἐν

169 3426 356 3492 τούτῳ
390 3440 444 3475 τε
476 3422 638 3475 αὑτοῦ
677 3421 990 3492 καταθάψαι
1023 3422 1082 3475 τὸ
1115 3423 1293 3492 σῶμα.

252 3539 369 3604 ις’.
409 3539 652 3606 Πλήθους
683 3538 774 3590 οὖν
815 3539 974 3590 αὑτὸν
1009 3538 1107 3589 οὐκ
1141 3537 1321 3604 ὀλίγου
1359 3539 1712 3608 περιστάντος
1737 3579 1752 3605 ,

173 3635 288 3701 ὁρᾷ
329 3644 448 3684 τινα
491 3632 651 3699 μέσον
688 3630 897 3681 ἑστῶτα
947 3629 1159 3697 Ζήνανα
1191 3629 1268 3699 [ί.
1311 3631 1554 3703 Ζήνωνα]
1603 3633 1754 3700 φίλον

177 3723 334 3792 αὐτῷ
363 3724 595 3792 μάλιστα
622 3723 714 3776 καὶ
744 3722 948 3792 συνήθη
979 3719 1276 3776 πενθοῦντα
1304 3719 1400 3790 τὴν
1427 3722 1634 3775 ἐκείνου
1667 3741 1756 3776 τε-

180 3818 382 3886 λευτὴν
435 3818 528 3870 καὶ
574 3817 905 3882 κοπτόμενον
934 3829 947 3842 ·
997 3811 1200 3876 καὶ,⁷Ω
1249 3813 1368 3883 φίλε
1413 3811 1618 3883 Ζήνων,
1681 3816 1755 3886 μὴ

179 3914 360 3974 κλαῖεν
395 3910 532 3977 ἔφη’
562 3908 624 3958 σὺ
661 3906 757 3974 μὲν
782 3905 908 3975 γὰρ,
943 3901 1093 3966 οῖδα,
1123 3905 1212 3956 τὸν
1244 3908 1509 3974 ἡμέτερον
1542 3909 1758 3978 ορηνεῖς

183 4003 498 4073 χωρισμόνο
549 3999 660 4051 ἀλλ’
714 4000 742 4051 6
787 3999 944 4063 Θεὸς,
993 3991 1035 4065 ᾧ
1083 3996 1192 4064 ἐγὼ
1240 3997 1487 4066 λατρεύω
1534 4000 1626 4050 καὶ
1679 4003 1757 4064 εἰς

180 4096 244 4148 ὃν
273 4093 506 4146 πέποιθα
529 4133 542 4154 ,
572 4094 630 4145 οὐ
664 4093 941 4160 διαστήσει
973 4089 1215 4159 ἀλλήλων
1251 4090 1395 4162 ἡμᾶς
1415 4132 1429 4155 ,
1462 4089 1554 4152 οὒς
1584 4091 1758 4162 Οερμὴ

184 4189 358 4241 πάλαι
392 4188 561 4256 φιλία,
605 4189 698 4239 καὶ
722 4188 747 4237 6
784 4184 917 4253 προς
961 4183 1121 4235 αὑτὸν
1159 4183 1295 4254 ἔρως
1340 4184 1603 4253 συνῆψενο
1645 4185 1758 4238 ἀλλ’

183 4283 379 4352 ὥσπερ
413 4283 492 4350 ἐφ’
528 4281 644 4342 ἐνὶς
684 4277 945 4344 σκάφους,
985 4275 1125 4329 οὕτω
1147 4278 1236 4328 τὸν
1270 4276 1384 4345 βίον
1405 4277 1747 4346 συμπλεύσο-

190 4394 315 4448 μεν.
353 4375 496 4443 Πρὸς
519 4372 687 4425 ταῦτα
717 4373 743 4422 6
771 4371 952 4438 Ζήνων
973 4369 1386 4440 διαθερμανθεὶς
1405 4371 1502 4438 τὴν
1533 4371 1760 4440 καρδίαν

183 4471 287 4522 καὶ
324 4466 612 4530 ἀναζέσας,
631 4463 900 4532 ἐθάρσησε
928 4465 1019 4516 καὶ
1041 4460 1364 4531 Χριστιανὸν
1388 4461 1545 4523 εὐθὺς
1572 4464 1762 4518 ἐαυτὸν

188 4564 298 4616 ὑπὸ
328 4563 393 4628 τῇ
426 4559 638 4610 πάντων
663 4557 782 4625 ὄψει
818 4557 913 4608 καὶ
936 4557 1069 4622 άκοῇ
1099 4555 1416 4623 ἐμαρτύρει.

187 4653 346 4716 οὗτος
385 4653 521 4721 μετα
562 4651 875 4720 παρρησίας
897 4647 1052 4700 τοῦτο
1087 4648 1233 4711 ἐϐόα,
1275 4649 1626 4713 συλλαϐόντες
1663 4653 1764 4703 αὖ.

187 4750 286 4799 τὸν
339 4746 390 4795 oi.
450 4743 633 4811 δήμιοι
687 4741 825 4792 κατὰ
877 4738 936 4792 τδ
992 4742 1463 4808 προστεταγμένον
1520 4742 1622 4793 ὑπὸ
1675 4740 1764 4792 τοῦ

187 4838 482 4908 τυράννου.
515 4835 654 4904 ξίφει
675 4834 773 4902 τὴν
799 4831 1040 4899 κεφαλὴν
1069 4831 1430 4900 ἀφαιροῦνται
1451 4847 1462 4861 ⁸
1498 4834 1592 4885 καὶ
1621 4831 1768 4900 ἡτοῦ

194 4926 452 4990 Εὑδοξὶου
486 4927 792 4994 πρόρρησις
825 4921 964 4974 οὓτω
994 4925 1131 4991 ταχυ
1165 4926 1223 4974 τὸ
1258 4922 1430 4990 πέρας
1467 4923 1769 4992 λαμϐάνει,

193 5019 295 5069 καὶ
335 5016 425 5067 τὸν
474 5014 624 5080 φίλον
674 5013 776 5082 ὁρᾷ.
829 5010 1046 5079 Ζήνωνα
1089 5009 1166 5080 τῷ
1224 5013 1509 5081 μαρτυρίῳ
1552 5014 1772 5065 τελειω-

197 5112 382 5164 θέντα.

274 5202 375 5254 IZ'.
413 5199 568 5253 Οὕτω
608 5197 674 5250 τὰ
709 5197 805 5266 τῆς
842 5195 1020 5265 φιλίας
1042 5195 1642 5266 πραγματευσάμενος,
1681 5199 1775 5250 καὶ

197 5294 428 5363 τοιούτῳ
471 5287 610 5349 τέλει
654 5291 743 5342 τὸν
788 5291 1008 5358 Ζήνωνα
1051 5287 1406 5340 τελειωθέντα
1461 5288 1605 5354 ἰδὼν,
1656 5290 1776 5342 ἐπεὶ

204 5385 302 5438 καὶ
333 5388 492 5436 αὐτὴν
530 5385 679 5451 φωνή
711 5399 790 5442 τις
828 5381 1032 5434 ἄνωθεν
1065 5380 1156 5432 καὶ
1185 5381 1326 5433 κατὰ
1364 5380 1524 5442 πόδας
1557 5381 1772 5445 ἐκάλει,

206 5479 304 5530 καὶ
341 5476 528 5545 ὥσπερ
563 5478 681 5528 τινα
712 5475 808 5527 καὶ
837 5469 988 5534 οὗτος
1016 5472 1248 5539 εὐωχίαν
1279 5471 1477 5541 ἀπῄτει
1503 5472 1592 5522 τὸν
1617 5471 1775 5522 θάνα-

207 5581 335 5623 τον·
386 5568 524 5632 Ξίφει
572 5569 670 5636 τὴν
718 5569 993 5637 μακαρίαν
1048 5564 1211 5620 αὑτοῦ
1259 5565 1499 5634 κεφαλὴν
1538 5565 1772 5634 ἄσμενος

280 5703 809 5785 (18).Αιηὶηξιηα.ςυὶδ
836 5708 982 5759 locus
1015 5705 1193 5769 fuerit,
1248 5704 1388 5785 apud
1439 5702 1774 5785 geographos

207 5793 324 5834 non
378 5771 595 5827 inveni.
665 5771 862 5828 “enata
930 5786 1135 5830 lautum
1253 5771 1466 5827 habent
1527 5777 1778 5840 ἂμνημον

208 5849 407 5917 τάφον,
446 5845 586 5917 quod
625 5845 817 5902 citatus
851 5847 1093 5901 Iladerus
1127 5854 1536 5900 monumentum
1584 5843 1785 5897 humile

1856 3246 2114 3312 mandat,
2142 3255 2202 3299 ut
2234 3245 2281 3298 ei
2322 3243 2524 3298 fossam
2573 3242 2740 3296 fodiat
2773 3243 2826 3295 in
2864 3239 2984 3295 loco
3005 3281 3019 3305 ,
3051 3238 3142 3308 qui
3203 3237 3420 3300 dicitur,

1849 3337 2100 3394 Amimna
2127 3337 2262 3407 (l8),
2291 3345 2345 3389 et
2376 3337 2430 3387 in
2470 3349 2534 3388 eo
2563 3349 2760 3402 corpus
2798 3333 2912 3402 ejus
2945 3332 3187 3401 sepeliet.

1935 3519 2075 3575 XVI.
2107 3518 2241 3574 Cum
2282 3525 2463 3572 autem
2501 3531 2624 3571 eum
2657 3529 2766 3568 non
2797 3529 2962 3584 parva
2998 3511 3426 3567 circumsisteret

1856 3613 2192 3675 multitudo,
2263 3611 2398 3664 vidit
2472 3608 2758 3678 quemdam
2796 3608 2848 3660 in
2916 3605 3097 3660 medio
3155 3611 3425 3666 stantem,

1857 3706 2075 3759 nomine
2104 3702 2377 3757 Zenonem
2406 3744 2421 3768 ,
2459 3703 2507 3756 ei
2562 3701 2716 3754 valde
2749 3700 2980 3752 amicum
3012 3707 3066 3751 et
3107 3696 3426 3750 familiarem

1859 3799 2002 3851 illius
2039 3807 2266 3849 mortem
2310 3795 2674 3866 plangentem.
2707 3793 2803 3848 Cui
2837 3792 2959 3846 ille:
2995 3789 3038 3845 Ο
3063 3788 3228 3844 chare
3260 3787 3428 3852 Zeno,

1863 3901 1917 3945 tu
1945 3889 2162 3959 quidem
2191 3928 2204 3952 ,
2243 3887 2455 3954 inquit,
2488 3898 2569 3939 sat
2623 3886 2735 3939 scio
2757 3925 2769 3945 ,
2799 3893 3037 3936 nostram
3082 3880 3180 3934 ﬂes
3213 3894 3432 3947 separa-

1865 3983 2062 4036 tionem
2091 3997 2105 4044 ;
2139 3977 2231 4032 sed
2264 3976 2433 4038 Deus,
2462 3975 2548 4032 cui
2579 3989 2677 4046 ego
2710 3973 2887 4029 servio
2913 3980 2968 4026 et
3023 3970 3074 4024 in
3106 3985 3270 4041 quem
3303 3985 3433 4024 con-

1864 4074 1990 4139 Iido,
2016 4089 2122 4126 non
2157 4086 2258 4124 nos
2282 4087 2310 4127 a
2345 4070 2501 4124 nobis
2534 4070 2766 4123 invicem
2800 4068 3070 4136 sejunget,
3107 4080 3242 4133 quos
3270 4064 3432 4118 vehe-

1862 4182 2014 4219 mens
2044 4164 2279 4217 amicitia
2311 4172 2365 4215 et
2395 4162 2590 4215 ardens
2622 4161 2675 4214 in
2711 4161 2886 4229 ipsum
2920 4171 3071 4210 amor
3106 4157 3428 4224 conjunxit;

1865 4257 1956 4313 sed
1987 4257 2209 4326 perinde
2250 4268 2313 4308 ac
2368 4253 2423 4306 in
2458 4267 2564 4306 una
2620 4251 2824 4321 scapha
2859 4264 2958 4304 nos
3000 4248 3167 4303 vitam
3193 4247 3436 4302 trasmit-

1867 4361 2075 4405 temus.
2112 4347 2204 4401 His
2243 4347 2390 4400 Zeno
2445 4344 2607 4399 corde
2642 4358 2908 4398 accensus
2978 4349 3033 4394 et
3066 4341 3435 4394 inﬂammatus

1867 4443 2097 4512 sumpsit
2130 4440 2444 4501 audaciam,
2497 4448 2550 4490 et
2605 4437 2866 4490 continuo
2918 4434 3173 4487 omnibus
3249 4431 3436 4485 viden-

1465 4553 1764 4625 Ἐνδσῳδὲ
1799 4545 1841 4601 D
1873 4539 2018 4591 tibus
2085 4544 2138 4588 et
2197 4530 2546 4586 audientibus
2595 4545 2653 4583 se
2711 4528 2894 4582 statim
2947 4541 3068 4581 esse
3142 4535 3434 4597 martyrem

1873 4625 2296 4704 [Christianum]
2337 4633 2419 4678 est
2445 4628 2795 4692 protestatus.
2822 4619 3041 4672 Interim
3090 4627 3269 4670 autem
3309 4617 3438 4670 dum

1870 4725 1947 4780 sic.
2000 4721 2264 4775 clamabat
2319 4719 2530 4780 libere,
2595 4729 2722 4768 eum
2780 4711 3313 4781 comprehendentes
3366 4709 3433 4764 li-

1871 4826 2075 4874 ctores,
2108 4821 2164 4865 ut
2197 4811 2274 4864 eis
2307 4809 2540 4878 iusserat
2567 4819 2846 4878 tyrannus,
2871 4815 3033 4874 caput
3060 4805 3135 4859 illi
3170 4803 3437 4860 adimunt.

1872 4908 2056 4976 Itaque
2095 4903 2320 4958 Eudoxii
2386 4902 2658 4971 praedictio
2715 4908 2823 4952 tam
2885 4899 2994 4952 cito
3053 4897 3303 4950 eth-ctum
3357 4903 3441 4948 est

1874 5001 2063 5056 sortita
2092 5039 2105 5061 ,
2133 5007 2186 5051 et
2212 4997 2324 5064 ipse
2356 4997 2590 5047 amicum
2618 4992 2892 5046 Zenonem
2928 4992 3111 5045 statim
3134 4989 3277 5044 videt
3302 5003 3439 5043 cun-

1873 5099 2200 5149 summatum
2237 5085 2512 5156 martyrio.

1946 5181 2104 5235 XVII.
2173 5179 2307 5235 Cum
2371 5179 2448 5239 sic
2520 5178 2695 5231 amico
2763 5176 3121 5246 providisset,
3186 5176 3439 5247 quoniam

1874 5293 1998 5332 eum
2072 5288 2284 5342 quoque
2359 5285 2459 5322 vox
2540 5271 2785 5339 quaadam
2865 5284 2894 5322 e
2976 5269 3201 5338 vestigio
3281 5285 3442 5323 voca-

1878 5371 1990 5430 bat,
2069 5369 2183 5434 ipse
2237 5378 2364 5416 vero
2430 5371 2680 5431 tanquam
2770 5361 3078 5415 convivium
3169 5360 3438 5428 quoddam

1878 5469 2104 5518 mortem
2159 5457 2444 5525 poscebat;
2502 5456 2660 5508 beato
2716 5469 2814 5507 suo
2870 5453 3044 5520 capite
3124 5454 3238 5507 ensi
3294 5453 3439 5517 dato,

1885 5551 2110 5610 moritur
2160 5555 2280 5616 post
2328 5549 2558 5601 amicum
2609 5545 2742 5613 (I9).
2806 5544 2936 5613 Ejus
3005 5556 3186 5599 autem
3245 5545 3442 5615 conjux

1884 5698 2294 5759 interpretatur,

1956 5751 2062 5830 uti)
2086 5764 2140 5817 In
2177 5751 2387 5817 Mena-is
2411 5759 2608 5812 dicitur
2637 5756 2812 5830 capite
2865 5763 3140 5830 truncatus
3177 5754 3324 5830 μετὰ
3353 5751 3444 5830 τοῦ

1895 5823 2152 5905 φιλτάτου
2193 5832 2350 5886 αὑτοῦ
2387 5823 3138 5901 Ζήνωνος...“ἀποτμηθέντος
3172 5823 3312 5901 ξίφει
3347 5823 3447 5890 τὴν
