4198 6438
262 416 377 477 6'33

1399 414 1498 473 MA
1512 415 1739 475 RTYRI
1754 419 1795 477 U
1808 419 1861 476 M
1903 416 1966 480 S.
2008 418 2390 481 SOZONTIS.

3398 425 3500 487 634

262 531 321 582 οί
348 528 527 597 δήμιοι
545 524 610 577 τὰ
627 525 1080 594 προστεταγμένα
1102 522 1316 576 ἐποίουν
1381 522 1536 578 Οὕτω
1556 526 1835 595 Μακάριος
1868 535 1913 589 Α

1868 535 1913 589 Α
1945 545 2086 583 mum
2111 542 2441 598 amputetur.
2466 529 2707 586 Lictorcs
2737 541 2913 585 autem
2943 530 3186 600 protinus
3219 533 3499 599 fecerunt,

262 621 346 684 ῶς
378 620 591 689 ἀληθῶς
620 621 647 671 ὁ
684 617 951 687 μακάριος
983 618 1209 682 γίνεται,
1246 618 1336 667 καὶ
1361 616 1435 685 τῷ
1469 617 1575 668 τῶν
1610 618 1711 687 πρὸ
1743 621 1841 671 ao-

263 710 365 762 τοῦ
432 708 722 778 μαρτύρων
774 706 918 776 χορῷ
973 709 1387 757 κατατάττεται.
1446 707 1553 760 Καὶ
1601 708 1840 762 τοιοῦτον

259 806 319 856 oi
350 806 586 871 γενναῖοι
636 804 776 855 κατὰ
820 801 909 854 τοῦ
949 801 1127 854 κοινοῦ
1185 801 1280 867 τῆς
1328 801 1537 869 φύσεως
1580 803 1839 871 πολεμίου

262 895 509 965 ἔστησαν
548 894 829 962 τρόπαιον,
865 894 920 943 ἐν
961 892 1106 959 αὐτῷ
1145 892 1385 960 Χριστῷ,
1418 892 1611 959 Πατρὶ,
1645 892 1839 962 καὶτῷ

260 988 521 1056 παναγίῳ
550 987 642 1038 καὶ
661 986 853 1053 ἀγαθῴ
876 984 1145 1051 Πνεύματι
1160 994 1179 1013 ο
1203 984 1282 1035 ὅτι
1306 975 1451 1051 αὐτῷ
1470 985 1667 1050 πρέπει
1689 984 1833 1047 δόξα,

261 1079 496 1147 κράτος,
523 1082 675 1149 τιμὴ,
718 1079 811 1130 καὶ
844 1074 1211 1146 προσκύνησις
1242 1073 1331 1127 νῦν
1366 1077 1457 1127 καὶ
1496 1077 1597 1140 ἀεὶ,
1639 1080 1728 1130 καὶ
1756 1079 1833 1140 εἰς

258 1171 395 1231 τοὺς
420 1171 618 1233 αἰῶνας
648 1172 752 1223 τῶν
778 1171 1006 1222 αἰὼιων.
1052 1167 1243 1235 Ἀμήν.

344 1348 457 1412 (25)
491 1349 870 1417 Apogrnphum
928 1356 1175 1402 nostrum
1254 1346 1497 1402 Graecum
1561 1345 1713 1399 addit
1760 1360 1844 1398 se—

261 1419 526 1487 quentia:
565 1418 628 1469 Et
660 1420 890 1482 illorum,
915 1420 1004 1488 qui
1034 1431 1155 1471 ante
1212 1419 1381 1487 ipsum
1409 1418 1553 1485 passi
1610 1418 1841 1486 fuerant.

1941 636 2057 690 qua:
2078 620 2214 690 jussi
2268 620 2483 676 fuerant
2504 663 2517 675 .
2551 620 2749 691 Sicque
2783 622 3048 677 Macarius
3082 623 3140 677 tit
3172 638 3355 679 revera
3386 624 3499 677 Ma-

1942 711 2154 775 carius,
2186 715 2326 782 quod
2370 724 2451 769 est
2496 714 2857 783 beatust25).
2890 714 2959 769 Et
2986 715 3035 768 hi
3098 714 3343 784 generosi
3395 713 3498 767 viri

1942 802 2045 857 tale
2078 813 2333 872 tropaeum
2366 815 2657 860 erexerunt
2688 806 2943 868 adversus
2992 820 3336 860 communem
3399 805 3497 857 ho-

1939 904 2083 950 stem
2124 906 2328 951 natura!
2354 896 2405 950 in
2439 898 2554 965 ipso
2587 898 2800 953 ChriSto
2818 898 2949 961 Deo,
2977 907 3031 952 et
3062 897 3218 951 Patre
3255 895 3499 965 principii

1939 995 2159 1053 experte
2188 1025 2203 1048 ,
2234 996 2286 1039 et
2335 996 2523 1041 sancto
2544 999 2597 1041 et
2628 988 2772 1042 bono
2803 988 3007 1056 Spiritu
3030 1027 3044 1048 ,
3090 986 3343 1055 quoniam
3369 1000 3493 1037 eum

1941 1076 2097 1131 decet
2132 1078 2299 1147 gloria
2343 1086 2397 1132 et
2427 1080 2662 1146 potentia
2689 1121 2704 1145 ,
2745 1078 2922 1132 honor
2957 1088 3011 1132 et
3048 1078 3294 1133 adoratio
3354 1090 3500 1129 nunc

1950 1179 2005 1223 et
2049 1169 2103 1222 in
2138 1170 2332 1223 saecula
2370 1172 2707 1228 saeculorum.
2741 1173 2935 1225 Amen.

1953 1357 2243 1417 martyrum
2275 1350 2428 1402 choro
2476 1348 2759 1413 inseritur;
2790 1362 2909 1417 qua:
2946 1344 3088 1415 apud
3138 1343 3499 1413 Lipomanuut

1951 1426 2004 1469 et
2031 1416 2250 1471 Surium
2280 1418 2474 1475 omissa
2501 1427 2646 1471 sunt.

275 1591 3455 1619 “Mc-ww

1648 1743 2127 1831 ΛΘΔΗΣΙΣ

980 1944 1117 1998 ΤΟΥ
1148 1942 1352 1997 ΑΓΙΟΥ
1383 1944 1494 1995 ΚΑΙ
1545 1943 1855 1995 ΕΝΔΟΞΟΥ
1888 1944 2261 1997 ΜΑΡΤΥΡΟΣ
2306 1943 2439 1998 ΤΟΥ
2492 1944 2787 1998 ΧΡΙΣΤΟΥ

1446 2109 2341 2243 ΣΩΖΟΝΤΟΣ

737 2352 1116 2407 ΙΙΑΟΟΝΤΟΣ
1150 2340 1571 2407 ΕΝΚΙΛΙΚΙΑ
1611 2354 1791 2405 ΠΑΡΑ
1840 2351 2325 2404 ΜΑΕΙΜῙΑΝΟΥ
2368 2348 2513 2402 ΤΟΥ
2560 2352 3011 2404 ΔΥΣΣΕΒΟΥΣ.

1509 2674 2238 2763 MARTYHIUM

1010 2898 1292 2964 SANCTI
1343 2903 1442 2962 ET
1503 2899 1879 2963 GLORIOSI
1940 2900 2361 2961 MARTYRIS
2426 2900 2739 2962 CHRISTI

1448 3086 2296 3199 SOZONTIS

649 3314 799 3391 QUI
860 3310 1169 3374 PASSUS
1209 3307 1409 3391 ἘΒΓ
1464 3307 1558 3371 ΙΝ
1612 3304 1923 3370 CILICIA
1984 3308 2238 3369 JUSSU
2288 3308 2307 3368 1

1464 3307 1558 3371 IN
1612 3304 1923 3370 CILICIA
1984 3308 2238 3369 JUSSU
2288 3307 2525 3371 IMP]!
2578 3309 3086 3375 ΜΑΧΙΜΙΑΝΙ.

663 3481 861 3542 (Latine
898 3482 1025 3544 apud
1058 3481 1252 3531 Surium
1281 3483 1339 3529 ad
1370 3483 1501 3530 diem
1533 3481 1558 3527 7
1586 3480 1745 3539 Sept.;
1777 3476 1946 3525 Graece
1975 3486 2032 3525 ex
2062 3479 2168 3528 cod.
2205 3478 2361 3531 Graec.
2383 3480 2538 3531 Paris.
2567 3478 2781 3543 c.1525,
2814 3454 3070 3543 sicarii.)

318 3813 399 3864 A'.
428 3806 773 3879 Μαξιμιανοῦ
820 3807 915 3874 τῆς
961 3808 1213 3871 Κιλικίας
1248 3809 1691 3879 ἡγεμονεύοντος,
1714 3812 1812 3865 καὶ
1840 3813 1886 3873 Β

1840 3813 1886 3873 Β
1987 3810 2030 3865 1.
2070 3809 2201 3864 Cum
2231 3812 2739 3868 Maximianusesset
2765 3826 2964 3883 przeses
2980 3810 3197 3876 Ciliciaa,
3220 3812 3483 3883 ctimpie-

244 3904 320 3955 τὰ
345 3903 439 3970 τῆς
464 3898 715 3959 ἀσεϐείας
746 3897 926 3961 αὔξειν
955 3915 1014 3950 τε
1044 3901 1137 3951 καὶ
1172 3901 1263 3952 ἐπὶ
1293 3904 1433 3968 μέγα
1456 3902 1635 3969 αἴρειν
1672 3904 1814 3959 κατὰ

244 3996 307 4044 τὸ
340 3991 573 4058 πονηρὸν
599 3990 708 4042 τῶν
735 3990 1080 4060 κρατούντων
1129 3992 1409 4059 ἐπίταγμα
1445 3992 1533 4046 διὰ
1577 3994 1814 4063 σπουδῆς

252 4083 562 4152 τιθεμένου,
592 4084 1032 4155 παραγεγονότος
1062 4084 1116 4136 δὲ
1146 4086 1239 4136 καὶ
1266 4085 1323 4135 ἐν
1349 4085 1485 4155 αὑτῇ
1513 4087 1815 4154 Πομπειου-

243 4176 400 4227 πόλει
440 4176 538 4246 τῆς
581 4176 851 4237 Κιλικίας,
887 4176 981 4227 καὶ
1003 4174 1062 4225 τὸ
1084 4175 1199 4227 ἐκεῖ
1230 4174 1537 4243 τιμώμενον
1580 4174 1813 4244 χρυσοῦν

243 4266 472 4336 ἄγαλμα
506 4268 669 4339 θυσίᾳ
709 4283 766 4320 τε
802 4267 1070 4337 φιλοτίμῳ
1103 4268 1194 4320 καὶ
1234 4269 1298 4339 τῇ
1332 4266 1465 4339 ἄλλῃ
1500 4267 1702 4338 σπουδῇ
1734 4285 1814 4321 τι-

248 4346 483 4430 μῶντοςζ
515 4362 607 4414 καὶ
631 4360 834 4429 ταύτην
865 4361 965 4427 τὴν
993 4359 1203 4413 οἰκείαν
1240 4360 1665 4429 δεισιδαιμονίαν
1694 4362 1813 4411 ὲπι-

242 4454 612 4513 δεικνύοντοςο
638 4451 921 4513 νεανίσκος
947 4468 1032 4514 τις
1065 4455 1297 4521 πατρίδα
1327 4456 1424 4521 μὲν
1446 4452 1582 4523 ἔχων
1601 4456 1811 4506 Λυκαο-

242 4543 387 4608 νίαν,
420 4542 514 4595 καὶ
548 4542 821 4611 ταράσιος
860 4543 919 4599 τὸ
953 4544 1059 4597 ἀπὸ
1093 4545 1357 4612 γενέσεως
1390 4544 1582 4614 ὄνομα,
1615 4546 1811 4611 Σὼζων

241 4633 300 4685 δὲ
330 4632 405 4704 τῷ
429 4633 553 4705 θείῳ
585 4635 923 4706 βαπτίσματι
958 4637 1407 4707 μετονομασθεὶς,
1446 4638 1538 4691 καὶ
1568 4638 1643 4708 τῷ
1673 4656 1809 4707 προ-

240 4728 390 4796 τέρῳ
444 4727 541 4798 βίῳ
588 4729 980 4783 συναποϐα).ὼν
1035 4730 1129 4784 καὶ
1174 4730 1235 4783 τὸ
1284 4731 1474 4800 ὄνομα,
1526 4732 1811 4801 προϐάτων

241 4818 450 4887 ποιμὴν
475 4818 548 4871 ὣν
584 4860 597 4881 ,
628 4822 778 4873 οὐδὲν
805 4816 967 4891 ἦττον
1009 4826 1100 4875 καὶ
1123 4824 1425 4893 ἀνθρώπων
1456 4823 1687 4892 ἐγίνετο.
1713 4818 1809 4886 Οἷς

238 4910 350 4976 γὰρ
379 4908 442 4959 ἂν
479 4910 618 4962 κατὰ
658 4913 1018 4983 ποιμαντικὴν
1061 4917 1451 4984 ὲπιχιυριάσειε
1489 4917 1692 4979 τόποις,
1733 4916 1808 4967 εί-

240 5000 365 5052 στία
386 5017 443 5053 τε
468 5003 597 5065 τοὺς
628 5004 746 5057 ἐκεῖ
769 5004 975 5067 πάντας
1005 5007 1081 5077 τῷ
1104 5008 1247 5076 λόγῳ
1276 5009 1370 5076 τῆς
1394 5008 1693 5071 εὐσεϐείας,
1716 5008 1809 5060 καὶ

236 5090 471 5157 πολλοὺς
522 5096 603 5157 είς
659 5098 756 5165 τὴν
811 5096 903 5150 τοῦ
973 5099 1105 5151 Θεοῦ
1169 5099 1408 5167 μάνδραν
1467 5100 1803 5170 εἰσήλαυνεν.

256 5182 409 5252 Ανὴρ
447 5180 601 5250 οὗτος
630 5187 811 5258 ίλαρὸς
865 5190 963 5258 μὲν
997 5192 1056 5243 τὸ
1082 5188 1212 5263 ἦθος
1246 5194 1339 5246 καὶ
1384 5194 1577 5259 πρᾶος,
1630 5194 1687 5245 ὲν
1728 5191 1807 5262 τῷ

1771 5150 1875 5211 .ζο

1918 3908 2082 3952 tatem
2123 3915 2320 3971 augere
2366 3909 2418 3955 et
2444 3903 2725 3967 extollere,
2765 3904 3150 3958 convenienter
3175 3905 3350 3958 edicto
3379 3904 3483 3958 i'm-

1916 3999 2250 4058 peratorum,
2295 4007 2489 4063 magno
2540 3993 2721 4047 studio
2787 3996 3181 4058 contenderet,
3241 3997 3482 4050 venisset

1915 4091 2096 4134 autem
2134 4082 2186 4135 in
2221 4083 2392 4152 ipsam
2444 4100 2659 4153 quoque
2681 4083 2881 4139 Ciliciae
2932 4082 3378 4154 Pompeiopolim.
3430 4094 3483 4139 et

1914 4188 2159 4234 aureum,
2181 4174 2322 4240 quod
2352 4175 2461 4227 illic
2492 4175 2791 4239 colebatur,
2811 4177 3161 4231 simulacrum
3191 4180 3481 4246 splendido

1914 4263 2179 4318 sacriﬁcio
2219 4272 2272 4317 et
2305 4264 2412 4318 alio
2470 4265 2651 4319 studio
2691 4268 2997 4327 honoraret,
3031 4279 3083 4320 et
3130 4269 3207 4321 sic
3240 4278 3480 4322 ostenta-

1914 4364 1997 4407 rct
2034 4371 2184 4409 suam
2224 4356 2410 4410 falsam
2453 4357 2767 4428 religionem
2803 4375 2818 4412 :
2885 4358 3102 4428 quidam
3160 4359 3482 4419 adolescens

1912 4448 2139 4515 patriam
2171 4448 2375 4502 habens
2403 4448 2750 4520 Lycaoniam,
2773 4461 2827 4504 et
2854 4451 2920 4505 ab
2949 4460 3067 4505 ortu
3108 4453 3325 4521 quidem
3376 4451 3482 4506 Ta-

1914 4543 2106 4603 rasius,
2152 4541 2205 4594 in
2235 4541 2417 4595 divino
2450 4552 2627 4594 autem
2655 4542 2925 4610 baptismo
2993 4542 3172 4595 Sozon
3231 4544 3479 4599 denomi-

1911 4643 2090 4697 natus,
2133 4646 2252 4686 cum
2285 4632 2463 4701 priore
2522 4633 2625 4686 vita
2698 4634 2899 4687 amisso
2962 4650 3177 4704 quoque
3232 4638 3475 4698 nomine.

1910 4737 2032 4777 cum
2074 4731 2217 4774 esset
2274 4730 2459 4790 pastor
2525 4723 2729 4785 ovium,
2784 4723 2842 4775 ﬁt
2887 4725 3050 4777 etiam
3120 4726 3477 4781 nihilominus

1912 4821 2095 4880 pastor
2128 4812 2427 4865 hominum.
2462 4810 2592 4865 Nam
2628 4812 2679 4865 in
2711 4814 2915 4881 quibus
2981 4814 3112 4868 locis
3164 4816 3391 4885 degebat
3422 4819 3475 4872 in

1912 4904 2177 4971 pastione,
2224 4905 2336 4957 illic
2401 4918 2590 4956 omnes
2652 4905 2957 4973 excipiebat
3015 4906 3266 4960 convivio
3325 4907 3471 4961 verbi

1913 4994 2147 5062 pietatis,
2178 5004 2230 5046 et
2270 4994 2649 5047 introducebat
2680 4994 2731 5045 in
2768 4995 2856 5047 Dei
2891 4995 3193 5049 mandram.
3226 4995 3324 5050 llic
3390 4998 3471 5050 vir

1911 5102 2032 5141 Cum
2065 5096 2206 5139 esset
2236 5086 2474 5139 moribus
2498 5086 2717 5155 quidem
2748 5086 2936 5142 hilaris
2966 5096 3020 5141 et
3050 5087 3217 5153 mitis,
3253 5089 3307 5142 in
3355 5090 3472 5159 lege

1909 5188 2089 5230 autem
2120 5176 2329 5230 Domini
2366 5178 2593 5232 haberet
2623 5178 2980 5243 voluntatem,
3014 5188 3066 5231 et
3094 5178 3146 5231 in
3186 5194 3247 5232 ea
3277 5189 3468 5234 noctes

234 5273 390 5343 νόμῳ
419 5275 475 5328 δὲ
513 5280 606 5332 τοῦ
652 5280 855 5350 Κυρίου
892 5284 951 5335 τὸ
996 5285 1206 5353 θέλημα
1240 5286 1400 5354 ἔχων,
1437 5285 1525 5338 καὶ
1560 5288 1618 5338 ὲν
1657 5285 1803 5354 αὑτῷ

1802 5312 1803 5327 χ
1905 5267 2096 5321 etdies
2120 5268 2473 5321 meditaretur
2505 5271 2543 5332 θ,
2592 5283 2655 5321 ea
2717 5270 2929 5322 ratione
2980 5282 3081 5322 nec
3137 5268 3460 5338 prophetica

238 5365 481 5435 μελετῶν
511 5372 719 5441 ἡμέρας
748 5391 805 5428 τε
831 5378 923 5426 καὶ
953 5377 1168 5441 νυκτὸς,
1194 5377 1364 5447 ταύτῃ
1413 5395 1493 5429 τοι
1531 5379 1683 5447 μηδὲ,
1708 5376 1801 5431 τοῦ

236 5456 585 5525 προφητικοῦ
624 5463 879 5516 ἐκπίπτει
913 5466 1287 5536 μακαρισμοῦ.

307 5545 383 5599 B'.
417 5546 572 5600 Κατά
605 5567 722 5603 τινα
754 5552 883 5622 γοῦν
912 5571 1039 5607 ποτε
1071 5555 1249 5627 πηγὴν
1280 5555 1355 5626 τῷ
1382 5555 1614 5620 Σώζοντι
1644 5573 1797 5626 γενο-

237 5637 408 5707 μένῳ,
447 5638 540 5691 καὶ
574 5644 637 5715 τῇ
663 5660 714 5695 τε
750 5648 897 5715 πηγῇ
928 5648 991 5715 τῇ
1034 5664 1089 5701 τε
1125 5649 1532 5718 περιπεφυκυία
1559 5648 1656 5719 τὴν
1690 5666 1796 5719 πη-

346 5812 363 5847 ¹
392 5809 533 5864 Psal.
570 5829 602 5863 ι.
634 5810 685 5867 2.

1906 5360 2195 5414 frustratur
2224 5359 2577 5414 beatitudine.

1969 5563 2032 5615 ll.
2064 5562 2194 5615 Cum
2218 5569 2396 5615 autem
2420 5561 2913 5632 fuissetaliquando
2944 5563 3121 5620 Sozon
3152 5568 3205 5619 in
3228 5567 3459 5636 quodam

1906 5651 2038 5715 loco,
2060 5649 2148 5717 (μιῖ
2168 5650 2397 5707 habebat
2421 5653 2643 5715 fontem,
2662 5651 2875 5709 ctl'onte
2895 5654 3190 5727 herbaque,
3205 5673 3323 5728 ῳικ
3338 5666 3460 5711 nata
