4198 6438
751 395 856 458 635

1969 395 2196 459 MENSI
2212 396 2252 455 S
2284 392 2750 460 SEPTEMBER.

3889 413 4001 477 636

753 516 870 556 erat
916 505 1060 572 juxta
1089 505 1314 572 fontem,
1376 525 1589 579 gregem
1657 520 1925 584 pasceret,
1981 528 2105 568 eum
2166 511 2400 568 valdeA

2351 517 2400 568 Α
2426 509 2528 579 γὴν
2557 513 2665 582 πόα
2711 512 2773 566 τὺ
2820 514 3070 585 ποίμνιον
3121 518 3389 586 ἑστιῶντι,
3428 517 3598 586 ὕπνος
3641 523 3793 594 αὐτῷ
3847 526 4005 596 μάλα

753 602 1092 661 opportunus
1135 607 1189 651 et
1226 601 1406 654 suavis
1463 617 1692 654 somnus
1767 603 1980 667 invasit,
2033 611 2088 657 et
2136 603 2317 658 divina

752 687 997 752 quaadam
1019 689 1083 741 ad
1115 704 1236 742 eum
1277 693 1485 746 accedit
1518 693 1673 746 visio.
1755 692 1904 746 Visio
1956 704 2137 748 autem
2192 710 2317 748 eum

753 778 924 848 magis
960 779 1263 841 conﬁrmat,
1305 793 1358 835 et
1393 784 1439 835 ei
1480 785 1719 837 animum
1754 786 1904 839 addit
1949 787 2013 840 ad
2041 787 2316 856 pietatem.

758 865 959 921 Deinde
994 871 1155 923 etiam
1191 875 1391 928 revelat
1416 876 1665 942 gratiam,
1703 892 1824 946 quae
1853 879 1918 932 ad
1954 879 2133 932 locum
2202 888 2320 932 erat

754 959 986 1026 desuper
1045 963 1378 1020 devolatura.
1453 968 1755 1032 Eritenlnt,
1792 969 1993 1036 inquit,
2052 969 2137 1024 hic
2186 985 2320 1038 prte-

757 1065 882 1105 scns
916 1053 1067 1106 locus
1099 1057 1278 1110 multis
1334 1059 1500 1121 utilis,
1558 1071 1612 1114 et
1667 1063 1810 1130 apud
1853 1063 2027 1129 ipsum
2089 1061 2318 1115 salutem

755 1140 1056 1205 inuenient,
1084 1155 1136 1198 et
1162 1148 1534 1215 glorificabunt
1578 1151 1922 1207 Trinitatem.
1977 1155 2115 1208 Cum
2175 1156 2320 1209 illinc

756 1242 935 1286 autem
969 1240 1295 1294 surrexisset
1332 1245 1580 1310 egregius
1627 1245 1713 1296 ille
1746 1256 1951 1314 pastor,
1990 1247 2134 1303 venit
2158 1247 2318 1302 Pom-

755 1328 1067 1394 peiopolim,
1121 1341 1322 1387 etcum
1366 1336 1419 1387 in
1475 1352 1535 1388 ea
1579 1339 1792 1404 quidem
1851 1340 2074 1396 vidisset
2124 1340 2318 1395 florere

755 1419 1106 1488 impietatem,
1147 1438 1506 1498 comtemplas
1537 1443 1712 1486 autem
1750 1451 1869 1491 esse.
1915 1453 2001 1489 res
2053 1436 2316 1492 Christia-

757 1526 972 1574 norum,
1003 1526 1056 1567 et
1084 1523 1603 1590 summeneglectas,
1667 1541 1774 1579 non
1843 1528 2021 1594 potuit
2085 1528 2134 1581 id
2177 1528 2318 1586 ferre

757 1601 1009 1669 placide;
1051 1609 1144 1662 sed
1177 1625 1268 1663 cor
1295 1612 1436 1666 illius
1479 1626 1700 1683 repente
1735 1617 1931 1670 invasit
1975 1617 2222 1687 impetus,
2267 1632 2319 1675 et

757 1707 877 1745 cum
910 1700 1144 1752 venisset
1184 1702 1249 1754 ad
1300 1705 1580 1772 templum,
1644 1707 1697 1758 in
1762 1722 1870 1774 quo
1919 1711 2094 1762 stabat
2157 1726 2318 1766 aurea

2425 598 2682 670 εὖκαιρος
2717 604 2947 672 ἀφίκετο
2979 609 3073 661 καὶ
3104 608 3311 676 γλυκὺς
3341 613 3434 663 καὶ
3466 612 3589 681 ὄψις
3622 617 4009 684 παραγίνεται

2427 690 2694 762 θειοτέρα.
2743 697 2805 748 Ἡ
2836 698 2892 750 δὲ
2921 699 3045 768 ὄψις
3077 701 3313 771 ρὠνυσί
3343 720 3400 755 τε
3431 705 3630 773 μᾶλλον
3664 708 3828 761 αὐτὸν
3855 711 4007 780 πρὸς

2423 784 2723 852 εὐσέϐειαν,
2749 790 2839 839 καὶ
2873 789 3071 858 θάρσος
3105 793 3330 860 ἐνίησιν.
3362 792 3496 849 Εἶτα
3528 798 3622 849 καὶ
3652 801 3816 868 χάριν
3847 801 4002 854 ἀνω-

2422 875 2514 928 θεν
2557 881 2902 948 καταπτῆναι
2953 883 3030 952 τῷ
3071 887 3218 956 τόπῳ
3269 887 3570 955 μέλλουσαν
3630 894 4001 948 ἐκκαλύπτει.

2425 967 2622 1020 Ἔσται
2652 970 2757 1040 γὰρ
2784 972 2812 1023 ὁ
2866 974 3055 1042 παρὼν
3089 974 3261 1040 οὗτος,
3299 979 3423 1049 ἔφη,
3461 983 3623 1044 τόπος
3653 985 3875 1048 πολλοῖς
3921 988 4002 1049 είς

2423 1058 2713 1128 ὠφέλειαν,
2763 1070 3042 1134 σωτηρίαν
3084 1085 3140 1120 τε
3185 1069 3311 1137 παρ’
3353 1073 3500 1142 αὐτῷ
3530 1075 3853 1144 εὑρήσουσι,
3894 1078 3997 1130 καὶ

2423 1150 2519 1220 τὴν
2551 1153 2753 1221 Τριάδα
2805 1156 3119 1221 δοξάζοντες
3165 1159 3400 1215 ἔσονται.
3465 1165 3706 1218 Ἐκεῖθεν
3744 1169 3940 1220 τοίνυν
3973 1172 4000 1220 ὀ

2425 1245 2590 1307 καλὸς
2618 1248 2824 1309 ἐκεῖνος
2852 1251 3056 1320 ποιμὴν
3098 1253 3338 1317 ἀναστὰς
3369 1255 3446 1317 εἰς
3475 1256 3572 1327 τὴν
3604 1260 4000 1327 ιιομπειούπο-

2424 1334 2504 1386 λιν
2536 1332 2658 1408 ἦκε,
2709 1340 2802 1390 καὶ
2847 1341 3109 1394 ἀνθοῦντα
3163 1345 3263 1413 μὲν
3307 1347 3448 1399 οὕτω
3483 1349 3549 1400 τὸ.
3585 1350 3684 1418 τῆς
3735 1351 3998 1414 ἀσεϐείας

2428 1428 2550 1480 ἰδὼν
2578 1432 2634 1480 ὲν
2669 1431 2826 1501 αὐτῇ,
2858 1435 3262 1503 παρεωραμένα
3291 1438 3346 1490 δὲ
3386 1442 3452 1494 τὰ
3492 1441 3866 1509 Χριστιανῶν,
3906 1448 4001 1497 καὶ

2423 1522 2504 1579 εἰς
2535 1520 2761 1588 ἔσχατον
2810 1524 3185 1593 ἀμελούμενα,
3229 1530 3326 1582 οὐκ
3353 1531 3592 1602 ἠδυνήθη
3642 1536 3837 1602 πράως
3867 1537 4001 1590 ὑπε-

2424 1615 2656 1676 νεγκεῖν,
2698 1613 2813 1665 ἀλλ’
2862 1619 3003 1687 όρμή
3049 1635 3107 1669 τε
3159 1619 3255 1688 τὴν
3293 1623 3496 1673 ἐκείνου
3547 1627 3780 1694 καρδίαν
3834 1628 4000 1691 εὐθὺς

2425 1701 2572 1766 ἐξεῖα
2606 1707 2799 1771 είσὲδυ,
2843 1709 2937 1759 καὶ
2994 1712 3142 1779 παρὰ
3188 1713 3277 1765 τὸν
3315 1720 3437 1767 ναὸν
3497 1715 3623 1770 ἔνθα
3655 1719 3716 1770 τὸ
3768 1720 3906 1787 ἄγα)
3925 1741 4000 1790 μα

757 1792 956 1847 statua,
998 1791 1286 1860 confringit
1313 1810 1529 1845 manum
1564 1795 1680 1862 ejus
1710 1797 1984 1852 dexteram
2017 1816 2030 1865 ;
2091 1814 2144 1854 et
2194 1820 2315 1856 eum
2346 1843 2395 1901 Β

759 1888 873 1901 nn.“
909 1879 1230 1901 ..An.li.l§.__-n
1379 1900 1382 1901 ,
1529 1886 1562 1901 ·-
1684 1889 1692 1901 ι
1726 1890 1735 1899 ι
1912 1892 1922 1901 α
1981 1893 2049 1901 ...-

2346 1843 2395 1901 Β
2429 1796 2672 1865 εἱστήκει
2709 1801 2768 1851 τὸ
2800 1801 3033 1868 χρυσοῦν
3084 1805 3412 1874 ἀφικόμενος
3467 1809 3564 1877 τὴν
3588 1814 3745 1880 χεῖρα
3805 1815 3998 1866 τούτου

758 1888 874 1925 eam
909 1879 1256 1941 vendidisset,
1299 1886 1786 1950 succurritmultis,
1835 1892 1924 1959 qui
1980 1893 2087 1946 illic
2138 1907 2314 1960 erant,

757 1969 1058 2031 egentibus.
1103 1969 1218 2024 Non
1249 1974 1402 2030 latuit
1439 1978 1539 2031 hoc
1579 1980 1846 2040 aedituos;
1881 1985 1972 2035 sed
2027 1996 2318 2056 propterea

757 2057 900 2121 quod
933 2060 1339 2130 nescirentquis
1389 2066 1627 2124 fecisset.
1703 2069 1854 2122 multi
1921 2071 2105 2123 statim
2171 2089 2319 2125 eom-

760 2150 1457 2217 prehendcbanturmiseri,
1492 2158 1579 2222 qui
1606 2158 1741 2215 nihil
1803 2162 1908 2217 tale
1965 2162 2226 2226 fecerant,
2269 2174 2322 2218 et

757 2239 1149 2293 accusabantur
1173 2245 1458 2315 sacrilegii,
1491 2251 1720 2316 reputati
1772 2253 2136 2307 maleficorum
2200 2271 2318 2310 om-

756 2326 907 2379 nium
961 2333 1385 2401 sceleratissimi,
1429 2350 1485 2392 ut
1519 2342 1609 2409 qui
1673 2344 1918 2398 suffurati
1975 2357 2158 2399 essent
2235 2347 2322 2400 dei

761 2418 1073 2488 imaginem.
1102 2423 1270 2482 Nemo
1305 2440 1485 2482 autem
1511 2434 1589 2486 eis
1616 2449 1772 2499 opem
1810 2436 2018 2490 ferebat
2051 2453 2065 2499 ;
2105 2439 2199 2491 sed
2230 2440 2319 2507 qui

760 2521 917 2564 erant
949 2516 1097 2580 prius
1120 2519 1276 2572 amici
1327 2536 1420 2575 eos
1470 2526 1909 2591 aversabantur;
1963 2536 2019 2581 et
2070 2531 2322 2587 custodes

761 2604 995 2657 careeris
1030 2608 1121 2672 (ita
1155 2611 1298 2663 enim
1331 2614 1715 2670 existimabant
1747 2633 1804 2671 se
1836 2619 1938 2672 tliis
1968 2636 2090 2674 esse
2157 2625 2322 2694 grati-

759 2691 1038 2765 fieaturos)
1065 2701 1297 2767 graviter
1326 2704 1635 2775 alﬂigebant
1685 2725 1802 2776 eos,
1868 2713 1959 2780 qui
2017 2691 2323 2782 capti'fue-

762 2797 905 2839 rant.

831 2898 920 2953 lli.
955 2901 1261 2961 Generosus
1290 2920 1470 2964 autem
1504 2910 1682 2966 Sozon
1712 2914 1879 2969 libere
1912 2917 2097 2972 volens
2163 2921 2321 2988 profi-

763 2990 862 3040 teri
904 2991 1182 3059 pietatem,
1223 3008 1275 3050 et
1303 3015 1395 3053 eos
1435 3003 1686 3065 liberare,
1719 3005 1808 3069 qui
1868 3006 2003 3060 nihil
2078 3011 2322 3066 sciebant

759 3093 824 3131 ex
861 3081 927 3134 iis
960 3099 1077 3151 qu;c
1106 3087 1241 3142 facta
1284 3090 1516 3158 fuerant,
1569 3095 1806 3163 seipsum
1858 3099 2048 3163 defert,
2098 3105 2322 3156 veniens

2425 1888 2603 1951 δεξιὰν
2635 1891 2952 1958 arto-9.0165“
2993 1900 3083 1948 καὶ
3117 1899 3277 1966 τιμῆς
3314 1902 3479 1968 αὐτὴν
3509 1905 3844 1972 ἀποδόμενος
3872 1909 4002 1959 πολ-

2425 1980 2537 2042 λοῖς
2570 1985 2780 2036 ἐκεῖθεν
2811 1986 2918 2036 τῶν
2957 1989 3150 2040 ἐνδεῶν
3183 1993 3433 2058 ἐπαρκεῖ.
3485 1996 3599 2046 Οὐκ
3631 1996 3795 2050 ἔλαθε
3840 1999 4003 2053 τοῦτο

2427 2076 2552 2136 τοὺς
2580 2077 2902 2146 νεωκόρους,
2948 2080 3062 2132 ἀλλ’
3093 2083 3284 2154 ἀγνοίᾳ
3319 2085 3412 2135 τοῦ
3453 2086 3773 2156 δράσαντος,
3811 2097 4003 2148 πολλοὶ

2427 2167 2622 2220 αὐτίκα
2673 2171 3138 2240 συνελαμϐάκοντο
3195 2175 3390 2244 ἄθλιοι,
3427 2181 3594 2249 μηδὲν
3632 2183 3847 2237 τοιοῦτο
3884 2191 4002 2256 εἷρ-

2428 2261 2715 2328 γασμένοι,
2757 2266 2846 2314 καὶ
2874 2265 3179 2332 ίεροσυλῖας
3210 2268 3520 2339 ἀπῃτοῦντο
3549 2273 3703 2337 δίκας
3739 2277 4003 2332 ἁπάντων

2423 2351 2532 2402 τῶν
2558 2351 2615 2400 ἐν
2640 2352 2713 2419 τῷ
2747 2353 3100 2424 δεσνωτηρίῳ
3127 2360 3447 2427 κακούργων
3482 2365 3818 2434 μιαρώτατοι
3846 2371 4003 2437 λογιο

2427 2439 2665 2504 σθέντες,
2720 2441 2794 2505 ὡς
2857 2443 2949 2495 τοῦ
3018 2445 3139 2498 Θεοῦ
3207 2451 3563 2521 σεσυληκότες
3628 2458 3689 2509 τὸ
3744 2461 3999 2529 ἄγαλμα.

2439 2532 2684 2601 Ἐὅοήθει
2712 2534 2765 2586 δὲ
2802 2536 2995 2600 οὐδεὶς,
3023 2537 3160 2590 ἀλλὰ
3195 2543 3284 2593 καὶ
3312 2544 3358 2594 οἱ
3390 2545 3529 2606 τέως
3565 2548 3770 2618 ἑταῖροι
3800 2553 4002 2613 αὐτοὺς

2426 2624 2850 2695 ἀπεστρέφοντο,
2901 2629 2995 2680 κοιλ⁸
3038 2631 3084 2681 οἱ
3128 2632 3220 2683 ἐπὶ
3277 2634 3386 2685 τῶν
3438 2635 3651 2706 δεσμῶν
3688 2641 3856 2707 (οὕτω
3894 2646 4000 2713 γὰρ

2426 2715 2592 2784 ᾤοντο
2642 2717 2960 2786 χαρίζεσθαι
2999 2719 3074 2789 τῷ
3127 2722 3255 2792 θεῷ)
3307 2725 3495 2795 βαρεῖς
3553 2735 3662 2792 τοῖς
3695 2733 4002 2788 ἑαλωκόσι-ν

2422 2810 2746 2874 ἐφεστῶτες.

2495 2901 2566 2954 Γν.
2608 2902 2675 2955 Ὀ
2716 2921 2776 2970 γε
2829 2911 2937 2976 μὴν
2985 2913 3228 2974 γενναῖος
3278 2912 3471 2977 Σώζων
3508 2916 4001 2986 παρῤησιάσασθαί

2421 3009 2479 3044 τε
2497 2995 2593 3064 τὴν
2623 2997 2924 3064 εὐσέϐειαν,
2957 3004 3048 3052 καὶ
3071 3003 3340 3057 ἀπολῦσαι
3366 3006 3585 3071 τούτους
3612 3010 3815 3064 ἐθέλων
3844 3015 4002 3068 Οὖδὲν

2423 3085 2533 3135 τῶν
2562 3090 2942 3156 γεγενημένων
2973 3093 3201 3158 εἰδότας,
3240 3100 3632 3167 προσαγγέλλει
3669 3106 3868 3158 ἑαυτὸν
3919 3110 4004 3160 ἐλ-

763 3173 826 3225 ad
859 3175 1108 3239 aedituos,
1141 3190 1193 3232 et
1224 3182 1410 3236 dicens
1452 3201 1509 3237 se
1539 3202 1660 3239 eum
1701 3204 1840 3255 esse,
1875 3194 1962 3258 qui
2000 3192 2320 3246 maleliciuni
2349 3177 2393 3238 ο

2349 3177 2393 3238 C
2428 3176 2534 3228 θὼν
2563 3181 2642 3238 εἰς
2671 3182 2795 3244 τοὺς
2822 3186 3123 3251 νεωκόρους
3167 3187 3242 3247 ὡς
3289 3192 3372 3260 εἴη
3412 3194 3710 3264 αὐτουργὸς
3754 3202 3856 3266 τῆς
3913 3204 4003 3253 ἐπὶ

761 3263 977 3317 admisit
1009 3267 1059 3318 in
1112 3269 1414 3340 imaginem.
1465 3274 1749 3346 Postquam
1798 3290 1974 3332 autem
2021 3282 2123 3338 hoc
2169 3284 2321 3350 dixit,

762 3354 1028 3410 abductus
1060 3363 1303 3428 protinus
1342 3365 1440 3417 fuit
1476 3369 1540 3418 ad
1571 3366 1972 3424 Mavimianum.
2035 3372 2149 3442 Ipse
2197 3390 2324 3427 vero

761 3446 814 3496 in
855 3449 962 3501 alto
993 3452 1189 3506 sedens
1231 3455 1506 3523 tribunali,
1545 3474 1664 3513 cum
1697 3480 1816 3515 eum
1844 3477 2084 3519 curasset
2125 3466 2326 3520 sisten-

760 3539 910 3604 dum,
969 3554 1022 3596 et
1081 3561 1204 3599 cum
1266 3561 1470 3616 quanto
1537 3555 1709 3621 potuit
1765 3554 1902 3610 fastu
1961 3560 2323 3628 apparuisset,

762 3633 996 3699 primum
1060 3639 1276 3703 quidem
1329 3656 1547 3705 nomen,
1599 3645 1793 3697 deinde
1865 3649 2199 3720 religionem,
2273 3661 2328 3707 et

762 3735 1037 3791 postremo
1065 3731 1313 3795 patriam,
1356 3747 1474 3799 quae
1508 3748 1632 3787 eum
1672 3735 1899 3799 tulisset,
1958 3743 2180 3810 rogavit.
2235 3744 2327 3801 Ille

762 3827 974 3871 autem:
1010 3819 1191 3874 Patria
1216 3824 1431 3892 quidem
1462 3826 1593 3879 mihi
1631 3838 1714 3881 est
1745 3829 2027 3900 Lycaonia,
2067 3851 2128 3887 ea
2182 3838 2326 3911 enim

762 3926 849 3964 me
894 3912 1053 3980 tulit;
1089 3927 1345 3985 parentes
1386 3935 1511 3973 vero
1545 3921 1612 3974 ab
1639 3932 1760 3975 ortu
1796 3924 1924 3976 mihi
1965 3941 2161 3980 nomen
2229 3929 2328 3982 im-

763 4014 1088 4070 posuerunt,
1122 4006 1415 4073 Tarasius;
1454 4011 1740 4064 Sozontem
1791 4024 1965 4068 autem
2027 4020 2080 4071 in
2145 4022 2328 4077 divino

762 4106 848 4146 me
876 4105 1135 4148 vocarunt
1173 4096 1511 4166 baptismate.
1575 4100 1704 4154 Sum
1757 4103 1899 4155 enim
1960 4106 2325 4177 Christianus,

760 4180 1031 4238 Christum
1064 4187 1238 4241 solum
1279 4205 1471 4243 verum
1502 4188 1670 4246 Deum
1702 4194 1954 4261 adorans,
1991 4198 2081 4265 qui
2128 4203 2330 4257 creavit

758 4276 957 4328 caelum
988 4285 1042 4330 et
1074 4287 1294 4332 terram.
1333 4281 1628 4350 Cujusnam
1654 4296 1833 4339 autem
1863 4288 1938 4341 rei
1973 4305 2120 4355 usus,
2156 4292 2328 4363 inquit

760 4367 1136 4434 Maximianus,
1207 4381 1259 4426 te
1314 4374 1418 4428 huc
1475 4375 1742 4428 adduxit?
1808 4378 2067 4444 Praesum,
2132 4384 2325 4453 inquit,

761 4460 958 4525 Sozon,
991 4464 1136 4533 gregi
1165 4465 1344 4518 ovium
1378 4484 1391 4518 :
1424 4477 1476 4520 et
1521 4484 1640 4537 qua:
1683 4469 1811 4522 mihi
1869 4471 1985 4525 loca
2026 4473 2233 4540 ﬂorida,
2275 4489 2328 4532 et

761 4570 898 4623 aqua
941 4557 1296 4623 abundantia,
1327 4568 1381 4612 et
1439 4561 1502 4613 ad
1541 4566 1870 4629 pascendum
1919 4568 2138 4622 herbida
2199 4575 2325 4626 anni

761 4654 1003 4715 tempora
1034 4651 1412 4717 ostenderunt,
1461 4653 1526 4705 ad
1580 4668 1639 4706 ea
1695 4671 1792 4723 ago
1835 4671 1980 4713 oves.
2055 4660 2257 4717 Deinde
2313 4681 2324 4716 :

761 4735 1044 4802 Quomodo
1101 4751 1304 4806 autem,
1341 4743 1517 4811 inquit
1581 4743 1952 4812 Maximianus,
1994 4766 2058 4803 eo
2113 4770 2330 4822 proces-

761 4830 874 4883 sisti
909 4830 1166 4893 audacize,
1196 4840 1254 4884 ut
1298 4834 1382 4886 dei
1414 4835 1688 4888 dexteram
1721 4836 2048 4892 abstuleris?

820 4923 921 4978 τιν.
956 4923 1242 4992 lixcipiens
1287 4940 1414 4979 vero
1458 4925 1634 4979 Sozon
1671 4948 1684 4982 :
1749 4931 1902 4996 Quod
1962 4948 2066 4988 non
2110 4938 2328 4995 audacis

764 5014 978 5082 quidem
1007 5017 1168 5083 ccepti
1196 5017 1283 5077 sit,
1340 5019 1482 5086 quod
1516 5018 1716 5072 factum
1758 5032 1859 5085 est,
1899 5040 2074 5094 neque
2122 5028 2171 5079 id
2200 5045 2326 5097 pee-

763 5117 882 5160 cato
913 5107 1108 5161 debeat
1135 5108 1407 5177 imputari,
1447 5119 1569 5164 tuus
1596 5128 1828 5182 quoque.
1861 5123 1919 5167 ut
1949 5118 2076 5170 mihi
2109 5121 2325 5188 quidem

765 5201 998 5264 videtur,
1041 5203 1176 5256 deus
1206 5211 1457 5257 testatur.
1499 5203 1683 5272 Neque
1711 5207 1852 5259 enim
1884 5222 2021 5278 aegre
2057 5211 2182 5276 fert,
2226 5229 2327 5268 nec

765 5306 1022 5362 tanquam
1051 5296 1245 5362 injuria
1276 5296 1523 5360 allectus,
1579 5314 1767 5368 aspere
1795 5301 2092 5370 quidquam
2150 5307 2325 5374 loqui-

764 5399 881 5443 tur.
912 5387 1066 5453 Quod
1097 5388 1140 5440 si
1171 5403 1270 5442 vox
1301 5405 1518 5459 quoque
1550 5390 1600 5442 ei
1630 5392 1809 5459 aliqua
1840 5393 2074 5456 adesset,
2114 5398 2328 5450 videtur

767 5482 897 5536 mihi
930 5481 1110 5551 potius
1141 5494 1236 5532 vos
1270 5495 1388 5535 esse
1419 5493 1872 5546 accusaturus,ct
1901 5496 2087 5553 aperte
2143 5502 2326 5555 repre-

767 5576 1059 5637 bensurus,
1102 5572 1244 5642 quod
1271 5573 1457 5627 relicto
1491 5574 1734 5628 omnium
1767 5573 1992 5642 Opiﬁee.
2037 5572 2324 5633 inanimam

768 5665 1078 5737 suspiciatis
1107 5664 1412 5726 materiam,
1452 5677 1505 5719 et
1532 5683 1650 5719 eam
1683 5667 1841 5721 deum
1884 5682 2003 5720 esse
2048 5671 2326 5724 existime-

772 5760 859 5823 tis,
894 5774 990 5812 vos
1018 5758 1070 5811 in
1124 5757 1524 5812 benefactorem
1576 5759 1924 5812 ostendentes
1989 5761 2228 5830 ingratos
2272 5773 2325 5817 et

768 5850 1134 5906 immemores.
1177 5847 1282 5905 Sed
1322 5851 1366 5907 si
1401 5847 1499 5916 vis,
1529 5848 1700 5918 inquit
1737 5865 1953 5922 praeses,
1993 5868 2097 5908 non
2139 5856 2310 5912 solum

2426 3270 2485 3321 τὺ
2517 3272 2736 3342 ἄγαλμα
2783 3277 2984 3340 ἐκεῖνος
3023 3279 3339 3349 ἐπιϐουλῆς.
3388 3286 3475 3347 Ὠς
3521 3287 3575 3337 δὲ
3618 3289 3781 3341 τοῦτο
3823 3289 4001 3356 εἶπεν,

2428 3367 2672 3430 ἀπήγετο
2705 3368 2864 3430 εὐθὺς
2893 3371 3025 3439 πρὸς
3058 3373 3148 3423 τὸν
3181 3375 3546 3443 Μαξιμιανόν.
3587 3381 3694 3431 Καὶ
3720 3385 3892 3446 αὐτὸς
3916 3390 4000 3453 ἐφ’

2429 3453 2634 3522 ὑψηλοῦ
2667 3457 2904 3524 μάλιστα
2934 3460 3024 3512 τοῦ
3057 3461 3302 3531 βήματος
3332 3468 3690 3536 προκαθίσας,
3741 3475 3911 3526 αὐτόν
3947 3495 4000 3530 τε

2431 3550 2918 3619 παραστησάμενος
2973 3555 3065 3606 καὶ
3104 3556 3177 3618 ὡς
3221 3553 3330 3610 οἷόν
3390 3577 3447 3612 τε
3504 3563 3730 3633 σοϐαρδς
3788 3569 4004 3635 ὀφθεὶς,

2429 3639 2620 3704 πρῶτα
2647 3642 2744 3709 μὲν
2770 3646 2865 3712 τὴν
2893 3645 3101 3713 κλῆσιν,
3131 3646 3246 3699 εἶτα
3270 3652 3327 3708 τὸ
3357 3652 3541 3718 σέϐας,
3565 3655 3754 3708 ἔπειτα
3782 3665 3879 3710 καὶ
3911 3663 4006 3729 τὴν

2429 3731 2802 3801 ἐνεγκαμένην
2835 3736 3185 3790 ἐπυνθάνετο.
3252 3739 3310 3792 ⁸0
3349 3741 3442 3804 δὲ,
3485 3744 3556 3794 Τὸ
3592 3747 3689 3813 μὲν
3722 3753 3821 3815 τῆς
3850 3755 4006 3817 γενέ-

2431 3839 2586 3887 σεως,
2644 3823 2768 3894 ἔφη,
2804 3826 3076 3896 Ταράσιον
3111 3829 3158 3884 οἱ
3213 3833 3462 3896 τεκόντες
3498 3835 3710 3903 ἔθεσαν,
3747 3840 4008 3901 Σώζοντα

2427 3913 2482 3967 δέ
2514 3932 2581 3984 με
2612 3917 2686 3987 τῷ
2714 3918 2842 3989 θείῳ
2891 3920 3227 3994 βαπτίσματι
3263 3930 3677 3997 μετωνόμασαν,
3719 3937 4004 3992 Λυκαονία

2426 4004 2481 4056 δέ
2514 4022 2602 4072 μοι
2634 4011 2852 4074 πατρὶς,
2881 4009 3018 4080 αὕτη
3053 4013 3160 4080 γάρ
3186 4031 3250 4080 με
3281 4018 3376 4066 καὶ
3407 4020 3602 4085 ἤνεγκε
3623 4038 3636 4050 ·
3672 4023 4004 4091 Χριστιανὸς

2426 4095 2482 4148 δέ
2515 4098 2651 4167 είμι,
2687 4099 2922 4167 Χριστὸν
2956 4103 3120 4172 μόνον
3148 4105 3236 4158 τὸν
3273 4106 3448 4179 ἀληθῆ
3485 4111 3616 4166 Θεὸν
3653 4122 4001 4184 προσκυνῶν,

2427 4187 2482 4250 ὃς
2516 4190 2696 4244 ἔκτισε
2725 4192 2815 4246 τὸν
2843 4195 3074 4264 οὐρανὸν
3105 4201 3196 4251 καὶ
3216 4199 3314 4270 τὴν
3336 4203 3460 4270 γῆν.
3485 4205 3579 4268 Τίς
3603 4206 3658 4259 δὲ
3682 4208 3791 4277 ἄρα
3823 4215 4001 4280 χρεία,

2427 4279 2768 4345 Μαξιμιανὺς
2792 4285 2919 4351 ἔφη,
2953 4288 3187 4340 ἐνταῦθα
3213 4307 3268 4341 σε
3298 4294 3508 4361 ἤγαγες
3539 4298 3808 4366 ιιοίμνης,
3845 4279 3998 4372 ιρησὶ,

2430 4371 2736 4441 προῦἀτων,
2759 4374 2786 4425 ὁ
2814 4374 3025 4444 Σώζων,
3047 4381 3400 4450 προῖσταμαι,
3435 4386 3522 4437 καὶ
3545 4386 3688 4459 ἆπερ
3713 4389 3779 4442 ἂν
3805 4396 4002 4466 εὐανθῆ

2431 4462 2538 4513 τῶν
2570 4465 2804 4533 χωρίων,
2831 4469 2924 4518 καὶ
2953 4469 3168 4541 ἔνυδρα,
3195 4479 3287 4526 καὶ
3317 4477 3537 4546 χλοερὸν
3563 4481 3642 4543 εἰς
3673 4488 3849 4552 νομὴν
3881 4462 4003 4541 Odi;

2431 4557 2589 4610 λοντα
2625 4559 2870 4626 δείξωσιν
2920 4565 2973 4614 αἱ
3004 4557 3164 4634 ὧραι,
3199 4569 3377 4620 ἐκεῖσε
3411 4571 3472 4640 δὴ
3511 4573 3604 4625 καὶ
3644 4576 3710 4628 τὰ
3751 4580 4000 4647 πρόϐατα

2430 4652 2746 4705 εἰσελαύνω.
2777 4654 2909 4707 Εἶτα
2931 4698 2943 4719 ,
3006 4661 3109 4710 Καὶ
3144 4662 3257 4722 πῶς
3288 4663 3418 4732 ἄρα,
3455 4667 3587 4734 φησὶ
3627 4670 3998 4737 Μαξεμιανος,

2431 4745 2509 4805 εἰς
2543 4745 2699 4796 τοῦτο
2728 4747 2928 4816 τόλμης
2958 4751 3263 4818 εἰλήλυθας,
3297 4755 3372 4818 ὡς
3408 4757 3500 4807 καὶ
3559 4760 3657 4826 τὴν
3686 4762 3870 4826 δεξιὰν
3899 4767 4000 4832 ἀφ·

2431 4834 2573 4887 ελεῑν
2606 4835 2698 4888 τοῦ
2726 4837 2880 4902 θεοῦ,

2500 4925 2572 4982 Δ’,
2616 4928 2931 4982 ’Υπολαεὼν
2955 4930 3132 4984 τοίνυν
3157 4933 3183 4985 ὁ
3209 4932 3404 4997 Σώζων
3423 4952 3436 4966 ·
3465 4936 3588 4990 Ὀτι
3621 4939 3720 5006 μὲν
3748 4943 3853 4996 οὐκ
3886 4946 3998 5000 ἔστι

2428 5025 2629 5092 τόλμης
2667 5024 2725 5076 τὸ
2756 5027 3140 5096 γεγενημένον,
3175 5027 3300 5096 ἔφη,
3341 5029 3450 5080 οὐδ’
3495 5034 3551 5083 ἐν
3597 5032 3999 5103 ἁμαρτήματος

2428 5118 2569 5186 λόγῳ
2605 5117 2747 5170 θεῖτο
2802 5119 2868 5172 ἄν
2911 5137 2994 5180 τις
3042 5119 3191 5183 αὐτὸ,
3228 5121 3320 5172 καὶ
3355 5122 3381 5172 ὁ
3433 5121 3544 5191 σὸς,
3594 5125 3783 5191 ἔμοιγε
3832 5126 3997 5195 δοκεῖ,

2431 5215 2551 5275 θεὸς
2603 5213 2887 5281 μαρτυρεῖ.
2927 5209 3064 5261 Οὓτε
3115 5210 3223 5291 γὰρ
3274 5216 3515 5285 νεμεσᾷ,
3559 5214 3671 5267 οὗθ’
3709 5215 3790 5280 ὡς
3842 5239 3998 5291 περι-

2431 5305 2757 5376 υϐρισμένος
2781 5304 2951 5356 δεινὸν
2993 5287 3138 5367 ὅλως.
3175 5304 3507 5374 φθέγγεται·
3547 5310 3592 5358 εἰ
3617 5309 3673 5359 δέ
3701 5327 3853 5375 τινος
3897 5287 3999 5385 ἀρα

2429 5398 2520 5448 καὶ
2561 5394 2742 5462 φωνῆς
2774 5395 3118 5463 εὐπορήσειε,
3177 5394 3327 5446 δοκεῖ
3384 5413 3473 5462 μοι
3533 5398 3732 5465 μᾶλλον
3767 5403 3832 5453 ἂν
3875 5406 3998 5472 ὑμῖν

2429 5488 2587 5548 αὐτὸς
2621 5485 2911 5552 ἐγκαλέσαι
2961 5487 3049 5536 καὶ
3097 5485 3344 5552 φανερῶς
3395 5486 3736 5556 μέμψασθαι,
3785 5495 3871 5545 ὅτι
3911 5499 3996 5551 τὸν

2431 5575 2771 5644 Δημιουργδν
2825 5574 2933 5625 τῶν
2986 5574 3121 5625 ὅλων
3155 5575 3385 5642 ἀφέντες
3443 5580 3578 5649 πρὸς
3633 5584 3734 5651 τὴν
3795 5586 3998 5654 ἄψυχον

2432 5666 2564 5735 ὓλην
2601 5668 2890 5735 ἐπτόησθε,
2924 5667 3016 5719 καὶ
3045 5667 3243 5734 ταύτην
3271 5669 3492 5740 ἡγεῖσθε
3534 5669 3678 5734 θεὸν,
3717 5676 3997 5743 ἀχάριστοι

2433 5758 2631 5828 δηλαδὴ
2666 5759 2758 5810 καὶ
2789 5759 3104 5826 ἀγνώμονες
3150 5762 3276 5831 ’περὶ⁵
3329 5762 3420 5814 τὸν
3468 5762 3770 5834 εὐεργέτην
3801 5766 3998 5831 ἀναφα-

2432 5850 2632 5911 νέντες.
2684 5848 2820 5900 Ἀλλ’
2848 5849 2959 5916 ain
2990 5848 3186 5917 βούλει,
3221 5851 3384 5919 φησὶν
3414 5851 3442 5903 ὁ
3474 5848 3724 5918 ἡγεμὼν,
3762 5848 3840 5919 μὴ
3874 5867 3996 5919 συγ-
