4198 6438
171 441 283 502 63⁸1

1323 423 1789 489 MARTYRIUM
1828 422 1889 482 9.
1934 417 2315 486 SOZONTIS.

3317 423 3420 489 638

169 552 408 622 γνώμης
464 548 622 617 μόνον
671 546 873 617 τυχεῖν,
914 545 1051 599 ἀλλά
1098 559 1237 606 τινος
1298 541 1598 611 ἀξιωθῆναι
1647 539 1742 592 καὶ

1850 537 2108 606 consequi
2170 537 2406 600 veniam,
2469 535 2572 606 sed,
2612 535 2843 606 aliquam
2897 536 3056 591 etiam
3104 550 3423 593 remunera-

175 641 442 714 ἀμοιϐῆς,
478 639 584 691 τῶν
620 638 800 709 λήρων
835 637 1039 691 τούτων
1080 636 1369 706 ἀφέμενος,
1407 634 1601 697 σῶσον,
1636 630 1750 684 Σώ-

172 737 312 798 ζων,
339 731 586 796 σεαυτὸν,
610 732 704 784 καὶ
730 727 1042 797 προσελθὼν
1065 728 1222 780 θῦσον
1245 728 1355 789 τοῖς
1378 726 1540 789 θεοῖς.
1577 724 1634 777 Ὀ
1660 723 1747 776 δέ·

170 827 289 897 Καί
312 825 429 888 πῶς
458 825 516 877 οὑ
549 823 743 893 μακρῷ
773 823 866 874 καὶ
901 819 1066 875 αὑτοῦ
1098 837 1159 888 γε
1193 820 1257 873 ἂν
1291 821 1410 889 εἵην
1433 817 1750 886 ἀναισθητό-

170 935 341 988 τερος
379 916 474 969 τοῦ
505 915 772 986 ὑμετέρου
815 914 959 979 θεοῦ,
999 914 1126 984 ἔφη,
1165 911 1327 964 τοῦτο
1363 914 1528 981 τιμᾷν
1562 911 1750 979 ἑλόμε-

172 1028 290 1076 νος,
317 1009 374 1072 ὃς
401 1008 518 1061 οὑδὲ
542 1007 700 1068 αὐτὸς
727 1007 969 1074 πάσχων,
996 1005 1225 1074 ἀμύνειν
1243 1003 1352 1068 οἷός
1375 1022 1434 1057 τε
1455 1001 1523 1075 ἦν
1548 1003 1747 1074 ἑαυτῷ,

172 1102 302 1154 οὐδὲ
335 1104 516 1171 φωνήν
545 1118 666 1154 τινα
696 1098 977 1168 προέσθαι,
1006 1099 1126 1152 οὑδὲ
1152 1096 1377 1151 καλέσαι
1397 1099 1524 1160 τοὺς
1551 1097 1747 1167 βοηθή-

177 1212 398 1258 σοντας,
435 1195 553 1246 οὐδὲ
588 1233 603 1255 ,
639 1192 699 1244 τὸ
732 1194 948 1245 πάντων
983 1192 1114 1259 γοῦν
1141 1191 1494 1251 ἀθλιώτατον,
1531 1185 1618 1242 οἷα
1645 1189 1751 1242 πά·

178 1288 268 1343 θοι
294 1283 802 1354 διαμαρτύρασθαι;
841 1285 980 1353 Ὥρα
1001 1283 1129 1350 γοῦν
1163 1299 1244 1335 σοι
1274 1281 1498 1334 τοιαῦτα
1520 1281 1748 1349 τιμῶντι

176 1373 275 1422 καὶ
309 1372 561 1424 πλάττειν
590 1370 825 1440 ἑκάστης
861 1373 1071 1440 ἡμέρας
1113 1371 1286 1434 Θεοὺς,
1319 1371 1410 1424 καὶ
1443 1371 1749 1440 μεταπλάτ-

173 1480 296 1513 τειν
325 1461 533 1524 ἄλλους,
577 1463 632 1513 ἐν
669 1465 734 1531 τῇ
763 1464 868 1515 τῶν
901 1466 1098 1534 χειρῶν
1142 1464 1306 1536 τέχνῃ
1349 1465 1448 1534 τὴν
1492 1465 1751 1536 δημιουρ-

176 1557 308 1622 γίαν
344 1556 451 1607 τῶν
479 1553 616 1606 θεῶν
644 1554 933 1625 τιθεμένῳ.

255 1650 332 1700 E'.
373 1647 594 1709 Τούτοις
644 1648 845 1717 θερμὸν
882 1649 1043 1713 ζέσας
1070 1650 1097 1700 ὁ
1138 1652 1480 1722 Μαξιμιανδς
1528 1653 1750 1717 πικραῖς

177 1743 270 1792 τὸν
300 1741 552 1808 μάρτυρα
590 1741 926 1810 παραδίδωσι
959 1742 1270 1811 τιμωρίαις,
1303 1745 1398 1796 καὶ
1424 1745 1614 1814 πρῶτα
1653 1745 1752 1811 μὲν

1853 626 2075 692 tionem,
2105 629 2287 684 missis
2325 628 2410 684 his
2459 628 2634 699 nugis,
2669 644 2822 683 serva
2863 636 2916 684 te
2974 629 3173 698 ipsum,
3218 629 3420 694 Sozon,

1852 730 1906 775 et
1954 721 2223 775 accedens
2275 721 2382 776 diis
2426 721 2693 775 sacriﬁca.
2745 721 2813 775 Et
2871 719 3162 789 quomodo,
3220 719 3420 788 inquit,

1851 827 1959 866 non
2003 826 2177 866 essem
2215 813 2301 866 vel
2343 813 2461 881 ipso
2508 821 2692 865 vestro
2721 811 2822 864 deo
2858 811 3041 864 minus
3074 825 3237 863 sensu
3279 825 3420 878 pra:-

1851 904 2018 969 ditus,
2057 906 2099 959 si
2168 921 2289 959 eum
2355 913 2648 959 statuerem
2681 906 2878 970 colere,
2908 903 2996 972 qui
3027 917 3126 960 nec
3159 904 3201 955 si
3243 903 3290 956 ei
3330 902 3424 954 ali-

1850 998 1981 1068 quid
2012 998 2124 1064 tiat,
2159 1014 2217 1052 se
2264 1007 2443 1067 potest
2495 998 2810 1061 defendere,
2868 1011 3040 1065 neque
3092 1010 3276 1049 vocem
3322 993 3422 1045 ali-

1850 1108 2012 1161 quam
2060 1092 2331 1155 emittere,
2369 1106 2545 1157 neque
2591 1105 2786 1143 vocare
2823 1104 2915 1142 eos
2958 1088 3049 1155 qui
3093 1087 3204 1139 sint
3266 1099 3422 1153 opem

1846 1183 2033 1260 laturi,
2065 1198 2262 1252 neque,
2304 1183 2448 1252 quod
2491 1190 2572 1235 est
2608 1180 2847 1234 omnium
2874 1179 3261 1239 miserrimum,
3289 1190 3423 1244 qua-

1851 1274 1919 1328 lia
1954 1277 2209 1344 patiatur,
2290 1273 2619 1343 protestari?
2660 1272 2750 1324 Est
2786 1270 2992 1337 itaque‘
3021 1268 3072 1320 in
3119 1276 3209 1320 tua
3266 1274 3423 1334 pote-

1857 1376 2019 1428 state,
2053 1370 2142 1436 qui
2174 1367 2287 1419 luce
2314 1364 2462 1426 colis,
2488 1364 2616 1417 deos
2646 1362 2887 1431 quotidie
2942 1360 3164 1428 ﬁngere,
3193 1367 3246 1410 et
3290 1357 3425 1407 alios

1852 1469 2041 1506 rursus
2069 1455 2349 1523 refulgere,
2382 1467 2502 1505 eum
2535 1452 2585 1503 in
2626 1459 2740 1503 arte
2767 1462 3026 1502 manuum
3083 1459 3251 1515 ponas
3295 1442 3425 1495 deo-

1854 1561 1972 1599 rum
2009 1546 2445 1600 fabricationem.

1928 1659 1992 1713 V.
2031 1658 2406 1718 Maximianus,
2436 1673 2556 1710 cum
2595 1657 2679 1708 his
2702 1656 2750 1708 ci
2795 1652 3144 1708 eﬂ'erbuisset
3179 1647 3420 1706 animus,

1855 1754 2024 1807 tradit
2079 1764 2367 1822 martyrem
2417 1750 2671 1819 gravibus
2715 1757 2766 1801 et
2814 1745 3023 1801 acerbis
3073 1741 3421 1796 cruciatibus.

180 1831 421 1900 σιδηροῖς
450 1830 596 1893 ὄνυξι
627 1831 905 1893 διαξαίνει.
949 1832 1170 1902 Ἐπειδὴ
1198 1835 1253 1884 δὲ
1298 1837 1328 1903 ή
1387 1837 1482 1900 μὲν
1520 1836 1750 1904 βάσανος

1857 1846 1921 1899 Et
1955 1846 2190 1913 primum
2226 1844 2441 1911 quidem
2470 1842 2660 1896 ferreis
2716 1855 2838 1893 eum
2905 1839 3073 1890 laniat
3134 1832 3422 1902 unguibus.

177 1922 274 1971 καὶ
307 1921 415 1972 τῶν
443 1922 645 1972 ὀστέων
675 1923 854 1973 αὑτῶν
889 1923 1214 1986 καθικνεῖτο,
1267 1928 1292 1977 ὁ
1352 1926 1405 1977 δὲ
1459 1927 1748 1995 σύμμαχον

177 2015 388 2080 ἀγαθον
415 2016 471 2067 τὸ
510 2015 662 2066 Θείον
703 2015 908 2079 ἐκάλει,
950 2018 1042 2069 καὶ
1086 2018 1335 2090 καθάπερ
1371 2021 1476 2073 άπὸ
1527 2021 1746 2090 σιδήρου

181 2108 543 2172 συγκείμενον
600 2105 737 2172 ἔχων
787 2106 848 2157 τὸ
889 2106 1067 2174 σῶμα,
1123 2108 1263 2160 οὕτω
1315 2110 1530 2176 κούφως
1587 2112 1748 2181 ἔφερε

180 2194 277 2245 καὶ
309 2193 415 2245 τῶν
451 2193 682 2255 ζεόντων
714 2195 1089 2265 ἁπαθέστερος
1120 2193 1208 2267 ἦν,
1247 2199 1334 2266 ἐφ’
1366 2200 1526 2269 ἕτερα
1571 2203 1750 2264 Μαξι-

191 2286 384 2353 μιανδς
410 2285 570 2337 πάλιν
599 2287 875 2355 ἐτρέπετο,
902 2292 995 2342 καὶ
1027 2290 1367 2360 ὑποδήμασιν
1397 2294 1544 2362 ἥλοις
1574 2293 1750 2357 ὅξεσιν

184 2377 638 2445 ἐμπεπαρμένοις
669 2379 758 2430 τὸν
780 2380 1016 2448 ἀθλητὴν
1053 2383 1256 2444 ὑποδεῖ,
1293 2385 1383 2435 καὶ
1409 2386 1614 2447 τούτοις
1650 2387 1748 2453 ἐμ-

179 2472 512 2537 περιπατεῖν
566 2469 728 2522 αὑτὸν
786 2473 1106 2538 ἀναγκάζει.
1152 2475 1210 2525 '0
1262 2475 1317 2527 δὲ
1361 2475 1435 2538 ὡς
1485 2478 1576 2528 ἐπὶ
1631 2478 1754 2546 ῥόδα

183 2560 392 2628 μᾶλλον
416 2561 627 2631 ἔτρεχε,
665 2566 758 2613 καὶ
783 2562 992 2631 ῥύακας
1021 2564 1162 2633 δρῶν
1192 2566 1416 2632 αἵματος
1444 2567 1548 2618 τῶν
1580 2568 1754 2619 ποδῶν

181 2651 494 2712 κατιόντας,
553 2652 929 2721 περιρρεῖσθαὶ
957 2671 1062 2705 τινι
1097 2656 1203 2708 τῶν
1235 2657 1405 2726 ἡδέων
1439 2658 1634 2722 ἐδόκει,
1661 2660 1754 2712 καὶ

181 2743 312 2802 τοὺς
343 2741 434 2792 τοῦ
462 2743 727 2812 τυράννου
755 2748 848 2796 καὶ
872 2745 980 2798 τῶν
1009 2748 1388 2817 περιεστώτων
1415 2751 1756 2819 χλευασμοὺς

183 2834 466 2902 εὐφημίαν
491 2838 694 2902 ἡγεῖτο.
731 2839 837 2891 Καὶ
871 2840 1270 2904 ἐκαλλωπίζετο
1301 2843 1470 2914 ταύτῃ
1503 2843 1702 2911 μᾶλλον
1729 2847 1754 2895 ὁ

183 2925 431 2994 ἀθλητὴς
470 2927 500 2994 ἢ
529 2931 592 2996 τῇ
622 2929 853 2998 χλαμύδι
892 2933 1101 2993 ἐκεῖνος
1126 2934 1220 2984 τοῦ
1264 2935 1594 3002 ἀξιώματος.
1626 2933 1755 2988 Εἶτα

185 3020 720 3087 κατειρωνευόμενος
800 3022 964 3074 αὑτοῦ
1040 3026 1415 3094 Μαξιμιανός·
1489 3028 1752 3096 Λΰλησον,

187 3111 348 3177 φησὶ,
399 3109 614 3176 Σὼζων,
661 3113 848 3180 αὔριον
895 3116 1144 3188 ἐξιούσης
1178 3119 1278 3187 τῆς
1317 3119 1554 3187 μεγάλης
1602 3120 1750 3186 θεᾶς,

1853 1937 2114 2002 Quoniam
2144 1947 2322 1990 autem
2382 1935 2582 1995 Sozon,
2651 1933 2751 1986 etsi
2806 1939 3132 1984 tormentum
3207 1923 3423 1994 quidem

1851 2031 1916 2084 ad
1958 2031 2070 2100 ipsa
2111 2045 2280 2098 usque
2339 2043 2458 2080 ossa
2509 2024 2852 2093 pervadebat,
2912 2020 3000 2072 Dei
3039 2029 3213 2073 tamen
3273 2015 3425 2068 invo-

1852 2139 1982 2184 cans
2033 2123 2314 2184 auxilium,
2375 2121 2444 2173 ita
2503 2117 2706 2171 ferebat
2782 2113 2995 2175 leviter,
3042 2120 3100 2164 ut
3153 2108 3427 2160 videretur

1854 2215 2051 2268 habere
2091 2228 2289 2279 corpus
2322 2228 2384 2263 ex
2421 2209 2566 2262 ierro
2626 2205 3024 2274 compositum;
3090 2197 3428 2252 convertitur

1854 2321 2044 2359 rursus
2085 2304 2149 2355 ad
2183 2304 2283 2355 alia
2327 2302 2706 2360 illaximianus,
2741 2306 2795 2350 et
2823 2295 3016 2349 calceis
3042 2293 3215 2345 aeutis
3257 2288 3426 2342 clavis

1854 2394 2083 2450 conﬁxis
2113 2393 2288 2446 induit
2315 2392 2594 2454 athletam,
2629 2400 2679 2443 et
2749 2403 2871 2442 cum
2913 2385 3042 2454 ipsis
3102 2398 3225 2437 eum
3285 2381 3429 2450 cogit

1856 2487 2153 2541 ambulare.
2207 2484 2299 2537 Ille
2355 2491 2536 2536 autem
2594 2481 2870 2542 currebat,
2928 2487 3180 2545 tanquam
3268 2487 3430 2539 super

1856 2595 2005 2632 rosas
2045 2577 2334 2637 incedens;
2373 2588 2424 2626 ct
2467 2572 2660 2628 videns
2693 2571 2839 2623 rivos
2868 2566 3151 2636 sanguinis
3203 2564 3430 2617 descen-

1856 2671 2048 2725 dentes
2078 2683 2142 2721 ex
2178 2667 2428 2735 pedibus,
2464 2664 2747 2716 ridebatur
2783 2660 3041 2714 suavibus
3108 2656 3269 2709 rebus
3324 2654 3430 2706 cir-

1857 2760 2194 2824 cumﬂuere;
2226 2758 2546 2828 tyrannique
2588 2765 2641 2808 et
2670 2769 2855 2808 eorum
2879 2749 3427 2830 quieiremnstaliant,

1859 2855 2143 2907 irrisiones
2193 2850 2426 2903 ducebat
2475 2861 2594 2901 esse
2659 2845 3067 2905 laudationem;
3136 2851 3189 2896 et
3245 2856 3306 2892 ea
3373 2854 3431 2891 re

1859 2945 2028 3013 magis
2059 2941 2386 3013 gloriabatur
2409 2938 2630 3002 athleta,
2660 2952 2818 3006 quam
2852 2937 2938 2988 ille
2957 2935 3233 3003 chlamyde
3258 2933 3430 2999 digni-

1862 3036 2005 3088 tatis.
2069 3032 2273 3086 Deinde
2321 3046 2443 3084 eum
2477 3028 2709 3081 illudens
2765 3025 3119 3079 Maximianus
3177 3039 3191 3073 :
3252 3020 3428 3082 Tibia,

1861 3126 2054 3194 inquit,
2092 3139 2245 3184 cane,
2282 3123 2480 3183 Sozon,
2531 3136 2653 3173 cras
2706 3133 2896 3186 magna
2930 3114 3258 3183 procedente
3307 3111 3428 3172 dea,

188 3202 286 3255 καὶ
316 3202 718 3272 αὑτὴνὲκείνην
761 3207 983 3276 ὄμνυμι,
1047 3211 1224 3279 πάσης
1272 3212 1502 3282 εὐθύνης
1550 3215 1746 3266 αὐτίκα

1867 3225 1920 3268 et
1945 3232 2039 3285 per
2077 3215 2217 3267 illam
2249 3213 2422 3281 ipsam
2453 3211 2598 3280 juro,
2637 3208 2780 3278 quod
2832 3207 2897 3261 ab
2957 3204 3102 3258 omni
3154 3200 3431 3256 examina-

187 3296 289 3349 καὶ
337 3297 607 3366 τιμωρίας
644 3297 970 3370 ἀπολελύσῃ.
1016 3301 1123 3352 Καὶ
1177 3303 1203 3351 ὁ
1240 3304 1481 3370 μάρτυς·
1530 3305 1601 3355 Σὺ
1655 3305 1752 3372 μὲν

188 3389 534 3455 καταγελῶν,
597 3391 720 3458 ἔφην
775 3395 869 3443 καὶ
902 3392 1202 3457 δ;απαίζων
1232 3395 1380 3462 ἡμᾶς
1416 3395 1483 3446 τα
1531 3395 1756 3447 τοιαῦτα

188 3479 430 3548 φθέγγῃ,
487 3480 574 3532 τοῦ
640 3483 1006 3549 συμπνέοντός
1069 3501 1149 3535 σοι
1218 3485 1454 3553 πονηροῦ
1509 3486 1760 3554 δαίμονος

186 3574 364 3625 ταῦτα
401 3574 519 3624 καθ’
550 3575 706 3642 ἡμῶν
743 3575 1198 3644 ὑποϐεϐληκότος.
1251 3576 1389 3644 Ἐγὼ
1415 3579 1471 3630 δὲ
1504 3582 1595 3631 καὶ
1625 3581 1760 3647 πρό-

186 3680 349 3730 τερον
384 3663 479 3729 μὲν
509 3663 568 3712 τὸ
608 3664 766 3714 καλὸν
795 3663 1005 3730 ηὖλησα
1046 3667 1124 3725 εἰς
1159 3668 1348 3732 ἀγρὸν,
1388 3670 1635 3733 συνάγων
1668 3670 1760 3720 καὶ

188 3754 482 3806 ἀνακαλῶν
514 3755 580 3806 τὶ
622 3755 729 3824 ἐμὰ
778 3754 1055 3825 πρόϐατα·
1092 3758 1184 3810 καὶ
1207 3756 1299 3808 νῦν
1326 3758 1381 3810 δὲ
1407 3758 1514 3828 ᾅδω
1542 3759 1614 3826 τῷ
1650 3761 1756 3810 Κυ-

195 3843 298 3912 ρίῳ
357 3861 457 3911 μου
509 3841 659 3915 ᾆσμα
714 3845 920 3907 καινὸν,
979 3845 1466 3914 εὖαγγελιζομενος
1530 3848 1662 3900 πᾶσι
1699 3851 1758 3902 τὸ

189 3937 384 3989 τούτου
419 3938 705 4004 σωτήριον.
752 3937 885 3987 Ἡδὲ
906 3937 967 4003 σὴ
997 3937 1113 3996 οὶός
1149 3938 1266 3996 δνος
1289 3939 1360 3989 ἀν
1396 3941 1477 4008 εἴη
1514 3943 1752 4006 πάντως.

190 4029 254 4078 τὸ
279 4025 370 4077 τοῦ
402 4026 580 4091 λόγου,
613 4027 746 4095 πρὸς
769 4027 859 4078 τὸν
892 4027 1071 4091 αύλὸν,
1101 4027 1306 4095 ἄψυχός
1326 4045 1382 4078 τε
1402 4025 1537 4083 οὖσα
1566 4049 1761 4083 παντε-

193 4121 301 4183 λῶς
336 4122 427 4172 καὶ
463 4119 808 4187 ἀναίσθητος.

267 4217 357 4281 ς’.
395 4215 533 4284 Πρὸς
587 4214 757 4266 ταῦτα
810 4215 973 4267 πλέον
1025 4219 1053 4269 ὁ
1091 4219 1428 4287 Μαξιμιανὸς
1476 4218 1555 4286 τῷ
1605 4218 1760 4287 Θυμῷ

195 4308 318 4361 κατ’
360 4308 522 4360 αὑτοῦ
556 4308 916 4374 διανίσταται,
956 4308 1050 4361 καὶ
1083 4309 1446 4380 σφοδροτέρας
1478 4309 1625 4379 αὐτῷ
1655 4312 1759 4379 Pd-

195 4417 388 4469 στιγας
427 4401 534 4453 τῶν
566 4403 846 4470 προτέρων
872 4402 1088 4469 ἐπάγει,
1124 4404 1189 4455 i'v’
1219 4403 1382 4461 οὕτω,
1414 4407 1597 4472 φησὶν.
1634 4406 1761 4456 ἀνα·

197 4489 467 4558 μοχλευθῇ
506 4489 604 4555 μὲν
640 4489 875 4557 αὑτῷτὰ
918 4491 1119 4557 ἄρθρα,
1155 4492 1437 4561 παρεθῶσι
1481 4493 1535 4545 δὲ
1571 4495 1659 4545 καὶ
1705 4494 1758 4546 αἱ

192 4579 474 4649 ἁρμονίαι,
506 4581 596 4634 καὶ
634 4581 868 4652 διαρρυῇ
912 4581 977 4633 τὰ
1010 4580 1216 4648 ἔγκατα
1249 4583 1379 4634 ὡσεὶ
1425 4585 1589 4652 ὕδωρ.
1626 4583 1755 4637 Εἶτα

193 4673 289 4725 καὶ
320 4671 431 4742 πῦρ
469 4673 699 4741 ἀνάψας,
741 4675 867 4727 εἴτι
900 4675 1007 4726 τῶν
1042 4673 1218 4744 μελῶν
1248 4675 1622 4744 ὑπολειφθείη,
1667 4695 1763 4729 κα-

194 4765 493 4818 τακαύσειν
535 4767 628 4817 καὶ
672 4765 834 4817 τοῦτο
859 4768 1098 4835 ἠπείλει,
1140 4769 1216 4830 ὡς
1249 4769 1312 4821 ἂν
1345 4770 1476 4840 μηδὲ
1510 4771 1608 4839 τῆς
1645 4788 1762 4822 κοι-

195 4862 292 4925 νῆς
338 4860 590 4911 ἁπάντων
628 4858 780 4928 τύχοι
830 4860 1025 4927 ταφῆς.
1086 4861 1427 4928 Μαξιμιανος
1483 4857 1577 4914 οὖν
1619 4861 1763 4914 οὕτω

194 4951 667 5018 παρεσκεύασατο,
693 4954 785 5003 καὶ
833 4952 1003 5013 οὕτως
1042 4953 1244 5003 ἐποίειο
1289 4956 1379 5004 καὶ
1411 4953 1485 5023 τῷ
1521 4955 1757 5024 μάρτυρι

197 5042 294 5111 μὲν
329 5043 382 5094 αἱ
416 5041 616 5110 σάρκες
645 5044 763 5103 ταῖς
794 5044 1027 5110 πληγαῖς
1063 5043 1424 5106 διεκόπτοντο,
1464 5050 1557 5096 καὶ
1600 5048 1629 5113 ἡ
1675 5046 1760 5096 ἓν·

192 5135 283 5187 δον
311 5134 609 5204 ἐγυμνοῦτο
658 5132 965 5196 διάπλασις.
1019 5138 1075 5187 '0
1119 5136 1173 5187 δὲ
1204 5136 1394 5205 ὥσπερ
1441 5139 1498 5188 ἐν
1531 5137 1760 5205 λειμῶνι

194 5227 403 5296 χλοερῷ
465 5227 788 5296 διατρίϐων,
839 5230 932 5278 καὶ
990 5229 1174 5295 ἡρέμα
1224 5229 1559 5299 δρεπόμενος
1594 5231 1750 5300 ἄνθη,

198 5317 341 5371 οὕτω
372 5317 620 5384 διέκειτο,
655 5320 747 5372 καὶ
777 5317 990 5391 ,χαίρων
1032 5319 1320 5373 ἀποδίδωσι
1351 5322 1449 5392 τὴν
1478 5323 1654 5391 ψυχὴν
1684 5322 1761 5392 τῷ

194 5410 336 5479 Θεῷ.

270 5502 346 5555 Z'.
389 5501 473 5551 Ὠς
500 5499 556 5552 δὲ
579 5502 672 5553 καὶ
709 5504 739 5571 ἡ
765 5501 899 5570 φλὸξ
926 5503 1018 5554 ἐπὶ
1045 5503 1186 5572 μέγα
1218 5504 1379 5572 ἤρετο
1403 5505 1524 5574 ἤδη,
1561 5504 1757 5577 βροντὴ

195 5594 403 5646 ἄνωθεν
451 5592 722 5660 φρικῶδές
767 5611 820 5645 τι
863 5597 955 5661 καὶ
989 5595 1216 5664 φοϐερὸν
1261 5596 1615 5666 ἀπηχήσασα,
1667 5603 1758 5654 καὶ

197 5686 368 5744 πολὺν
401 5684 605 5755 δμϐρον
654 5688 746 5737 καὶ
796 5686 1038 5755 χάλαζαν
1083 5689 1615 5756 συγκατενεγκοῦσα,
1652 5693 1756 5744 διε-

199 5778 430 5831 σκέδασε
463 5779 558 5844 μὲν
586 5777 711 5838 τοὺς
744 5779 969 5846 δημίους
1011 5783 1103 5831 καὶ
1140 5781 1201 5830 ἐκ
1243 5781 1404 5850 μέσον
1438 5784 1752 5853 πεποίηκεν.

195 5869 350 5927 Οἵδε
383 5869 778 5939 φιλομάρτυρες
834 5873 925 5921 καὶ
964 5871 1198 5936 μάλιστα
1243 5873 1442 5926 τούτων
1493 5875 1539 5927 οε
1581 5892 1740 5928 σπον-

1865 3310 2008 3361 tione
2047 3315 2101 3359 et
2127 3305 2368 3357 cruciatu
2399 3302 2576 3355 statim
2612 3296 2946 3352 liberaberis.
2979 3293 3177 3362 Μαι-ιμ-
3209 3300 3386 3343 autem
3418 3305 3430 3340 :

1861 3398 1940 3450 Tu
1973 3411 2080 3461 me,
2112 3395 2306 3462 inquit,
2345 3394 2577 3444 irridens
2622 3391 2738 3443 haec
2789 3387 3048 3455 loqueris,
3081 3398 3144 3437 ea
3194 3381 3434 3449 maligno

1861 3490 2106 3544 daemone
2155 3487 2208 3539 in
2268 3500 2370 3538 nos
2424 3483 2518 3536 tibi
2579 3488 2922 3550 suggerente.
2984 3476 3095 3546 Ego
3152 3483 3331 3526 autem
3378 3479 3434 3524 et

1864 3582 2012 3652 prius
2045 3579 2258 3648 quidem
2289 3575 2418 3629 tibia
2461 3575 2514 3628 in
2549 3589 2676 3642 agro
2726 3582 2872 3624 recte
2933 3568 3131 3628 cecini,
3191 3577 3428 3632 congre-

1863 3687 1993 3741 gans
2023 3681 2077 3722 et
2109 3681 2368 3722 revocans
2407 3679 2553 3716 meas
2584 3676 2734 3723 oves,
2768 3667 2823 3712 et
2852 3672 2997 3710 nunc
3029 3667 3245 3723 quoque
3295 3663 3434 3704 cano

1865 3761 2090 3812 Domino
2128 3774 2246 3811 meo
2280 3757 2553 3810 canticum
2592 3767 2815 3812 novum,
2849 3750 2968 3817 ejus
2988 3748 3222 3801 salutare
3258 3741 3434 3797 omni-

1861 3853 1961 3906 bus
1994 3849 2346 3903 annuntians.
2381 3846 2493 3897 Tua
2529 3854 2706 3896 autem
2751 3843 2850 3894 dea
2875 3841 3034 3892 fuerit
3078 3840 3322 3899 omnino,
3375 3843 3434 3888 ut

1864 3956 1946 4005 est
1984 3945 2036 3998 in
2078 3941 2385 4013 proverbio,
2423 3939 2607 3992 asinus
2630 3935 2694 3990 ad
2722 3935 2932 3998 tibiam,
2967 3943 3158 4001 utqute
3175 3930 3243 3984 sit
3277 3928 3432 3998 plane

1865 4036 2126 4098 inanima,
2162 4042 2216 4087 et
2248 4032 2397 4084 nullo
2431 4045 2600 4084 sensu
2631 4028 2878 4096 prmdita.

1938 4238 2022 4291 Vl.
2051 4235 2142 4289 His
2180 4232 2536 4286 Maximianus
2577 4227 2747 4294 magis
2795 4226 2850 4276 in
2878 4237 3001 4276 eum
3053 4220 3318 4283 irritatur,
3378 4227 3434 4272 et

1865 4327 2135 4398 prioribus
2153 4321 2586 4380 vehementiores
2608 4317 2657 4369 ei
2685 4315 2871 4384 plagas
2896 4309 3136 4380 imponit
3167 4327 3179 4362 :
3245 4317 3304 4360 ut
3354 4307 3435 4361 sic

1866 4419 2082 4487 quidem
2109 4416 2157 4469 ei
2187 4421 2530 4467 moverentur
2578 4406 2814 4467 articuli,
2888 4413 2942 4455 et
2993 4399 3434 4455 dissolverentur

1867 4523 2173 4579 compages,
2207 4515 2259 4560 et
2315 4502 2566 4558 intestina
2611 4509 2868 4564 tanquam
2899 4509 3039 4562 aqua
3100 4491 3429 4545 dimuerent.

1867 4603 2070 4657 Deinde
2100 4615 2220 4652 cum
2241 4600 2416 4666 ignem
2447 4593 2609 4647 etiam
2646 4587 3007 4645 accendisset.
3049 4586 3093 4639 si
3118 4583 3261 4653 quod
3300 4582 3432 4636 reli-

1863 4707 2030 4764 quum
2059 4697 2202 4744 esset
2259 4685 2587 4745 membrum,
2647 4682 2700 4735 id
2753 4693 2968 4748 quoque
3006 4691 3065 4729 se
3123 4675 3434 4727 minabatur

1865 4784 2299 4840 combusturum,
2332 4785 2391 4829 ut
2429 4790 2496 4828 ne
2536 4773 2757 4842 quidem
2799 4769 3046 4823 omnium
3079 4778 3432 4820 communem

1863 4881 2243 4941 assequeretur
2279 4867 2633 4935 sepulturam.
2671 4861 2762 4914 Sic
2791 4875 2921 4930 ergo
2955 4875 3014 4913 se
3048 4859 3278 4928 parabat
3321 4855 3434 4908 Ma-

1862 4968 2152 5022 ximianus.
2185 4971 2238 5016 et
2268 4962 2346 5014 sic
2363 4957 2596 5011 faciebat
2633 4972 2644 5007 :
2675 4963 2730 5007 et
2753 4952 2972 5022 martyri
2996 4951 3214 5019 quidem
3241 4962 3434 5002 carnes

1861 5059 2030 5131 plagis
2053 5055 2416 5110 laniabantur,
2442 5057 2494 5101 et
2525 5048 2736 5101 interna
2769 5044 3154 5114 aperiebantur
3184 5041 3427 5104 viscera;

1864 5151 1954 5204 ille
2002 5157 2183 5200 autem
2234 5152 2491 5209 tanquam
2531 5139 2583 5191 in
2612 5137 2838 5190 herbido
2867 5143 3023 5203 prato
3066 5147 3313 5196 versans,
3379 5138 3434 5184 et

1864 5253 2060 5294 vernos
2088 5234 2248 5288 ﬂores
2277 5232 2596 5300 decerpens,
2627 5239 2740 5281 erat
2764 5227 3012 5289 aﬂ'cctus,
3048 5235 3104 5279 et
3138 5223 3295 5277 laetus
3321 5220 3433 5274 Deo

1865 5329 2040 5384 reddit
2068 5327 2328 5380 animam.

1933 5507 2044 5564 VII.
2075 5507 2209 5563 Cum
2237 5515 2416 5561 autem
2443 5499 2552 5569 jam
2583 5500 2792 5554 ﬂamma
2829 5497 2880 5549 in
2913 5497 3079 5551 altum
3116 5503 3260 5549 esset
3303 5491 3432 5547 sub-

1863 5604 1992 5665 lata,
2024 5600 2266 5655 terribile
2317 5594 2720 5651 etliorrendum
2748 5591 2948 5644 tonitru
2976 5601 3263 5648 resonans,
3291 5587 3430 5638 mul-

1865 5704 2087 5763 tumque
2135 5692 2362 5745 imbrem
2415 5697 2470 5742 et
2543 5684 2860 5754 grandinem
2919 5676 3080 5734 simul
3144 5677 3428 5746 dejiciens,

1869 5787 2087 5842 lictores
2120 5785 2337 5852 quidem
2373 5781 2583 5848 depulit
2613 5788 2666 5832 et
2703 5777 2992 5847 dispersit;
3037 5772 3190 5827 amici
3247 5780 3426 5823 autem

1867 5874 2523 5946 martyrum,etma.\ime
2590 5872 2621 5926 ii
2678 5871 2767 5939 qui
2826 5875 2981 5924 erant
3039 5862 3423 5936 diligentiores,
