4198 6438
722 355 830 420 639

725 483 915 522 secure
981 466 1303 537 colligebant
1365 466 1616 536 martyris
1712 467 1989 536 reliquias.

727 569 906 612 autem
935 574 1054 613 cum
1083 574 1188 611 nox
1216 573 1430 626 quoque
1465 557 1802 623 advenisset,
1834 574 1940 610 non
1968 559 2065 612 fuit
2113 569 2289 613 retar—

727 651 911 702 datum
949 649 1162 700 illorum
1196 658 1505 717 promptum
1531 656 1584 702 et
1607 648 1785 704 alacre
1813 650 2073 702 studium.
2107 647 2293 717 Neque

725 743 871 796 enim
900 751 1015 794 erat
1041 756 1140 793 nox
1172 741 1425 809 amplius,
1459 739 1553 794 sed
1585 741 1671 794 lux
1704 742 2009 795 clarissima
2048 743 2296 810 protinus

730 831 1078 888 illucescens.
1153 846 1213 882 ca
1283 832 1544 884 reddebat
1621 831 1930 892 manifesta,
1992 847 2111 900 quae
2187 848 2293 886 non

729 919 1016 984 oportebat
1041 918 1230 977 latere,
1267 929 1319 970 et
1353 920 1640 988 praestabat
1675 928 1731 972 ut
1754 935 1815 970 ea
1838 918 1993 972 facile
2043 919 2298 973 tolleren-

729 1020 816 1060 tur
853 1020 906 1061 et
933 1007 1311 1081 colligerentur
1333 1025 1360 1060 a
1384 1010 1503 1076 piis.
1529 1011 1658 1074 Quae
1678 1010 1897 1078 quidem
1917 1011 2093 1062 omnia
2114 1019 2298 1064 sancte

730 1099 952 1150 collecta
989 1098 1216 1164 septimo
1249 1097 1605 1165 Septembris,
1641 1099 1953 1167 prmclaram
2004 1107 2057 1150 et
2087 1099 2296 1167 magni-

739 1189 894 1241 ficam
970 1201 1216 1242 assecuta
1269 1199 1397 1242 sunt
1450 1191 1809 1259 sepulturam.
1862 1191 1975 1245 Lux
2021 1191 2164 1243 enim
2215 1192 2299 1244 illa

734 1281 894 1331 etiam
923 1296 1093 1347 usque
1122 1281 1186 1333 ad
1219 1281 1394 1348 ipsum
1419 1282 1566 1333 venit
1599 1283 1932 1350 sepulcrum,
1970 1291 2021 1335 et
2045 1298 2299 1351 perman-

732 1376 803 1426 sit
847 1375 898 1426 in
925 1376 1201 1442 sepultura
1253 1375 1635 1444 reliquiarum.
1703 1376 1906 1430 Deinde
1959 1391 2172 1430 reversa
2219 1385 2303 1430 est.

735 1479 836 1515 nox
871 1466 934 1515 ad
972 1480 1120 1516 suam
1144 1475 1388 1521 naturam
1420 1482 1433 1529 ;
1469 1476 1520 1519 et
1554 1468 1750 1534 ubique
1785 1467 1885 1520 fuit
1921 1468 2099 1524 Sozon
2160 1485 2302 1536 prae-

735 1555 945 1606 dicatus
973 1554 1144 1606 victor
1179 1554 1468 1619 praeclarus
1503 1555 1567 1608 ad
1595 1555 1816 1626 gloriam
1855 1558 1944 1610 Dei
2001 1557 2199 1618 Patris,
2252 1568 2306 1611 et

737 1644 946 1696 Domini
983 1646 1148 1698 nostri
1177 1643 1305 1698 Jesu
1357 1646 1581 1708 Christi,
1659 1661 1821 1713 quem
1893 1647 2047 1699 decet
2115 1647 2307 1709 honor,

736 1735 900 1801 gloria
932 1747 985 1790 et
1014 1738 1250 1806 potentia
1291 1737 1344 1790 in
1380 1737 1573 1791 sazcula
1610 1737 1953 1792 saculorum.
1985 1739 2174 1791 Anien.

1390 2019 1671 2037 ε’*

1947 351 2229 412 MENSIS
2267 350 2742 410 SEPTEMBER.

3883 355 4006 418 640

2067 466 2289 520 Interim
2329 470 2368 524 Α
2399 465 2691 534 δαιοτεροι,
2751 463 2930 528 ἀδείας
2970 465 3260 534 λαεὸμινοι
3305 465 3400 536 τῆς
3451 466 3559 520 ἀπὸ
3599 466 3706 520 τῶν
3737 469 4002 537 δημίων,

2399 557 2624 623 ἄσμενοι
2658 558 2725 607 τὰ
2783 558 3095 627 μαρτυρτκὰ
3143 557 3427 625 συνέλεγον
3467 558 3694 628 λείψανα
3727 577 3741 591 ο
3790 563 3858 613 ἐν
3887 550 4004 614 ’το-

2401 647 2576 716 σούτῳ
2608 651 2700 700 καὶ
2737 650 2768 717 ἡ
2803 649 2896 714 νὺξ
2929 651 3292 719 ἐπιγενομένη
3321 650 3418 720 τὴν
3445 651 3669 704 ἐκείνων
3700 654 3802 706 οὐκ
3850 655 4001 708 ἐπέ-

2401 757 2565 793 κοπτε
2587 740 2911 810 προθυμίαν,
2945 742 3123 794 οὐκέτι
3149 743 3252 811 γὰρ
3287 742 3401 794 οὐδὲ
3435 743 3571 812 αὑτὴ
3597 746 3692 811 νὺξ
3715 742 3802 814 ἦν,
3841 747 3996 798 ἀλλὰ

2401 834 2514 901 φῶς
2545 833 2925 902 λαμπρότατον
2969 829 3079 886 οἷον
3115 834 3311 887 αὐτίκα
3343 835 3630 903 ἐκλάμψαν
3654 837 3790 902 δῆλά
3822 853 3891 888 τε
3923 839 3996 888 τὰ

2406 925 2479 993 μὴ
2512 924 2603 976 τοῦ
2636 925 2816 976 λαϐεῖν
2849 925 2975 989 ἄξια
3011 926 3204 985 ἐποίει,
3239 928 3328 978 καὶ
3371 927 3716 994 ἀναιρεῖσθαι
3747 930 3868 988 τοῖς
3903 928 3996 978 εὖ·

2406 1015 2584 1068 σεϐἐσι
2622 1017 2817 1087 ῥᾳδίως
2849 1018 2987 1071 αὐτὰ
3023 1019 3116 1070 καὶ
3159 1017 3433 1083 συλλέγειν
3474 1019 3842 1087 παρεῖχεν.“Α
3889 1020 3994 1085 δή·

2405 1125 2508 1160 που
2540 1109 2718 1161 πάντα
2742 1111 2833 1160 καὶ
2859 1109 3017 1179 ἱερῶς
3043 1108 3370 1176 συλλεγέντα
3394 1111 3592 1180 ἐϐδόμῃ
3617 1111 3711 1162 τοῦ
3733 1111 4002 1177 Σεπτεμ-

2406 1201 2558 1268 ὁρίου
2586 1201 2865 1269 φιλοτίμου
2901 1203 3075 1269 ταφῆς
3115 1202 3271 1268 ἔτυχε
3327 1200 3420 1252 καὶ
3444 1201 3725 1269 λαμπρᾶς.
3761 1203 3832 1253 Τὸ
3875 1202 4002 1268 φῶς

2407 1293 2514 1360 γὰρ
2550 1294 2722 1344 ἐκεῖνο
2774 1292 2868 1343 καὶ
2910 1292 3044 1361 πρὸς
3077 1293 3240 1345 αὑτὸν
3272 1287 3403 1361 ἦλθε
3442 1294 3532 1343 τὸν
3582 1295 3756 1359 τάφον
3786 1295 3890 1344 καὶ
3933 1295 3998 1360 τῇ

2406 1382 2515 1436 τῶν
2556 1384 2821 1452 λειψάνων
2875 1387 3014 1454 ταφῇ
3045 1387 3340 1453 παρέμεινε
3394 1386 3653 1448 πάντων,
3707 1381 3831 1437 εἶτα
3900 1386 3999 1435 καὶ

2408 1476 2614 1528 οἰκείαν
2649 1477 2809 1531 πάλιν
2845 1477 2990 1546 mea
3019 1477 3270 1529 ἀνείλετο
3301 1479 3483 1543 φύσιν,
3519 1479 3612 1530 καὶ
3645 1479 3730 1529 διὰ.
3757 1478 3996 1529 πάντων

2409 1571 2435 1620 ὁ
2474 1568 2723 1636 λαμπρὸς
2754 1569 3154 1636 ἀνεκηρύττετο
3185 1569 3538 1635 στεφανίτης,
3584 1572 3662 1628 εἰς
3694 1567 3859 1632 δόξαν
3898 1566 3998 1618 τοῦ

2412 1659 2545 1710 Θεοῦ
2597 1659 2824 1727 Πατρὸς,
2855 1661 2950 1711 καὶ
2999 1660 3202 1728 Κυρίου
3241 1658 3396 1728 ἡμῶν
3439 1657 3613 1724 Ἰησοῦ
3649 1659 3925 1728 Χριστοῦ,

2419 1751 2618 1816 πρέπει
2648 1750 2803 1819 τιμὴ,
2855 1749 3053 1820 κράτος
3089 1752 3166 1813 εἰς
3203 1749 3328 1813 τοὺς
3360 1748 3562 1812 αἰῶνας
3599 1749 3707 1800 τῶν
3741 1752 3996 1802 αἰώνων.

2419 1841 2473 1893 Ἀ
2487 1848 2610 1910 μὴν.

1676 2018 3975 2042 W

1136 2175 1760 2261 ΜΑΡΤΥΡΙΟΝ
1835 2177 2060 2259 ΤΟΥ
2133 2177 2466 2260 ΑΓΙΟΥ
2545 2178 3578 2262 ΜΕΙἊΛΟΜΑΡΤΥΡΟΣ

1815 2367 2911 2502 ΣΕΥΗΡΙΑΝΟΥ.

1008 2791 1726 2881 MARTYBIUM

1849 2791 2259 2877 SANCTI
2370 2788 2520 2876 ET
2619 2786 2992 2879 MAGNI
3114 2785 3724 2877 MABTYRIS

1968 2981 2776 3116 SEVERIANI.

1199 3229 1391 3281 (Grece
1431 3238 1494 3274 ex
1523 3226 1632 3274 cod.
1658 3238 1748 3275 ms.
1795 3223 1952 3274 Paris.
1987 3236 2035 3271 n.
2068 3222 2209 3280 l523,
2239 3235 2353 3273 sec.
2380 3237 2472 3283 xu;
2508 3222 2682 3274 Latine
2705 3227 2831 3288 apud
2860 3225 3058 3276 Snrium
3081 3227 3138 3275 ad
3164 3229 3294 3275 diem
3319 3228 3348 3274 9
3380 3227 3545 3287 Sept.)

823 3533 863 3585 1.
895 3529 1100 3583 Licinio
1126 3528 1292 3594 impio
1315 3527 1640 3592 imperante,
1696 3521 1903 3590 Lysias,
1936 3523 2025 3589 qui
2055 3533 2182 3576 tunc
2209 3533 2323 3578 erat
2357 3530 2398 3588 Β

2357 3530 2398 3588 Β
2498 3529 2574 3582 A'.
2601 3525 2874 3580 Λικιννίου
2904 3522 2996 3578 τοῦ
3019 3523 3313 3586 δυσσεόοῦς
3331 3523 3728 3595 βασιλεύοντος,
3765 3526 3999 3594 Λυσίας,

754 3625 884 3685 dux,
921 3621 1247 3688 properabat
1280 3632 1309 3670 e
1343 3617 1587 3669 Caesarea
1623 3614 1808 3669 venire
1852 3613 2136 3669 Sebasten.
2183 3615 2318 3670 Eum

757 3713 904 3768 enim
944 3712 1173 3764 vocabat
1207 3717 1423 3777 tempus
1459 3716 1757 3778 martyrum
1797 3707 2002 3763 Christi
2040 3709 2318 3775 :illorum,

758 3811 1000 3874 inquam,
1036 3802 1256 3855 victoria
1294 3800 1582 3869 insignium
1611 3800 1987 3866 quadraginta.
2031 3798 2323 3865 Postquam

756 3908 939 3950 autem
985 3894 1092 3945 illis
1124 3893 1188 3944 ad
1231 3892 1390 3942 finem
1429 3886 1677 3957 pervenit
1708 3888 2046 3959 martyrium,
2080 3885 2324 3942 Severia-

760 4002 862 4040 nus
912 3997 1128 4054 quoque
1169 3981 1235 4037 ad
1287 3981 1478 4036 ducem
1534 3981 1794 4034 defertur.
1853 3981 1978 4036 Fuit
2014 3992 2191 4037 autem
2233 3983 2325 4036 hic

761 4080 842 4131 vir
891 4077 1116 4147 insignis
1170 4075 1391 4127 virtute.
1442 4073 1809 4124 Nuntiabatur
1862 4087 2014 4133 vero,
2049 4074 2194 4140 quod
2241 4074 2329 4126 hie

762 4170 1089 4224 Severianus
1119 4180 1224 4216 non
1260 4164 1433 4217 solum
1467 4159 1832 4216 Christianam
1867 4171 2079 4216 teneret
2112 4162 2328 4232 religio-

763 4275 911 4322 nem,
961 4266 1016 4312 et
1072 4256 1273 4310 cultum
1313 4255 1555 4325 gentium
1611 4253 1828 4322 probris
1881 4269 1944 4309 ac
1982 4256 2330 4310 contumeliis

764 4359 951 4418 aperte
1009 4346 1282 4410 alliceret;
1339 4344 1434 4398 sed
1488 4343 1651 4396 etiam
1708 4343 1905 4395 multos
1962 4360 2026 4396 ex
2079 4345 2331 4412 gentibus

764 4440 1061 4508 decipiens,
1115 4438 1181 4490 ad
1232 4451 1392 4489 suum
1427 4434 1596 4487 Deum
1633 4433 1946 4487 adduceret.
1983 4433 2184 4488 Praeter
2219 4434 2334 4488 haec

766 4531 929 4592 etiam
982 4529 1115 4581 alias
1163 4526 1504 4580 intentabant
1552 4525 1599 4580 ei
1651 4525 2082 4590 criminationes,
2139 4538 2333 4595 nempe

764 4623 906 4691 quod
941 4619 1298 4691 quadraginta
1343 4617 1584 4676 illorum,
1633 4617 1722 4683 qui
1754 4616 1914 4684 paulo
1948 4624 2075 4670 ante
2110 4617 2336 4671 viriliter

766 4719 1200 4774 decertaverant,
1237 4718 1291 4762 et
1331 4723 1509 4776 neque
1540 4716 1932 4760 tormentorum
1967 4707 2332 4776 experientia,

767 4820 941 4873 neque
983 4805 1248 4858 bonorum
1285 4800 1569 4870 promissis
1616 4800 1929 4860 cessissent,
1962 4800 2055 4854 sed
2089 4801 2334 4854 eumdem

769 4906 968 4951 statum
1005 4909 1172 4964 usque
1202 4893 1266 4946 ad
1296 4902 1525 4946 mortem
1555 4905 1664 4960 prae
1694 4906 1751 4944 se
1783 4891 2056 4950 tulissent.
2091 4890 2337 4944 Severia-

770 5003 876 5041 nus
926 4986 1090 5040 fuerit
1143 4983 1431 5052 praecipua-
1462 4998 1624 5035 causa
1660 4997 1848 5034 eorum
1899 4981 2199 5035 tolerantia:
2233 4998 2247 5033 :
2288 4991 2343 5035 et

769 5077 913 5149 quod
952 5092 1076 5132 cum
1117 5075 1312 5128 multas
1347 5072 1570 5126 haberet
1613 5071 1918 5135 facultates,
1957 5072 2163 5125 nullum
2195 5071 2341 5126 sine-

770 5180 857 5226 ret
885 5185 1043 5241 egere
1068 5183 1134 5222 ex
1176 5168 1244 5222 iis
1268 5167 1357 5235 qui
1390 5173 1547 5218 erant
1576 5162 1818 5232 ejusdem
1852 5163 2133 5216 sententia:
2158 5180 2172 5226 ;
2207 5163 2339 5231 quin

774 5262 936 5317 etiam
969 5275 1062 5314 eos
1090 5258 1182 5326 qui
1226 5255 1644 5310 includebantur
1673 5254 1726 5307 in
1757 5254 2036 5316 custodiis,
2064 5266 2344 5324 propterea

774 5347 921 5417 quod
976 5344 1239 5398 mutarint
1292 5343 1632 5411 religionem,
1686 5357 1793 5394 non
1845 5343 2071 5405 sineret,
2127 5355 2345 5413 propter

774 5453 959 5493 rerum
1012 5432 1441 5489 necessariarum
1477 5432 1851 5502 indigentiam,
1906 5434 2188 5488 meliorum
2224 5451 2344 5489 sus-

777 5531 962 5600 cipere
1000 5530 1323 5582 sententiam
1362 5540 1376 5577 :
1410 5526 1502 5579 sed
1553 5526 1759 5578 affatim
1839 5525 1919 5579 eis
1972 5527 2345 5595 suppeditans,

777 5622 1030 5677 redderet
1081 5619 1531 5688 impudentiores.
1582 5618 1645 5670 Et
1693 5618 1806 5672 haec
1855 5619 2069 5687 quidem
2125 5621 2346 5685 invidia,

784 5730 849 5769 ex
881 5715 1114 5770 veritate
1146 5727 1265 5768 sum

2423 3621 2482 3673 τὸ
2512 3619 2807 3688 τηνικαῦτα
2835 3617 2958 3684 ὃοὺξ
2992 3616 3087 3682 ὢν,
3114 3623 3175 3670 ἐκ
3199 3618 3534 3687 Καισαρείας
3561 3618 3817 3686 γενέσθαι
3852 3622 3998 3671 κατὰ

2423 3711 2520 3778 τὴν
2565 3708 2892 3762 Σεϐαστείαν
2945 3706 3205 3757 ἔσπευδεν
3227 3723 3239 3736 ο
3269 3706 3448 3758 ἐκάλει
3501 3709 3608 3776 γὰρ
3636 3709 3800 3760 αὑτὸν
3824 3714 3849 3762 ὁ
3877 3729 3999 3763 xu:—

2428 3800 2518 3870 ρδς
2541 3801 2647 3850 τῶν
2675 3798 2910 3866 Χριστοῦ
2945 3795 3259 3865 μαρτύρων,
3295 3795 3404 3848 τῶν
3445 3797 3796 3859 καλλινίκων,
3823 3807 3995 3870 φημὶ,

2425 3891 2850 3961 τεσσαράκοντα.
2893 3889 2977 3951 Ὠς
3013 3883 3104 3942 οῦν
3139 3887 3368 3950 ἐκεινοις
3394 3888 3450 3940 τὸ
3483 3888 3782 3958 μαρτύριον
3825 3895 3999 3961 πέρας

2428 3979 2561 4052 εἶχε,
2587 3981 2841 4052 γνώριμα
2874 3981 2949 4049 τῷ
2993 3980 3146 4034 δουκὶ
3173 3981 3267 4033 καὶ
3289 3978 3359 4032 τὰ
3392 3981 3518 4049 περὶ
3551 3981 3881 4051 Σευηριανοῦ
3920 3987 3997 4051 γί-

2427 4093 2593 4129 νεται.
2627 4075 2789 4144 Ἀνὴρ
2814 4075 2868 4126 δὲ
2890 4071 3043 4136 οὗτος
3075 4074 3170 4143 τὴν
3198 4073 3398 4144 ἀρετὴν
3424 4074 3727 4142 διαϐόητος.
3769 4077 3998 4144 Ἠγγέλ-

2427 4167 2549 4217 λετο
2571 4167 2625 4216 δέ
2649 4167 2728 4217 ὅτι
2760 4167 3084 4234 Σευηριανδς
3114 4160 3266 4225 οὗτος
3294 4166 3352 4215 οὗ
3389 4166 3546 4232 μόνον
3569 4166 3634 4215 τὰ
3653 4167 3999 4233 Χριστιανῶν

2431 4258 2515 4326 εἴη
2565 4256 2912 4327 πρασσεύων,
2962 4256 3260 4325 ἐξυϐρίζων
3315 4255 3370 4306 δὲ
3429 4254 3560 4322 πρὸς
3617 4255 3683 4305 τὰ
3726 4251 3997 4324 Ἑλλήνων

2433 4351 2858 4419 ἐπιφανέστατα,
2915 4346 3029 4401 ἀλλ’
3087 4348 3169 4400 ὅτι
3227 4347 3321 4401 καὶ
3359 4347 3589 4408 πολλοὺς
3619 4340 3755 4401 ὄσαθ
3797 4350 3995 4419 ἡμέραι

2433 4440 2537 4490 τῶν
2567 4441 2853 4510 ἡμετέρων
2878 4438 3164 4503 ἐξαπατῶν
3198 4438 3274 4507 τῷ
3306 4439 3500 4491 ἑαυτοῦ
3537 4440 3810 4506 προσάγει
3871 4442 3997 4509 X9:-

2438 4532 2570 4602 στῷ.
2595 4531 2734 4601 Πρὸς
2765 4531 2972 4591 τούτοις
3002 4531 3095 4580 καὶ
3123 4529 3286 4588 ἄλλας
3321 4528 3467 4596 αὐτῷ
3504 4530 3840 4596 κατηγορίας
3870 4534 3999 4601 ἐπῆ-

2437 4640 2554 4690 γον,
2595 4624 2675 4673 ὅτι
2706 4636 2789 4683 τε,
2828 4619 2936 4670 τῶν
2961 4619 3065 4689 πρὸ
3101 4616 3295 4688 μικροῦ
3321 4617 3724 4688 τεσσαράκοντα
3747 4623 3999 4685 γενναίως

2438 4711 2869 4785 ἁνδρισαμένων,
2900 4711 2991 4764 καὶ
3027 4713 3162 4781 μήτε
3205 4709 3454 4780 βασάνων
3486 4709 3670 4779 πείρᾳ,
3701 4711 3842 4777 μήτε
3872 4713 3997 4777 ἀγα-

2441 4801 2547 4853 οῶν
2575 4799 2927 4866 ἐπαγγελίαις
2992 4797 3536 4863 ἐνδεδωκότων,ἀλ).ὰ
3565 4798 3730 4868 μέχρι
3771 4800 3995 4853 θανάτου

2439 4893 2823 4960 διενεγκόντων
2845 4893 2943 4961 τὴν
2970 4891 3240 4956 ἔνστασιν,
3271 4890 3600 4961 Σευηριανὸς
3626 4891 3710 4955 εἴη
3745 4896 3846 4958 τῆς
3870 4911 3995 4964 καρ-

2437 4987 2621 5055 τερίας
2674 4986 2871 5052 ταύτης
2902 4985 2930 5035 ὁ
2968 4982 3310 5047 αἰτιώτατος,
3334 4985 3427 5035 καὶ
3458 4984 3561 5041 ὃτι.
3604 4988 3759 5051 φησι,
3800 4987 3997 5037 πολλῶν

2440 5076 2732 5147 χρημάτων
2768 5075 2952 5146 κύριος
2991 5074 3064 5127 ὢν
3093 5075 3281 5126 οὐδένα
3313 5072 3418 5124 τῶν
3445 5073 3720 5142 ὁμοδόξων
3747 5077 3994 5128 πένεσθαι

2442 5167 2679 5236 παρορᾷ,
2707 5166 2842 5218 ἀλλὰ
2899 5164 2993 5216 καὶ
3023 5165 3149 5225 τοὺς
3185 5166 3242 5214 ἐν
3276 5163 3546 5231 φυλακαῖς
3609 5163 3998 5233 κατακλειομέ-

2443 5278 2562 5322 νους
2601 5257 2689 5310 διὰ
2739 5259 2838 5324 τὴν
2886 5260 2948 5310 ἐκ
2990 5257 3086 5325 τῆς
3143 5255 3439 5326 Θρησκείας
3487 5254 3668 5304 αὐτῶν
3724 5255 3998 5321 μετάθεσιν

2441 5353 2540 5404 οὐκ
2578 5351 2642 5419 ἐᾷ
2674 5352 2738 5421 τῇ
2770 5349 2948 5421 ἐνδείᾳ⁸
2991 5347 3100 5400 τῶν
3146 5347 3462 5413 ἀναγκαίων
3511 5345 3785 5412 φρονῆσαί
3819 5364 3869 5399 τι
3896 5349 3999 5413 βέλ.

2442 5457 2578 5505 τιον,
2596 5439 2731 5491 ἀλλὰ
2760 5439 2992 5508 δαψιλῶς
3017 5437 3269 5507 παρέχων
3294 5434 3671 5506 ἰταμωτέρους
3697 5438 3992 5502 καθίστησι.

2447 5535 2555 5584 Καὶ
2581 5532 2865 5600 ταῦταμὲν
2896 5533 2921 5583 ὁ
2953 5529 3148 5598 φθόνος
3184 5530 3247 5580 ἐκ
3288 5526 3390 5595 τῆς
3416 5526 3679 5597 ἀληθείας
3712 5527 3990 5596 λαμϐάνων

2448 5628 2542 5686 τὰς
2576 5625 2850 5708 ἀφορμὰς.
