4198 6438
160 368 260 429 ﬁlii

156 571 380 636 λόμενα,
418 568 574 619 τοῦτο
608 568 704 636 μὲν
738 567 997 636 ἡδομένη,
1023 565 1254 618 τοῦτοδὲ
1284 564 1377 616 καὶ
1403 565 1538 632 πρὸς
1566 564 1734 632 ὀργὴν

159 661 322 720 εὐθυς
374 659 755 728 ἑρεθιζομένη.
818 659 1014 712 Ἤδετο
1079 655 1305 726 μὲνγὰρ
1334 651 1413 716 οἷς
1447 659 1539 706 καὶ
1576 654 1734 717 αὖθις

159 749 409 813 κολάζειν
430 749 678 819 ἔμελλεν,
699 751 834 818 ὅπερ
857 745 924 818 ἦν
949 748 1097 817 αὐτῷ
1127 748 1194 800 δι’
1218 746 1499 815 ὠμότητος
1520 738 1735 814 περιου-

166 840 294 892 σίαν
345 839 405 892 τὸ
459 840 852 910 χαριέστατον·
903 839 1125 913 ἐξήγετο
1156 839 1212 890 δὲ
1246 841 1381 907 πρὸς
1439 839 1607 907 ὀργὴν
1654 833 1734 899 οἷς

159 931 298 992 ὅλως
337 931 641 999 ἐμάνθανεν
673 927 814 983 εἷναί
834 948 954 983 τινα
972 930 1065 982 τὸν
1094 929 1401 999 θαρροῦντα
1418 932 1514 997 τῆς
1538 929 1735 980 τοσαύ-

159 1039 262 1088 της
331 1023 494 1075 αύτοῦ
553 1023 748 1092 μανίας
803 1023 1097 1091 ὑπεριδεῖν.
1161 1021 1438 1073 Ἐϐούλετο
1477 1022 1602 1090 ’γὰρ
1641 1023 1734 1073 καὶ

164 1111 302 1181 μόνῃ
335 1113 397 1180 τῇ
446 1112 602 1181 φήμῃ
650 1112 747 1181 τῆς
799 1110 1123 1182 ἀγριότητος
1181 1111 1308 1172 τοὺς
1359 1111 1448 1162 τὸν
1498 1111 1733 1176 Χριστον

160 1202 600 1270 προσκυνοῦντας
626 1204 994 1273 ὑποπτήσσειν
1019 1202 1199 1266 αὑτὸν,
1223 1204 1318 1254 καὶ
1343 1203 1419 1262 εις
1471 1203 1730 1270 ἐσχάτους

163 1297 370 1362 μυχοὺς
400 1295 844 1363 ἀποκρύπτεσθαι
873 1310 884 1322 ·
920 1295 1002 1346 ἵνα
1031 1293 1087 1345 δὲ
1115 1297 1206 1344 καὶ
1232 1294 1304 1362 μὴ
1331 1293 1506 1361 μάτην
1530 1293 1730 1356 Λυσίας

161 1388 592 1456 κατονομάζοιτο
616 1389 831 1459 (ἐλύττα
859 1391 966 1456 γὰρ
1000 1388 1138 1440 κατὰ
1165 1387 1505 1457 Χριστιανῶν
1534 1385 1731 1439 λύτταν

161 1479 421 1554 ἄμαχον),
458 1480 774 1531 ἀποστέλλει
796 1479 947 1538 τινας
973 1478 1111 1548 μετὰ
1138 1479 1368 1548 φοϐεροῦ
1424 1477 1516 1530 τοῦ
1551 1479 1735 1530 κελεύ-

166 1589 373 1638 σματος
407 1575 756 1643 ἀνάρπαστον
824 1575 1025 1627 αὐτίκα
1086 1576 1412 1645 Σευηριανὸν
1484 1576 1730 1639 ἄξοντας.

161 1664 226 1714 Τί
255 1663 314 1714 δὲ
350 1663 502 1716 ὁτοῦ
557 1666 795 1736 Χριστοῦ
857 1667 1234 1735 carpendum;
1285 1651 1418 1718 Οὐδὲ
1483 1667 1732 1734 ἀνέμεινε

158 1756 284 1815 τους
332 1756 707 1824 πεμφθέντας,
738 1757 876 1809 ἀλλὰ
912 1760 1123 1825 φθάσας
1172 1757 1347 1810 αὐτῶν
1395 1757 1492 1826 τὴν
1550 1758 1731 1823 ἄφιξιν

159 1845 238 1914 τῷ
292 1848 446 1900 δουκὶ
481 1850 748 1918 παρέστη,
787 1852 879 1901 καί
917 1850 1228 1918 παρρησίας
1259 1845 1396 1900 εἷναι
1423 1849 1512 1900 τὸν
1544 1850 1733 1917 καιρὸν

161 1935 524 2005 λογισάμενος
562 1976 575 1999 ,
613 1934 680 1988 Ὠ
717 1939 909 1999 Λυσία,
964 1940 1146 2005 φησὶν,
1198 1937 1293 2006 οὐχ
1331 1940 1510 1990 ἱκανόν
1545 1956 1625 1991 σοι
1676 1939 1734 1991 τὸ

163 2029 330 2095 μόνον
355 2027 687 2081 ἀπόλλυσθαι
720 2032 808 2081 καὶ
844 2030 984 2081 κατᾶ
1029 2029 1253 2083 σεαυτοῦ
1286 2031 1344 2084 τὸ
1371 2031 1519 2099 ξίφος
1553 2029 1734 2094 ὠθεῖν,

160 2119 302 2169 ἀλλὰ
342 2123 432 2170 καὶ
464 2123 558 2181 τὰς
585 2122 853 2190 ἡμετέρας
881 2121 1056 2189 βούλει
1113 2124 1487 2191 παραπολέσαι
1537 2124 1732 2192 ψυχὰς,

160 2212 254 2261 καὶ
286 2209 360 2270 ὡς
389 2209 619 2279 ἕρμαιόν
673 2230 724 2265 τι
783 2213 982 2276 ταύτας
1042 2216 1150 2275 τοῖς
1210 2215 1431 2281 δαίμοσι
1461 2218 1571 2276 τοῖς
1623 2219 1735 2276 σοῖς

161 2304 500 2369 παρασχείν;
550 2304 689 2354 Ἀλλ’
730 2306 838 2356 ἴσθι
879 2307 974 2374 μὲν
1004 2308 1076 2367 ὡς
1133 2307 1232 2358 οὐκ
1279 2306 1562 2374 άγεννὲσιν
1619 2305 1735 2357 οὐδὲ

161 2393 521 2462 μικροψύχοις
577 2397 917 2466 περιτύχοις·
953 2401 1077 2465 ἐμοὶ
1137 2399 1244 2466 γὰρ
1301 2397 1443 2450 κατὰ
1485 2400 1574 2450 τὸν
1607 2399 1737 2466 ἐμὸν

158 2485 481 2538 διδάσκαλον
539 2488 745 2539 Παῦλον
821 2491 884 2540 τὸ
946 2488 1052 2555 ζῇν
1110 2490 1381 2554 Χριστὸς,
1441 2492 1631 2540 καὶτὸ
1665 2490 1736 2540 δι’

159 2575 400 2628 ἐκεῖνον
427 2578 752 2630 ἀποθανεῖν
785 2577 995 2644 κέρδος
1024 2577 1332 2645 μέγιστον.

233 2748 310 2802 1".
333 2750 554 2814 Τούτοις
583 2754 609 2805 ὁ
628 2754 866 2824 ἀθλητὴς
893 2757 984 2806 τὸν
1011 2758 1107 2826 τῆς
1134 2757 1391 2818 ἀπονοίας
1412 2757 1620 2827 πύργον
1650 2761 1739 2811 εν-

163 2840 263 2902 Θὺς
301 2843 539 2896 ἐνέσεισε
573 2845 666 2897 τοῦ
702 2847 1024 2916 ἀλάστορος,
1056 2848 1213 2900 τοῦτο
1242 2850 1338 2916 μὲν
1369 2851 1450 2900 ὅτι
1503 2851 1631 2918 παρ’
1655 2850 1733 2900 ἐλ-

162 2933 298 2986 πίδα
331 2935 509 2987 πᾶσαν
551 2936 685 3004 μηδὲ
728 2937 993 3004 κληθῆναι
1043 2940 1367 3005 περιμείνας
1421 2940 1735 3004 ἀπήντησε·

161 3025 328 3077 τοῦτο
361 3025 416 3077 δὲ
455 3027 534 3078 ὅτι
577 3028 670 3079 καὶ
696 3027 907 3096 ἀπίστῳ
933 3028 1101 3098 τόλμῃ
1146 3029 1277 3097 παρ’
1309 3028 1441 3080 αὐτὸ
1472 3027 1534 3080 τὸ
1564 3028 1738 3096 φανῆ-

1265 363 1726 424 MARTYRIUM
1769 363 1808 421 S
1871 363 2308 425 SEVERIANI.

230 477 302 531 θ’.
346 475 408 530 Ἦ
437 476 490 527 δὲ
516 476 604 526 τοῦ
633 477 821 539 δουκος
859 475 1001 546 ἀκοὴ
1056 474 1268 542 ὶδέχετο
1296 465 1364 526 τὰ
1389 473 1733 540 προσαγγελ.
1769 481 1807 535 Α

3297 365 3401 426 642

1911 473 1977 528 ll.
2011 473 2140 538 Quae
2179 489 2311 528 vero
2342 475 2754 538 nuntiabantur,
2810 475 2918 529 dux
2959 476 3150 539 audiit,
3208 475 3402 545 partim

1837 567 2050 634 quidem
2085 567 2258 628 ketus.
2293 568 2489 636 partim
2537 571 2715 620 autem
2747 567 2809 620 ad
2849 569 2979 620 iram
3038 569 3288 635 protinus
3322 565 3406 620 in-

1837 655 2052 706 citatus.
2098 654 2232 708 Nam
2285 655 2567 709 lzetabatur
2618 657 2861 724 quidem,
2913 659 3054 725 quod
3099 673 3216 710 mox
3261 667 3408 711 esset

1838 744 2142 811 puniturus,
2201 748 2343 814 quod
2405 757 2624 815 propter
2683 763 2955 801 summam
3025 749 3405 802 crudelitatem

1835 843 1955 888 erat
2001 835 2047 887 ei
2090 836 2547 901 jucundissimum
2595 854 2610 890 :
2665 837 2742 889 ira
2774 845 2953 888 autem
3010 838 3406 896 coneitabatur.

1837 926 1978 993 quod
2034 926 2353 996 intelligeret
2404 929 2624 980 omnino
2658 943 2777 982 esse
2809 928 3066 996 aliquem,
3104 930 3194 996 qui
3233 930 3405 982 aude-

1838 1027 1919 1070 ret
1948 1019 2226 1085 despicere
2275 1027 2476 1071 tantam
2516 1020 2635 1087 ejus
2675 1021 2963 1072 insaniam.
3001 1018 3234 1074 Volebat
3265 1023 3405 1074 enim

1839 1107 1920 1158 vel
1954 1108 2064 1160 Sola
2120 1109 2260 1162 fama
2301 1109 2594 1163 auditionis
2626 1125 2718 1164 eos
2757 1112 2846 1180 qui
2881 1111 3158 1165 Christum
3213 1114 3408 1166 adora-

1837 1197 1988 1256 bant.
2022 1201 2197 1264 ipsum
2249 1202 2562 1264 formidare,
2609 1211 2662 1254 et
2710 1203 2766 1255 in
2816 1207 3075 1259 extremis
3116 1207 3279 1260 latere
3321 1225 3410 1276 pe-

1837 1289 2132 1346 netralibus
2185 1300 2237 1343 et
2291 1291 2549 1348 latibulis.
2589 1292 2667 1348 Ne
2713 1303 2892 1349 autem
2932 1305 3136 1351 temere
3184 1300 3410 1369 appella-

1837 1389 1984 1432 retur
2046 1379 2228 1450 Lysias
2262 1381 2418 1451 (erat
2458 1386 2601 1439 enim
2640 1388 2948 1441 vehementi
2979 1391 3126 1443 rabie
3170 1393 3410 1459 percitus

1835 1473 2097 1527 adversus
2142 1473 2541 1546 Christianos),
2579 1480 2746 1533 mittit
2794 1481 3053 1549 quosdam
3094 1497 3219 1538 cum
3253 1484 3407 1552 jussu

1838 1567 2085 1630 terribili,
2146 1568 2236 1636 qui
2290 1566 2645 1623 Severianum
2687 1587 2812 1625 mox
2846 1575 3169 1640 arriperent,
3239 1585 3293 1627 et
3341 1576 3405 1626 ad

1837 1674 1895 1712 se
1957 1661 2310 1715 adducerent.
2371 1662 2512 1727 Quid
2575 1673 2756 1716 autem
2820 1663 3026 1718 Christi
3087 1665 3276 1718 miles?
3331 1665 3409 1720 Ne

1836 1750 2172 1817 exspectavit
2231 1750 2448 1818 quidem
2507 1767 2600 1805 eos
2655 1753 2745 1820 qui
2809 1754 2960 1806 missi
3017 1753 3253 1817 fuerant,
3315 1757 3410 1808 sed

1836 1855 2026 1892 eorum
2079 1842 2372 1895 adventum
2416 1843 2741 1911 auticipans,
2793 1847 3025 1899 accessit
3076 1846 3140 1898 ad
3189 1846 3408 1908 ducem,

1835 1941 1890 1986 et
1931 1939 2186 2001 reputans
2223 1947 2344 1986 esse
2401 1943 2614 2000 tempus
2655 1935 2909 2002 loquendi
2951 1937 3118 1989 libere
3155 1936 3239 1989 :0
3304 1936 3410 2004 Lv-

1837 2024 1937 2086 sia,
1987 2024 2182 2091 inquit,
2228 2038 2334 2077 non
2382 2023 2578 2076 sufﬁcit
2629 2024 2720 2076 tibi
2766 2024 2941 2078 solum
2992 2025 3171 2092 perire
3251 2035 3305 2078 et
3355 2027 3407 2078 in

1839 2117 2069 2184 teipsum
2107 2131 2293 2170 ensem
2329 2116 2629 2185 impellere,
2680 2115 2776 2169 sed
2824 2127 3039 2170 nostras
3086 2118 3165 2170 vis
3199 2133 3413 2186 quoque

1837 2207 2062 2272 perdere
2113 2210 2342 2266 animas,
2385 2216 2437 2259 et
2489 2223 2579 2259 eas
2623 2216 2874 2273 tanquam
2931 2210 3138 2261 lucrum
3193 2206 3410 2276 aliquod

1841 2299 1944 2352 tuis
1987 2299 2226 2366 praebere
2261 2298 2596 2351 diemonibus
2625 2297 2647 2348 ἲ
2675 2296 2782 2351 Sed
2816 2298 2956 2352 scias
3002 2314 3144 2350 nunc
3183 2310 3233 2351 te
3273 2301 3415 2352 inei-

1839 2391 1986 2446 disse
2032 2391 2085 2442 in
2135 2391 2277 2444 viros
2323 2388 2514 2452 fortes,
2568 2397 2620 2442 et
2664 2390 2756 2457 qui
2805 2404 2914 2442 non
2961 2399 3090 2443 sunt
3134 2390 3313 2460 pusilli
3359 2402 3415 2444 et.

1840 2484 2036 2552 abjeeti
2094 2483 2278 2536 animi.
2342 2481 2466 2534 Mihi
2530 2484 2675 2535 enim
2733 2484 2830 2542 (ut
2885 2483 2961 2534 ait
3014 2482 3410 2537 nlt’US'dOClOl‘

1839 2572 2066 2642 Paulus)
2113 2575 2276 2625 vivere
2317 2582 2390 2625 est
2438 2572 2695 2635 Christus,
2748 2582 2800 2625 et
2847 2583 3068 2640 propter
3100 2574 3247 2626 illum
3280 2575 3414 2627 mori

1841 2665 2041 2717 lucrum
2075 2675 2155 2717 est
2188 2665 2477 2717 maximum
2504 2665 2545 2715 '.

1915 2759 2001 2812 lll.
2048 2757 2142 2810 His
2174 2759 2374 2811 athleta
2404 2755 2650 2810 amentiae
2679 2752 2863 2810 are'em
2902 2756 3083 2809 statim
3120 2755 3416 2809 labefacta-

1848 2851 1925 2902 vit
1986 2849 2148 2915 hujus
2213 2846 2632 2910 cacodaemonis,
2706 2847 2898 2915 partim
2962 2847 3210 2915 quidem,
3273 2847 3416 2916 quod

1844 2949 2039 3007 praeter
2087 2954 2236 3005 spem
2287 2953 2528 3000 onmem,
2578 2951 2644 2990 ne
2702 2939 3033 3006 exspectavit
3087 2939 3305 3006 quidem
3359 2949 3418 2994 ut

1845 3039 2156 3094 vocaretur;
2211 3029 2402 3097 partim
2457 3038 2637 3081 autem
2712 3029 2853 3096 quod
2907 3029 3034 3082 dum
3093 3031 3416 3098 comparuit,

164 3134 259 3167 ναι
295 3117 453 3184 μόνον
483 3117 770 3186 ἐχρήσατο.
817 3118 1059 3172 Ἑσιώπα
1109 3120 1241 3187 γοῦν
1279 3121 1362 3187 ἐφ’
1393 3121 1576 3173 ἱκανὸν
1627 3126 1738 3184 τοῖς

1851 3121 2152 3176 incredibili
2186 3136 2316 3175 usus
2352 3130 2432 3174 est
2461 3119 2704 3174 audacia.
2750 3119 2915 3175 Siluit
2953 3121 3134 3190 itaque
3175 3120 3420 3191 aliquan-

164 3208 318 3268 ὅλοις
349 3207 646 3275 διαπορῶν.
701 3205 837 3262 Εἶτα
878 3210 1048 3261 δεινὸν
1104 3210 1381 3278 ἐμϐλέψας
1429 3213 1540 3272 τοῖς
1602 3229 1740 3278 παρ-

167 3296 396 3358 εστῶσι,
423 3297 514 3349 καὶ
534 3300 597 3366 τῇ
622 3299 765 3366 χειρὶ
795 3297 1123 3368 παραδείξας
1153 3298 1244 3350 τὸν
1280 3302 1536 3370 μάρτυρα
1560 3315 1572 3329 ⁸
1606 3300 1744 3351 Nati-

167 3408 312 3460 ροις,
346 3387 520 3454 εἶπεν,
583 3392 754 3462 ὠμοῖς
779 3391 851 3454 ὼς
891 3393 1050 3460 τάχος
1074 3392 1503 3456 καταξαινέσθω,
1525 3392 1610 3444 ἵνα
1639 3392 1743 3444 κᾶν

163 3482 342 3544 οῦτως
376 3483 630 3551 αἴσθηται
662 3484 788 3534 οἵων
830 3482 978 3551 αὐτῷ
1027 3483 1287 3551 πρόξενον
1348 3483 1408 3534 τὸ
1458 3488 1745 3555 πεπαρρη-

165 3562 397 3624 σιάσθαὶ
444 3574 516 3640 μὴ
563 3574 702 3623 κατὰ
757 3574 946 3641 καιρὶν
981 3572 1209 3638 γίνεται.
1273 3572 1330 3625 Ὀ
1367 3574 1465 3642 μὲν
1493 3575 1556 3642 δὴ
1601 3574 1742 3625 οὕτω

164 3663 507 3729 τυπτόμενος
538 3662 754 3732 ἔχαιρεν
781 3658 858 3725 οἷς
889 3663 1026 3732 ὑπὲρ
1052 3663 1287 3732 Χριστοῦ
1323 3666 1421 3727 τὰς
1476 3664 1744 3735 βασάνους

168 3755 564 3822 ὑπέφερε,καὶ
615 3755 673 3807 τὺ
723 3755 998 3824 ψαλμικὸν
1059 3758 1236 3808 ἐκεῖνο
1292 3756 1542 3826 καθάπερ
1603 3758 1743 3828 ᾠδὴν

166 3845 496 3910 ἀλεξίκακον
522 3847 686 3916 ἐπῇδε
719 3850 826 3909 τοῖς
855 3847 1166 3917 τραύμασιν
1188 3889 1202 3913 ,
1236 3848 1360 3900 Ἐπὶ
1393 3849 1510 3901 τῶν
1544 3851 1745 3901 νώτων

159 3956 310 4008 μου,
331 3938 522 4005 λέγων,
552 3938 892 3990 ἐτέκταινον
921 3943 974 3990 οἱ
1011 3941 1365 4006 ἁμαρτωλοὶ,
1399 3939 1744 4006 ἐμάκρυναν

166 4031 289 4094 τὴν
314 4029 566 4094 ἀνομίαν
598 4027 823 4081 αὐτῶν·
857 4028 949 4080 καὶ
980 4028 1074 4088 τὰς
1110 4028 1321 4098 πληγὰς
1352 4031 1589 4082 ἐποιεῖτο
1644 4031 1744 4100 τῆς

168 4124 312 4190 πρὸς
344 4119 575 4188 Χριστὸν
606 4121 823 4191 ἀγάπης
865 4122 1223 4189 ὑπέκκαυμα.
1267 4120 1323 4173 Ὀ
1379 4122 1637 4192 τύραννος
1689 4123 1744 4174 δὲ

167 4214 298 4265 ἐπεὶ
336 4215 460 4275 τοὺς
495 4214 853 4283 μαστιζοντας
887 4212 1037 4282 ἐώρα
1072 4214 1382 4284 κάμνοντας
1406 4217 1629 4286 μᾶλλον,
1654 4216 1744 4266 τὸν

174 4305 432 4375 μάρτυρα
465 4307 624 4376 δὲτῴ
682 4306 909 4376 πάσχειν
951 4307 1314 4376 φαιδροτέραν
1369 4307 1464 4376 τὴν
1495 4307 1618 4375 ὄψιν
1669 4306 1746 4378 τῷ

171 4399 321 4464 φωτὶ
351 4397 632 4449 δεικνύντα
668 4398 760 4448 τοῦ
787 4398 1122 4466 πνεύματος,
1149 4399 1259 4450 τῶν
1302 4398 1582 4468 μαστίγων
1609 4400 1737 4452 ἀνευ

1851 3215 2041 3276 tulum,
2077 3218 2231 3279 plane
2277 3213 2442 3264 animi
2494 3212 2694 3264 dubius
2742 3221 2796 3264 et
2845 3213 3154 3279 perplexus.
3211 3211 3416 3266 Deinde

1845 3320 1940 3359 eos
1968 3305 2057 3372 qui
2092 3305 2338 3365 aderant,
2370 3302 2698 3355 horribiliter
2726 3302 2964 3366 intuens,
2999 3311 3051 3356 et
3081 3317 3243 3356 manu
3275 3318 3419 3356 mar-

1846 3407 2018 3469 tyrem
2070 3393 2362 3455 ostendens
2392 3410 2404 3446 :
2439 3391 2650 3454 Crudis,
2685 3393 2876 3464 inquit,
2911 3394 3094 3448 nervis
3125 3395 3409 3463 quampri-

1847 3505 1994 3543 mum
2028 3489 2319 3549 laceretur,
2367 3495 2424 3539 ut
2467 3485 2624 3550 sciat,
2671 3484 2928 3553 quidnam
2961 3484 3220 3538 conciliet
3251 3486 3418 3538 libere.

1846 3579 1991 3647 loqui
2030 3595 2136 3631 non
2175 3579 2229 3630 in
2264 3588 2530 3644 tempore.
2571 3581 2747 3646 Atque
2782 3577 2868 3630 ille
2906 3577 3145 3646 quidem,
3177 3577 3303 3629 dum
3337 3577 3417 3630 sic

1847 3672 2258 3733 verberabatur,
2288 3669 2574 3724 laetabatur
2623 3671 2929 3732 tormentis,
2960 3683 3079 3736 qua
3118 3667 3420 3722 sustinebat

1848 3774 2070 3836 propter
2112 3762 2413 3823 Christum,
2461 3768 2516 3813 et
2563 3758 2690 3812 illud
2741 3759 3079 3826 psalmicum,
3131 3767 3389 3824 tanquam

1847 3857 2079 3912 salutare
2116 3852 2439 3912 remedium,
2485 3851 2722 3905 afferens
2773 3865 3016 3915 carmen,
3065 3851 3316 3904 cantabat
3343 3850 3412 3904 ad

1846 3949 2112 4003 vulnera:
2146 3944 2320 4010 Supra
2365 3943 2578 3994 dorsum
2620 3958 2815 4003 meum,
2865 3942 3069 4003 dicens,
3115 3939 3415 4009 fabricaveo

1848 4046 1966 4089 runt
1997 4042 2308 4104 peccatores,
2351 4030 2786 4100 prolongaveruut
2822 4030 3152 4098 iniquitatem
3178 4044 3327 4081 suam
3358 4029 3415 4092 ';

1848 4138 1903 4183 et
1941 4128 2120 4196 plagas
2172 4124 2407 4178 ducebat
2455 4136 2574 4175 esse
2627 4123 3038 4175 incitamentum
3097 4121 3162 4173 ad
3216 4119 3416 4173 Christi

1852 4219 2227 4275 dilectionem.
2291 4213 2574 4279 Tyrannus
2639 4222 2819 4265 autem
2885 4227 3009 4265 cum
3065 4211 3272 4266 videret
3323 4226 3418 4264 eos

1847 4313 2064 4382 quidem
2109 4325 2232 4364 esse
2277 4309 2466 4371 fessos,
2512 4305 2603 4375 qui
2652 4305 2833 4376 ﬂagris
2870 4304 3191 4359 caedebant:
3224 4311 3419 4372 marty-

1850 4420 1965 4458 rem
2027 4417 2156 4456 vero
2210 4415 2331 4454 esse
2385 4399 2536 4452 vultu
2609 4398 2927 4450 alaeriorem
2983 4397 3101 4449 luce
3170 4396 3415 4462 spiritus,

173 4489 337 4555 θῆναι
369 4487 765 4541 διακελεύεται.
818 4484 946 4538 Εἶτα
974 4489 1108 4557 πρὸς
1140 4491 1199 4540 τὸ
1229 4491 1530 4560 πραότερον
1585 4493 1745 4562 δῆθεν

1846 4494 2001 4564 jubet
2045 4507 2168 4545 eum
2206 4488 2438 4542 relaxari
2467 4504 2494 4540 a
2546 4487 2888 4564 verberibus.
2921 4480 3124 4537 Deinde
3154 4500 3273 4536 cum
3306 4491 3418 4535 tra-

176 4582 503 4648 μεταϐαλών
529 4600 540 4611 ’
567 4583 680 4634 Οὐκ
716 4579 967 4648 ἀσθενὴς,
999 4582 1127 4650 ἔφη,
1154 4579 1203 4632 εἴ
1232 4583 1596 4652 στρατιώτης,
1621 4587 1745 4637 ὅσον

174 4672 290 4724 ἀπὸ
317 4670 413 4737 τῆς
447 4672 669 4738 πρώτης
717 4673 909 4739 πείρας
962 4671 1175 4740 μαθεῖν,
1231 4671 1367 4724 ἀλλὰ
1418 4673 1752 4743 ἐρρωμένως

174 4765 322 4833 ἔχων
354 4763 447 4814 καὶ
477 4762 766 4830 ἀνδρικῶς,
799 4767 889 4814 καὶ
939 4766 1074 4831 πρὸς
1123 4763 1367 4817 κίνδυνον
1403 4766 1752 4835 παραϐαλέσ-

181 4857 278 4907 θαῖ
311 4857 625 4924 δυνάμενος.
662 4853 880 4916 Ἔξεστι
911 4853 966 4904 δέ
993 4870 1075 4904 σοι
1121 4859 1230 4916 τοῖς
1269 4855 1503 4923 παροῦσι
1562 4856 1754 4923 μαθεῖν

179 4941 259 5001 ὡς
285 4943 385 4993 οὐκ
415 4938 747 5009 εὐφροσύνης
788 4942 948 5005 τινὸς,
995 4940 1115 4990 οὐδὲ
1151 4941 1330 5004 δεξιᾶς
1356 4942 1524 5012 τύχης
1556 4945 1583 4994 ὁ
1615 4945 1751 5012 Χρι-

183 5035 311 5094 στός
354 5049 434 5084 σοι
492 5034 799 5099 καθέστηκε
861 5034 1142 5102 πρόξενος.
1186 5034 1244 5084 Ὀ
1267 5034 1322 5085 δὲ
1373 5035 1578 5103 μάρτυς
1624 5037 1750 5094 ἀνα-

181 5126 468 5194 θαρσήσας
499 5126 722 5194 μᾶλλον,
749 5125 838 5176 καὶ
873 5120 985 5176 οἷον
1007 5125 1317 5193 εὐστομωτέ
1331 5141 1428 5193 ραν
1459 5125 1555 5194 τὴν
1583 5126 1752 5190 γλῶτ-

179 5237 286 5272 ταν
308 5219 374 5285 τῇ
406 5219 574 5287 πείρα
620 5217 727 5270 τῶν
751 5216 1015 5282 ἀλγεινῶν
1047 5216 1414 5286 ποιησάμενος
1434 5231 1449 5245 ·
1473 5215 1541 5267 Εἴ
1561 5233 1655 5267 σου
1687 5215 1754 5267 τὰ

179 5315 284 5379 τῆς
314 5309 514 5378 ψυχῆς,
544 5306 959 5377 εἶπεννδμματα
1003 5309 1077 5374 μὴ
1111 5309 1188 5377 τῷ
1224 5309 1404 5360 σκότει
1435 5308 1531 5376 τῆς
1564 5308 1754 5359 δυσσε-

181 5401 336 5460 εεξας
393 5395 716 5464 ἠμαύρωτο,
745 5398 928 5461 ἔδειξα
978 5396 1046 5449 ἄν
1101 5413 1184 5446 σοι
1227 5398 1365 5448 ὅσων
1412 5396 1630 5462 ἀγαθῶν
1662 5412 1751 5463 μοι

180 5497 424 5558 κατέστη
455 5486 712 5556 πρόξενος
746 5489 811 5558 ἢν
844 5489 1120 5556 ἐπήγαγες
1151 5487 1445 5556 τιμωρίαν.
1475 5488 1587 5538 Νῦν
1611 5487 1666 5538 δὲ
1704 5487 1755 5538 τί

177 5586 246 5637 ἂν
283 5584 510 5651 πάθοιμι
544 5580 650 5646 πρὸ
683 5581 883 5648 τυφλοῦ
912 5583 1116 5650 φαίνων
1143 5584 1236 5635 καὶ
1269 5581 1408 5651 ᾄδων
1435 5581 1526 5633 ἐπὶ
1548 5580 1712 5650 κωφῷ
1739 5596 1752 5645 ;

293 5762 306 5788 ¹
351 5757 585 5828 Philipp.
615 5774 652 5825 ι,
682 5755 772 5814 2i.
887 5761 907 5790 ³
938 5759 1082 5816 Psal.
1115 5773 1340 5824 cxxvm,
1370 5760 1424 5814 5.

1848 4563 2046 4641 ductus
2092 4592 2236 4637 esset
2283 4581 2352 4635 ad
2407 4563 2882 4634 mansuetudinem
2915 4591 2929 4629 :
2963 4576 3078 4630 Non
3110 4592 3187 4640 es,
3242 4577 3420 4644 inquit

1848 4679 1979 4739 dux,
2041 4677 2194 4730 miles
2246 4679 2490 4744 ignavus,
2539 4681 2802 4740 quantum
2859 4678 3037 4738 potest
3077 4670 3299 4738 intelligi
3353 4685 3419 4721 ex

1849 4769 2021 4837 prima
2075 4765 2438 4834 experientia,
2489 4761 2583 4814 sed
2629 4759 2786 4812 fortis
2831 4768 2885 4811 et
2930 4770 3209 4818 strenuus.
3239 4768 3293 4811 et
3325 4759 3417 4824 qui

1851 4868 2004 4927 putes
2048 4855 2306 4907 audacter
2351 4851 2502 4904 adire
2551 4849 2813 4919 pericula.
2845 4847 3006 4902 Potes
3052 4863 3232 4900 autem
3275 4845 3417 4899 scire

1853 4964 1919 5001 ex
1982 4944 2364 5015 praesentibus,
2431 4941 2572 5010 quod
2637 4941 2842 4993 nullam
2918 4939 3182 4999 lietitiam,
3247 4947 3419 5004 neque

1856 5052 2174 5106 prosperam
2225 5036 2456 5102 aliquam
2503 5032 2779 5085 fortunam
2817 5030 2913 5084 tibi
2949 5029 3202 5083 Christus
3236 5029 3420 5083 conci-

1853 5129 1974 5182 liet.
2019 5127 2214 5196 Martyr
2266 5134 2447 5178 autem
2495 5125 2676 5178 animo
2726 5123 2893 5190 magis
2943 5123 3316 5180 confirmatus,
3365 5130 3420 5173 et

1854 5229 1912 5273 ut
1945 5219 2036 5288 qui
2085 5231 2267 5270 rerum
2302 5231 2613 5285 asperarum
2648 5213 3001 5283 perpessione
3037 5213 3272 5279 linguam
3306 5227 3419 5264 ma-

1855 5310 1935 5379 gis
1985 5308 2223 5362 acuisset
2277 5325 2290 5359 :
2348 5303 2402 5357 Si
2452 5303 2616 5366 oculi,
2668 5303 2866 5372 inquit,
2920 5305 3112 5356 anima:
3163 5311 3266 5354 tua:
3312 5316 3418 5355 non

1861 5409 2047 5456 essent
2106 5397 2341 5453 hebetati
2401 5397 2643 5451 tenebris
2692 5397 3006 5466 impietatis,
3060 5382 3418 5450 ostendissem

1864 5493 1982 5552 tibi.
2024 5504 2183 5561 quam
2230 5488 2398 5542 multa
2444 5488 2585 5542 bona
2637 5489 2770 5541 mihi
2818 5487 3166 5541 conciliasset
3193 5487 3242 5540 id
3275 5486 3419 5553 Quod

1863 5584 1996 5638 mihi
2038 5581 2274 5638 intulisti
2317 5579 2665 5651 supplicium.
2711 5576 2869 5633 Nunc
2899 5587 3078 5634 autem
3110 5578 3235 5646 quid
3268 5591 3422 5647 agam
