4198 6438
779 381 887 448 ιιι

2009 371 2292 432 MENSIS
2333 373 2420 431 SE
2435 373 2813 435 PTEMBER.

3969 375 4079 438 6H.

779 511 922 550 caeco
970 491 1292 563 praelucens,
1341 498 1394 542 et
1445 487 1611 541 surdo
1645 485 1889 539 canens?
1920 484 1973 537 Si
2029 485 2176 536 enim
2235 499 2342 537 non

2458 490 2507 542 Et
2548 490 2653 556 γάρ
2686 488 2883 551 οὕτως,
2906 480 2948 538 ὧ
2974 485 3224 548 δικαστά,
3249 485 3323 557 μὴ
3373 485 3631 550 διέκεισο,
3671 487 3942 547 συνεῖδες
4007 488 4073 539 ἂν

779 591 859 642 sic
892 585 1116 640 aliectus
1135 597 1303 644 esses,
1338 597 1370 635 ο
1395 580 1584 649 judcx,
1617 575 1984 630 intellexisses
2010 575 2206 628 Christi
2228 592 2347 643 gra-

780 680 911 733 tiam
947 687 1005 732 et
1041 676 1324 735 virtutem,
1359 687 1478 740 qua:
1512 685 1598 722 me
1642 668 1943 722 conﬁrmat.
2006 667 2142 719 Num
2205 666 2348 719 enim

780 782 939 840 putas
970 769 1086 823 sine
1120 784 1182 821 ea
1214 779 1322 820 tam
1359 763 1518 820 f’acilc
1549 761 1801 814 aliectum
1828 759 1892 811 iri
1924 774 2047 827 erga
2082 766 2350 812 tormenta

779 877 997 917 carnem
1029 870 1086 914 et
1108 857 1434 928 sanguinem
1456 853 1476 905 ?
1511 850 1565 903 Si
1596 865 1720 917 ergo
1746 849 1824 902 sic
1850 848 2042 911 sentis,
2072 848 2114 900 si
2144 864 2204 901 ea
2233 863 2352 915 quae

779 964 906 1008 sunt
956 969 1068 1022 prce
1126 953 1378 1020 pedibus,
1432 961 1538 998 non
1594 952 1747 1011 potes
1798 942 2022 1002 intueri,
2077 940 2350 1009 quomodo

783 1063 893 1101 non
948 1055 1078 1098 sunt
1131 1041 1310 1096 omnia
1362 1048 1450 1091 tua
1503 1036 1688 1098 Surda,
1723 1041 1778 1087 et
1827 1047 1989 1100 cmca,
2026 1041 2081 1085 et
2108 1032 2209 1085 diis
2244 1032 2350 1084 tuis

780 1137 1021 1193 similia?

849 1229 934 1284 ιν.
975 1229 1087 1283 Dux
1137 1240 1316 1282 autem
1359 1225 1510 1279 valde
1546 1223 1751 1284 ridens,
1793 1221 1893 1275 etsi
1935 1227 2141 1288 martyr
2211 1232 2351 1270 non-

777 1327 904 1378 dum
940 1331 1210 1377 cessasset
1240 1321 1420 1372 dicere
1453 1336 1466 1373 :
1494 1317 1725 1369 Tantum
1763 1315 1932 1378 abest,
1970 1312 2168 1380 inquit,
2208 1319 2262 1363 ut
2300 1320 2350 1363 te

777 1427 922 1470 recte
964 1415 1168 1469 sentire
1200 1412 1527 1473 existimem,
1559 1417 1613 1462 et
1656 1407 1870 1460 credam
1923 1406 1986 1458 iis
2037 1419 2158 1472 quae
2211 1419 2239 1456 a
2296 1413 2348 1455 te

777 1511 1054 1571 dicuntur,
1109 1516 1167 1560 ut
1220 1504 1419 1558 futuris
1456 1499 1742 1556 tormentis
1777 1499 1875 1550 sim
1927 1498 2238 1556 elfecturus,
2292 1505 2350 1545 ut

778 1601 1072 1656 modestior
1107 1597 1349 1650 reddaris
1384 1605 1436 1648 et
1467 1593 1785 1662 sapientior.
1815 1588 2021 1642 Rursus
2051 1600 2231 1643 autem
2265 1586 2352 1639 di-

777 1697 850 1750 cit
896 1701 1095 1761 martyr
1129 1710 1140 1744 :
1174 1690 1296 1744 llaec
1337 1688 1499 1741 verba
1544 1695 1594 1739 te
1641 1699 1851 1754 magna:
1893 1691 2130 1750 arguunt
2165 1695 2352 1732 amen-

779 1789 903 1850 tiae;
945 1786 1037 1839 sed
1074 1784 1331 1852 quoniam
1373 1779 1601 1834 conﬁdis
1639 1778 1691 1830 in
1737 1775 2041 1837 tormentis,
2077 1783 2130 1826 et
2174 1772 2351 1827 credis

2457 585 2554 652 τὴν
2584 583 2938 654 ὲνισχύουιτσὶν
2971 598 3036 650 με
3069 582 3160 632 τοῦ
3200 579 3438 649 Χριστοῦ
3470 583 3628 649 χάριν
3660 580 3754 632 καὶ
3788 579 4070 645 δύναμιν,

2460 669 2600 742 Ἀρα
2630 675 2738 744 γὰρ
2768 673 2867 725 οἴει
2893 672 3096 739 ταύτης
3128 671 3296 740 χωρὶς
3336 670 3466 740 ῥᾷον
3501 669 3643 722 οὕτω
3691 671 3832 740 πρὸς
3877 668 4070 738 βασά-

2458 781 2580 824 νους
2607 759 2745 832 αἷμα
2779 764 2873 816 καὶ
2913 764 3089 832 σάρκα
3117 761 3431 830 διατεθῆναι
3459 778 3472 827 ;
3507 762 3568 812 Et
3601 760 3744 813 οὕτω
3793 761 4062 831 φρονεῖς,

2458 856 2504 906 εἰ
2535 858 2602 906 τά
2651 857 2706 906 ὲν
2748 854 2874 906 ποσὶ
2931 853 3103 906 ταῦτα
3160 853 3380 922 βλέπειν
3435 853 3741 914 ἁδυνατεῖς,
3773 853 3899 913 πῶς
3935 853 4066 919 οὐχὶ

2459 947 2636 997 πάντα
2675 962 2766 996 σου
2799 945 2957 1013 κωφὰ
2983 944 3075 996 καὶ
3099 943 3275 1011 τυφλὰ
3306 943 3400 996 καὶ
3441 946 3554 1006 τοῖς
3586 945 3726 1006 θεοῖς
3759 947 3884 1005 τοῖς
3943 945 4060 1002 σοῖς

2459 1036 2657 1104 ὅμοιας

2529 1221 2602 1270 Δ’.
2640 1218 2697 1269 Ὀ
2733 1216 2788 1269 δὲ
2826 1217 2968 1286 μάλα
3027 1217 3264 1283 γελάσας
3291 1214 3318 1265 ό
3345 1212 3488 1278 δοὺξ.
3523 1215 3691 1284 μήπω
3724 1211 3821 1264 τοῦ
3861 1211 4056 1277 λέγειν

2462 1310 2815 1378 παυσαμένου
2852 1310 2943 1361 τοῦ
2979 1311 3254 1378 μάρτυρος
3276 1348 3290 1372 ,
3316 1306 3600 1370 Τοσοῦτον,
3634 1305 3827 1374 φησὶν,
3849 1304 4054 1370 ἀπέχω

2459 1403 2551 1454 τοῦ
2594 1402 2774 1464 καλῶς
2820 1419 2877 1453 σε
2935 1402 3152 1471 φρονεῖν
3215 1399 3448 1462 οἴεσθαι,
3479 1400 3711 1457 καὶτοῖς
3751 1396 3913 1464 παρὰ
3954 1393 4052 1445 σοῦ

2459 1493 2772 1562 λεγομένοις
2822 1493 3135 1562 πεισθῆναι,
3163 1491 3244 1543 ὅτι
3280 1492 3376 1544 καὶ
3418 1491 3491 1543 σὲ-
3523 1487 3727 1558 μᾶλλον
3766 1486 4049 1554 ἀγωνιοῦ⁴

2462 1606 2561 1660 μαι
2603 1592 2722 1650 ταῖς
2761 1586 3081 1656 μελλούσαις
3125 1584 3377 1654 βασάνοις
3421 1583 3747 1650 μεταϐαλεῖν
3801 1582 3948 1649 πρὸς
3991 1579 4052 1631 τὸ

2461 1682 2920 1750 σωφρονέστερον.
2943 1678 3100 1730 Καὶό
3139 1679 3350 1747 μάρτυς
3403 1671 3560 1737 αὖθίς
3611 1689 3746 1742 φησι
3774 1688 3790 1702 ο
3836 1671 4050 1738 Πολλὴν

2461 1777 2645 1829 ἄνοιαν
2674 1791 2764 1826 σου
2797 1773 3097 1842 κατηγορεῖ
3123 1772 3189 1822 τὰ
3225 1771 3446 1839 ῥήματα
3478 1767 3679 1820 ταῦτα·
3712 1766 3861 1834 πλὴν
3926 1764 4050 1815 ἐπεὶ

783 1880 898 1933 ﬁeri
946 1890 1107 1946 posse
1140 1883 1196 1926 ut
1229 1874 1312 1926 his
1344 1887 1430 1924 me
1465 1869 1818 1939 persuadeas,
1851 1882 1948 1935 ego
1981 1865 2196 1935 quidem
2233 1879 2349 1917 sum

2459 1866 2714 1937 βασάνοις
2745 1865 2804 1916 τὸ
2836 1863 3060 1933 θαρρεῖν
3106 1860 3271 1928 ἔχεις,
3295 1859 3387 1910 καὶ
3436 1856 3660 1917 ταύταις
3690 1855 3794 1905 οἴει
3835 1870 3906 1920 με
3957 1867 4051 1918 με-

780 1984 951 2040 prope
985 1986 997 2020 :
1031 1981 1227 2019 manus
1269 1977 1448 2017 autem
1507 1962 1757 2013 lictorum
1811 1975 1919 2013 non
1972 1966 2098 2012 sunt
2139 1957 2348 2026 procul.

781 2063 976 2116 Libere
1011 2074 1136 2128 ergo
1172 2058 1361 2125 loquar
1399 2055 1449 2107 in
1485 2053 1812 2107 necessitate
1848 2053 2077 2118 spiritus
2110 2050 2238 2113 mei,
2275 2060 2350 2114 et,

781 2166 836 2208 ut
868 2155 943 2207 ait
973 2152 1192 2208 divinus
1225 2148 1327 2203 Job
1358 2149 1399 2208 ³,
1432 2149 1671 2214 aperiam
1701 2161 1760 2198 os
1796 2159 1998 2205 meum,
2033 2145 2172 2211 quod
2201 2159 2353 2195 ama-

780 2243 1023 2299 ritudine
1077 2239 1271 2291 anima:
1313 2243 1623 2289 coarctatur
1656 2252 1668 2288 :
1701 2243 1753 2287 et
1784 2233 1992 2287 videbis
2043 2247 2128 2285 me
2163 2233 2352 2301 quavis

779 2341 954 2388 statua
1001 2329 1334 2390 solidiorem,
1390 2335 1443 2380 et
1501 2325 1706 2394 patibili
1761 2334 1951 2376 natura
1988 2324 2351 2389 superiorem.

778 2426 931 2494 Apud
957 2423 1124 2476 Deum
1155 2421 1300 2475 enim
1331 2432 1513 2471 meum
1546 2428 1628 2469 est
1655 2416 1828 2468 virtus
1858 2424 1912 2466 et
1942 2413 2180 2481 potentia
2212 2427 2352 2477 mea,

779 2528 835 2572 et
874 2518 927 2569 in
973 2518 1089 2585 ipso
1140 2522 1222 2567 est
1270 2527 1396 2581 spes
1431 2523 1547 2563 mea
1599 2517 1654 2562 et
1711 2506 1994 2559 auxilium.
2046 2505 2180 2559 Cum
2241 2506 2354 2559 haec

783 2610 946 2664 verba
989 2607 1291 2675 accepisset
1361 2604 1548 2672 Lysias
1579 2619 1590 2654 :
1621 2599 1714 2665 Es,
1769 2600 1961 2670 inquit,
2003 2600 2174 2652 audax
2219 2613 2352 2652 con-

785 2703 1055 2763 cionator,
1097 2698 1236 2752 etin
1286 2710 1384 2749 nos
1435 2693 1609 2747 ﬂuens
1660 2707 1854 2762 magna
1909 2692 2117 2746 dicendi
2177 2692 2350 2759 cepia,

782 2801 836 2845 et
910 2790 1178 2842 adversus
1248 2787 1380 2840 deos
1433 2783 1670 2852 glorians
1715 2792 1767 2834 te
1818 2783 2047 2849 jactitas.
2112 2780 2355 2833 Tuamne

784 2893 1020 2936 mentem
1064 2879 1222 2948 fugit,
1265 2888 1317 2931 te
1362 2876 1558 2944 alloqui
1608 2873 1916 2942 praesidem,
1964 2872 2054 2940 qui
2092 2881 2195 2923 tua:
2231 2871 2353 2924 vita:

782 2976 949 3029 habet
987 2980 1334 3042 potestatem,
1365 2985 1489 3026 cum
1523 2967 1597 3022 sis
1633 2981 1772 3020 unus
1800 2981 1862 3020 ex
1894 2966 2100 3028 multis,
2134 2973 2186 3018 ct
2215 2965 2356 3017 rela-

787 3079 874 3123 tus
928 3069 1003 3121 sis
1057 3066 1112 3118 in
1170 3078 1462 3118 numerum
1520 3062 1797 3116 militum?
1858 3058 1947 3110 Ille
2004 3073 2176 3111 vero:
2237 3057 2355 3111 Non

2454 1957 2761 2016 ταπεὶσειν,
2794 1953 2957 2020 ἐγγυς
3004 1951 3099 2020 μὲν
3145 1948 3255 2017 ἐγὼ
3280 1988 3293 2014 ,
3326 1949 3381 1999 αἱ
3413 1946 3470 1999 δὲ
3497 1946 3705 2013 δημίων
3751 1946 3944 2011 χεῖρες
3987 1942 4045 1990 οὐ

2457 2048 2762 2118 πόρρωθεν.
2792 2044 3253 2115 Παρρησιὰσομαι
3280 2039 3407 2107 γοῦν
3440 2042 3496 2090 ὲν
3521 2037 3734 2106 ἀνάγκη
3753 2035 3850 2086 τοῦ
3880 2037 4045 2085 πνεί-

2459 2141 2624 2211 ματός
2656 2155 2779 2208 μου,
2809 2139 2923 2201 καὶ,
2951 2136 3091 2188 κατὰ
3114 2136 3203 2184 τὸν
3233 2132 3374 2196 Ἰὼϐ,
3405 2129 3600 2195 ἁνοὶξω
3615 2127 3674 2179 τὸ
3715 2127 3898 2193 στόμα
3944 2144 4042 2193 μου

2456 2237 2651 2304 πικρίᾳ
2684 2235 2856 2302 τύχης
2886 2229 3242 2298 συνεχόμενος
3268 2240 3283 2255 ⁶
3321 2225 3439 2292 ὕψει
3467 2241 3530 2292 με
3561 2220 3760 2281 παντὸς
3784 2219 4043 2287 ἀνδριάν-

2455 2345 2543 2388 τος
2609 2326 2987 2393 στερῤότερον,
3021 2322 3112 2372 κα)⁹
3160 2318 3410 2385 παθητῆς
3463 2314 3738 2382 ἀνώτερον
3798 2311 4041 2378 φύσεως.

2458 2420 2613 2487 Παρὰ
2654 2425 2760 2488 γάρ
2801 2417 2877 2485 τῷ
2921 2414 3040 2484 Θεῴ
3084 2430 3184 2484 μου
3214 2415 3247 2482 ἡ
3287 2411 3435 2479 ἰσχὺς
3464 2409 3640 2460 καὶτὸ
3669 2407 3875 2475 κράτος
3917 2422 4040 2472 μου,

2456 2513 2551 2566 καὶ
2583 2514 2709 2580 παρ’
2737 2509 2885 2578 αὐτῷ
2916 2511 2950 2579 ἠ
3001 2508 3153 2569 ἐλπίς
3198 2523 3299 2575 μου
3345 2504 3440 2555 καὶ
3470 2502 3501 2571 ἡ
3537 2499 3789 2569 βοήθεια.
3836 2497 4042 2548 Τοῦτον

2456 2609 2484 2659 ὁ
2517 2608 2719 2666 Λυσίας
2753 2605 2843 2658 τὸν
2877 2603 3034 2670 λόγον
3064 2597 3401 2670 παραλαϐών
3429 2611 3442 2623 ·
3483 2593 3698 2664 Θρασύς
3735 2607 3822 2652 τις
3867 2585 3919 2640 εἴ
3947 2589 4039 2654 δη-

2461 2700 2720 2769 μηγόρος,
2750 2697 2875 2764 ἔφη,
2907 2695 3001 2746 καὶ
3036 2693 3156 2746 καθ’
3188 2690 3346 2759 ἡμῶν
3381 2686 3546 2747 πολὺς
3577 2683 3902 2753 ρἐν,κατὰ
3934 2679 4040 2731 τῶν

2460 2789 2597 2842 θεῶν
2642 2788 3072 2858 φρυαττόμενος.
3108 2786 3178 2837 Ἦ
3204 2780 3537 2849 διαπέφευγέ
3562 2795 3654 2829 σου
3679 2776 3769 2827 τὸν
3802 2772 3933 2825 νοῦν
3962 2775 4036 2823 ὅτι

2458 2884 2680 2954 ἄρχοντι
2731 2882 2955 2952 διαλέγῃ
2986 2881 3083 2948 τῆς
3111 2878 3208 2946 σῆς
3239 2874 3485 2944 κεφαλῆς
3531 2867 4036 2932 κατεξουσιάζοντι,

2457 2978 2596 3047 ἀνὴρ
2649 2975 2755 3027 τῶν
2793 2973 3004 3026 πολλῶν
3041 2971 3135 3036 ῶν,
3185 2970 3283 3023 καὶ
3317 2970 3565 3036 τάγμασι
3611 2960 4038 3030 στρατιωτικοῖς

2460 3069 2808 3137 ὲναρίθμιος;
2859 3067 2969 3117 Καὶ
2999 3065 3057 3126 ὃς
3078 3104 3091 3129 ,
3145 3064 3260 3115 Οὐκ
3299 3059 3500 3126 ἀγνοῶ,
3531 3055 3657 3123 ἔφη,
3689 3052 3828 3105 ἀλλὰ
3858 3053 3924 3103 τὸ
3965 3051 4040 3111 εἰς

783 3162 996 3230 ignoro,
1048 3155 1243 3223 inquit,
1295 3154 1390 3207 sed
1437 3153 1491 3205 in
1539 3149 1820 3205 Christum
1879 3150 2050 3218 pietas
2096 3149 2187 3201 dat
2220 3149 2351 3200 mihi

2461 3161 2692 3231 Χριστὸν
2736 3155 2957 3219 εὐσεϐὲς
2984 3155 3126 3206 οὓτω
3153 3152 3378 3223 θαρρεῖν
3411 3149 3508 3200 καὶ
3555 3142 4039 3216 παρρησιάζεσθαι

786 3257 989 3301 tantam
1040 3244 1342 3306 audaciam,
1397 3252 1452 3296 et
1501 3242 1754 3312 loquendi
1799 3242 2125 3295 libertatem.
2175 3243 2356 3312 Angor

782 3350 965 3393 autem
997 3339 1199 3402 animo,
1230 3336 1371 3406 quod
1409 3351 1516 3389 non
1556 3336 1623 3388 sit
1652 3335 1846 3401 aliquis
1888 3334 2004 3387 sine
2045 3333 2351 3400 aﬂectione,

789 3431 954 3486 simul
1022 3439 1075 3483 et
1133 3429 1406 3495 sapienter
1471 3427 1832 3496 judicaturus.
1892 3425 2051 3480 Forte
2107 3429 2274 3490 enim,
2323 3443 2354 3480 ο

785 3522 963 3592 Lysia.
1030 3519 1120 3572 Dei
1151 3519 1394 3572 omnium
1430 3517 1705 3571 elIectoris
1733 3519 2045 3587 agnovisses
2072 3520 2353 3578 virtutem,

786 3624 842 3668 et
895 3614 1025 3667 deos
1096 3612 1260 3665 lalsos
1318 3611 1762 3678 contempsisses.
1814 3610 1918 3662 Sed
1971 3625 2066 3661 cur
2116 3609 2354 3662 studium

793 3715 1052 3759 nostrum
1102 3687 1253 3755 nihili
1301 3701 1515 3752 fecisti?
1549 3701 1605 3752 ln
1632 3716 1865 3767 quonam
1911 3709 2087 3754 autem
2121 3701 2232 3768 ipse
2263 3701 2355 3754 tibi

786 3798 988 3869 places,
1021 3805 1075 3850 et
1115 3793 1370 3864 praeclare
1405 3793 1471 3846 de
1504 3801 1556 3846 te
1597 3792 1805 3846 sentis?
1839 3791 1906 3845 Es
1941 3793 2084 3846 enim
2135 3809 2352 3863 praeses,

787 3885 855 3944 ct'
890 3906 955 3943 ex
987 3883 1332 3944 sublimibus,
1371 3899 1478 3937 non
1521 3885 1571 3934 id
1619 3885 1967 3951 negaverim;
2009 3885 2142 3935 nihil
2177 3893 2354 3936 tamen

788 3999 817 4036 a
854 3991 1040 4035 nostra
1076 3977 1262 4032 dlﬂ‘ers
1303 3976 1583 4031 communi
1617 3986 1830 4033 natura.
1879 3974 2010 4027 Nam
2049 3985 2101 4028 tu
2137 3991 2355 4045 quoque

790 4088 848 4128 es
881 4075 1062 4132 homo,
1097 4070 1151 4122 in
1194 4083 1353 4137 quem
1405 4083 1551 4119 mors
1582 4068 1728 4118 cadit
1770 4074 1825 4118 et
1861 4067 2133 4118 interitus.
2166 4067 2223 4118 ln
2257 4083 2358 4121 nos

793 4174 976 4218 autent
1058 4159 1361 4215 absolutam
1436 4173 1545 4211 non
1584 4157 1751 4210 habes
1783 4165 2128 4225 potestatem,
2163 4169 2359 4227 praeter

794 4273 952 4325 quam
1000 4255 1054 4305 in
1108 4253 1282 4305 solum
1333 4266 1551 4318 corpus.
1612 4249 1730 4319 Ipsa
1783 4260 1966 4303 autem
2020 4266 2104 4303 me
2160 4251 2359 4304 docent

794 4350 976 4402 divina
1015 4344 1239 4412 Eloquia
1268 4343 1308 4405 ⁸,
1343 4358 1450 4395 ηοη
1483 4343 1674 4396 timere
1703 4358 1820 4406 eos,
1853 4344 1947 4411 qui
1981 4359 2179 4411 corpus
2211 4344 2356 4397 occi-

795 4443 951 4499 dunt,
999 4441 1236 4489 animam
1288 4442 1467 4487 autem
1505 4447 1612 4485 non
1664 4441 1893 4500 possunt
1942 4432 2208 4493 occidere,
2261 4432 2359 4486 sed

2459 3255 2659 3307 δίδωσι.
2694 3252 2912 3322 Πλήρης
2951 3249 3006 3301 δὲ
3042 3250 3263 3316 γίνομαι
3298 3244 3498 3312 λύπης,
3521 3243 3600 3295 ὅτι
3635 3240 3710 3309 μή
3743 3239 3865 3288 ἐστί
3911 3237 4040 3297 τιςὸ

2459 3347 2695 3402 δικάσων
2721 3347 2853 3414 ἡμῖν
2898 3341 3125 3403 ἀπαθῶς
3177 3341 3292 3409 ἅμα
3325 3339 3419 3390 καὶ
3456 3334 3693 3393 συνετῶς
3715 3347 3730 3362 ⁸
3760 3331 3888 3381 ἐπεὶ
3922 3329 4038 3396 τάχ’

2459 3432 2605 3501 ἂν,ῶ
2640 3436 2838 3498 Λυσία,
2863 3434 2956 3485 καὶ
2988 3429 3333 3499 παντουργοῦ
3366 3425 3509 3478 Θεσῦ
3533 3422 3840 3491 ἐγνώρισάς
3877 3421 4038 3475 δύνα-

2462 3547 2578 3599 μιν,
2641 3529 2734 3581 καὶ
2765 3526 2979 3597 ψευδῶν
3027 3524 3167 3576 Θεῶν
3227 3520 3666 3591 κατεφρόνησας.
3701 3517 3853 3586 Πλὴν
3885 3519 3966 3578 εἰς
3995 3517 4040 3567 τί

2458 3623 2555 3675 καὶ
2597 3621 2657 3674 τὸ
2693 3621 3033 3691 ἐπιτήδευμα
3074 3613 3281 3687 τούμὸν
3336 3615 3732 3679 ἐξουδένωσαςς
3766 3611 3824 3663 ὲν
3853 3611 3962 3662 τίνι
3989 3609 4039 3660 δὲ

2459 3719 2552 3768 καὶ
2603 3714 2763 3776 αὐτὸς
2801 3713 3214 3783 μεγαφρονεῖς;
3273 3709 3496 3779 Ἄρχων
3555 3706 3651 3773 μὲν
3701 3705 3816 3771 γὰρ
3852 3699 3926 3764 εἴ,
3953 3705 4039 3752 καὶ

2458 3809 2566 3859 τῶν
2607 3807 2851 3875 ὑψηλῶν,
2901 3807 3000 3855 οὐκ
3035 3805 3387 3874 ἀρνήσομαι·
3426 3797 3576 3849 οὐδὲν
3639 3796 3694 3847 δὲ
3745 3797 3813 3864 τῇ
3883 3796 4034 3861 κοινῇ

2462 3902 2621 3970 φύσει
2652 3900 3046 3971 παραλλάττων
3079 3898 3259 3969 ἡμῶν·
3296 3894 3419 3950 ἐπεὶ
3447 3894 3538 3948 καὶ
3565 3894 3728 3956 αὐτὸς
3749 3892 4039 3961 ἄνθρωπος

2461 3998 2677 4067 θανάτῳ
2695 3997 3051 4066 ὑποκείμενος
3085 3998 3177 4050 κα)⁵
3208 3995 3402 4066 φθορᾷ.
3456 3993 3824 4060 Ἐξουσιάζεις
3855 3992 3914 4045 δὲ
3944 3992 4034 4059 οὐχ

2459 4089 2617 4159 ἡμῶν
2653 4089 2858 4150 ἁπλῶς,
2917 4089 3051 4140 ἀλλὰ
3089 4090 3250 4157 μόνον
3280 4088 3373 4140 τοῦ
3423 4086 3712 4156 σώματος*
3739 4087 3880 4138 αὺτὰ
3935 4087 4034 4154 γάρ

2465 4198 2529 4252 με
2562 4182 2631 4233 τὰ
2661 4181 2779 4233 θεῖα
2813 4181 3124 4234 διδάσκουσι
3150 4181 3309 4248 λόγια
3366 4180 3442 4251 μὴ
3487 4178 3772 4248 φοϐεῖσθαι
3801 4180 3913 4233 ἀπὸ
3936 4180 4032 4230 τῶν

2461 4273 2895 4324 ἀποκτεινόντων
2944 4272 3003 4321 τὸ
3055 4273 3238 4340 σῶμα,
3264 4273 3361 4340 τὴν
3396 4271 3452 4322 δὲ
3504 4271 3682 4340 ψυχὴν
3716 4273 4032 4326 ἀποκτεῖναι

2465 4364 2537 4435 μὴ
2563 4365 2910 4433 δυναμένων·
2935 4365 3147 4416 ἐκεῖνον
3180 4363 3236 4417 δὲ
3273 4362 3472 4432 μᾶλλον
3525 4361 3774 4431 φρίττειν
3828 4364 3923 4413 καὶ
3951 4363 4031 4413 65-

2463 4455 2701 4507 δοικέναι
2735 4455 2824 4508 τὸν
2871 4455 2966 4507 καὶ
3016 4455 3196 4525 ψυχὴν
3250 4455 3346 4507 καὶ
3405 4455 3568 4523 σῶμα
3614 4454 3917 4521 δυνάμενον
3971 4457 4032 4521 τῇ

795 4531 944 4582 illum
987 4529 1167 4598 potius
1208 4528 1587 4588 extimescere,
1639 4526 1732 4593 qui
1775 4539 1974 4592 corpus
2020 4533 2074 4576 et
2120 4525 2353 4578 animum

2465 4547 2656 4616 γεέννῃ
2684 4545 3094 4610 καταδικάζειν,
3120 4546 3244 4615 ἥτις
3264 4545 3543 4607 ἐκδέξεταί
3580 4562 3637 4596 σε
3663 4546 3755 4596 τὶν
3783 4549 4031 4614 ἀμέτρως

795 4631 972 4691 potest
1036 4620 1283 4688 gebenna
1343 4619 1760 4670 condemnare:
1818 4632 1936 4683 qua:
1996 4626 2046 4667 te
2106 4617 2355 4684 accipiet,

796 4714 923 4765 licet
975 4726 1122 4764 nunc
1162 4708 1456 4764 immodice
1515 4707 1852 4778 gloriantem,
1906 4721 2027 4759 cum
2081 4705 2213 4775 ipsis
2254 4708 2359 4762 diis

796 4806 903 4857 tuis
938 4813 993 4856 et
1022 4801 1362 4854 daemombus
1396 4804 1447 4851 in
1507 4812 1770 4853 aeternum
1803 4799 2160 4868 puniendum.

863 4893 934 4949 ν.
994 4895 1084 4948 His
1128 4894 1298 4964 magis
1330 4893 1391 4944 ad
1428 4893 1559 4944 iram
1604 4895 1907 4943 concitatus
1972 4891 2176 4959 Lysias,
2206 4891 2361 4958 jubet

797 4997 1087 5056 martyrem
1138 4988 1274 5039 trabi
1325 4999 1628 5054 appensum
1677 4981 1866 5036 ferreis
1903 4979 2093 5034 laniari
2127 4983 2357 5051 ungulis.

794 5078 1092 5144 Postquam
1125 5078 1304 5129 autem
1340 5083 1541 5142 martyr
1577 5074 1748 5127 sensit
1783 5074 2110 5126 tormentum
2144 5081 2361 5141 gravius

797 5166 1110 5240 (quomodo
1162 5169 1305 5218 enim
1359 5176 1546 5219 essent
1594 5181 1831 5228 coronae,
1890 5166 1989 5217 nisi
2047 5165 2362 5233 exciperent

799 5260 1014 5312 labores
1033 5267 1086 5312 ct
1117 5256 1333 5310 dolores
1360 5258 1431 5322 ?),
1465 5257 1592 5311 Jesu
1627 5255 1862 5319 Christe,
1896 5255 2234 5320 cxclamavir,
2270 5255 2362 5325 qui

805 5352 952 5405 solus
1011 5351 1146 5404 facis
1204 5365 1233 5402 a
1296 5349 1496 5401 saeculo
1545 5350 1836 5412 mirabilia,
1908 5350 1998 5417 qui
2065 5364 2363 5418 suspensus

802 5442 950 5499 luisti
993 5441 1047 5494 in
1085 5457 1266 5504 cruce,
1320 5449 1374 5494 et
1406 5441 1486 5493 sic
1524 5442 1818 5506 superbum
1853 5440 2097 5509 deiecisti
2132 5459 2145 5495 :
2184 5440 2274 5510 qui
2310 5440 2361 5492 in

806 5537 1136 5592 hodiernum
1171 5550 1345 5604 usque
1378 5534 1519 5587 diem
1551 5531 1800 5601 magniﬁs
1834 5541 1889 5587 et
1923 5535 2198 5588 extolleris
2240 5547 2365 5600 pro-

803 5639 924 5699 pter
963 5640 1126 5697 opera
1176 5635 1265 5681 tua
1305 5626 1693 5679 admirabilia:
1742 5625 1864 5677 veni
1896 5625 1959 5677 ad
2027 5643 2110 5679 me
2143 5641 2365 5679 servan-

907 5833 926 5863 ³
958 5829 1057 5886 Job
1085 5845 1177 5898 vn,
1205 5829 1294 5884 ll.
1431 5826 1454 5858 ⁵
1481 5824 1667 5882 Matth.
1698 5843 1752 5897 ι,
1783 5826 1868 5882 28.

2468 4639 2560 4691 νῦν
2617 4639 3048 4709 φρυαττόμενον,
3090 4639 3276 4702 αὐτοῖς
3331 4637 3471 4699 θεοῖς
3506 4653 3598 4688 σου
3648 4636 3743 4688 καὶ
3792 4636 4032 4706 δαίμοσιν

2468 4728 2702 4790 αἱωνίως
2739 4730 3232 4798 κολασθησόμενον.

2540 4912 2614 4965 E'.
2638 4910 2862 4976 Τούτοις
2893 4913 2972 4975 εἰς
2997 4912 3165 4984 ὀργὴν
3198 4910 3418 4965 πλείονα
3445 4915 3471 4966 ὁ
3500 4913 3704 4975 Λυσίας
3733 4914 4028 4984 ἐξενεχθεὶς

2470 5005 2682 5060 κελεύει
2729 5007 2819 5060 τὸν
2855 5008 3109 5077 μάρτυρα
3163 5009 3322 5075 ἰκρίῳ
3375 5007 3750 5079 ἀναρτηθέντα
3795 5011 3941 5073 (nuit
3981 5011 4028 5061 τὶ

2473 5098 2630 5164 σῶμα
2699 5098 2936 5166 σιδηροῖς
2994 5097 3225 5162 ξέεσθαι.
3286 5098 3372 5163 Ὠς
3417 5098 3505 5153 οὖν
3534 5103 3560 5152 ὀ
3599 5108 3814 5169 μάρτυς
3850 5102 4028 5170 δριμυ-

2469 5191 2628 5260 τέρας
2663 5191 2863 5262 ῇσθετο
2895 5192 2993 5260 τῆς
3047 5191 3280 5262 βασάνου
3314 5195 3428 5264 (καὶ
3461 5195 3575 5256 πῶς
3596 5197 3703 5260 γάρ
3731 5196 3798 5246 ἂν
3822 5195 4028 5254 δ;καίω;

2469 5282 2519 5334 ol.
2562 5285 2839 5348 στέφανοι,
2865 5285 2913 5336 εί
2959 5284 3036 5355 μὴ
3087 5285 3281 5348 πόνους
3331 5287 3622 5353 ὴμείὸοντο
3668 5288 3762 5339 καὶ
3793 5288 4026 5353 (Bai-mg)

2484 5367 2659 5437 Ἰησοῦ
2710 5369 2934 5439 Χριστὲ,
2982 5370 3229 5440 ἐϐόησεν,
3261 5371 3286 5421 ὁ
3335 5371 3504 5421 ποιῶν
3555 5374 3715 5440 μόνος
3759 5374 3819 5436 ἐξ
3854 5373 4031 5430 αἰῶνος

2474 5463 2771 5532 θαυμάσια,
2800 5463 2827 5514 ὁ
2862 5463 2954 5514 ἐπὶ
2987 5463 3082 5515 τοῦ
3140 5463 3376 5532 σταυροῦ
3414 5466 3774 5534 κρεμασθεὶς,
3829 5466 3918 5515 καὶ
3950 5467 4030 5522 τὸν

2477 5557 2823 5627 ὑπερήφανον
2849 5555 2991 5608 οὕτω
3023 5554 3366 5622 καταϐαλὼν,
3402 5558 3430 5611 ὁ
3468 5575 3629 5629 μείρι
3673 5560 3769 5610 καὶ
3801 5556 3894 5608 νῦν
3928 5562 4024 5615 τοῖς

2478 5648 2796 5718 παραδόξοις
2831 5647 2941 5701 τῶν
2994 5647 3172 5717 ἔργων
3224 5648 3681 5719 μεγαλυνόμενος,
3715 5646 3834 5701 ἐλθὲ
3869 5651 3940 5710 εἰς
3974 5650 4021 5695 τὸ
