4198 6438
237 385 360 447 645

1361 375 1831 439 MARTYRIUM
1875 374 1934 434 S.
1975 374 2412 440 SEVERIANI.

3394 389 3496 450 646

239 495 430 546 σῶσαί
474 511 563 564 με,
583 493 676 548 καὶ
708 492 797 545 τὸν
837 493 934 562 μέν
962 493 1226 561 βραχιονα
1254 488 1347 542 τοῦ
1377 489 1701 560 ἀμαρτωλοῦ
1737 484 1814 538 κα

1939 485 2087 548 dum,
2145 495 2198 539 et
2251 486 2534 542 brachium
2588 487 2806 557 quidem
2847 491 3152 559 peccatoris
3194 501 3246 545 et
3290 492 3504 563 maligni

241 584 494 654 πονηροῦ
531 586 848 656 σύντριψον,
894 584 961 636 τὰ
989 583 1047 634 δὲ
1081 583 1193 635 τῶν
1249 581 1398 652 ἐμῶν
1429 581 1606 650 ἄρθρα
1650 577 1829 649 μελῶν

240 676 524 745 λελυμένα
564 677 884 744 σύσφιγξον,
909 674 1102 743 ἀγαθὲ,
1147 675 1242 727 καὶ
1271 675 1356 736 δός
1393 691 1484 743 μοι
1515 673 1608 724 τὸν
1642 672 1831 738 ἀγῶνα

236 766 444 820 τοῦτον
501 769 751 822 διανῦσαι
787 769 881 820 τοῦ
921 768 1260 838 μαρτυρίου·
1295 767 1458 819 λῦσον
1492 765 1550 818 δὲ
1592 768 1689 818 καὶ
1729 765 1829 832 τὴν

241 859 614 931 ἐπικειμένην
663 861 739 929 τῷ
780 862 945 914 παντί
1013 877 1107 913 σου
1166 860 1404 929 ποιμνίῳ
1437 857 1824 927 σκοτὸμαιναν.

256 952 428 1023 Ὁρᾷς
457 957 535 1016 είς
565 957 869 1026 δσονῆρθη,
897 957 990 1009 καὶ
1015 955 1163 1017 ὅπως
1198 956 1379 1008 πάντα
1415 954 1606 1024 σχεδὸν
1637 951 1826 1022 περιέ-

239 1042 434 1099 λαϐεν.
467 1043 591 1115 Εἶχε
629 1048 726 1116 μὲν
763 1044 857 1102 οὖν
891 1047 1059 1109 οὕτως
1090 1047 1258 1116 εὐχῆς
1288 1049 1315 1099 δ
1360 1046 1575 1117 μάρτυς
1628 1043 1831 1114 κρεμά-

245 1153 415 1204 μενος
444 1152 458 1164 ⁶
494 1140 520 1190 ὁ
551 1139 811 1208 τύραννος
842 1140 896 1192 δέ
927 1139 1116 1201 ἀλλους
1144 1142 1230 1191 ἐπ’
1259 1139 1440 1198 ἀλλοις
1478 1138 1692 1205 ἔπεμπε
1715 1135 1824 1187 τῶν

238 1228 479 1298 δημίων,
515 1231 614 1293 τὰς
639 1233 830 1295 ὀδύνας
865 1234 928 1283 ἐκ
950 1233 1140 1284 τούτου
1169 1231 1501 1302 δριμυτέρας
1526 1227 1825 1298 ἐπιτεχνώο

245 1334 434 1383 μενος.
474 1321 626 1373 Ἐπεὶ
662 1322 718 1374 δὲ
754 1320 900 1393 ἐώρα
919 1324 1010 1373 τὸν
1039 1325 1200 1390 ἅγιον
1232 1323 1487 1391 ἀτρέπτῳ
1537 1321 1627 1372 καὶ
1673 1337 1828 1371 συνε-

245 1413 414 1470 στῶτι
445 1413 521 1482 τῷ
552 1415 825 1484 προσώπῳ
858 1415 925 1467 τά
956 1416 1275 1483 ἐπαγόμενα
1293 1414 1545 1484 φέροντα,
1567 1413 1826 1482 διαπορηο

241 1503 359 1564 θεὶς
391 1504 642 1572 ἀνεθῆναι
671 1507 770 1574 μὲν
793 1505 898 1558 τῶν
925 1508 1207 1575 μαστίγων
1241 1507 1425 1570 αὑτὸν,
1458 1510 1521 1576 τῇ
1551 1508 1742 1574 εἱρκτῇ
1768 1505 1824 1556 δέ

241 1611 318 1644 πα
330 1596 1026 1664 ραδοθῆναιδιακελεύεται.
1041 1599 1098 1652 '0
1121 1602 1327 1670 μάρτυς
1343 1601 1434 1652 οὖν
1450 1600 1822 1668 ἀπαγόμενος,

238 1688 338 1734 καὶ
375 1679 459 1738 οἷα
515 1689 707 1751 αὐταῖς
767 1691 1002 1757 πληγαῖς
1056 1693 1458 1762 σεμνυνόμενος
1511 1692 1598 1744 διὰ
1655 1693 1819 1762 μέσου

236 1777 372 1831 ἐϐόα
404 1782 502 1847 τῆς
533 1782 763 1845 πόλεως·
813 1784 878 1834 Ol
907 1785 973 1836 τά
1008 1786 1298 1854 τραύματα
1325 1787 1433 1837 τῶν
1463 1789 1554 1838 τοῦ
1583 1784 1818 1854 Χριστοῦ

1935 587 2176 642 contere,
2211 594 2456 633 meorutn
2491 587 2672 634 autem
2708 581 3072 636 membrorum
3105 584 3360 638 articulos
3394 586 3506 642 dis-

1933 670 2139 722 solutos
2181 671 2375 739 colliga
2410 683 2463 726 et
2506 673 2624 736 uni,
2675 687 2708 726 ο
2743 673 2882 726 bone
2915 691 2924 724 :
2959 683 3013 727 et
3062 677 3301 730 concede
3351 680 3506 738 mihi,

1933 772 1993 815 ut
2033 762 2236 830 possim
2272 779 2532 833 peragere
2578 764 2682 818 hoc
2725 775 3004 819 certamen
3041 768 3310 838 martyrii.
3347 769 3506 823 Solve

1931 864 2114 907 autem
2158 855 2322 909 etiam
2356 871 2496 919 eam,
2545 872 2666 925 qua:
2701 867 2792 911 tuo
2823 858 2971 928 gregi
3018 859 3290 923 imminet,
3324 861 3505 931 caligi-

1933 959 2080 1000 nem.
2117 944 2280 999 Vides
2306 962 2465 1014 quam
2499 947 2566 999 sit
2597 946 2652 999 in
2685 947 2852 1000 altum
2887 947 3048 1010 elata,
3077 957 3130 1001 et
3153 952 3505 1016 quemadmo-

1929 1036 2057 1090 dum
2091 1038 2272 1090 omnia
2307 1037 2420 1090 fere
2464 1039 2900 1107 comprehendit.
2953 1041 3133 1109 Atque
3180 1041 3257 1094 sic
3286 1041 3502 1110 quidem

1931 1130 2254 1197 precabatur
2309 1141 2516 1200 martyr
2583 1146 2901 1199 suspensus.
2974 1133 3262 1203 Tyrannus
3323 1145 3503 1188 autem

1931 1225 2069 1278 alios
2104 1235 2222 1292 post
2253 1224 2386 1277 alios
2426 1224 2672 1277 mittebat
2707 1225 2948 1285 lictores,
2983 1229 3259 1294 graviores
3292 1243 3352 1280 ex
3396 1229 3500 1282 hoc

1928 1315 2146 1369 dolores
2178 1317 2519 1370 maehinans.
2549 1317 2842 1385 Postquam
2875 1326 3058 1370 autem
3089 1319 3222 1372 vidit
3252 1329 3500 1374 sanetum

1929 1406 2254 1462 immutabili
2281 1419 2333 1461 et
2359 1413 2632 1462 constanti
2667 1409 2817 1462 vultu
2849 1407 3120 1463 ferentem
3153 1426 3217 1464 ea
3249 1426 3366 1480 quae
3416 1412 3500 1464 iu-

1931 1503 2305 1568 tentabantur,
2364 1502 2530 1555 animi
2590 1501 2812 1565 dubius,
2877 1503 3034 1572 jubet
3096 1519 3219 1556 eum
3282 1506 3501 1572 quidem

1930 1593 2159 1647 relaxari
2216 1610 2244 1646 a
2300 1592 2551 1653 vinculis.
2607 1595 2807 1661 conjici
2861 1605 3042 1649 autem
3093 1596 3148 1648 in
3199 1612 3499 1650 carcerem.

1926 1684 2124 1755 Martyr
2157 1700 2286 1756 ergo
2321 1687 2448 1739 dum
2477 1685 2872 1747 abducebatur,
2906 1694 2962 1739 et
2992 1686 3330 1755 gloriabatur
3361 1702 3500 1754 quo-

1926 1778 2215 1831 dammodo
2244 1777 2438 1848 plagis,
2484 1792 2580 1846 per
2608 1777 2840 1830 mediam
2879 1777 3148 1830 clamabat
3179 1777 3448 1831 civitatem
3483 1796 3497 1832 :

237 1870 533 1935 βλέποντες
566 1874 837 1941 ἀθλητῶν,
891 1876 1128 1925 ἐννοεῖτε
1186 1876 1392 1927 τούτων
1428 1877 1526 1938 τὰς
1583 1877 1814 1945 ἀμοιϐάς

1923 1869 2024 1934 Qui
2082 1869 2413 1923 athletarum
2478 1866 2683 1922 Christi
2746 1869 2940 1922 videtis
2997 1869 3242 1932 vulnera,
3308 1883 3498 1923 eorum

236 1964 335 2012 καί
370 1964 432 2014 τὰ
455 1963 686 2015 ἔπαθλα.
708 1961 849 2015 Οὔτε
877 1965 984 2033 γάρ
1015 1964 1089 2034 νῷ
1115 1967 1315 2034 ληπτά,
1335 1964 1456 2017 οὕτε
1481 1967 1622 2036 λόγῳ
1652 1966 1812 2036 ῥητὰ,

233 2053 338 2104 ὃσα
367 2054 394 2106 ὁ
427 2054 692 2117 ἀθάνατος
727 2054 994 2118 Βασιλεὺς
1033 2060 1142 2119 τοῖς
1177 2058 1315 2125 ὑπὲρ
1347 2059 1510 2110 αὑτοῦ
1545 2059 1814 2127 πάσχουσι

233 2149 329 2197 καὶ
362 2146 455 2197 νῦν
482 2146 664 2198 δίδωσι
703 2149 906 2214 ἀγαθὰ,
957 2150 1054 2201 καὶ
1077 2151 1157 2212 είς
1200 2151 1260 2202 τὸ
1292 2151 1444 2202 ἐπιὸν
1477 2153 1533 2202 ὲν
1564 2153 1817 2221 οὐρανοῖς

233 2237 578 2306 ταμιεύεται.
611 2239 718 2290 Καὶ
748 2239 878 2291 αὐτὸ
913 2239 1072 2292 τοῦτο
1099 2241 1156 2292 τὸ
1201 2241 1340 2309 ὑπὲρ
1372 2241 1539 2292 αὑτοῦ
1582 2245 1812 2309 πάσχειν

232 2329 444 2395 γλυκύ·
487 2331 546 2382 τὸ
599 2331 653 2383 δέ
692 2333 784 2383 καὶ
817 2331 886 2384 δι’
928 2333 1091 2386 αὑτὸν
1146 2333 1443 2388 ἀποθανεῖν
1498 2334 1669 2403 ἥδιον.
1701 2334 1811 2386 Καὶ

231 2421 354 2489 ἃμα
405 2424 736 2493 παρείποντο
790 2426 976 2479 πολλοὶ
1027 2427 1102 2496 τῷ
1147 2429 1321 2496 ἀνδρὶ,
1371 2429 1679 2498 ἐπέρρειδὲ
1718 2431 1812 2480 καὶ

231 2515 440 2567 πλείων
466 2520 493 2568 ὁ
521 2517 676 2586 ὄχλος
711 2519 776 2570 τὰ
811 2521 1053 2586 σωτήρια
1080 2519 1170 2570 ὑπ’
1197 2518 1363 2570 αὐτοῦ
1408 2520 1809 2587 διδασκόμενοι,

231 2608 341 2669 ἕως
369 2611 461 2679 τῆς
491 2610 738 2677 φυλακῆς
767 2609 936 2678 ἐπέϐη
964 2607 1056 2661 καί
1091 2611 1261 2679 αὐτῆς
1287 2612 1419 2664 εἴσω
1449 2613 1736 2681 γεγένητο.

310 2864 403 2929 (ζ’.
431 2863 664 2933 Πέμπτη
691 2863 871 2918 τοίνυν
904 2865 1043 2934 μετά
1090 2865 1188 2935 τὴν
1235 2866 1475 2936 φρουράν
1516 2866 1812 2937 περιῆλθεν

228 2957 442 3026 ἡμέρα,
465 2959 560 3009 καὶ
615 2958 737 3025 ἄγει
786 2958 948 3011 πάλιν
976 2959 1066 3010 τὸν
1120 2958 1359 3029 ἀθλητὴν
1395 2962 1420 3011 ὁ
1457 2961 1688 3023 Λυσίας,
1714 2963 1809 3014 καὶ

227 3050 466 3110 ἀναιδῶς
497 3050 586 3100 τὸν
611 3053 784 3117 πρᾶον
840 3052 1300 3122 ὑποκρινάμενος,
1341 3052 1511 3125 ταύτῃ
1549 3071 1810 3122 μετενεγ-

1920 1963 2396 2015 rcmuneratioues
2450 1964 2685 2029 c03itate
2737 1970 2792 2014 ct
2841 1962 3082 2028 praemia.
3127 1961 3313 2030 Neque
3353 1966 3496 2017 enim

1920 2069 2103 2110 mente
2128 2055 2546 2124 comprehendi,
2578 2068 2757 2121 neque
2786 2055 2968 2107 verbis
2997 2055 3232 2122 exprimi
3269 2064 3497 2123 possunt

1919 2146 2082 2209 bona,
2147 2160 2268 2214 qua:
2320 2145 2430 2199 Rex
2489 2146 2814 2200 immortalis
2865 2154 2919 2199 et
2971 2162 3114 2200 nunc
3155 2149 3246 2200 dat
3299 2149 3363 2202 iis
3403 2149 3494 2218 qui

1918 2254 2013 2307 pro
2061 2239 2178 2306 ipso
2216 2241 2523 2306 patiuntur,
2561 2247 2616 2291 et
2649 2240 2702 2291 in
2734 2239 2892 2292 caelis
2922 2244 3272 2290 reservantur
3303 2241 3356 2292 in
3396 2256 3494 2309 po-

1918 2341 2155 2383 sterum.
2197 2329 2335 2396 Quin
2372 2332 2535 2384 etiam
2583 2331 2762 2401 ipsum
2803 2346 3020 2400 quoque
3052 2346 3152 2399 pro
3200 2335 3314 2402 ipso
3361 2334 3492 2401 pati,

1916 2435 1999 2478 est
2026 2423 2357 2492 jucundum,
2407 2436 2629 2493 propter
2660 2424 2838 2492 ipsum
2883 2433 3062 2476 autem
3097 2427 3257 2486 mori,
3292 2435 3372 2477 est
3402 2425 3494 2494 ju-

1916 2516 2172 2570 cundius.
2223 2515 2356 2568 Eum
2399 2526 2581 2568 autem
2620 2516 2777 2568 multi
2813 2516 3198 2584 sequebantur,
3237 2527 3289 2570 et
3322 2518 3494 2585 major

1915 2607 2172 2659 aﬂluebat
2209 2608 2387 2669 turba,
2428 2622 2550 2676 qua:
2584 2607 2653 2660 ab
2680 2622 2747 2660 eo
2786 2608 3086 2660 docebatur
3118 2624 3180 2660 ea
3213 2625 3331 2677 qua}
3365 2622 3493 2664 sunt

1914 2700 2196 2762 salutaria,
2237 2701 2414 2754 donec
2453 2702 2702 2755 ascendit
2737 2701 2790 2753 in
2830 2704 3160 2763 custodiam,
3215 2712 3270 2755 et
3314 2703 3487 2772 ipsam

1914 2804 1997 2850 est
2030 2795 2324 2863 ingressus.

1987 2885 2072 2939 νι.
2127 2885 2364 2949 Quintus
2399 2883 2516 2937 dies
2551 2884 2914 2951 praeterierat,
2949 2899 3014 2937 ex
3069 2900 3175 2953 quo
3207 2886 3488 2954 conjectus

1912 2976 2092 3030 fuerat
2149 2979 2201 3028 in
2262 2976 2592 3040 custodiam,
2654 2983 2707 3029 et
2746 2976 3005 3029 athletam
3049 2993 3239 3030 rursus
3279 2977 3487 3030 curavit

1913 3069 2296 3124 adducendum
2353 3066 2579 3137 Lysias;
2660 3078 2715 3122 et
2775 3069 3120 3136 impudenter
3178 3083 3235 3121 se
3297 3071 3482 3124 mitem

228 3143 351 3193 κεῖν
388 3142 550 3193 αὑτὸν
583 3141 680 3209 τῆς
726 3142 1012 3203 εὐσεϐείας
1064 3147 1396 3212 ἐμηχανᾶτο.
1439 3147 1548 3200 Καὶ
1572 3187 1585 3209 ,
1617 3149 1807 3200 Ἴστω-

1916 3178 2034 3219 esse
2074 3162 2378 3224 simulans,
2433 3160 2510 3214 sic
2558 3174 2684 3212 eum
2737 3160 3062 3214 moliebatur
3120 3163 3400 3216 traducere
3453 3177 3482 3215 a

230 3248 336 3284 σαν
378 3233 424 3282 οί
477 3230 589 3282 θεοὶ
637 3230 900 3294 ἅπαντες,
958 3231 1133 3298 ἔλεγε,
1173 3233 1492 3302 Σευηριανὲ,
1544 3235 1624 3285 ὃτι
1663 3240 1804 3287 πάνυ

227 3322 442 3392 σφόδρα
500 3322 896 3392 ἐκπλῆττομαι,
957 3323 1414 3392 ἀναλογιζόμενος
1472 3327 1618 3388 ὅπως
1669 3326 1805 3398 ἀνὴρ

225 3415 375 3469 οὕτω
404 3416 502 3484 μὲν
542 3417 745 3482 ἀγαθὸς
775 3415 872 3486 τὴν
908 3414 1077 3485 ὥραν,
1105 3419 1198 3471 καὶ
1227 3418 1325 3470 ὅσα
1369 3419 1495 3471 ἰδεῖν
1524 3420 1803 3490 ἀνδρείως,

225 3508 374 3560 οὕτω
401 3509 459 3559 δέ
492 3510 812 3576 ἐμπειρίαις
849 3510 1193 3576 πραγμάτων
1219 3512 1663 3580 μεμελετημένος
1711 3513 1803 3566 θά-

225 3616 393 3652 νατον
432 3599 683 3668 προφανῆ
729 3598 822 3650 τοῦ
870 3598 1029 3666 ἡδέος
1072 3599 1262 3650 τούτου
1314 3602 1552 3672 ἀλλάττῃ
1607 3604 1801 3665 φωτός.

239 3692 483 3746 Ἐπαινὼ
525 3707 618 3744 σου
649 3691 708 3742 τὸ
737 3689 1022 3762 σταθερὸν,
1053 3690 1167 3744 ἀλλ’
1201 3693 1248 3744 εἰ
1283 3692 1425 3744 κατά
1458 3693 1564 3746 τῶν
1593 3693 1804 3762 ἐχθρῶν

225 3787 501 3855 ἐκέχρησο
540 3784 616 3853 τῷ
650 3785 1110 3853 πλεονεκτήματι.
1132 3785 1204 3836 Τὸ
1237 3785 1292 3836 δὲ
1323 3787 1414 3838 καὶ
1447 3788 1675 3856 σιδήρῳ,
1710 3788 1804 3838 καὶ

227 3881 390 3948 πυρὶ,
415 3879 506 3930 καὶ
536 3878 716 3948 θηρσὶ,
738 3879 833 3929 καὶ
860 3877 1029 3940 λίθοις
1067 3878 1319 3932 παλαίειν
1365 3880 1572 3947 ἠλίθιον
1606 3881 1801 3949 κομιδῇ

228 3975 321 4024 καὶ
372 3971 489 4022 ούδέ
526 3969 722 4035 μανίας
784 3969 1085 4037 ἐλεύθερον.
1144 3972 1213 4022 “II
1245 3973 1338 4038 οὐχ
1385 3973 1514 4041 ὁρᾷς
1546 3975 1592 4023 εἰ
1642 3975 1715 4040 μή
1753 3990 1804 4023 τι

227 4065 382 4126 ἄλλο,
413 4064 488 4123 ὡς
519 4063 777 4130 παρεῖται
805 4061 903 4128 μέν
965 4076 1048 4112 σοι
1095 4060 1155 4112 τὸ
1187 4065 1434 4129 γενναῖον
1469 4064 1567 4132 τῆς
1613 4065 1804 4135 ῥώμης

229 4159 326 4210 καὶ
352 4156 604 4220 λέλυταις
641 4154 855 4224 διαρρεῖ
882 4153 938 4206 δὲ
989 4155 1081 4206 καὶ
1131 4155 1263 4207 αὐτὸ
1297 4156 1396 4226 ῆδη
1430 4156 1488 4208 τὸ
1521 4157 1679 4227 σῶμα
1711 4159 1804 4210 καὶ

227 4253 477 4318 οἴχεταις
516 4248 726 4310 τούτοις
766 4250 792 4301 ὁ
820 4247 1028 4311 Λυσίας
1081 4248 1311 4301 ἐκλῦσαι
1355 4249 1674 4318 πανούργως
1714 4252 1802 4302 τὸν

228 4345 383 4393 τόνον
416 4341 566 4410 αὑτῷ
595 4342 892 4409 ἐπεχείρει.
946 4340 1006 4392 '0
1031 4341 1114 4405 δέ,
1157 4341 1247 4410 Μὴ
1277 4341 1412 4410 πρὸς
1436 4344 1532 4403 τάς
1564 4343 1806 4411 δαπανη-

227 4436 417 4495 θείσας
449 4436 568 4494 ταῖς
594 4434 812 4501 μάστιξι
846 4436 1054 4503 σάρκας
1080 4435 1296 4498 σκόπει,
1324 4434 1510 4502 φησίν·
1539 4434 1605 4502 ἃς
1634 4438 1681 4486 εἰ
1709 4435 1803 4486 καὶ

231 4527 307 4595 μὴ
377 4525 539 4586 αὐτὸς
597 4524 919 4586 ἀναλώσεις,
964 4527 1080 4576 ἀλλ’
1113 4529 1140 4576 ὁ
1170 4527 1398 4588 θάνατος
1449 4529 1692 4581 ἐπελθὼν
1740 4531 1798 4582 ού
1836 4528 1878 4582 D

228 4621 476 4686 φείσεται
507 4618 724 4680 πάντως
749 4634 762 4648 ⁸
787 4617 901 4670 ἀλλ’
926 4617 1040 4670 ἐστί
1078 4635 1169 4687 μοι
1201 4621 1549 4688 προαίρεσις,
1578 4621 1643 4690 ἢν
1678 4623 1802 4674 οὒτε

227 4711 426 4783 ἀπειλὴ
461 4709 819 4781 καταπλήξει,
845 4709 970 4764 οὕτε
1010 4712 1241 4781 βάσανος
1294 4713 1489 4782 ἀψεται
1514 4729 1525 4742 ·
1582 4715 1804 4767 τούναν-

227 4806 340 4856 τίον
373 4808 472 4872 μὲν
501 4801 593 4856 οὖν
623 4805 770 4857 ἅπαν
798 4842 814 4869 ,
847 4804 941 4856 καὶ
975 4805 1208 4872 ῥώννυσι
1241 4807 1443 4876 μᾶλλον
1464 4807 1634 4875 αὐτὴν
1666 4808 1804 4876 ὑπὲρ

227 4897 468 4965 Χριστοῦ
513 4899 609 4948 καὶ
668 4897 1090 4965 προθυμοτέραν
1140 4898 1457 4967 ἐργάζεται.
1509 4899 1670 4953 Ὅθεν
1727 4903 1802 4971 μὴ

231 4986 488 5057 μάστιζε,
552 4987 687 5055 μηδέ
727 4987 962 5058 ἀνάρτα,
1009 4988 1143 5058 μηδὲ
1182 4988 1419 5053 διάξαινε
1457 4991 1641 5059 μόνον,
1667 4992 1805 5043 ἀλλά

228 5082 324 5133 καὶ
351 5082 515 5143 λίθοις
547 5079 836 5150 βάλλε,καὶ
860 5084 991 5154 πυρὶ
1019 5083 1180 5144 δίδου,
1221 5084 1314 5134 καὶ
1356 5084 1466 5135 πᾶν
1501 5084 1639 5151 ὅπερ
1672 5083 1737 5136 ἂν

230 5176 540 5246 βουλομένῳ
574 5193 657 5228 σοι
700 5155 945 5240 δυνατδν,
988 5177 1215 5243 ἐπάγειν
1259 5177 1333 5247 μὴ
1377 5177 1674 5246 ἀναϐάλλῃ.
1719 5178 1802 5240 Ὠς

229 5269 426 5322 θάττον
461 5265 526 5318 ἂν
558 5269 622 5319 σὺ
683 5269 926 5342 κολάζων
986 5271 1405 5339 ἀπαγορεύσῃς,
1433 5270 1465 5338 ἢ
1495 5269 1657 5331 αὐτὸς
1716 5272 1804 5323 διὰ

229 5360 465 5429 Χριστὸν
511 5360 752 5427 ἐμαυτοῦ
800 5361 1079 5430 φείσομαι.
1120 5361 1342 5432 Ἐχθρὸς
1387 5362 1443 5414 δὲ
1501 5365 1685 5424 ὁποῖος
1736 5362 1802 5415 ἂν

230 5455 418 5522 ἔτερος
471 5454 596 5521 ἐμοὶ
651 5452 747 5504 σοῦ
790 5454 1170 5523 χαλεπώτερος
1221 5455 1392 5517 ἔσται,
1426 5457 1657 5509 συνιδεῖν
1705 5457 1803 5508 οὐκ

230 5550 340 5615 ἔχω
361 5561 375 5575 °
406 5547 462 5608 ὃς
486 5563 548 5612 γε
568 5548 628 5599 οὐ
657 5545 937 5614 πόρρωθεν
969 5547 1371 5618 ἀκροῦολίζεις,
1395 5549 1515 5602 οὐδὲ
1547 5550 1685 5601 κατά
1709 5548 1802 5600 τοῦ

230 5639 488 5706 σώματος
520 5638 689 5707 ἀφίης
722 5636 782 5688 τὸ
818 5637 991 5706 βέλος,
1025 5641 1138 5691 ἀλλ’
1171 5642 1339 5710 αὐτὴν
1391 5641 1682 5693 σκυλεῦσαι
1712 5658 1802 5708 φιο

226 5733 461 5786 λονεικεί
509 5733 605 5800 τῆς
632 5733 911 5794 εὺσεόεέας
938 5738 1116 5790 ὅπλων
1145 5739 1450 5808 γυμνῶσαι,
1472 5739 1568 5789 καὶ
1608 5737 1803 5806 δούλην

229 5818 542 5894 ἀπαγαγεῖν
578 5831 670 5878 καὶ
707 5827 1070 5900 αἰχμάλωτον.

1912 3259 2138 3324 pietate.
2165 3255 2248 3319 Et,
2308 3253 2494 3308 Sciant
2526 3268 2715 3306 omnes
2743 3253 2841 3314 dii,
2878 3253 3111 3316 dicebat,
3161 3259 3480 3320 Severiano,

1910 3348 2069 3402 valde
2106 3349 2295 3408 miror,
2335 3355 2598 3414 reputans
2632 3345 2778 3411 quod
2828 3346 2909 3396 vir
2940 3346 3158 3412 quidem
3192 3349 3328 3398 adeo
3375 3349 3485 3398 l'or-

1911 3459 1996 3497 ma
2040 3443 2280 3512 elegans,
2320 3449 2374 3494 et
2424 3441 2568 3508 quod
2620 3439 2796 3493 videri
2846 3445 3042 3509 potest,
3080 3441 3254 3504 l'or'tis,
3302 3450 3356 3493 et
3390 3441 3481 3508 qui

1912 3551 2092 3589 rerum
2165 3539 2366 3588 tantam
2429 3541 2624 3587 nactus
2687 3549 2745 3586 es
2804 3534 3229 3598 eXperientiam,
3293 3546 3479 3601 aperta

1910 3639 2144 3682 mortea
2205 3628 2358 3682 suavi
2419 3628 2521 3681 hac
2578 3628 2698 3681 luce
2756 3625 3028 3680 discedas.
3088 3625 3273 3679 Laudo
3331 3637 3478 3679 tuam

1909 3722 2261 3774 stabilitatem
2315 3731 2368 3776 et
2409 3723 2796 3782 constantiam,
2836 3720 2880 3773 si
2929 3735 2992 3773 ea
3031 3736 3159 3774 usus
3207 3736 3353 3776 esses
3387 3721 3482 3772 ad-

1908 3828 2101 3866 versus
2137 3815 2342 3865 hostes.
2389 3812 2526 3865 Cum
2582 3813 2726 3863 ferro
2775 3822 2978 3871 autem,
3009 3813 3154 3879 igne,
3201 3813 3391 3864 bestiis
3421 3821 3476 3863 et

1909 3906 2189 3974 lapidibus
2223 3905 2524 3969 decertare,
2559 3912 2644 3956 est
2693 3904 2856 3972 plane
2897 3903 3146 3965 stultum,
3184 3911 3236 3955 et
3280 3904 3474 3954 nonni-

1909 3995 1988 4050 hil
2036 3995 2194 4049 aliine
2250 3995 2495 4049 insaniae.
2555 3996 2636 4046 An
2685 4010 2794 4047 non
2846 3993 2999 4047 vides
3030 3995 3072 4048 si
3123 3994 3256 4045 nihil
3307 3996 3476 4053 aliud.

1908 4088 2075 4140 robur
2110 4084 2329 4154 quidem
2372 4094 2522 4137 tuum
2557 4099 2678 4137 esse
2718 4083 2952 4137 fractum
3021 4093 3077 4138 et
3130 4085 3478 4147 dissolutum,

1908 4179 2086 4247 ipsum
2123 4187 2305 4229 autem
2348 4191 2548 4243 corpus
2577 4177 2690 4237 jam
2740 4174 2984 4226 dimisere
3018 4188 3071 4228 et
3123 4177 3338 4243 perire?
3385 4177 3480 4228 His

1909 4272 2097 4341 Lysias
2180 4266 2374 4323 callide
2420 4265 2722 4320 conabatur
2761 4265 2880 4332 ejus
2922 4279 3183 4320 enervare
3224 4276 3478 4320 constan-

1909 4367 2060 4418 tiam.
2115 4365 2208 4417 llle
2252 4373 2438 4416 autem
2475 4380 2488 4416 :
2519 4363 2598 4416 Ne
2648 4365 2985 4427 consideres,
3043 4365 3236 4431 inquit,
3288 4379 3478 4417 carnes

1907 4469 2265 4527 consumptas
2295 4456 2538 4526 ﬂagellis,
2585 4471 2717 4524 quas
2747 4456 2789 4508 si
2827 4463 2880 4506 tu
2909 4470 3016 4506 non
3048 4457 3476 4520 consumpseris,

1907 4561 1959 4604 at
1994 4567 2138 4604 mors
2178 4550 2475 4603 adveniens
2509 4549 2730 4600 minime
2777 4546 2999 4599 omnino
3034 4546 3112 4599 eis
3159 4547 3475 4614 parcet.Sed

1905 4654 1988 4696 est
2021 4643 2151 4696 mihi
2196 4645 2368 4695 libera
2399 4640 2566 4692 animi
2603 4642 2870 4702 voluntas,
2909 4654 3069 4706 quam
3103 4655 3281 4705 neque
3316 4640 3478 4690 minze

1907 4737 2210 4797 terrebunt,
2244 4749 2421 4803 neque
2452 4741 2780 4789 tormentum
2831 4733 3060 4798 attinget
3094 4747 3106 4782 :
3140 4740 3329 4782 contra
3376 4745 3478 4787 auo

1908 4837 2014 4881 tem
2056 4843 2174 4881 eam
2231 4827 2404 4892 magis
2455 4823 2680 4876 omnino
2719 4838 2818 4890 pro
2870 4821 3086 4875 Christo
3134 4822 3475 4885 conﬁrmant,

1908 4917 2410 4988 promptioremque
2447 4913 2691 4976 alliciunt
2721 4926 2776 4967 et
2824 4914 3164 4967 alacrioretn.
3213 4913 3476 4977 Quocirca

1906 5021 2014 5057 non
2047 5003 2224 5058 solum
2254 5002 2434 5070 ﬂagris
2478 5001 2646 5060 ca'de,
2695 5000 2970 5068 suspende
3005 5007 3058 5050 et
3104 4998 3283 5050 lacera
3337 4997 3476 5050 :sed

1906 5097 2070 5152 etiam
2103 5099 2276 5149 obrue
2325 5094 2616 5161 lapidibus,
2654 5101 2709 5146 et
2739 5092 2854 5158 jace
2891 5091 2942 5141 iu
2995 5090 3198 5159 ignem,
3233 5100 3287 5142 et
3318 5092 3477 5158 quid-

1906 5189 2059 5258 quid,
2092 5187 2235 5256 quod
2274 5187 2356 5240 vis
2382 5195 2436 5239 et
2475 5195 2629 5253 potes
2659 5183 2859 5243 facere,
2896 5185 2951 5235 iu
2987 5197 3073 5234 me
3107 5197 3175 5233 ne
3205 5180 3476 5232 cuiu-teris

1906 5282 2194 5334 intentare.
2239 5278 2370 5331 Nam
2414 5288 2470 5330 tu
2510 5277 2617 5327 eris
2664 5275 2827 5328 citius
2869 5273 3120 5328 defessus
3171 5272 3475 5340 puniendo,

1905 5391 2067 5443 quam
2100 5390 2198 5442 ego
2255 5372 2388 5425 mihi
2444 5384 2660 5436 parcam
2712 5377 2936 5437 propter
2975 5366 3276 5425 Christum.
3317 5365 3476 5429 Quis-

1906 5481 2030 5519 nam
2077 5473 2260 5521 autem
2295 5476 2345 5517 te
2379 5462 2510 5515 mihi
2569 5464 2783 5530 gravior
2819 5459 3036 5514 futurus
3091 5460 3162 5511 sit
3196 5458 3471 5520 inimicus,

1907 5573 2014 5611 non
2065 5571 2284 5625 possum
2337 5557 2698 5624 perspicere:
2748 5553 2839 5620 qui
2881 5567 2988 5604 non
3041 5551 3215 5604 solum
3257 5553 3476 5603 eminus

1903 5650 2183 5719 jaeularis,
2222 5664 2284 5700 ac
2320 5652 2483 5701 telum
2527 5648 2579 5700 in
2617 5661 2813 5712 corpus
2865 5645 3131 5699 immittis.
3161 5645 3254 5696 sed
3287 5644 3476 5696 studes

1908 5744 2074 5810 ipsam
2113 5742 2344 5807 spoliare
2400 5742 2662 5797 animam,
2721 5749 2772 5790 et
2814 5754 2929 5790 eam
2983 5739 3205 5790 omnino
3258 5742 3467 5789 nudare

1910 5834 2075 5888 armis
2135 5835 2370 5903 pietatis,
2424 5840 2479 5886 et
2529 5847 2742 5884 servant
2779 5834 3050 5886 abducere
3091 5840 3148 5884 et
3179 5830 3467 5897 captivam.
