4198 6438
745 356 846 421 647

1977 362 2257 423 MENSIS
2300 366 2774 430 SEPTEMBER.

3901 388 4003 451 €48

820 470 925 526 γη.
960 469 1081 523 Haec
1117 484 1238 523 cum
1273 471 1380 523 dux
1425 473 1707 534 audiisset,
1742 475 2001 527 continuo
2031 492 2319 544 personam
2351 483 2396 542 Α

2351 483 2396 542 Α
2498 484 2570 536 Z'.
2603 483 2823 539 Τούτων
2849 489 2875 539 6
2908 486 3034 553 δοὺξ
3053 489 3314 556 ἀκούσας,
3336 494 3394 549 τὸ
3435 500 3782 566 προσωπεῖον
3840 504 4000 567 silli);

749 575 803 620 et
850 579 1065 619 scenam
1118 564 1330 630 ahjieit.
1385 576 1439 618 et
1494 581 1688 619 rursus
1741 579 1856 620 erat
1911 568 2096 638 Lysias
2186 586 2308 623 cum

748 656 906 710 solita
944 656 1267 710 crudelitate
1292 667 1340 710 et
1379 656 1737 723 immanitate,
1765 668 1816 712 et
1852 660 2006 727 jubet
2034 661 2306 729 lapidibus

746 747 957 802 conteri
997 762 1058 801 os
1089 749 1357 819 martyris,
1400 760 1453 802 et
1487 749 1684 803 deinde
1733 751 1898 803 etiam
1937 752 1983 804 ei
2025 754 2265 808 dictitari
2297 772 2309 810 :

745 841 868 894 Noli
926 839 1202 894 Christum
1257 842 1578 895 crucifixum
1621 843 1673 895 in
1715 844 1896 913 lingua
1938 845 2312 910 circumferre,

747 951 922 1002 neque
967 936 1115 988 illum
1158 938 1641 990 commemorando
1696 953 1816 992 esse
1865 941 2124 995 molestus
2158 943 2314 998 ducis

744 1029 988 1079 auribus.
1050 1026 1154 1079 Sed
1224 1036 1478 1081 strenuus
1539 1029 1741 1082 athleta
1801 1032 1963 1084 etiam
2027 1034 2315 1089 decertans

746 1134 867 1171 cum
935 1118 1024 1170 tali
1085 1118 1374 1186 supplicio,
1429 1129 1605 1172 tamen
1647 1123 2056 1189 responsionem
2099 1140 2314 1194 quoque

745 1210 946 1278 adjecit
993 1227 1006 1263 :
1045 1211 1223 1272 Miser,
1267 1210 1480 1273 dicens,
1513 1214 1602 1280 qui
1659 1223 1802 1265 tuam
1849 1215 2091 1268 .animam
2149 1219 2315 1271 semel

747 1302 920 1355 fecisti
948 1303 1250 1356 daemonum
1296 1304 1688 1363 habitaculum,
1726 1309 1919 1359 merito
1949 1322 2018 1360 ne
2049 1308 2163 1361 solo
2192 1309 2314 1376 qui-

746 1394 865 1445 dem
900 1393 1084 1445 auditu
1109 1402 1261 1460 potes
1288 1391 1436 1446 ferre
1467 1395 1665 1447 Christi
1699 1396 1801 1446 rnei
1843 1413 2062 1450 nomen.
2097 1398 2176 1451 Ad
2203 1400 2314 1453 hrec

748 1501 939 1540 rursus
969 1486 1071 1537 dux
1105 1502 1116 1536 :
1152 1486 1280 1553 Ego,
1310 1501 1341 1538 ο
1369 1484 1680 1542 Severiane.
1712 1488 2022 1541 existimans
2045 1500 2094 1541 te
2120 1489 2311 1544 factum

746 1592 866 1628 esse
929 1575 1342 1629 moderatiorem
1400 1579 1688 1631 tormentis
1745 1581 2198 1647 praecedentibus.
2257 1593 2310 1636 et

746 1682 1052 1718 sermonem
1104 1666 1339 1733 imperii,
1375 1675 1428 1720 et
1466 1683 1582 1734 quae
1614 1684 1747 1734 Opus
1778 1681 1921 1731 sunt,
1955 1672 2097 1739 quod
2130 1676 2194 1724 ad
2230 1688 2314 1725 me

747 1760 964 1825 quidem
1012 1758 1228 1818 attinet,
1279 1760 1442 1811 suasi.
1478 1759 1750 1822 Quoniam
1785 1772 1962 1814 autem
1998 1765 2110 1829 ipse
2147 1768 2314 1832 magis

748 1847 1033 1899 contendis
1081 1847 1295 1899 vincere
1334 1849 1512 1916 priora
1543 1852 1817 1912 secundis,
1851 1861 1903 1904 et
1934 1870 2050 1921 qua:
2081 1871 2312 1923 praeces-

749 1949 933 1991 serunt
963 1941 1360 2007 perpessiones,
1390 1943 1806 2009 exsuperatione
1833 1946 2011 1999 delere
2052 1950 2314 2015 posterio-

748 2046 891 2090 rum,
942 2040 1001 2082 ut
1042 2031 1277 2097 aliquam
1305 2031 1508 2084 referas
1545 2034 1768 2100 gloriam
1794 2052 1819 2086 a
1849 2037 2193 2099 Christianis,
2221 2041 2312 2108 qui

747 2137 898 2188 reque
929 2135 992 2173 ac
1027 2131 1082 2173 tu
1118 2130 1245 2174 sunt
1276 2123 1448 2186 stulti,
1491 2133 1539 2176 te
1569 2127 1885 2179 omnimodo
1913 2129 2118 2183 docebo
2149 2148 2312 2200 expe-

749 2215 965 2277 rientia,
999 2215 1141 2282 quod
1177 2226 1226 2267 te
1257 2225 1380 2268 tuus
1414 2216 1666 2272 Christus
1693 2235 1760 2272 ne
1797 2222 2064 2276 tantillum
2095 2226 2312 2292 quidem

743 2306 968 2373 juverit.
1016 2304 1170 2357 Tunc
1202 2304 1554 2368 Severianus,
1598 2310 1687 2376 qui
1718 2310 1831 2377 ipse
1875 2327 2117 2380 quoque,
2176 2315 2316 2367 sicut

747 2397 964 2448 divinus
985 2395 1203 2460 Paulus,
1231 2407 1347 2450 erat
1376 2400 1568 2466 plenus
1594 2402 1775 2454 divino
1803 2402 2010 2471 Spiritu
2041 2422 2052 2456 :
2079 2405 2204 2467 Nos,
2235 2407 2316 2458 in-

747 2489 1014 2556 quit,non
1049 2503 1131 2548 ea,
1165 2504 1284 2556 quze
1318 2489 1586 2549 videutur,
1627 2506 1659 2543 ο
1684 2493 1871 2558 judex,
1900 2495 1992 2547 sed
2030 2510 2091 2548 ea
2123 2498 2311 2564 etiam,

749 2595 868 2648 qua:
899 2595 1008 2631 non
1037 2580 1309 2642 videntur,
1355 2583 1770 2637 consideramus
1798 2586 1838 2638 ⁵.
1877 2585 2065 2640 Veniet
2098 2598 2303 2654 autem,

748 2673 838 2739 qui
873 2673 1086 2736 liberat,
1129 2685 1182 2725 et
1210 2685 1434 2727 sanctus
1460 2689 1488 2726 e
1517 2675 1652 2728 caelo
1675 2677 1933 2739 visitahit,
1969 2689 2022 2732 et
2055 2695 2174 2747 qua:
2202 2696 2231 2734 a
2264 2691 2314 2735 te

750 2762 802 2812 in
835 2776 917 2812 me
938 2761 1278 2814 intentantur
1295 2763 1578 2830 supplicia,
1601 2765 1783 2817 omnia
1818 2768 2229 2828 eﬂicietiuania.
2259 2777 2320 2822 ut

748 2860 876 2902 sunt
927 2866 1133 2904 revera.
1189 2851 1312 2905 IIaac
1346 2868 1468 2906 cum
1520 2864 1719 2925 martyr
1767 2859 2160 2924 respondisset,
2208 2861 2315 2912 dux

750 2956 1050 2994 conversus
1105 2943 1170 2995 ad
1231 2944 1648 2998 circumstantes
1701 2964 1714 2998 :
1762 2946 2052 3012 Quoniam,
2116 2951 2312 3019 inquit,

749 3033 1078 3086 Severianus
1119 3035 1466 3102 praesentium
1508 3035 1769 3088 malorum
1806 3048 2099 3111 exspectat
2129 3056 2312 3095 rentu-

749 3123 1080 3188 nerationes,
1130 3125 1350 3179 interim
1400 3127 1634 3194 pendeat
1678 3128 1926 3183 sublimis
1967 3133 2022 3184 in
2063 3131 2228 3201 ligno,

752 3213 917 3282 huius
947 3214 1112 3267 latera
1146 3218 1357 3286 ungula:
1387 3217 1576 3272 ferreae
1606 3232 1955 3274 consumant.
1989 3222 2107 3273 Sint
2133 3232 2312 3274 autem

751 3308 914 3359 etiarn
946 3308 1086 3360 circa
1115 3324 1236 3361 euttt
1263 3310 1545 3372 satellites,
1575 3321 1631 3363 ut
1663 3313 2037 3364 vehementius
2065 3315 2313 3378 lanietur,

750 3407 805 3449 et
836 3400 991 3449 nobis
1021 3399 1226 3465 aliquas
1259 3400 1491 3452 fortasse
1522 3410 1642 3469 agat
1672 3403 1894 3471 gratias,
1929 3405 2017 3472 qui
2049 3409 2124 3459 sic
2153 3406 2313 3459 etiam

751 3489 1001 3541 auctores
1038 3505 1225 3544 sumus
1251 3492 1488 3559 plurium
1520 3495 1810 3549 honorum.

828 3691 959 3744 VIII.
999 3692 1121 3746 Haec
1158 3694 1245 3748 ille
1276 3698 1491 3763 quidem
1525 3698 1678 3762 dixit,
1721 3698 1884 3751 veluti
1938 3699 2312 3766 subsannans;

754 3784 1040 3838 multitudo
1080 3793 1256 3840 autem
1299 3789 1548 3842 lictorum
1586 3790 1768 3843 statim
1806 3795 2232 3858 circumsistens,
2262 3805 2316 3849 et

751 3892 876 3931 eum
922 3876 1151 3931 sublime
1199 3881 1414 3942 tollens,
1465 3883 1632 3934 latera
1682 3885 1949 3937 lar-orabat
2001 3889 2310 3940 crudeliter.

752 3967 847 4022 Ille
881 3979 1059 4020 autem
1103 3990 1114 4020 :
1155 3970 1328 4023 Unam
1359 3971 1518 4033 hanc,
1561 3973 1797 4035 dicebat,
1847 3975 2051 4044 plagam
2095 3993 2313 4044 gravem

752 4058 1020 4121 existimo,
1064 4075 1184 4126 qure
1220 4075 1302 4113 me
1344 4076 1370 4112 a
1413 4060 1629 4114 Christo
1683 4064 1961 4133 disjungit.
2001 4065 2137 4118 Sunt
2188 4082 2314 4120 vero

753 4149 836 4202 hie
875 4164 1062 4201 omnes
1105 4150 1234 4202 mihi
1275 4153 1451 4220 potius
1493 4154 1770 4223 voluptati.
1818 4156 1899 4209 Me
1936 4159 2078 4210 enim
2123 4159 2190 4211 ab
2246 4160 2311 4214 iis

753 4255 871 4309 quae
898 4252 1025 4294 sunt
1059 4245 1109 4295 in
1136 4255 1297 4306 terra,
1333 4257 1666 4312 separantes,
1699 4249 1798 4300 soli
1837 4250 2052 4303 Christo
2082 4254 2310 4318 coniun-

756 4345 911 4400 gunt.
965 4335 1183 4386 Interim
1232 4346 1412 4388 autem
1463 4338 1569 4389 dux
1621 4340 1837 4405 quidem
1899 4341 2110 4394 dicebat
2152 4359 2164 4394 :
2205 4344 2313 4396 Diis

753 4427 1022 4485 sacriﬁca.
1082 4428 1392 4492 Severiano,
1429 4438 1482 4480 et
1541 4429 1771 4483 liberare
1808 4433 2164 4502 asuppliciis.
2218 4435 2308 4488 Ille

2417 576 2511 628 καὶ
2558 579 2657 646 τὴν
2690 580 2897 651 σκηνὴν
2944 582 3302 652 ἀπορρίπτει,
3365 589 3460 642 καὶ
3493 592 3698 655 Λυσίας
3735 590 3804 664 ἧν
3832 595 3999 659 αὖθις

2423 666 2559 734 μετὰ
2586 669 2688 738 τῆς
2741 671 3008 742 συνήθους
3063 677 3337 745 ἀπηνείας
3389 680 3483 732 καὶ
3540 682 3640 751 τῆς
3689 685 3999 756 ὠμότητος,

2417 759 2585 823 λίθοις
2606 778 2664 813 τε
2683 765 2743 814 τὸ
2773 768 3114 835 μαρτυρικον
3138 769 3358 822 ἐκέλευε
3390 776 3774 844 συντρίϐεσθαι
3798 783 3999 848 στόμα,

2419 849 2537 905 εἶτα
2573 855 2664 906 καὶ
2701 856 2974 924 ἐπιλέγειν
3007 859 3156 929 αὐτῷ
3189 879 3201 892 ·
3240 863 3313 930 μὴ
3343 865 3434 915 ἐπὶ
3476 866 3571 933 τῆς
3617 868 3868 937 γλώττης
3905 890 4000 923 πε-

2421 948 2667 1016 ριφέρειν
2697 949 2788 1001 τὸν
2830 953 3250 1022 ἐσταυρωμένον
3286 954 3544 1025 Χριστὸν,
3576 961 3710 1028 μηδὲ
3745 966 3814 1031 τῇ
3847 966 3995 1015 ὲκεί-

2419 1057 2509 1090 νου
2573 1041 2761 1112 μνήμῃ
2799 1043 2896 1104 τὰς
2931 1044 3025 1094 τοῦ
3077 1045 3266 1107 δουκὸς
3322 1046 3513 1099 λυπεῖν
3561 1051 3749 1112 ἀκοάς.
3797 1053 3942 1104 Ἀλλ’
3977 1057 4002 1105 6

2418 1134 2664 1196 γενναῖος
2702 1127 2857 1194 οὗτος
2886 1135 3064 1186 καίτοι
3113 1136 3248 1204 αὐτῇ
3291 1140 3537 1190 παλαίων
3578 1142 3827 1206 κολάσει,
3853 1145 4001 1208 ὅμως

2420 1224 2512 1273 καὶ
2532 1224 2588 1274 τὸ
2607 1223 2780 1277 αἴτιον
2803 1226 3117 1294 προσετίθει
3148 1245 3159 1256 ·
3187 1228 3393 1292 Ἀθλιε,
3411 1231 3606 1297 λέγων,
3625 1233 3907 1301 δαιμόνων
3928 1237 4000 1286 οΞ-

2418 1315 2679 1383 κητήριον
2699 1317 2842 1380 ἅπαξ
2864 1319 2959 1386 τὴν
2979 1318 3145 1371 αὑτοῦ
3161 1321 3337 1390 ψυχὴν
3356 1325 3749 1392 ποιησάμενος,
3771 1329 3999 1388 σὲκότως

2417 1406 2536 1456 οὐδὲ
2595 1410 2730 1476 ἀκοῇ
2768 1410 2902 1478 μόνῃ
2963 1412 3023 1462 το
3051 1412 3145 1463 τοῦ
3206 1413 3344 1482 ἐμοῦ
3409 1416 3648 1484 Χριστοῦ
3681 1419 3858 1486 ονομα
3923 1419 4000 1470 ει-

2423 1502 2673 1566 ενεγκείν
2703 1501 2950 1554 δύνασαι.
3001 1505 3142 1570 Πρὸς
3199 1507 3368 1558 ταῦτα
3410 1509 3571 1560 πάλιν
3602 1513 3627 1561 ὁ
3659 1511 3814 1575 δούξ·
3862 1513 4001 1576 Ἐγὼ

2421 1589 2867 1658 σωφρονέστερον
2901 1607 2962 1641 σε
2995 1592 3256 1656 γενέσθαι
3287 1597 3405 1654 ταῖς
3460 1598 3865 1665 προλαὸουσαις
3906 1597 3997 1665 βα-

2420 1683 2600 1741 σάνοις
2627 1681 2851 1749 οἰηθεὶς,
2873 1683 3195 1751 Σευηριανὲ,
3219 1686 3313 1734 καὶ
3339 1685 3499 1750 λόγου
3561 1690 3875 1752 μετέδωκα,
3911 1689 4002 1739 καὶ

2418 1773 2485 1824 τά
2514 1771 2700 1824 δέοντα
2732 1774 2790 1823 τό
2825 1791 2888 1841 γε
2921 1777 2999 1836 εἰς
3032 1776 3132 1843 ἐμὲ
3194 1771 3351 1844 ἧκον,
3399 1777 3686 1846 παρῄνεσα
3711 1793 3726 1806 ⁸
3783 1779 3913 1828 ἐπεὶ
3947 1779 4000 1829 δέ

2347 1834 2494 1886 8η,

2421 1864 2619 1932 μᾶλλον
2650 1864 2810 1926 αὐτὸς
2841 1869 3060 1933 νικῆσαι
3103 1868 3433 1935 φιλονεικεῖς
3478 1871 3588 1928 τοῖς
3619 1869 3903 1938 δευτέροις
3935 1874 4000 1918 τά

2419 1957 2680 2027 πρότερα,
2713 1958 2806 2007 καὶ
2845 1958 2912 2009 τά
2963 1959 3246 2024 φθάσαντα
3286 1959 3432 2029 πάθη
3480 1964 3542 2028 τῇ
3595 1961 3705 2012 τῶν
3747 1962 3999 2024 ὑστέρων

2419 2051 2691 2122 ὑπερϐολῇ
2723 2051 3071 2121 ἀμαυρῶσαι,
3099 2053 3243 2114 ὅπως
3274 2056 3394 2106 τινὰ
3414 2054 3680 2117 καὶδόξαν
3709 2053 3863 2124 παρὰ
3892 2056 3999 2105 τῶν

2417 2142 2501 2192 ἐπ²
2533 2141 2650 2210 ἴσης
2684 2143 2767 2194 σοὶ
2813 2142 3055 2210 ἀνοήτων
3098 2144 3374 2212 ἀπενέγκῃ
3427 2145 3797 2212 Χριστιανῶν,
3828 2146 4002 2214 πείρα

2420 2250 2476 2284 σε
2498 2231 2689 2296 διδάξω
2715 2233 2929 2294 πάντως
2952 2233 3154 2294 ιὶλςοὺδὲ
3178 2233 3352 2301 βραχύ
3380 2252 3436 2286 σε
3462 2234 3569 2303 ἄρα
3591 2237 3617 2286 6
3646 2237 3735 2296 σὸς
3757 2237 4001 2306 Χριστὸς

2416 2324 2773 2391 ὠφελήσειεν.
2806 2324 3070 2376 Ἐνταῦθα
3098 2326 3445 2394 Σευηριανὸς,
3487 2328 3632 2380 Θείου
3667 2331 3993 2397 Πνεύματος

2418 2418 2512 2469 καὶ
2537 2418 2696 2479 αὐτὸς
2736 2418 2878 2470 κατὰ
2919 2419 3130 2472 Παῦλον
3162 2422 3426 2489 πλησθείς
3450 2439 3462 2452 ·
3509 2424 3724 2492 Ἡμεῖς,
3755 2425 3989 2492 ἔφησεν,

2417 2510 2478 2562 οὐ
2533 2510 2598 2563 τά
2657 2511 2964 2582 βλεπόμενα
3011 2513 3183 2566 ταῦτα
3230 2516 3561 2586 σκοποῦμεν,
3612 2518 3751 2570 ἀλλά
3798 2520 3868 2570 τὰ
3927 2520 4000 2587 μὴ

2419 2601 2752 2672 βλεπόμενα,
2812 2603 3077 2657 δικαστά·
3131 2607 3253 2675 ἥξει
3307 2607 3364 2658 δὲ
3425 2609 3451 2659 6
3504 2609 3794 2675 ῥυόμενος,
3826 2611 3923 2660 καὶ
3975 2613 4003 2660 ὁ

2418 2696 2573 2760 ἅγιος
2614 2693 2674 2756 ἐξ
2701 2695 2927 2762 οὐρανοῦ
2976 2696 3474 2764 ιέπισκέιικεταιηιαλ⁵
3505 2698 3603 2755 τὰς
3638 2699 3999 2766 ἐπαγομένας

2422 2785 2546 2854 ἐμοὶ
2615 2786 2765 2851 παρὰ
2827 2784 2922 2835 σοῦ
2986 2785 3237 2848 κολάσεις
3296 2787 3532 2855 ματαίας
3582 2788 4001 2853 άποδείξει,καὶ

2419 2877 2582 2940 κενάς
2630 2878 2867 2940 ἁπάσας,
2922 2879 3058 2947 ὅπερ
3104 2876 3239 2931 ἐστί.
3303 2879 3488 2932 Ταῦτα
3558 2879 3650 2932 τοῦ
3713 2883 3999 2951 μάρτυρος

2418 2972 2878 3040 ἀποκριναμένου,
2943 2975 2970 3024 6
3030 2973 3154 3036 δοὺξ
3227 2973 3364 3042 πρὸς
3427 2975 3552 3036 τοὺς
3610 2976 3997 3044 περιεστῶτας

2418 3062 2774 3130 ἐπιστραφείς
2796 3078 2807 3089 ⁸
2855 3062 3028 3122 Ἐπεὶ,
3068 3063 3221 3129 φησὶ,
3251 3065 3577 3130 Σευηριανὸς
3598 3065 3694 3133 δαιζ,
3709 3066 4000 3137 ιλεστέρας

2263 3143 2523 3217 είςτῶν
2589 3154 2870 3220 παρόντων
2931 3153 3116 3204 κακῶν
3169 3155 3266 3216 τὰς
3318 3157 3615 3219 ἀντιδόσεις
3681 3159 3994 3226 ἐκδέχεται,

2421 3242 2840 3312 μετεωρισθήτω
2862 3245 2996 3306 τέως
3026 3247 3118 3296 ἐπὶ
3162 3245 3256 3296 τοῦ
3293 3247 3476 3311 ξύλου,
3504 3250 3594 3298 καὶ
3641 3251 3736 3307 τὰς
3795 3251 3993 3298 τούτου

2417 3337 2660 3404 πλευρὰς
2713 3336 2898 3401 δτυχες
2946 3339 3156 3405 σιδηροῖ
3185 3340 3580 3389 δαπανάτωσαν
3606 3355 3616 3367 ⁸
3649 3340 3793 3388 ἔστω
3825 3340 3881 3389 δέ
3915 3357 3994 3401 τις

2419 3433 2544 3495 περὶ
2578 3428 2738 3476 αὑτὸν
2771 3426 2864 3477 καὶ
2900 3427 3217 3494 δορυφορία,
3246 3431 3392 3490 ὅπως
3426 3431 3829 3497 συντονώτερον
3877 3433 3994 3495 ξαί-

2419 3534 2578 3580 νοιτο,
2603 3517 2692 3568 καί
2731 3535 2881 3579 τινας
2915 3519 3044 3578 ἴσως
3088 3520 3219 3588 ἡμῖν
3255 3519 3542 3589 ὁμολογοίη
3590 3524 3681 3570 καὶ
3729 3522 3992 3589 χάριτας,

2420 3608 2680 3659 πλειόνων
2721 3608 2887 3671 οὕτως
2930 3611 3123 3671 αἰτίοις
3161 3610 3379 3675 ἀγαθῶν
3399 3612 3547 3682 αὑτῴ
3580 3614 3918 3680 γινομένοις.

2491 3697 2568 3752 II'.
2601 3699 2784 3752 Ταῦτα
2815 3701 2844 3753 ὁ
2880 3702 2976 3769 μὲν
3007 3697 3118 3754 οἷον
3165 3704 3543 3771 ἐπιχλευάζων
3575 3702 3696 3757 εἷπε
3721 3721 3734 3733 ³
3772 3708 3991 3776 δημίων

2415 3794 2469 3845 δὲ
2505 3793 2702 3859 πλῆθος
2738 3795 2896 3854 εὐθὺς
2938 3795 3317 3861 περιστάντες,
3354 3802 3449 3848 καῖ⁹
3479 3799 3667 3850 τοῦτον
3722 3802 3994 3868 μετεωρί-

2419 3899 2630 3944 σαντες,
2653 3886 2745 3942 τάς
2796 3885 3031 3953 πλευράς
3085 3885 3365 3952 ὠμότερον
3401 3889 3776 3951 ὃιεσπάθιζον,
3811 3892 3872 3942 Ὀ
3897 3894 3952 3944 δὲ
3975 3932 3987 3950 ,

2418 3974 2562 4026 Μίαν
2600 3973 2833 4041 πληγὴν,
2868 3973 3046 4040 ἔλεγε,
3082 3974 3286 4044 ταύτην
3321 3979 3592 4030 ἐπώδυνον
3619 3981 3863 4049 ἥγημαι,
3893 3987 3991 4050 τὴν

2415 4065 2522 4117 ἀπὸ
2556 4065 2793 4132 Χριστοῦ
2821 4066 3111 4119 διιστῶσάν
3145 4085 3231 4137 με’
3258 4066 3414 4122 αὗται
3447 4071 3500 4122 δέ
3535 4089 3624 4139 μοι
3659 4073 3865 4140 μᾶλλον
3898 4081 3989 4127 καί

2416 4155 2535 4206 καθ’
2558 4155 2750 4224 ἡδονήν
2792 4159 2896 4207 εἰσι
2937 4159 3142 4209 πᾶσαιο
3173 4161 3278 4210 τῶν
3321 4163 3412 4211 ἐπὶ
3455 4162 3556 4227 γῆς
3607 4167 3713 4233 γάρ
3749 4183 3816 4233 με
3868 4167 3987 4218 δια·

2413 4249 2706 4312 τέμνουσαι
2738 4248 2957 4317 Χριστῷ
2983 4249 3315 4299 συνάπτουσι
3348 4252 3511 4318 μόνῳ.
3558 4252 3644 4302 Ἐν
3686 4257 3867 4323 τούτῳ
3893 4256 3986 4308 οὖν

2415 4335 2443 4384 6
2483 4335 2581 4400 μὲν
2615 4335 2737 4397 δοὺξ
2763 4374 2775 4395 ,
2811 4336 3004 4400 θῦσον,
3031 4337 3204 4402 ἔλεγε,
3232 4341 3335 4397 τοῐέ
3359 4338 3520 4400 θεοῖς,
3548 4341 3870 4410 Σευηριανέ,
3894 4350 3989 4399 καὶ

2417 4424 2522 4475 τῶν
2546 4424 2820 4476 κολάσεων
2839 4426 3205 4482 ἀπαλλάττου.
3237 4431 3294 4481 Ὀ
3325 4432 3404 4494 δὲ,
3437 4433 3769 4486 τῶνέκείνου
3806 4438 3989 4505 ῥημά-

752 4534 882 4568 vero
916 4519 1082 4585 ipsius
1123 4521 1287 4570 verba
1320 4534 1386 4571 ne
1418 4521 1685 4573 tantillum
1721 4525 1937 4588 quidem
1969 4541 2184 4588 curans,
2219 4544 2310 4579 ne-
2345 4508 2384 4561 θ

2345 4508 2384 4561 D
2417 4534 2523 4569 των
2545 4517 2664 4570 οὐδὲ
2689 4519 2746 4569 τὸ
2775 4518 2947 4588 βραχὺ
2974 4522 3294 4589 φροντίζων,
3321 4525 3439 4575 οὐδέ
3475 4543 3618 4587 τινος
3654 4526 3820 4579 αὑτὸν
3855 4531 3986 4581 ἀποο

751 4613 856 4676 que
887 4625 1008 4661 eum
1058 4610 1234 4678 aliqua
1266 4610 1492 4680 dignaris
1539 4613 1908 4678 responsione,
1958 4618 2096 4679 apud
2127 4631 2185 4668 se
2223 4620 2310 4668 la-

749 4702 857 4753 cite
898 4703 1215 4769 loquebatur
1251 4719 1264 4754 :
1308 4701 1424 4756 Non
1460 4713 1588 4756 sunt
1633 4699 1804 4771 digna:
1845 4707 2126 4772 passiones
2171 4723 2314 4761 nunc

752 4788 1035 4856 temporis,
1074 4803 1193 4854 quae
1233 4789 1577 4840 conferantur
1608 4805 1726 4843 cum
1768 4791 1931 4860 gloria
1967 4793 2246 4849 revelanda

751 4876 867 4928 Dux
909 4877 1089 4943 itaque
1123 4877 1372 4946 martyris
1407 4876 1701 4939 silentium,
1730 4889 2122 4948 contemptum,
2172 4886 2312 4938 sicut

749 4979 887 5030 erat,
936 4970 1250 5034 arbitratus,
1290 4971 1532 5039 graviora
1587 4972 1638 5022 itt
1685 4985 1807 5022 eum
1844 4974 2181 5041 exeogitahat
2215 4991 2228 5038 ;
2262 4988 2315 5030 et

750 5071 875 5108 cum
924 5071 1049 5110 eum
1097 5063 1163 5110 de
1209 5059 1354 5127 ligno
1402 5061 1767 5126 deposuisset,
1816 5063 2034 5117 deducit
2073 5067 2138 5118 ad
2195 5083 2314 5120 mtt-

747 5163 917 5213 rum;
970 5165 1201 5219 cumque
1253 5154 1388 5205 duos
1417 5152 1619 5220 lapides
1671 5158 1928 5209 maximos
1962 5167 2014 5211 et
2060 5160 2313 5227 gravissi-

750 5255 888 5304 mos,
942 5256 1106 5295 unum
1139 5244 1355 5311 quidem
1407 5246 1568 5307 collo,
1601 5245 1831 5298 alterum
1872 5257 2056 5301 autem
2097 5252 2312 5319 alligas—

749 5341 831 5385 set
868 5334 1116 5402 pedibus,
1155 5345 1518 5407 ettnartyrem
1562 5339 1687 5390 tune
1710 5339 1982 5405 cinxisset,
2021 5342 2240 5397 dimittit
2279 5359 2308 5397 e

748 5439 905 5479 muro
923 5427 1150 5480 sublime
1174 5429 1519 5497 pendentem,
1542 5439 1598 5482 ut
1614 5431 1848 5497 lapidum
1881 5433 2115 5501 pondere
2140 5450 2310 5488 mem-

746 5521 864 5575 hris
901 5519 948 5572 ei
982 5519 1230 5594 divullsis,
1281 5519 1544 5574 violenter
1583 5525 1867 5591 abrumpat
1905 5524 2161 5578 animam.
2201 5528 2305 5581 Sed

747 5628 937 5667 revera
971 5611 1023 5666 in
1066 5621 1117 5665 te
1147 5610 1404 5680 speravit,
1443 5611 1688 5678 Domine,
1731 5623 1785 5668 et
1826 5630 1933 5682 non
1965 5626 2048 5672 est
2077 5617 2303 5674 allectus

747 5782 828 5836 'll
862 5782 985 5836 Cor.
1019 5798 1091 5847 tv,
1150 5781 1234 5836 l8.
1348 5783 1366 5813 '
1396 5781 1554 5838 Rom.
1587 5789 1705 5849 vrit,
1731 5781 1816 5838 18.

2415 4610 2646 4676 κρίσεως
2705 4609 2893 4672 ἀξιῶν,
2921 4614 3033 4662 Οὐκ
3093 4613 3317 4674 ἀξια,ἐν
3379 4618 3556 4684 ἐαυτῷ
3588 4619 3872 4685 ὑπελάλει,
3920 4625 3986 4673 τὰ

2412 4699 2718 4766 παθήματα
2767 4699 2860 4749 τοῦ
2916 4700 3009 4750 νῦν
3074 4703 3268 4767 καιροῦ
3323 4705 3458 4771 πρὸς
3511 4708 3608 4774 τὴν
3672 4711 3985 4775 μέλλουσαν

2410 4790 2865 4860 ἀποκαλυφθῆναι
2897 4791 3073 4854 δόξαν.
3121 4793 3176 4846 'U
3210 4795 3334 4861 δουξ
3374 4799 3552 4849 τοίνυν
3606 4800 3706 4870 τὴν
3773 4806 3985 4871 σιωπὴν

2412 4883 2504 4934 τοῦ
2543 4884 2819 4951 μάρτυρος
2853 4885 3434 4957 καταφρόνησιν,ὅπερ
3468 4886 3557 4960 ἦν,
3607 4892 3985 4964 νομίσας,βι-

2417 4977 2619 5046 ρύτερα
2649 4978 2768 5030 κατ’
2801 4980 2967 5030 αὑτοῦ
3000 4983 3298 5044 ἐπενοεῖτο,
3327 4987 3421 5035 καὶ
3451 4986 3545 5037 τοῦ
3577 4987 3736 5050 ξύλου
3787 4994 3984 5048 τοῦτον

2413 5070 2763 5136 καταγαγὼν,
2785 5073 2873 5122 ἐπὶ
2895 5072 2954 5122 τὸ
2971 5076 3144 5141 τεῖχος
3167 5075 3359 5142 ἀνάγει
3379 5079 3470 5129 καὶ
3484 5080 3575 5131 δύο
3596 5084 3752 5143 τινας
3776 5085 3980 5149 λίθους,

2410 5162 2468 5211 τὸ
2507 5161 2734 5231 μέγεθος
2766 5162 3074 5230 μεγίστους,
3100 5165 3282 5234 βαρεῖς
3310 5170 3405 5238 τὴν
3430 5170 3613 5238 ὁλκὴν,
3645 5175 3734 5224 τὸν
3761 5179 3862 5244 μὲν
3893 5179 3982 5231 τοῦ

2408 5253 2701 5321 τραχήλου,
2739 5254 2828 5304 τὸν
2866 5255 2920 5307 δὲ
2953 5256 3059 5307 τῶν
3095 5259 3274 5310 ποδῶν
3307 5261 3564 5325 ἐκδήσας,
3612 5265 3707 5318 καὶ
3762 5271 3984 5340 σχοινίῳ

2416 5345 2575 5397 πάλιν
2606 5346 2696 5396 τὸν
2750 5347 2999 5417 μάρτυρα
3056 5349 3325 5412 διαζώσας
3383 5354 3657 5427 μετέωρον
3719 5362 3830 5413 ἀπὸ
3887 5364 3980 5414 τοῦ

2415 5438 2625 5506 τείχους
2677 5439 2924 5509 ἀφίησιν,
2949 5441 3091 5505 ὅπως
3118 5444 3194 5511 τῷ
3219 5445 3327 5495 τῶν
3363 5446 3523 5501 λίθων
3555 5451 3712 5517 βάρει
3736 5454 3848 5506 τῶν
3884 5473 3980 5524 με-

2415 5529 2523 5581 λῶν
2552 5532 2996 5583 διασπασθέντων
3043 5532 3214 5602 αὐτῷ,
3254 5535 3443 5604 βιαίως
3475 5541 3773 5610 τὴνψυχὴν
3805 5547 3979 5613 ἀπορ-

2415 5623 2572 5692 ῥήξῃ-
2600 5622 2734 5672 Ἀλλ’
2754 5621 2920 5686 ὅντως
2948 5627 3038 5677 ἐπὶ
3059 5625 3159 5690 σοὶ,
3181 5627 3368 5698 Κύριε,
3390 5630 3606 5698 ἧλπισε,
3628 5635 3720 5685 καὶ
3743 5638 3804 5686 οὐ
3826 5651 3981 5701 κατῃ-
