4198 6438
227 390 342 454 649

1344 385 1806 447 MARTYRIUM
1850 384 1910 452 S.
1949 383 2386 446 SEVERIANI.

3359 387 3462 452 650

229 509 460 579 σχύνθη.
505 511 568 562 ΊΙ
600 511 697 579 μὲν
735 512 841 578 γὰρ
890 513 994 562 τῶν
1036 511 1212 581 μελῶν
1264 512 1552 572 διάπλασις
1587 509 1686 578 τῆς
1724 507 1800 560 ol-

1903 508 2124 577 pudore.
2157 509 2288 563 Nam
2313 513 2674 565 membrorum
2704 513 2918 581 quidem
2949 513 3116 568 forma
3140 528 3168 567 a
3191 528 3286 568 sua
3316 529 3470 568 eom—

227 600 390 662 κείας
423 602 691 669 ἀρμοσίας
727 603 984 656 διεσπᾶτο
1016 605 1108 654 καὶ
1134 603 1200 655 τά
1235 604 1370 655 ὀστᾶ
1415 601 1523 654 τῶν
1580 601 1796 669 σαρκῶν

229 691 570 759 ἑγυμνοῦτο·
604 694 634 760 ὴ
667 693 722 745 δὲ
757 695 1074 764 προαίρεσις
1105 696 1239 757 ὅλως
1287 689 1354 763 ἦν
1402 694 1639 762 ἀπαθής.
1671 696 1795 745 Δια·-

229 781 447 846 παίζων
470 783 524 835 δὲ
558 785 719 836 αὑτὸν
767 787 970 839 ἄνωθεν
1003 792 1095 837 καὶ
1123 789 1149 838 ὁ
1176 787 1400 846 Λυσίας’
1452 784 1795 853 ’Υπὸμεινον,

228 871 412 942 ἔλεγε,
442 875 760 944 Σευηριανέ,
788 877 922 946 τάχα
951 877 1057 945 γάρ
1089 876 1230 928 οὕτω
1265 875 1416 945 παρά
1445 875 1522 944 τῷ
1557 874 1630 942 σῷ
1665 875 1798 943 Χρι-

231 965 350 1034 στῷ
395 967 487 1018 καὶ
518 971 543 1020 ὁ
583 968 770 1037 μισθός
803 987 882 1021 σοι
940 970 1141 1037 μείζων
1174 969 1556 1038 γενήσεται.’0
1591 968 1798 1036 μάρτυς

228 1053 290 1106 δὲ
320 1059 411 1107 καὶ
443 1057 707 1110 ἐκλείπων
740 1060 861 1128 ἤδη,
890 1063 982 1112 καὶ
1014 1063 1150 1128 πρὸς
1173 1060 1490 1121 τελευταίας
1525 1057 1798 1116 ἀναπνοὰς

231 1142 346 1209 ὦν,
382 1147 439 1199 Εἰ
473 1147 640 1218 ᾔδεις,
679 1149 854 1216 ἔλεγε,
906 1151 1158 1219 τύραννε,
1185 1150 1307 1202 τίνα
1369 1166 1458 1218 μοι
1521 1148 1798 1218 προξενεῖς

230 1237 360 1288 ἀντὶ
386 1241 968 1311 τούτου,ἐπεθύμησας
1009 1242 1073 1295 ἂν
1099 1243 1168 1294 τὰ
1212 1242 1304 1295 ῐσα
1338 1243 1429 1293 καὶ
1473 1240 1636 1301 αὐτὸς
1668 1239 1798 1291 ὑπο·

231 1330 453 1396 στῆναι·
489 1331 540 1381 τὶ
588 1331 764 1400 δηλῶν
817 1333 1088 1395 ἐντεῦθεν,
1121 1333 1202 1385 ὅτι
1261 1333 1355 1385 καὶ
1418 1333 1678 1401 μειζόνων
1711 1329 1797 1382 διὰ

229 1420 462 1489 Χριστὸν
494 1421 667 1474 ἀλλων
715 1423 925 1492 ἠφίετο.
973 1424 1280 1494 Θαυμὰζων
1325 1424 1504 1476 τοίνυν
1538 1424 1564 1474 ὁ
1596 1422 1798 1484 Λυσίας

229 1512 324 1562 ἐπὶ
356 1514 421 1580 τῇ
452 1515 691 1587 τοσαύτῃ
715 1516 808 1568 τοῦ
841 1516 1031 1587 ἀνδρὸς
1061 1518 1305 1588 ὑπομονῇ
1341 1534 1399 1569 τε
1428 1519 1518 1568 καὶ
1555 1516 1798 1584 γενναιό-

227 1617 374 1670 τητι,
407 1606 500 1656 καὶ
536 1606 769 1673 μάλιστα
803 1609 888 1677 ἐφ’
922 1603 1001 1670 οἷς
1029 1608 1298 1677 εὐκαίρως
1356 1607 1519 1672 οὕτω,
1560 1609 1801 1672 καίτοιγε

227 1695 489 1759 τοιούτοις
518 1698 927 1770 ἀπειλημμένος
957 1704 1169 1764 κακοῖς,
1201 1703 1532 1770 ἀπεκρίνατο
1551 1715 1564 1730 ·
1596 1701 1794 1768 ᾯμηνο

229 1787 358 1856 ἔφη,
389 1790 704 1860 Σευηριανέ.
747 1792 967 1862 ίδιώτην
998 1790 1158 1854 ,εἷναί
1200 1811 1281 1853 σε,
1314 1793 1405 1845 καὶ
1456 1793 1798 1862 γραμμάτων

230 1877 571 1943 ἀπαίδευτον,
599 1878 685 1932 οἷα
720 1884 1026 1952 σρατιώτην
1061 1883 1210 1944 ὄντα,
1243 1885 1335 1935 καὶ
1383 1885 1508 1950 περὶ
1541 1885 1796 1953 πολέμοις

227 1967 318 2019 ἀεὶ
355 1972 797 2040 γυμναζόμενονυ
826 1973 939 2026 ἀλλ’
974 1972 1047 2037 ὡς
1077 1974 1211 2045 ὁρῶ,
1238 1975 1405 2037 πολὺς
1431 1971 1481 2026 εἷ
1503 1977 1600 2044 τὴν
1631 1977 1800 2043 γλῶτ-

227 2065 462 2126 ταν,καὶ
489 2064 669 2131 λέγειν
702 2069 1165 2138 ρητορικώτατος.
1199 2069 1341 2136 Πρὸς
1365 2067 1538 2120 ταῦτα
1593 2070 1798 2121 ὑπολα-

228 2152 341 2206 ίὼν
363 2157 390 2206 ὁ
414 2155 585 2225 ἅγιος·
634 2159 689 2211 ’0
719 2159 873 2226 Θεὸς,
925 2162 1109 2230 φησὶν,
1222 2160 1330 2229 ἐγὼ
1363 2161 1628 2233 λατρεύω,
1669 2163 1798 2216 ὑπο-

231 2250 539 2318 στήσασθαι
577 2253 752 2306 πάντα
779 2253 999 2317 δυνατὸς
1030 2254 1125 2319 ὢν,
1160 2254 1226 2308 ἂν
1275 2254 1490 2325 ίδιώτην
1521 2255 1680 2326 λάϐῃ,
1708 2273 1798 2306 σο-

227 2337 332 2405 φὸν
367 2341 766 2410 ἀπεργάζεται,
787 2346 854 2399 ἄν
887 2347 1079 2412 δειλὸν,
1099 2348 1342 2416 ἀνδρεῖον
1384 2350 1547 2411 ποιεῖ,
1580 2350 1644 2400 ἂν
1672 2364 1800 2416 μογ-

227 2431 452 2498 γιλάλον
513 2437 608 2488 καὶ
673 2437 1109 2506 βραδύγλωσσον,
1153 2440 1394 2508 εὔφωνον
1450 2443 1657 2511 ῥήτορα
1709 2441 1803 2492 καὶ

228 2527 440 2593 κομψὸν
495 2529 861 2584 ἀναδείκνυσι.
912 2531 1098 2583 Ταῦτα
1150 2530 1292 2598 εἷπε,
1339 2537 1433 2586 καὶ
1489 2536 1659 2603 βραχὺ
1706 2539 1802 2598 τὰς

228 2619 422 2687 χεῖρας
473 2619 816 2690 διανασχὼν,
855 2623 1179 2695 Εὐχαριστῶ
1218 2641 1320 2689 σοι,
1379 2625 1547 2695 Κύριε
1588 2628 1615 2677 ὁ
1647 2627 1798 2689 Θεὸς,

229 2708 362 2778 εφη,
410 2711 490 2764 ὅτι
538 2714 826 2783 ἐνίσχυσάς
886 2731 989 2784 με,
1030 2719 1126 2770 καὶ
1178 2717 1299 2771 ἔθου
1361 2717 1512 2784 τόξον
1572 2717 1802 2788 χαλκοῦν

228 2801 360 2863 τοὺς
394 2801 686 2873 βραχίονας
716 2823 839 2876 μου,
889 2808 984 2858 καὶ
1044 2809 1264 2877 ἐρῤύσω
1317 2811 1414 2880 τὴν
1475 2812 1652 2880 ψυχήν
1704 2829 1803 2880 μου

231 2893 344 2946 ἀπὸ
379 2895 608 2958 ὰσεὸοὖς
641 2898 938 2967 ῥομφαίας,
972 2899 1078 2952 ἀπὸ
1109 2900 1318 2970 ἐχθρῶν
1348 2901 1448 2969 τῆς
1482 2904 1659 2970 χειρός
1686 2921 1799 2963 σου,

230 2983 329 3035 καὶ
368 2986 474 3037 ἀπὸ
508 2987 615 3039 τῶν
675 2991 1129 3060 ἐπανισταμένων
1181 2994 1267 3046 ἐπ’
1322 2993 1420 3062 ἐμὲ
1466 2993 1686 3062 Mani;
1714 3012 1799 3062 με.

228 3073 343 3126 Καὶ
396 3075 488 3126 νῦν
535 3079 594 3129 ἐν
639 3082 762 3142 ταῖς
832 3082 1024 3145 αὐλαῖς
1085 3101 1201 3149 σου,
1264 3087 1530 3148 Δέσποτα,
1584 3089 1640 3139 ἐν
1694 3091 1802 3149 τοῖς

227 3163 461 3231 ἀγαθοῖς
499 3167 589 3219 τοῦ
648 3171 797 3223 οἴκου
834 3187 926 3222 σου
968 3176 1396 3244 κατασκήνωσόν
1435 3195 1502 3244 με
1539 3195 1553 3207 ·

229 3257 610 3328 (περαινομένων
689 3262 906 3316 πάντων
938 3266 970 3333 ἡ
1006 3266 1263 3318 κατοικία
1317 3268 1373 3318 ἐν
1437 3269 1540 3320 σοί.
1587 3270 1804 3338 Ταύτην

227 3349 422 3419 Κυρίῳ
448 3351 547 3423 τὴν
576 3355 740 3424 εὐχὴν
776 3357 1031 3423 ἀποδοὺς,
1054 3358 1215 3422 εὐθὺς
1238 3359 1387 3430 αὐτῷ
1417 3361 1802 3414 συναποδίδωσι

229 3443 330 3494 καὶ
386 3442 445 3496 τὺ
493 3445 730 3516 πνεῦμα,
787 3450 1013 3520 ἐννάτην
1079 3450 1199 3505 τότε
1257 3452 1350 3506 τοῦ
1427 3453 1806 3525 Σεπτεμϐρίου

231 3533 406 3602 μηνὸς
432 3534 674 3603 ἄγοντος.

306 3623 382 3676 Θ¹.
413 3625 488 3693 Τῇ
521 3626 576 3678 δὲ
597 3629 721 3697 ἑξῆς
741 3670 756 3696 ,
787 3631 895 3685 τῶν
927 3633 1167 3687 εὐσεϐῶν
1198 3653 1361 3699 τινες,
1398 3636 1478 3698 οἷς
1500 3637 1695 3700 διαζῶν
1725 3639 1802 3690 ἔτι

230 3717 302 3772 τὰ
332 3717 461 3785 περὶ
490 3721 586 3789 τῆς
609 3723 786 3793 ταφῆς
813 3724 840 3775 ὁ
872 3726 1082 3795 μάρτυς
1104 3727 1435 3798 ἐπέσκηψεν,
1461 3731 1551 3782 ἐπὶ
1582 3732 1640 3783 τὸ
1671 3732 1802 3784 αὐτὸ

233 3813 580 3877 συνελθόντες
608 3815 780 3868 καὶτὸ
801 3819 1138 3889 μαρτυρικὸν
1166 3821 1372 3874 ἐκείνου
1393 3823 1554 3890 σῶμα
1576 3824 1801 3894 διαπρε-

234 3906 354 3968 πῶς
387 3909 861 3976 περιστείλαντες,
897 3912 993 3964 καὶ
1029 3911 1233 3981 ὕμνους
1266 3915 1350 3965 ἐπ’
1377 3916 1545 3985 αὐτῷ,
1580 3922 1668 3967 καὶ
1701 3919 1801 3967 ὅσα

231 3997 582 4063 Χριστιανοτς
614 4002 773 4067 νόμος
808 4001 1240 4068 διατελέσαντες,
1272 4003 1563 4068 ποθούσαις
1594 4006 1708 4076 ἅμα
1747 4008 1802 4060 δέ

231 4085 553 4157 σεδομέναις
580 4091 767 4161 χερσὶν
795 4091 1127 4163 ἀνελόμενοι,
1166 4093 1255 4148 διὰ
1288 4097 1462 4167 μέσης
1501 4099 1693 4162 νυκτὸς
1723 4103 1801 4162 είς

228 4180 332 4251 τὴν
356 4183 591 4252 πατρίδα
614 4182 708 4237 τοῦ
735 4185 1011 4257 μάρτυρος
1034 4189 1378 4256 ἀνεκόμιξον.
1403 4190 1553 4241 Ἐπεὶ
1583 4190 1639 4242 δὲ
1663 4191 1800 4243 κατά

228 4289 284 4325 τι
314 4275 512 4342 χωρίον
535 4275 1105 4346 ἀφίκοντο,νμηνύεται
1132 4282 1228 4347 μὲν
1249 4284 1312 4352 τῇ
1346 4280 1564 4352 πατρίδι
1593 4283 1800 4337 ἐκεῖθεν

231 4368 263 4435 ἡ
288 4365 381 4418 τοῦ
405 4365 659 4435 λειψάνου
678 4368 944 4440 ἐπιδημία
962 4385 977 4399 ·
1003 4373 1092 4424 καὶ
1114 4373 1343 4436 ἕκαστός
1365 4393 1420 4426 τε
1450 4377 1800 4446 προϋπαντᾷν

228 4457 464 4525 ἐνενόει,
503 4460 593 4511 καὶ
622 4461 755 4529 ὁμοῦ
790 4462 992 4524 πάντες
1021 4460 1272 4533 ἐξῄεσαν,
1308 4464 1400 4515 καὶ
1433 4463 1603 4524 οὐδεὶς
1642 4459 1708 4532 ἦν
1741 4465 1798 4524 ὃς

226 4549 328 4600 οὒκ
355 4551 563 4617 ἐφοίτα,
588 4552 648 4602 οὑ
668 4553 863 4621 γέρων,
883 4555 940 4604 οὐ
972 4558 1118 4615 παῖς,
1147 4554 1246 4605 οὐκ
1272 4552 1520 4622 ἀσθενὴς,
1547 4553 1605 4606 οὐ
1638 4553 1796 4621 φύσει

227 4639 466 4710 βραδύς·
497 4641 612 4694 ἀλλ’
636 4644 862 4708 ἕκαστος
898 4645 1252 4716 προαρπάσαι
1285 4646 1383 4715 τὴν
1410 4647 1657 4715 εὐλογίαν
1689 4646 1802 4699 ἐνό-

227 4732 354 4802 μιζε
377 4772 391 4798 ,
432 4733 590 4802 μόνον
624 4737 672 4788 εί
709 4735 932 4805 φθάσειε
967 4736 1043 4808 τῷ
1078 4738 1312 4808 λειψάνῳ
1348 4740 1797 4809 προῦπαντήσας.

227 4825 386 4880 Οὕτω
414 4828 592 4881 τοίνυν
637 4831 890 4882 ἁπάντων
943 4833 1039 4883 σὺν
1074 4831 1352 4900 προθυμίᾳ
1384 4831 1753 4899 ἐπειγομένων
1778 4874 1794 4898 ,

223 4918 414 4970 δούλου
464 4921 758 4984 τεθνεῶτος
805 4920 1036 4987 σύζυγος
1089 4920 1447 4972 ὑπολέλειπτο
1498 4921 1633 4989 μόνη
1685 4923 1795 4990 (τε-

227 5010 544 5077 τελευτήκει
575 5013 684 5084 γάρ
715 5032 796 5077 τις
833 5013 953 5066 κατ’
989 5014 1164 5064 ἐκεῖνο
1196 5011 1386 5084 καιροῦ
1418 5012 1524 5064 τῶν
1545 5011 1637 5064 τοῦ
1662 5013 1798 5082 μάρ-

227 5119 391 5178 τυρος
424 5103 693 5170 οίκετῶν)’
729 5107 818 5156 καὶ
837 5100 904 5172 ἦν
934 5107 997 5172 τῇ
1020 5104 1237 5171 γυναικὶ
1264 5105 1436 5174 πικρὰ
1452 5104 1646 5166 πάντα,
1670 5105 1703 5172 ἥ
1738 5122 1795 5156 τε

227 5193 316 5245 τοῦ
342 5195 530 5262 ἀνδρὸς
564 5194 734 5262 ζημία
773 5197 866 5247 καὶ
907 5199 938 5262 ὴ
971 5195 1062 5246 τοῦ
1098 5195 1536 5264 παρακαλοῦντος
1573 5198 1796 5266 ἐρημία,

227 5285 322 5336 καὶ
345 5286 402 5337 τὸ
428 5285 501 5353 μὴ
525 5287 667 5354 ἔχειν
689 5287 833 5348 ὅπως
854 5288 933 5349 εἰς
966 5287 1263 5355 ὑπάντησιν
1283 5287 1372 5338 καὶ
1392 5285 1524 5352 αὐτὴ
1547 5288 1794 5350 συνεξίοι.

227 5377 382 5444 Μόνη
413 5377 582 5430 τοίνυν
609 5379 754 5430 ἔνδον
790 5379 1198 5446 ὑπολειφθεῖσα,
1221 5377 1408 5448 ἐπειδὴ
1448 5377 1679 5446 ἐζήτησε
1706 5380 1794 5430 τὸν

227 5469 672 5538 παρακαλοῦντα,
698 5470 788 5521 καὶ
810 5473 907 5540 οὐχ
935 5473 1166 5542 ὑπῆρξε,
1192 5472 1284 5524 καὶ
1308 5471 1398 5524 τὸν
1428 5469 1797 5540 συλλυπούμε-

226 5576 334 5622 νον,
357 5561 450 5611 καὶ
467 5563 564 5611 οὐκ
588 5556 733 5632 εὗρε,
759 5563 1112 5632 παραθεμένη
1134 5563 1223 5615 τὸν
1241 5563 1332 5615 τοῦ
1356 5565 1586 5630 συζύγου
1606 5565 1796 5633 νεκρὸν

221 5650 508 5707 ἐκόπτετο.
546 5653 792 5720 ἔστενεν,
825 5655 1156 5725 ὠλοφύρετο,
1194 5653 1278 5709 οἷα
1310 5658 1468 5723 ζῶντι
1503 5658 1577 5728 τῷ
1611 5660 1794 5728 τεθνη-

331 5792 349 5822 ’
379 5791 518 5846 l‘sal.
556 5810 686 5857 xm,
714 5793 782 5847 56
807 5811 956 5865 seqq.

545 5871 815 5951 emo...
859 5891 972 5952 ea.
1009 5891 1181 5953 cxv.

1901 614 2032 670 page
2059 601 2445 663 divellebatur,
2471 611 2525 656 et
2549 618 2668 659 ossa
2705 604 3048 658 nudabantur
3077 606 3461 669 carnibus,vo-

1901 692 2078 745 luntas
2115 701 2296 746 autem
2322 705 2375 748 et
2403 694 2636 748 liberum
2672 696 2837 749 animi
2870 697 3171 750 institutum
3206 708 3321 752 erat
3347 713 3466 752 out-

1900 783 2030 836 nino
2057 783 2372 852 impatibile.
2408 786 2540 840 Eum
2575 797 2752 840 autem
2790 802 2855 840 ex
2887 789 2994 841 alto
3023 788 3309 841 ludiﬁcans
3363 788 3468 858 Ly-

1902 875 2008 928 sias
2041 893 2052 927 :
2087 875 2332 939 Sustine,
2361 878 2916 943 dicebat,Severiane,
2951 879 3180 933 fortasse
3219 880 3363 932 enim
3389 883 3466 932 sit:

1901 967 2040 1032 apud
2067 967 2340 1022 Christum
2376 969 2479 1023 erit
2518 970 2612 1022 tibi
2655 971 2823 1037 major
2864 984 3091 1023 merces.
3124 969 3319 1040 Martyr
3369 986 3464 1028 au—

1903 1065 2010 1109 tem
2044 1073 2165 1111 cum
2194 1059 2302 1127 jam
2343 1059 2618 1124 deﬁceret,
2665 1070 2717 1114 et
2745 1070 3043 1114 extremum
3080 1069 3262 1128 ageret
3294 1062 3461 1129 spiri-

1903 1156 2038 1212 tum,
2075 1147 2130 1202 Si
2193 1150 2381 1215 scires,
2416 1159 2659 1221 tyranne,
2694 1151 2927 1213 dicebat,
2971 1167 3215 1219 quamam
3253 1167 3350 1222 pro
3383 1153 3465 1208 his

1901 1241 2032 1293 mibi
2076 1242 2357 1304 concilies,
2411 1244 2526 1313 ipse
2573 1258 2789 1313 quoque
2834 1244 3170 1298 desiderares
3217 1244 3322 1313 pati
3373 1259 3465 1297 ea-

1902 1332 2022 1386 dem
2056 1351 2067 1386 :
2100 1334 2228 1401 quid
2261 1335 2405 1388 aliud
2449 1335 2575 1388 hinc
2619 1335 2950 1405 signiﬁcans,
2981 1350 3144 1403 quam
3177 1335 3320 1402 quod
3355 1349 3469 1386 ma-

1898 1424 2016 1491 jora
2062 1425 2317 1494 cupiebat
2349 1437 2570 1495 propter
2614 1424 2931 1480 Christum?
2961 1426 3245 1479 Admirans
3289 1425 3471 1493 itaque

1905 1512 2087 1583 Lysias
2134 1521 2338 1567 tantam
2367 1516 2487 1583 ejus
2521 1516 2859 1570 tolerantiam
2894 1526 2947 1570 et
2991 1517 3386 1580 fortitudinem,
3416 1527 3472 1570 et

1907 1607 2140 1659 maxime
2175 1606 2320 1674 quod
2358 1617 2462 1659 tam
2495 1617 2823 1676 opportune,
2853 1609 3062 1661 etiamsi
3105 1608 3300 1662 talibus
3332 1618 3474 1662 esset

1902 1695 2057 1748 tnalis
2079 1697 2404 1764 implicatus,
2426 1697 2826 1766 respondisset,
2869 1697 3276 1759 Existimabam,
3309 1696 3476 1750 Seve-

1903 1789 2073 1853 riane,
2107 1790 2302 1858 inquit,
2345 1801 2394 1844 te
2429 1806 2547 1845 esse
2578 1790 2852 1844 hominem
2890 1791 3076 1844 rudem
3109 1800 3164 1844 et
3221 1796 3468 1859 ignarum

1903 1881 2220 1944 litterarum,
2257 1890 2313 1935 ttt
2347 1884 2436 1950 qui
2473 1883 2549 1936 sis
2602 1883 2777 1944 miles,
2810 1892 2864 1936 et
2898 1884 2950 1935 itt
2983 1882 3122 1936 bello
3158 1893 3207 1937 te
3258 1898 3472 1950 semper

1902 1976 2211 2030 exercueris
2246 1993 2259 2027 :
2289 1975 2406 2039 sed,
2453 1985 2513 2029 ut
2545 1975 2721 2034 video.
2757 1990 2814 2027 es
2849 1975 3112 2028 facundus
3159 1984 3213 2027 et
3262 1990 3470 2030 summa

1901 2068 1951 2121 vi
1986 2067 2195 2122 dicendi
2239 2068 2514 2138 prmtlitus.
2557 2068 2634 2121 Ad
2676 2069 2785 2122 haec
2821 2070 3157 2136 respondens
3200 2077 3418 2122 sanctus
3457 2089 3470 2122 :

1901 2162 2068 2222 Deus,
2116 2161 2312 2229 inquit,
2365 2162 2450 2213 cui
2489 2177 2589 2230 ego
2635 2161 2813 2214 servio
2855 2203 2867 2225 ,
2911 2161 3000 2230 qui
3069 2170 3245 2230 potest
3299 2161 3477 2215 facere

1902 2262 1961 2308 ut
1988 2255 2168 2308 omnia
2195 2254 2518 2316 consistant,
2551 2267 2673 2304 eum
2712 2254 2780 2305 sit
2810 2253 3184 2320 omnipotens,
3223 2253 3267 2306 si
3301 2254 3472 2305 virum

1901 2345 2090 2398 rudem
2127 2344 2416 2413 acceperit,
2441 2359 2563 2398 eum
2613 2343 2788 2397 reddit
2819 2342 3113 2411 sapientem
3143 2361 3157 2406 ;
3191 2343 3233 2394 si
3264 2353 3474 2396 mutum

1906 2441 2180 2508 tardaeque
2215 2447 2268 2493 et
2303 2437 2661 2506 impeditioris
2694 2436 2907 2505 lingua,
2948 2452 3069 2488 eum
3111 2435 3272 2490 eiiicit
3300 2434 3474 2490 diser-

1907 2541 2020 2585 tum
2076 2542 2132 2584 et
2187 2530 2490 2599 elegantem
2551 2538 2845 2581 oratorem.
2907 2527 3031 2581 Ilaec
3071 2528 3204 2580 dixit
3255 2538 3473 2582 etcum

1905 2635 2096 2674 manus
2118 2621 2388 2687 paululum
2417 2620 2753 2673 extendisset
2778 2635 2793 2671 :
2820 2621 2934 2687 Ago
2969 2620 3086 2681 tibi,
3115 2619 3312 2686 inquit,
3350 2636 3472 2690 gra-

1905 2712 2027 2777 tias,
2061 2709 2285 2765 Domine
2311 2710 2469 2768 Deus.
2502 2711 2644 2778 quod
2674 2723 2758 2761 me
2791 2707 3215 2770 eonfirtnasti,et
3246 2710 3471 2777 posuisti

1905 2819 2090 2860 arcum
2146 2819 2357 2859 aeneum
2390 2803 2613 2857 brachia
2658 2818 2797 2864 mea,
2835 2812 2888 2856 et
2941 2801 3188 2871 eripuisti
3235 2806 3473 2856 animam

1907 2912 2080 2950 meam
2107 2896 2173 2950 ab
2209 2897 2369 2966 impia
2412 2896 2743 2965 rhomphaaa,
2773 2896 2838 2948 ab
2873 2895 3107 2950 inimicis
3136 2911 3327 2949 manus
3351 2904 3474 2956 tuae.

1906 2997 1959 3040 et
1985 2989 2050 3041 ab
2073 2989 2135 3040 iis
2157 2988 2244 3056 qui
2275 2988 2626 3055 insurgebant
2667 2989 2927 3040 adversus
2985 3003 3069 3040 me
3105 2987 3344 3041 extulisti
3372 3002 3473 3039 nte.

1910 3079 1974 3132 Et
2013 3094 2157 3132 nunc
2212 3078 2264 3131 in
2306 3079 2460 3132 atriis
2487 3080 2615 3140 tuis,
2666 3079 2892 3132 Domine
2921 3121 2935 3142 ,
2988 3081 3039 3131 in
3081 3080 3238 3133 bonis
3284 3080 3474 3133 domus

1591 3181 1670 3231 ὅτι
1699 3181 1800 3230 εὑ-
1829 3175 1873 3238 C
1911 3181 2014 3226 tua:
2047 3169 2250 3225 colloca
2298 3186 2404 3226 me.
2430 3169 2703 3236 Quoniam
2749 3169 3058 3225 lactantibus
3094 3170 3348 3225 omnibus
3381 3172 3478 3228 has

1908 3263 2098 3316 bitatio
2140 3273 2222 3317 est
2270 3264 2322 3316 in
2361 3273 2412 3318 te
2438 3265 2480 3316 ⁷.
2515 3264 2647 3318 Cum
2702 3264 2799 3318 has
2837 3279 3028 3333 preces
3058 3265 3321 3319 edidisset
3374 3264 3478 3318 Do-

1909 3353 2077 3412 mitto,
2112 3353 2272 3404 simul
2303 3353 2464 3406 etiam
2494 3354 2540 3403 ei
2585 3353 2759 3408 reddit
2791 3355 3042 3421 Spiritum
3081 3370 3221 3408 nona
3272 3354 3477 3407 mensis

1907 3443 2262 3512 Septembris.

1979 3633 2067 3688 IX.
2102 3631 2360 3703 Sequenti
2413 3642 2593 3686 autem
2647 3631 2731 3686 die
2760 3633 2974 3702 quidam
3006 3648 3068 3686 ex
3120 3634 3242 3702 piis,
3279 3636 3476 3704 quibus

1909 3736 2110 3793 martyr
2167 3726 2321 3777 vivus
2365 3738 2517 3775 suam
2569 3724 2851 3777 mandarat
2914 3724 3270 3793 sepulturam,
3317 3726 3478 3778 simul

1907 3811 2320 3878 convenientes,
2357 3826 2480 3865 eum
2509 3813 2859 3881 martyricum
2895 3814 3024 3865 illud
3049 3830 3249 3883 corpus
3274 3815 3478 3885 magni-

1907 3904 2003 3958 fice
2032 3906 2480 3974 composuissent,
2510 3916 2563 3959 et
2598 3920 2758 3974 super
2782 3905 2832 3960 id
2862 3905 3090 3976 hymnos
3129 3909 3456 3962 cecinissent

1904 4002 1962 4047 et
2013 4010 2350 4063 quaecunque
2383 3997 2561 4048 solent
2605 3995 2893 4049 Christiani
2926 3999 3263 4068 peregissent
3293 4041 3304 4062 ,
3337 4001 3482 4055 desi-

1904 4087 2222 4142 derantibus
2281 4089 2445 4142 simul
2504 4103 2557 4143 et
2598 4089 2903 4144 colentibus
2971 4093 3221 4146 manibus
3275 4097 3474 4149 elatum

1904 4181 2077 4233 media
2110 4191 2268 4233 nocte
2302 4182 2543 4233 tulerunt
2573 4183 2624 4234 in
2662 4183 2889 4249 patriam
2924 4187 3193 4257 martyris.
3224 4187 3357 4242 Cum
3382 4205 3478 4245 au-

1904 4280 2010 4326 tem
2055 4271 2338 4326 venissent
2367 4271 2422 4324 in
2467 4274 2755 4341 quemdam
2805 4275 3004 4337 locum,
3054 4278 3200 4332 illinc
3251 4281 3474 4347 quidem

1903 4366 2085 4434 patrias
2135 4365 2466 4436 signiﬁcatur
2517 4367 2784 4422 adventus
2851 4368 3222 4437 reliquiarum.
3259 4371 3472 4442 COgita-

1903 4456 1992 4509 bat
2031 4470 2159 4509 vero
2195 4456 2565 4524 unusquisque
2609 4458 2686 4511 eis
2744 4458 2820 4510 ire
2863 4459 3078 4512 obviam
3130 4480 3143 4527 ;
3188 4473 3240 4517 et
3286 4478 3478 4518 omnes

1905 4549 2065 4602 simul
2117 4551 2320 4618 egressi
2369 4557 2512 4607 sunt.
2554 4565 2729 4618 neque
2765 4551 2868 4604 fuit
2910 4552 3067 4617 ttllus,
3103 4555 3191 4623 qui
3234 4572 3340 4610 non
3385 4573 3480 4611 ve-

1904 4639 2050 4692 nerit
2082 4655 2096 4692 :
2129 4654 2238 4693 non
2295 4652 2486 4706 senex,
2539 4655 2646 4693 non
2689 4658 2843 4710 puer,
2887 4659 2994 4697 non
3041 4645 3310 4710 inﬁrmus,
3358 4665 3464 4702 non

1903 4740 2097 4785 natura
2157 4731 2390 4796 tardus;
2429 4733 2522 4786 sed
2587 4734 2933 4790 existimabat
2992 4740 3365 4808 unusquisque
3419 4758 3478 4796 se

1900 4833 2290 4892 prmrepturum
2336 4839 2456 4878 esse
2503 4825 2964 4892 benedictionem,
3022 4831 3064 4884 si
3120 4833 3282 4888 modo
3327 4838 3477 4903 prius

1899 4917 2231 4970 occurrisset
2262 4918 2526 4987 reliquiis.
2557 4919 2646 4975 Sic
2668 4936 2797 4989 ergo
2824 4923 3077 4979 omnibus
3118 4926 3368 4980 alacriter
3399 4928 3480 4981 fe-

1901 5007 2254 5072 stinantibus,
2291 5011 2490 5064 mortui
2529 5012 2667 5064 servi
2694 5014 2887 5082 coujux
2920 5015 3032 5067 sola
3078 5015 3260 5070 relicta
3298 5018 3474 5072 fuerat

1901 5099 2255 5167 (decesserat
2303 5103 2448 5154 enim
2500 5117 2564 5154 eo
2617 5112 2862 5173 tempore
2912 5106 3132 5174 quidam
3183 5123 3246 5161 ex
3297 5112 3474 5164 servis

1901 5190 2229 5262 martyris),
2264 5203 2526 5259 erantque
2593 5195 2747 5248 uxori
2793 5198 2985 5250 acerba
3034 5199 3238 5262 omnia,
3293 5204 3471 5255 mariti

1902 5283 2182 5348 damnum,
2216 5292 2270 5336 et
2316 5283 2435 5352 ejus
2479 5287 2567 5356 qui
2610 5303 2728 5341 eam
2761 5290 3157 5355 consolaretur,
3192 5293 3426 5347 solitudo
3458 5313 3470 5350 :

1902 5384 1956 5430 et
1999 5377 2140 5445 quod
2178 5377 2412 5432 nesciret
2443 5395 2678 5447 quonam
2736 5382 2894 5436 modo
2926 5395 3104 5451 posset
3154 5386 3230 5438 ire
3262 5386 3470 5441 obviam

1903 5468 2144 5536 martyri.
2174 5466 2296 5522 Sola
2333 5486 2460 5540 ergo
2505 5473 2650 5526 intus
2698 5474 2903 5538 relicta,
2942 5476 3197 5543 quoniam
3236 5478 3472 5546 qumsiit.

1901 5561 1989 5628 qui
2045 5576 2161 5614 eam
2219 5565 2616 5629 consolaretur,
2665 5577 2719 5620 et
2756 5582 2864 5620 non
2915 5567 3034 5635 fuit,
3074 5581 3127 5624 et
3171 5571 3261 5640 qui
3314 5572 3472 5625 simul

1907 5654 2132 5718 doleret,
2168 5665 2220 5709 et
2265 5672 2370 5709 non
2426 5656 2653 5723 invenit,
2704 5662 2900 5717 mortui
2962 5663 3208 5733 conjugis
3249 5677 3479 5734 corpore

3087 5893 3156 5956 21
