4198 6438
773 374 876 441 651

1994 359 2276 423 MENSIS
2318 355 2786 417 SEPTEMBER.

3919 356 4029 418 652

753 494 1041 565 'apposito,
1082 487 1386 562 plangebat.
1421 485 1684 558 gemebat,
1727 477 2148 538 lamentabatur,
2183 486 2325 526 mor-
2363 476 2405 531 Α

2436 469 2551 521 κότι
2574 467 2957 535 συνδιελὲγετο·
2983 467 3250 536 Ἕγειραι,
3271 461 3315 518 ὦ
3333 468 3480 536 ἄνερ,
3500 466 3734 535 ἔγειρπι,
3759 464 4027 532 λέγουσα·

773 601 926 645 tuum
958 585 1181 657 perinde
1198 600 1262 639 ac
1293 585 1470 638 vivum
1504 575 1921 647 alloquebatur:
1949 570 2141 637 Surge,
2172 578 2334 618 oma-

771 679 894 744 rite,
928 692 1112 747 surge,
1147 675 1354 737 dicens,
1381 684 1572 726 camus
1608 665 1819 719 obviam
1861 659 2083 715 domino
2123 665 2334 715 nostro,

770 788 841 826 ne
879 772 1160 826 videamur
1206 769 1305 823 soli
1334 765 1466 836 pigri
1502 770 1555 816 et
1582 759 1815 821 desides,
1849 767 2025 819 neque
2061 747 2332 819 quispiam

769 879 872 917 nos
898 861 1237 931 negligentiae
1264 865 1482 912 accuset
1509 854 1561 906 in
1583 863 1824 903 nostrum
1866 845 2165 898 dominum.
2197 840 2334 892 Sen-

771 956 873 1008 sim
914 960 1092 1006 autem
1130 960 1185 1005 et
1213 949 1469 1018 tangebat
1513 945 1772 1004 tunicam,
1815 947 1868 991 et
1907 938 2174 1005 lacrymas
2210 945 2333 984 cum

769 1057 900 1097 voce
933 1041 1236 1096 emittebat.
1275 1037 1395 1090 Haec
1419 1045 1698 1104 postquam
1744 1028 1893 1082 brevi
1935 1037 2178 1092 tempore
2207 1036 2334 1090 sug-

769 1134 953 1204 gessit,
1005 1141 1061 1184 et
1105 1131 1239 1184 dixit
1301 1125 1551 1195 conjugi,
1605 1122 1765 1176 etiam
1824 1132 2024 1186 corpus
2081 1112 2333 1182 martyris

768 1240 893 1278 mox
917 1230 1032 1278 erat
1057 1223 1416 1276 adventurum
1437 1228 1678 1284 repente,
1703 1215 1758 1277 (ο
1785 1209 2100 1264 miraculum
2121 1206 2157 1269 l)
2176 1205 2331 1258 vivus

769 1314 1034 1375 cernitur,
1083 1312 1176 1381 qui
1223 1318 1339 1363 erat
1390 1316 1657 1367 mortuus,
1716 1310 1770 1355 et
1814 1301 1880 1352 iis
1923 1295 2144 1365 abjectis
2207 1306 2328 1361 qua:

770 1416 927 1460 erant
954 1407 1002 1459 ei
1043 1403 1313 1472 imposita,
1351 1413 1474 1454 cum
1533 1412 1593 1450 se
1625 1394 1870 1465 protinus
1904 1389 2183 1450 cinxisset,
2219 1385 2333 1453 ipse

767 1514 983 1569 quoque
1030 1498 1179 1552 vadit
1226 1495 1439 1550 obviam
1492 1490 1735 1559 martyri.
1767 1486 1920 1551 Quod
1971 1484 2180 1552 insigne
2227 1479 2332 1532 nii-

769 1594 1102 1652 raculorum,
1127 1597 1182 1644 et
1218 1588 1339 1643 tulit
1369 1585 1584 1639 athleta:
1627 1577 1996 1635 testimonium
2028 1578 2094 1629 de
2131 1573 2334 1640 majore

769 1686 885 1754 ejus
912 1683 1104 1737 ﬁducia
1139 1682 1203 1735 ad
1238 1679 1542 1735 Dominum.
1585 1681 1638 1727 et
1681 1672 1747 1725 ad
1778 1671 1952 1737 majus
1994 1665 2329 1720 desiderium

769 1773 1015 1828 accendit
1051 1769 1294 1823 omnium
1330 1767 1557 1818 animos.
1595 1761 1714 1815 Non
1762 1761 1908 1813 enim
1945 1757 2087 1826 quod
2129 1756 2329 1807 factum

767 1866 947 1920 fuerat
1004 1868 1120 1913 erat
1170 1855 1435 1923 ejusmodi
1498 1862 1556 1905 ut
1594 1861 1780 1920 posset
1829 1849 1999 1915 rejici,
2049 1860 2223 1913 neque
2265 1843 2330 1896 de
2366 1820 2405 1876 Β

766 1970 830 2007 eo
865 1959 1077 2021 poterat
1121 1963 1244 2002 esse
1276 1947 1383 2000 ulla
1427 1944 1694 1999 dubitatio
1727 1958 1740 1992 :
1773 1940 1865 1993 sed
1909 1953 2044 2006 quos
2072 1937 2331 1990 decessus

765 2043 955 2097 habuit
984 2049 1338 2111 spectatores,
1364 2048 1414 2090 et
1443 2037 1531 2104 qui
1563 2047 1746 2087 curam
1779 2037 2062 2100 gesserant
2100 2022 2328 2088 funeris,

763 2137 982 2190 fuerunt
1027 2135 1061 2187 ti
1095 2147 1308 2200 quoque
1350 2139 1512 2183 testes
1551 2124 1991 2181 resurrectionis.

835 2227 906 2281 X.
941 2226 1075 2280 Cum
1104 2225 1263 2293 longo
1296 2231 1475 2275 autem
1503 2228 1744 2287 tempore
1780 2216 2070 2270 assedisset
2095 2213 2332 2268 famulus

763 2319 1015 2388 sepulcro
1072 2313 1347 2383 martyris,
1395 2310 1608 2364 decimo
1661 2309 1854 2376 quinto
1915 2320 2062 2358 anno
2118 2306 2184 2357 ab
2239 2303 2332 2355 illo

764 2421 1026 2477 tempore,
1063 2415 1116 2459 et
1147 2403 1307 2472 paulo
1335 2401 1477 2471 plus,
1501 2400 1617 2467 ipse
1645 2411 1857 2465 quoque
1886 2393 2119 2450 excessit
2147 2408 2177 2446 e
2202 2393 2328 2444 vita.

761 2504 941 2567 Atque
987 2505 1114 2548 tunc
1154 2492 1371 2562 quidem
1421 2488 1889 2545 considerantibus
1933 2485 2205 2546 omnibus,
2236 2483 2327 2552 qui

761 2590 827 2645 ad
877 2589 978 2642 hoc
1033 2581 1340 2653 congregati
1397 2581 1633 2643 fuerant,
1687 2578 1906 2632 ubinam
1956 2579 2020 2630 ab
2069 2577 2147 2629 eis
2184 2590 2322 2627 mar-

762 2679 996 2749 tyricum
1030 2691 1229 2744 corpus
1270 2674 1652 2742 deponeretur,
1679 2669 1933 2738 quoniam
1978 2665 2331 2720 dubitationis

763 2782 870 2821 non
922 2768 1154 2821 dabatur
1201 2765 1420 2828 solutio,
1471 2762 1678 2815 meliori
1731 2769 1785 2815 ct
1833 2759 2087 2814 diviniori
2147 2756 2331 2827 provi-

761 2860 957 2915 dentia:
1004 2860 1056 2913 id
1097 2855 1440 2912 statuendum
1476 2854 1829 2922 reliquerunt.
1868 2861 1922 2904 et
1970 2865 2223 2906 coronam
2263 2865 2326 2903 ex

763 2952 991 3007 ﬂoribus
1057 2959 1368 3004 contextam
1418 2948 1707 3015 imponunt
1762 2943 2025 3011 reliquiis.
2077 2941 2330 2996 Protinus

763 3043 970 3106 autem,
1002 3046 1256 3107 tanquam
1289 3037 1356 3090 ab
1384 3035 1566 3104 aliquo
1597 3034 1778 3098 missa,
1803 3033 2038 3103 desuper
2071 3031 2330 3087 advolans

2445 558 2839 626 ὑπαντήσωμεν
2865 557 2942 628 τῷ
2988 557 3239 627 ἡμετέρῳ
3261 557 3516 626 δεσπότῃ,
3549 557 3782 624 ἔγειραι,
3814 555 3894 623 μὴ
3933 555 4030 624 μό-

2445 668 2522 703 νοι
2559 650 2814 719 φανῶμεν
2851 651 3043 712 νωθεῖς
3082 649 3214 718 μηδὲ
3252 648 3508 719 ῥᾴθυμοι,
3549 649 3679 715 μηδὲ
3715 648 4030 714 ὀλιγωρίαν

2439 760 2521 804 τις
2562 743 2716 811 ἡμῶν
2772 741 2901 810 περὶ
2950 742 3040 791 τὸν
3089 742 3286 792 οἰκεῖον
3331 738 3662 805 καταγνώτω
3705 736 4024 805 δεσπότην·

2441 835 2626 903 ἠρέμα
2654 833 2710 882 δὲ
2744 833 2837 883 καὶ
2869 830 3090 899 χιτῶνος
3115 832 3335 898 ἥπτετο,
3369 831 3464 881 καὶ
3496 829 3709 896 δάκρυα
3749 827 3899 894 μετὰ
3929 827 4026 891 τῆς

2441 926 2622 994 φωνῆς
2673 921 2845 990 ἠφίει.
2888 920 3074 973 Ταῦτα
3113 921 3235 972 ἐπεὶ
3282 920 3485 990 βραχὺν
3531 917 3720 986 ὥσπερ
3770 916 4026 968 ὑπετίθει

2438 1018 2626 1087 χρόνον
2673 1017 2752 1083 τῷ
2793 1013 3011 1082 συζύγῳ
3054 1014 3148 1065 καὶ
3195 1013 3484 1078 διελέγετο,
3525 1011 3624 1082 ήδη
3667 1013 3776 1079 γὰρ
3825 1010 3931 1060 καὶ
3973 1010 4029 1057 τὰ

2443 1107 2775 1178 μαρτυρικὸν
2825 1107 2984 1174 σῶμα
3029 1106 3150 1156 ὅσον
3196 1103 3407 1155 οὐδέπω
3454 1103 3737 1170 ἐπιδημεῖν
3786 1100 4026 1169 ἔμελλε,

2443 1199 2548 1261 ζῶν
2605 1199 2668 1248 ὲκ
2728 1194 3147 1262 τοῦ,αἰφνιδίου,
3184 1191 3230 1245 ὣ
3261 1193 3356 1245 τοῦ
3405 1191 3710 1259 θαύματοςι
3762 1193 3790 1242 ὁ
3825 1192 4029 1256 νεκρὸς

2436 1292 2650 1361 ὁρᾶται,
2683 1289 2775 1341 καὶ
2801 1290 2869 1341 τὰ
2896 1286 3248 1354 περικείμενα
3283 1284 3466 1353 ῥίψας,
3493 1283 3909 1350 διαζωσάμενος
3946 1281 4029 1330 ei»

2438 1384 2556 1444 ους,
2585 1382 2658 1449 τῴ
2688 1380 2925 1449 μάρτυρι
2953 1382 3044 1430 καὶ
3072 1377 3234 1438 αὐτὸς
3263 1377 3604 1445 προῡπήντα,
3635 1375 3728 1425 καὶ
3756 1373 3815 1423 τὸ
3847 1374 4024 1436 ὑπερ-

2437 1477 2628 1528 ϐάλλον
2660 1475 2810 1525 τοῦδε
2845 1472 2939 1524 τοῦ
2972 1469 3247 1538 θαύματος
3272 1467 3493 1545 πλείονα
3523 1465 3657 1535 πρὸς
3685 1465 3779 1517 τὸν
3811 1464 4024 1531 Κύριον

2436 1566 2748 1636 παρρησίαν
2791 1563 2870 1630 τῷ
2903 1561 3107 1629 ἀθλητῇ
3146 1558 3471 1627 ἐμαρτύρει,
3523 1558 3617 1610 καὶ
3656 1559 3737 1618 είς
3787 1554 4022 1624 μείζονα

2438 1659 2598 1710 πόθον
2656 1656 2751 1718 τὰς
2830 1654 3087 1707 ἁπάντων
3164 1651 3341 1720 ψυχὰς
3394 1649 3708 1716 ἁνέιρλεγεν.
3773 1648 3850 1699 Οὐ
3912 1650 4022 1714 γὰρ

2435 1749 2876 1818 δυσπαράδεκτον
2909 1742 2977 1816 ἦν
3020 1744 3080 1796 τὸ
3114 1747 3336 1811 γεγονὸς
3369 1741 3475 1793 οὐδ’
3512 1739 3818 1809 ἀμφίϐολον
3843 1778 3859 1801 ,
3905 1737 4022 1792 ἀλλ’

2435 1839 2528 1901 οὒς
2556 1840 2655 1906 τῆς
2683 1837 2936 1906 τελευτῆς
2965 1836 3161 1893 θεατὰς
3193 1831 3327 1904 εἶχε,
3360 1833 3455 1887 καὶ
3481 1832 3694 1901 περὶτὰ
3724 1831 4020 1898 ἐπικήδεια

2435 1935 2822 1999 πονουμένους,
2857 1930 3079 1994 τούτους
3116 1931 3209 1982 καὶ
3237 1929 3332 1998 τῆς
3366 1926 3716 1987 ἀναϐιώσεως
3744 1923 4019 1991 πεποίητο

2437 2030 2738 2097 μάρτυρας.

2512 2209 2577 2262 I'.
2614 2207 2819 2276 Χρόνον
2851 2204 2904 2257 δὲ
2949 2203 3026 2273 τῷ
3069 2201 3162 2256 τοῦ
3198 2202 3472 2274 μάρτυρος
3525 2199 3553 2249 ὁ
3597 2197 3815 2266 οἰκέτης
3847 2211 4017 2264 προσσ

2433 2299 2693 2368 εδρεύσας
2733 2299 2911 2366 τάφῳ,
2947 2297 3082 2366 μετὰ
3113 2296 3359 2364 πέμπτον
3391 2293 3450 2356 ἐξ
3477 2291 3686 2344 ἐκείνου
3730 2290 3874 2357 πρὸς
3906 2289 4016 2346 τοῖς

2433 2391 2561 2443 δέκα
2601 2391 2740 2452 ἔτος,
2795 2392 2887 2440 καὶ
2931 2389 3097 2455 ὀλίγῳ
3133 2404 3186 2438 τι
3223 2387 3404 2449 πλέον,
3432 2386 3526 2436 καὶ
3569 2383 3728 2440 αὐτὸς
3774 2380 4014 2432 ἁπεῦιω.

2435 2484 2566 2535 Τότε
2630 2484 2730 2551 μὲν
2780 2477 2872 2533 οὖν
2924 2479 3400 2548 διασκοπουμένων
3457 2475 3712 2529 ἁπάντων
3766 2471 3879 2522 τῶν
3927 2470 4020 2517 ἐπι

2433 2576 2606 2645 τούτῳ
2638 2575 3100 2642 συνειλεγμένων,
3135 2572 3269 2624 ὅπου
3304 2569 3410 2640 ἄρα
3450 2569 3542 2619 καὶ
3576 2565 3636 2618 τὸ
3671 2561 4016 2634 μαρτυρικον

2433 2667 2615 2728 αὐτοῖς
2649 2666 3036 2717 κατακείσεται
3068 2663 3227 2731 σῶμα
3249 2700 3271 2743 ,ι
3293 2662 3413 2712 ἐπεὶ
3445 2658 3539 2712 καὶ
3565 2658 3718 2716 λύσις
3747 2656 3848 2722 τῆς
3881 2658 4020 2706 ἀπο-

2436 2758 2556 2829 ρίας
2611 2758 2709 2810 οὐκ
2750 2753 2839 2827 ἦν,
2888 2755 3155 2826 κρείττονι
3201 2754 3299 2806 καὶ
3340 2751 3590 2819 θειοτέρα
3632 2747 3867 2814 προνοίᾳ.
3919 2744 4016 2811 τὴν

2431 2851 2610 2921 ψῆφον
2639 2850 2919 2915 ἀνέθεσαν,
2941 2849 3032 2901 καὶ
3058 2847 3318 2915 στέφανον
3349 2844 3565 2898 ἄνθινον
3599 2838 4015 2903 διαπλέξαντες,

2431 2942 2506 3012 τῷ
2537 2942 2771 3012 λειψὰνῳ
2805 2939 3159 2993 ὲπιτιθοῦσιν.
3197 2937 3408 2989 Αὐτίκα
3448 2935 3504 2986 δὲ
3541 2933 3731 3000 ὥσπερ
3767 2931 3831 2982 ἐκ
3867 2946 4015 2986 τινος

2432 3034 2736 3101 ἀποστολῆς
2764 3032 2918 3094 ἀετὸς
2955 3029 3159 3083 ἄνωθεν
3183 3028 3418 3088 ὲπιπτὰς
3447 3028 3537 3077 τὸν
3571 3025 3837 3088 στέφανον
3863 3022 4013 3087 εἰλή-

761 3135 965 3205 aquila,
1006 3131 1216 3200 accepit
1258 3144 1537 3191 coronam,
1568 3137 1623 3181 et
1666 3127 1864 3181 sensim
1897 3125 2067 3180 movit
2100 3139 2326 3193 pennas,
2356 3151 2399 3208 ε

2435 3143 2543 3195 φοι,
2579 3125 2670 3178 καὶ
2700 3124 2881 3194 ἠρέμα
2908 3123 2967 3174 τὸ
2990 3121 3183 3192 πτερὸν
3210 3120 3400 3182 ἐκίνει,
3421 3121 3512 3170 καὶ
3542 3115 3845 3184 ἀργότερον
3876 3117 4013 3183 πρὸς

763 3235 821 3280 et
873 3238 964 3280 eas
1006 3223 1187 3276 minus
1230 3221 1481 3289 pernices
1519 3218 1704 3271 habuit
1753 3216 1817 3270 ad
1868 3215 2178 3268 volandum.
2223 3212 2329 3266 Sed

763 3317 912 3370 illam
980 3312 1199 3383 quidem
1263 3310 1443 3366 statim
1515 3308 1841 3379 sequebatur
1900 3307 2155 3377 populus.
2207 3305 2328 3374 Ipsa

761 3417 944 3463 autem
994 3406 1227 3476 quodam
1275 3406 1436 3458 modo
1484 3419 1608 3457 eum
1656 3403 1906 3467 ducebat,
1947 3409 2158 3456 tantum
2202 3409 2329 3452 ante

760 3517 854 3557 eos
891 3499 1098 3564 volans,
1132 3507 1192 3551 ut
1221 3511 1329 3550 non
1369 3503 1512 3549 esset
1537 3495 1764 3549 multum
1800 3503 2008 3547 remota
2038 3493 2105 3545 ab
2132 3491 2326 3544 oculis.

764 3591 833 3645 Et
894 3606 1016 3646 cum
1043 3589 1284 3643 venisset
1316 3588 1383 3642 ad
1429 3587 1784 3657 propinquam
1825 3584 2008 3637 silvam
2043 3591 2097 3637 et
2137 3583 2331 3638 deinde

761 3696 1017 3738 coronam
1042 3695 1105 3734 ex
1133 3679 1241 3733 alto
1272 3677 1579 3733 demisisset
1602 3676 1657 3730 in
1701 3675 1924 3745 pulchro
1956 3675 2073 3729 loco
2107 3676 2328 3739 montis,

761 3789 815 3829 et
870 3773 1054 3829 volare
1092 3769 1259 3842 caepit
1301 3769 1555 3834 celerius,
1589 3776 1644 3823 et
1668 3769 1904 3838 profecta
1953 3776 2036 3822 cst
2075 3767 2140 3820 ad
2178 3781 2329 3820 suam

763 3867 1177 3922 habitationem.
1236 3863 1351 3916 Hoc
1380 3863 1455 3916 illi
1508 3862 1863 3929 conjicientes
1914 3861 2154 3914 divinam
2213 3875 2331 3915 esse

761 3957 1170 4021 iudicationem,
1201 3968 1324 4010 cum
1351 3954 1624 4025 voluptate
1669 3963 1726 4008 et
1754 3969 1952 4025 magno
1981 3954 2162 4009 studio
2195 3969 2332 4009 con-

768 4059 1054 4105 currentes
1109 4062 1323 4104 sacrum
1369 4046 1503 4102 illud
1549 4056 1605 4101 et
1658 4047 1906 4101 divinum
1961 4063 2159 4116 corpus
2226 4048 2333 4100 illic

760 4147 946 4197 sancte
983 4146 1038 4194 et
1063 4138 1244 4194 divine
1282 4137 1579 4206 deponunt.
1607 4136 1725 4203 Quo
1763 4138 1815 4191 in
1878 4138 1995 4191 loco
2026 4139 2079 4190 in
2115 4137 2331 4191 hodier-

763 4247 891 4286 num
937 4245 1107 4300 usque
1135 4229 1280 4285 diem
1323 4237 1546 4284 sanctus
1587 4229 1695 4282 illic
1739 4228 2050 4296 frequentes
2081 4236 2333 4296 operatur

763 4323 1097 4386 curationes,
1163 4329 1219 4376 et
1272 4320 1441 4374 multa
1503 4319 1785 4385 miracula,
1843 4318 2066 4374 cuilibet
2124 4316 2330 4390 roganti

764 4414 1000 4486 benigne
1034 4426 1323 4484 apparens,
1346 4421 1399 4466 et
1425 4411 1542 4479 ejus
1573 4427 1758 4466 curam
1792 4427 2004 4483 gerens,
2029 4412 2083 4465 in
2114 4411 2331 4466 Christo

2433 3218 2532 3289 τὴν
2569 3216 2767 3288 πτῆσιν
2813 3212 2977 3286 εἶχεν.
3026 3213 3184 3266 Ἀλλὰ
3231 3212 3311 3280 τῷ
3356 3213 3453 3281 μὲν
3491 3210 3551 3262 τὸ
3592 3208 3799 3277 πλῆθος
3848 3207 4012 3266 εὐθὺς

2434 3310 2648 3362 εἵποντο
2668 3321 2680 3334 ·
2707 3309 2734 3360 ὁ
2765 3305 2822 3358 δὲ
2845 3301 2954 3358 οἷον
2982 3303 3144 3364 αὐτὸς
3174 3304 3438 3370 ἀφηγεῖτο
3465 3299 3701 3367 τοσούτῳ
3731 3297 4011 3366 προϊπτά-

2437 3417 2595 3469 μενος
2647 3398 2876 3464 τούτων,
2925 3398 3032 3464 ὅσῳ
3083 3396 3158 3465 μὴ
3203 3393 3311 3446 τῶν
3348 3392 3522 3460 ὄψεων
3573 3392 3665 3441 ἐπὶ
3705 3390 3846 3440 πολὺ
3873 3388 4010 3439 διίσ-

2432 3493 2626 3546 τασθαι
2647 3508 2661 3522 ·
2694 3491 2789 3545 καὶ
2812 3490 2876 3561 δὴ
2911 3488 3044 3559 πρὸς
3072 3489 3138 3557 τῇ
3163 3485 3390 3555 πλησίον
3416 3483 3516 3556 ὕλῃ
3543 3483 3859 3552 γενόμενος,
3894 3476 4012 3533 εἶτα

2432 3586 2523 3638 τὸν
2574 3584 2835 3654 στέφανον
2890 3585 2947 3635 ὲν
3003 3580 3151 3651 καλῷ
3208 3578 3300 3634 τοῦ
3352 3578 3512 3649 ὅρους
3567 3575 3727 3646 ἀφείς
3774 3574 4008 3636 ἄνωθεν,

2431 3676 2679 3749 πτήσεως
2725 3693 2782 3728 τε
2818 3675 3021 3746 ἥπτετο
3068 3674 3395 3744 ταχυτέρας,
3444 3675 3539 3725 καὶ
3577 3672 3670 3723 ἐπὶ
3706 3671 3778 3722 τὰ
3827 3672 4009 3721 οἰκεῖα

2432 3771 2537 3840 ἢθη
2574 3767 2791 3839 ἐχώρει.
2818 3767 2986 3818 Τοῦτο
3023 3767 3221 3817 ἐκεῖνοι
3256 3764 3405 3815 θείαν
3439 3758 3577 3814 εἶναι
3629 3760 4009 3828 συμϐαλόντες

2433 3862 2724 3925 ἐπίδειξιν,
2782 3859 2985 3929 σπουδῇ
3045 3857 3165 3929 μεθ’
3219 3857 3414 3926 ἡδονῆς
3471 3855 3918 3925 συνδραμόντες,
3951 3854 4010 3904 τὸ

2432 3955 2577 4024 ἱερὸν
2602 3955 2777 4006 ὲκείνο
2813 3954 2908 4004 καὶ
2937 3953 3080 4005 θεῖον
3108 3948 3269 4019 σῶμα
3318 3948 3477 4019 ίερῶς
3525 3948 3642 3999 ἐκεῖ
3694 3947 3794 3998 καὶ
3848 3944 4008 4004 θείως

2431 4048 2741 4101 κατέθεντο.
2783 4042 2856 4099 Οἶ)
2910 4046 2974 4116 δὴ
3028 4047 3123 4099 καὶ
3172 4043 3340 4106 πολύς
3386 4047 3505 4094 ἐστι
3555 4041 3718 4112 μέχρι
3763 4041 3862 4092 καὶ
3916 4040 4007 4090 νῦν

2431 4142 2460 4194 ὁ
2515 4142 2723 4211 μάρτυς
2776 4141 2896 4202 ταῖς
2967 4139 3140 4191 ίάσεσι
3193 4138 3289 4191 καὶ
3347 4139 3468 4200 ταῖς
3531 4133 4006 4205 θαυματουργίαις

2433 4233 2670 4301 δεομένῳ
2701 4234 2864 4285 παντὶ
2893 4231 3286 4301 φιλανθρώπως
3313 4230 3633 4298 ποιούμενος
3665 4230 3765 4289 τὰς
3797 4231 4003 4294 ἐπιφα-

2431 4324 2600 4386 νείας,
2643 4324 2737 4375 καὶ
2763 4322 3433 4392 θερμῶς-προϊστάμενος,
3470 4327 3526 4376 ὲν
3557 4324 3780 4394 Χριστῷ
3825 4323 4002 4393 Ἰησοῦ

2432 4417 2508 4487 τῷ
2544 4414 2901 4486 Κυρίῳήμῶν
2923 4453 2938 4478 ,
2967 4410 3010 4483 ᾧ
3040 4418 3072 4485 ὴ
3110 4414 3235 4479 δόξα
3275 4416 3369 4468 καὶ
3401 4415 3462 4468 τὸ
3494 4417 3715 4486 κράτος,
3755 4419 3854 4471 σὺν
3891 4419 4003 4470 Παι-

760 4505 889 4560 Jesu
925 4503 1151 4559 Domino
1194 4509 1382 4557 nostro
1416 4518 1431 4554 :
1495 4503 1581 4556 cui
1621 4503 1791 4573 gloria
1822 4511 1878 4558 et
1911 4504 2176 4572 potentia,
2203 4519 2326 4559 cum
2355 4489 2405 4548 Π

2435 4513 2522 4578 τρὶ
2554 4510 2647 4562 καὶ
2689 4509 2831 4580 ἁγίῳ
2871 4509 3171 4581 ιΙνεύματι,
3226 4508 3320 4564 νῦν
3351 4510 3444 4565 καὶ
3475 4512 3583 4576 ἀεὶ,
3625 4512 3718 4566 καὶ
3751 4515 3832 4576 είς
3882 4516 4004 4578 τοὺς

762 4590 925 4646 Patre
977 4600 1032 4645 et
1085 4600 1275 4645 sancto
1327 4587 1551 4657 Spiritu,
1592 4605 1738 4644 nunc
1789 4597 1845 4646 et
1903 4606 2137 4662 semper,
2174 4601 2229 4647 et
2273 4592 2326 4647 in

764 4681 977 4735 inﬁnita
1005 4679 1198 4736 saecula
1258 4679 1596 4735 saeculorum.
1651 4678 1825 4736 Amen

2433 4602 2818 4674 ἀτελευτήτους
2845 4604 3046 4669 αἰῶνας
3070 4605 3176 4660 τῶν
3206 4606 3438 4660 αἰώνων.
3491 4605 3682 4671 Ἀμήν.
