  <div class='ocr_page' id='page_1' title='image "/cluster/home/n/w/nwhite01/storage/ocr_20150623/115/nnc1.0046980261/344.png"; bbox 0 0 4198 6438; ppageno 0'>
   <div class='ocr_carea' id='block_1_1' title="bbox 175 438 283 504">
    <p class='ocr_par' dir='ltr' id='par_1_1' title="bbox 175 438 283 504">
     <span class='ocr_line' id='line_1_1' title="bbox 175 438 283 504; baseline 0.019 -4"><span class='ocrx_word' id='word_1_1' title='bbox 175 438 283 504; x_wconf 75' lang='lat'><strong>653</strong></span> 
     </span>
    </p>
   </div>
   <div class='ocr_carea' id='block_1_2' title="bbox 182 628 1690 650">
    <p class='ocr_par' dir='ltr' id='par_1_2' title="bbox 182 628 1690 650">
     <span class='ocr_line' id='line_1_2' title="bbox 182 628 1690 650; baseline -0.011 -2"><span class='ocrx_word' id='word_1_2' title='bbox 182 633 911 650; x_wconf 53' lang='lat' dir='ltr'><strong>~-.——.—.—_-——~..—-———a—.--</strong></span> <span class='ocrx_word' id='word_1_3' title='bbox 932 630 1228 642; x_wconf 58' lang='grc' dir='ltr'><strong>*ρ’--.μυι-</strong></span> <span class='ocrx_word' id='word_1_4' title='bbox 1247 629 1544 639; x_wconf 50' lang='grc' dir='ltr'><strong>--οιμο-η</strong></span> <span class='ocrx_word' id='word_1_5' title='bbox 1589 628 1690 638; x_wconf 50' lang='grc' dir='ltr'><strong>ν</strong></span> 
     </span>
    </p>
   </div>
   <div class='ocr_carea' id='block_1_3' title="bbox 421 809 2287 932">
    <p class='ocr_par' dir='ltr' id='par_1_3' title="bbox 421 809 2287 932">
     <span class='ocr_line' id='line_1_3' title="bbox 421 809 2287 932; baseline -0.004 -1"><span class='ocrx_word' id='word_1_6' title='bbox 421 809 1284 932; x_wconf 85' lang='grc' dir='ltr'><strong>ΜΑΡΤΥΡΙΟΝ</strong></span> <span class='ocrx_word' id='word_1_7' title='bbox 1398 812 1694 922; x_wconf 82' lang='grc' dir='ltr'><strong>ΤΩΝ</strong></span> <span class='ocrx_word' id='word_1_8' title='bbox 1826 809 2287 923; x_wconf 85' lang='grc' dir='ltr'><strong>ΑΓΙΩΝ</strong></span> 
     </span>
    </p>
   </div>
   <div class='ocr_carea' id='block_1_4' title="bbox 989 427 2622 491">
    <p class='ocr_par' dir='ltr' id='par_1_4' title="bbox 989 427 2622 491">
     <span class='ocr_line' id='line_1_4' title="bbox 989 427 2622 491; baseline -0.001 0"><span class='ocrx_word' id='word_1_9' title='bbox 989 431 1452 491; x_wconf 71' lang='lat' dir='ltr'><strong>MAR’I&#39;YRIUK</strong></span> <span class='ocrx_word' id='word_1_10' title='bbox 1495 431 1552 490; x_wconf 91' lang='lat' dir='ltr'><strong>S.</strong></span> <span class='ocrx_word' id='word_1_11' title='bbox 1599 427 2033 488; x_wconf 62' lang='lat' dir='ltr'><strong>MENODORE</strong></span> <span class='ocrx_word' id='word_1_12' title='bbox 2074 429 2169 487; x_wconf 85' lang='grc' dir='ltr'><strong>ΕΤ</strong></span> <span class='ocrx_word' id='word_1_13' title='bbox 2214 428 2622 489; x_wconf 74' lang='lat' dir='ltr'><strong>SOCIARUM.</strong></span> 
     </span>
    </p>
   </div>
   <div class='ocr_carea' id='block_1_5' title="bbox 3320 431 3428 494">
    <p class='ocr_par' dir='ltr' id='par_1_5' title="bbox 3320 431 3428 494">
     <span class='ocr_line' id='line_1_5' title="bbox 3320 431 3428 494; baseline 0.019 -2"><span class='ocrx_word' id='word_1_14' title='bbox 3320 431 3428 494; x_wconf 71' lang='lat'><strong>654</strong></span> 
     </span>
    </p>
   </div>
   <div class='ocr_carea' id='block_1_6' title="bbox 2481 630 3352 651">
    <p class='ocr_par' dir='ltr' id='par_1_6' title="bbox 2481 630 3352 651">
     <span class='ocr_line' id='line_1_6' title="bbox 2481 630 3352 651; baseline 0.007 -13"><span class='ocrx_word' id='word_1_15' title='bbox 2481 631 2559 640; x_wconf 72' lang='grc'><strong>...-</strong></span> <span class='ocrx_word' id='word_1_16' title='bbox 2577 630 3177 641; x_wconf 59' lang='lat' dir='ltr'><strong>—————.-————.-——.-—-—»-—&#39;v</strong></span> <span class='ocrx_word' id='word_1_17' title='bbox 3191 634 3352 651; x_wconf 48' lang='grc' dir='ltr'><strong>..ο-..η</strong></span> 
     </span>
    </p>
   </div>
   <div class='ocr_carea' id='block_1_7' title="bbox 2411 809 3181 925">
    <p class='ocr_par' dir='ltr' id='par_1_7' title="bbox 2411 809 3181 925">
     <span class='ocr_line' id='line_1_7' title="bbox 2411 809 3181 925; baseline 0.009 -6"><span class='ocrx_word' id='word_1_18' title='bbox 2411 809 3181 925; x_wconf 86' lang='grc' dir='ltr'><strong>ΓΥΝΑΙΚΩΝ</strong></span> 
     </span>
    </p>
   </div>
   <div class='ocr_carea' id='block_1_8' title="bbox 465 1072 3144 1167">
    <p class='ocr_par' dir='ltr' id='par_1_8' title="bbox 465 1072 3144 1167">
     <span class='ocr_line' id='line_1_8' title="bbox 465 1072 3144 1167; baseline -0.001 -3"><span class='ocrx_word' id='word_1_19' title='bbox 465 1077 1195 1167; x_wconf 67' lang='grc' dir='ltr'><strong>ΜΗΝΟΔΩΡΑΣ,</strong></span> <span class='ocrx_word' id='word_1_20' title='bbox 1276 1072 2007 1161; x_wconf 83' lang='grc' dir='ltr'><strong>ΜΗΤΡΟΔΩΡΑΣ</strong></span> <span class='ocrx_word' id='word_1_21' title='bbox 2084 1075 2272 1156; x_wconf 85' lang='grc' dir='ltr'><strong>ΚΑΙ</strong></span> <span class='ocrx_word' id='word_1_22' title='bbox 2353 1073 3144 1162; x_wconf 76' lang='grc' dir='ltr'><strong>ΝΥΜΦΟΔΩΡΑΣο</strong></span> 
     </span>
    </p>
   </div>
   <div class='ocr_carea' id='block_1_9' title="bbox 428 1509 3194 1638">
    <p class='ocr_par' dir='ltr' id='par_1_9' title="bbox 428 1509 3194 1638">
     <span class='ocr_line' id='line_1_9' title="bbox 428 1509 3194 1638; baseline 0 -18"><span class='ocrx_word' id='word_1_23' title='bbox 428 1510 1301 1624; x_wconf 82' lang='lat' dir='ltr'><strong>MARTYRIUM</strong></span> <span class='ocrx_word' id='word_1_24' title='bbox 1444 1509 2308 1638; x_wconf 86' lang='lat' dir='ltr'><strong>SANCTARUM</strong></span> <span class='ocrx_word' id='word_1_25' title='bbox 2450 1510 3194 1624; x_wconf 80' lang='lat' dir='ltr'><strong>MULIERUM</strong></span> 
     </span>
    </p>
   </div>
   <div class='ocr_carea' id='block_1_10' title="bbox 255 1779 1041 1880">
    <p class='ocr_par' dir='ltr' id='par_1_10' title="bbox 255 1779 1041 1880">
     <span class='ocr_line' id='line_1_10' title="bbox 255 1779 1041 1880; baseline -0.011 -9"><span class='ocrx_word' id='word_1_26' title='bbox 255 1779 1041 1880; x_wconf 67' lang='lat' dir='ltr'><strong>MENODOME,</strong></span> 
     </span>
    </p>
   </div>
   <div class='ocr_carea' id='block_1_11' title="bbox 1179 1771 1962 1865">
    <p class='ocr_par' dir='ltr' id='par_1_11' title="bbox 1179 1771 1962 1865">
     <span class='ocr_line' id='line_1_11' title="bbox 1179 1771 1962 1865; baseline -0.003 -3"><span class='ocrx_word' id='word_1_27' title='bbox 1179 1771 1962 1865; x_wconf 68' lang='lat' dir='ltr'><strong>METRODORE</strong></span> 
     </span>
    </p>
   </div>
   <div class='ocr_carea' id='block_1_12' title="bbox 2117 1771 3358 1865">
    <p class='ocr_par' dir='ltr' id='par_1_12' title="bbox 2117 1771 3358 1865">
     <span class='ocr_line' id='line_1_12' title="bbox 2117 1771 3358 1865; baseline 0.002 -6"><span class='ocrx_word' id='word_1_28' title='bbox 2117 1773 2266 1860; x_wconf 84' lang='grc' dir='ltr'><strong>ΕΤ</strong></span> <span class='ocrx_word' id='word_1_29' title='bbox 2433 1771 3358 1865; x_wconf 74' lang='lat' dir='ltr'><strong>NYMPHODOR/E.</strong></span> 
     </span>
    </p>
   </div>
   <div class='ocr_carea' id='block_1_13' title="bbox 777 1993 2850 2058">
    <p class='ocr_par' dir='ltr' id='par_1_13' title="bbox 777 1993 2850 2058">
     <span class='ocr_line' id='line_1_13' title="bbox 777 1993 2850 2058; baseline -0 -14"><span class='ocrx_word' id='word_1_30' title='bbox 777 1998 974 2056; x_wconf 87' lang='lat' dir='ltr'><strong>(Latine</strong></span> <span class='ocrx_word' id='word_1_31' title='bbox 1002 1996 1127 2058; x_wconf 83' lang='lat' dir='ltr'><strong>apud</strong></span> <span class='ocrx_word' id='word_1_32' title='bbox 1154 1995 1350 2045; x_wconf 83' lang='lat' dir='ltr'><strong>Surium</strong></span> <span class='ocrx_word' id='word_1_33' title='bbox 1375 1995 1434 2041; x_wconf 86' lang='lat' dir='ltr'><strong>ad</strong></span> <span class='ocrx_word' id='word_1_34' title='bbox 1466 1993 1592 2039; x_wconf 88' lang='lat' dir='ltr'><strong>diem</strong></span> <span class='ocrx_word' id='word_1_35' title='bbox 1629 1994 1855 2054; x_wconf 80' lang='lat' dir='ltr'><strong>10$epl.;</strong></span> <span class='ocrx_word' id='word_1_36' title='bbox 1886 1994 2052 2040; x_wconf 65' lang='lat' dir='ltr'><strong>Cra-ce</strong></span> <span class='ocrx_word' id='word_1_37' title='bbox 2085 2007 2143 2041; x_wconf 82' lang='lat' dir='ltr'><strong>ex</strong></span> <span class='ocrx_word' id='word_1_38' title='bbox 2187 1994 2292 2040; x_wconf 78' lang='lat' dir='ltr'><strong>eod.</strong></span> <span class='ocrx_word' id='word_1_39' title='bbox 2320 2007 2407 2042; x_wconf 89' lang='lat' dir='ltr'><strong>ms.</strong></span> <span class='ocrx_word' id='word_1_40' title='bbox 2437 1995 2592 2043; x_wconf 80' lang='lat' dir='ltr'><strong>Paris.</strong></span> <span class='ocrx_word' id='word_1_41' title='bbox 2613 2006 2662 2047; x_wconf 72' lang='lat' dir='ltr'><strong>n.</strong></span> <span class='ocrx_word' id='word_1_42' title='bbox 2691 1994 2850 2054; x_wconf 77' lang='lat'><strong>1526.)</strong></span> 
     </span>
    </p>
   </div>
   <div class='ocr_carea' id='block_1_14' title="bbox 262 2337 1825 2411">
    <p class='ocr_par' dir='ltr' id='par_1_14' title="bbox 262 2337 1825 2411">
     <span class='ocr_line' id='line_1_14' title="bbox 262 2337 1825 2411; baseline -0.008 -8"><span class='ocrx_word' id='word_1_43' title='bbox 262 2352 344 2404; x_wconf 79' lang='lat' dir='ltr'><strong>A&#39;.</strong></span> <span class='ocrx_word' id='word_1_44' title='bbox 377 2347 509 2401; x_wconf 68' lang='grc' dir='ltr'>Οὐδὲ</span> <span class='ocrx_word' id='word_1_45' title='bbox 542 2341 786 2411; x_wconf 62' lang='grc' dir='ltr'>γυναιξὶν</span> <span class='ocrx_word' id='word_1_46' title='bbox 811 2339 929 2393; x_wconf 74' lang='grc' dir='ltr'>οὐδὲ</span> <span class='ocrx_word' id='word_1_47' title='bbox 965 2338 1153 2408; x_wconf 79' lang='grc' dir='ltr'><strong>κόραις</strong></span> <span class='ocrx_word' id='word_1_48' title='bbox 1201 2338 1260 2391; x_wconf 72' lang='grc' dir='ltr'><strong>το</strong></span> <span class='ocrx_word' id='word_1_49' title='bbox 1310 2338 1408 2408; x_wconf 81' lang='grc' dir='ltr'><strong>τῆς</strong></span> <span class='ocrx_word' id='word_1_50' title='bbox 1443 2337 1752 2408; x_wconf 71' lang='grc' dir='ltr'>μαρτυρίας</span> <span class='ocrx_word' id='word_1_51' title='bbox 1786 2349 1825 2401; x_wconf 76' lang='grc' dir='ltr'>Α</span> 
     </span>
    </p>
   </div>
   <div class='ocr_carea' id='block_1_15' title="bbox 184 2426 1758 2496">
    <p class='ocr_par' dir='ltr' id='par_1_15' title="bbox 184 2426 1758 2496">
     <span class='ocr_line' id='line_1_15' title="bbox 184 2426 1758 2496; baseline -0.008 -1"><span class='ocrx_word' id='word_1_52' title='bbox 184 2439 614 2495; x_wconf 81' lang='grc' dir='ltr'>άποκέκλεισται</span> <span class='ocrx_word' id='word_1_53' title='bbox 649 2434 880 2496; x_wconf 87' lang='grc' dir='ltr'>στάδιον,</span> <span class='ocrx_word' id='word_1_54' title='bbox 915 2431 1049 2484; x_wconf 77' lang='grc' dir='ltr'>ἀλλὰ</span> <span class='ocrx_word' id='word_1_55' title='bbox 1095 2433 1186 2485; x_wconf 71' lang='grc' dir='ltr'>καὶ</span> <span class='ocrx_word' id='word_1_56' title='bbox 1216 2426 1372 2485; x_wconf 70' lang='grc' dir='ltr'>αὗται</span> <span class='ocrx_word' id='word_1_57' title='bbox 1403 2430 1633 2484; x_wconf 77' lang='grc' dir='ltr'>Θανάτου</span> <span class='ocrx_word' id='word_1_58' title='bbox 1666 2447 1758 2484; x_wconf 78' lang='grc' dir='ltr'>κα·</span> 
     </span>
    </p>
   </div>
   <div class='ocr_carea' id='block_1_16' title="bbox 179 2525 1759 2603">
    <p class='ocr_par' dir='ltr' id='par_1_16' title="bbox 179 2525 1759 2603">
     <span class='ocr_line' id='line_1_16' title="bbox 179 2525 1759 2603; baseline -0.002 -22"><span class='ocrx_word' id='word_1_59' title='bbox 179 2531 538 2603; x_wconf 73' lang='grc' dir='ltr'>ταφρονοῦσι,</span> <span class='ocrx_word' id='word_1_60' title='bbox 590 2529 983 2590; x_wconf 76' lang='grc' dir='ltr'>καταπαίζουσι</span> <span class='ocrx_word' id='word_1_61' title='bbox 1024 2527 1275 2594; x_wconf 84' lang='grc' dir='ltr'>τελετῆς·</span> <span class='ocrx_word' id='word_1_62' title='bbox 1319 2525 1518 2594; x_wconf 76' lang='grc' dir='ltr'>μᾶλλον</span> <span class='ocrx_word' id='word_1_63' title='bbox 1552 2525 1606 2576; x_wconf 75' lang='grc' dir='ltr'>δὲ</span> <span class='ocrx_word' id='word_1_64' title='bbox 1664 2525 1759 2578; x_wconf 73' lang='grc' dir='ltr'><strong>καὶ</strong></span> 
     </span>
    </p>
   </div>
   <div class='ocr_carea' id='block_1_17' title="bbox 181 2614 1758 2698">
    <p class='ocr_par' dir='ltr' id='par_1_17' title="bbox 181 2614 1758 2698">
     <span class='ocr_line' id='line_1_17' title="bbox 181 2614 1758 2698; baseline -0.01 -17"><span class='ocrx_word' id='word_1_65' title='bbox 181 2628 420 2698; x_wconf 85' lang='grc' dir='ltr'>τιμῶσιν</span> <span class='ocrx_word' id='word_1_66' title='bbox 453 2625 619 2692; x_wconf 75' lang='grc' dir='ltr'>αὐτὴν</span> <span class='ocrx_word' id='word_1_67' title='bbox 653 2624 744 2674; x_wconf 77' lang='grc' dir='ltr'><strong>καὶ</strong></span> <span class='ocrx_word' id='word_1_68' title='bbox 778 2620 1132 2683; x_wconf 78' lang='grc' dir='ltr'>ἀσπάζονται,</span> <span class='ocrx_word' id='word_1_69' title='bbox 1165 2618 1335 2686; x_wconf 79' lang='grc' dir='ltr'>καλὴν</span> <span class='ocrx_word' id='word_1_70' title='bbox 1362 2614 1614 2668; x_wconf 77' lang='grc' dir='ltr'>ἐντεῦθεν</span> <span class='ocrx_word' id='word_1_71' title='bbox 1655 2618 1758 2685; x_wconf 82' lang='grc' dir='ltr'><strong>ὲμ-</strong></span> 
     </span>
    </p>
   </div>
   <div class='ocr_carea' id='block_1_18' title="bbox 184 2708 1754 2790">
    <p class='ocr_par' dir='ltr' id='par_1_18' title="bbox 184 2708 1754 2790">
     <span class='ocr_line' id='line_1_18' title="bbox 184 2708 1754 2790; baseline -0.008 -18"><span class='ocrx_word' id='word_1_72' title='bbox 184 2720 390 2790; x_wconf 86' lang='grc' dir='ltr'>πορίαν</span> <span class='ocrx_word' id='word_1_73' title='bbox 468 2716 565 2785; x_wconf 75' lang='grc' dir='ltr'>τὴν</span> <span class='ocrx_word' id='word_1_74' title='bbox 621 2730 727 2766; x_wconf 87' lang='grc' dir='ltr'><strong>των</strong></span> <span class='ocrx_word' id='word_1_75' title='bbox 780 2711 1028 2781; x_wconf 76' lang='grc' dir='ltr'><strong>οὐρανῶν</strong></span> <span class='ocrx_word' id='word_1_76' title='bbox 1076 2710 1353 2780; x_wconf 83' lang='grc' dir='ltr'>βασιλείαν</span> <span class='ocrx_word' id='word_1_77' title='bbox 1405 2708 1754 2777; x_wconf 73' lang='grc' dir='ltr'><strong>ποιούμεναι.</strong></span> 
     </span>
    </p>
   </div>
   <div class='ocr_carea' id='block_1_19' title="bbox 183 2800 1756 2874">
    <p class='ocr_par' dir='ltr' id='par_1_19' title="bbox 183 2800 1756 2874">
     <span class='ocr_line' id='line_1_19' title="bbox 183 2800 1756 2874; baseline -0.008 -11"><span class='ocrx_word' id='word_1_78' title='bbox 183 2814 288 2863; x_wconf 77' lang='grc' dir='ltr'><strong>Διὰ</strong></span> <span class='ocrx_word' id='word_1_79' title='bbox 319 2808 481 2861; x_wconf 80' lang='grc' dir='ltr'>τοῦτο</span> <span class='ocrx_word' id='word_1_80' title='bbox 532 2805 623 2859; x_wconf 73' lang='grc' dir='ltr'><strong>καὶ</strong></span> <span class='ocrx_word' id='word_1_81' title='bbox 667 2805 700 2874; x_wconf 84' lang='grc' dir='ltr'>ἠ</span> <span class='ocrx_word' id='word_1_82' title='bbox 756 2803 1046 2873; x_wconf 83' lang='grc' dir='ltr'>Θαυμαστὴ</span> <span class='ocrx_word' id='word_1_83' title='bbox 1100 2802 1207 2854; x_wconf 86' lang='grc' dir='ltr'><strong>τῶν</strong></span> <span class='ocrx_word' id='word_1_84' title='bbox 1244 2803 1532 2872; x_wconf 76' lang='grc' dir='ltr'>παρθένων</span> <span class='ocrx_word' id='word_1_85' title='bbox 1577 2800 1756 2868; x_wconf 77' lang='grc' dir='ltr'>τριὰς,</span> 
     </span>
    </p>
   </div>
   <div class='ocr_carea' id='block_1_20' title="bbox 185 2891 1759 2967">
    <p class='ocr_par' dir='ltr' id='par_1_20' title="bbox 185 2891 1759 2967">
     <span class='ocr_line' id='line_1_20' title="bbox 185 2891 1759 2967; baseline -0.008 -11"><span class='ocrx_word' id='word_1_86' title='bbox 185 2901 518 2967; x_wconf 78' lang='grc' dir='ltr'>Μηνοδώρα,</span> <span class='ocrx_word' id='word_1_87' title='bbox 559 2898 724 2965; x_wconf 80' lang='grc' dir='ltr'>λέγω,</span> <span class='ocrx_word' id='word_1_88' title='bbox 761 2897 853 2949; x_wconf 76' lang='grc' dir='ltr'><strong>καὶ</strong></span> <span class='ocrx_word' id='word_1_89' title='bbox 885 2893 1235 2964; x_wconf 83' lang='grc' dir='ltr'>Νυμφοδώρα</span> <span class='ocrx_word' id='word_1_90' title='bbox 1269 2895 1364 2948; x_wconf 78' lang='grc' dir='ltr'><strong>καὶ</strong></span> <span class='ocrx_word' id='word_1_91' title='bbox 1396 2891 1759 2962; x_wconf 83' lang='grc' dir='ltr'>Μητροδώρα,</span> 
     </span>
    </p>
   </div>
   <div class='ocr_carea' id='block_1_21' title="bbox 185 2982 1757 3059">
    <p class='ocr_par' dir='ltr' id='par_1_21' title="bbox 185 2982 1757 3059">
     <span class='ocr_line' id='line_1_21' title="bbox 185 2982 1757 3059; baseline -0.01 -12"><span class='ocrx_word' id='word_1_92' title='bbox 185 2995 257 3047; x_wconf 78' lang='grc' dir='ltr'><strong>τά</strong></span> <span class='ocrx_word' id='word_1_93' title='bbox 285 2994 383 3059; x_wconf 74' lang='grc' dir='ltr'><strong>τῆς</strong></span> <span class='ocrx_word' id='word_1_94' title='bbox 420 2987 715 3059; x_wconf 72' lang='grc' dir='ltr'>παρθενίας</span> <span class='ocrx_word' id='word_1_95' title='bbox 745 2987 819 3048; x_wconf 85' lang='grc' dir='ltr'>ὡς</span> <span class='ocrx_word' id='word_1_96' title='bbox 863 2983 1078 3054; x_wconf 83' lang='grc' dir='ltr'>ἀληθῶς</span> <span class='ocrx_word' id='word_1_97' title='bbox 1104 2982 1254 3051; x_wconf 85' lang='grc' dir='ltr'>δῶρα</span> <span class='ocrx_word' id='word_1_98' title='bbox 1281 2983 1375 3033; x_wconf 72' lang='grc' dir='ltr'><strong>καὶ</strong></span> <span class='ocrx_word' id='word_1_99' title='bbox 1407 2982 1757 3050; x_wconf 71' lang='grc' dir='ltr'>ἀναθήματα,</span> 
     </span>
    </p>
   </div>
   <div class='ocr_carea' id='block_1_22' title="bbox 189 3073 1756 3155">
    <p class='ocr_par' dir='ltr' id='par_1_22' title="bbox 189 3073 1756 3155">
     <span class='ocr_line' id='line_1_22' title="bbox 189 3073 1756 3155; baseline -0.011 -16"><span class='ocrx_word' id='word_1_100' title='bbox 189 3085 489 3155; x_wconf 75' lang='grc' dir='ltr'><strong>προθύμως</strong></span> <span class='ocrx_word' id='word_1_101' title='bbox 519 3082 610 3134; x_wconf 79' lang='grc' dir='ltr'><strong>ἐπὶ</strong></span> <span class='ocrx_word' id='word_1_102' title='bbox 638 3079 795 3132; x_wconf 77' lang='grc' dir='ltr'>τοῦτο</span> <span class='ocrx_word' id='word_1_103' title='bbox 825 3074 988 3148; x_wconf 78' lang='grc' dir='ltr'>ἦλθον</span> <span class='ocrx_word' id='word_1_104' title='bbox 1015 3076 1110 3129; x_wconf 73' lang='grc' dir='ltr'>καὶ</span> <span class='ocrx_word' id='word_1_105' title='bbox 1139 3076 1233 3126; x_wconf 76' lang='grc' dir='ltr'><strong>σὺν</strong></span> <span class='ocrx_word' id='word_1_106' title='bbox 1263 3075 1420 3144; x_wconf 74' lang='grc' dir='ltr'>ἡδονῇ</span> <span class='ocrx_word' id='word_1_107' title='bbox 1453 3073 1512 3123; x_wconf 73' lang='grc' dir='ltr'>τὸ</span> <span class='ocrx_word' id='word_1_108' title='bbox 1547 3073 1756 3142; x_wconf 78' lang='grc' dir='ltr'>κέρδος,</span> 
     </span>
    </p>
   </div>
   <div class='ocr_carea' id='block_1_23' title="bbox 188 3161 1760 3241">
    <p class='ocr_par' dir='ltr' id='par_1_23' title="bbox 188 3161 1760 3241">
     <span class='ocr_line' id='line_1_23' title="bbox 188 3161 1760 3241; baseline -0.008 -15"><span class='ocrx_word' id='word_1_109' title='bbox 188 3177 286 3227; x_wconf 72' lang='grc' dir='ltr'><strong>καὶ</strong></span> <span class='ocrx_word' id='word_1_110' title='bbox 319 3175 410 3223; x_wconf 75' lang='grc' dir='ltr'><strong>τον</strong></span> <span class='ocrx_word' id='word_1_111' title='bbox 442 3172 670 3222; x_wconf 87' lang='grc' dir='ltr'>θάνατον</span> <span class='ocrx_word' id='word_1_112' title='bbox 720 3167 1074 3234; x_wconf 78' lang='grc' dir='ltr'>ἀνδρειότατα</span> <span class='ocrx_word' id='word_1_113' title='bbox 1109 3166 1335 3226; x_wconf 67' lang='grc' dir='ltr'>εἴλοντο,</span> <span class='ocrx_word' id='word_1_114' title='bbox 1380 3164 1440 3216; x_wconf 87' lang='grc' dir='ltr'>οὑ</span> <span class='ocrx_word' id='word_1_115' title='bbox 1472 3162 1625 3241; x_wconf 72' lang='grc' dir='ltr'>παρὰ</span> <span class='ocrx_word' id='word_1_116' title='bbox 1667 3161 1760 3215; x_wconf 84' lang='grc' dir='ltr'>τὸν</span> 
     </span>
    </p>
   </div>
   <div class='ocr_carea' id='block_1_24' title="bbox 183 3256 1761 3338">
    <p class='ocr_par' dir='ltr' id='par_1_24' title="bbox 183 3256 1761 3338">
     <span class='ocr_line' id='line_1_24' title="bbox 183 3256 1761 3338; baseline -0.008 -18"><span class='ocrx_word' id='word_1_117' title='bbox 183 3267 325 3338; x_wconf 74' lang='grc' dir='ltr'>ᾇδην</span> <span class='ocrx_word' id='word_1_118' title='bbox 358 3263 526 3324; x_wconf 72' lang='grc' dir='ltr'>αὑτὰς</span> <span class='ocrx_word' id='word_1_119' title='bbox 560 3260 890 3327; x_wconf 74' lang='grc' dir='ltr'>κατάγοντα,</span> <span class='ocrx_word' id='word_1_120' title='bbox 919 3256 1076 3325; x_wconf 81' lang='grc' dir='ltr'>οἵπερ</span> <span class='ocrx_word' id='word_1_121' title='bbox 1114 3258 1176 3320; x_wconf 75' lang='grc' dir='ltr'>δὴ</span> <span class='ocrx_word' id='word_1_122' title='bbox 1228 3258 1323 3308; x_wconf 71' lang='grc' dir='ltr'><strong>καὶ</strong></span> <span class='ocrx_word' id='word_1_123' title='bbox 1377 3256 1604 3308; x_wconf 86' lang='grc' dir='ltr'>θανάτου</span> <span class='ocrx_word' id='word_1_124' title='bbox 1634 3256 1761 3325; x_wconf 82' lang='grc' dir='ltr'>τρό-</span> 
     </span>
    </p>
   </div>
   <div class='ocr_carea' id='block_1_25' title="bbox 188 3347 1756 3424">
    <p class='ocr_par' dir='ltr' id='par_1_25' title="bbox 188 3347 1756 3424">
     <span class='ocr_line' id='line_1_25' title="bbox 188 3347 1756 3424; baseline -0.011 -9"><span class='ocrx_word' id='word_1_125' title='bbox 188 3379 296 3424; x_wconf 86' lang='grc' dir='ltr'><strong>πος</strong></span> <span class='ocrx_word' id='word_1_126' title='bbox 331 3358 500 3420; x_wconf 68' lang='grc' dir='ltr'>ἐστὶν,</span> <span class='ocrx_word' id='word_1_127' title='bbox 553 3355 689 3409; x_wconf 72' lang='grc' dir='ltr'>ἀλλὰ</span> <span class='ocrx_word' id='word_1_128' title='bbox 739 3354 875 3423; x_wconf 69' lang='grc' dir='ltr'>πρὸς</span> <span class='ocrx_word' id='word_1_129' title='bbox 912 3353 1035 3414; x_wconf 78' lang='grc' dir='ltr'>τοὺς</span> <span class='ocrx_word' id='word_1_130' title='bbox 1090 3349 1392 3412; x_wconf 83' lang='grc' dir='ltr'>ἀθανάτους</span> <span class='ocrx_word' id='word_1_131' title='bbox 1434 3347 1756 3417; x_wconf 80' lang='grc' dir='ltr'>νυμφῶνας,</span> 
     </span>
    </p>
   </div>
   <div class='ocr_carea' id='block_1_26' title="bbox 187 3441 1759 3523">
    <p class='ocr_par' dir='ltr' id='par_1_26' title="bbox 187 3441 1759 3523">
     <span class='ocr_line' id='line_1_26' title="bbox 187 3441 1759 3523; baseline -0.01 -17"><span class='ocrx_word' id='word_1_132' title='bbox 187 3454 330 3523; x_wconf 80' lang='grc' dir='ltr'>πρὸς</span> <span class='ocrx_word' id='word_1_133' title='bbox 354 3454 452 3513; x_wconf 77' lang='grc' dir='ltr'>τὰς</span> <span class='ocrx_word' id='word_1_134' title='bbox 487 3448 762 3509; x_wconf 79' lang='grc' dir='ltr'>παστάδας</span> <span class='ocrx_word' id='word_1_135' title='bbox 794 3447 891 3507; x_wconf 75' lang='grc' dir='ltr'>τὰς</span> <span class='ocrx_word' id='word_1_136' title='bbox 926 3443 1100 3515; x_wconf 76' lang='grc' dir='ltr'>ἱερὰς,</span> <span class='ocrx_word' id='word_1_137' title='bbox 1132 3441 1264 3512; x_wconf 72' lang='grc' dir='ltr'>πρὸς</span> <span class='ocrx_word' id='word_1_138' title='bbox 1298 3441 1454 3495; x_wconf 63' lang='grc' dir='ltr'>αὑτὸν</span> <span class='ocrx_word' id='word_1_139' title='bbox 1493 3441 1583 3492; x_wconf 80' lang='grc' dir='ltr'><strong>τὸν</strong></span> <span class='ocrx_word' id='word_1_140' title='bbox 1631 3457 1759 3509; x_wconf 77' lang='grc' dir='ltr'>φαι-</span> 
     </span>
    </p>
   </div>
   <div class='ocr_carea' id='block_1_27' title="bbox 182 3534 1648 3616">
    <p class='ocr_par' dir='ltr' id='par_1_27' title="bbox 182 3534 1648 3616">
     <span class='ocr_line' id='line_1_27' title="bbox 182 3534 1648 3616; baseline -0.009 -17"><span class='ocrx_word' id='word_1_141' title='bbox 182 3546 317 3616; x_wconf 74' lang='grc' dir='ltr'>δρὸν</span> <span class='ocrx_word' id='word_1_142' title='bbox 347 3541 580 3610; x_wconf 66' lang='grc' dir='ltr'>νυμφίον</span> <span class='ocrx_word' id='word_1_143' title='bbox 603 3539 839 3609; x_wconf 73' lang='grc' dir='ltr'>Χριστὸν</span> <span class='ocrx_word' id='word_1_144' title='bbox 865 3537 1143 3604; x_wconf 79' lang='grc' dir='ltr'>θυμότατα</span> <span class='ocrx_word' id='word_1_145' title='bbox 1182 3534 1648 3602; x_wconf 78' lang='grc' dir='ltr'>παραπέμποντα.</span> 
     </span>
    </p>
   </div>
   <div class='ocr_carea' id='block_1_28' title="bbox 264 3625 1759 3700">
    <p class='ocr_par' dir='ltr' id='par_1_28' title="bbox 264 3625 1759 3700">
     <span class='ocr_line' id='line_1_28' title="bbox 264 3625 1759 3700; baseline -0.01 -12"><span class='ocrx_word' id='word_1_146' title='bbox 264 3635 340 3687; x_wconf 86' lang='grc' dir='ltr'><strong>Β⁹.</strong></span> <span class='ocrx_word' id='word_1_147' title='bbox 380 3634 726 3700; x_wconf 65' lang='grc' dir='ltr'>Ἐτράφησαν</span> <span class='ocrx_word' id='word_1_148' title='bbox 774 3631 871 3696; x_wconf 78' lang='grc' dir='ltr'><strong>μὲν</strong></span> <span class='ocrx_word' id='word_1_149' title='bbox 899 3628 1009 3695; x_wconf 82' lang='grc' dir='ltr'>γάρ</span> <span class='ocrx_word' id='word_1_150' title='bbox 1043 3627 1097 3677; x_wconf 80' lang='grc' dir='ltr'><strong>ἐν</strong></span> <span class='ocrx_word' id='word_1_151' title='bbox 1142 3628 1206 3693; x_wconf 82' lang='grc' dir='ltr'>τῇ</span> <span class='ocrx_word' id='word_1_152' title='bbox 1256 3625 1495 3676; x_wconf 86' lang='grc' dir='ltr'>Βιουνῶν</span> <span class='ocrx_word' id='word_1_153' title='bbox 1547 3625 1759 3691; x_wconf 84' lang='grc' dir='ltr'>σωφρὸ-</span> 
     </span>
    </p>
   </div>
   <div class='ocr_carea' id='block_1_29' title="bbox 186 3713 1757 3792">
    <p class='ocr_par' dir='ltr' id='par_1_29' title="bbox 186 3713 1757 3792">
     <span class='ocr_line' id='line_1_29' title="bbox 186 3713 1757 3792; baseline -0.011 -11"><span class='ocrx_word' id='word_1_154' title='bbox 186 3744 300 3788; x_wconf 87' lang='grc' dir='ltr'><strong>νως</strong></span> <span class='ocrx_word' id='word_1_155' title='bbox 343 3721 401 3777; x_wconf 80' lang='grc' dir='ltr'>εὖ</span> <span class='ocrx_word' id='word_1_156' title='bbox 457 3722 598 3792; x_wconf 78' lang='grc' dir='ltr'>μάλα</span> <span class='ocrx_word' id='word_1_157' title='bbox 649 3721 741 3771; x_wconf 70' lang='grc' dir='ltr'><strong>καὶ</strong></span> <span class='ocrx_word' id='word_1_158' title='bbox 770 3718 1093 3787; x_wconf 76' lang='grc' dir='ltr'><strong>ἐλευθερίως</strong></span> <span class='ocrx_word' id='word_1_159' title='bbox 1123 3715 1283 3785; x_wconf 69' lang='grc' dir='ltr'>(αὕτη</span> <span class='ocrx_word' id='word_1_160' title='bbox 1322 3716 1429 3784; x_wconf 76' lang='grc' dir='ltr'>γὰρ</span> <span class='ocrx_word' id='word_1_161' title='bbox 1458 3715 1599 3766; x_wconf 86' lang='grc' dir='ltr'><strong>κατὰ</strong></span> <span class='ocrx_word' id='word_1_162' title='bbox 1631 3713 1757 3775; x_wconf 80' lang='grc' dir='ltr'>τοὺς</span> 
     </span>
    </p>
   </div>
   <div class='ocr_carea' id='block_1_30' title="bbox 186 3803 1760 3884">
    <p class='ocr_par' dir='ltr' id='par_1_30' title="bbox 186 3803 1760 3884">
     <span class='ocr_line' id='line_1_30' title="bbox 186 3803 1760 3884; baseline -0.011 -12"><span class='ocrx_word' id='word_1_163' title='bbox 186 3817 435 3884; x_wconf 83' lang='grc' dir='ltr'><strong>εὐγενεῖς</strong></span> <span class='ocrx_word' id='word_1_164' title='bbox 463 3813 687 3873; x_wconf 80' lang='grc' dir='ltr'>κλάδους</span> <span class='ocrx_word' id='word_1_165' title='bbox 713 3811 908 3880; x_wconf 75' lang='grc' dir='ltr'>ἤνεγκε</span> <span class='ocrx_word' id='word_1_166' title='bbox 935 3808 1034 3869; x_wconf 73' lang='grc' dir='ltr'>τὰς</span> <span class='ocrx_word' id='word_1_167' title='bbox 1065 3805 1418 3874; x_wconf 78' lang='grc' dir='ltr'>παρθένους),</span> <span class='ocrx_word' id='word_1_168' title='bbox 1448 3805 1670 3873; x_wconf 84' lang='grc' dir='ltr'>χάριτες</span> <span class='ocrx_word' id='word_1_169' title='bbox 1703 3803 1760 3855; x_wconf 76' lang='grc' dir='ltr'>δὲ</span> 
     </span>
    </p>
   </div>
   <div class='ocr_carea' id='block_1_31' title="bbox 187 3893 1762 3973">
    <p class='ocr_par' dir='ltr' id='par_1_31' title="bbox 187 3893 1762 3973">
     <span class='ocr_line' id='line_1_31' title="bbox 187 3893 1762 3973; baseline -0.01 -13"><span class='ocrx_word' id='word_1_170' title='bbox 187 3907 364 3967; x_wconf 82' lang='grc' dir='ltr'>αὑτὰς</span> <span class='ocrx_word' id='word_1_171' title='bbox 388 3903 714 3973; x_wconf 72' lang='grc' dir='ltr'>παρθενικαὶ</span> <span class='ocrx_word' id='word_1_172' title='bbox 748 3897 1120 3969; x_wconf 84' lang='grc' dir='ltr'>περιίσταντο)</span> <span class='ocrx_word' id='word_1_173' title='bbox 1147 3913 1162 3927; x_wconf 70' lang='grc' dir='ltr'><strong>ο</strong></span> <span class='ocrx_word' id='word_1_174' title='bbox 1197 3894 1547 3948; x_wconf 76' lang='grc' dir='ltr'>συνανέτελλε</span> <span class='ocrx_word' id='word_1_175' title='bbox 1583 3894 1638 3946; x_wconf 82' lang='grc' dir='ltr'><strong>δὲ</strong></span> <span class='ocrx_word' id='word_1_176' title='bbox 1670 3893 1762 3945; x_wconf 75' lang='grc' dir='ltr'>καὶ</span> 
     </span>
    </p>
   </div>
   <div class='ocr_carea' id='block_1_32' title="bbox 185 3982 1760 4059">
    <p class='ocr_par' dir='ltr' id='par_1_32' title="bbox 185 3982 1760 4059">
     <span class='ocr_line' id='line_1_32' title="bbox 185 3982 1760 4059; baseline -0.01 -11"><span class='ocrx_word' id='word_1_177' title='bbox 185 3999 250 4049; x_wconf 85' lang='grc' dir='ltr'><strong>τὸ</strong></span> <span class='ocrx_word' id='word_1_178' title='bbox 279 3997 368 4047; x_wconf 80' lang='grc' dir='ltr'>ἐπὶ</span> <span class='ocrx_word' id='word_1_179' title='bbox 398 3995 490 4045; x_wconf 77' lang='grc' dir='ltr'>τοῦ</span> <span class='ocrx_word' id='word_1_180' title='bbox 522 3992 816 4059; x_wconf 82' lang='grc' dir='ltr'>προσώπου</span> <span class='ocrx_word' id='word_1_181' title='bbox 846 3989 1028 4053; x_wconf 79' lang='grc' dir='ltr'>ἄνθος,</span> <span class='ocrx_word' id='word_1_182' title='bbox 1059 3987 1152 4038; x_wconf 72' lang='grc' dir='ltr'><strong>καὶ</strong></span> <span class='ocrx_word' id='word_1_183' title='bbox 1175 3986 1232 4037; x_wconf 85' lang='grc' dir='ltr'><strong>τὸ</strong></span> <span class='ocrx_word' id='word_1_184' title='bbox 1253 3986 1344 4035; x_wconf 70' lang='grc' dir='ltr'><strong>ἐπὶ</strong></span> <span class='ocrx_word' id='word_1_185' title='bbox 1376 3985 1482 4035; x_wconf 88' lang='grc' dir='ltr'><strong>τῶν</strong></span> <span class='ocrx_word' id='word_1_186' title='bbox 1517 3982 1760 4052; x_wconf 81' lang='grc' dir='ltr'>παρειῶν</span> 
     </span>
    </p>
   </div>
   <div class='ocr_carea' id='block_1_33' title="bbox 186 4073 1762 4159">
    <p class='ocr_par' dir='ltr' id='par_1_33' title="bbox 186 4073 1762 4159">
     <span class='ocr_line' id='line_1_33' title="bbox 186 4073 1762 4159; baseline -0.01 -19"><span class='ocrx_word' id='word_1_187' title='bbox 186 4086 464 4159; x_wconf 72' lang='grc' dir='ltr'>ἐρύθημα.</span> <span class='ocrx_word' id='word_1_188' title='bbox 525 4081 893 4151; x_wconf 78' lang='grc' dir='ltr'>Φαιδροτάτην</span> <span class='ocrx_word' id='word_1_189' title='bbox 939 4079 1032 4148; x_wconf 80' lang='grc' dir='ltr'><strong>μὲν</strong></span> <span class='ocrx_word' id='word_1_190' title='bbox 1070 4078 1176 4145; x_wconf 84' lang='grc' dir='ltr'><strong>γὰρ</strong></span> <span class='ocrx_word' id='word_1_191' title='bbox 1224 4076 1326 4144; x_wconf 80' lang='grc' dir='ltr'><strong>τὴν</strong></span> <span class='ocrx_word' id='word_1_192' title='bbox 1379 4075 1508 4128; x_wconf 81' lang='grc' dir='ltr'>θέαν</span> <span class='ocrx_word' id='word_1_193' title='bbox 1571 4073 1762 4143; x_wconf 78' lang='grc' dir='ltr'>παρεί-</span> 
     </span>
    </p>
   </div>
   <div class='ocr_carea' id='block_1_34' title="bbox 187 4165 1760 4252">
    <p class='ocr_par' dir='ltr' id='par_1_34' title="bbox 187 4165 1760 4252">
     <span class='ocr_line' id='line_1_34' title="bbox 187 4165 1760 4252; baseline -0.011 -20"><span class='ocrx_word' id='word_1_194' title='bbox 187 4195 374 4252; x_wconf 81' lang='grc' dir='ltr'>χοντο,</span> <span class='ocrx_word' id='word_1_195' title='bbox 404 4177 497 4228; x_wconf 76' lang='grc' dir='ltr'><strong>καὶ</strong></span> <span class='ocrx_word' id='word_1_196' title='bbox 533 4173 619 4226; x_wconf 76' lang='grc' dir='ltr'><strong>διὰ</strong></span> <span class='ocrx_word' id='word_1_197' title='bbox 658 4173 754 4242; x_wconf 81' lang='grc' dir='ltr'>τῆς</span> <span class='ocrx_word' id='word_1_198' title='bbox 789 4169 884 4223; x_wconf 81' lang='grc' dir='ltr'>τοῦ</span> <span class='ocrx_word' id='word_1_199' title='bbox 933 4167 1181 4238; x_wconf 80' lang='grc' dir='ltr'>σώματος</span> <span class='ocrx_word' id='word_1_200' title='bbox 1222 4166 1394 4239; x_wconf 84' lang='grc' dir='ltr'>ὥρας,</span> <span class='ocrx_word' id='word_1_201' title='bbox 1433 4168 1470 4235; x_wconf 65' lang='grc' dir='ltr'>ἠ,</span> <span class='ocrx_word' id='word_1_202' title='bbox 1514 4165 1760 4232; x_wconf 82' lang='grc' dir='ltr'>εὐγένεια</span> 
     </span>
    </p>
   </div>
   <div class='ocr_carea' id='block_1_35' title="bbox 187 4258 1759 4345">
    <p class='ocr_par' dir='ltr' id='par_1_35' title="bbox 187 4258 1759 4345">
     <span class='ocr_line' id='line_1_35' title="bbox 187 4258 1759 4345; baseline -0.013 -18"><span class='ocrx_word' id='word_1_203' title='bbox 187 4276 291 4345; x_wconf 84' lang='grc' dir='ltr'>τῆς</span> <span class='ocrx_word' id='word_1_204' title='bbox 331 4272 508 4340; x_wconf 74' lang='grc' dir='ltr'>ψυχῆς</span> <span class='ocrx_word' id='word_1_205' title='bbox 534 4269 721 4328; x_wconf 73' lang='grc' dir='ltr'>αὑταῖς</span> <span class='ocrx_word' id='word_1_206' title='bbox 755 4265 937 4334; x_wconf 72' lang='grc' dir='ltr'>ἠρέμα</span> <span class='ocrx_word' id='word_1_207' title='bbox 964 4261 1275 4327; x_wconf 74' lang='grc' dir='ltr'>ὐπαύγαζε,</span> <span class='ocrx_word' id='word_1_208' title='bbox 1306 4262 1396 4312; x_wconf 69' lang='grc' dir='ltr'><strong>καὶ</strong></span> <span class='ocrx_word' id='word_1_209' title='bbox 1415 4258 1759 4328; x_wconf 80' lang='grc' dir='ltr'>ἀπεριέργως</span> 
     </span>
    </p>
   </div>
   <div class='ocr_carea' id='block_1_36' title="bbox 187 4347 1760 4436">
    <p class='ocr_par' dir='ltr' id='par_1_36' title="bbox 187 4347 1760 4436">
     <span class='ocr_line' id='line_1_36' title="bbox 187 4347 1760 4436; baseline -0.017 -15"><span class='ocrx_word' id='word_1_210' title='bbox 187 4363 338 4436; x_wconf 73' lang='grc' dir='ltr'>ἦσαν</span> <span class='ocrx_word' id='word_1_211' title='bbox 367 4362 547 4415; x_wconf 84' lang='grc' dir='ltr'>καλαί.</span> <span class='ocrx_word' id='word_1_212' title='bbox 584 4359 739 4410; x_wconf 83' lang='grc' dir='ltr'>Κατὰ</span> <span class='ocrx_word' id='word_1_213' title='bbox 765 4356 936 4424; x_wconf 69' lang='grc' dir='ltr'>βραχὺ</span> <span class='ocrx_word' id='word_1_214' title='bbox 960 4354 1014 4404; x_wconf 79' lang='grc' dir='ltr'><strong>δὲ</strong></span> <span class='ocrx_word' id='word_1_215' title='bbox 1051 4354 1244 4412; x_wconf 79' lang='grc' dir='ltr'>αὑταῖς</span> <span class='ocrx_word' id='word_1_216' title='bbox 1273 4349 1562 4418; x_wconf 80' lang='grc' dir='ltr'>ἀνέτρεχεν</span> <span class='ocrx_word' id='word_1_217' title='bbox 1586 4347 1619 4415; x_wconf 81' lang='grc' dir='ltr'><strong>ἡ</strong></span> <span class='ocrx_word' id='word_1_218' title='bbox 1644 4347 1760 4414; x_wconf 83' lang='grc' dir='ltr'>ἡλι-</span> 
     </span>
    </p>
   </div>
   <div class='ocr_carea' id='block_1_37' title="bbox 187 4438 1760 4522">
    <p class='ocr_par' dir='ltr' id='par_1_37' title="bbox 187 4438 1760 4522">
     <span class='ocr_line' id='line_1_37' title="bbox 187 4438 1760 4522; baseline -0.012 -11"><span class='ocrx_word' id='word_1_219' title='bbox 187 4461 313 4520; x_wconf 85' lang='grc' dir='ltr'>κία,</span> <span class='ocrx_word' id='word_1_220' title='bbox 343 4457 436 4508; x_wconf 76' lang='grc' dir='ltr'><strong>καὶ</strong></span> <span class='ocrx_word' id='word_1_221' title='bbox 471 4450 768 4522; x_wconf 81' lang='grc' dir='ltr'>παρθενίας</span> <span class='ocrx_word' id='word_1_222' title='bbox 795 4447 1022 4517; x_wconf 80' lang='grc' dir='ltr'>ὲρῶσαι,</span> <span class='ocrx_word' id='word_1_223' title='bbox 1049 4444 1145 4511; x_wconf 84' lang='grc' dir='ltr'>τὴν</span> <span class='ocrx_word' id='word_1_224' title='bbox 1172 4443 1280 4495; x_wconf 87' lang='grc' dir='ltr'><strong>τῶν</strong></span> <span class='ocrx_word' id='word_1_225' title='bbox 1312 4440 1519 4510; x_wconf 84' lang='grc' dir='ltr'>ἀνδρῶν</span> <span class='ocrx_word' id='word_1_226' title='bbox 1543 4438 1760 4508; x_wconf 81' lang='grc' dir='ltr'>ὁμιλίαν</span> 
     </span>
    </p>
   </div>
   <div class='ocr_carea' id='block_1_38' title="bbox 189 4523 1760 4614">
    <p class='ocr_par' dir='ltr' id='par_1_38' title="bbox 189 4523 1760 4614">
     <span class='ocr_line' id='line_1_38' title="bbox 189 4523 1760 4614; baseline -0.011 -16"><span class='ocrx_word' id='word_1_227' title='bbox 189 4548 454 4614; x_wconf 72' lang='grc' dir='ltr'>ἔφευγον,</span> <span class='ocrx_word' id='word_1_228' title='bbox 503 4523 596 4592; x_wconf 72' lang='grc' dir='ltr'><strong>καὶ</strong></span> <span class='ocrx_word' id='word_1_229' title='bbox 638 4540 735 4608; x_wconf 79' lang='grc' dir='ltr'>τὴν</span> <span class='ocrx_word' id='word_1_230' title='bbox 788 4537 1024 4604; x_wconf 68' lang='grc' dir='ltr'>ἐρημίαν</span> <span class='ocrx_word' id='word_1_231' title='bbox 1077 4534 1325 4584; x_wconf 77' lang='grc' dir='ltr'>ἐπόθουν.</span> <span class='ocrx_word' id='word_1_232' title='bbox 1379 4531 1475 4583; x_wconf 81' lang='grc' dir='ltr'><strong>Διὰ</strong></span> <span class='ocrx_word' id='word_1_233' title='bbox 1527 4529 1760 4598; x_wconf 66' lang='grc' dir='ltr'>Χριστὸν</span> 
     </span>
    </p>
   </div>
   <div class='ocr_carea' id='block_1_39' title="bbox 189 4622 1759 4700">
    <p class='ocr_par' dir='ltr' id='par_1_39' title="bbox 189 4622 1759 4700">
     <span class='ocr_line' id='line_1_39' title="bbox 189 4622 1759 4700; baseline -0.011 -9"><span class='ocrx_word' id='word_1_234' title='bbox 189 4640 376 4692; x_wconf 82' lang='grc' dir='ltr'>τοίνυν</span> <span class='ocrx_word' id='word_1_235' title='bbox 406 4633 506 4700; x_wconf 82' lang='grc' dir='ltr'>τὴν</span> <span class='ocrx_word' id='word_1_236' title='bbox 560 4631 934 4697; x_wconf 77' lang='grc' dir='ltr'>ἐνεγκαμένην</span> <span class='ocrx_word' id='word_1_237' title='bbox 986 4624 1349 4677; x_wconf 83' lang='grc' dir='ltr'>ἀπολιποῦσαι</span> <span class='ocrx_word' id='word_1_238' title='bbox 1401 4622 1759 4688; x_wconf 73' lang='grc' dir='ltr'>καταλαμϐά-</span> 
     </span>
    </p>
   </div>
   <div class='ocr_carea' id='block_1_40' title="bbox 190 4712 1760 4796">
    <p class='ocr_par' dir='ltr' id='par_1_40' title="bbox 190 4712 1760 4796">
     <span class='ocr_line' id='line_1_40' title="bbox 190 4712 1760 4796; baseline -0.028 -11"><span class='ocrx_word' id='word_1_239' title='bbox 190 4747 346 4785; x_wconf 83' lang='grc' dir='ltr'>νουσι</span> <span class='ocrx_word' id='word_1_240' title='bbox 378 4723 650 4796; x_wconf 71' lang='grc' dir='ltr'>γεώλοφον</span> <span class='ocrx_word' id='word_1_241' title='bbox 698 4738 750 4774; x_wconf 89' lang='grc' dir='ltr'><strong>τι</strong></span> <span class='ocrx_word' id='word_1_242' title='bbox 779 4719 886 4773; x_wconf 88' lang='grc' dir='ltr'><strong>τῶν</strong></span> <span class='ocrx_word' id='word_1_243' title='bbox 931 4717 1141 4770; x_wconf 84' lang='grc' dir='ltr'>Πυθίων</span> <span class='ocrx_word' id='word_1_244' title='bbox 1187 4714 1404 4786; x_wconf 77' lang='grc' dir='ltr'>θερμῶν</span> <span class='ocrx_word' id='word_1_245' title='bbox 1438 4715 1498 4768; x_wconf 62' lang='grc' dir='ltr'>οὐ</span> <span class='ocrx_word' id='word_1_246' title='bbox 1549 4712 1760 4786; x_wconf 54' lang='grc' dir='ltr'>πόρρω,</span> 
     </span>
    </p>
   </div>
   <div class='ocr_carea' id='block_1_41' title="bbox 191 4806 1762 4891">
    <p class='ocr_par' dir='ltr' id='par_1_41' title="bbox 191 4806 1762 4891">
     <span class='ocr_line' id='line_1_41' title="bbox 191 4806 1762 4891; baseline -0.015 -12"><span class='ocrx_word' id='word_1_247' title='bbox 191 4825 293 4880; x_wconf 69' lang='grc' dir='ltr'><strong>καὶ</strong></span> <span class='ocrx_word' id='word_1_248' title='bbox 327 4817 653 4891; x_wconf 73' lang='grc' dir='ltr'>σωφροσύνῃ</span> <span class='ocrx_word' id='word_1_249' title='bbox 681 4832 740 4867; x_wconf 90' lang='grc' dir='ltr'><strong>τε</strong></span> <span class='ocrx_word' id='word_1_250' title='bbox 766 4815 822 4882; x_wconf 63' lang='grc' dir='ltr'><strong>εν</strong></span> <span class='ocrx_word' id='word_1_251' title='bbox 854 4811 1002 4879; x_wconf 83' lang='grc' dir='ltr'>αὑτῴ</span> <span class='ocrx_word' id='word_1_252' title='bbox 1036 4809 1227 4871; x_wconf 75' lang='grc' dir='ltr'>διέζων</span> <span class='ocrx_word' id='word_1_253' title='bbox 1252 4807 1346 4860; x_wconf 76' lang='grc' dir='ltr'>καὶ</span> <span class='ocrx_word' id='word_1_254' title='bbox 1380 4808 1505 4875; x_wconf 82' lang='grc' dir='ltr'>περὶ</span> <span class='ocrx_word' id='word_1_255' title='bbox 1543 4806 1639 4876; x_wconf 82' lang='grc' dir='ltr'><strong>τὴν</strong></span> <span class='ocrx_word' id='word_1_256' title='bbox 1668 4806 1762 4858; x_wconf 64' lang='grc' dir='ltr'><strong>ἄλη</strong></span> 
     </span>
    </p>
   </div>
   <div class='ocr_carea' id='block_1_42' title="bbox 189 4897 1762 4982">
    <p class='ocr_par' dir='ltr' id='par_1_42' title="bbox 189 4897 1762 4982">
     <span class='ocr_line' id='line_1_42' title="bbox 189 4897 1762 4982; baseline -0.012 -18"><span class='ocrx_word' id='word_1_257' title='bbox 189 4917 293 4982; x_wconf 71' lang='grc' dir='ltr'>ὶην</span> <span class='ocrx_word' id='word_1_258' title='bbox 317 4913 412 4980; x_wconf 79' lang='grc' dir='ltr'>τῆς</span> <span class='ocrx_word' id='word_1_259' title='bbox 440 4909 639 4980; x_wconf 81' lang='grc' dir='ltr'>ἀρετῆς</span> <span class='ocrx_word' id='word_1_260' title='bbox 662 4906 894 4972; x_wconf 81' lang='grc' dir='ltr'>ἄσκησιν</span> <span class='ocrx_word' id='word_1_261' title='bbox 925 4901 1225 4969; x_wconf 72' lang='grc' dir='ltr'>φιλοπόνως</span> <span class='ocrx_word' id='word_1_262' title='bbox 1246 4897 1526 4947; x_wconf 81' lang='grc' dir='ltr'>διέκειντο.</span> <span class='ocrx_word' id='word_1_263' title='bbox 1571 4897 1762 4964; x_wconf 76' lang='grc' dir='ltr'>Χρόνῳ</span> 
     </span>
    </p>
   </div>
   <div class='ocr_carea' id='block_1_43' title="bbox 1932 2334 3435 2404">
    <p class='ocr_par' dir='ltr' id='par_1_43' title="bbox 1932 2334 3435 2404">
     <span class='ocr_line' id='line_1_43' title="bbox 1932 2334 3435 2404; baseline 0.003 -15"><span class='ocrx_word' id='word_1_264' title='bbox 1932 2337 1973 2389; x_wconf 92' lang='grc'>1.</span> <span class='ocrx_word' id='word_1_265' title='bbox 2008 2337 2118 2389; x_wconf 66' lang='lat' dir='ltr'><strong>Nec</strong></span> <span class='ocrx_word' id='word_1_266' title='bbox 2185 2335 2501 2389; x_wconf 80' lang='lat' dir='ltr'><strong>mulieribus</strong></span> <span class='ocrx_word' id='word_1_267' title='bbox 2565 2334 2805 2404; x_wconf 86' lang='lat' dir='ltr'><strong>quidem,</strong></span> <span class='ocrx_word' id='word_1_268' title='bbox 2845 2348 2948 2388; x_wconf 90' lang='lat' dir='ltr'><strong>nec</strong></span> <span class='ocrx_word' id='word_1_269' title='bbox 2971 2334 3163 2403; x_wconf 81' lang='lat' dir='ltr'><strong>puellis</strong></span> <span class='ocrx_word' id='word_1_270' title='bbox 3190 2336 3435 2393; x_wconf 87' lang='lat' dir='ltr'><strong>clausum</strong></span> 
     </span>
    </p>
   </div>
   <div class='ocr_carea' id='block_1_44' title="bbox 1861 2425 3436 2499">
    <p class='ocr_par' dir='ltr' id='par_1_44' title="bbox 1861 2425 3436 2499">
     <span class='ocr_line' id='line_1_44' title="bbox 1861 2425 3436 2499; baseline 0.002 -14"><span class='ocrx_word' id='word_1_271' title='bbox 1861 2439 1943 2485; x_wconf 87' lang='lat' dir='ltr'><strong>cst</strong></span> <span class='ocrx_word' id='word_1_272' title='bbox 1974 2429 2209 2484; x_wconf 80' lang='lat' dir='ltr'><strong>stadium</strong></span> <span class='ocrx_word' id='word_1_273' title='bbox 2258 2427 2500 2499; x_wconf 74' lang='lat' dir='ltr'><strong>martyrii</strong></span> <span class='ocrx_word' id='word_1_274' title='bbox 2557 2445 2570 2482; x_wconf 90' lang='lat'>:</span> <span class='ocrx_word' id='word_1_275' title='bbox 2622 2425 2715 2482; x_wconf 88' lang='lat' dir='ltr'><strong>sed</strong></span> <span class='ocrx_word' id='word_1_276' title='bbox 2749 2431 2804 2482; x_wconf 85' lang='lat' dir='ltr'><strong>et</strong></span> <span class='ocrx_word' id='word_1_277' title='bbox 2857 2441 2934 2482; x_wconf 68' lang='lat' dir='ltr'><strong>ea:</strong></span> <span class='ocrx_word' id='word_1_278' title='bbox 2965 2437 3194 2487; x_wconf 86' lang='lat' dir='ltr'><strong>mortem</strong></span> <span class='ocrx_word' id='word_1_279' title='bbox 3250 2443 3436 2488; x_wconf 89' lang='lat' dir='ltr'><strong>conte-</strong></span> 
     </span>
    </p>
   </div>
   <div class='ocr_carea' id='block_1_45' title="bbox 1863 2521 3435 2594">
    <p class='ocr_par' dir='ltr' id='par_1_45' title="bbox 1863 2521 3435 2594">
     <span class='ocr_line' id='line_1_45' title="bbox 1863 2521 3435 2594; baseline 0.001 -18"><span class='ocrx_word' id='word_1_280' title='bbox 1863 2531 2074 2585; x_wconf 91' lang='lat' dir='ltr'><strong>mnunt,</strong></span> <span class='ocrx_word' id='word_1_281' title='bbox 2100 2533 2154 2576; x_wconf 90' lang='lat' dir='ltr'><strong>et</strong></span> <span class='ocrx_word' id='word_1_282' title='bbox 2175 2523 2456 2575; x_wconf 83' lang='lat' dir='ltr'><strong>decessum</strong></span> <span class='ocrx_word' id='word_1_283' title='bbox 2479 2521 2679 2575; x_wconf 87' lang='lat' dir='ltr'><strong>habent</strong></span> <span class='ocrx_word' id='word_1_284' title='bbox 2696 2536 2789 2590; x_wconf 90' lang='lat' dir='ltr'><strong>pro</strong></span> <span class='ocrx_word' id='word_1_285' title='bbox 2807 2521 2933 2576; x_wconf 92' lang='lat' dir='ltr'><strong>ludo</strong></span> <span class='ocrx_word' id='word_1_286' title='bbox 2959 2540 2970 2576; x_wconf 93' lang='lat'><strong>:</strong></span> <span class='ocrx_word' id='word_1_287' title='bbox 2993 2522 3098 2577; x_wconf 91' lang='lat' dir='ltr'><strong>imo</strong></span> <span class='ocrx_word' id='word_1_288' title='bbox 3117 2539 3241 2578; x_wconf 89' lang='lat' dir='ltr'><strong>vero</strong></span> <span class='ocrx_word' id='word_1_289' title='bbox 3258 2524 3435 2594; x_wconf 85' lang='lat' dir='ltr'><strong>ipsum</strong></span> 
     </span>
    </p>
   </div>
   <div class='ocr_carea' id='block_1_46' title="bbox 1864 2615 3439 2686">
    <p class='ocr_par' dir='ltr' id='par_1_46' title="bbox 1864 2615 3439 2686">
     <span class='ocr_line' id='line_1_46' title="bbox 1864 2615 3439 2686; baseline 0.002 -16"><span class='ocrx_word' id='word_1_290' title='bbox 1864 2615 2136 2670; x_wconf 85' lang='lat' dir='ltr'><strong>honorant</strong></span> <span class='ocrx_word' id='word_1_291' title='bbox 2167 2625 2221 2668; x_wconf 94' lang='lat' dir='ltr'><strong>et</strong></span> <span class='ocrx_word' id='word_1_292' title='bbox 2259 2616 2680 2684; x_wconf 88' lang='lat' dir='ltr'><strong>amplectuntur,</strong></span> <span class='ocrx_word' id='word_1_293' title='bbox 2705 2628 2854 2668; x_wconf 80' lang='lat' dir='ltr'><strong>exeo</strong></span> <span class='ocrx_word' id='word_1_294' title='bbox 2883 2616 3138 2686; x_wconf 89' lang='lat' dir='ltr'><strong>pulchras</strong></span> <span class='ocrx_word' id='word_1_295' title='bbox 3171 2619 3272 2672; x_wconf 86' lang='lat' dir='ltr'><strong>sibi</strong></span> <span class='ocrx_word' id='word_1_296' title='bbox 3295 2635 3439 2673; x_wconf 86' lang='lat' dir='ltr'><strong>mer-</strong></span> 
     </span>
    </p>
   </div>
   <div class='ocr_carea' id='block_1_47' title="bbox 1861 2707 3436 2780">
    <p class='ocr_par' dir='ltr' id='par_1_47' title="bbox 1861 2707 3436 2780">
     <span class='ocr_line' id='line_1_47' title="bbox 1861 2707 3436 2780; baseline 0.004 -22"><span class='ocrx_word' id='word_1_297' title='bbox 1861 2722 1953 2760; x_wconf 88' lang='lat' dir='ltr'><strong>ces</strong></span> <span class='ocrx_word' id='word_1_298' title='bbox 1986 2715 2385 2774; x_wconf 78' lang='lat' dir='ltr'><strong>comparantes,</strong></span> <span class='ocrx_word' id='word_1_299' title='bbox 2413 2722 2608 2776; x_wconf 82' lang='lat' dir='ltr'><strong>nempe</strong></span> <span class='ocrx_word' id='word_1_300' title='bbox 2633 2721 2860 2776; x_wconf 80' lang='lat' dir='ltr'><strong>regnum</strong></span> <span class='ocrx_word' id='word_1_301' title='bbox 2879 2708 3161 2762; x_wconf 67' lang='lat' dir='ltr'><strong>malorum.</strong></span> <span class='ocrx_word' id='word_1_302' title='bbox 3184 2707 3436 2780; x_wconf 84' lang='lat' dir='ltr'><strong>Propter-</strong></span> 
     </span>
    </p>
   </div>
   <div class='ocr_carea' id='block_1_48' title="bbox 1873 2798 3433 2870">
    <p class='ocr_par' dir='ltr' id='par_1_48' title="bbox 1873 2798 3433 2870">
     <span class='ocr_line' id='line_1_48' title="bbox 1873 2798 3433 2870; baseline 0.003 -19"><span class='ocrx_word' id='word_1_303' title='bbox 1873 2813 1934 2851; x_wconf 92' lang='lat' dir='ltr'><strong>ea</strong></span> <span class='ocrx_word' id='word_1_304' title='bbox 1976 2798 2311 2851; x_wconf 79' lang='lat' dir='ltr'><strong>admirabilis</strong></span> <span class='ocrx_word' id='word_1_305' title='bbox 2343 2813 2557 2866; x_wconf 90' lang='lat' dir='ltr'><strong>quoque</strong></span> <span class='ocrx_word' id='word_1_306' title='bbox 2613 2798 2826 2853; x_wconf 85' lang='lat' dir='ltr'><strong>trinitas</strong></span> <span class='ocrx_word' id='word_1_307' title='bbox 2877 2809 3195 2870; x_wconf 77' lang='lat' dir='ltr'><strong>martyrum.</strong></span> <span class='ocrx_word' id='word_1_308' title='bbox 3238 2810 3292 2855; x_wconf 92' lang='lat' dir='ltr'><strong>et</strong></span> <span class='ocrx_word' id='word_1_309' title='bbox 3323 2802 3433 2856; x_wconf 88' lang='lat' dir='ltr'><strong>vir-</strong></span> 
     </span>
    </p>
   </div>
   <div class='ocr_carea' id='block_1_49' title="bbox 1862 2890 3440 2962">
    <p class='ocr_par' dir='ltr' id='par_1_49' title="bbox 1862 2890 3440 2962">
     <span class='ocr_line' id='line_1_49' title="bbox 1862 2890 3440 2962; baseline 0.004 -20"><span class='ocrx_word' id='word_1_310' title='bbox 1862 2891 2066 2957; x_wconf 83' lang='lat' dir='ltr'><strong>ginum,</strong></span> <span class='ocrx_word' id='word_1_311' title='bbox 2127 2890 2440 2953; x_wconf 77' lang='lat' dir='ltr'><strong>Menodora,</strong></span> <span class='ocrx_word' id='word_1_312' title='bbox 2503 2892 2758 2959; x_wconf 90' lang='lat' dir='ltr'><strong>inquam,</strong></span> <span class='ocrx_word' id='word_1_313' title='bbox 2812 2901 2866 2945; x_wconf 90' lang='lat' dir='ltr'><strong>et</strong></span> <span class='ocrx_word' id='word_1_314' title='bbox 2934 2891 3312 2962; x_wconf 82' lang='lat' dir='ltr'><strong>Nymphodora</strong></span> <span class='ocrx_word' id='word_1_315' title='bbox 3387 2907 3440 2948; x_wconf 81' lang='lat' dir='ltr'><strong>et</strong></span> 
     </span>
    </p>
   </div>
   <div class='ocr_carea' id='block_1_50' title="bbox 1861 2980 3434 3053">
    <p class='ocr_par' dir='ltr' id='par_1_50' title="bbox 1861 2980 3434 3053">
     <span class='ocr_line' id='line_1_50' title="bbox 1861 2980 3434 3053; baseline 0.003 -21"><span class='ocrx_word' id='word_1_316' title='bbox 1861 2980 2192 3038; x_wconf 63' lang='lat' dir='ltr'><strong>Metrodore.</strong></span> <span class='ocrx_word' id='word_1_317' title='bbox 2284 2997 2404 3049; x_wconf 77' lang='lat' dir='ltr'><strong>qua:</strong></span> <span class='ocrx_word' id='word_1_318' title='bbox 2480 2997 2608 3035; x_wconf 84' lang='lat' dir='ltr'><strong>vere</strong></span> <span class='ocrx_word' id='word_1_319' title='bbox 2669 2989 2829 3035; x_wconf 87' lang='lat' dir='ltr'><strong>erant</strong></span> <span class='ocrx_word' id='word_1_320' title='bbox 2902 2981 3041 3036; x_wconf 90' lang='lat' dir='ltr'><strong>dona</strong></span> <span class='ocrx_word' id='word_1_321' title='bbox 3112 2983 3434 3053; x_wconf 78' lang='lat' dir='ltr'><strong>viginitatis,</strong></span> 
     </span>
    </p>
   </div>
   <div class='ocr_carea' id='block_1_51' title="bbox 1862 3074 3436 3142">
    <p class='ocr_par' dir='ltr' id='par_1_51' title="bbox 1862 3074 3436 3142">
     <span class='ocr_line' id='line_1_51' title="bbox 1862 3074 3436 3142; baseline 0.003 -18"><span class='ocrx_word' id='word_1_322' title='bbox 1862 3085 2112 3142; x_wconf 83' lang='lat' dir='ltr'><strong>prompto</strong></span> <span class='ocrx_word' id='word_1_323' title='bbox 2141 3087 2192 3128; x_wconf 90' lang='lat' dir='ltr'><strong>et</strong></span> <span class='ocrx_word' id='word_1_324' title='bbox 2245 3074 2407 3127; x_wconf 90' lang='lat' dir='ltr'><strong>alacri</strong></span> <span class='ocrx_word' id='word_1_325' title='bbox 2440 3074 2623 3127; x_wconf 88' lang='lat' dir='ltr'><strong>animo</strong></span> <span class='ocrx_word' id='word_1_326' title='bbox 2679 3074 2744 3128; x_wconf 89' lang='lat' dir='ltr'><strong>ad</strong></span> <span class='ocrx_word' id='word_1_327' title='bbox 2772 3075 2874 3129; x_wconf 93' lang='lat' dir='ltr'><strong>hoc</strong></span> <span class='ocrx_word' id='word_1_328' title='bbox 2909 3084 3195 3140; x_wconf 90' lang='lat' dir='ltr'><strong>venerunt,</strong></span> <span class='ocrx_word' id='word_1_329' title='bbox 3231 3087 3286 3131; x_wconf 89' lang='lat' dir='ltr'><strong>et</strong></span> <span class='ocrx_word' id='word_1_330' title='bbox 3312 3092 3436 3131; x_wconf 91' lang='lat' dir='ltr'><strong>cum</strong></span> 
     </span>
    </p>
   </div>
   <div class='ocr_carea' id='block_1_52' title="bbox 1862 3163 3441 3237">
    <p class='ocr_par' dir='ltr' id='par_1_52' title="bbox 1862 3163 3441 3237">
     <span class='ocr_line' id='line_1_52' title="bbox 1862 3163 3441 3237; baseline 0.004 -22"><span class='ocrx_word' id='word_1_331' title='bbox 1862 3163 2134 3231; x_wconf 88' lang='lat' dir='ltr'><strong>voluptate</strong></span> <span class='ocrx_word' id='word_1_332' title='bbox 2158 3175 2387 3218; x_wconf 89' lang='lat' dir='ltr'><strong>mortem</strong></span> <span class='ocrx_word' id='word_1_333' title='bbox 2445 3173 2799 3232; x_wconf 89' lang='lat' dir='ltr'><strong>susceperunt</strong></span> <span class='ocrx_word' id='word_1_334' title='bbox 2851 3165 3166 3231; x_wconf 77' lang='lat' dir='ltr'><strong>fortissime,</strong></span> <span class='ocrx_word' id='word_1_335' title='bbox 3199 3184 3441 3237; x_wconf 67' lang='lat' dir='ltr'><strong>nonqua</strong></span> 
     </span>
    </p>
   </div>
   <div class='ocr_carea' id='block_1_53' title="bbox 1862 3254 3441 3328">
    <p class='ocr_par' dir='ltr' id='par_1_53' title="bbox 1862 3254 3441 3328">
     <span class='ocr_line' id='line_1_53' title="bbox 1862 3254 3441 3328; baseline 0.003 -19"><span class='ocrx_word' id='word_1_336' title='bbox 1862 3257 1925 3309; x_wconf 90' lang='lat' dir='ltr'><strong>ad</strong></span> <span class='ocrx_word' id='word_1_337' title='bbox 1953 3255 2156 3310; x_wconf 79' lang='lat' dir='ltr'><strong>inferos</strong></span> <span class='ocrx_word' id='word_1_338' title='bbox 2185 3257 2425 3321; x_wconf 88' lang='lat' dir='ltr'><strong>deducit,</strong></span> <span class='ocrx_word' id='word_1_339' title='bbox 2455 3266 2514 3310; x_wconf 91' lang='lat' dir='ltr'><strong>ut</strong></span> <span class='ocrx_word' id='word_1_340' title='bbox 2538 3271 2683 3311; x_wconf 92' lang='lat' dir='ltr'><strong>mors</strong></span> <span class='ocrx_word' id='word_1_341' title='bbox 2708 3257 2846 3312; x_wconf 84' lang='lat' dir='ltr'><strong>solet</strong></span> <span class='ocrx_word' id='word_1_342' title='bbox 2876 3258 3166 3328; x_wconf 89' lang='lat' dir='ltr'><strong>impiorum</strong></span> <span class='ocrx_word' id='word_1_343' title='bbox 3204 3276 3217 3312; x_wconf 88' lang='lat'><strong>:</strong></span> <span class='ocrx_word' id='word_1_344' title='bbox 3251 3261 3344 3314; x_wconf 90' lang='lat' dir='ltr'><strong>sed</strong></span> <span class='ocrx_word' id='word_1_345' title='bbox 3373 3254 3441 3314; x_wconf 83' lang='lat' dir='ltr'><strong>ad</strong></span> 
     </span>
    </p>
   </div>
   <div class='ocr_carea' id='block_1_54' title="bbox 1860 3347 3438 3419">
    <p class='ocr_par' dir='ltr' id='par_1_54' title="bbox 1860 3347 3438 3419">
     <span class='ocr_line' id='line_1_54' title="bbox 1860 3347 3438 3419; baseline 0.006 -23"><span class='ocrx_word' id='word_1_346' title='bbox 1860 3352 2093 3398; x_wconf 63' lang='lat' dir='ltr'><strong>¢aeternos</strong></span> <span class='ocrx_word' id='word_1_347' title='bbox 2124 3347 2391 3401; x_wconf 85' lang='lat' dir='ltr'><strong>thalamos</strong></span> <span class='ocrx_word' id='word_1_348' title='bbox 2418 3355 2472 3401; x_wconf 85' lang='lat' dir='ltr'><strong>et</strong></span> <span class='ocrx_word' id='word_1_349' title='bbox 2510 3363 2694 3402; x_wconf 87' lang='lat' dir='ltr'><strong>sacros</strong></span> <span class='ocrx_word' id='word_1_350' title='bbox 2755 3349 3024 3416; x_wconf 81' lang='lat' dir='ltr'><strong>porticus,</strong></span> <span class='ocrx_word' id='word_1_351' title='bbox 3057 3351 3122 3403; x_wconf 91' lang='lat' dir='ltr'><strong>ad</strong></span> <span class='ocrx_word' id='word_1_352' title='bbox 3176 3361 3229 3403; x_wconf 89' lang='lat' dir='ltr'><strong>et</strong></span> <span class='ocrx_word' id='word_1_353' title='bbox 3264 3353 3438 3419; x_wconf 85' lang='lat' dir='ltr'><strong>ipsum</strong></span> 
     </span>
    </p>
   </div>
   <div class='ocr_carea' id='block_1_55' title="bbox 1859 3434 3429 3505">
    <p class='ocr_par' dir='ltr' id='par_1_55' title="bbox 1859 3434 3429 3505">
     <span class='ocr_line' id='line_1_55' title="bbox 1859 3434 3429 3505; baseline 0.004 -19"><span class='ocrx_word' id='word_1_354' title='bbox 1859 3434 2156 3503; x_wconf 83' lang='lat' dir='ltr'><strong>jucundum</strong></span> <span class='ocrx_word' id='word_1_355' title='bbox 2190 3452 2446 3505; x_wconf 84' lang='lat' dir='ltr'><strong>sponsum</strong></span> <span class='ocrx_word' id='word_1_356' title='bbox 2481 3437 2757 3492; x_wconf 88' lang='lat' dir='ltr'><strong>Christum</strong></span> <span class='ocrx_word' id='word_1_357' title='bbox 2801 3439 3116 3493; x_wconf 86' lang='lat' dir='ltr'><strong>transmittit</strong></span> <span class='ocrx_word' id='word_1_358' title='bbox 3160 3440 3429 3495; x_wconf 78' lang='lat' dir='ltr'><strong>alacriter.</strong></span> 
     </span>
    </p>
   </div>
   <div class='ocr_carea' id='block_1_56' title="bbox 1934 3631 3442 3703">
    <p class='ocr_par' dir='ltr' id='par_1_56' title="bbox 1934 3631 3442 3703">
     <span class='ocr_line' id='line_1_56' title="bbox 1934 3631 3442 3703; baseline 0.003 -20"><span class='ocrx_word' id='word_1_359' title='bbox 1934 3632 2006 3684; x_wconf 91' lang='lat' dir='ltr'><strong>ll.</strong></span> <span class='ocrx_word' id='word_1_360' title='bbox 2037 3631 2211 3700; x_wconf 78' lang='lat' dir='ltr'><strong>Atque</strong></span> <span class='ocrx_word' id='word_1_361' title='bbox 2255 3633 2498 3687; x_wconf 87' lang='lat' dir='ltr'><strong>modeste</strong></span> <span class='ocrx_word' id='word_1_362' title='bbox 2548 3632 2765 3703; x_wconf 86' lang='lat' dir='ltr'><strong>quidem</strong></span> <span class='ocrx_word' id='word_1_363' title='bbox 2798 3643 2853 3687; x_wconf 90' lang='lat' dir='ltr'><strong>et</strong></span> <span class='ocrx_word' id='word_1_364' title='bbox 2898 3633 3191 3689; x_wconf 85' lang='lat' dir='ltr'><strong>liberaliter</strong></span> <span class='ocrx_word' id='word_1_365' title='bbox 3224 3634 3442 3689; x_wconf 78' lang='lat' dir='ltr'><strong>fuerunt</strong></span> 
     </span>
    </p>
   </div>
   <div class='ocr_carea' id='block_1_57' title="bbox 1862 3719 3442 3795">
    <p class='ocr_par' dir='ltr' id='par_1_57' title="bbox 1862 3719 3442 3795">
     <span class='ocr_line' id='line_1_57' title="bbox 1862 3719 3442 3795; baseline 0.006 -23"><span class='ocrx_word' id='word_1_366' title='bbox 1862 3719 2102 3773; x_wconf 74' lang='lat' dir='ltr'><strong>educata:</strong></span> <span class='ocrx_word' id='word_1_367' title='bbox 2144 3723 2194 3773; x_wconf 94' lang='lat' dir='ltr'><strong>in</strong></span> <span class='ocrx_word' id='word_1_368' title='bbox 2249 3723 2494 3791; x_wconf 75' lang='lat' dir='ltr'><strong>Bithynia</strong></span> <span class='ocrx_word' id='word_1_369' title='bbox 2532 3724 2626 3790; x_wconf 89' lang='lat' dir='ltr'><strong>(ea</strong></span> <span class='ocrx_word' id='word_1_370' title='bbox 2665 3725 2808 3777; x_wconf 92' lang='lat' dir='ltr'><strong>enim</strong></span> <span class='ocrx_word' id='word_1_371' title='bbox 2841 3733 3094 3793; x_wconf 88' lang='lat' dir='ltr'><strong>tanquam</strong></span> <span class='ocrx_word' id='word_1_372' title='bbox 3147 3741 3442 3795; x_wconf 80' lang='lat' dir='ltr'><strong>generosos</strong></span> 
     </span>
    </p>
   </div>
   <div class='ocr_carea' id='block_1_58' title="bbox 1863 3812 3443 3885">
    <p class='ocr_par' dir='ltr' id='par_1_58' title="bbox 1863 3812 3443 3885">
     <span class='ocr_line' id='line_1_58' title="bbox 1863 3812 3443 3885; baseline 0.003 -19"><span class='ocrx_word' id='word_1_373' title='bbox 1863 3812 2068 3879; x_wconf 82' lang='lat' dir='ltr'><strong>aliquot</strong></span> <span class='ocrx_word' id='word_1_374' title='bbox 2091 3828 2271 3869; x_wconf 85' lang='lat' dir='ltr'><strong>ramos</strong></span> <span class='ocrx_word' id='word_1_375' title='bbox 2306 3815 2405 3868; x_wconf 91' lang='lat' dir='ltr'><strong>has</strong></span> <span class='ocrx_word' id='word_1_376' title='bbox 2433 3815 2554 3868; x_wconf 83' lang='lat' dir='ltr'><strong>tulit</strong></span> <span class='ocrx_word' id='word_1_377' title='bbox 2586 3816 2864 3885; x_wconf 77' lang='lat' dir='ltr'><strong>virgines),</strong></span> <span class='ocrx_word' id='word_1_378' title='bbox 2892 3827 2946 3869; x_wconf 86' lang='lat' dir='ltr'><strong>et</strong></span> <span class='ocrx_word' id='word_1_379' title='bbox 2972 3832 3064 3870; x_wconf 88' lang='lat' dir='ltr'><strong>eas</strong></span> <span class='ocrx_word' id='word_1_380' title='bbox 3085 3817 3443 3871; x_wconf 85' lang='lat' dir='ltr'><strong>circumvola-</strong></span> 
     </span>
    </p>
   </div>
   <div class='ocr_carea' id='block_1_59' title="bbox 1862 3902 3442 3972">
    <p class='ocr_par' dir='ltr' id='par_1_59' title="bbox 1862 3902 3442 3972">
     <span class='ocr_line' id='line_1_59' title="bbox 1862 3902 3442 3972; baseline 0.002 -19"><span class='ocrx_word' id='word_1_381' title='bbox 1862 3911 1990 3954; x_wconf 92' lang='lat' dir='ltr'><strong>runt</strong></span> <span class='ocrx_word' id='word_1_382' title='bbox 2016 3904 2198 3970; x_wconf 82' lang='lat' dir='ltr'><strong>gratiae</strong></span> <span class='ocrx_word' id='word_1_383' title='bbox 2251 3902 2576 3972; x_wconf 70' lang='lat' dir='ltr'><strong>virginitatis</strong></span> <span class='ocrx_word' id='word_1_384' title='bbox 2611 3920 2625 3957; x_wconf 84' lang='lat'>:</span> <span class='ocrx_word' id='word_1_385' title='bbox 2655 3903 2816 3957; x_wconf 91' lang='lat' dir='ltr'><strong>simul</strong></span> <span class='ocrx_word' id='word_1_386' title='bbox 2866 3915 3048 3957; x_wconf 87' lang='lat' dir='ltr'><strong>autem</strong></span> <span class='ocrx_word' id='word_1_387' title='bbox 3101 3915 3320 3958; x_wconf 84' lang='lat' dir='ltr'><strong>exortus</strong></span> <span class='ocrx_word' id='word_1_388' title='bbox 3359 3915 3442 3959; x_wconf 80' lang='lat' dir='ltr'><strong>est</strong></span> 
     </span>
    </p>
   </div>
   <div class='ocr_carea' id='block_1_60' title="bbox 1864 3991 3442 4066">
    <p class='ocr_par' dir='ltr' id='par_1_60' title="bbox 1864 3991 3442 4066">
     <span class='ocr_line' id='line_1_60' title="bbox 1864 3991 3442 4066; baseline 0.001 -23"><span class='ocrx_word' id='word_1_389' title='bbox 1864 3991 2026 4043; x_wconf 88' lang='lat' dir='ltr'><strong>etiam</strong></span> <span class='ocrx_word' id='word_1_390' title='bbox 2080 3992 2179 4044; x_wconf 83' lang='lat' dir='ltr'><strong>llos</strong></span> <span class='ocrx_word' id='word_1_391' title='bbox 2216 3994 2267 4044; x_wconf 91' lang='lat' dir='ltr'><strong>in</strong></span> <span class='ocrx_word' id='word_1_392' title='bbox 2302 3993 2474 4066; x_wconf 76' lang='lat' dir='ltr'><strong>vultu.</strong></span> <span class='ocrx_word' id='word_1_393' title='bbox 2545 4005 2599 4046; x_wconf 87' lang='lat' dir='ltr'><strong>et</strong></span> <span class='ocrx_word' id='word_1_394' title='bbox 2640 3995 2806 4047; x_wconf 88' lang='lat' dir='ltr'><strong>rubor</strong></span> <span class='ocrx_word' id='word_1_395' title='bbox 2861 3998 2912 4046; x_wconf 92' lang='lat' dir='ltr'><strong>in</strong></span> <span class='ocrx_word' id='word_1_396' title='bbox 2963 3994 3136 4063; x_wconf 82' lang='lat' dir='ltr'><strong>genis.</strong></span> <span class='ocrx_word' id='word_1_397' title='bbox 3230 3991 3363 4047; x_wconf 81' lang='lat' dir='ltr'><strong>Nam</strong></span> <span class='ocrx_word' id='word_1_398' title='bbox 3388 4003 3442 4045; x_wconf 82' lang='lat' dir='ltr'><strong>et</strong></span> 
     </span>
    </p>
   </div>
   <div class='ocr_carea' id='block_1_61' title="bbox 1862 4078 3440 4152">
    <p class='ocr_par' dir='ltr' id='par_1_61' title="bbox 1862 4078 3440 4152">
     <span class='ocr_line' id='line_1_61' title="bbox 1862 4078 3440 4152; baseline 0 -19"><span class='ocrx_word' id='word_1_399' title='bbox 1862 4078 2318 4150; x_wconf 72' lang='lat' dir='ltr'><strong>iucundissimum</strong></span> <span class='ocrx_word' id='word_1_400' title='bbox 2389 4081 2722 4138; x_wconf 74' lang='lat' dir='ltr'><strong>exhibebant</strong></span> <span class='ocrx_word' id='word_1_401' title='bbox 2775 4085 3172 4149; x_wconf 87' lang='lat' dir='ltr'><strong>spectaculum.</strong></span> <span class='ocrx_word' id='word_1_402' title='bbox 3228 4092 3284 4137; x_wconf 85' lang='lat' dir='ltr'><strong>et</strong></span> <span class='ocrx_word' id='word_1_403' title='bbox 3344 4097 3440 4152; x_wconf 86' lang='lat' dir='ltr'><strong>per</strong></span> 
     </span>
    </p>
   </div>
   <div class='ocr_carea' id='block_1_62' title="bbox 1867 4172 3440 4242">
    <p class='ocr_par' dir='ltr' id='par_1_62' title="bbox 1867 4172 3440 4242">
     <span class='ocr_line' id='line_1_62' title="bbox 1867 4172 3440 4242; baseline -0.001 -17"><span class='ocrx_word' id='word_1_404' title='bbox 1867 4173 2105 4240; x_wconf 81' lang='lat' dir='ltr'><strong>Speciem</strong></span> <span class='ocrx_word' id='word_1_405' title='bbox 2155 4173 2399 4242; x_wconf 89' lang='lat' dir='ltr'><strong>corporis</strong></span> <span class='ocrx_word' id='word_1_406' title='bbox 2438 4173 2632 4227; x_wconf 73' lang='lat' dir='ltr'><strong>anima:</strong></span> <span class='ocrx_word' id='word_1_407' title='bbox 2692 4172 2941 4227; x_wconf 88' lang='lat' dir='ltr'><strong>nobilitas</strong></span> <span class='ocrx_word' id='word_1_408' title='bbox 3005 4172 3210 4226; x_wconf 89' lang='lat' dir='ltr'><strong>sensim</strong></span> <span class='ocrx_word' id='word_1_409' title='bbox 3247 4174 3300 4226; x_wconf 91' lang='lat' dir='ltr'><strong>in</strong></span> <span class='ocrx_word' id='word_1_410' title='bbox 3359 4173 3440 4226; x_wconf 88' lang='lat' dir='ltr'><strong>eis</strong></span> 
     </span>
    </p>
   </div>
   <div class='ocr_carea' id='block_1_63' title="bbox 1866 4261 3435 4330">
    <p class='ocr_par' dir='ltr' id='par_1_63' title="bbox 1866 4261 3435 4330">
     <span class='ocr_line' id='line_1_63' title="bbox 1866 4261 3435 4330; baseline 0.002 -14"><span class='ocrx_word' id='word_1_411' title='bbox 1866 4261 2138 4316; x_wconf 86' lang='lat' dir='ltr'><strong>relucebat</strong></span> <span class='ocrx_word' id='word_1_412' title='bbox 2168 4281 2178 4315; x_wconf 93' lang='lat'><strong>:</strong></span> <span class='ocrx_word' id='word_1_413' title='bbox 2209 4273 2263 4315; x_wconf 91' lang='lat' dir='ltr'><strong>et</strong></span> <span class='ocrx_word' id='word_1_414' title='bbox 2339 4274 2493 4316; x_wconf 89' lang='lat' dir='ltr'><strong>erant</strong></span> <span class='ocrx_word' id='word_1_415' title='bbox 2530 4265 2769 4330; x_wconf 77' lang='lat' dir='ltr'><strong>pulchrae</strong></span> <span class='ocrx_word' id='word_1_416' title='bbox 2824 4265 2957 4315; x_wconf 85' lang='lat' dir='ltr'><strong>citra</strong></span> <span class='ocrx_word' id='word_1_417' title='bbox 3017 4263 3387 4317; x_wconf 87' lang='lat' dir='ltr'><strong>curiositatem</strong></span> <span class='ocrx_word' id='word_1_418' title='bbox 3422 4304 3435 4319; x_wconf 92' lang='lat'><em>.</em></span> 
     </span>
    </p>
   </div>
   <div class='ocr_carea' id='block_1_64' title="bbox 1864 4351 3439 4417">
    <p class='ocr_par' dir='ltr' id='par_1_64' title="bbox 1864 4351 3439 4417">
     <span class='ocr_line' id='line_1_64' title="bbox 1864 4351 3439 4417; baseline 0.003 -11"><span class='ocrx_word' id='word_1_419' title='bbox 1864 4351 2130 4406; x_wconf 88' lang='lat' dir='ltr'><strong>Paulatim</strong></span> <span class='ocrx_word' id='word_1_420' title='bbox 2199 4356 2379 4408; x_wconf 75' lang='lat' dir='ltr'><strong>autem</strong></span> <span class='ocrx_word' id='word_1_421' title='bbox 2418 4353 2496 4408; x_wconf 90' lang='lat' dir='ltr'><strong>eis</strong></span> <span class='ocrx_word' id='word_1_422' title='bbox 2537 4354 2861 4407; x_wconf 86' lang='lat' dir='ltr'><strong>exeurrebat</strong></span> <span class='ocrx_word' id='word_1_423' title='bbox 2897 4363 3047 4417; x_wconf 75' lang='lat' dir='ltr'><strong>aetas,</strong></span> <span class='ocrx_word' id='word_1_424' title='bbox 3086 4360 3140 4407; x_wconf 91' lang='lat' dir='ltr'><strong>et</strong></span> <span class='ocrx_word' id='word_1_425' title='bbox 3191 4365 3439 4410; x_wconf 80' lang='lat' dir='ltr'><strong>amantes</strong></span> 
     </span>
    </p>
   </div>
   <div class='ocr_carea' id='block_1_65' title="bbox 1865 4445 3437 4516">
    <p class='ocr_par' dir='ltr' id='par_1_65' title="bbox 1865 4445 3437 4516">
     <span class='ocr_line' id='line_1_65' title="bbox 1865 4445 3437 4516; baseline 0.005 -19"><span class='ocrx_word' id='word_1_426' title='bbox 1865 4445 2228 4516; x_wconf 83' lang='lat' dir='ltr'><strong>virginitatem</strong></span> <span class='ocrx_word' id='word_1_427' title='bbox 2293 4445 2568 4515; x_wconf 79' lang='lat' dir='ltr'><strong>fugiebant</strong></span> <span class='ocrx_word' id='word_1_428' title='bbox 2622 4447 2902 4502; x_wconf 88' lang='lat' dir='ltr'><strong>hominum</strong></span> <span class='ocrx_word' id='word_1_429' title='bbox 2967 4451 3437 4512; x_wconf 77' lang='lat' dir='ltr'><strong>consuetudinem,</strong></span> 
     </span>
    </p>
   </div>
   <div class='ocr_carea' id='block_1_66' title="bbox 1865 4538 3437 4608">
    <p class='ocr_par' dir='ltr' id='par_1_66' title="bbox 1865 4538 3437 4608">
     <span class='ocr_line' id='line_1_66' title="bbox 1865 4538 3437 4608; baseline 0 -15"><span class='ocrx_word' id='word_1_430' title='bbox 1865 4551 1918 4594; x_wconf 84' lang='lat' dir='ltr'><strong>et</strong></span> <span class='ocrx_word' id='word_1_431' title='bbox 1978 4538 2354 4590; x_wconf 83' lang='lat' dir='ltr'><strong>desiderabant</strong></span> <span class='ocrx_word' id='word_1_432' title='bbox 2421 4539 2788 4593; x_wconf 75' lang='lat' dir='ltr'><strong>solitudinem.</strong></span> <span class='ocrx_word' id='word_1_433' title='bbox 2863 4542 3087 4608; x_wconf 75' lang='lat' dir='ltr'><strong>Propter</strong></span> <span class='ocrx_word' id='word_1_434' title='bbox 3161 4541 3437 4596; x_wconf 85' lang='lat' dir='ltr'><strong>Christum</strong></span> 
     </span>
    </p>
   </div>
   <div class='ocr_carea' id='block_1_67' title="bbox 1864 4629 3437 4703">
    <p class='ocr_par' dir='ltr' id='par_1_67' title="bbox 1864 4629 3437 4703">
     <span class='ocr_line' id='line_1_67' title="bbox 1864 4629 3437 4703; baseline 0.002 -19"><span class='ocrx_word' id='word_1_435' title='bbox 1864 4645 2010 4701; x_wconf 82' lang='lat' dir='ltr'><strong>ergo,</strong></span> <span class='ocrx_word' id='word_1_436' title='bbox 2031 4629 2212 4683; x_wconf 88' lang='lat' dir='ltr'><strong>relicta</strong></span> <span class='ocrx_word' id='word_1_437' title='bbox 2239 4643 2356 4697; x_wconf 80' lang='lat' dir='ltr'><strong>quae</strong></span> <span class='ocrx_word' id='word_1_438' title='bbox 2381 4644 2470 4684; x_wconf 89' lang='lat' dir='ltr'><strong>eas</strong></span> <span class='ocrx_word' id='word_1_439' title='bbox 2487 4630 2682 4685; x_wconf 87' lang='lat' dir='ltr'><strong>tulerat</strong></span> <span class='ocrx_word' id='word_1_440' title='bbox 2709 4631 3142 4700; x_wconf 86' lang='lat' dir='ltr'><strong>patria,veniunt</strong></span> <span class='ocrx_word' id='word_1_441' title='bbox 3171 4634 3224 4687; x_wconf 92' lang='lat' dir='ltr'><strong>in</strong></span> <span class='ocrx_word' id='word_1_442' title='bbox 3247 4649 3437 4703; x_wconf 89' lang='lat' dir='ltr'><strong>quem-</strong></span> 
     </span>
    </p>
   </div>
   <div class='ocr_carea' id='block_1_68' title="bbox 1865 4723 3439 4796">
    <p class='ocr_par' dir='ltr' id='par_1_68' title="bbox 1865 4723 3439 4796">
     <span class='ocr_line' id='line_1_68' title="bbox 1865 4723 3439 4796; baseline 0.003 -20"><span class='ocrx_word' id='word_1_443' title='bbox 1865 4723 1986 4778; x_wconf 87' lang='lat' dir='ltr'><strong>dam</strong></span> <span class='ocrx_word' id='word_1_444' title='bbox 2016 4725 2284 4779; x_wconf 88' lang='lat' dir='ltr'><strong>tumulum</strong></span> <span class='ocrx_word' id='word_1_445' title='bbox 2325 4740 2435 4779; x_wconf 88' lang='lat' dir='ltr'><strong>non</strong></span> <span class='ocrx_word' id='word_1_446' title='bbox 2466 4725 2654 4794; x_wconf 87' lang='lat' dir='ltr'><strong>procul</strong></span> <span class='ocrx_word' id='word_1_447' title='bbox 2675 4725 2926 4796; x_wconf 79' lang='lat' dir='ltr'><strong>aPythiis</strong></span> <span class='ocrx_word' id='word_1_448' title='bbox 2955 4728 3201 4792; x_wconf 88' lang='lat' dir='ltr'><strong>thermis,</strong></span> <span class='ocrx_word' id='word_1_449' title='bbox 3221 4737 3277 4780; x_wconf 79' lang='lat' dir='ltr'><strong>et</strong></span> <span class='ocrx_word' id='word_1_450' title='bbox 3300 4736 3439 4780; x_wconf 83' lang='lat' dir='ltr'><strong>tem-</strong></span> 
     </span>
    </p>
   </div>
   <div class='ocr_carea' id='block_1_69' title="bbox 1866 4816 3438 4884">
    <p class='ocr_par' dir='ltr' id='par_1_69' title="bbox 1866 4816 3438 4884">
     <span class='ocr_line' id='line_1_69' title="bbox 1866 4816 3438 4884; baseline 0.003 -16"><span class='ocrx_word' id='word_1_451' title='bbox 1866 4826 2120 4884; x_wconf 88' lang='lat' dir='ltr'><strong>peranter</strong></span> <span class='ocrx_word' id='word_1_452' title='bbox 2178 4818 2232 4870; x_wconf 92' lang='lat' dir='ltr'><strong>in</strong></span> <span class='ocrx_word' id='word_1_453' title='bbox 2299 4831 2364 4870; x_wconf 92' lang='lat' dir='ltr'><strong>eo</strong></span> <span class='ocrx_word' id='word_1_454' title='bbox 2397 4816 2667 4880; x_wconf 78' lang='lat' dir='ltr'><strong>vivebant,</strong></span> <span class='ocrx_word' id='word_1_455' title='bbox 2699 4827 2751 4870; x_wconf 90' lang='lat' dir='ltr'><strong>et</strong></span> <span class='ocrx_word' id='word_1_456' title='bbox 2783 4819 2832 4869; x_wconf 90' lang='lat' dir='ltr'><strong>in</strong></span> <span class='ocrx_word' id='word_1_457' title='bbox 2881 4820 3027 4871; x_wconf 88' lang='lat' dir='ltr'><strong>omni</strong></span> <span class='ocrx_word' id='word_1_458' title='bbox 3089 4821 3190 4872; x_wconf 84' lang='lat' dir='ltr'><strong>alia</strong></span> <span class='ocrx_word' id='word_1_459' title='bbox 3221 4821 3438 4872; x_wconf 78' lang='lat' dir='ltr'><strong>virtutis</strong></span> 
     </span>
    </p>
   </div>
   <div class='ocr_carea' id='block_1_70' title="bbox 1866 4907 3434 4980">
    <p class='ocr_par' dir='ltr' id='par_1_70' title="bbox 1866 4907 3434 4980">
     <span class='ocr_line' id='line_1_70' title="bbox 1866 4907 3434 4980; baseline 0.002 -21"><span class='ocrx_word' id='word_1_460' title='bbox 1866 4909 2250 4960; x_wconf 81' lang='lat' dir='ltr'><strong>exercitatione</strong></span> <span class='ocrx_word' id='word_1_461' title='bbox 2316 4907 2569 4962; x_wconf 71' lang='lat' dir='ltr'><strong>studiosae</strong></span> <span class='ocrx_word' id='word_1_462' title='bbox 2625 4917 2782 4962; x_wconf 87' lang='lat' dir='ltr'><strong>erant</strong></span> <span class='ocrx_word' id='word_1_463' title='bbox 2830 4919 2884 4963; x_wconf 86' lang='lat' dir='ltr'><strong>et</strong></span> <span class='ocrx_word' id='word_1_464' title='bbox 2941 4909 3249 4980; x_wconf 85' lang='lat' dir='ltr'><strong>diligentes.</strong></span> <span class='ocrx_word' id='word_1_465' title='bbox 3298 4911 3434 4965; x_wconf 86' lang='lat' dir='ltr'><strong>Cum</strong></span> 
     </span>
    </p>
   </div>
   <div class='ocr_carea' id='block_1_71' title="bbox 190 4973 1883 5074">
    <p class='ocr_par' dir='ltr' id='par_1_71' title="bbox 190 4973 1883 5066">
     <span class='ocr_line' id='line_1_71' title="bbox 190 4973 1883 5066; baseline -0.014 -8"><span class='ocrx_word' id='word_1_466' title='bbox 190 5005 252 5058; x_wconf 82' lang='grc' dir='ltr'>δὲ</span> <span class='ocrx_word' id='word_1_467' title='bbox 286 5004 467 5054; x_wconf 82' lang='grc' dir='ltr'>πᾶσαν</span> <span class='ocrx_word' id='word_1_468' title='bbox 496 5001 595 5066; x_wconf 81' lang='grc' dir='ltr'><strong>τὴν</strong></span> <span class='ocrx_word' id='word_1_469' title='bbox 626 4996 717 5047; x_wconf 82' lang='grc' dir='ltr'>τοῦ</span> <span class='ocrx_word' id='word_1_470' title='bbox 751 4995 899 5046; x_wconf 86' lang='grc' dir='ltr'>θείου</span> <span class='ocrx_word' id='word_1_471' title='bbox 935 4973 1268 5059; x_wconf 65' lang='grc' dir='ltr'><strong>⁴Πνειὶματος</strong></span> <span class='ocrx_word' id='word_1_472' title='bbox 1326 4988 1753 5056; x_wconf 78' lang='grc' dir='ltr'>εἰσοικισάμεναι</span> <span class='ocrx_word' id='word_1_473' title='bbox 1783 5003 1828 5065; x_wconf 78' lang='lat' dir='ltr'>C</span> <span class='ocrx_word' id='word_1_474' title='bbox 1861 5014 1883 5050; x_wconf 66' lang='grc' dir='ltr'><strong>τι</strong></span> 
     </span>
    </p>
   </div>
   <div class='ocr_carea' id='block_1_72' title="bbox 1861 4973 3438 5074">
    <p class='ocr_par' dir='ltr' id='par_1_72' title="bbox 1861 4998 3438 5074">
     <span class='ocr_line' id='line_1_72' title="bbox 1861 4998 3438 5074; baseline 0.004 -25"><span class='ocrx_word' id='word_1_475' title='bbox 1861 5006 2039 5050; x_wconf 90' lang='lat' dir='ltr'><strong>autem</strong></span> <span class='ocrx_word' id='word_1_476' title='bbox 2062 4998 2385 5067; x_wconf 81' lang='lat' dir='ltr'><strong>procedente</strong></span> <span class='ocrx_word' id='word_1_477' title='bbox 2407 5009 2645 5068; x_wconf 91' lang='lat' dir='ltr'><strong>tempore</strong></span> <span class='ocrx_word' id='word_1_478' title='bbox 2673 5001 3017 5056; x_wconf 85' lang='lat' dir='ltr'><strong>admisissent</strong></span> <span class='ocrx_word' id='word_1_479' title='bbox 3059 5018 3275 5055; x_wconf 86' lang='lat' dir='ltr'><strong>omnem</strong></span> <span class='ocrx_word' id='word_1_480' title='bbox 3323 5019 3438 5074; x_wconf 85' lang='lat' dir='ltr'><strong>gra-</strong></span> 
     </span>
    </p>
   </div>
   <div class='ocr_carea' id='block_1_73' title="bbox 193 5079 1757 5168">
    <p class='ocr_par' dir='ltr' id='par_1_73' title="bbox 193 5079 1757 5168">
     <span class='ocr_line' id='line_1_73' title="bbox 193 5079 1757 5168; baseline -0.015 -16"><span class='ocrx_word' id='word_1_481' title='bbox 193 5097 379 5168; x_wconf 69' lang='grc' dir='ltr'>χάριν,</span> <span class='ocrx_word' id='word_1_482' title='bbox 432 5086 727 5158; x_wconf 74' lang='grc' dir='ltr'>διέλαμπον</span> <span class='ocrx_word' id='word_1_483' title='bbox 785 5100 842 5135; x_wconf 88' lang='grc' dir='ltr'><strong>τε</strong></span> <span class='ocrx_word' id='word_1_484' title='bbox 898 5085 1009 5143; x_wconf 83' lang='grc' dir='ltr'>τοῖς</span> <span class='ocrx_word' id='word_1_485' title='bbox 1060 5081 1245 5142; x_wconf 82' lang='grc' dir='ltr'>καλοῖς</span> <span class='ocrx_word' id='word_1_486' title='bbox 1302 5079 1483 5151; x_wconf 82' lang='grc' dir='ltr'>ἔργοις</span> <span class='ocrx_word' id='word_1_487' title='bbox 1522 5080 1613 5130; x_wconf 68' lang='grc' dir='ltr'><strong>καὶ</strong></span> <span class='ocrx_word' id='word_1_488' title='bbox 1645 5081 1757 5141; x_wconf 81' lang='grc' dir='ltr'>τοῖς</span> 
     </span>
    </p>
   </div>
   <div class='ocr_carea' id='block_1_74' title="bbox 194 5166 1758 5253">
    <p class='ocr_par' dir='ltr' id='par_1_74' title="bbox 194 5166 1758 5253">
     <span class='ocr_line' id='line_1_74' title="bbox 194 5166 1758 5253; baseline -0.01 -18"><span class='ocrx_word' id='word_1_489' title='bbox 194 5166 460 5253; x_wconf 75' lang='grc' dir='ltr'>θαύμασι,</span> <span class='ocrx_word' id='word_1_490' title='bbox 492 5179 588 5231; x_wconf 76' lang='grc' dir='ltr'>καὶ</span> <span class='ocrx_word' id='word_1_491' title='bbox 635 5179 700 5246; x_wconf 82' lang='grc' dir='ltr'>τῇ</span> <span class='ocrx_word' id='word_1_492' title='bbox 750 5171 977 5242; x_wconf 72' lang='grc' dir='ltr'>ἀφθονία</span> <span class='ocrx_word' id='word_1_493' title='bbox 1025 5170 1134 5222; x_wconf 88' lang='grc' dir='ltr'><strong>τῶν</strong></span> <span class='ocrx_word' id='word_1_494' title='bbox 1169 5171 1405 5239; x_wconf 82' lang='grc' dir='ltr'>χαρίτων</span> <span class='ocrx_word' id='word_1_495' title='bbox 1435 5169 1586 5232; x_wconf 73' lang='grc' dir='ltr'>πόλις</span> <span class='ocrx_word' id='word_1_496' title='bbox 1619 5166 1758 5240; x_wconf 79' lang='grc' dir='ltr'>ἦσαν</span> 
     </span>
    </p>
   </div>
   <div class='ocr_carea' id='block_1_75' title="bbox 192 5260 1761 5342">
    <p class='ocr_par' dir='ltr' id='par_1_75' title="bbox 192 5260 1761 5342">
     <span class='ocr_line' id='line_1_75' title="bbox 192 5260 1761 5342; baseline -0.01 -15"><span class='ocrx_word' id='word_1_497' title='bbox 192 5274 416 5342; x_wconf 81' lang='grc' dir='ltr'>ἀληθῶς</span> <span class='ocrx_word' id='word_1_498' title='bbox 468 5269 649 5323; x_wconf 81' lang='grc' dir='ltr'>ἐπάνω</span> <span class='ocrx_word' id='word_1_499' title='bbox 695 5267 856 5336; x_wconf 82' lang='grc' dir='ltr'>ὅρους</span> <span class='ocrx_word' id='word_1_500' title='bbox 890 5263 1142 5331; x_wconf 79' lang='grc' dir='ltr'>κειμένη.</span> <span class='ocrx_word' id='word_1_501' title='bbox 1182 5262 1291 5313; x_wconf 83' lang='grc' dir='ltr'>Καὶ</span> <span class='ocrx_word' id='word_1_502' title='bbox 1342 5260 1427 5312; x_wconf 77' lang='grc' dir='ltr'>διὰ</span> <span class='ocrx_word' id='word_1_503' title='bbox 1460 5260 1617 5312; x_wconf 78' lang='grc' dir='ltr'>τοῦτο</span> <span class='ocrx_word' id='word_1_504' title='bbox 1668 5263 1761 5313; x_wconf 61' lang='grc' dir='ltr'><strong>καὶ¹</strong></span> 
     </span>
    </p>
   </div>
   <div class='ocr_carea' id='block_1_76' title="bbox 192 5351 1762 5433">
    <p class='ocr_par' dir='ltr' id='par_1_76' title="bbox 192 5351 1762 5433">
     <span class='ocr_line' id='line_1_76' title="bbox 192 5351 1762 5433; baseline -0.01 -17"><span class='ocrx_word' id='word_1_505' title='bbox 192 5364 335 5433; x_wconf 69' lang='grc' dir='ltr'>ταχὺ</span> <span class='ocrx_word' id='word_1_506' title='bbox 369 5360 524 5429; x_wconf 80' lang='grc' dir='ltr'>δῆλαι</span> <span class='ocrx_word' id='word_1_507' title='bbox 559 5357 822 5426; x_wconf 82' lang='grc' dir='ltr'>γίνονται,</span> <span class='ocrx_word' id='word_1_508' title='bbox 873 5356 968 5405; x_wconf 74' lang='grc' dir='ltr'><strong>καὶ</strong></span> <span class='ocrx_word' id='word_1_509' title='bbox 1024 5351 1206 5404; x_wconf 75' lang='grc' dir='ltr'>πολλοὶ</span> <span class='ocrx_word' id='word_1_510' title='bbox 1244 5353 1376 5421; x_wconf 65' lang='grc' dir='ltr'>προς</span> <span class='ocrx_word' id='word_1_511' title='bbox 1419 5352 1586 5412; x_wconf 74' lang='grc' dir='ltr'>αὑτὰς</span> <span class='ocrx_word' id='word_1_512' title='bbox 1635 5357 1762 5422; x_wconf 78' lang='grc' dir='ltr'>συρ-</span> 
     </span>
    </p>
   </div>
   <div class='ocr_carea' id='block_1_77' title="bbox 197 5443 1764 5527">
    <p class='ocr_par' dir='ltr' id='par_1_77' title="bbox 197 5443 1764 5527">
     <span class='ocr_line' id='line_1_77' title="bbox 197 5443 1764 5527; baseline -0.013 -19"><span class='ocrx_word' id='word_1_513' title='bbox 197 5457 416 5527; x_wconf 84' lang='grc' dir='ltr'>ῥέοντες</span> <span class='ocrx_word' id='word_1_514' title='bbox 446 5450 607 5518; x_wconf 76' lang='grc' dir='ltr'>ἦσαν,</span> <span class='ocrx_word' id='word_1_515' title='bbox 652 5447 701 5500; x_wconf 78' lang='grc' dir='ltr'>οἳ</span> <span class='ocrx_word' id='word_1_516' title='bbox 733 5448 793 5500; x_wconf 77' lang='grc' dir='ltr'><strong>οὐ</strong></span> <span class='ocrx_word' id='word_1_517' title='bbox 833 5447 991 5515; x_wconf 84' lang='grc' dir='ltr'>μόνον</span> <span class='ocrx_word' id='word_1_518' title='bbox 1025 5445 1194 5496; x_wconf 81' lang='grc' dir='ltr'>νόσων</span> <span class='ocrx_word' id='word_1_519' title='bbox 1219 5459 1276 5494; x_wconf 83' lang='grc' dir='ltr'><strong>τε</strong></span> <span class='ocrx_word' id='word_1_520' title='bbox 1308 5447 1401 5495; x_wconf 73' lang='grc' dir='ltr'><strong>καὶ</strong></span> <span class='ocrx_word' id='word_1_521' title='bbox 1435 5443 1764 5511; x_wconf 80' lang='grc' dir='ltr'>πνευμάτων</span> 
     </span>
    </p>
   </div>
   <div class='ocr_carea' id='block_1_78' title="bbox 197 5534 1765 5614">
    <p class='ocr_par' dir='ltr' id='par_1_78' title="bbox 197 5534 1765 5614">
     <span class='ocr_line' id='line_1_78' title="bbox 197 5534 1765 5614; baseline -0.007 -15"><span class='ocrx_word' id='word_1_522' title='bbox 197 5544 458 5614; x_wconf 81' lang='grc' dir='ltr'>πονηρῶν</span> <span class='ocrx_word' id='word_1_523' title='bbox 501 5542 932 5610; x_wconf 76' lang='grc' dir='ltr'>ἀπηλλάττοντο,</span> <span class='ocrx_word' id='word_1_524' title='bbox 984 5537 1117 5590; x_wconf 70' lang='grc' dir='ltr'>ἀλλὰ</span> <span class='ocrx_word' id='word_1_525' title='bbox 1169 5535 1260 5588; x_wconf 78' lang='grc' dir='ltr'><strong>καὶ</strong></span> <span class='ocrx_word' id='word_1_526' title='bbox 1309 5536 1422 5603; x_wconf 68' lang='grc' dir='ltr'><strong>φῶς</strong></span> <span class='ocrx_word' id='word_1_527' title='bbox 1454 5534 1630 5604; x_wconf 72' lang='grc' dir='ltr'>ψυχῆς</span> <span class='ocrx_word' id='word_1_528' title='bbox 1671 5536 1765 5588; x_wconf 68' lang='grc' dir='ltr'><strong>καὶ</strong></span> 
     </span>
    </p>
   </div>
   <div class='ocr_carea' id='block_1_79' title="bbox 198 5628 1763 5706">
    <p class='ocr_par' dir='ltr' id='par_1_79' title="bbox 198 5628 1763 5706">
     <span class='ocr_line' id='line_1_79' title="bbox 198 5628 1763 5706; baseline -0.007 -15"><span class='ocrx_word' id='word_1_529' title='bbox 198 5635 477 5706; x_wconf 83' lang='grc' dir='ltr'>σωτηρίαν</span> <span class='ocrx_word' id='word_1_530' title='bbox 505 5632 819 5686; x_wconf 73' lang='grc' dir='ltr'>ἐπλούτουν.</span> <span class='ocrx_word' id='word_1_531' title='bbox 853 5628 1040 5682; x_wconf 77' lang='grc' dir='ltr'>Ταῦτα</span> <span class='ocrx_word' id='word_1_532' title='bbox 1060 5629 1153 5680; x_wconf 68' lang='grc' dir='ltr'><strong>καὶ</strong></span> <span class='ocrx_word' id='word_1_533' title='bbox 1177 5630 1252 5689; x_wconf 84' lang='grc' dir='ltr'><strong>είς</strong></span> <span class='ocrx_word' id='word_1_534' title='bbox 1279 5628 1559 5696; x_wconf 69' lang='grc' dir='ltr'>Φρόντωνα</span> <span class='ocrx_word' id='word_1_535' title='bbox 1585 5630 1763 5697; x_wconf 78' lang='grc' dir='ltr'>φοιτᾷ,</span> 
     </span>
    </p>
   </div>
   <div class='ocr_carea' id='block_1_80' title="bbox 196 5717 1767 5796">
    <p class='ocr_par' dir='ltr' id='par_1_80' title="bbox 196 5717 1767 5796">
     <span class='ocr_line' id='line_1_80' title="bbox 196 5717 1767 5796; baseline -0.007 -14"><span class='ocrx_word' id='word_1_536' title='bbox 196 5730 260 5791; x_wconf 79' lang='grc' dir='ltr'>ὃς</span> <span class='ocrx_word' id='word_1_537' title='bbox 305 5728 402 5794; x_wconf 74' lang='grc' dir='ltr'>τὴν</span> <span class='ocrx_word' id='word_1_538' title='bbox 434 5727 604 5796; x_wconf 75' lang='grc' dir='ltr'>ἀρχὴν</span> <span class='ocrx_word' id='word_1_539' title='bbox 656 5717 954 5791; x_wconf 76' lang='grc' dir='ltr'>τηνικαῦτα</span> <span class='ocrx_word' id='word_1_540' title='bbox 1027 5721 1125 5790; x_wconf 77' lang='grc' dir='ltr'><strong>τῆς</strong></span> <span class='ocrx_word' id='word_1_541' title='bbox 1198 5719 1502 5789; x_wconf 74' lang='grc' dir='ltr'>περιχώρου</span> <span class='ocrx_word' id='word_1_542' title='bbox 1569 5721 1767 5790; x_wconf 75' lang='grc' dir='ltr'>ταύτης</span> 
     </span>
    </p>
   </div>
   <div class='ocr_carea' id='block_1_81' title="bbox 200 5809 1764 5882">
    <p class='ocr_par' dir='ltr' id='par_1_81' title="bbox 200 5809 1764 5882">
     <span class='ocr_line' id='line_1_81' title="bbox 200 5809 1764 5882; baseline -0.005 -10"><span class='ocrx_word' id='word_1_543' title='bbox 200 5820 558 5880; x_wconf 73' lang='grc' dir='ltr'>πεπίστευτο,</span> <span class='ocrx_word' id='word_1_544' title='bbox 619 5811 958 5881; x_wconf 78' lang='grc' dir='ltr'>Μαξιμιανοῦ</span> <span class='ocrx_word' id='word_1_545' title='bbox 1008 5812 1106 5880; x_wconf 77' lang='grc' dir='ltr'><strong>τὴν</strong></span> <span class='ocrx_word' id='word_1_546' title='bbox 1149 5809 1432 5879; x_wconf 83' lang='grc' dir='ltr'>Ῥωμαίων</span> <span class='ocrx_word' id='word_1_547' title='bbox 1485 5811 1764 5882; x_wconf 80' lang='grc' dir='ltr'>βασιλείαν</span> 
     </span>
    </p>
   </div>
   <div class='ocr_carea' id='block_1_82' title="bbox 1859 5090 3436 5161">
    <p class='ocr_par' dir='ltr' id='par_1_82' title="bbox 1859 5090 3436 5161">
     <span class='ocr_line' id='line_1_82' title="bbox 1859 5090 3436 5161; baseline 0.004 -19"><span class='ocrx_word' id='word_1_548' title='bbox 1859 5091 1984 5143; x_wconf 88' lang='lat' dir='ltr'><strong>tiam</strong></span> <span class='ocrx_word' id='word_1_549' title='bbox 2004 5090 2166 5142; x_wconf 90' lang='lat' dir='ltr'><strong>divini</strong></span> <span class='ocrx_word' id='word_1_550' title='bbox 2185 5090 2439 5157; x_wconf 86' lang='lat' dir='ltr'><strong>Spiritus,</strong></span> <span class='ocrx_word' id='word_1_551' title='bbox 2470 5091 2630 5144; x_wconf 90' lang='lat' dir='ltr'><strong>bonis</strong></span> <span class='ocrx_word' id='word_1_552' title='bbox 2645 5092 3060 5160; x_wconf 86' lang='lat' dir='ltr'><strong>resplendebant</strong></span> <span class='ocrx_word' id='word_1_553' title='bbox 3082 5094 3364 5161; x_wconf 87' lang='lat' dir='ltr'><strong>operibus,</strong></span> <span class='ocrx_word' id='word_1_554' title='bbox 3381 5105 3436 5148; x_wconf 90' lang='lat' dir='ltr'><strong>et</strong></span> 
     </span>
    </p>
   </div>
   <div class='ocr_carea' id='block_1_83' title="bbox 1860 5177 3435 5248">
    <p class='ocr_par' dir='ltr' id='par_1_83' title="bbox 1860 5177 3435 5248">
     <span class='ocr_line' id='line_1_83' title="bbox 1860 5177 3435 5248; baseline 0.006 -19"><span class='ocrx_word' id='word_1_555' title='bbox 1860 5177 2159 5240; x_wconf 84' lang='lat' dir='ltr'><strong>miraculis,</strong></span> <span class='ocrx_word' id='word_1_556' title='bbox 2180 5187 2234 5231; x_wconf 91' lang='lat' dir='ltr'><strong>et</strong></span> <span class='ocrx_word' id='word_1_557' title='bbox 2255 5179 2405 5247; x_wconf 89' lang='lat' dir='ltr'><strong>copia</strong></span> <span class='ocrx_word' id='word_1_558' title='bbox 2424 5181 2710 5248; x_wconf 89' lang='lat' dir='ltr'><strong>gratiarum</strong></span> <span class='ocrx_word' id='word_1_559' title='bbox 2727 5191 2882 5236; x_wconf 89' lang='lat' dir='ltr'><strong>erant</strong></span> <span class='ocrx_word' id='word_1_560' title='bbox 2911 5199 3094 5237; x_wconf 87' lang='lat' dir='ltr'><strong>revera</strong></span> <span class='ocrx_word' id='word_1_561' title='bbox 3118 5186 3308 5239; x_wconf 86' lang='lat' dir='ltr'><strong>civitas</strong></span> <span class='ocrx_word' id='word_1_562' title='bbox 3331 5187 3435 5241; x_wconf 86' lang='lat' dir='ltr'><strong>sita</strong></span> 
     </span>
    </p>
   </div>
   <div class='ocr_carea' id='block_1_84' title="bbox 1861 5269 3435 5341">
    <p class='ocr_par' dir='ltr' id='par_1_84' title="bbox 1861 5269 3435 5341">
     <span class='ocr_line' id='line_1_84' title="bbox 1861 5269 3435 5341; baseline 0.006 -20"><span class='ocrx_word' id='word_1_563' title='bbox 1861 5285 2020 5338; x_wconf 88' lang='lat' dir='ltr'><strong>supra</strong></span> <span class='ocrx_word' id='word_1_564' title='bbox 2056 5277 2314 5324; x_wconf 90' lang='lat' dir='ltr'><strong>montem.</strong></span> <span class='ocrx_word' id='word_1_565' title='bbox 2353 5270 2414 5322; x_wconf 83' lang='lat' dir='ltr'><strong>Et</strong></span> <span class='ocrx_word' id='word_1_566' title='bbox 2445 5269 2565 5324; x_wconf 88' lang='lat' dir='ltr'><strong>ideo</strong></span> <span class='ocrx_word' id='word_1_567' title='bbox 2595 5271 2702 5326; x_wconf 90' lang='lat' dir='ltr'><strong>cito</strong></span> <span class='ocrx_word' id='word_1_568' title='bbox 2733 5275 2968 5327; x_wconf 86' lang='lat' dir='ltr'><strong>evadunt</strong></span> <span class='ocrx_word' id='word_1_569' title='bbox 3011 5275 3331 5341; x_wconf 63' lang='lat' dir='ltr'><strong>manifesta),</strong></span> <span class='ocrx_word' id='word_1_570' title='bbox 3381 5291 3435 5331; x_wconf 86' lang='lat' dir='ltr'><strong>et</strong></span> 
     </span>
    </p>
   </div>
   <div class='ocr_carea' id='block_1_85' title="bbox 1863 5359 3437 5431">
    <p class='ocr_par' dir='ltr' id='par_1_85' title="bbox 1863 5359 3437 5431">
     <span class='ocr_line' id='line_1_85' title="bbox 1863 5359 3437 5431; baseline 0.004 -17"><span class='ocrx_word' id='word_1_571' title='bbox 1863 5362 2017 5414; x_wconf 90' lang='lat' dir='ltr'><strong>multi</strong></span> <span class='ocrx_word' id='word_1_572' title='bbox 2035 5364 2099 5414; x_wconf 89' lang='lat' dir='ltr'><strong>ad</strong></span> <span class='ocrx_word' id='word_1_573' title='bbox 2122 5377 2213 5416; x_wconf 90' lang='lat' dir='ltr'><strong>eas</strong></span> <span class='ocrx_word' id='word_1_574' title='bbox 2233 5359 2577 5416; x_wconf 81' lang='lat' dir='ltr'><strong>conﬂuebant</strong></span> <span class='ocrx_word' id='word_1_575' title='bbox 2600 5379 2612 5415; x_wconf 92' lang='lat'>:</span> <span class='ocrx_word' id='word_1_576' title='bbox 2635 5363 2723 5431; x_wconf 90' lang='lat' dir='ltr'><strong>qui</strong></span> <span class='ocrx_word' id='word_1_577' title='bbox 2744 5379 2852 5418; x_wconf 92' lang='lat' dir='ltr'><strong>non</strong></span> <span class='ocrx_word' id='word_1_578' title='bbox 2877 5366 3050 5420; x_wconf 91' lang='lat' dir='ltr'><strong>solum</strong></span> <span class='ocrx_word' id='word_1_579' title='bbox 3067 5367 3437 5422; x_wconf 85' lang='lat' dir='ltr'><strong>liberabantur</strong></span> 
     </span>
    </p>
   </div>
   <div class='ocr_carea' id='block_1_86' title="bbox 1863 5449 3436 5518">
    <p class='ocr_par' dir='ltr' id='par_1_86' title="bbox 1863 5449 3436 5518">
     <span class='ocr_line' id='line_1_86' title="bbox 1863 5449 3436 5518; baseline 0.007 -19"><span class='ocrx_word' id='word_1_580' title='bbox 1863 5464 1891 5500; x_wconf 88' lang='lat' dir='ltr'><strong>a</strong></span> <span class='ocrx_word' id='word_1_581' title='bbox 1934 5449 2138 5502; x_wconf 86' lang='lat' dir='ltr'><strong>morbis</strong></span> <span class='ocrx_word' id='word_1_582' title='bbox 2168 5457 2216 5501; x_wconf 89' lang='lat' dir='ltr'><strong>et</strong></span> <span class='ocrx_word' id='word_1_583' title='bbox 2255 5464 2284 5501; x_wconf 91' lang='lat' dir='ltr'><strong>a</strong></span> <span class='ocrx_word' id='word_1_584' title='bbox 2322 5449 2478 5504; x_wconf 90' lang='lat' dir='ltr'><strong>malis</strong></span> <span class='ocrx_word' id='word_1_585' title='bbox 2514 5450 2822 5518; x_wconf 81' lang='lat' dir='ltr'><strong>Spiritibus,</strong></span> <span class='ocrx_word' id='word_1_586' title='bbox 2862 5453 2954 5507; x_wconf 88' lang='lat' dir='ltr'><strong>sed</strong></span> <span class='ocrx_word' id='word_1_587' title='bbox 3024 5455 3224 5508; x_wconf 85' lang='lat' dir='ltr'><strong>ﬁebant</strong></span> <span class='ocrx_word' id='word_1_588' title='bbox 3272 5457 3436 5510; x_wconf 90' lang='lat' dir='ltr'><strong>etiam</strong></span> 
     </span>
    </p>
   </div>
   <div class='ocr_carea' id='block_1_87' title="bbox 1863 5540 3433 5613">
    <p class='ocr_par' dir='ltr' id='par_1_87' title="bbox 1863 5540 3433 5613">
     <span class='ocr_line' id='line_1_87' title="bbox 1863 5540 3433 5613; baseline 0.003 -19"><span class='ocrx_word' id='word_1_589' title='bbox 1863 5540 2056 5594; x_wconf 89' lang='lat' dir='ltr'><strong>divites</strong></span> <span class='ocrx_word' id='word_1_590' title='bbox 2091 5540 2210 5592; x_wconf 90' lang='lat' dir='ltr'><strong>luce</strong></span> <span class='ocrx_word' id='word_1_591' title='bbox 2241 5541 2437 5594; x_wconf 68' lang='lat' dir='ltr'><strong>anima:</strong></span> <span class='ocrx_word' id='word_1_592' title='bbox 2465 5549 2518 5595; x_wconf 87' lang='lat' dir='ltr'><strong>et</strong></span> <span class='ocrx_word' id='word_1_593' title='bbox 2544 5541 2734 5595; x_wconf 91' lang='lat' dir='ltr'><strong>salute.</strong></span> <span class='ocrx_word' id='word_1_594' title='bbox 2761 5542 2882 5597; x_wconf 57' lang='lat' dir='ltr'><strong>Ha’c</strong></span> <span class='ocrx_word' id='word_1_595' title='bbox 2911 5547 3234 5613; x_wconf 83' lang='lat' dir='ltr'><strong>perveniunt</strong></span> <span class='ocrx_word' id='word_1_596' title='bbox 3266 5548 3433 5600; x_wconf 88' lang='lat' dir='ltr'><strong>etiam</strong></span> 
     </span>
    </p>
   </div>
   <div class='ocr_carea' id='block_1_88' title="bbox 1864 5630 3434 5702">
    <p class='ocr_par' dir='ltr' id='par_1_88' title="bbox 1864 5630 3434 5702">
     <span class='ocr_line' id='line_1_88' title="bbox 1864 5630 3434 5702; baseline 0.005 -17"><span class='ocrx_word' id='word_1_597' title='bbox 1864 5634 1930 5686; x_wconf 90' lang='lat' dir='ltr'><strong>ad</strong></span> <span class='ocrx_word' id='word_1_598' title='bbox 1965 5647 2122 5685; x_wconf 89' lang='lat' dir='ltr'><strong>aures</strong></span> <span class='ocrx_word' id='word_1_599' title='bbox 2155 5630 2463 5696; x_wconf 89' lang='lat' dir='ltr'><strong>Frontonis,</strong></span> <span class='ocrx_word' id='word_1_600' title='bbox 2485 5634 2639 5702; x_wconf 85' lang='lat' dir='ltr'><strong>cujus</strong></span> <span class='ocrx_word' id='word_1_601' title='bbox 2675 5635 2795 5689; x_wconf 85' lang='lat' dir='ltr'><strong>ﬁdei</strong></span> <span class='ocrx_word' id='word_1_602' title='bbox 2829 5640 3112 5693; x_wconf 85' lang='lat' dir='ltr'><strong>commissa</strong></span> <span class='ocrx_word' id='word_1_603' title='bbox 3141 5639 3314 5692; x_wconf 81' lang='lat' dir='ltr'><strong>fuerat</strong></span> <span class='ocrx_word' id='word_1_604' title='bbox 3347 5655 3434 5692; x_wconf 85' lang='lat' dir='ltr'><strong>re-</strong></span> 
     </span>
    </p>
   </div>
   <div class='ocr_carea' id='block_1_89' title="bbox 1867 5723 3435 5793">
    <p class='ocr_par' dir='ltr' id='par_1_89' title="bbox 1867 5723 3435 5793">
     <span class='ocr_line' id='line_1_89' title="bbox 1867 5723 3435 5793; baseline 0.004 -17"><span class='ocrx_word' id='word_1_605' title='bbox 1867 5724 2042 5793; x_wconf 87' lang='lat' dir='ltr'><strong>gionis</strong></span> <span class='ocrx_word' id='word_1_606' title='bbox 2127 5723 2272 5778; x_wconf 88' lang='lat' dir='ltr'><strong>illius</strong></span> <span class='ocrx_word' id='word_1_607' title='bbox 2332 5723 2757 5790; x_wconf 88' lang='lat' dir='ltr'><strong>administratio,</strong></span> <span class='ocrx_word' id='word_1_608' title='bbox 2829 5726 3152 5781; x_wconf 83' lang='lat' dir='ltr'><strong>Maximiano</strong></span> <span class='ocrx_word' id='word_1_609' title='bbox 3213 5738 3435 5784; x_wconf 82' lang='lat' dir='ltr'><strong>tenente</strong></span> 
     </span>
    </p>
   </div>
   <div class='ocr_carea' id='block_1_90' title="bbox 1869 5814 3434 5876">
    <p class='ocr_par' dir='ltr' id='par_1_90' title="bbox 1869 5814 3434 5876">
     <span class='ocr_line' id='line_1_90' title="bbox 1869 5814 3434 5876; baseline 0.003 -8"><span class='ocrx_word' id='word_1_610' title='bbox 1869 5814 2235 5870; x_wconf 80' lang='lat' dir='ltr'><strong>Romanorum</strong></span> <span class='ocrx_word' id='word_1_611' title='bbox 2271 5815 2681 5876; x_wconf 81' lang='lat' dir='ltr'><strong>imperium:et</strong></span> <span class='ocrx_word' id='word_1_612' title='bbox 2709 5819 2970 5875; x_wconf 90' lang='lat' dir='ltr'><strong>continuo</strong></span> <span class='ocrx_word' id='word_1_613' title='bbox 3027 5821 3188 5875; x_wconf 88' lang='lat' dir='ltr'><strong>mittit</strong></span> <span class='ocrx_word' id='word_1_614' title='bbox 3240 5819 3434 5875; x_wconf 82' lang='lat' dir='ltr'><strong>Fronto</strong></span> 
     </span>
    </p>
   </div>
  </div>
