4198 6438
754 408 861 476 655

1983 411 2268 472 MENSIS
2310 411 2780 475 SEPTEMBER.

3909 415 4029 476 656

755 543 916 582 suum
966 541 1295 582 assessorem
1366 541 1488 580 curn
1571 526 1834 581 ministris
1897 538 1948 581 et
2003 529 2334 584 satellitibus

2442 534 2755 598 διέποντοςο
2814 536 2906 589 καὶ
2941 537 3150 605 πέμπει
3182 537 3272 590 τὸν
3329 539 3715 610 συμπάρεδρον
3775 541 3944 604 εὐθὺς
3997 545 4030 594 ὁ

749 617 950 689 iubens
970 628 1023 672 ut
1042 628 1308 687 quareret
1335 618 1594 687 virgines.

827 907 1094 962 lll.Cum
1156 912 1336 959 autem
1393 904 1627 957 inventae
1718 901 1942 955 fuissent
1977 899 2322 966 ,Undenam,

757 997 971 1053 dicebat
1003 997 1191 1065 judex,
1223 1005 1367 1048 tanta
1402 1003 1482 1047 est
1537 991 1688 1046 vobis
1729 992 1976 1055 audacia,
2037 1001 2117 1051 ut,
2171 989 2325 1041 mitto

757 1100 976 1154 caetera,
1007 1089 1176 1145 Deum
1234 1087 1442 1149 colatis,
1495 1100 1656 1154 quem
1719 1099 1896 1152 neque
1949 1083 2059 1149 ipse
2096 1095 2324 1149 magnus

760 1181 1141 1240 Maximianus,
1184 1191 1359 1244 neque
1408 1190 1507 1226 nos
1533 1175 1865 1226 honorantes
1897 1171 1948 1224 in
2004 1167 2326 1221 hodiernum

761 1291 934 1344 usque
984 1273 1127 1326 diem
1174 1267 1452 1337 cortSpecti
1500 1263 1731 1318 sumus?
1763 1263 2110 1331 Nequaquam
2147 1267 2325 1310 autem

757 1365 1107 1436 perturbatae,
1163 1361 1255 1416 sed
1309 1362 1360 1412 in
1386 1358 1577 1412 eodem
1627 1357 1820 1409 animae
1879 1360 2330 1406 statumanentes

757 1459 996 1528 virgines
1033 1498 1045 1514 .
1076 1455 1207 1515 Nos,
1293 1467 1325 1506 ο
1367 1452 1556 1521 judex,
1610 1450 1886 1511 dixerunt,
1939 1461 2045 1498 non
2096 1446 2331 1497 humano

758 1552 982 1606 decreto
1026 1547 1194 1599 Deum
1227 1559 1386 1597 nosse
1417 1543 1738 1603 didicimus;
1799 1538 1893 1590 sed
1949 1553 2074 1589 eum
2123 1535 2326 1603 utique,

757 1645 850 1714 qui
926 1653 1142 1708 semper
1180 1645 1281 1699 est,
1353 1643 1407 1688 et
1452 1634 1766 1688 universum
1819 1631 2077 1693 intuetur,
2105 1628 2333 1681 conﬁte-

757 1735 1038 1805 murzqui
1095 1731 1256 1786 etiam
1299 1730 1441 1783 hunc
1511 1726 1754 1780 continet
1820 1721 2064 1777 ordinem
2115 1723 2334 1774 univer-

757 1845 962 1892 sorum,
995 1836 1050 1880 et
1083 1832 1366 1895 potestate,
1405 1835 1511 1873 non
1549 1819 1802 1874 essentia.
1833 1825 2017 1867 mente
2087 1825 2334 1878 compre-

761 1921 1016 1977 henditur
1066 1917 1203 1986 :qui
1265 1913 1465 1967 munda
1511 1911 1616 1964 vita
1671 1909 1973 1961 delectatur
2026 1914 2080 1957 et
2111 1904 2332 1964 virtute,

757 2024 811 2068 et
857 2015 920 2068 iis
981 2010 1072 2080 qui
1131 2008 1208 2062 sic
1254 2021 1315 2059 ex
1350 2005 1547 2057 virtute
1583 2002 1747 2053 vitam
1815 2005 1987 2066 agunt
2039 2009 2151 2047 sua:
2181 1991 2334 2045 boni-

759 2107 888 2160 tatis
941 2103 1113 2172 gratia
1197 2099 1334 2152 solet
1390 2107 1650 2164 apparere
1696 2110 1707 2144 :
1750 2099 1805 2144 et
1882 2088 1986 2142 sub
2035 2101 2143 2154 quo
2179 2097 2334 2152 rcges

760 2199 1052 2266 imperant,
1102 2199 1156 2245 et
1205 2188 1423 2258 tyranni
1525 2196 1724 2237 terram
1789 2197 1884 2233 sua
1954 2179 2201 2230 obtinent
2251 2175 2324 2226 tli-

763 2290 929 2343 tione.
969 2283 1217 2353 Virgines
1270 2280 1384 2332 haec
1442 2275 1596 2330 valde
1629 2281 1943 2327 constanter
1964 2278 2017 2322 et
2069 2267 2334 2320 concinne

763 2377 1160 2448 respondentes
1221 2385 1426 2441 praeses
1459 2369 1700 2430 intuens,
1733 2373 1786 2418 et
1836 2360 2155 2416 modestiam
2180 2357 2336 2408 valde

761 2479 844 2524 est
881 2467 1201 2525 admiratus,
1244 2471 1702 2526 etresponsorum
1741 2451 2077 2520 sapientiam.
2113 2443 2213 2498 Diu
2237 2445 2336 2496 ita-

761 2580 868 2636 que
960 2568 1165 2621 tacens,
1205 2563 1257 2606 et
1288 2552 1404 2604 hsce
1473 2551 1677 2603 ducens
1727 2561 1825 2615 pro
1906 2539 2186 2600 miraculo,
2250 2536 2334 2588 vix

765 2632 983 2707 tandem
1020 2643 1309 2702 secundam
1345 2637 1530 2692 intulit
1596 2632 2093 2703 interrogationem.
2143 2639 2338 2695 rogans

761 2755 1009 2813 quaenam
1081 2742 1265 2789 essent
1318 2745 1504 2782 earum
1556 2726 1797 2787 nomina,
1854 2732 1906 2775 et
1967 2736 2085 2788 quae
2141 2717 2336 2786 patria.

764 2837 870 2890 Ill-.e
919 2842 1146 2886 autem:
1188 2824 1428 2877 Primum
1488 2818 1727 2887 quidem,
1781 2831 1808 2867 a
1867 2813 2082 2867 Christo
2137 2819 2340 2863 vocata‘

761 2939 974 2991 sumus,
1010 2921 1282 2974 dixerunt.
1332 2912 1483 2978 Quod
1529 2911 1573 2963 si
1613 2910 1774 2962 etiam
1812 2901 2342 2970 nomenabaptismo

765 3016 1073 3088 impositum
1115 3015 1362 3079 oporteat
1392 3003 1613 3064 addere,
1648 3014 1755 3051 una
1795 2996 2009 3064 quidem
2030 2992 2340 3053 Menodora,

764 3083 933 3164 altera
989 3115 1171 3158 autem
1223 3097 1548 3157 Metrodora,
1590 3090 1788 3145 deinde
1857 3087 2010 3140 tertia
2071 3083 2342 3154 Nympho—

764 3208 920 3260 dora.
960 3197 1216 3252 dicimur.
1285 3188 1463 3242 Patria
1522 3198 1698 3240 autent
1755 3183 1912 3236 nobis
1951 3189 2031 3232 est
2061 3176 2342 3246 Bithynia.

769 3296 842 3347 Ex
900 3290 1090 3345 eodem
1153 3299 1282 3339 vero
1313 3281 1518 3336 semine
1559 3279 1834 3348 productae
1902 3287 2109 3333 sumus,
2169 3277 2221 3319 et
2278 3267 2344 3318 ab

764 3385 952 3439 eadem
1034 3385 1204 3430 matre
1285 3385 1474 3426 sumus
1556 3369 1822 3426 educata,
1866 3374 1920 3414 et
1967 3361 2034 3412 ah
2139 3357 2342 3410 eisdem

767 3473 1086 3546 parentibus
1139 3467 1348 3521 dilectae
1417 3474 1626 3522 sumus,
1671 3467 1718 3510 et
1786 3453 2030 3509 eamdem
2115 3459 2340 3504 matrem

765 3581 820 3628 et
848 3567 1099 3622 eumdem
1130 3570 1336 3630 patrem
1368 3553 1779 3624 appellavimus.
1837 3549 2093 3600 Eamdem
2128 3553 2342 3610 quoque

769 3662 890 3712 vitae
943 3655 1208 3708 rationem
1270 3655 1471 3700 secutae
1546 3657 1756 3704 sumus,
1799 3648 1853 3692 et
1890 3636 2138 3689 eamdem
2167 3633 2343 3683 adhuc

768 3756 1017 3804 tenemus
1071 3737 1419 3795 sententiam.

837 3859 904 3914 ιγ
959 3856 1166 3911 illorum
1223 3851 1398 3918 itaque
1444 3860 1497 3902 et
1528 3846 1812 3902 verborum
1849 3837 2223 3893 liberalitatem
2255 3833 2342 3887 ille

765 3951 985 4008 silentio
1023 3946 1344 4008 admiratus,
1410 3945 1624 3996 curiose
1695 3935 1985 3990 admodum
2040 3944 2095 3986 et
2149 3933 2343 3987 callide

769 4051 917 4103 vafer
978 4044 1065 4098 ille
1100 4048 1325 4094 conatus
1355 4045 1437 4090 est
1471 4035 1720 4105 protinus
1755 4032 1990 4101 virgines
2042 4029 2340 4084 seducere:

757 4142 842 4198 Ne
875 4153 1021 4209 ergo,
1042 4135 1250 4195 dicens,
1281 4146 1398 4198 quae
1429 4130 1501 4180 dii
1531 4128 1596 4180 ad
1627 4127 1970 4179 concordiam
2003 4125 2145 4176 bona
2177 4121 2344 4174 dede-

767 4238 915 4289 runt,
951 4241 1073 4288 vos,
1104 4238 1136 4275 o
1163 4222 1340 4274 chara:
1372 4217 1584 4287 puellm,
1616 4216 1852 4270 reddatis
1888 4229 2024 4270 vana
2048 4221 2100 4267 et
2139 4213 2343 4279 inania,

767 4321 861 4375 sed
903 4332 1066 4387 super
1129 4314 1244 4367 haec
1313 4312 1474 4364 etiam
1551 4310 1653 4362 alia
1748 4310 2026 4374 aedificare,
2105 4320 2160 4364 et
2212 4309 2342 4363 milii

767 4419 1046 4480 parentes,
1087 4407 1188 4458 diis
1261 4416 1476 4470 quoque
1538 4402 1893 4453 communiter
1965 4401 2265 4453 sacrificate
2292 4408 2346 4452 et

771 4514 1027 4572 tanquam
1085 4509 1302 4550 sorores
1361 4493 1413 4545 iu
1467 4491 1848 4546 benevolentia
1921 4507 2048 4562 erga
2092 4507 2188 4546 eos
2212 4505 2346 4544 con-

2434 626 2679 694 Φρόντων
2709 630 2846 698 μετὰ
2881 628 3078 699 πολλῆς
3121 629 3220 699 τῆς
3263 631 3750 701 ὑπερασπισάντων
3785 634 3881 686 καὶ
3917 634 4031 685 τῶν

2434 716 2743 786 δορυφόρων
2803 718 3043 787 πληθύος
3090 720 3156 773 τά
3193 721 3332 775 κατὰ
3383 724 3480 786 τὰς
3528 723 3829 786 παρθένους
3873 724 4030 794 αὑτῴ

2433 809 2751 878 ἐπιτρέψας.

2506 898 2581 953 1".
2624 900 2682 955 Ὀ
2715 902 2769 954 δέ
2810 903 2898 956 διὰ
2947 903 3057 956 τῶν
3114 905 3576 975 ὑπηρετουμένων
3621 907 3773 976 αὑτῷ
3806 910 4028 977 δημίων

2438 994 2932 1062 μεταστειλάμενος
2981 996 3206 1061 ταύτας,
3241 998 3412 1050 Πόθεν
3479 1001 3605 1068 ὑμῖν
3647 1003 3680 1070 ἡ
3736 1007 4002 1070 τοσαύτη,

2437 1085 2617 1153 ἔλεγε,
2645 1086 2842 1153 τόλμα,
2878 1088 2975 1152 ὡς,
3021 1089 3107 1140 ἵνα
3156 1090 3320 1143 τᾶλλα
3355 1090 3531 1150 παρῶ,
3563 1091 3692 1144 Θεὸν
3723 1094 3936 1154 σέϐειν,
3968 1094 4025 1145 ἰν

2437 1175 2558 1227 οὔτε
2593 1175 2936 1243 Μαξιμιανὸς
2963 1178 3122 1240 αὑτὸς
3145 1181 3171 1231 ὁ
3205 1180 3375 1247 μέγας
3421 1179 3531 1232 οὗθ’
3564 1183 3725 1250 ἡμεῖς
3751 1183 4023 1250 τιμῶντες

2439 1266 2564 1334 ἄχρι
2596 1267 2688 1318 καὶ
2729 1267 2823 1320 νῦν
2854 1268 3153 1335 ῶ-ρῡημεπη
3204 1270 3342 1322 Ὑπὸ
3369 1270 3446 1339 τῷ
3478 1271 3626 1340 αὑτῷ
3672 1272 3858 1323 τοίνυν
3895 1273 4022 1324 καθα

2439 1356 2581 1424 άπερ
2611 1358 2706 1426 τῆς
2737 1358 2912 1427 ψυχῆς
2940 1361 3326 1429 παραστήματι
3377 1365 3432 1414 αί
3465 1363 3757 1430 παρθένοι,
3807 1365 4021 1431 Ἡμεῖς,

2438 1450 2482 1502 ῶ
2509 1453 2717 1520 ἅρχων,
2777 1455 3010 1523 ἔφησαν,
3049 1457 3150 1508 οὑκ
3185 1459 3512 1529 ἀνθρωπίνῳ
3553 1460 3790 1527 δόγματι
3823 1475 4022 1510 πεπαι-

2439 1541 2674 1610 δεύμεθα
2727 1544 2926 1598 εἰδέναι
2969 1546 3122 1608 Θεὸν,
3177 1546 3311 1599 ἀλλά
3338 1549 3528 1601 τοῦτον
3567 1550 3741 1618 δήπου
3796 1549 3887 1600 τὸν
3943 1550 4022 1599 ost

2440 1635 2567 1688 διτα
2590 1637 2682 1688 καὶ
2705 1637 2763 1688 τὸ
2787 1639 2895 1688 πᾶν
2925 1637 3206 1707 ἐφορῶντα
3233 1640 3626 1710 ὁμολογοῦμεν,
3652 1643 3709 1703 ὃς
3733 1644 3832 1694 καὶ
3867 1643 4018 1710 τήνδε

2441 1728 2536 1797 τὴν
2569 1729 2674 1780 τῶν
2714 1729 2851 1782 ὅλων
2905 1735 3205 1798 συγκρατεῖ
3242 1733 3394 1795 τάξιν
3445 1734 3536 1784 καὶ
3591 1733 3823 1801 δυνάμει
3867 1736 3931 1786 οὑ
3964 1738 4021 1803 τῇ

2445 1821 2602 1889 οὐσίᾳ
2664 1825 3028 1876 κατανοείται.
3085 1824 3141 1885 ὃς
3198 1823 3417 1894 καθαρᾷ
3445 1840 3503 1875 τε
3553 1824 3742 1892 ἥδεται
3777 1825 4024 1895 πολιτεία

2365 1890 2534 1962 Βκαὶ
2591 1913 2782 1979 ἀρετῇ,
2844 1915 2933 1964 καὶ
2996 1917 3108 1976 τοῖς
3166 1916 3307 1968 οὕτω
3367 1917 3467 1984 μὲν
3527 1916 3811 1984 καθαρῶς,
3887 1916 4026 1968 οὕτω

2435 2001 2490 2052 δὲ
2546 2003 2819 2070 ἐναρέτως
2881 2002 3081 2068 βιοῦσι,
3134 2009 3201 2074 τῇ
3255 2006 3354 2073 τῆς
3405 2009 3616 2069 οἰκείας
3681 2007 4026 2076 άγαθότητος

2435 2094 2615 2164 χάριτι
2648 2094 2792 2160 φιλεῖ
2831 2095 3234 2162 ἐπιφαίνεσθαι,
3303 2100 3394 2152 καὶ
3427 2100 3516 2167 ὑφ’
3547 2094 3611 2151 οὗ
3678 2100 3925 2167 βασιλεῖς
3975 2117 4028 2151 τε

2438 2187 2663 2255 ἄρχουσι
2695 2187 2790 2238 καὶ
2822 2187 3069 2256 τύραννοι
3100 2186 3361 2257 κρατοῦσι
3396 2192 3496 2260 τῆς
3522 2191 3646 2259 γῆς.
3699 2191 3894 2242 Ταῦτα
3936 2193 4027 2251 τὰς

2438 2277 2742 2346 παρθένους
2776 2278 3058 2348 ἀτρέπτως
3099 2279 3237 2333 πάνυ
3272 2282 3365 2333 καὶ
3419 2281 3672 2349 ἐμμελῶς
3712 2283 4026 2350 ἀποκρινα-

2441 2370 2611 2436 μένας
2647 2369 2675 2418 ὀ
2715 2370 2900 2437 ἄρχων
2947 2370 3246 2437 ἐμϐλέψας,
3296 2373 3653 2441 ὑπερηγάσθη
3707 2374 3812 2442 τήν
3851 2390 3913 2424 τε
3944 2390 4031 2423 κο-

2443 2458 2608 2523 σμίαν
2639 2461 2980 2526 παράστασιν
3011 2460 3103 2510 καὶ
3154 2460 3213 2510 τὸ
3258 2460 3366 2513 τῶν
3398 2463 3742 2529 ἀποκρίσεων
3780 2463 4030 2530 νουνεχὲς

2441 2549 2536 2601 καὶ
2567 2549 2875 2602 εύσύνετον.
2912 2551 3020 2603 Καὶ
3054 2548 3228 2612 οὕτως
3259 2545 3326 2619 ἦν
3350 2551 3440 2602 ἐπὶ
3473 2552 3608 2602 πολὺ
3648 2552 3899 2616 σιωπῶν,
3938 2554 4032 2601 καί

2439 2642 2498 2691 ἐν
2530 2638 2768 2707 θαύματι
2791 2642 2992 2702 ταύτας
3025 2642 3370 2710 ποιούμενος.
3402 2642 3528 2710 ’0ψέ
3561 2642 3606 2693 δ’
3640 2637 3733 2692 οἷν
3756 2643 3908 2710 ὅμως
3939 2657 4033 2692 και

2443 2733 2707 2800 δευτέραν
2740 2731 3010 2800 ἐρώτησιν
3040 2734 3237 2799 ἐπῆγε,
3271 2736 3390 2786 τίνα
3430 2751 3489 2784 τε
3523 2734 3590 2785 τὰ
3621 2734 3894 2801 ὀνόματα,
3940 2736 4028 2783 καὶ

2444 2825 2564 2891 ἥτις
2594 2823 2780 2882 αὑταῖς
2838 2821 3239 2890 πυνθανόμενος
3287 2825 3319 2891 ἡ
3356 2825 3572 2889 πατρίς.
3611 2826 3675 2874 Δί
3709 2827 3791 2886 δέ,
3829 2826 4032 2892 Πρῶτι

2449 2914 2545 2982 μὲν
2593 2914 2700 2965 ἀπὸ
2746 2912 2988 2980 Χριστοῦ
3037 2914 3374 2981 κεκλήμεθα,
3410 2909 3584 2964 εἶπον.
3622 2914 3682 2963 Εἰ
3729 2916 3789 2966 δὲ
3844 2916 3944 2965 καί
3973 2917 4032 2964 τὸ

2445 3004 2552 3055 ἀπδ
2594 3003 2688 3056 τοῦ
2732 3003 3110 3071 βαπτίσματος
3144 3003 3315 3071 όνομα
3346 3003 3427 3054 δεῖ
3474 3003 3822 3070 προσθεῖναι,
3858 3005 3891 3070 ἡ
3935 3004 4033 3070 μὲν

2455 3097 2782 3166 Μηνοδώρα,
2821 3099 2854 3164 ἡ
2902 3096 2956 3148 δέ
2989 3096 3349 3165 Μητροδύιρα,
3399 3097 3490 3147 καὶ
3527 3099 3559 3164 ή
3593 3096 3708 3160 μετ’
3754 3095 3933 3165 αὐτὴν
3982 3095 4035 3148 δὲ

2446 3185 2832 3255 Νυμφοδώρα,
2892 3185 3181 3254 λεγόμεθα.
3239 3186 3502 3255 Πατρίδος
3555 3187 3868 3254 ὁρμώμεθα
3933 3187 4034 3254 τῆς

2448 3278 2710 3332 Βιθυνῶν.
2748 3279 2996 3347 Ἔφυμεν
3023 3279 3076 3330 δέ
3100 3278 3206 3330 ἀπὸ
3238 3277 3331 3330 τοῦ
3365 3278 3528 3331 αὑτοῦ
3563 3281 3913 3348 σπέρματος,
3943 3285 4035 3330 καὶ

2448 3373 2553 3426 ὑπὸ
2589 3374 2682 3441 τῆς
2707 3373 2873 3442 αὑτῆς
2908 3374 3112 3441 μητρὸς
3145 3375 3489 3440 ἐτράφημεν,
3526 3375 3620 3422 καὶ
3655 3373 3762 3423 ὑπο
3793 3375 3908 3422 τῶν
3943 3375 4037 3422 ai-

2450 3466 2556 3517 τῶν
2591 3465 2794 3531 γονέων
2825 3463 3184 3531 ἡγαπήμεθα,
3219 3465 3312 3514 καὶ
3343 3467 3442 3531 τὴν
3489 3465 3658 3530 αὑτὴν
3689 3465 3915 3531 μητέρα
3945 3466 4037 3515 καὶ

2447 3557 2537 3606 τὸν
2572 3554 2729 3607 αὑτὸν
2764 3553 2976 3622 πατέρα
3004 3555 3557 3624 προσηγορεύσαμεν.
3594 3556 3700 3606 Καὶ
3753 3554 4036 3613 πολιτείας

2449 3646 2506 3697 δὲ
2545 3645 2800 3715 ἡψάμεθα
2834 3645 2931 3716 τῆς
2975 3647 3170 3717 αὐτῆς,
3223 3647 3318 3700 καὶ
3373 3648 3472 3716 τῇς
3515 3647 3632 3717 ἴσης
3675 3645 3758 3697 ἔτι
3790 3647 4037 3714 ἐχόμεθα

2448 3738 2691 3808 γνώμης·

2515 3835 2585 3885 Δ’.
2640 3832 2712 3883 Τὸ
2764 3831 3073 3901 ἐλευθέριον
3104 3831 3284 3885 τοίνυν
3331 3831 3426 3886 τοῦ
3460 3848 3520 3884 τε
3550 3834 3760 3901 τρόπου
3792 3835 3898 3886 καὶ
3930 3833 4037 3885 τῶν

2447 3923 2713 3994 ῥημάτων
2738 3924 2917 3994 ῄσυχῆ
2955 3927 3162 3984 ἐκεῖνος
3193 3924 3503 3990 θαυμάσας,
3542 3927 3860 3995 περιέργως
3894 3929 4036 3992 ἄγαν

2447 4018 2474 4067 ό
2513 4017 2682 4079 δεινὸς
2711 4019 2804 4070 καὶ
2839 4016 3109 4080 ὑπούλως,
3151 4015 3346 4082 κλέψαι
3383 4016 3480 4077 τὰς
3524 4019 3830 4086 παρθένους
3873 4022 4036 4080 εὐθὺς

2447 4107 2760 4174 ἐπεχείρει,
2795 4109 2884 4178 Μὴ
2917 4107 3007 4160 οῦν
3039 4107 3073 4160 ἃ
3126 4109 3174 4159 οί
3221 4108 3355 4171 θεοὶ,
3386 4107 3589 4175 λέγων,
3640 4109 3721 4170 είς
3773 4112 4036 4178 ὁμόνοιαν

2447 4200 2568 4260 ταῖς
2615 4197 2872 4268 ἀδελφαῖς
2907 4204 3178 4270 παρέσχον
3224 4202 3290 4254 τά
3322 4201 3523 4270 ἀγαθὰ,
3567 4201 3774 4272 μάταια
3851 4203 4035 4270 ὑμεῖς,

2447 4285 2490 4343 ὦ
2528 4292 2679 4360 φίλαι
2711 4295 2901 4364 κόραι,
2945 4298 3243 4363 ποιήσητε
3285 4295 3403 4345 ἀλλ”
3439 4297 3530 4346 ἐπὶ
3564 4296 3736 4347 ταῦτα
3770 4297 3869 4346 καὶ
3902 4297 4032 4348 ἄλλα

2447 4382 2780 4449 οἰκοδομεῖτε
2811 4384 2998 4450 φιλικά
3033 4384 3191 4451 ἔργα,
3231 4385 3325 4434 καὶ
3355 4383 3559 4449 ἀδελφά
3602 4401 3691 4452 μοι
3730 4383 3881 4436 οὕτω
3936 4385 4027 4436 τοῦ

2447 4473 2637 4526 λοιποῦ
2689 4478 2933 4540 φρονεῖτε
2982 4492 2995 4505 ’
3059 4475 3153 4526 καὶ
3204 4475 3471 4544 πειθήνιοί
3549 4492 3638 4546 μοι
3711 4478 4028 4548 γενόμεναι,

768 4599 966 4650 sentlte
1060 4592 1336 4660 protinus,
1371 4602 1476 4640 nec
1535 4587 1796 4640 sustineat
1859 4585 2026 4638 altera
2113 4585 2338 4638 alteram

2451 4569 2602 4636 κοινῇ
2635 4563 2778 4620 οὕτω
2831 4567 2926 4618 καὶ
2986 4567 3098 4629 τοῖς
3153 4565 3294 4631 θεοῖς
3348 4567 3549 4620 θύσατε
3604 4570 3695 4620 καὶ
3730 4571 3803 4632 ὡς
3871 4572 4030 4623 ἀδελ-

770 4697 1013 4740 sororem
1051 4679 1235 4731 videre
1272 4676 1606 4742 turpissima,
1662 4691 1693 4726 ο
1749 4675 1861 4728 dii!
1895 4685 1948 4728 et
1991 4676 2343 4728 acerbissima

771 4777 1087 4846 patientem,
1108 4770 1359 4830 esllorem
1382 4767 1800 4836 pulchritudinis
1827 4768 2039 4835 probris
2077 4777 2130 4819 et
2153 4776 2346 4819 contu-

771 4868 946 4921 meliis
1045 4861 1427 4915 miserabiliter
1490 4859 1647 4911 allici.
1701 4860 1822 4913 Haec
1904 4874 2054 4928 ergo,
2117 4868 2173 4911 ut
2228 4860 2344 4926 qui,

771 4975 890 5026 quae
923 4967 1158 5025 oportet,
1211 4953 1384 5007 dicam
1421 4958 1474 5003 et
1508 4950 1660 5003 vobis
1699 4953 1870 5013 utilia,
1902 4967 1930 5003 a
1979 4967 2064 5005 me
2087 4952 2343 5020 accipite,

774 5059 825 5100 et
863 5049 992 5100 mihi
1042 5053 1247 5115 parete,
1307 5053 1561 5108 tanquam
1610 5042 1768 5114 patri,
1827 5041 1882 5094 in
1940 5056 2034 5094 vos
2067 5051 2343 5108 paternam

771 5131 1013 5182 servanti
1126 5122 1492 5179 allec-tionem.
1569 5121 1663 5174 Sic
1768 5125 1912 5175 enim
2007 5121 2346 5191 imperatOris

768 5220 1206 5274 benevolentiam
1241 5215 1606 5286 assequemini
1633 5224 1686 5268 et
1717 5213 1965 5284 gloriam,
1989 5223 2044 5266 et
2079 5231 2176 5269 vos
2200 5215 2349 5268 exci-

773 5317 882 5380 piet
931 5311 1207 5365 aﬂluentla
1244 5318 1297 5365 et
1334 5325 1480 5362 mare
1531 5307 1830 5372 bonorum;
1857 5317 1908 5360 et
1934 5305 2129 5358 merito
2162 5307 2347 5361 felices

771 5415 985 5468 semper
1045 5399 1510 5460 existimabimini,
1531 5407 1586 5451 et
1615 5398 1890 5450 memoriae
1917 5397 2344 5452 mandabimini:

771 5495 855 5545 sin
960 5491 1139 5543 minus
1218 5489 1454 5542 immane
1549 5495 1604 5542 et
1689 5484 1907 5539 crudele
2018 5485 2345 5556 supplicium

770 5589 1059 5637 consumet
1094 5579 1374 5649 pulchram
1405 5580 1635 5629 vestram
1683 5583 1736 5629 et
1779 5585 2020 5628 teneram
2083 5577 2344 5647 speciem.

772 5670 850 5722 Ad
915 5671 1028 5723 haec
1058 5668 1338 5736 excipiens
1404 5666 1839 5731 Menodora,At
1900 5667 2077 5728 nobis,
2147 5668 2347 5736 inquit,

772 5779 804 5811 υ
853 5761 1042 5828 judex,
1119 5775 1218 5814 nec
1289 5774 1407 5828 quae
1485 5768 1541 5812 tu
1603 5759 1875 5827 promittis
1931 5759 2182 5813 videntur
2226 5774 2348 5816 esse

775 5867 992 5924 magna,
1059 5867 1160 5908 nec
1224 5868 1346 5920 quae
1413 5863 1467 5908 tu
1560 5861 1751 5910 rursus
1827 5851 2051 5908 minaris
2116 5862 2346 5926 possunt

2450 4663 2571 4728 (ραι,
2607 4662 2698 4712 καὶ
2765 4660 2866 4728 μὲν
2924 4659 3054 4729 περὶ
3086 4661 3185 4726 τὴν
3236 4663 3314 4723 είς
3374 4661 3568 4715 αὐτοὺς
3609 4659 3824 4709 εὔνοιαν
3868 4661 4030 4719 εὐθὺς

2449 4751 2730 4803 διαστᾶσαι
2773 4750 3040 4817 ἀλλήλων,
3070 4751 3370 4819 ἀνάσχεσθε
3420 4749 3656 4817 ἀδελφὴν
3683 4748 3840 4816 ὑμῶν
3883 4749 4028 4807 ίδεῖν,

2449 4842 2516 4892 τά
2545 4841 2819 4906 ais/acta,
2858 4834 2901 4890 ὢ
2931 4840 3066 4900 θεοὶ,
3115 4842 3210 4891 καὶ
3267 4839 3570 4909 πικρότατα
3619 4839 4026 4908 ὑπομένουσαν,

2451 4933 2636 4985 καὶτὸ
2685 4934 2784 4999 τῆς
2820 4930 2969 5003 ὥρας
3004 4930 3166 4994 ἄνθος
3217 4930 3466 4997 ἐλεεινῶς
3519 4931 3907 5003 ὑϐριζόμενον.
3947 4933 4026 4996 Ὣς

2449 5018 2540 5074 οὖν
2565 5023 2631 5074 τὰ
2659 5023 2843 5075 δέοντα
2888 5021 2983 5076 καὶ
3027 5022 3302 5092 λυσιτελῆ,
3357 5022 3608 5089 λέγοντος
3650 5023 3809 5091 ἐμοῦ,
3857 5024 4027 5084 οὕτως

2451 5114 2804 5182 ἀποδέχεσθε,
2850 5114 2944 5164 καί
2995 5131 3086 5182 μοι
3129 5115 3226 5166 ὅσα
3259 5114 3354 5167 καὶ
3396 5113 3781 5182 περιπείθεσθε
3835 5129 4006 5180 πατρι

2453 5207 2556 5274 κὴν
2616 5208 2751 5273 πρὸς
2810 5206 2952 5274 ὑμᾶς
3007 5205 3261 5274 τηροῦντι
3304 5205 3562 5260 διάθεσιν.
3622 5206 3779 5258 Οὕτω
3826 5207 3936 5278 γάρ
3969 5206 4020 5259 ἃς

2452 5296 2739 5364 εὐμενείας
2777 5314 2836 5349 τε
2880 5295 3225 5367 ἀπολαύσητε
3264 5296 3548 5367 βασιλικῆς
3593 5297 3685 5348 καὶ
3713 5296 3902 5369 δόξης,
3940 5298 4023 5348 εὑ-

2456 5388 2576 5456 ροιά
2625 5404 2681 5438 τε
2734 5388 2851 5456 βίου
2900 5387 3042 5454 ὑμᾶς
3065 5387 3162 5440 καὶ
3206 5387 3426 5454 ἀγαθῶν
3451 5385 3734 5455 ἐκδέξηται
3763 5389 4026 5454 θάλασσα,

2452 5481 2547 5532 καὶ
2604 5479 2996 5550 μακαρίζοισθέ
3049 5498 3111 5548 γε
3161 5479 3384 5545 δικαίως
3413 5481 3505 5532 τὸν
3559 5483 3647 5535 ἀεὶ
3692 5484 3909 5553 χρόνον,
3941 5487 4028 5534 καὶ

2455 5574 2676 5642 μνήμης
2705 5573 3045 5641 τυγχάνοιτε.
3082 5574 3145 5625 El
3181 5573 3343 5638 δὀῦν,
3388 5572 3522 5627 ἀλλά
3543 5577 3666 5645 χεὶρ
3699 5576 3918 5644 ἀπηνὴς
3942 5580 4027 5629 καὶ

2454 5664 2672 5726 κόλασις
2707 5664 2984 5735 ὠμοτέρα,
3017 5666 3078 5717 τὸ
3108 5665 3289 5730 καλὸν,
3349 5666 3495 5734 οῐμοι
3539 5668 3637 5735 τῆς
3699 5666 3851 5735 ὧρας
3879 5669 4026 5725 τοῦτο

2453 5757 2546 5809 καὶ
2601 5755 2811 5809 ἁπαλὸν
2878 5756 3237 5811 ἀναλώσουσι.
3293 5758 3436 5828 Πρὸς
3489 5757 3664 5810 ταῦτα
3729 5760 4025 5830 Μηνοδώρι

2453 5851 2826 5918 ὑπολαϐοῦσα,
2889 5852 3027 5906 Ἀλλ’
3072 5853 3223 5925 ἡμῖν,
3250 5847 3293 5906 ὦ
3343 5854 3550 5925 ἄρχων,
3588 5850 3766 5920 εἶπεν,
3793 5856 3916 5908 οὔτε
3966 5857 4024 5909 τὰ
