4198 6438
191 405 300 469 65Ἰ

999 398 1466 462 MARTYRIUM
1504 396 1564 458 S.
1608 392 2045 458 MENODORE
2085 399 2180 460 ET
2221 402 2634 465 SOCIARUM.

3329 401 3446 464 653-

191 514 344 584 παρὰ
385 512 477 566 σού
520 513 930 582 ὑπισχνούμενα
986 515 1198 580 μεγάλα
1226 509 1388 568 ,εἶναι
1425 512 1593 575 δοκεῖ,
1637 510 1759 563 οὔτε
1787 504 1840 564 Α

1866 511 2030 565 ullum
2087 521 2348 569 terrorem
2390 514 2654 572 incutere.
2689 516 2818 570 Nam
2841 517 2942 572 frui
2970 519 3185 586 quidem
3206 517 3430 579 divitiis,

194 608 305 674 μὴν
334 607 495 658 πάλιν
520 605 588 658 τά
617 604 990 675 άπειλούμενα
1046 606 1210 674 φόϐον
1239 609 1488 673 ἐμποιεῖν
1513 606 1757 660 δύναται.

193 696 437 748 Πλούτου
469 697 565 766 μὲν
597 697 728 765 γὰρ,
761 697 855 748 καὶ
884 697 1118 766 τρυφῆς,
1152 700 1244 749 καὶ
1268 697 1446 765 δόξης,
1477 699 1570 750 καὶ
1595 699 1627 768 ὴ
1654 697 1763 749 τῶν

189 788 369 840 ἄλλων
398 789 568 857 ἡδέων
620 791 941 854 ἀπόλαυσις,
978 792 1087 860 ὅσῳ
1122 793 1456 861 πρόσκαιρον
1500 791 1621 864 ἔχει.
1667 794 1765 862 τὴν

187 880 412 948 ἡδονὴν,
441 881 681 948 τοσούτῳ
717 884 940 951 μόνιμον
985 884 1194 936 ἐκεῖθεν
1223 884 1320 954 τὴν
1370 886 1640 954 τιμωρίαν
1663 901 1675 914 ·
1707 887 1764 937 αί

189 968 536 1035 δὲ’κολάσεις
579 975 672 1026 καὶ
725 975 756 1042 ἡ
812 975 904 1026 τοῦ
960 975 1202 1045 φθαρτοῦ
1265 977 1451 1030 τούτου
1513 975 1764 1046 σώματος

191 1064 440 1126 κάκωσις
473 1064 775 1133 λυπήσουσι
825 1067 924 1134 μὲν
960 1068 1089 1132 ἴσως
1134 1069 1371 1123 ἐνταῦθα
1418 1072 1511 1122 καὶ
1567 1070 1763 1138 μικρίν

191 1155 431 1225 ἀλγῆσαι
479 1161 1039 1225 παρασκευάσουσιν,
1112 1163 1453 1230 εὐφροσύνης
1512 1164 1565 1214 δὲ
1631 1165 1763 1230 ἡμῖν

189 1243 407 1299 ἔσονται
446 1249 691 1314 πρόξενοι
736 1250 1004 1316 μηδέποτε
1034 1252 1364 1320 παυομένης.
1400 1254 1498 1306 Σοῦ
1528 1254 1624 1322 μὲν
1656 1253 1762 1322 γάρ

191 1339 367 1391 καὶτὸ
389 1339 551 1392 κακὸν
581 1340 913 1408 πρόσκαιρον
953 1341 1048 1394 καὶ
1088 1342 1148 1394 τὸ
1179 1344 1383 1410 ἀγαθὸν
1421 1347 1765 1414 παρερχόμε-

190 1445 286 1478 νον
311 1443 323 1456 ·
353 1428 446 1479 τοῦ
480 1429 748 1500 ἡμετέρου
780 1429 836 1481 δὲ
873 1430 1147 1484 Δεσπότου
1181 1433 1272 1485 καὶ
1305 1435 1365 1483 τὸ
1399 1433 1603 1485 λυποῦν
1635 1433 1766 1485 αἰώ-

191 1534 310 1570 νιον
349 1520 443 1572 καὶ
481 1520 540 1573 τὸ
571 1521 865 1592 εὐφραῖνον
911 1524 998 1576 ἀεί
1030 1542 1158 1578 ποτε
1203 1525 1475 1593 διαμένον.
1502 1526 1687 1598 Ταύτῃ
1711 1527 1766 1578 δὲ

191 1612 297 1662 καὶ
322 1612 520 1678 μᾶλλον
550 1613 777 1682 ἀδελφαὶ
795 1615 1038 1684 δόξομεν,
1073 1617 1167 1670 καὶ
1200 1616 1424 1683 ἀδελφαὶ
1460 1616 1558 1679 τὰς
1588 1618 1765 1687 ψυχὰς

199 1703 405 1770 μᾶλλον
457 1704 489 1773 ἢ
539 1705 606 1757 τὰ
639 1704 890 1775 σώματα,
923 1708 971 1760 ει
1008 1707 1196 1777 ὥσπερ
1234 1710 1329 1775 μία
1380 1710 1592 1778 γαστὴρ
1617 1712 1764 1779 ἡμᾶς

1863 612 1916 657 et
1933 605 2143 660 deliciis
2161 616 2214 661 et
2235 607 2400 675 gloria
2425 621 2478 662 et
2498 609 2905 680 aliisjucundis,
2929 623 3034 679 quo
3059 609 3316 677 majorem
3341 608 3458 661 hae

1864 693 1951 746 bet
1977 696 2042 747 ad
2072 704 2286 766 tempus
2312 699 2666 768 voluptatem,
2705 717 2771 756 eo
2786 703 3102 757 stabiliusac
3122 702 3434 755 diuturnius

1867 779 1970 835 illic
2002 782 2164 838 habet
2212 787 2560 853 supplicium.
2615 788 2889 860 Supplicia
2941 800 3143 855 autem,
3174 799 3229 844 et
3250 789 3434 858 hujus,

1867 871 1921 926 in
1991 877 2133 943 quod
2199 878 2345 932 cadit
2403 879 2676 945 interitus,
2752 882 2996 950 corporis
3069 881 3307 945 afflictio,
3336 895 3437 933 nos

1865 966 2080 1033 quidem
2117 968 2201 1023 hic
2229 968 2454 1026 fortasse
2484 974 2726 1026 moleStia
2748 976 3003 1039 alliciunt,
3041 987 3092 1030 et
3115 975 3353 1030 elliciunt
3381 982 3438 1026 ut

1865 1055 2017 1113 dolor
2035 1059 2227 1130 aliquis
2259 1065 2555 1121 sentiatur:
2582 1066 2821 1122 laetitiam
2847 1076 3022 1121 autem
3049 1064 3433 1124 conciliabunt,

1865 1166 1984 1211 (tuae
2041 1171 2312 1225 nunquam
2363 1170 2443 1214 est
2475 1161 2736 1216 desitura.
2797 1160 2928 1215 Nam
2978 1159 3178 1212 malum
3214 1154 3432 1224 quidem

1866 1247 2006 1313 (ιιιοᾶ
2040 1263 2070 1300 a
2099 1258 2148 1302 te
2181 1249 2413 1304 infertur
2444 1260 2526 1305 est
2561 1253 2625 1305 ad
2655 1259 2890 1320 tempus,
2949 1257 3004 1304 et
3033 1250 3235 1302 bontnn
3293 1245 3436 1312 quod

1868 1336 2141 1392 confertur
2173 1342 2427 1406 praterit;
2483 1343 2651 1396 nostri
2685 1353 2863 1399 autem
2893 1341 3104 1395 Domini
3136 1349 3188 1391 et
3212 1338 3262 1392 id
3295 1337 3436 1404 quod

1870 1426 2026 1480 aliert
2081 1429 2381 1483 molestiam
2417 1442 2500 1483 est
2547 1443 2831 1496 aeternum,
2864 1442 2918 1486 et
2967 1432 3017 1484 id
3050 1431 3192 1498 quod
3255 1428 3436 1480 laetitia

1869 1517 2031 1572 afﬁcit
2082 1536 2294 1590 semper
2321 1534 2521 1576 manet.
2556 1523 2646 1578 Sic
2673 1537 2726 1577 et
2798 1523 2967 1594 magis
3023 1523 3322 1579 videbimur
3353 1536 3442 1575 so-

1870 1625 2043 1674 rores,
2079 1623 2132 1664 et
2179 1627 2394 1667 sorores
2439 1614 2635 1668 animis
2664 1615 2843 1685 potius
2907 1631 3069 1683 quam
3101 1614 3438 1692 corporibus.

1869 1703 1911 1756 si
1943 1701 2084 1756 sicut
2132 1720 2230 1758 nos
2267 1718 2454 1761 venter
2507 1723 2647 1762 unus
2701 1708 2930 1777 peperit,
2970 1709 3041 1762 ita
3079 1709 3239 1762 etiam
3295 1723 3440 1761 mors

196 1794 409 1860 ὤδινεν,
445 1796 587 1850 οὕτω
614 1801 708 1850 καὶ
738 1799 965 1864 θάνατος
996 1799 1076 1862 εἷς
1101 1803 1238 1870 ὑπὲρ
1265 1804 1518 1867 ἀσεϐείας
1548 1804 1767 1858 τελειώ-
1808 1834 1842 1890 Β

1874 1804 2161 1850 consumet
2189 1812 2285 1865 pro
2312 1798 2532 1867 pietate.
2579 1809 2633 1854 et
2682 1802 2822 1854 idem
2846 1800 3106 1872 suscipiat
3146 1801 3436 1857 thalamus.

198 1902 308 1945 σει.
340 1887 433 1938 καὶ
467 1887 708 1956 θάλαμος
739 1890 766 1939 ὀ
796 1892 955 1952 αὐτὸς
981 1892 1314 1954 ὑποδέξεται.
1348 1894 1533 1958 Οὕτως
1578 1899 1638 1949 οὐ
1682 1900 1774 1950 λυ·

195 1974 426 2044 θήσεται
465 1979 597 2045 ἡμῖν
623 1979 654 2045 ἡ
706 1979 856 2046 φιλία
894 1979 1014 2032 οὐδὲ
1038 1982 1130 2049 ἀφ’
1159 1982 1314 2051 ἡμῶν
1340 1981 1769 2052 διαστησόμεθα,

197 2067 338 2118 ἀλλὰ
367 2068 591 2138 διηνεκῆ
617 2067 712 2138 τὴν
734 2069 1072 2141 ἀδελφότητα
1105 2073 1324 2139 ἑαυταῖς
1355 2073 1447 2126 καὶ
1475 2075 1573 2144 τὴν
1610 2077 1770 2139 συζυ-

198 2162 326 2223 γίαν
357 2160 695 2232 τηρήσομεν,
749 2164 797 2216 εί
856 2163 934 2234 τῷ
988 2165 1226 2233 ἀδελφάς
1306 2169 1454 2236 ἡμᾶς
1508 2168 1772 2222 πλάσαντι

196 2251 407 2319 ἀδελφὰ
429 2254 523 2305 καὶ
553 2255 622 2306 τά
652 2256 978 2324 φρονήματα
1017 2259 1465 2328 παραστήσομεν.
1503 2259 1644 2314 Ἀλλ’
1675 2261 1773 2315 οὐκ

197 2345 550 2416 ἀρνησόμεθα
586 2364 664 2414 σε,
693 2349 890 2416 νυμφίε
935 2350 1162 2418 Χριστὲ,
1198 2350 1506 2420 ἔμπροσθεν
1530 2353 1639 2406 τῶν
1678 2357 1774 2408 άν-

201 2432 466 2501 θρώπων,
507 2435 580 2504 μὴ
635 2436 817 2487 τοίνυν
870 2436 1005 2504 μηδὲ
1045 2437 1207 2499 αὐτὸς
1266 2441 1413 2508 ἡμᾶς
1461 2443 1775 2511 ἔμπροσθεν

199 2526 298 2577 τοῦ
331 2526 540 2595 Πατρός
577 2542 665 2577 σου
699 2525 792 2578 τοῦ
839 2528 896 2578 ὲν
944 2530 1059 2591 τοῖς
1103 2528 1372 2597 οὐρανοῖς.
1408 2533 1549 2601 Πρὸς
1580 2534 1772 2599 ταῦτα,

199 2610 245 2668 ὣ
286 2616 534 2680 δικαστά,
563 2615 758 2680 κόλαζε
781 2618 841 2678 τὸ
875 2617 1042 2670 καλόν
1074 2636 1165 2673 σου
1191 2618 1347 2673 τοῦτο
1384 2621 1479 2673 τοῦ
1515 2623 1775 2692 σώματος

199 2708 383 2774 ἄνθος,
405 2707 500 2761 καὶ
522 2709 873 2763 καταδαπάνα
890 2715 1012 2774 ταῖς
1033 2713 1301 2780 μάστιξιν,
1323 2714 1496 2778 οὐδεὶς
1508 2720 1614 2783 γὰρ
1633 2717 1774 2770 οὕτω

201 2798 489 2861 κάλλιστος
527 2801 751 2870 κόσμος,
779 2801 899 2853 οὐδὲ
931 2803 1154 2870 χρυσὸς,
1177 2804 1295 2856 οὐδὲ
1324 2805 1610 2869 πολυτελὲς
1655 2809 1774 2860 ἐπί·

198 2894 388 2964 ϐλημα
407 2894 497 2947 καὶ
520 2895 754 2947 ποικίλον
776 2894 916 2947 οὕτω
934 2898 1254 2965 κοσμήσειεν
1272 2898 1344 2959 ὡς
1366 2901 1419 2950 αἱ
1443 2902 1528 2952 σαὶ
1547 2903 1650 2968 πλη
1661 2905 1772 2967 γαὶ,

203 2991 258 3039 αἱ
309 2988 398 3039 σαὶ
455 2987 739 3054 μάστιγες,
788 2989 852 3052 ἃς
898 2990 960 3042 ὲκ
993 2990 1188 3044 πολλοῦ
1227 2994 1389 3062 ἡμεῖς
1413 2992 1652 3065 διψῶμεν
1690 2995 1777 3050 διὰ

200 3079 456 3148 Χριστὸν,
491 3081 584 3134 καὶ
614 3075 688 3136 ὧν
720 3084 802 3136 ἔτι
827 3085 1145 3155 γλιχόμεθα.

1874 1886 1965 1941 Sic
2016 1903 2123 1941 non
2153 1888 2480 1944 dissolvetur
2507 1892 2663 1944 nobis
2699 1893 2955 1956 amicitia,
3004 1909 3181 1962 neque
3212 1910 3238 1946 ο
3283 1894 3439 1949 nobis

1873 1979 2108 2033 invicem
2142 1982 2518 2049 separabimur
2551 2001 2563 2037 :
2599 1985 2691 2038 sed
2733 1994 3048 2053 perpetuam
3103 1985 3442 2042 servabimus

1873 2069 2035 2122 nobis
2089 2070 2482 2128 fraternitatem
2538 2085 2592 2129 et
2659 2077 3128 2145 conjunctionem.
3166 2077 3209 2131 si
3265 2077 3313 2130 ei
3347 2076 3439 2145 qui

1873 2174 1972 2213 nos
2007 2159 2161 2213 ﬁnxit
2192 2177 2408 2216 sorores
2465 2165 2824 2219 exhibeamus
2859 2167 3020 2220 etiam
3048 2168 3286 2220 sororias
3346 2183 3442 2220 vo-

1874 2250 2132 2305 luntates.
2164 2251 2271 2306 Sed
2320 2263 2372 2307 te
2412 2270 2519 2308 non
2575 2257 2914 2326 negabimus,
2970 2273 3168 2326 sponse
3201 2258 3441 2321 Christe,

1875 2360 2056 2399 coram
2097 2345 2431 2401 hominibus.
2470 2344 2580 2401 Nec
2635 2358 2691 2402 tu
2742 2365 2870 2420 ergo
2906 2367 3007 2404 nos
3047 2366 3212 2420 neges
3258 2367 3440 2406 coram

1881 2437 2037 2493 Patre
2069 2449 2278 2504 nostro,
2317 2441 2409 2510 qui
2449 2449 2532 2496 est
2590 2442 2642 2495 in
2684 2443 2860 2497 cmlis.
2901 2443 3117 2511 Castiga
3167 2445 3371 2512 itaque,
3409 2459 3441 2500 ο

1876 2531 2060 2598 judex,
2128 2532 2273 2585 hunc
2317 2534 2412 2586 tibi
2473 2534 2761 2600 pulchrum
2828 2534 3011 2589 liorem
3069 2538 3334 2605 corporis,
3387 2547 3441 2591 et

1878 2635 2140 2674 consume
2168 2620 2411 2691 ﬂagellis.
2463 2623 2679 2677 Nullum
2723 2626 2868 2678 enim
2908 2637 3296 2680 ornamentum
3326 2629 3446 2697 pul-

1875 2713 2237 2777 cherrimum,
2271 2730 2448 2785 neque
2483 2731 2700 2779 aurum,
2731 2733 2906 2786 neque
2956 2727 3325 2790 tegumentum
3359 2723 3442 2774 ul-

1881 2807 1991 2860 lum
2024 2801 2371 2878 magnificum
2411 2816 2463 2861 et
2496 2809 2727 2872 varium,
2757 2808 2830 2862 ita
2883 2811 3164 2865 ornaverit
3223 2826 3443 2880 corpus,

1881 2909 1938 2949 ut
1970 2906 2073 2953 tuae
2097 2898 2286 2964 plagae,
2325 2909 2415 2951 tua
2443 2897 2673 2966 ﬂagella,
2703 2915 2825 2968 quae
2858 2915 2958 2954 nos
2981 2901 3190 2970 jamdiu
3225 2901 3443 2956 sitimus

1879 2997 2104 3056 propter
2126 2987 2427 3056 Christum,
2459 2998 2516 3042 et
2563 3003 2682 3057 quae
2711 2991 2892 3044 adhuc
2939 2991 3109 3062 magis
3167 2993 3445 3048 desidera-

1879 3098 2020 3137 ιηυε.

281 3171 355 3221 E'.
399 3171 582 3224 Ταῦτα
622 3175 720 3226 οὐκ
761 3175 957 3242 ἤνεγκε
1016 3176 1208 3243 πράως
1255 3178 1282 3229 ὁ
1325 3177 1582 3244 δικάζων,
1636 3181 1768 3237 ἀλλὰ
1799 3179 1842 3237 C

1950 3175 2008 3226 V.
2053 3173 2175 3229 Haec
2213 3190 2320 3228 non
2350 3175 2625 3231 moderate
2681 3176 2801 3231 tulit
2839 3177 3023 3247 iudex,
3083 3178 3175 3232 sed
3227 3193 3443 3232 omnem

202 3260 386 3314 πάντα
440 3262 610 3332 Θυμδν
665 3266 804 3318 κατὰ
839 3265 935 3333 τῆς
981 3266 1248 3336 παρθένου
1301 3267 1505 3337 ταύτης
1555 3271 1768 3340 ἀφῆκε·

200 3357 302 3409 καὶ
335 3359 678 3428 παραχρῆμα
721 3360 934 3413 κελεύει
981 3360 1318 3431 Μηνοδώραν
1365 3364 1770 3433 περιδυθεῖσαν,

199 3448 312 3500 ὑπὸ
343 3449 602 3516 τέσσαρσι
645 3451 1013 3516 διαξαίνεσθαι
1056 3459 1166 3518 τοῖς
1210 3457 1426 3525 δημίοις
1476 3461 1565 3510 καὶ
1601 3460 1772 3530 ταύτῃ

199 3543 297 3592 τὸν
329 3541 546 3608 κήρυκα
571 3542 778 3609 ἐμϐοᾶν
811 3561 824 3575 ο
857 3545 1022 3605 Θεοὺς
1070 3546 1224 3611 τίμα.
1261 3546 1482 3614 βασιλέα
1513 3550 1770 3618 εὐφημει,

201 3633 335 3695 τοὺς
383 3635 672 3703 κειμένους
712 3636 909 3704 νόμους
950 3636 1024 3708 μὴ
1057 3637 1267 3708 ὕϐριζε.
1315 3641 1378 3692 'H
1407 3640 1463 3693 δὲ
1500 3643 1591 3694 καὶ
1615 3641 1772 3711 ὡρῶν

201 3726 305 3779 δύο
363 3731 483 3790 ταῖς
549 3729 781 3798 πληγαῖς
839 3729 1249 3802 διαξαινομένη,
1302 3734 1557 3802 οὐδεμιᾶς
1589 3735 1775 3804 ὥσπερ

202 3817 404 3884 ὀδύνης
480 3819 764 3888 ᾐσθάνετο,
820 3824 1110 3892 περιουσίᾳ
1163 3825 1348 3890 μέντοι
1398 3827 1774 3894 γενναιότητος

200 3908 316 3961 οὐδ’
349 3909 670 3972 ἑπεστὲναξε
706 3913 823 3972 ταῖς
850 3911 1106 3981 πληγαῖς.
1157 3914 1230 3965 Τὸ
1252 3913 1307 3966 δὲ
1344 3915 1439 3982 τῆς
1478 3915 1652 3985 ὅψεως
1684 3916 1774 3985 ρόο

202 4002 298 4053 δον
322 4001 442 4054 οὐδὲ
471 4003 650 4070 ὀλίγον
684 4004 896 4078 ὠχρία’
958 4007 1064 4074 ὅλῳ
1116 4007 1222 4078 γάρ
1272 4008 1480 4078 ὄμματι
1532 4011 1666 4081 πρὸς
1708 4013 1776 4065 τά

209 4093 475 4162 μέλλοντα
509 4098 672 4166 ἑώρα,
727 4101 817 4150 καὶ
851 4102 967 4162 ταῖς
1011 4102 1230 4152 ἐκείνων
1267 4100 1443 4154 ἐλπίσι
1473 4102 1570 4172 τὴν
1600 4103 1776 4172 ψυχὴν

210 4190 565 4259 μετεώριστο.
616 4190 672 4242 ’0
725 4191 908 4257 μέντοι
959 4192 1183 4260 ἀνόητος
1239 4193 1443 4262 ἄρχων,
1489 4194 1777 4264 διαϐλέψαι

208 4281 351 4349 πρὸς
391 4282 562 4334 ταῦτα
602 4284 701 4335 οὐκ
754 4283 916 4355 ἔχων,
968 4285 1279 4354 τετύφλωτο
1334 4287 1442 4354 γάρ
1493 4288 1620 4351 τοὺς
1677 4289 1775 4358 τῆς

201 4374 388 4442 ψυχῆς
435 4373 746 4443 ὀφθαλμοὺς
803 4376 1166 4446 μαλακωτέρα
1217 4378 1321 4429 ὑπὸ
1352 4377 1460 4430 τῶν
1501 4380 1776 4448 μαστίγων

207 4465 558 4529 ἑντεύξεσθαι
590 4470 651 4531 τῇ
696 4467 933 4534 μάρτυρι
962 4466 1120 4536 ᾤετο,
1155 4468 1246 4519 καὶ
1297 4467 1390 4520 ἐπὶ
1421 4470 1490 4522 τά
1535 4471 1774 4540 πρότερα

209 4555 513 4622 παρεκάλει
551 4556 644 4612 καὶ
666 4554 815 4608 θύειν
837 4552 990 4622 αὖθις
1024 4559 1293 4613 ἐκέλευεν.
1355 4559 1419 4614 'H
1460 4562 1538 4626 δὲ,
1577 4563 1685 4617 Καὶ
1723 4565 1774 4618 τί

209 4647 362 4717 παρὰ
394 4645 550 4698 τοῦτο
569 4648 774 4718 ἕτερον,
813 4649 941 4718 ἔφη,
977 4648 1194 4718 μάταιε,
1247 4651 1306 4704 τὸ
1337 4651 1494 4723 ἔργον
1516 4654 1674 4722 ἐμοῖς
1709 4655 1776 4707 Ἦ

206 4739 313 4808 οὐχ
338 4739 469 4808 ὁρᾷς
513 4739 587 4802 ὡς
633 4739 761 4808 ὃλην
797 4742 1042 4809 ἐμαυτὴν
1090 4740 1293 4794 τέθυκα
1338 4742 1415 4812 τῷ
1456 4744 1572 4813 ἐμῷ
1620 4745 1774 4814 Getis;

207 4829 308 4890 Τίς
340 4831 446 4898 γὰρ
475 4830 551 4898 τῷ
582 4831 772 4900 αἵματί
811 4849 910 4900 μου
943 4831 1179 4899 ὠφέλεια
1208 4835 1264 4884 ὲν
1311 4833 1388 4903 τῷ
1426 4834 1778 4890 καταϐαίνειν

213 4938 286 4990 με
319 4922 394 4982 είς
426 4920 749 4988 διαφθορὰν,
783 4923 829 4974 εί
865 4923 938 4990 μὴ
982 4922 1056 4990 τῷ
1088 4922 1205 4990 ὲμῷ
1232 4922 1389 4975 τοῦτο
1431 4925 1778 4994 προλαϐοῦσα

208 5012 506 5085 καταθύσω
560 5013 813 5083 νυμφίῳς
866 5013 1073 5080 Ταῦτα,
1113 5015 1304 5086 ὥσπερ
1330 5035 1410 5080 τις
1440 5019 1670 5089 σπινθὴρ
1703 5022 1780 5091 τῷ

209 5103 308 5156 τοῦ
353 5105 740 5175 συμπαρέδρου
782 5106 938 5176 θυμῴ
976 5113 1307 5179 ἐμπεσόντα,
1341 5116 1544 5184 ἐξῆπτε
1578 5117 1778 5184 μᾶλλον

209 5198 389 5269 αὐτὴν
421 5199 514 5250 καὶ
564 5199 852 5267 άνέφλεγε,
913 5203 1004 5256 καὶ
1060 5186 1431 5277 σιροδροτέραν
1478 5212 1621 5264 κατὰ
1682 5214 1780 5280 τῆς

213 5290 372 5357 ίερᾶς
405 5289 582 5360 ψυχῆς
635 5291 851 5358 ἐκείνης
891 5292 1094 5359 ὥπλιζε
1127 5295 1224 5366 τὴν
1271 5300 1490 5365 μανίαν,
1552 5306 1644 5353 καὶ
1689 5304 1780 5372 ῥάο

210 5380 364 5442 ὀδοις
400 5382 749 5453 συνετρίϐετο
781 5385 988 5439 τάόστᾶ
1016 5389 1047 5456 ἠ
1095 5389 1311 5454 γενναία
1348 5392 1438 5442 καὶ
1467 5393 1778 5452 συνεθλᾶτο.

215 5472 293 5543 μὴ
340 5480 638 5546 κινουμένη
696 5479 850 5542 ὅλως,
919 5480 992 5548 μὴ
1058 5483 1491 5549 μεταπίπτουσα.
1541 5483 1628 5554 Τῷ
1676 5488 1782 5552 γάρ

214 5566 427 5638 ἰσχυρῷ
473 5569 566 5622 τοῦ
604 5572 840 5640 Χριστοῦ
885 5573 1031 5641 πόθῳ
1067 5573 1272 5628 ἐδέδετο
1317 5576 1601 5631 πάντοθεν.
1652 5573 1779 5630 Εἶτα

213 5661 292 5729 τῷ
323 5660 540 5728 νυμφίῳ
558 5661 652 5728 τὴν
668 5663 850 5729 ἄφιξιν
885 5664 1204 5734 προμηνύει,
1240 5667 1352 5731 καῖ,
1387 5667 1553 5736 Κύριε
1609 5670 1778 5736 Ἰησοῦ

217 5751 445 5820 Χριστὲ,
486 5749 625 5818 μέγα
664 5751 919 5820 βοήσασα,
970 5755 1028 5807 τὸ
1074 5757 1202 5823 ἐμὸν
1233 5757 1570 5826 ἁγαλλίαμα,
1597 5761 1622 5812 ό
1652 5761 1776 5827 ἐμὸς

219 5846 382 5925 lpum.
437 5843 526 5895 ἐπὶ
584 5842 640 5894 σὲ
691 5843 790 5915 τὴν
843 5843 1031 5898 ἐλπίδα
1077 5846 1169 5913 τὴν
1221 5848 1353 5915 ἐμὴν
1426 5849 1773 5915 καταφεύγω·

1874 3264 2010 3316 iram
2053 3265 2105 3316 in
2157 3265 2294 3318 hanc
2335 3266 2556 3318 immisit
2602 3266 2864 3334 virginem
2901 3285 2913 3331 ;
2949 3278 3002 3320 et
3041 3269 3221 3323 statim
3270 3269 3445 3338 jubel,

1874 3358 1990 3411 aliis
2019 3357 2226 3410 duabus
2273 3357 2542 3422 abductis,
2586 3368 2803 3413 exutam
2842 3359 3187 3415 Menodoram
3247 3362 3376 3414 caedi
3415 3379 3444 3416 a

1874 3461 2106 3519 quatuor
2152 3450 2449 3516 lictoribus,
2498 3461 2551 3506 et
2599 3449 2675 3507 sic
2727 3453 3031 3508 exclamare
3091 3470 3445 3524 praeconem:

1877 3542 2014 3592 Deos
2081 3542 2239 3603 cole;
2279 3542 2434 3593 bonis
2489 3542 2665 3598 verbis
2719 3553 2774 3598 et
2818 3545 3065 3599 laudibus
3119 3562 3448 3617 prosequere

1875 3631 2254 3699 imperatorem
2291 3651 2303 3697 ;
2336 3633 2468 3687 latas
2501 3633 2641 3702 leges
2668 3637 2776 3689 noli
2829 3639 3029 3706 injuria
3089 3639 3319 3693 atiicere.
3357 3639 3444 3692 Illa

1877 3736 2079 3788 autem,
2111 3742 2232 3779 cum
2271 3726 2478 3780 duabus
2503 3725 2651 3779 horis
2675 3728 2990 3788 caederetur.
3041 3730 3245 3782 nullum
3276 3732 3446 3783 sensit

1876 3815 2137 3868 dolorem.
2177 3814 2307 3867 Nam
2351 3826 2569 3885 prOpter
2612 3818 2875 3887 insignem
2917 3820 3332 3888 generositatem
3379 3837 3446 3874 ne

1878 3908 2044 3978 plagis
2101 3907 2318 3977 quidem
2371 3908 2774 3977 ingemiscebat.
2815 3910 3007 3965 Vultus
3045 3921 3224 3967 autem
3284 3913 3449 3966 rubor

1877 4003 2012 4056 nihil
2041 4003 2264 4056 omnino
2303 4001 2591 4071 expalluit;
2629 4010 2742 4056 toto
2764 4003 2905 4056 enim
2964 4005 3118 4058 oculo
3153 4006 3448 4073 aspiciebat

1876 4096 1942 4150 ad
1978 4096 2177 4162 futura,
2206 4109 2408 4165 speque
2462 4110 2760 4165 suspensus
2798 4103 2850 4150 et
2909 4105 3123 4150 erectus
3187 4104 3302 4150 erat
3328 4099 3448 4166 ejus

1877 4171 2107 4244 animus.
2153 4186 2363 4242 Stultus
2392 4198 2572 4241 autem
2620 4187 2811 4254 judex,
2846 4188 2937 4251 qui
2970 4187 3084 4242 [nec
3138 4189 3444 4256 perspicere

1878 4296 1982 4335 non
2005 4288 2215 4350 poterat
2231 4279 2550 4352 (ocemcatos
2565 4278 2708 4334 enim
2728 4278 2959 4333 habebat
2980 4279 3165 4333 oculos
3207 4281 3444 4346 animm).

1874 4374 2220 4429 existimabat
2268 4389 2326 4428 se
2365 4383 2586 4443 propter
2635 4384 2902 4429 tormenta
2941 4373 3239 4427 molliorem
3292 4372 3445 4425 babi-

1879 4473 2058 4519 turum
2091 4473 2398 4534 martyrem.
2434 4474 2488 4517 et
2520 4466 2586 4517 ad
2620 4480 2700 4526 ea,
2734 4466 2799 4517 ad
2816 4479 2933 4531 qua:
2965 4464 3128 4531 prius,
3166 4478 3284 4516 eam
3317 4464 3444 4516 hor-

1881 4557 2114 4620 tabatur,
2174 4563 2228 4608 et
2253 4554 2478 4623 iubebat
2528 4567 2719 4607 rursus
2777 4552 3101 4608 sacrificare.
3156 4553 3242 4606 illa
3271 4570 3442 4606 vero:

1881 4649 1945 4702 Et
1975 4647 2268 4717 quodnam,
2304 4645 2498 4713 inquit,
2525 4646 2691 4710 aliud,
2721 4656 2917 4714 prreter
2954 4646 3074 4702 hoc.
3111 4661 3247 4714 opus
3295 4661 3324 4699 a
3363 4658 3445 4698 me

1880 4740 2080 4794 factum
2107 4739 2224 4792 est?
2252 4739 2439 4790 Annon
2493 4737 2663 4802 vides,
2699 4737 2838 4804 quod
2872 4752 2957 4790 me
2992 4746 3156 4790 totam
3188 4735 3294 4789 Deo
3326 4752 3446 4790 meo

1881 4829 2214 4885 sacriﬁcavi?
2244 4829 2499 4894 Quaenam
2529 4828 2671 4882 enim
2693 4838 2774 4882 est
2803 4843 2923 4882 meo
2946 4827 3191 4897 sanguini
3223 4828 3442 4891 utilitas,

1881 4925 2008 4977 dum
2049 4925 2318 4979 descendo
2347 4924 2397 4974 in
2428 4922 2728 4984 interitum,
2754 4922 2797 4976 si
2829 4935 2936 4973 non
2967 4935 3091 4974 eum
3137 4921 3286 4986 prius
3325 4931 3446 4972 meo

1883 5031 2080 5085 sponso
2136 5013 2549 5067 saerilicavero?
2601 5012 2723 5066 Haec
2779 5026 2902 5065 cum
2970 5011 3133 5064 veluti
3199 5009 3444 5077 quaedam

1835 5127 1838 5131 ·
1883 5105 2115 5160 scintilla
2141 5103 2468 5158 cecidissent
2495 5104 2549 5157 in
2579 5104 2817 5156 animum
2840 5102 3151 5161 assessoris.
3179 5115 3301 5154 cum
3329 5115 3445 5153 ma-

1883 5198 1962 5268 gis
2028 5196 2410 5259 accenderunt,
2481 5203 2538 5247 et
2585 5195 2714 5269 eius
2777 5194 3012 5246 furorem
3072 5192 3446 5272 vehementius

1883 5290 2282 5344 inﬂammarunt
2317 5297 2371 5340 et
2421 5295 2766 5340 armaverunt
2809 5292 2998 5338 contra
3049 5294 3254 5336 sacram
3301 5282 3443 5334 illam

1883 5387 2135 5440 animam.
2177 5381 2242 5436 Et
2274 5380 2434 5450 virgis
2458 5395 2578 5434 ossa
2634 5378 3071 5439 conterebantur,
3122 5385 3176 5428 et
3204 5375 3444 5430 confrin-

1884 5480 2142 5546 gebantur
2177 5485 2328 5543 genae
2361 5488 2528 5527 rosere
2559 5473 2797 5540 martyri,
2847 5484 2964 5537 qua:
2991 5484 3096 5523 non
3131 5471 3446 5525 movebatur

1884 5569 2129 5628 omnino,
2163 5581 2262 5621 nec
2303 5562 2638 5620 concidebat.
2676 5563 2801 5614 Erat
2827 5561 2970 5615 enim
3005 5561 3152 5614 omni
3193 5577 3256 5614 ex
3293 5571 3444 5630 parte

1883 5667 2094 5736 alligata
2131 5664 2303 5718 valido
2329 5679 2390 5716 ac
2443 5660 2598 5714 ﬁrmo
2640 5658 2837 5712 Christi
2895 5658 3184 5713 desiderio.
3244 5658 3444 5711 Deinde

1884 5775 2084 5829 sponso
2115 5773 2268 5812 suum
2308 5755 2597 5809 adventum
2638 5753 2920 5823 signiticat.
2976 5753 3042 5805 Et
3087 5765 3208 5806 cum
3254 5767 3443 5819 magna

1891 5868 2016 5909 voce
2049 5852 2332 5908 clamasset
2363 5867 2374 5903 :
2415 5848 2634 5904 Domine
2664 5845 2789 5901 Iesu
2833 5845 3062 5910 Christe,
3125 5860 3240 5900 mea
3268 5845 3438 5900 exsul-
