4198 6438
773 392 878 453 659

2001 386 2286 446 MENSIS
2327 383 2804 444 SEPTEMBER.

3919 376 4034 437 663

771 503 1107 571 tatio,meus
1165 517 1337 564 amor,
1393 501 1457 554 ad
1519 511 1567 554 le
1617 516 1768 571 spem
1843 518 2012 555 meam
2069 500 2340 566 confugio,

2448 497 2594 563 δέξαι
2638 515 2738 564 μου
2766 495 2864 566 τὴν
2900 494 3083 564 ψυχὴν
3119 492 3239 562 μετ’
3287 491 3537 561 εἰρήνης·
3585 489 3714 541 αὑτό
3741 506 3799 540 τε
3834 490 4032 557 ἀφῆκε

767 597 951 665 accipe
982 596 1035 649 in
1063 610 1195 664 pace
1224 609 1394 647 meam
1423 593 1682 656 animam,
1720 604 1774 646 et
1802 595 1974 662 ipsum
2015 595 2191 648 emisit
2231 592 2342 660 spi-

767 687 951 750 ritum,
1004 697 1060 740 et
1116 685 1368 754 praeclare
1423 684 1671 737 ascendit
1725 684 1790 737 ad
1851 696 2128 751 Sponsum,
2182 699 2342 752 quem

766 778 1041 847 diligebat,
1072 794 1164 848 pro
1195 778 1310 848 ipso
1328 776 1596 844 susceptis
1623 775 1960 844 stigmatibns
1983 786 2033 828 et
2059 776 2341 830 vulnerum

765 866 1107 921 cicatricibus
1135 875 1414 931 exornata,
1475 874 1526 920 et
1555 866 1746 934 quovis
1801 863 1929 918 ﬂore
1964 867 2262 934 speciosius
2293 877 2343 919 et

761 961 1057 1027 jucundius
1089 962 1317 1015 variata.

837 1054 924 1107 Vl.
957 1055 1087 1108 Post
1118 1066 1371 1122 quartum
1401 1062 1579 1108 autem
1613 1054 1752 1108 diem
1790 1070 1912 1108 cum
1950 1054 2088 1120 apud
2130 1069 2186 1106 se
2216 1067 2338 1107 con-

763 1143 1021 1199 sultasset
1054 1159 1317 1205 assessor,
1352 1158 1418 1196 ne
1452 1144 1517 1197 ab
1540 1144 1658 1199 aliis
1684 1158 1901 1212 quoque
1923 1143 2041 1210 ejus
2066 1143 2345 1196 sororibus

767 1236 1092 1299 vinceretur,
1121 1246 1175 1289 et
1207 1235 1444 1288 animum
1483 1244 1750 1290 versasset
1785 1235 1839 1288 in
1863 1250 2076 1288 omnem
2111 1245 2338 1303 partem,

763 1336 819 1378 et
848 1326 1044 1379 mentis
1105 1326 1504 1394 quodammodo
1574 1326 1762 1379 intima
1812 1326 2132 1395 explicasset
2170 1341 2338 1395 pene-

767 1419 943 1480 tralia,
969 1417 1326 1472 Metrodoram
1354 1418 1572 1487 quidem
1604 1426 1660 1472 et
1713 1415 2149 1488 Nymphodoram
2192 1418 2341 1472 ducit

766 1508 834 1562 ad
862 1509 1118 1564 tribunal.
1151 1509 1256 1563 Eas
1292 1519 1470 1563 autem
1508 1509 1597 1563 ille
1622 1511 1842 1579 quidem
1871 1511 2035 1563 miser
2061 1510 2160 1563 sub
2183 1524 2340 1563 suum

765 1601 1017 1670 producit
1042 1613 1416 1671 conspectum,
1447 1612 1500 1656 et
1527 1602 1681 1670 ponit
1713 1610 1840 1655 ante
1871 1601 2034 1670 pedes
2061 1600 2345 1671 virginales

763 1693 1049 1762 pulchrum
1079 1691 1210 1748 illud
1244 1709 1443 1762 corpus
1484 1695 1706 1756 sororis,
1749 1695 1892 1762 quod
1951 1709 2057 1748 non
2112 1693 2346 1747 habebat

761 1785 1042 1849 amictum,
1074 1799 1184 1837 non
1233 1784 1683 1851 integumentum,
1737 1791 1910 1840 totum
1966 1785 2230 1838 tumidum
2292 1794 2345 1838 et

2447 596 2507 644 τὸ
2536 593 2750 660 πνεῦμα
2791 592 2887 644 καὶ
2934 591 3070 660 πρὸς
3099 589 3159 642 ὃν
3210 588 3401 657 ὴγάπα
3461 588 3692 654 νυμφίον
3746 585 4034 654 λαμπρῶς

2447 685 2757 754 ἀνέρχεται,
2803 686 2915 745 τοῖς
2951 683 3089 752 ὑπὲρ
3121 679 3287 734 αὐτοῦ
3324 679 3587 747 στίγμασι
3629 678 3721 730 καὶ
3757 680 3880 741 ταῖς
3918 677 4038 728 τῶν

2447 779 2777 847 τραυμάτων
2829 778 3016 837 οὐλαῖς
3081 775 3344 827 κάλλιστα
3400 769 3866 838 διεσκευασμένη,
3934 771 4033 821 καὶ

2449 871 2649 930 παντίις
2695 869 2888 930 ἄνθους
2944 866 3314 937 εὐχροώτεροι]
3367 882 3424 916 τε
3486 861 3888 931 πεποικιλμένη
3937 863 4033 912 καὶ

2447 964 2822 1032 χαριέστερον.

2520 1051 2609 1119 εἷ’.
2645 1052 2797 1105 Μετά
2829 1051 3012 1122 μέντοι
3044 1050 3319 1119 τετάρτην
3358 1052 3576 1120 ἡμέραν
3606 1052 3964 1120 σκεψάμενος
4004 1050 4030 1100 ὁ

2449 1145 2832 1214 συμπάρεδρος
2867 1145 3014 1205 ὅπως
3065 1144 3130 1196 ἀν
3173 1142 3246 1212 μὴ
3306 1144 3399 1194 καὶ
3453 1144 3562 1195 τῶν
3618 1143 3793 1196 ἄλλων
3849 1143 4030 1208 αὐτῆς

2448 1236 2692 1305 ἀδελφῶν
2726 1235 3010 1304 ἡττηθείη,
3062 1235 3155 1288 καὶ
3200 1234 3543 1303 πανταχόθεν
3598 1235 4026 1304 συγκροτηθεὶς,

2449 1329 2543 1381 καὶ
2574 1328 2763 1397 ὥσπερ
2793 1329 2910 1380 τινὰ
2955 1327 3262 1396 βαθυτέραν
3292 1327 3609 1390 ἀναπτύξας
3639 1328 3832 1396 φρένα,
3866 1327 4006 1394 Νυμ

2448 1419 2699 1488 φοδώραν
2762 1419 2860 1486 μὲν
2915 1419 3037 1485 ἄγει
3077 1408 3172 1469 καὶ
3224 1415 3597 1487 Μητροδώραν
3652 1417 3728 1484 τῲ
3788 1416 4026 1485 βήματι·

2449 1511 2695 1580 παράγει
2728 1510 2781 1562 δὲ
2813 1512 2838 1562 ὀ
2879 1509 3060 1571 ἄθλιος
3109 1510 3212 1562 ὑπὸ
3243 1507 3341 1576 τὴν
3388 1507 3510 1574 ὄψιν
3549 1508 3740 1570 αὑταῖς
3777 1511 3872 1560 καὶ
3920 1510 4028 1576 πρὸ

2448 1605 2555 1655 τῶν
2591 1601 2766 1655 ποδῶν
2811 1602 2993 1670 τίθησι
3023 1602 3127 1653 τῶν
3154 1600 3504 1671 παρθενικῶν
3544 1599 3606 1650 τὺ
3640 1601 3808 1652 καλὸν
3843 1604 4030 1653 ἐκεῖνο

2448 1695 2545 1762 τῆς
2571 1694 2806 1762 ἀδελφῆς
2839 1693 2997 1762 σῶμα
3021 1709 3034 1722 ·
3067 1693 3166 1744 οὐκ
3197 1691 3476 1760 ἐπίϐλημα
3517 1690 3660 1757 ἔχον,
3695 1691 3754 1743 οὐ
3787 1692 4026 1758 περικα-

2448 1784 2658 1854 λυμμα,
2697 1783 2818 1837 ὅλον
2848 1783 3108 1853 διῳδηκὸς
3155 1785 3270 1846 τοῖς
3327 1782 3553 1851 μώλωψι
3583 1783 3677 1834 καὶ
3720 1798 4026 1850 κατειργα-

761 1875 1068 1930 confectum
1102 1875 1384 1939 vibicibus,
1413 1890 1712 1945 apertaque
1770 1877 2060 1946 ﬂagrorum
2123 1886 2176 1930 et
2232 1876 2342 1945 pla-

2450 1877 2669 1943 σμένον,
2711 1876 2856 1942 σαφῆ
2890 1875 2956 1926 τά
2983 1875 3091 1926 τῶν
3126 1876 3405 1944 μαστίγων
3436 1875 3554 1943 ίχνη
3595 1875 3688 1927 καὶ
3717 1873 3832 1926 τῶν
3882 1873 4029 1942 πλη-

762 1983 948 2035 garum
984 1968 1206 2036 vestigia
1249 1967 1431 2021 ferens
1463 1969 1514 2019 in
1555 1967 1701 2019 omni
1755 1969 2023 2029 membro,
2080 1977 2134 2021 et
2185 1968 2340 2035 quasi

761 2058 1009 2112 sentibus
1057 2058 1296 2116 obsitum
1347 2057 1684 2120 vulneribus,
1759 2058 2005 2112 mirabile
2074 2059 2342 2127 quoddam

760 2148 1128 2215 spectaculum
1156 2158 1212 2202 et
1267 2163 1366 2203 nec
1396 2149 1526 2218 ipsis
1563 2149 1777 2217 quidem
1839 2149 2010 2203 oculis
2063 2147 2341 2207 credibile.

760 2238 849 2291 Sic
873 2238 1016 2292 enim
1070 2239 1416 2293 existimabat
1459 2238 1592 2303 fore,
1629 2249 1686 2291 ut
1743 2254 1835 2292 eas
1885 2238 2340 2308 obstupefaceret,

761 2333 819 2384 et
846 2339 1049 2384 metum
1085 2331 1164 2385 eis
1218 2331 1460 2393 afferret,
1509 2331 1824 2384 timentibus
1859 2346 1925 2383 ne
1979 2331 2056 2384 eis
2086 2331 2188 2383 tale
2244 2330 2342 2381 ali-

762 2421 891 2489 quid
919 2422 1181 2476 eveniret.
1217 2423 1323 2476 δεά
1387 2422 1532 2475 illius
1595 2420 1810 2490 quidem
1868 2437 2067 2490 corpus
2127 2421 2205 2476 sic
2249 2420 2346 2475 fuit

763 2515 1119 2582 propositum,
1150 2524 1203 2567 et
1261 2529 1455 2569 omnes
1508 2513 1599 2582 qui
1630 2512 2128 2576 circumsistebant,
2160 2512 2342 2566 animo

763 2608 1237 2675 perturbabantur,
1268 2616 1322 2660 et
1346 2609 1659 2662 manifestas
1681 2607 2029 2663 eﬂundebant
2054 2608 2339 2678 lacrymas,

760 2711 904 2752 eteo
964 2699 1276 2766 spectaculo
1346 2701 1704 2753 movebantur
1767 2703 1832 2754 ad
1891 2700 2340 2762 misericordiam,

761 2799 958 2862 praeter
987 2807 1183 2847 saevam
1213 2803 1266 2847 et
1311 2793 1602 2846 immanem
1655 2792 1890 2845 animam
1926 2792 2146 2859 judicis.
2209 2792 2341 2844 Eum

763 2887 907 2939 enim
957 2901 1064 2940 non
1107 2885 1480 2940 misericordia
1544 2885 1636 2938 sed
1668 2883 1748 2938 ira
1796 2885 1974 2953 potius
2031 2883 2251 2937 subibat
2292 2893 2346 2936 ct

761 2978 1082 3047 indignatio.
1127 2978 1235 3032 Illae
1265 2988 1446 3031 autem
1497 2976 1850 3030 trahebantur
1895 2977 2114 3045 quidem
2145 2991 2174 3030 a
2215 2991 2341 3045 pro-

761 3071 895 3138 priis
926 3070 1223 3125 visceribus
1253 3071 1316 3124 ad
1345 3069 1780 3138 lacrymandum;
1817 3069 1909 3121 sed
1945 3068 1994 3121 id
2020 3069 2100 3123 eis
2133 3082 2342 3136 nequa-

2446 1966 2558 2033 γῶν
2583 1967 2676 2018 ἐπὶ
2705 1966 2902 2027 παντὸς
2930 1966 3093 2031 φέρον
3125 1965 3321 2033 μέλους
3354 1968 3446 2017 καὶ
3481 1965 3879 2035 ἡκανθωμένον
3917 1968 4029 2026 τοῖς

2445 2058 2749 2128 τραύμασι,
2793 2057 3108 2124 παράλογόν
3147 2073 3199 2107 τι
3243 2056 3422 2125 θέαμα
3466 2058 3560 2109 καὶ
3601 2057 3720 2108 οὐδὲ
3754 2057 3908 2124 αὐτῷ
3943 2073 4032 2108 πι-

2449 2150 2572 2201 στὸν
2626 2149 2857 2218 ὄμματι.
2912 2149 3099 2218 Ταύτῃ
3151 2148 3258 2218 γὰρ
3294 2149 3465 2216 αὑτὰς
3505 2148 3881 2217 καταπλήξειν
3935 2151 4031 2201 καὶ

2447 2242 2524 2303 εἰς
2554 2241 2671 2304 δέος
2719 2243 2980 2310 ἐμϐαλεῖν
3023 2239 3180 2311 ᾤετο,
3222 2241 3529 2305 δεδοικυίας
3580 2243 3653 2312 μὴ
3711 2245 3809 2294 καὶ
3853 2241 4030 2302 αὐτας

2449 2333 2519 2385 τὰ
2574 2335 2933 2402 παραπλήσια
3013 2334 3204 2385 παθεῖν
3277 2334 3506 2399 γένοιτο.
3580 2335 3738 2387 Ἀλλὰ
3810 2334 3870 2384 τὸ
3936 2333 4031 2401 μὲν

2449 2427 2662 2497 ἐκείνης
2727 2427 2885 2496 σῶμα
2947 2425 3091 2479 οὕτω
3165 2427 3473 2495 προέκειτο,
3534 2427 3626 2477 καὶ
3699 2426 3912 2487 πάντες
3983 2427 4029 2477 ei

2448 2521 2872 2589 περιεστηκότες
2923 2519 3258 2587 ἐπληροῦντο
3306 2517 3549 2582 πάθους,
3625 2518 3720 2572 καὶ
3789 2518 3870 2580 εἰς
3936 2517 4028 2569 δά-

2448 2631 2589 2684 κρυα
2640 2613 2850 2680 φανερά
2906 2613 3230 2679 κατήγοντο,
3266 2611 3360 2662 καὶ
3408 2611 3486 2671 είς
3558 2607 3736 2662 οἶκτον
3791 2609 3902 2662 ὑπὸ
3935 2608 4029 2677 τῆς

2448 2707 2576 2769 θέας
2608 2703 2883 2757 ἐκινοῦντο
2931 2705 3070 2772 πλὴν
3110 2704 3207 2771 τῆς
3239 2703 3333 2756 τοῦ
3387 2702 3644 2754 δικαστοῦ
3687 2701 3874 2769 ψυχῆς
3933 2702 4030 2768 τῆς

2446 2797 2691 2868 ἀπηνοῦς
2729 2815 2787 2852 τε
2847 2797 2939 2850 καὶ
2991 2797 3292 2865 ἀνημέρου.
3334 2793 3537 2847 Τοῦτον
3575 2797 3683 2864 γὰρ
3724 2795 3828 2846 οὐκ
3881 2794 4031 2854 ἔλεος

2447 2891 2565 2944 ἀλλ’
2593 2892 2730 2960 ὀργὴ
2767 2887 2968 2958 μᾶλλον
3003 2888 3095 2940 καὶ
3147 2888 3370 2954 νέμεσις
3424 2887 3693 2957 ὑπεισῄει.
3734 2888 3803 2939 Αἱ
3841 2888 3898 2939 δὲ
3937 2889 4030 2940 δα-

2448 2983 2647 3055 κρύεται
2683 2983 2783 3051 μὲν
2807 2982 2909 3033 ὑπὸ
2939 2981 3046 3032 τῶν
3073 2980 3292 3032 οἰκείων
3328 2979 3652 3050 σπλάγχνων
3683 2981 4028 3046 ἐφείλκοντο,

2447 3077 2508 3128 τὸ
2536 3075 2772 3134 συνειδὸς
2817 3073 2872 3125 δὲ
2909 3072 3100 3133 αὑταῖς
3143 3071 3239 3122 οὐκ
3285 3072 3605 3140 ἐπέτρεπεν.
3642 3071 3889 3141 ’ῌδεσαν
3925 3073 4031 3140 γὰρ

762 3178 922 3234 quam
965 3162 1212 3232 permisit
1236 3160 1588 3215 conscientia.
1630 3158 1888 3213 Sciebant
1923 3159 2067 3213 enim
2109 3168 2162 3212 et
2195 3170 2338 3211 mar-

2451 3167 2704 3239 μάρτυρά
2727 3183 2784 3218 τε
2816 3166 2913 3237 τὴν
2941 3165 3175 3236 ἀδελφὴν
3210 3160 3372 3227 εἶναι,
3413 3162 3692 3217 καὶτοῦτο
3723 3164 3823 3216 καὶ
3856 3166 4031 3226 αὑτὰς

763 3265 936 3323 tyrem
991 3268 1112 3309 esse
1160 3269 1425 3318 sororem,
1475 3263 1529 3308 et
1575 3253 1720 3322 ipsas
1763 3267 1978 3322 quoque
2007 3252 2109 3306 hoc
2157 3261 2340 3322 postea

762 3348 1062 3410 futuras,et
1092 3345 1155 3398 ad
1189 3348 1359 3416 ipsam
1394 3361 1515 3400 mox
1536 3361 1654 3400 esse
1680 3355 1937 3400 venturas
1962 3361 2056 3415 per
2078 3361 2341 3400 consum-

763 3437 1078 3492 mationem.
1126 3437 1307 3506 Itaque
1355 3438 1434 3492 sic
1476 3437 1699 3492 fuerunt
1746 3436 1970 3501 aﬂectaz,
2021 3437 2252 3505 perinde
2286 3451 2348 3492 ac

765 3531 807 3583 si
835 3528 1108 3584 venissent
1139 3529 1205 3583 ad
1252 3528 1520 3583 thalamos
1565 3527 1816 3593 sororis;
1878 3537 2142 3596 erantque
2191 3527 2346 3584 valde

768 3623 903 3674 laeta:
935 3631 989 3674 et
1018 3620 1190 3689 plena:
1237 3619 1534 3689 voluptate,
1569 3629 1626 3674 ut
1677 3635 1797 3689 quae
1845 3636 1964 3673 eam
2012 3620 2346 3675 deducerent

769 3715 836 3769 ad
875 3713 1162 3776 thalamos,
1224 3713 1277 3766 in
1312 3728 1448 3780 quos
1497 3728 1603 3766 non
1663 3711 1805 3764 cadit
1855 3711 2124 3775 interitus,
2177 3721 2231 3761 et
2289 3720 2345 3764 ut

690 3809 697 3814 “
766 3822 834 3860 ne
870 3807 1000 3875 ipsa:
1047 3806 1114 3858 ab
1165 3807 1230 3859 iis
1277 3814 1460 3858 essent
1513 3812 1733 3856 remotae
1809 3813 2185 3871 preperarent.
2238 3801 2341 3856 Sed

764 3898 930 3968 jndex
958 3898 1169 3954 etiamsi
1201 3906 1306 3952 tam
1332 3895 1454 3951 forti
1495 3906 1548 3950 et
1583 3906 1686 3950 tam
1727 3897 1939 3951 excelso
1969 3897 2198 3953 fuissent
2225 3896 2343 3950 ani-

768 4005 858 4045 mo
887 3990 953 4045 ad
982 3999 1333 4058 conspectum
1353 3988 1575 4050 sororis,
1611 4005 1716 4042 non
1743 3989 2052 4056 desperavit
2083 4000 2262 4042 tamen
2287 4006 2343 4043 sc

767 4098 859 4136 eas
889 4097 1010 4136 esse
1060 4095 1487 4150 persuasurum;
1522 4079 1615 4133 sed
1670 4081 1752 4148 (ut
1789 4087 1873 4133 est
1920 4080 1973 4131 in
2028 4079 2340 4148 proverbio)

769 4190 988 4233 omnem
1020 4172 1458 4242 movitlapidem,
1502 4171 1696 4242 partim
1749 4172 1965 4242 quidem
2016 4172 2179 4226 minis
2236 4182 2345 4226 tor-

771 4278 1078 4321 mentorum
1110 4275 1326 4320 tentans
1356 4281 1538 4318 carum
1565 4265 1893 4320 labefactare
1916 4266 2181 4328 animum,
2217 4281 2342 4334 par-

771 4363 868 4414 tim
902 4368 1082 4413 autem
1115 4358 1378 4411 bonorum
1404 4356 1687 4426 promissis
1714 4356 1917 4411 illicere
1950 4374 1965 4422 ;
1996 4366 2070 4419 et,
2095 4357 2149 4409 Si
2179 4356 2344 4410 sacri-

772 4453 1091 4514 tiraveritis,
1116 4450 1308 4519 inquit,
1339 4448 1570 4504 scribam
1617 4449 1794 4503 statim
1828 4449 1892 4503 ad
1939 4449 2338 4518 imperatorem.

2454 3262 2652 3332 μικρὸν
2691 3258 2920 3328 ὕστερον
2949 3258 3190 3324 ἔσεσθαι,
3240 3257 3333 3310 xui.
3377 3257 3514 3325 πρὸς
3555 3256 3724 3325 αὐτὴν
3766 3256 3894 3308 ὅσον
3947 3257 4033 3308 οῦ-

2449 3355 2597 3407 δέπω
2652 3352 2898 3419 χωρῆσαι
2952 3350 3039 3401 διὰ
3080 3348 3180 3415 τῆς
3229 3347 3399 3415 αὑτης
3446 3347 3782 3408 τελειώσεως
3834 3346 4031 3414 ἀμέλει

2449 3447 2542 3500 καὶ
2576 3445 2650 3506 ὡς
2682 3443 2773 3496 ἐπὶ
2813 3440 3092 3504 παστάδας
3137 3439 3234 3509 τῆς
3289 3439 3525 3507 ἀδελφῆς
3572 3438 3833 3491 ἐλθοῦσαι
3887 3439 4030 3491 οὕτω

2447 3541 2735 3601 διέκειντο,
2770 3537 2860 3590 καὶ
2892 3535 3111 3604 φαιδραί
3159 3550 3214 3585 τε
3256 3527 3396 3602 ἦσαν
3438 3532 3531 3585 καὶ⁸
3562 3532 3757 3599 ἡδονῆς
3805 3531 4028 3600 μεσταὶ,

2446 3629 2533 3686 οἶα
2564 3633 2656 3684 ἐπὶ
2687 3633 2811 3692 τοὺς
2836 3632 3145 3699 ἀκηράτους
3173 3629 3470 3696 νυμφῶνας
3502 3631 3743 3692 ἐκείνους
3775 3629 4033 3697 προπέμ-

2448 3742 2649 3778 πουσαι
2687 3724 2915 3793 ταύτην,
2957 3715 3031 3775 ὦν
3071 3721 3205 3791 μηδὲ
3239 3721 3399 3772 αὑταὶ
3433 3720 3833 3788 ἀπολειφθῆναι
3866 3720 4031 3788 ἠπεί-

2445 3835 2622 3887 γοντο.
2672 3816 2810 3870 Ἀλλ’
2833 3816 3168 3886 ὀδικαστὴς,
3206 3814 3382 3868 καίτοι
3415 3814 3684 3882 γενναίως
3727 3811 3881 3864 οὕτω
3916 3813 4030 3865 δια-

2445 3910 2707 3964 τεθεισῶν
2743 3909 2851 3960 τῶν
2877 3906 3163 3978 παρθένων
3195 3906 3330 3975 πρὸς
3347 3905 3444 3974 τὴν
3470 3907 3567 3977 τῆς
3599 3903 3842 3972 ἀδελφῆς
3871 3903 4020 3971 Mdv,

2444 4004 2592 4070 ὅμως
2623 4001 2684 4054 τὸ
2716 4002 2925 4052 πείσειν
2957 3999 3124 4067 αὐτὴν
3153 3999 3251 4050 οὑκ
3285 3999 3530 4065 ἀπέγνω.
3581 3995 3721 4050 Ἀλλ’
3757 3997 3982 4064 (ὥσπερ
4004 3995 4029 4046 ὀ

2444 4093 2620 4160 λόγος)
2666 4093 2847 4145 πάντα
2882 4088 3030 4142 λίθον
3065 4087 3237 4142 ὲκίνει
3259 4103 3274 4117 ·
3301 4086 3463 4140 τοῦτο
3507 4087 3606 4158 μὲν
3639 4087 3903 4149 ἀπειλαῖς
3936 4085 4030 4156 βας

2448 4185 2625 4236 σάνων
2671 4184 2986 4236 κατασείειν
3016 4181 3196 4235 αὐτῶν
3225 4181 3286 4235 τὸ
3327 4179 3554 4252 στερρὸν
3599 4177 3694 4230 τοῦ
3737 4181 4028 4248 φρονήμα-

2446 4294 2559 4339 τος,
2587 4276 2747 4329 τοῦτο
2791 4275 2848 4326 δὲ
2878 4276 2972 4326 καὶ
3009 4275 3231 4343 ἀγαθῶν
3266 4273 3619 4341 ἐπαγγελίαις
3660 4272 4030 4324 ὑποκλέτττειν

2447 4368 2640 4430 αὑταῖς
2667 4363 3041 4434 πειρώμενος·
3078 4366 3173 4417 καὶ
3201 4366 3275 4427 ὡς
3307 4364 3601 4429 Εἱθύσετε,
3636 4364 3792 4430 φησι,
3825 4361 4029 4430 γράψω

2449 4460 2794 4532 παραχρῆμα
2853 4457 2930 4528 τῷ
2984 4457 3215 4528 βασιλεῖ.
3286 4457 3345 4510 '0
3390 4456 3446 4509 δὲ
3489 4459 3582 4508 καὶ
3619 4457 3872 4525 χρήμασι
3934 4455 4026 4505 καὶ

772 4546 861 4599 ille
885 4553 1062 4597 autem
1092 4542 1338 4612 pecuniis
1369 4549 1422 4595 et
1474 4542 1668 4609 opibus
1727 4542 1911 4595 multis
1957 4557 2050 4596 vos
2093 4538 2339 4603 donabit,

2452 4553 2668 4622 πλούτῳ
2703 4551 2886 4618 πολλῷ
2925 4553 3220 4620 χαριεῖται,
3250 4551 3346 4605 καὶ
3374 4549 3604 4620 ἀνδράσι
3651 4549 3798 4616 γένει
3831 4550 3892 4600 τε
3933 4552 4026 4600 καὶ

771 4651 975 4704 vosque
1038 4635 1171 4688 viris
1213 4647 1414 4703 genere
1456 4642 1509 4686 et
1549 4630 1812 4700 dignitate
1854 4633 2169 4686 clarissimis
2213 4648 2346 4686 con-

773 4727 957 4794 junget
994 4723 1362 4786 matrimonio,
1409 4731 1463 4776 et
1519 4721 1805 4776 invenietis
1863 4737 2091 4793 sponsos
2156 4722 2346 4793 dignos

773 4827 951 4874 vestra
987 4813 1412 4884 pulchritudine.

846 4929 954 4983 Vll.
985 4931 1048 4981 Et
1066 4929 1110 4982 is
1124 4928 1342 4996 quidem
1367 4924 1500 4992 haec;
1518 4925 1619 4979 illa:
1643 4935 1844 4979 autem:
1866 4925 2180 4994 Quousque,
2205 4927 2346 4981 dice-

755 5009 925 5086 'bant,
957 5034 1064 5074 non
1097 5020 1356 5085 cessabis,
1385 5020 1572 5083 miser,
1605 5035 1712 5073 non
1745 5030 1929 5075 nostro
1963 5020 2132 5075 solum
2159 5037 2342 5092 scopo,

776 5119 871 5170 sed
906 5116 1068 5170 etiam
1108 5113 1201 5167 tibi
1225 5113 1326 5183 ipsi
1354 5114 1535 5167 dicere
1560 5115 1858 5167 contraria?
1883 5126 2096 5168 etnunc
2126 5117 2342 5184 quidem

778 5225 877 5261 nos
907 5221 1102 5260 vocare
1128 5221 1343 5259 sorores
1387 5203 1548 5272 hujus
1579 5203 1768 5265 beatae,
1806 5220 1950 5257 nunc
2004 5214 2187 5257 autem
2247 5218 2345 5262 nos

778 5299 1015 5369 aggredi,
1050 5306 1301 5366 tanquam
1357 5297 1582 5357 alienas,
1637 5307 1691 5348 et
1742 5313 1858 5365 qnze.
1915 5297 2068 5351 facile
2121 5306 2348 5366 possunt

780 5392 952 5445 vinci?
992 5391 1047 5444 Si
1085 5406 1184 5445 nos
1218 5404 1346 5460 ergo
1380 5389 1655 5444 credidisti
1693 5407 1809 5442 esse
1844 5408 2061 5444 sorores
2126 5406 2342 5460 genere,

781 5487 920 5539 hanc
953 5482 1118 5537 etiam
1147 5499 1242 5549 pro
1271 5485 1472 5551 pietate
1498 5481 1880 5540 constantiam.
1918 5492 1972 5534 et
1999 5475 2132 5534 nihil
2160 5482 2343 5549 abjec-

781 5588 927 5633 ctum
954 5588 1009 5630 et
1052 5574 1333 5637 illiberale,
1364 5590 1541 5644 neque
1569 5576 1656 5627 tali
1691 5587 1896 5633 sorore,
1929 5589 2100 5642 neque
2126 5574 2233 5635 illa,
2285 5591 2346 5629 ex

781 5687 884 5737 qua
917 5679 1027 5723 tres
1051 5669 1188 5721 rami
1227 5668 1329 5720 orti
1366 5682 1577 5733 sumus,
1611 5667 1790 5723 radice
1821 5666 2101 5734 indignum
2156 5668 2346 5720 inven-

779 5766 961 5814 turum
986 5760 1256 5812 existima.
1288 5756 1382 5811 Sin
1411 5770 1586 5811 autem
1616 5757 1691 5810 \is
1709 5758 1863 5823 scire,
1887 5755 2063 5827 qualis
2079 5756 2348 5813 sitnostra

781 5853 1110 5919 constantia,
1144 5867 1204 5907 ex
1232 5866 1297 5910 ea
1329 5867 1448 5924 qua
1497 5852 1773 5923 praecessit
1805 5860 2052 5910 accurate
2093 5853 2343 5921 intellige.

2449 4643 2721 4711 ἀξιώμασι
2777 4644 3264 4710 περιφανεστάτοις
3322 4643 3458 4711 πρὸς
3497 4644 3675 4710 γάμον
3712 4642 3862 4709 ὕμΞς
3899 4658 4025 4690 συν-

2449 4736 2627 4804 άψειε,
2664 4735 2758 4787 καὶ
2797 4733 2981 4796 ἀξίους
3007 4731 3100 4785 τοῦ
3147 4733 3371 4793 κάλλους
3409 4732 3562 4802 ὑμῶν
3597 4733 3866 4798 εὑρήσετε
3903 4732 4027 4792 τοῦς

2447 4829 2739 4898 νυμφίους.

2520 4920 2593 4978 Z'.
2621 4922 2731 4974 Καὶ
2761 4923 2788 4975 ὁ
2823 4920 2922 4990 μὲν
2944 4919 3118 4974 ταῦτα
3138 4935 3150 4951 ·
3177 4922 3233 4972 αἱ
3263 4919 3340 4983 δὲ,
3369 4919 3546 4988 Μέχρι
3576 4918 3740 4981 τίνος,
3763 4915 3940 4979 εἷπον,
3969 4923 4024 4970 ο)

2451 5016 2667 5085 παύσῃ,
2696 5015 2954 5077 ἄθλιε,οὺ
3007 5013 3084 5080 τῷ
3131 5012 3383 5082 ἡμετέρῳ
3431 5013 3590 5080 μόνον
3651 5010 3865 5080 σκοπῷ,
3895 5011 4030 5062 ἀλλὰ

2451 5110 2541 5158 καὶ
2583 5106 2794 5175 σεαυτῷ
2837 5106 2902 5156 τὰ
2934 5103 3148 5154 ἐναντία
3202 5103 3619 5171 διαλεγόμενοςς
3666 5105 3763 5155 καὶ
3800 5102 3899 5152 νῦν
3935 5102 4030 5168 μὲν

2437 5198 2680 5266 ’ἀδελφὰς
2710 5198 2853 5265 ἡμᾶς
2889 5199 2984 5262 τῆς
3038 5197 3317 5267 μακαρίας
3368 5195 3568 5265 ταύτης
3603 5195 3815 5255 καλῶν,
3845 5193 3946 5248 νῦν
3973 5194 4027 5247 δὲ

2449 5290 2522 5350 ὡς
2555 5289 2865 5358 ἀλλοτρίαις
2926 5291 3112 5349 οὔσαις
3151 5285 3500 5356 εὐχειρώτοις
3537 5284 3942 5355 προσϐάλλων;
3971 5288 4026 5338 ΕΞ

2449 5382 2625 5435 τοίνυν
2648 5381 2883 5451 ἀδελφὰς
2911 5379 3053 5434 εἶναι
3083 5380 3142 5432 τὸ
3177 5381 3332 5447 γένος
3361 5379 3760 5438 πεπίστευκας,
3785 5377 4025 5446 ἀδελφὰς

2451 5476 2543 5528 καὶ
2576 5477 2674 5542 τὴν
2702 5476 2872 5544 καλὴν
2900 5475 3103 5542 ταύτην
3133 5474 3271 5541 ὑπὲρ
3309 5473 3406 5540 τῆς
3457 5470 3740 5532 εὐσεϐείας
3776 5471 4024 5524 ἔνστασιν

2452 5568 2942 5636 ὑπολάμϐανε,καὶ
2994 5568 3162 5637 μηδὲν
3217 5560 3436 5630 ἀγεννὲς
3493 5566 3550 5614 ἐν
3587 5563 3716 5632 ἡμῖν
3769 5566 4024 5632 εὑρήσει-ι

2455 5660 2590 5729 μηδὲ
2654 5660 2887 5730 ἀδελφῆς
2961 5661 3211 5727 τοιαύτης
3275 5658 3404 5727 μηδέ
3468 5658 3624 5726 ῥίζης
3684 5659 3902 5724 ἐκείνης
3964 5650 4025 5718 ἧς

2451 5755 2499 5804 οί
2549 5758 2696 5823 τρεῖς
2752 5755 2956 5824 ἔφυμεν
3007 5754 3190 5807 κλάδοι
3239 5751 3455 5818 ἀνάξιον
3531 5751 3594 5804 Εἰ
3655 5751 3708 5801 δὲ
3748 5749 3843 5800 καὶ
3895 5746 4014 5813 περὶ

2455 5846 2610 5917 ἡμῶν
2663 5846 2840 5915 βοὲιῗδει
2875 5846 3063 5918 μαθεῖν
3096 5839 3250 5899 dmin!
3282 5847 3343 5898 ἂν
3383 5843 3478 5914 τὴν
3528 5843 3784 5894 ἔνστασιν
3813 5839 4021 5906 εἴημεν,
