4198 6438
212 414 321 478 661

1022 416 1488 477 MARTYRIUM
1527 415 1589 475 s.
1630 398 2070 475 MENODORE
2114 416 2208 475 ET
2243 416 2659 478 SOCIARUM.

3363 412 3471 472 662

212 528 323 584 ἀπὸ
358 531 456 597 τῆς
486 527 864 597 προλασούσης
891 528 1136 598 ἀκριϐῶς
1172 531 1426 599 μάνθανε.
1459 532 1519 583 Ei
1555 532 1662 600 γάρ
1697 533 1788 583 καὶ
1819 579 1825 590 ,

1897 529 1950 582 Si
1977 532 2121 584 enim
2147 546 2231 594 ea,
2263 546 2386 586 cum
2417 532 2622 585 nullum
2655 529 2882 584 haberet
2911 527 3187 598 exemplar
3227 529 3474 598 proposi'

209 622 384 690 χωρὶς
407 620 800 690 ὑποδείγματος
841 620 1142 692 τηλικαύτη
1175 622 1328 692 ὤφθη
1355 624 1451 693 τὴν
1487 626 1712 694 ἀρετὴν,
1741 626 1790 677 τί

211 699 348 764 ποτε
403 710 470 765 ἂν
495 713 659 782 ἡμεῖς
697 711 1002 781 δράσαιμεν
1043 715 1180 783 πρὸς
1225 715 1464 767 τοιοῦτον
1485 716 1791 786 ὑπόδειγμα

210 805 312 871 τὴν
369 803 604 870 ἀδελφὴν
669 802 1003 870 βλέπουσαι;
1032 807 1100 857 Ἢ
1127 806 1226 875 οὑχ
1272 809 1403 876 ὁρᾷς
1453 809 1601 870 ὃπως
1643 810 1790 878 ἡμᾶς

211 892 308 945 καὶ
328 894 555 962 κειμένη
585 895 974 962 προτρέπεται,
998 897 1091 947 καὶ
1110 897 1207 964 τῆς
1238 900 1560 964 συγγενείας
1589 900 1791 968 ὑπομι-

214 988 472 1054 μνήσκει,
522 989 617 1037 καὶ
660 988 793 1055 πρὸς
828 987 918 1038 τὸν
949 981 1133 1054 ὃμόιον
1162 990 1577 1059 παραθαρρύνει
1607 992 1788 1060 ζῆλον,

209 1078 380 1129 καλὸν
418 1077 713 1146 ἀθλήσεται
754 1080 923 1131 τύπον
986 1081 1186 1150 ἑαυτὴν
1226 1083 1625 1153 παρασχοῦσα;
1683 1078 1790 1147 ’Ἧς

209 1169 334 1221 οὑδὲ
371 1170 887 1241 ἀπολειφθησόμεθα
934 1175 1065 1236 ἴσθι,
1096 1175 1216 1227 οὑδὲ
1248 1176 1346 1245 τὴν
1380 1176 1597 1246 ὲκείνης
1631 1178 1788 1246 εὑγέ-

211 1278 366 1313 νειαν
421 1263 784 1333 ἀτιμάσομεν.
828 1266 901 1317 Οὑ
955 1267 1272 1334 ψευσόμεθα
1321 1270 1447 1332 τοὺς
1504 1270 1787 1337 τεκόντας,

210 1355 430 1424 ἐκείνης
454 1358 697 1425 πατέρας
732 1353 870 1410 εἶναι
903 1359 1187 1413 πείθουσαι
1221 1363 1412 1430 μόνης,
1456 1364 1504 1416 ει
1541 1362 1669 1432 περὶ
1687 1364 1788 1434 τὴν

211 1446 472 1498 ἀσέϐειαν
511 1437 670 1514 ’ἡμᾶς
721 1450 1164 1521 κινδυνεύσομεν.
1232 1453 1474 1524 Ἐρῤἑτω
1535 1454 1784 1520 πλοῦτος,

211 1541 425 1609 ἐρρέτω
456 1540 604 1605 δόξα,
637 1541 704 1593 τά
740 1542 832 1594 ἐπὶ
858 1545 958 1611 γῆς
1003 1543 1174 1597 ταῦτα
1206 1546 1300 1596 καὶ
1353 1546 1434 1608 εἰς
1475 1547 1578 1614 γῆν
1631 1545 1785 1609 αὖθις

214 1629 446 1697 ῥέοντα·
505 1633 821 1701 ἐρρέτωσαν
885 1635 1114 1702 φθαρτοί⁵
1173 1635 1506 1706 μνηστῆρες.
1549 1637 1786 1706 Ἔχομεν

208 1722 447 1790 Χριστὸν
481 1725 641 1792 ἡμεῖς
688 1725 778 1777 τὸν
835 1730 1103 1796 ἡμέτερον
1150 1723 1403 1796 νυμφίὸν,
1459 1727 1519 1783 οὑ
1579 1731 1785 1801 σφόδρα

209 1814 452 1881 ἐρῶμεν,
483 1809 524 1883 ᾧ
556 1819 649 1868 καὶ
695 1819 894 1886 προῖκα
925 1817 1087 1884 μόνον
1120 1818 1211 1871 τὸν
1237 1819 1375 1889 ὑπὲρ
1407 1821 1573 1874 αὑτοῦ
1598 1822 1784 1876 δοῦσαι

208 1902 465 1967 θάνατον,
482 1907 758 1967 παστάδας
779 1924 836 1958 τε
857 1908 1030 1975 ἱερὰς,
1049 1911 1142 1962 καὶ
1165 1909 1438 1979 θαλάμους
1453 1911 1779 1978 ἀθανάτους,

208 2001 307 2050 καὶ
363 1999 654 2065 νυμφῶνας
716 2000 986 2067 διηνεκεῖς
1040 2003 1445 2075 ἀντιλάϐοιμεν,
1500 2007 1596 2058 κα)⁵
1649 2008 1780 2077 παρ’

206 2088 359 2156 αὑτῷ
390 2088 654 2158 λαμπρῶς
691 2090 1107 2162 βασιλεύσομεν.

279 2175 362 2231 H'.
393 2178 535 2246 Πρὸς
564 2180 735 2235 ταῦτα
764 2183 792 2233 ό
819 2182 1104 2254 δικαστὴς,
1131 2185 1285 2248 είδὼς
1320 2187 1394 2248 ὡς
1420 2187 1640 2240 ἀνύσειε
1679 2187 1780 2256 μὲν

206 2267 374 2320 πλέον
407 2269 578 2330 οὐδὲν,
605 2272 1000 2341 φλεγμαίνοντι
1035 2277 1090 2329 δὲ
1121 2277 1269 2347 ὅμως
1313 2278 1389 2348 τῷ
1420 2280 1577 2349 θυμῷ
1620 2298 1779 2351 χαριο

204 2359 453 2427 ξάμενος,
483 2363 579 2431 τὴν
607 2365 868 2434 δευτέραν
897 2367 1007 2420 τῶν
1038 2370 1281 2437 ἀδελφῶν
1320 2371 1550 2443 δευτέρᾳ
1597 2373 1780 2427 δίδωσι

201 2454 324 2512 ταῖς
358 2450 634 2519 βασάνοις.
674 2457 780 2508 Καὶ
815 2460 1135 2527 μετεωρίζει
1165 2460 1266 2529 μὲν
1301 2463 1394 2513 ἐπὶ
1420 2463 1514 2514 τοῦ
1554 2463 1712 2528 ξύλου
1745 2467 1776 2534 ή

203 2545 431 2609 γενναία
487 2547 623 2614 γυνὴ
690 2548 1052 2618 Μητροδώρα,
1122 2551 1402 2621 λαμπάδες
1475 2554 1533 2606 δὲ
1610 2556 1780 2623 πυρὸς

205 2637 454 2689 διέκαιον
490 2639 656 2707 αὑτὴν
688 2639 989 2694 πάντοθεν·
1023 2645 1117 2696 καὶ
1143 2644 1300 2715 ὡρῶν
1344 2645 1437 2699 δύο
1481 2649 1548 2716 τῇ
1579 2649 1781 2716 ἀπηνεῖ

203 2728 386 2800 ταύτῃ
441 2731 742 2803 πιεζομένη
808 2734 1048 2799 κολάσει,
1079 2737 1169 2788 τὸν
1231 2737 1471 2808 ἐραστὴν
1515 2738 1780 2792 ἐπεϐοᾶτο

206 2821 393 2887 μόνον,
435 2823 529 2874 καὶ
587 2824 685 2892 τὴν
734 2826 945 2878 ἐκεῖθεν
996 2827 1183 2879 ἐκάλει
1238 2828 1586 2898 ἐπικουρίαν.
1619 2829 1781 2882 Ἀλλά

207 2910 322 2976 μὴν
359 2910 480 2961 οὐδὲ
511 2911 610 2978 τῆς
647 2914 930 2983 εἰδωλικῆς
972 2915 1166 2982 ἡμέλει
1209 2917 1445 2987 ἀπάτης,
1492 2919 1607 2970 ἀλλ’
1649 2920 1781 2989 ὲμυ-

203 2996 435 3066 κτήριζέ
458 3017 515 3051 τε
541 3002 708 3070 αὑτὴν
733 3003 844 3064 καὶ,
863 3005 998 3071 ὅπερ
1016 3000 1082 3073 ἦν
1101 3005 1339 3075 ἀληθῶς,
1360 3007 1618 3076 αἰσχύνην
1643 3009 1778 3061 ἐδεί-

203 3109 305 3144 κνυ
335 3093 424 3142 καὶ
455 3093 689 3158 γέλωτα.
749 3095 942 3145 Ἔνθεν
968 3114 1049 3149 τοι
1093 3099 1187 3149 καὶ
1239 3099 1470 3166 κατάγει
1529 3101 1627 3168 μὲν
1680 3103 1779 3169 τὴν

202 3182 463 3246 γενναίαν
491 3184 700 3237 ἐκεῖθεν
722 3202 734 3214 ·
773 3186 988 3252 μηλοίς
1015 3186 1070 3237 δὲ
1098 3189 1336 3256 σιδηροῖς
1362 3190 1654 3243 ὑποϐάλλει
1687 3191 1779 3242 καὶ

199 3281 263 3328 τὸ
299 3278 403 3328 πᾶν
435 3277 601 3346 αὐτῆς
635 3279 808 3341 πιέζει
866 3278 1022 3347 σῶμα
1081 3280 1176 3331 καὶ
1224 3281 1489 3350 καταθλᾷ.
1554 3282 1770 3351 Ἐκείνη

200 3367 389 3436 μέντοι
419 3367 515 3435 τὴν
543 3367 703 3434 φύσιν
735 3369 832 3438 ἤδη
865 3369 1327 3440 ἀπαγορεύσασαν
1354 3371 1672 3442 αἰσθομένη,
1694 3371 1771 3443 τῷ

197 3459 781 3530 φιλουμένῳρυλλαλεῐ
802 3464 1062 3532 Νυμφίῳ,
1093 3462 1181 3518 οἷα
1210 3465 1273 3535 δὴ
1301 3464 1387 3517 διὰ
1412 3465 1503 3518 τοῦ
1531 3466 1766 3520 Θανάτου

199 3550 341 3618 πρὸς
375 3552 536 3603 αὑτὸν
593 3552 996 3618 πλησιάζουσα,
1044 3553 1140 3605 καὶ
1179 3555 1269 3606 τὸν
1300 3557 1567 3623 νυμφῶνα
1604 3559 1768 3626 ἑαυτῇ

202 3643 745 3709 προπαρασκευάζει.
778 3641 916 3698 Εἶτα
951 3645 1044 3699 καὶ
1081 3645 1182 3716 τὴν
1234 3646 1411 3717 ψυχὴν
1455 3649 1574 3710 ταῖς
1607 3649 1773 3716 ἀγγέ-

197 3731 310 3782 λων
338 3733 493 3801 χερσὶ
526 3732 793 3798 πιστεύει,
821 3737 913 3786 καὶ
936 3735 1030 3804 ὅλη
1065 3736 1199 3804 πρὸς
1222 3738 1388 3788 αὑτὸν
1423 3739 1672 3806 ὲκδημεῖ.
1712 3737 1770 3790 '0

199 3826 518 3894 παράνομος
541 3827 597 3877 δὲ
623 3826 804 3896 ἄρχων
829 3831 1031 3890 ἐκεῖνος
1059 3831 1169 3891 τοῖς
1201 3829 1339 3891 ὅλοις
1364 3830 1768 3897 ἀπαγορεύσας,

196 3917 296 3968 καὶ
327 3918 385 3967 τὸ
415 3918 510 3983 τῆς
540 3919 802 3984 αἰσχύνης
847 3920 1122 3986 ὑπερφυὲς
1170 3921 1492 3987 ὑπενεγκεῖν
1523 3921 1580 3971 ού
1607 3920 1770 3972 δυνά-

198 4023 387 4075 μενος,
415 4008 708 4060 ὑπελίπετό
735 4026 856 4060 τινα
887 4011 1035 4077 ὅμως
1067 4012 1246 4080 ἑαυτῷ
1270 4013 1646 4082 παραμυθίαν,
1670 4015 1768 4084 τὴν

193 4101 392 4170 τρίτην
436 4100 544 4154 τῶν
576 4101 845 4169 ἀδελφῶν·
882 4104 973 4154 καλ¹
1021 4105 1516 4175 παραστησάμενος
1549 4105 1774 4176 Νυμφο-

193 4195 377 4263 δωραν
399 4198 457 4248 τὸ
486 4199 658 4264 πρᾶον
681 4199 1056 4266 ἀναισχύντως
1080 4200 1174 4250 καὶ
1199 4200 1381 4270 ἱλαρδν
1407 4201 1766 4270 ὑπεκρίνατο,

193 4290 315 4349 καὶ,
340 4288 598 4357 Πείσθητί
636 4305 725 4355 μοι
756 4290 859 4341 κᾶν
884 4290 1043 4358 αὑτὴ,
1073 4291 1285 4357 ἔλεγεν,
1311 4286 1353 4343 ὦ
1389 4293 1528 4361 καλὴ
1561 4295 1765 4358 νεᾶνις,

195 4386 266 4447 ἣν
300 4378 409 4445 ἐγὼ
440 4380 595 4433 πλέον
619 4381 726 4433 τῶν
778 4382 975 4448 ἄλλων,
1017 4385 1071 4436 αἱ
1123 4384 1276 4452 φίλαι
1299 4384 1407 4438 τῶν
1441 4385 1574 4438 θεῶν
1618 4389 1766 4440 ῐσασι

193 4469 442 4538 χάριτες,
491 4472 583 4520 καὶ
635 4471 726 4522 τοῦ
761 4473 993 4535 κάλλους
1030 4475 1241 4542 ἄγαμαι
1278 4478 1368 4529 καὶ
1406 4479 1503 4545 τῆς
1547 4479 1765 4549 ἡλικίας

1895 631 2031 684 tum,
2055 633 2257 680 tantam
2285 623 2528 678 ostendit
2563 625 2844 685 virtutem,
2873 621 3134 690 quidnam
3175 621 3471 676 fecerimus

1894 729 1996 768 nos
2026 715 2129 769 tale
2189 715 2486 786 exemplar,
2538 729 2732 783 nempe
2789 729 3052 778 sororem,
3102 709 3472 781 aspicientes?

1893 807 1974 859 An
2003 821 2107 859 non
2141 807 2311 872 vides,
2355 809 2808 877 quemadmodum
2838 806 2927 860 illa
2966 805 3050 860 vel
3103 805 3295 874 jacens
3373 819 3473 858 nos

1893 901 2228 965 adhortatur,
2289 909 2344 954 et
2411 899 2783 969 cognationem
2812 897 3105 952 revocatin
3130 895 3470 958 memoriam,

1893 1004 1946 1047 et
1994 994 2057 1047 ad
2093 995 2250 1047 talem
2305 993 2478 1047 zelum
2534 992 2695 1046 nobis
2737 991 2884 1045 addit
2935 989 3197 1049 animum,
3239 989 3470 1056 seipsiam

1894 1087 2140 1154 prmbens
2195 1085 2478 1155 pulchrum
2535 1084 2812 1152 exemplar
2842 1081 3320 1138 deccrtationis?A
3365 1096 3469 1148 qua

1892 1165 2041 1230 certo
2081 1178 2219 1231 scias
2251 1193 2349 1232 nos
2380 1193 2486 1231 non
2543 1192 2667 1231 esse
2717 1177 3073 1236 discessuras,
3115 1188 3291 1242 neque
3329 1173 3470 1226 illius

1893 1269 2230 1322 nobilitatem
2291 1268 2577 1322 habituras
2634 1268 2996 1335 contemptui.
3063 1265 3179 1319 Non
3226 1265 3469 1318 fallcmus

1892 1371 2165 1430 parentes,
2218 1360 2358 1415 illius
2399 1361 2566 1415 solius
2597 1369 2850 1430 parentes
2905 1373 3022 1412 esse
3061 1359 3471 1427 persuadentes,

1891 1452 1936 1504 si
1992 1453 2044 1507 in
2101 1453 2400 1522 periculum
2469 1454 2751 1506 veniamus
2804 1452 2872 1505 de
2944 1450 3162 1520 pietate.
3234 1448 3460 1503 Valeant

1889 1544 2113 1608 divitiae,
2205 1545 2378 1599 valeat
2422 1544 2610 1614 gloria,
2666 1551 2721 1597 et
2778 1541 2894 1596 haec
2940 1557 3061 1610 quae
3088 1548 3217 1594 sunt
3246 1553 3277 1594 e
3326 1548 3471 1593 terra

1889 1646 1944 1689 et
1983 1651 2174 1689 rursus
2233 1636 2284 1688 in
2329 1645 2530 1689 terram
2584 1642 2953 1688 revertuntur.
3018 1631 3248 1686 Valeant
3296 1631 3467 1699 proci,

1889 1729 1943 1780 in
2003 1744 2137 1796 quos
2187 1727 2327 1781 cadit
2385 1728 2657 1780 interitus.
2710 1726 2983 1780 Habemus
3041 1739 3140 1779 nos
3190 1723 3467 1778 Christum

1889 1829 2133 1874 nostrum
2169 1836 2446 1889 sponsum,
2474 1836 2633 1886 quem
2666 1819 2817 1874 valde
2843 1832 3108 1883 amamus,
3145 1824 3199 1871 ct
3229 1816 3314 1872 cui
3342 1832 3467 1871 cum

1889 1911 2068 1964 dotem
2089 1911 2260 1965 solum
2307 1912 2641 1974 dederimus,
2662 1927 2778 1966 eam
2797 1925 2957 1980 quam
2976 1908 3202 1979 proipso
3221 1907 3467 1963 subimus

1889 2013 2138 2067 mortem,
2162 2003 2693 2059 sacrosimmortales
2728 2012 2782 2056 et
2818 2012 3051 2056 aeternos
3111 2001 3461 2069 accipiemus

1887 2092 2170 2157 thalamos,
2234 2103 2287 2147 et
2358 2095 2611 2162 praeclare
2661 2094 2800 2163 apud
2873 2094 3047 2161 ipsum
3099 2093 3464 2162 regnabimus.

1963 2183 2088 2238 Vlll.
2113 2184 2190 2237 Ex
2214 2185 2296 2238 his
2322 2185 2630 2253 intelligens
2648 2185 2812 2254 judex
2838 2201 2896 2239 se
2916 2183 3053 2238 nihil
3090 2183 3309 2252 quidem
3336 2181 3467 2237 eﬂ‘e-

1886 2283 2125 2338 cturum,
2158 2275 2384 2329 ferventi
2440 2284 2618 2329 tamen
2673 2275 2766 2329 iraa
2825 2274 3126 2344 indulgens,
3169 2274 3465 2327 secundam

1888 2381 2128 2421 sororem
2155 2382 2398 2421 seorsum
2429 2366 2913 2422 datsecundoloco
2968 2364 3342 2434 torquendam.
3398 2363 3466 2419 Et

1888 2459 2120 2513 sublime
2159 2459 2376 2528 quidem
2416 2460 2470 2513 in
2526 2461 2670 2532 ligno
2715 2460 2912 2530 pendet
2939 2460 3228 2513 mulierum
3283 2457 3464 2513 fortis-

1888 2547 2025 2602 sima
2063 2547 2390 2613 Metrodora,
2414 2550 2691 2618 lampades
2720 2556 2900 2603 autem
2924 2549 3063 2619 ignis
3087 2563 3208 2602 eam
3237 2549 3465 2602 urebant

1886 2654 1950 2693 ex
1976 2640 2124 2692 omni
2160 2650 2334 2709 parte;
2369 2649 2423 2697 ct
2453 2656 2574 2695 cum
2611 2641 2787 2710 spatio
2811 2640 3041 2694 duarum
3077 2641 3327 2694 horarum
3359 2639 3464 2693 hoc

1887 2732 2035 2802 gravi
2086 2742 2426 2801 premeretur
2463 2733 2752 2804 supplicio,
2783 2734 2958 2788 solum
2988 2749 3145 2788 suum
3195 2732 3464 2786 clamabat

1886 2833 2206 2892 amatorem,
2238 2837 2293 2881 et
2318 2827 2435 2896 ejus
2465 2827 2747 2881 invocabat
2806 2823 3226 2887 auxilium.'Sed
3285 2839 3463 2893 neque

1887 2913 2152 2970 idolorum
2183 2918 2489 2987 negligcbat
2518 2917 2921 2987 deceptionem,
2954 2915 3047 2971 sed
3085 2925 3140 2970 et
3167 2931 3286 2970 eam
3327 2916 3461 2969 sub-

1888 3009 2173 3073 sannabat,
2192 3019 2268 3073 et,
2289 3009 2339 3062 id
2369 3011 2510 3080 quod
2537 3019 2654 3064 erat
2677 3025 2885 3074 revera,
2911 3009 3122 3078 turpem
3141 3007 3460 3062 ostendebat

1886 3109 1940 3151 et
1975 3099 2276 3153 ridiculam.
2317 3101 2580 3168 Deinceps
2635 3110 2816 3155 autem
2865 3114 3186 3170 generosam
3242 3097 3458 3166 quidem

1888 3189 2032 3243 illam
2062 3191 2325 3261 virginem
2362 3194 2510 3248 illinc
2535 3193 2773 3255 deducit,
2805 3192 3004 3246 ferreis
3048 3206 3180 3245 vero
3210 3185 3459 3244 vectibus

1880 3283 2117 3349 subjicit,
2148 3293 2202 3338 et
2226 3285 2541 3338 universum
2563 3285 2681 3353 ejus
2708 3298 2905 3352 corpus
2925 3283 3122 3351 premit
3145 3277 3455 3335 etconl'rin-

1876 3370 1968 3439 git.
2009 3370 2100 3425 Illa
2133 3384 2337 3438 autem,
2377 3374 2728 3441 defatigatam
2755 3374 2865 3441 jam
2902 3372 3144 3426 sentiens
3181 3377 3458 3436 naturam,

1876 3476 2136 3530 sponsum
2168 3461 2422 3516 dilectum
2462 3461 2847 3530 alloquitur,ut
2867 3475 2985 3529 qua:
3006 3475 3100 3528 per
3131 3467 3360 3511 mortem
3390 3457 3447 3510 ei

1874 3554 2358 3622 appropinquaret,
2399 3564 2452 3609 et
2504 3554 2603 3608 sibi
2662 3561 2815 3620 parat
2863 3552 3187 3605 thalamum.
3245 3549 3452 3604 Deinde

1874 3643 2109 3695 animam
2144 3659 2294 3696 suam
2321 3645 2495 3697 credit
2517 3646 2766 3698 manibus
2789 3643 3124 3713 angelorum,
3159 3649 3214 3694 et
3242 3648 3350 3693 tota
3384 3641 3451 3694 ad

1876 3735 2052 3803 ipsum
2083 3735 2312 3789 excedit.
2337 3734 2557 3803 Iniquus
2574 3745 2755 3786 autem
2783 3735 3043 3803 illejudex
3069 3747 3217 3796 spem
3232 3742 3452 3785 omnem

1875 3827 2157 3892 abjiciens.
2182 3836 2236 3878 et
2265 3842 2375 3879 non
2405 3827 2585 3880 valens
2603 3824 2744 3880 ferre
2770 3838 3038 3880 summum
3063 3824 3317 3890 dedecus,
3344 3824 3449 3880 sibi

1877 3925 2057 3970 tamen
2089 3917 2373 3986 quamdam
2402 3919 2743 3986 relinquebat
2775 3917 3222 3984 consolationem,
3249 3933 3449 3988 nempe

1879 4009 2095 4062 tertiam
2134 4023 2397 4064 sororem.
2463 4006 2527 4062 Et
2582 4023 2706 4063 cum
2762 4010 3165 4077 producendam
3203 4021 3448 4067 curasset

1876 4101 2338 4169 Nymphodoram,
2381 4101 2860 4156 mansuetudinem
2891 4109 2941 4155 et
2975 4100 3306 4157 hilaritatem
3333 4104 3438 4158 im-

1874 4192 2148 4260 pudenter
2174 4193 2467 4257 simulavit,
2489 4203 2544 4246 et
2569 4194 2618 4247 ei
2648 4193 2803 4247 dixit:
2835 4193 2964 4247 Mihi
2994 4211 3200 4250 morem
3229 4211 3379 4266 gere,
3411 4213 3445 4253 ο

1873 4282 2099 4351 pulchra
2130 4282 2550 4347 adulescentula,
2589 4300 2750 4351 quam
2793 4302 2893 4354 ego
2924 4288 3047 4355 plus
3100 4302 3261 4356 quam
3311 4288 3444 4342 alias

1875 4375 2120 4445 (deorum
2140 4377 2327 4428 amica:
2352 4376 2402 4428 id
2421 4375 2855 4445 sciuntGratim),
2883 4388 2937 4432 et
2959 4378 3198 4433 admiror
3220 4391 3444 4450 prepter

1874 4467 2358 4535 pulchritudinem,
2408 4470 2673 4524 etaetatis
2714 4470 2992 4526 misereor.
3047 4471 3247 4527 Morem
3311 4475 3442 4528 mihi

190 4562 473 4630 οἰκτείρω*
503 4562 754 4630 πείσθητί
785 4580 874 4630 μοι
905 4564 981 4632 τῷ
1009 4564 1181 4626 οὕτως
1214 4566 1290 4626 ὡς
1323 4567 1508 4628 παιδὸς
1529 4567 1761 4637 γνησίας
1799 4579 1825 4636 ι

1887 4574 2019 4629 gere,
2060 4559 2150 4628 qui
2186 4577 2292 4614 non
2331 4561 2527 4625 minus,
2562 4577 2723 4630 quam
2785 4578 3053 4631 germana:
3085 4565 3206 4619 ﬁliae
3241 4574 3334 4620 tuo
3359 4567 3442 4620 in-

196 4672 296 4707 σου
376 4655 805 4725 περικαιομὲνῳ,
874 4657 968 4708 καὶ
1043 4657 1438 4727 προσελθοῦσα,
1497 4659 1548 4710 τί
1603 4659 1764 4713 τοῦτο

201 4746 385 4818 βαρύς
438 4747 819 4819 προσκύνησον
856 4752 967 4811 τοῖς
1025 4749 1168 4812 θεοῖς
1203 4750 1380 4819 μόνον,
1411 4750 1506 4802 καὶ
1563 4751 1763 4804 αὐτίκα

194 4843 466 4911 μεγίστην
518 4842 614 4910 μὲν
666 4841 873 4894 εἴσεταί
930 4859 1009 4894 σοι
1062 4843 1764 4913 χάρινόβασιλεύςοδώσει

189 4936 250 4984 δὲ
287 4935 377 4984 καὶ
412 4935 672 5001 χρήματα
704 4935 796 4984 καὶ
830 4933 1015 5000 τιμὰς,
1067 4936 1160 4987 καὶ
1185 4936 1243 4986 τό
1271 4953 1332 5000 γε
1380 4935 1582 5004 μεῖζον,
1615 4937 1761 5006 παρ-

191 5022 393 5093 ρησίαν
414 5024 512 5092 τὴν
536 5022 671 5093 πρὸς
699 5022 881 5075 αὐτόν.
906 5023 965 5073 Et
986 5023 1038 5073 δὲ
1066 5024 1160 5091 μὴ,
1187 5024 1322 5076 ἀλλὰ
1351 5025 1555 5088 κακῶς,
1573 5024 1720 5094 οἴμοι
1746 5026 1758 5078 1

192 5118 292 5169 καὶ
346 5115 484 5184 αὑτὴ
542 5116 755 5192 ἀπολεῖ,
801 5115 897 5166 καὶ
940 5113 1090 5165 οὐδὲν
1142 5113 1360 5175 πάντως
1407 5115 1506 5182 τῆς
1557 5117 1762 5184 πικρᾶς

189 5210 400 5277 ταύτης
429 5207 598 5277 ὀνήσῃ
629 5207 888 5282 τελευτῆς
943 5206 1130 5276 ὥσπερ
1187 5205 1278 5258 οὖν
1311 5206 1418 5258 οὐδ’
1446 5207 1501 5257 αί
1533 5207 1763 5273 ἀδελφαὶ

190 5301 365 5367 αὐτῆς
395 5299 621 5353 ὤναντο.

266 5389 342 5447 Θ¹.
373 5391 558 5452 Οὕτως
613 5384 704 5442 οὖν
738 5387 829 5441 τοῦ
852 5387 1112 5458 ἄρχοντος
1145 5390 1458 5458 είρηκότος,
1479 5388 1577 5440 ἐπὶ
1613 5389 1760 5442 τέλει

188 5486 248 5536 δὲ
284 5484 380 5534 καὶ
415 5482 676 5550 φρόνιμον
716 5481 810 5533 καὶ
858 5481 968 5533 τῶν
1000 5480 1242 5549 ἀδελφῶν
1280 5481 1650 5548 συνετωτέραν
1680 5485 1759 5533 εί·

190 5573 406 5636 πόντος,
428 5573 612 5637 ἐκείνη
643 5573 751 5625 τῶν
784 5572 958 5625 ἀλλων
992 5573 1156 5626 αὑτοῦ
1203 5572 1378 5638 λόγων
1408 5573 1506 5624 ὅσα
1545 5573 1636 5625 καὶ
1665 5575 1758 5643 λή-

188 5685 304 5739 ρων
340 5664 675 5735 φροντίσασι
698 5679 712 5695 °
736 5666 796 5716 τὸ
818 5667 1082 5732 φρόνιμον
1100 5666 1154 5717 δὲ
1185 5664 1346 5732 μόνον
1377 5665 1753 5725 ὑπολαϐοῦσα,

189 5756 325 5816 εἶτα
354 5763 451 5812 οὑκ
476 5757 727 5830 αἰσχύνη,
759 5757 885 5829 ἔφη,
911 5759 1030 5811 οὑδὲ
1056 5759 1332 5828 ἐρυθριᾷς,
1367 5757 1458 5810 νῦν
1494 5760 1591 5828 μὲν
1624 5761 1756 5828 φρά.

191 5868 355 5921 νιμον
406 5849 703 5920 ὀνομάζων,
739 5848 829 5902 νῦν
882 5850 938 5902 δὲ
988 5850 1078 5903 τὸν
1132 5849 1307 5919 ἁληθῆ
1342 5849 1750 5904 καταλιποῦσαν

1871 4653 2073 4705 cendor
2097 4668 2300 4716 amore;
2329 4661 2381 4706 et
2407 4653 2668 4708 accedens
2695 4654 2970 4723 (quidnam
2995 4665 3079 4709 est
3103 4656 3205 4710 hoc
3233 4660 3436 4726 grave?)

1868 4742 1996 4795 deos
2027 4744 2200 4797 solum
2230 4745 2412 4809 adora,
2444 4753 2500 4799 et
2538 4746 2718 4799 statim
2757 4748 3042 4803 maximam
3072 4749 3290 4818 quidem
3341 4751 3437 4806 tibi

1868 4835 2092 4902 gratiam
2129 4835 2676 4904 habebitimperator;
2698 4837 2844 4890 dabit
2871 4848 3052 4892 autem
3072 4841 3331 4909 pecunias
3379 4853 3437 4899 et

1867 4927 2121 4990 honores,
2157 4940 2208 4982 et
2259 4928 2399 4994 quod
2434 4937 2514 4981 est
2547 4928 2704 4999 longe
2748 4932 3064 4992 maximum.
3089 4934 3234 5002 apud
3254 4934 3430 5004 ipsum

1868 5018 2138 5071 ﬁduciam.
2171 5019 2264 5072 Sin
2294 5020 2492 5083 minus,
2525 5022 2608 5075 hei
2655 5023 2805 5089 mihi,
2837 5033 2891 5077 tu
2911 5040 3124 5094 quoque
3153 5027 3268 5096 ipsa
3293 5028 3433 5082 male

1868 5112 2107 5178 peribis;
2147 5129 2321 5182 neque
2366 5116 2478 5169 haec
2531 5132 2678 5171 mors
2732 5119 2938 5174 acerba
2979 5121 3075 5174 tibi
3132 5122 3426 5190 quidquam

1866 5204 2089 5259 omnino
2141 5207 2402 5275 proderit,
2457 5210 2727 5276 quomodo
2752 5226 2854 5265 nec
2906 5213 3010 5266 tuis
3034 5213 3242 5283 profuit
3274 5229 3426 5274 soro-

1867 5297 2035 5350 ribus.

1936 5387 2023 5441 IX.
2060 5387 2193 5444 Cum
2222 5392 2296 5446 sic
2329 5392 2762 5462 dixissetjudex,
2794 5405 3069 5463 postremo
3085 5409 3264 5455 autem
3307 5417 3426 5457 eam

1863 5489 1916 5532 et
1943 5481 2263 5549 prudentem
2291 5495 2345 5538 et
2374 5486 2584 5541 caeteris
2627 5499 2867 5543 vocasset
2896 5489 3303 5560 sapientiorem,
3337 5496 3422 5550 illa

1863 5573 1962 5626 alia
1991 5575 2107 5643 ejus
2140 5577 2303 5630 verba
2334 5593 2442 5631 non
2485 5582 2652 5645 magis
2687 5597 2903 5648 curans,
2938 5600 3099 5653 quam
3133 5602 3325 5658 nugas,
3370 5589 3423 5642 id

1860 5676 2037 5720 autem
2064 5667 2423 5737 solum,quod
2443 5685 2559 5723 eam
2584 5674 2809 5728 vocabat
2856 5677 3199 5743 prudentem,
3273 5681 3421 5734 exci-

1861 5759 2033 5824 piens,
2053 5759 2165 5813 Non
2202 5770 2249 5814 te
2269 5763 2449 5829 pudet,
2470 5765 2663 5834 inquit,
2696 5782 2794 5823 nec
2817 5769 3110 5838 erubescis,
3135 5787 3279 5826 nunc
3302 5774 3422 5843 qui-

1860 5851 1977 5908 dem
2004 5852 2283 5908 nominare
2304 5857 2640 5926 prudentem,
2664 5875 2803 5916 nunc
2823 5871 3000 5916 autem
3027 5880 3212 5919 verum
3250 5864 3415 5921 Deum
