4198 6438
759 369 864 432 663

1988 388 2272 449 MENSIS
2315 393 2786 460 SEPTEMBER.

3917 409 4040 477 664

761 477 1186 549 relinquentem,
1216 482 1407 551 jubere
1437 486 1504 539 ad
1526 495 1649 542 tuos
1676 489 1937 545 accedere
1963 491 2331 549 daemones?Et

2437 503 2678 556 κελεύων
2740 507 2855 568 τοῖς
2911 505 3130 578 δαίμοσι
3189 510 3301 571 τοῖς
3340 511 3454 573 σοῖς
3510 513 3878 582 προσελθεῖν;
3920 519 4040 572 Καὶ

757 587 990 638 quonam
1027 574 1206 637 modo,
1241 577 1438 646 inquit,
1479 587 1738 634 extremae
1787 597 1892 634 non
1913 583 2076 637 fuerit
2105 585 2205 639 hoc
2240 589 2324 638 in-

767 665 957 725 saniae.
989 674 1040 720 et
1064 669 1260 722 mentis
1291 671 1448 737 plane
1485 680 1700 732 emotae,
1732 688 1759 725 a
1791 676 2066 728 communi
2099 676 2326 730 Domino

760 761 813 806 et
840 754 1213 809 universorum
1277 758 1471 826 opifice
1507 761 1844 816 deiicientem
1876 766 2028 833 sequi
2073 781 2329 819 manuum

758 858 944 912 opera,
975 861 1094 913 quae
1123 858 1308 901 carent
1330 864 1494 904 sensu
1516 859 1568 904 et
1591 850 1966 922 intelligentia,
1993 864 2048 908 et
2071 871 2132 909 ea
2154 855 2332 910 colere

761 945 1015 1005 tanquam
1043 937 1208 991 deos?
1232 938 1488 1004 Quaenam
1527 955 1589 994 ex
1645 942 1724 995 eis
1764 945 1965 1011 possim
2007 959 2248 1013 sperare,
2281 953 2333 998 et

757 1042 1005 1096 quamam
1037 1028 1376 1092 lucrifacere,
1415 1031 1502 1084 die
1546 1030 1701 1096 mibi,
1731 1040 1784 1087 et
1833 1034 2065 1102 accipio.
2096 1034 2336 1089 Ostende

757 1120 894 1173 mihi
928 1120 1057 1189 quid
1108 1121 1235 1175 boni
1255 1123 1329 1176 sis
1374 1134 1700 1177 consecutus
1731 1140 1794 1178 ex
1843 1135 1932 1179 tua
1969 1127 2022 1179 in
2053 1127 2176 1182 illos
2206 1142 2334 1195 spe;

755 1222 812 1266 et
858 1214 1079 1281 parebo.
1131 1213 1237 1267 Sed
1287 1215 1421 1268 nihil
1489 1226 1642 1284 potes
1680 1218 1880 1275 dicere.
1935 1219 2144 1274 Revera
2193 1222 2337 1274 enim

751 1305 1038 1357 simulacra
1072 1307 1300 1374 gentium
1350 1318 1623 1378 argentum
1660 1319 1708 1364 et
1748 1327 1959 1371 aurum,
2025 1327 2184 1379 opera
2227 1329 2339 1365 ma-

757 1410 918 1447 nuum
965 1397 1255 1449 hominum.
1299 1397 1512 1451 Similes
1565 1399 1674 1452 illis
1698 1399 1830 1466 ﬁant
1863 1401 1950 1468 qui
1992 1399 2166 1452 colunt
2207 1415 2267 1454 ea
2297 1401 2337 1454 ¹.

755 1485 822 1539 Et
852 1486 970 1540 ideo
995 1503 1062 1539 ne
1102 1503 1290 1556 parcas
1319 1505 1381 1542 ea
1406 1505 1523 1557 quae
1549 1489 1682 1545 velis
1731 1489 1928 1544 facere.
1959 1490 2042 1543 En
2071 1491 2166 1545 tibi
2223 1507 2339 1544 car-

762 1592 859 1631 nes
903 1586 1101 1645 parata:
1142 1580 1248 1647 pati
1287 1590 1507 1649 propter
1534 1579 1836 1644 Christum,
1876 1589 1930 1635 et
1973 1581 2143 1650 magis
2175 1596 2337 1650 quam

757 1677 815 1720 tu
851 1683 950 1720 nos
984 1668 1200 1736 punire.
1236 1667 1390 1723 Tunc
1434 1669 1689 1740 ignorans
1722 1671 2010 1735 scelestus,
2041 1669 2170 1739 quid
2215 1685 2340 1741 age-

761 1771 863 1822 ret,
901 1774 954 1812 et
982 1775 1274 1829 quamnam
1322 1775 1470 1829 spem
1511 1760 1949 1830 apprehenderet
1996 1763 2114 1831 (per
2151 1762 2337 1814 omnia

754 1853 899 1905 enim
920 1852 1095 1905 fuerat
1111 1853 1402 1920 repulsus),
1424 1853 1560 1906 hanc
1579 1867 1795 1921 qu0que
1813 1851 2099 1906 sublimem
2122 1851 2172 1903 in
2187 1851 2332 1921 ligno
2371 1857 2411 1910 Β

755 1943 985 2004 extollit,
1016 1951 1073 1995 et
1105 1942 1296 1996 ferreis
1318 1958 1438 1996 eam
1472 1943 1733 2012 discerpit
1796 1943 2028 2012 ungulis.
2089 1941 2194 1997 Sed
2249 1943 2341 1998 illa

755 2035 819 2088 ad
849 2036 948 2088 hoc
969 2035 1168 2089 nullam
1187 2049 1364 2103 neque
1378 2049 1584 2099 vocem,
1607 2049 1784 2103 neque
1871 2035 2128 2104 gemitum
2187 2033 2344 2086 emit'

757 2126 923 2188 tebat;
963 2135 1146 2194 aperte
1176 2135 1353 2180 autem
1420 2127 1739 2179 ostendebat
1791 2141 1849 2180 se
1877 2141 1997 2180 cum
2031 2124 2141 2179 Deo
2170 2124 2339 2179 collo-

761 2220 876 2286 qui.
915 2217 981 2270 Et
1014 2219 1114 2272 hoc
1147 2218 1414 2272 docebant
1446 2217 1665 2272 etlabra
1702 2233 1822 2286 quae
1875 2217 2253 2280 movebantur,
2287 2227 2342 2269 et

758 2310 903 2364 oculi
953 2325 1092 2378 quos
1125 2309 1187 2362 ad
1210 2309 1406 2364 ccelum
1435 2309 1746 2362 extollebat.
1773 2310 1865 2361 ltle
1897 2317 2081 2360 autem
2113 2305 2341 2359 stolidus

765 2416 955 2455 rursus
982 2415 1200 2470 quoque
1237 2400 1416 2454 verbis
1446 2413 1565 2454 eam
1591 2409 1674 2455 est
1703 2413 2010 2469 aggressus;
2070 2411 2178 2450 non
2207 2396 2340 2449 citra

762 2493 1101 2558 violentiam,
1132 2502 1186 2547 et
1222 2508 1316 2561 per
1340 2507 1643 2562 praeconem
1672 2492 1969 2561 jussiteam
2010 2488 2336 2551 sacrificare,

760 2597 814 2640 et
841 2585 1057 2639 liberari
1083 2600 1111 2637 a
1140 2585 1442 2639 tormentis.
1471 2583 1559 2638 Illa
1583 2597 1711 2638 vero
1731 2582 1980 2638 dicebat:
2007 2579 2091 2634 Me
2110 2579 2339 2634 Domino

764 2693 888 2732 meo
916 2676 1237 2742 sacrificavi,
1271 2687 1496 2745 propter
1517 2691 1678 2744 quem
1705 2676 1792 2728 vel
1829 2674 1938 2744 pati
1965 2683 2048 2728 est
2067 2673 2336 2741 voluptas,

761 2780 815 2825 et
839 2770 974 2825 mori
1025 2769 1254 2822 lucrum.
1302 2769 1432 2822 lllud
1464 2765 2338 2838 auteminjustojudicimajorem

762 2864 1007 2919 accendit
1036 2863 1294 2921 furorem.
1322 2862 1520 2916 Deinde
1550 2870 1730 2915 autem
1764 2876 1880 2915 eam
1917 2874 2130 2928 quoque
2150 2856 2341 2910 ferreis

763 2957 1021 3012 contrivit
1069 2966 1121 3009 et
1163 2955 1431 3024 confregit
1462 2955 1727 3017 vectibus.
1768 2952 1873 3008 Sed
1927 2952 2087 3022 hujus
2123 2964 2338 3019 quoque

762 3049 985 3102 omnino
1019 3063 1200 3100 curam
1244 3046 1733 3116 similitergerebat
1776 3043 1917 3098 Deus
1939 3054 1998 3098 ut
2063 3056 2333 3104 sororum,

765 3151 820 3196 et
841 3141 1105 3195 eilieiebat
1154 3149 1210 3194 ut
1238 3139 1472 3194 immane
1504 3141 1740 3193 vinceret
1770 3137 2122 3206 supplicium,
2146 3145 2201 3187 et
2247 3133 2338 3185 ad-

767 3248 956 3286 versus
1012 3231 1180 3300 ipsam
1245 3231 1398 3284 fortis
1437 3238 1603 3283 staret
1643 3238 1915 3282 naturam.
1965 3225 2168 3279 Deinde
2217 3238 2278 3277 ea

765 3337 982 3392 quoque
1006 3322 1069 3376 ad
1107 3337 1162 3375 se
1184 3321 1435 3385 accersit,
1474 3334 1527 3377 et
1551 3321 1698 3391 virgo
1719 3319 1947 3374 libenter
1966 3315 2194 3388 deponit
2217 3316 2338 3368 ani-

769 3431 910 3470 mam
945 3416 996 3469 in
1038 3413 1159 3469 sinu
1195 3414 1471 3467 amatoris.

852 3697 916 3751 Χ.
947 3695 1153 3765 impius
1183 3702 1362 3746 autem
1393 3690 1581 3762 judex,
1609 3689 1701 3742 irae
1735 3693 1892 3738 utens
1926 3683 2146 3742 auxilio,
2182 3682 2343 3733 etiam

774 3793 830 3847 in
857 3791 972 3860 ipsa
1001 3796 1212 3842 mortua
1239 3796 1466 3851 corpora
1494 3780 1693 3832 bellum
1726 3774 1882 3846 gerit;
1912 3783 1966 3827 et
1999 3787 2122 3826 eum
2150 3785 2345 3826 accen-

777 3882 948 3937 disset
999 3876 1302 3936 fornacem,
1377 3883 1604 3938 eamque
1657 3865 1877 3920 aluisset
1934 3865 2174 3917 multaet
2223 3871 2347 3930 apta

775 3969 1024 4033 materia,
1083 3968 1139 4021 in
1202 3965 1370 4034 ipsam
1423 3959 1695 4030 iaculatur
1769 3967 1997 4022 corpora
2043 3950 2346 4019 martyrica.

777 4063 918 4117 Deus
944 4069 1123 4114 autem
1154 4064 1362 4110 amator
1388 4053 1717 4112 animarum,
1743 4059 1843 4099 nec
1877 4058 2099 4113 corpora
2135 4040 2350 4111 quidem

777 4149 1174 4225 neglexit;sed
1232 4159 1420 4215 magna
1473 4142 1551 4196 vis
1601 4147 1824 4208 repente
1864 4150 2157 4192 erumpens
2207 4133 2350 4188 toni-

785 4259 965 4301 truum
1025 4251 1080 4296 et
1131 4239 1404 4309 fulgurum
1455 4232 1717 4303 praavenit
1760 4231 1935 4298 ignem
1996 4226 2353 4288 fornacis,,et

781 4342 960 4410 ipsum
993 4333 1250 4405 iudicem,
1281 4339 1334 4382 et
1360 4342 1476 4395 qua
1522 4323 1572 4378 ei
1631 4322 1899 4376 serviebat
1951 4316 2354 4372 multitudinem

781 4430 837 4481 in
893 4423 1128 4479 favillam
1157 4418 1347 4485 redigit
1369 4425 1422 4466 et
1459 4412 1759 4482 fuliginem.
1792 4409 1855 4461 Et
1880 4411 1984 4463 hoc
2031 4411 2357 4462 invenerunt

787 4514 1110 4588 prooemium
1139 4509 1421 4581 gehennae,
1477 4518 1596 4573 qua:
1655 4516 1930 4570 nunquam
1961 4498 2182 4563 desinit,
2264 4497 2353 4566 qui

784 4565 942 4666 erant
1003 4605 1089 4659 tlla
1149 4603 1260 4657 sola
1283 4613 1472 4655 revera
1553 4593 1718 4665 digni.
1796 4588 2102 4647 Vehemens
2174 4565 2584 4666 autclequ
2608 4568 2706 4636 τῆς

783 4707 1007 4769 repente
1055 4705 1347 4760 erumpens
1382 4688 1559 4758 pluvia
1617 4685 1912 4754 exstinguit
1943 4683 2212 4736 fornacem
2247 4699 2259 4733 :
2303 4690 2356 4733 et

786 4808 907 4847 cum
941 4788 1120 4843 statim
1151 4783 1322 4839 avidis
1355 4780 1605 4834 manibus
1664 4777 1932 4847 virginum
1993 4789 2222 4842 corpora
2283 4772 2355 4840 pii

787 4883 1158 4944 sustulissent,
1187 4875 1577 4947 magnificeque
1603 4881 1887 4927 ornassent
1915 4881 1969 4923 et
2022 4867 2357 4936 composuis-

789 4980 929 5034 sent,
955 4969 1206 5024 foderunt
1231 4967 1309 5020 eis
1336 4965 1642 5034 sepulcrum
1677 4963 1728 5015 in
1751 4962 1867 5015 loco
1890 4975 2078 5014 earum
2103 4971 2359 5011 consum-

791 5061 1044 5120 mationis
1072 5100 1085 5114 .
1119 5059 1226 5114 Deo
1275 5058 1378 5111 hoc
1406 5069 1622 5125 quoque
1664 5053 1984 5122 providente
2027 5046 2357 5103 admirabili-

793 5170 893 5222 ter,
930 5163 1146 5222 utquas
1207 5165 1348 5203 unus
1404 5155 1688 5216 pepererat
1740 5154 1946 5209 uterus,
2006 5143 2082 5195 eis
2145 5154 2360 5209 quoque

793 5263 959 5303 unum
992 5246 1210 5298 daretur
1240 5240 1545 5310 sepulcrum
1580 5255 1593 5300 ;
1627 5246 1681 5290 et
1725 5251 1951 5304 quarum
1984 5236 2174 5286 animae
2197 5248 2361 5285 unum

794 5351 850 5395 et
871 5337 1122 5393 eumdem
1159 5341 1285 5388 sunt
1341 5331 1634 5384 thalamum
1691 5334 2015 5389 consecutae,
2066 5338 2249 5377 earum
2297 5336 2364 5374 ne

797 5433 991 5488 surdus
1024 5430 1244 5499 quidem
1296 5425 1433 5480 cinis
1489 5435 1850 5492 separaretur,
1905 5420 1999 5474 sed
2045 5432 2261 5473 sorores
2309 5416 2363 5469 in

801 5530 932 5588 vita,
961 5536 1181 5576 sorores
1211 5520 1262 5572 in
1292 5517 1470 5580 caelis,
1503 5531 1718 5570 sorores
1740 5515 1901 5567 etiam
1933 5514 1984 5565 in
2022 5517 2160 5565 terra
2184 5518 2366 5564 osten-

801 5617 1078 5670 derentur.
1143 5608 1426 5678 Templum
1467 5613 1647 5661 autem
1704 5605 1756 5658 in
1807 5604 2132 5658 hodiernum
2195 5612 2364 5667 usque

876 5870 887 5902 ⁸
929 5865 1063 5922 Psal.
1097 5878 1248 5929 CXIII,
1275 5861 1326 5928 4,
1358 5862 1410 5918 8.

2435 598 2595 660 ποίας
2648 599 2748 689 οὐκ
2789 601 3027 669 ἐσχάτης
3076 600 3242 656 τοῦτο
3294 605 3497 671 μανὲας
3553 607 3648 658 καὶ
3711 609 4039 679 διαφθορᾶς

2432 689 2542 740 τῶν
2575 691 2810 758 φρενῶν,
2838 696 3014 747 Δεσπό
3027 713 3109 747 που
3145 695 3330 748 κοινοῦ
3358 698 3452 749 καὶ
3475 697 3565 749 τοῦ
3588 697 3696 751 τῶν
3725 700 3873 753 ὅλων
3898 703 4037 753 τοὺ-

2433 798 2541 833 των
2579 781 2895 836 ἀποστᾶσαν
2929 788 3306 857 Δημιουργου,
3339 788 3537 856 χειρῶν
3596 789 3800 858 ἔργοις,
3827 792 4039 862 αἰσθή-

2437 872 2576 936 σεώς
2608 890 2666 926 τε
2717 876 2811 928 καὶ
2849 878 3062 946 φρενῶν
3107 881 3341 950 ἐρήμοις
3373 879 3764 948 ἀκολουθῆσαι,
3799 884 3908 934 καὶ
3934 886 4037 935 αὑ-

2385 997 2387 999 -
2435 969 2549 1027 τοῖς
2586 966 2677 1018 ῖσα
2699 969 2792 1021 καὶ
2815 969 2952 1022 θεῶν
2972 975 3373 1042 προσανέχευη
3401 971 3518 1024 Ἵνα
3544 971 3665 1025 τινα
3703 975 3845 1040 γοῦν
3885 975 4036 1027 ἐκεῖ-

2440 1055 2530 1108 θεν
2578 1058 2785 1112 ἐλπίσω
2811 1075 2824 1122 ;
2855 1059 3035 1113 ’Ἰνατι
3059 1061 3114 1113 δὲ
3141 1063 3417 1130 κερδάνως
3446 1061 3600 1126 Εἰπὲ,
3627 1065 3720 1114 καὶ
3749 1062 3993 1131 δέχομαι
4012 1080 4027 1094 ·

2439 1149 2612 1215 δεῖξόν
2646 1168 2737 1220 μοι
2774 1151 2826 1204 τί
2858 1153 3095 1222 χρηστὸν
3126 1153 3225 1219 τῆς
3256 1156 3342 1206 ἐπ’
3374 1151 3515 1206 αὐτὰ
3563 1154 3625 1205 σὺ
3681 1153 4031 1220 προσδοκίας

2440 1243 2769 1307 ἀπέλαυσας,
2800 1245 2892 1297 καὶ
2930 1246 3210 1314 πείθομαι.
3250 1246 3388 1299 Ἀλλ’
3411 1243 3514 1298 οὐκ
3538 1243 3600 1297 ἂν
3633 1244 3778 1314 ἔχοις
3811 1247 4030 1297 εἰπεῖν·

2441 1337 2658 1408 ἀληθῶς
2695 1340 2806 1408 γὰρ
2831 1339 2902 1392 τὰ
2939 1339 3160 1392 εἴδωλα
3207 1338 3326 1394 τῶν
3369 1337 3565 1395 ἐθνῶν
3599 1339 3903 1407 ἀργύριον
3934 1339 4032 1392 καὶ

2443 1430 2721 1498 χρυσίον,
2752 1431 2894 1500 ἔργα
2920 1430 3132 1500 χειρῶν
3156 1432 3500 1499 ἀνθρώπων.
3532 1429 3763 1499 Ὅμοιοι
3810 1431 4031 1496 αὐτοῖς

2443 1524 2709 1592 γένοιντο
2735 1528 2789 1578 οἱ
2819 1524 3100 1592 τιμῶντες
3153 1525 3324 1580 αὑτά.
3348 1528 3491 1595 Πρὸς
3546 1525 3724 1579 ταῦτα
3789 1525 4031 1594 μηδενὸς

2443 1616 2648 1684 ἀπέχου
2681 1610 2754 1668 ὧν
2787 1616 2990 1685 βούλει.
3025 1617 3156 1670 Ἰδού
3195 1634 3277 1670 σοι
3305 1620 3398 1671 καὶ
3433 1618 3635 1688 σάρκες
3667 1617 3912 1685 πάσχειν
3945 1618 4030 1669 διὰ

2443 1707 2677 1776 Χριστὸν
2716 1708 2945 1778 ἕτοιμοι,
3001 1710 3090 1762 καὶ
3127 1709 3329 1780 μᾶλλον
3363 1711 3395 1780 ἢ
3430 1709 3493 1761 σὺ
3531 1707 3787 1771 κολάζειν
3857 1710 4027 1776 ἡμᾶς.

2461 1799 2725 1852 Ἐνταῦθα
2782 1803 2856 1870 μὴ
2892 1801 3031 1869 ἔχων
3066 1804 3093 1856 ὁ
3126 1803 3328 1872 μιαρὸς
3366 1805 3468 1855 ὅτι
3512 1803 3606 1853 καὶ
3655 1799 3911 1869 δρᾶσειε,
3941 1801 4031 1851 καὶ

2457 1891 2617 1954 ποίας
2639 1893 2746 1962 ἄρα
2776 1897 2873 1964 τῆς
2905 1895 3118 1958 ἐλπίδος
3167 1895 3448 1959 ἀνθέξεται
3505 1892 3616 1964 (διὰ
3648 1876 3878 1945 πάντων
3901 1907 4031 1959 τρο-

2449 1986 2566 2039 πῶν
2591 1987 2985 2057 ἀπεκρούσθη),
3020 1987 3114 2041 καὶ
3147 1987 3345 2055 ταύτην
3367 1990 3459 2040 ἐπὶ
3487 1985 3580 2038 τοῦ
3620 1985 3782 2048 ξύλου
3815 1999 4030 2051 μετεω-

2451 2078 2614 2145 ρίζει,
2638 2078 2734 2132 καὶ
2777 2079 3042 2144 διαξατνει
3075 2079 3310 2146 σιδηροῖς
3339 2079 3538 2143 ὄνυξιν.
3578 2078 3720 2132 Ἀλλ’
3763 2076 4028 2143 οὐδεμίαν

2448 2171 2585 2239 πρὸς
2617 2171 2788 2225 ταῦτα
2812 2171 2994 2240 ἐκείνη
3012 2171 3131 2222 οὐδέ
3155 2170 3339 2239 φωνὴν
3359 2170 3477 2222 οὐδὲ
3509 2168 3822 2235 στεναγμὸν
3850 2168 4026 2235 ἠφίει,

2449 2265 2662 2334 φανερὰ
2717 2265 2772 2317 δὲ
2804 2262 2872 2335 ἦν
2920 2262 3262 2317 συλλαλοῦσα
3317 2263 3456 2331 Θεῷ.
3526 2263 3636 2316 Καὶ
3673 2261 3839 2314 τοῦτο
3887 2262 4025 2328 αὐτῇ

2449 2356 2515 2408 τά
2548 2372 2608 2422 γε
2647 2355 3051 2422 ὑποκινούμενα
3100 2355 3253 2424 χείλη
3283 2353 3580 2416 ἐδίδασκον,
3633 2354 3728 2405 καὶ
3786 2353 3837 2403 οἱ
3889 2353 4028 2420 πρὸς

2446 2447 2710 2516 οὐρανοὺς
2761 2448 3040 2517 αἰρόμενοι
3086 2447 3375 2516 ὀφθαλμοί.
3431 2446 3488 2498 '0
3531 2443 3713 2496 τοίνυν
3763 2441 4029 2502 ἀσύνετος

2447 2543 2652 2605 ἐκεῖνος
2696 2541 2907 2609 λόγους,
2934 2541 3071 2612 αὐτῇ
3097 2541 3190 2594 καὶ
3228 2539 3389 2594 πάλιν
3410 2538 3508 2590 οὐκ
3528 2536 3801 2596 ἀὸιάστως
3823 2532 4027 2600 ἐπῆγε,

2448 2637 2540 2688 καὶ
2575 2633 2722 2687 θύειν
2749 2634 2836 2686 διὰ
2881 2633 2975 2685 τοῦ
3027 2636 3267 2703 κήρυκος
3307 2631 3550 2695 ἐκέλευε,
3595 2631 3688 2679 καί
3740 2625 4029 2679 ἀπαλλάτο

2448 2726 2635 2779 τεσοαι
2665 2725 2771 2778 τῶν
2797 2725 3070 2793 βασάνων.
3111 2724 3172 2776 'Il
3199 2723 3278 2786 δὲ,
3306 2719 3813 2789 Τέθυκαὲμαυτὴν,
3847 2718 4025 2783 ἔλεγε,

2447 2819 2604 2888 κάγὼ
2633 2818 2711 2888 τῷ
2758 2819 2950 2890 Κυρίῳ
2986 2835 3110 2888 μου,
3145 2816 3212 2870 δι’
3243 2816 3303 2870 ὃν
3338 2816 3431 2868 καὶ
3471 2815 3530 2866 τὸ
3586 2811 3780 2865 παθεῖν
3836 2810 4024 2881 ἡδονὴ,

2447 2911 2542 2964 καὶ
2565 2911 2623 2963 τὸ
2649 2910 2940 2964 ἀποθανεῖν
2964 2908 3174 2980 κέρδος.
3199 2908 3271 2960 Τὸ
3288 2908 3344 2960 δὲ
3367 2907 3475 2976 ἄρα
3501 2904 3724 2976 μείζονα
3748 2903 3828 2974 τῷ
3851 2905 4024 2972 ἀδίκῳ

2445 3006 2606 3073 κριτῇ
2634 3004 2732 3072 τὴν
2764 3003 2960 3073 μανίαν
2987 3001 3256 3070 ὑφῆπτεν.
3275 3000 3440 3054 Ὅθεν
3465 3001 3558 3052 καὶ
3593 2999 3816 3068 μοχλοῖς
3847 2997 4023 3065 αὐτὴν

2448 3095 2684 3162 σιδηροῖς
2705 3091 2985 3161 συνέτρισε
3007 3094 3100 3144 καὶ
3131 3089 3384 3144 συνέθλα.
3418 3089 3578 3142 ’Δλλά
3603 3093 3698 3141 καὶ
3722 3087 3931 3156 ταύτης
3954 3082 4021 3155 ἦν

2286 3180 2337 3276 ξι)
2368 3208 2411 3267 C
2448 3187 2663 3248 πάντως
2695 3185 2722 3235 ὁ
2752 3187 2861 3239 τῶν
2890 3185 3138 3254 ἀδελφῶν
3170 3183 3303 3245 Θεὸς
3340 3183 3544 3251 ὁμοίως
3591 3180 3898 3276 κηδόμενος
3929 3182 4024 3276 καὶ

2441 3281 2539 3348 τῆς
2552 3295 2613 3331 τε
2640 3277 2876 3346 βασάνου
2898 3277 3120 3345 κρατεῖν
3146 3273 3321 3325 ἐποίει
3344 3272 3441 3336 τῆς
3471 3268 3740 3336 ἀπηνοῦς,
3763 3267 3862 3319 καὶ
3888 3265 4021 3333 πρὸς

2443 3370 2612 3437 αὐτὴν
2647 3367 2900 3419 ἵστασθαι
2934 3367 3198 3433 γενναίως
3233 3364 3330 3434 τὴν
3372 3361 3535 3430 φύσιν
3557 3374 3571 3388 ⁸
3604 3356 3726 3412 εἶτα
3755 3359 3852 3412 καὶ
3883 3357 4021 3428 πρὸς

2447 3459 2637 3512 ἐαυτὸν
2701 3458 3115 3527 μετακαλεῖται,
3159 3460 3255 3511 καὶ
3310 3456 3406 3527 τὴν
3441 3454 3620 3524 ψυχὴν
3659 3455 3692 3523 ἠ
3745 3453 4022 3523 παρθένος

2444 3554 2556 3613 τοῖς
2588 3551 2809 3614 κόλποις
2835 3549 3008 3620 ἡδέως
3035 3555 3132 3602 τοῦ
3168 3548 3400 3619 ἐραστοῦ
3427 3545 3776 3600 ἀποτίθεται.

2515 3641 2569 3696 ι’.
2627 3643 2684 3693 '0
2721 3642 2901 3701 ἄδικος
2957 3640 3137 3692 τοίνυν
3194 3641 3406 3708 κριτὴς,
3443 3640 3540 3706 τὴν
3583 3639 3651 3688 ἐκ
3696 3635 3792 3688 τοῦ
3851 3634 4023 3702 θυμοῦ

2451 3735 2768 3803 συμμαχίαν
2794 3731 3143 3803 παραλαϐὼν,
3171 3731 3266 3784 καὶ
3287 3730 3469 3790 αὐτοῖς
3494 3727 3885 3795 ἐπιστρατεύει
3917 3729 4025 3786 τοῖς

2448 3831 2660 3898 νεκροῖς
2711 3827 2950 3897 σώμασι,
3000 3827 3094 3879 καὶ
3129 3825 3358 3892 κάμινον
3415 3822 3648 3890 ἀνάψας,
3703 3819 3800 3871 καὶ
3856 3817 4022 3886 πολλῇ

2449 3923 2652 3992 ταύτην
2685 3920 2786 3994 ὕλῃ
2826 3919 2918 3972 καὶ
2973 3917 3253 3988 ἐπιτηδεία
3309 3914 3534 3985 θρέψας,
3587 3910 3865 3976 ἀκοντίζει
3910 3917 4023 3963 κατ’

2452 4017 2619 4082 αὐτῆς
2657 4017 2723 4068 τὰ
2754 4013 3070 4084 μαρτυρικά
3122 4011 3371 4081 σώματα.
3400 4010 3530 4070 Θεὸς
3560 4009 3615 4061 δέ
3647 4010 3674 4061 ὁ
3703 4007 3814 4060 τῶν
3841 4005 4023 4074 ψυχῶν

2454 4107 2688 4177 ἐραστὴς
2728 4107 2847 4157 οὐδὲ
2879 4105 2989 4156 τῶν
3045 4105 3313 4170 σωμάτων
3348 4102 3540 4169 ἡμέλει
3567 4115 3580 4128 °
3607 4098 3748 4151 ἀλλά
3784 4097 4021 4166 βροντῶν

2457 4202 2638 4269 μέντοι
2679 4197 2868 4268 χρῆμα
2899 4195 2994 4248 καὶ
3015 4192 3316 4265 ἀστραπῶν
3341 4191 3537 4258 ἀθρόον
3587 4191 4019 4258 καταρῤαγεῖσαι

2456 4290 2824 4360 προφθάνουσι
2862 4292 2924 4342 τὸ
2968 4290 3068 4357 τῆς
3126 4285 3361 4356 καμίνου
3423 4282 3553 4351 πῦρ,
3593 4281 3689 4332 καὶ
3743 4279 3906 4332 αὑτὸν
3938 4279 4020 4330 τὸν

2456 4384 2744 4445 δικάζοντα
2780 4387 2875 4433 καὶ
2905 4384 2965 4432 τὸ
2999 4378 3441 4447 ὑπηρετούμενον
3489 4372 3640 4440 αὐτῷ
3691 4370 3919 4441 πλῆθος,
3944 4370 4021 4424 οἰ-

2461 4474 2626 4544 θάλην
2659 4473 2969 4526 δεικνύουσι
3001 4472 3094 4522 καὶ
3119 4468 3376 4537 ἀσΰόλην.
3410 4468 3518 4520 Καὶ
3557 4463 3718 4517 τοῦτό
3749 4481 3815 4532 τε
3847 4463 4020 4533 προοέ-

2748 4567 3107 4636 ἀτελευτήτου
3163 4564 3393 4631 γεέννης
3425 4554 3606 4631 εὖρον,
3652 4560 3700 4612 οῖ
3736 4558 3833 4611 καὶ
3866 4559 4019 4627 μόνης

2458 4664 2671 4730 ἐκείνης
2742 4662 2816 4722 ὡς
2875 4659 3090 4728 ἀληθῶς
3137 4657 3299 4720 ἄξιοι.
3368 4655 3552 4710 ’Υετδς
3584 4653 3642 4704 δὲ
3681 4651 3826 4703 κατά
3863 4650 4020 4710 πόδας

2461 4755 2713 4825 ῥαγδαῖος
2768 4750 3048 4804 ἐπιπεσὼν
3088 4746 3335 4801 σϐεννύει
3371 4745 3466 4814 τὴν
3499 4745 3752 4811 κάμινον,
3797 4742 3891 4792 καὶ
3931 4756 4017 4791 πο-

2459 4847 2681 4908 θούσαις
2720 4844 2920 4897 αὐτίκα
2955 4841 3113 4912 χερσὶ
3138 4838 3208 4892 τὰ
3246 4835 3555 4906 παρθενικά
3599 4832 3834 4902 λείψανα
3863 4831 3911 4884 ol
3939 4833 4020 4882 εὖ·

2464 4940 2641 5002 σεδεῖς
2691 4936 3032 5005 ἀνελόμενοι,
3067 4932 3164 4986 καὶ
3209 4929 3530 5002 διαπρεπῶς
3562 4925 3943 4997 κοσμήσαντες
3967 4940 4019 4976 τε

2458 5035 2551 5086 καὶ
2588 5029 3054 5097 περισιείλαντες,
3085 5026 3257 5093 τάφον
3288 5011 3472 5084 αὐτοῖς
3501 5026 3558 5074 ἐν
3580 5020 3655 5089 τῷ
3679 5019 3782 5086 τῆς
3813 5017 4021 5070 τελειώ-

2462 5143 2595 5186 σεως
2628 5124 2838 5194 ἔχωσαν
2867 5123 3039 5190 τόπῳ,
3061 5119 3196 5172 Θεοῦ
3229 5120 3322 5169 καὶ
3354 5115 3526 5169 ταῦτα
3549 5111 4022 5183 θαυματουργοῦν-

2461 5237 2573 5278 τος,
2613 5218 2760 5280 ὅπως
2795 5215 2857 5278 ἀς
2896 5217 2995 5282 μία
3043 5213 3256 5281 γαστὴρ
3281 5210 3458 5273 eam,
3487 5210 3690 5271 ταύτας
3737 5207 3832 5259 καὶ
3863 5208 4020 5273 τάφος

2464 5309 2541 5374 εἷς
2579 5311 2874 5378 πιστευθῇ·
2908 5308 2999 5360 καὶ
3044 5301 3118 5358 ὧν
3152 5305 3246 5358 ἕνα
3286 5306 3376 5356 καὶ
3421 5303 3514 5355 τὸν
3545 5299 3708 5353 αὑτὸν
3751 5301 3939 5369 ἔλαχον
3971 5302 4019 5352 αἱ

2464 5407 2632 5477 ψυχαὶ
2664 5403 2949 5473 νυμφῶνα,
2978 5399 3180 5468 τούτων
3217 5398 3350 5468 μηδέ
3381 5399 3412 5465 ἡ
3446 5394 3600 5464 κωφὴ
3628 5395 3821 5462 διαστῇ
3849 5395 4016 5455 κόνις⁸

2427 5549 2439 5560 ,
2465 5500 2577 5554 ἀλλ’
2620 5492 2728 5550 εἶεν
2761 5494 2990 5560 ἀδελφαὶ
3023 5495 3123 5544 κάν
3159 5489 3234 5560 τῷ
3262 5489 3383 5558 βίῳ,
3409 5487 3636 5555 ἀδελφαὶ
3666 5489 3772 5540 κάν
3810 5491 3917 5549 τοῖς
3941 5488 4022 5540 οὗ·

2469 5593 2670 5660 ρανοίς,
2702 5585 2930 5655 ἀδελφαὶ
2965 5585 3064 5637 κάν
3102 5585 3166 5651 τῇ
3221 5585 3289 5650 γῇ
3342 5580 3749 5650 ὁεικνυόμεναι.
3794 5580 4019 5648 nam;
