4198 6438
187 409 299 472 665

1118 408 1298 469 VITA
1336 407 1399 468 S.
1431 402 1869 467 TllEODOR/E
1912 407 2516 470 ALEXANDRIN/E.

3333 407 3439 471 666

187 543 247 579 τε
268 528 345 584 είς
365 521 524 593 δεῦρο
549 523 655 594 πρδ
684 520 761 591 τῷ
780 522 933 593 τάφῳ
956 522 1136 576 αὐτῶν
1170 524 1311 593 ἱερὸν
1342 525 1578 594 ἵδρυται,
1607 523 1752 576 οίον-
1784 525 1829 585 Α

1873 524 2000 579 iiem
2030 527 2266 593 positum
2297 536 2380 581 est
2407 526 2459 578 in
2492 539 2678 579 earum
2748 524 3025 594 sepulcro,
3054 526 3228 583 instar
3258 528 3443 599 cujus-

187 617 239 669 σί
289 631 408 669 τινα
449 616 711 684 ποταμὸν,
739 616 884 669 ἔνδον
916 616 1214 687 προχέοντι
1251 616 1525 686 θαύματα.

260 711 363 763 IA'.
402 710 819 763 Ἀκουσάτωσαν
847 709 1021 763 ταῦτα
1056 711 1150 762 καὶ
1184 709 1418 778 ἀδελφαὶ
1467 712 1564 764 καὶ
1626 728 1764 782 παρ·

191 801 356 863 θένοι,
391 801 482 853 καὶ
506 801 627 853 ὅσαι
663 802 766 852 ὑπδ
812 801 996 868 ζυγόν.
1026 803 1136 855 Καὶ
1166 807 1220 855 αἱ
1254 804 1351 872 μὲν
1387 804 1560 865 οὕτως
1600 804 1763 873 ἁλλήο

190 894 290 954 λας
322 892 670 960 φιλείτωσαν,
701 894 755 944 αι
787 891 841 944 δὲ
880 892 950 961 μὴ
982 894 1082 959 τῆς
1109 895 1318 957 οἰκείας
1357 898 1765 960 καταγινωσκὲ-

190 1001 374 1035 τωσαν
414 985 628 1052 φύσεως
663 984 937 1051 ’Ἀνέῳγε
995 985 1103 1053 γὰρ
1164 987 1257 1036 καὶ
1318 985 1560 1052 γυναιξὶν
1609 986 1759 1052 ήτοῦ

1863 617 1984 671 dam
2018 616 2166 671 lluvii
2194 619 2340 671 intus
2372 616 2658 671 ell‘undens
2689 616 2972 671 miracula.

1934 708 2025 762 XI.
2055 709 2179 764 Hiec
2216 710 2438 763 audiant
2486 724 2725 771 sorores,
2760 719 2814 764 et
2866 710 3133 765 universae
3163 711 3440 775 mulieres,

1865 808 1973 852 tam
2004 801 2253 870 virgines,
2291 817 2453 868 quam
2490 816 2610 869 quae
2642 810 2767 855 sunt
2803 803 3109 869 conjunctae
3154 803 3440 857 matrimo-

1864 891 1976 944 nio.
2047 890 2110 944 Et
2156 892 2256 944 illa!
2277 892 2494 960 quidem
2547 893 2625 946 sic
2665 907 2723 946 se
2764 893 2995 946 invicem
3034 894 3300 962 diligant;
3328 893 3445 948 hanc

1864 993 2043 1035 autem
2080 998 2232 1036 suam
2268 999 2376 1036 non
2408 984 2772 1038 condemnent
2826 993 3096 1039 naturam.
3128 984 3258 1037 Nam
3285 985 3447 1058 lenti-

197 1076 501 1145 μαρτυρίου
550 1074 725 1141 θύρα·
780 1076 950 1126 πᾶσαι
982 1074 1037 1126 δὲ
1063 1075 1262 1142 ὁμοίως
1290 1076 1381 1126 καὶ
1411 1075 1644 1128 θανάτου
1675 1076 1763 1129 διὰ

1873 1075 1946 1128 nis
1977 1090 2189 1143 quoque
2220 1085 2402 1144 aperta
2431 1086 2513 1128 est
2535 1077 2694 1143 ianua
2734 1077 2991 1145 martyrii.
3024 1076 3226 1131 Omnes
3257 1088 3440 1133 autem

193 1167 432 1234 Χριστὸν
467 1167 559 1218 καὶ
596 1168 813 1226 πάντως
845 1167 1384 1233 καταφρονείτωσαν,
1422 1167 1511 1219 ἵνα
1544 1169 1766 1221 καὶτῶν

193 1258 397 1325 ὁμοίων
428 1258 578 1321 παρὰ
608 1258 705 1325 τῆς
738 1257 903 1308 αὑτοῦ
937 1255 1351 1325 φιλανθρωπίας
1385 1258 1480 1310 καὶ
1510 1258 1608 1325 τῆς
1633 1276 1767 1327 χρη-

200 1352 457 1415 στότητος
477 1349 865 1410 ἀπολαύσειαν,
900 1341 973 1399 ὧν
1008 1348 1218 1415 γένοιτο
1247 1350 1457 1411 πάντας
1481 1352 1622 1419 ἡμᾶς.
1646 1351 1769 1402 ἐπι-

195 1444 380 1510 τυχεῖν
426 1443 611 1508 χάριτι
659 1441 751 1492 καὶ
816 1439 1200 1509 φιλανθρωπίᾳ
1234 1440 1326 1493 τοῦ
1374 1441 1578 1510 Κυρίου
1612 1441 1768 1508 ἡμῶν

209 1532 386 1599 Ἶησοῦ
445 1529 703 1599 Χριστοῦ,
770 1530 887 1597 μεθ’
947 1525 1007 1583 οὗ
1038 1531 1115 1599 τῷ
1148 1529 1322 1599 Πατρὶ
1378 1530 1495 1597 ἅμα
1522 1528 1600 1598 τῷ
1628 1530 1767 1598 ἁγίῳ

200 1620 481 1689 Πνεύματι
540 1620 689 1685 δόξα,
728 1621 884 1690 τιμὴ,
915 1625 1115 1691 κράτος
1163 1622 1259 1673 νῦν
1293 1622 1387 1672 καὶ
1421 1621 1531 1682 ἀεὶ,
1556 1622 1663 1672 καὶ·
1686 1622 1765 1680 εἰς

196 1713 324 1776 τοὺς
356 1713 560 1774 αἰῶνας
581 1713 689 1764 τῶν
720 1714 954 1766 αἰώνων.
997 1713 1189 1781 ’Λμήν.

1864 1164 2123 1218 similiter
2150 1174 2203 1217 et
2235 1173 2464 1217 mortem
2494 1174 2547 1217 et
2577 1165 3143 1229 omniacontemnant,
3172 1176 3227 1221 ut
3250 1167 3447 1219 similia

1861 1271 2076 1324 quoque
2106 1265 2512 1322 consequantur
2545 1256 2613 1308 ab
2653 1256 2772 1323 ejus
2807 1256 3049 1309 bonitate
3078 1265 3132 1309 et
3192 1257 3446 1327 benigni-

1869 1358 1996 1402 tate.
2031 1348 2162 1412 Quae
2187 1348 2346 1400 detur
2379 1347 2538 1399 nobis
2580 1347 2833 1400 omnibus
2880 1348 3138 1413 consequi
3191 1349 3355 1417 gratia
3394 1359 3451 1402 et

1867 1440 2199 1507 benignitate
2233 1438 2442 1491 Domini
2485 1438 2655 1490 nostri
2700 1437 2825 1491 Jesu
2867 1437 3094 1501 Christi,
3159 1454 3281 1491 eum
3341 1455 3447 1507 quo

1865 1526 2005 1579 Patri
2041 1528 2203 1585 simul
2237 1542 2359 1581 cum
2390 1538 2579 1581 sancto
2646 1528 2849 1597 Spiritu
2907 1530 3095 1598 gloria.
3160 1531 3333 1583 honor
3396 1540 3453 1583 et

1863 1619 2125 1687 potentia,
2158 1634 2301 1673 nunc
2334 1630 2386 1672 et
2408 1635 2641 1689 semper,
2679 1631 2734 1674 et
2768 1622 2825 1673 in
2878 1623 3073 1675 saecula
3106 1622 3450 1676 sarculorum.

1865 1714 2067 1765 Amen.

214 1871 3440 1919 Μ

1289 2042 1537 2128 ΒΙΟΣ
1612 2040 1807 2125 ΚΑΙ
1882 2036 2425 2125 ΠΟΛΙΤΕΙΑ

1350 2222 1489 2275 ΤΗΣ
1531 2222 1731 2276 ΟΣΙΑΣ
1778 2221 2063 2279 ΜΗΤΡΟΣ
2102 2220 2296 2275 ΗΜαῆ

339 2396 1242 2533 ΘΕΟΔΩΡΑΣ
1354 2405 1695 2529 ΤΗΣ
1817 2405 2022 2531 ΕΝ
2143 2385 3343 2530 ΑΛΕΞΑΝΔΡΕΙΑ.

1098 2831 1375 2919 VITA
1480 2828 1629 2917 ΕΤ
1733 2820 2571 2918 CONVERSATIO

1478 3018 1536 3075 S.
1591 3015 1852 3074 MATRIS
1897 3014 2196 3073 NOSTRA‘J

434 3202 1543 3357 THEODOIUE

1745 3197 3235 3353 ALEXANDRINXE.

995 3473 1190 3537 (Latine
1219 3473 1346 3537 apud
1376 3473 1577 3523 Surium
1611 3471 1753 3533 Sept.
1784 3469 1865 3531 11,
1902 3470 2074 3521 Grece
2108 3482 2173 3521 ex
2197 3482 2291 3519 ms.
2334 3468 2487 3519 Paris.
2519 3466 2673 3529 ιοιδ.)

271 3816 353 3872 A'.
392 3817 579 3886 Ζήνων
626 3814 723 3886 μὲν
768 3814 869 3886 ἤδη
913 3812 1012 3884 τὴν
1044 3812 1427 3883 αὐτοκράτορα
1466 3808 1767 3879 Ῥωμαίοις
1804 3814 1842 3870 Β

1944 3802 2090 3858 Zeno
2127 3803 2343 3870 quidem
2376 3803 2680 3859 Romanum
2723 3802 2832 3871 jam
2889 3800 3109 3861 tenebat
3148 3798 3458 3869 imperium,

196 3911 407 3963 διεῖπεν
463 3908 675 3981 ἀρχὴν,
734 3908 1041 3978 Γρηγόριος
1102 3907 1159 3960 δὲ
1210 3908 1309 3975 τὴν
1368 3904 1462 3957 τοῦ
1519 3902 1771 3971 ὑπάρχου

197 4004 451 4070 ἐξουσίαν
500 4004 556 4054 ιν
598 4003 663 4069 τῇ
708 4001 829 4052 κατ’
860 4000 1133 4061 Αἴγυπτον
1187 3993 1333 4065 εἶχεν
1367 3992 1770 4062 Ἀλεξανδρείᾳ.

216 4098 283 4149 Ἠ
320 4096 376 4147 δὲ
408 4095 464 4145 οὐ
495 4093 753 4145 τοσοῦτον
787 4090 874 4142 ἐπ’
906 4091 1055 4161 ἄλλῳ
1082 4090 1192 4142 τῶν
1234 4088 1493 4143 ἁπάντων
1520 4083 1773 4148 Ἀλεξάν-

197 4190 358 4257 δρεια
422 4188 546 4240 ὅσον
609 4185 703 4239 ἐπὶ
779 4183 1031 4254 Θεοδώρᾳ
1080 4183 1281 4251 μᾶλλον
1330 4177 1769 4241 ἐκαλλωπίζετο,

198 4283 318 4346 οῖας
379 4282 582 4352 μητρὸς
644 4281 817 4349 αὐτῆς
879 4276 1175 4348 ὑπάρξασα
1236 4274 1332 4328 καὶ
1388 4273 1629 4341 πατρὶς,
1678 4272 1775 4324 καὶ

196 4373 442 4427 τοιοῦτον
473 4371 649 4437 ἀγενῆ
680 4372 876 4424 κλάδον
900 4370 1195 4435 ἁιιαδοῦσα,
1234 4368 1331 4421 καὶ
1376 4365 1519 4419 οὕτω
1568 4365 1773 4427 πάσαις

205 4467 448 4537 βρύοντα
471 4462 709 4533 χάρισιν.
761 4463 852 4515 Ἐν
900 4464 1039 4533 αὐτῇ
1079 4463 1186 4530 γάρ
1236 4463 1270 4530 ἡ
1310 4459 1487 4530 σεμνὴ
1517 4458 1595 4526 τῷ
1634 4456 1773 4519 ὄντι,

199 4559 293 4612 καὶ
356 4555 560 4627 κοσμία
607 4558 722 4619 τοῖς
769 4554 948 4626 nam,
1002 4555 1101 4617 τὰς
1154 4547 1211 4605 ἐν
1264 4553 1455 4620 κόσμῳ
1488 4548 1774 4619 διατριὸὰς

199 4650 477 4702 tractatae“
506 4648 673 4717 ἀνδρὶξ
726 4646 826 4716 μὲν
901 4646 1177 4699 συνοικεῖν
1217 4642 1460 4715 λαχοῦσα
1502 4639 1774 4709 συναφεία

198 4743 382 4811 γάμου
423 4743 489 4811 τῇ
524 4742 668 4793 κατὰ
694 4741 882 4809 νόμον,
916 4740 1092 4810 ταύτῃ
1122 4740 1178 4793 δὲ
1211 4740 1306 4792 καὶ
1337 4738 1512 4799 ἄλλως
1546 4735 1647 4805 μιν
1677 4734 1774 4804 τὴν

197 4836 562 4905 ὀφειλομένην
582 4836 695 4895 τοῖς
719 4832 946 4901 ἀνδράσι
972 4834 1137 4901 τιμὴν
1160 4833 1511 4901 άπονέμουσα
1540 4830 1774 4900 μάλιστα

196 4928 257 4980 δὲ
313 4927 391 4993 τῷ
428 4924 863 4995 σωφρονεστάτη
908 4940 967 4975 τε
1022 4922 1163 4975 εἶναι
1196 4938 1210 4953 ο
1250 4924 1356 4974 τῶν
1402 4926 1459 4975 ὲν
1500 4926 1565 4992 τῇ
1618 4922 1772 4973 πόλει

199 5018 394 5073 πασῶν
419 5016 638 5077 οἰκείως
668 5034 725 5070 τε
758 5016 895 5087 πρὸς
932 5015 1124 5069 τοῦτον
1164 5017 1259 5069 καὶ
1313 5016 1516 5078 πιστῶς
1569 5014 1773 5068 διακεῖ-

202 5112 354 5176 σθαι,
386 5110 479 5164 καὶ
503 5109 756 5179 καθαράν
790 5110 938 5178 αὐτῷ
962 5110 1057 5180 τὴν
1093 5108 1329 5179 στοργὴν
1359 5108 1651 5175 φυλάττειν
1685 5107 1774 5158 καὶ

200 5204 391 5266 πόθοις
442 5205 715 5273 ῥυπαροῖς
756 5202 1137 5270 ἀνεπίμικτον.
1196 5202 1413 5271 Ἐπειδὴ
1470 5203 1524 5254 δὲ
1577 5204 1773 5254 άνεπιο

198 5298 420 5366 λήπτως
443 5294 771 5361 ἀγαπῶντας
805 5293 952 5364 βιοῦν
989 5294 1088 5347 οὐκ
1121 5295 1201 5347 ἐτι
1246 5296 1321 5364 μὴ
1350 5294 1557 5356 καὶτὰς
1587 5294 1649 5346 ὲκ
1678 5290 1775 5344 τοῦ

197 5385 445 5456 πονηροῦ
477 5384 787 5455 προσϐολὰς
815 5386 1071 5456 δέχεσθαι
1096 5425 1110 5448 ,
1143 5386 1449 5456 πειρασμὸς
1494 5385 1776 5453 ἐγείρεται

199 5481 295 5533 καὶ
352 5478 528 5550 ταύτῃ
572 5476 765 5539 δεινός.
858 5478 1093 5540 Ἐκεῖνος
1125 5479 1234 5547 γὰρ
1267 5479 1328 5530 τό
1361 5496 1418 5531 τε
1452 5476 1547 5529 τοῦ
1583 5476 1776 5542 ἀνδρὸς

200 5570 423 5640 σῶφρον
445 5570 607 5641 ὁρῶν,
636 5571 703 5639 τῇ
756 5585 815 5621 τε
860 5570 1151 5640 σεμνότητι
1172 5573 1269 5638 τῆς
1294 5568 1447 5632 ὁσίας
1470 5566 1773 5635 διαφθονῶν

202 5665 368 5733 ἔργον
415 5662 568 5713 ἔθετο
624 5660 718 5713 καὶ
772 5660 1012 5732 σπουδὴν
1064 5660 1163 5730 τὴν
1214 5659 1474 5729 τοιαύτην
1508 5659 1771 5727 συζυγίαν

195 5755 502 5823 διατεμεῖν.

271 5842 344 5895 B'.
384 5844 489 5895 Καὶ
537 5844 600 5911 δή
657 5862 777 5898 τινα
834 5841 1068 5923 ῥεόντων
1119 5844 1362 5913 χρήμασι
1404 5841 1497 5894 καὶ
1546 5838 1761 5909 πλούτῳ

1878 3899 2167 3969 Gregorius
2216 3907 2396 3951 autem
2461 3897 2701 3965 pnelecti
2735 3897 2953 3967 gerebat
2984 3893 3355 3963 magistratum
3401 3893 3458 3946 in

1877 3990 2238 4045 Alexandrina
2264 3988 2475 4059 Egypti
2502 3988 2742 4041 civitate.
2770 3985 3093 4045 Alexandria
3111 3995 3291 4038 autem
3312 3985 3461 4039 nullo

1877 4100 1941 4139 ex
1998 4084 2253 4138 omnibus
2321 4083 2442 4138 aliis
2504 4091 2711 4136 tantum
2760 4081 3115 4152 gloriabatur,
3197 4088 3458 4149 quantum

1878 4175 2182 4235 Theodora,
2238 4183 2296 4226 ut
2322 4189 2441 4242 quae
2468 4182 2614 4226 esset
2649 4174 2767 4240 ejus
2799 4182 2990 4246 mater,
3032 4182 3086 4224 et
3160 4186 3280 4239 quae
3338 4185 3456 4223 eam

1877 4276 2159 4338 pepererat
2183 4266 2375 4336 patria,
2409 4274 2464 4319 et
2498 4280 2707 4318 ramum
2741 4263 3001 4318 edidisset
3027 4272 3135 4317 tam
3170 4260 3457 4331 pulchrum

1879 4372 1931 4416 et
1960 4361 2211 4414 omnibus
2238 4360 2372 4413 adeo
2398 4368 2695 4413 scatentem
2732 4358 2939 4428 gratiis.
2965 4357 3023 4410 In
3052 4371 3113 4409 ea
3132 4355 3276 4409 enim
3305 4369 3458 4409 suam

1910 4452 2243 4505 mundanam
2311 4449 2544 4501 habebat
2599 4450 3067 4500 conversationem
3163 4447 3265 4498 ista
3335 4460 3461 4499 vere

1878 4541 2203 4605 veneranda,
2229 4549 2283 4594 et
2314 4548 2506 4593 ornata
2542 4538 2805 4605 moribus,
2834 4554 2960 4592 cum
3012 4538 3134 4592 viro
3165 4538 3458 4607 conjuncta

1879 4636 2120 4705 legitimo
2152 4633 2535 4694 matrimonio,
2591 4633 2637 4685 ei
2679 4632 2898 4698 quidem
2949 4646 3072 4684 cum
3122 4629 3213 4697 qui
3250 4628 3460 4681 maritis

1877 4732 2109 4785 debetur
2166 4730 2433 4785 honorem
2488 4725 2759 4787 tribuens;
2791 4724 3022 4777 maxime
3051 4732 3232 4775 autem
3292 4720 3362 4774 ab
3392 4734 3459 4773 eo

1878 4824 2092 4883 dilecta,
2123 4819 2273 4890 quod
2339 4830 2487 4874 esset
2524 4816 2829 4871 castissima
2887 4815 3130 4869 omnium
3158 4831 3277 4885 quae
3304 4823 3461 4870 erant

1880 4914 1932 4968 in
1981 4915 2219 4975 civitate,
2282 4910 2652 4979 benevoleque
2698 4918 2753 4963 et
2793 4909 3024 4964 lideliter
3057 4908 3111 4961 in
3158 4924 3285 4963 eum
3315 4920 3461 4963 esset

1879 5006 2089 5067 aﬂ‘ccta,
2120 5015 2174 5057 et
2204 5018 2401 5071 purum
2458 5002 2506 5056 ei
2572 5010 2819 5057 servaret
2868 5014 3133 5063 amorem,
3175 5008 3229 5054 et
3295 4999 3459 5053 nullis

1880 5096 2129 5166 turpibus
2151 5094 2449 5148 immistum
2480 5092 2788 5147 desideriis.
2813 5089 3081 5155 Quoniam
3106 5105 3237 5145 vero
3271 5092 3303 5143 ii
3335 5092 3459 5159 qui-

1878 5190 1980 5244 bus
2030 5190 2207 5253 placet
2240 5188 2416 5240 vivere
2449 5188 2586 5240 citra
2658 5185 3140 5254 reprehensionem
3184 5183 3297 5237 ﬂeri
3347 5198 3456 5238 non

1879 5289 2073 5352 potest,
2102 5290 2159 5333 ut
2186 5295 2292 5334 non
2323 5292 2705 5350 oppugnentur
2756 5278 2977 5348 maligni
3007 5278 3239 5341 insidiis,
3272 5280 3457 5348 gravis

1877 5388 2093 5442 quoque
2128 5374 2181 5427 in
2209 5388 2327 5427 eam
2363 5373 2431 5426 ab
2457 5373 2575 5441 ipso
2608 5371 2877 5426 excitatur
2905 5371 3154 5425 tentatio.
3191 5370 3282 5425 Ille
3310 5372 3454 5426 enim

1880 5475 2009 5520 tunc,
2038 5466 2235 5519 videns
2262 5466 2424 5533 hujus
2468 5464 2647 5518 mariti
2688 5463 3143 5522 moderationem.
3187 5476 3243 5517 et
3291 5464 3453 5533 hujus

1875 5566 2076 5611 sanctae
2116 5558 2362 5611 invidens
2397 5556 2687 5620 honestati,
2720 5556 2973 5610 adhibuit
3009 5571 3173 5609 omne
3200 5555 3443 5609 studium

1876 5658 1929 5703 et
1952 5648 2308 5719 diligentiam,
2354 5658 2411 5703 ut
2440 5650 2579 5703 hanc
2616 5648 2953 5704 rescinderet
2983 5647 3446 5717 conjunctionem.

1945 5835 2008 5889 ll.
2039 5834 2335 5900 Quemdam
2372 5834 2553 5906 itaque
2577 5837 2854 5913 juvenem,
2888 5836 3130 5906 pecuniis
3160 5844 3213 5890 et
3248 5834 3444 5903 opibus
