  <div class='ocr_page' id='page_1' title='image "/cluster/home/n/w/nwhite01/storage/ocr_20150623/115/nnc1.0046980261/351.png"; bbox 0 0 4198 6438; ppageno 0'>
   <div class='ocr_carea' id='block_1_1' title="bbox 777 409 882 476">
    <p class='ocr_par' dir='ltr' id='par_1_1' title="bbox 777 409 882 476">
     <span class='ocr_line' id='line_1_1' title="bbox 777 409 882 476; baseline -0.038 0"><span class='ocrx_word' id='word_1_1' title='bbox 777 409 882 476; x_wconf 80' lang='lat'><strong>667</strong></span> 
     </span>
    </p>
   </div>
   <div class='ocr_carea' id='block_1_2' title="bbox 2016 391 2808 457">
    <p class='ocr_par' dir='ltr' id='par_1_2' title="bbox 2016 391 2808 457">
     <span class='ocr_line' id='line_1_2' title="bbox 2016 391 2808 457; baseline -0.005 0"><span class='ocrx_word' id='word_1_2' title='bbox 2016 395 2300 457; x_wconf 78' lang='lat' dir='ltr'><strong>MENSIS</strong></span> <span class='ocrx_word' id='word_1_3' title='bbox 2341 391 2808 453; x_wconf 83' lang='lat' dir='ltr'><strong>SEPTEMBER.</strong></span> 
     </span>
    </p>
   </div>
   <div class='ocr_carea' id='block_1_3' title="bbox 3932 389 4054 454">
    <p class='ocr_par' dir='ltr' id='par_1_3' title="bbox 3932 389 4054 454">
     <span class='ocr_line' id='line_1_3' title="bbox 3932 389 4054 454; baseline -0.008 0"><span class='ocrx_word' id='word_1_4' title='bbox 3932 389 4054 454; x_wconf 73' lang='lat'><strong>663</strong></span> 
     </span>
    </p>
   </div>
   <div class='ocr_carea' id='block_1_4' title="bbox 777 498 2355 590">
    <p class='ocr_par' dir='ltr' id='par_1_4' title="bbox 777 511 2355 590">
     <span class='ocr_line' id='line_1_4' title="bbox 777 511 2355 590; baseline -0.012 -11"><span class='ocrx_word' id='word_1_5' title='bbox 777 531 1056 586; x_wconf 88' lang='lat' dir='ltr'><strong>onustum,</strong></span> <span class='ocrx_word' id='word_1_6' title='bbox 1088 521 1288 590; x_wconf 84' lang='lat' dir='ltr'><strong>quibus</strong></span> <span class='ocrx_word' id='word_1_7' title='bbox 1323 533 1505 574; x_wconf 89' lang='lat' dir='ltr'><strong>rerum</strong></span> <span class='ocrx_word' id='word_1_8' title='bbox 1547 517 1703 585; x_wconf 86' lang='lat' dir='ltr'><strong>copia</strong></span> <span class='ocrx_word' id='word_1_9' title='bbox 1757 511 2137 584; x_wconf 90' lang='lat' dir='ltr'><strong>suppeditabat</strong></span> <span class='ocrx_word' id='word_1_10' title='bbox 2189 513 2355 562; x_wconf 73' lang='lat' dir='ltr'><strong>mate-</strong></span> 
     </span>
    </p>
   </div>
   <div class='ocr_carea' id='block_1_5' title="bbox 2455 498 4050 590">
    <p class='ocr_par' dir='ltr' id='par_1_5' title="bbox 2463 498 4050 577">
     <span class='ocr_line' id='line_1_5' title="bbox 2463 498 4050 577; baseline -0.003 -20"><span class='ocrx_word' id='word_1_11' title='bbox 2463 504 2869 576; x_wconf 87' lang='grc' dir='ltr'>βαρυνομένων,</span> <span class='ocrx_word' id='word_1_12' title='bbox 2901 498 2984 569; x_wconf 79' lang='grc' dir='ltr'>οἷς</span> <span class='ocrx_word' id='word_1_13' title='bbox 3016 505 3113 577; x_wconf 81' lang='grc' dir='ltr'>ὕλη</span> <span class='ocrx_word' id='word_1_14' title='bbox 3133 503 3270 576; x_wconf 78' lang='grc' dir='ltr'>πρὸς</span> <span class='ocrx_word' id='word_1_15' title='bbox 3293 498 3510 576; x_wconf 75' lang='grc' dir='ltr'>οἶστρον</span> <span class='ocrx_word' id='word_1_16' title='bbox 3544 506 3575 572; x_wconf 81' lang='grc' dir='ltr'>ἡ</span> <span class='ocrx_word' id='word_1_17' title='bbox 3609 503 3865 571; x_wconf 79' lang='grc' dir='ltr'>εὐθηνίσ,</span> <span class='ocrx_word' id='word_1_18' title='bbox 3892 502 4050 571; x_wconf 70' lang='grc' dir='ltr'>πρδς</span> 
     </span>
    </p>
   </div>
   <div class='ocr_carea' id='block_1_6' title="bbox 777 600 2353 670">
    <p class='ocr_par' dir='ltr' id='par_1_6' title="bbox 777 600 2353 670">
     <span class='ocr_line' id='line_1_6' title="bbox 777 600 2353 670; baseline -0.015 -1"><span class='ocrx_word' id='word_1_19' title='bbox 777 617 912 669; x_wconf 88' lang='lat' dir='ltr'><strong>riam</strong></span> <span class='ocrx_word' id='word_1_20' title='bbox 945 612 1011 667; x_wconf 83' lang='lat' dir='ltr'><strong>ad</strong></span> <span class='ocrx_word' id='word_1_21' title='bbox 1044 611 1322 666; x_wconf 75' lang='lat' dir='ltr'><strong>stimulum</strong></span> <span class='ocrx_word' id='word_1_22' title='bbox 1384 607 1607 670; x_wconf 89' lang='lat' dir='ltr'><strong>amoris,</strong></span> <span class='ocrx_word' id='word_1_23' title='bbox 1645 604 1890 660; x_wconf 91' lang='lat' dir='ltr'><strong>incitavit</strong></span> <span class='ocrx_word' id='word_1_24' title='bbox 1921 600 1986 654; x_wconf 91' lang='lat' dir='ltr'><strong>ad</strong></span> <span class='ocrx_word' id='word_1_25' title='bbox 2023 614 2142 654; x_wconf 86' lang='lat' dir='ltr'><strong>eam</strong></span> <span class='ocrx_word' id='word_1_26' title='bbox 2166 609 2353 650; x_wconf 88' lang='lat' dir='ltr'><strong>aman-</strong></span> 
     </span>
    </p>
   </div>
   <div class='ocr_carea' id='block_1_7' title="bbox 775 695 2350 776">
    <p class='ocr_par' dir='ltr' id='par_1_7' title="bbox 775 695 2350 776">
     <span class='ocr_line' id='line_1_7' title="bbox 775 695 2350 776; baseline -0.013 -15"><span class='ocrx_word' id='word_1_27' title='bbox 775 711 895 762; x_wconf 84' lang='lat' dir='ltr'><strong>dam</strong></span> <span class='ocrx_word' id='word_1_28' title='bbox 926 715 1146 776; x_wconf 86' lang='lat' dir='ltr'><strong>pr0pter</strong></span> <span class='ocrx_word' id='word_1_29' title='bbox 1173 704 1454 758; x_wconf 77' lang='lat' dir='ltr'><strong>florentem</strong></span> <span class='ocrx_word' id='word_1_30' title='bbox 1486 702 1605 770; x_wconf 86' lang='lat' dir='ltr'><strong>ejus</strong></span> <span class='ocrx_word' id='word_1_31' title='bbox 1632 700 1886 768; x_wconf 81' lang='lat' dir='ltr'><strong>speciem.</strong></span> <span class='ocrx_word' id='word_1_32' title='bbox 1908 695 1999 748; x_wconf 90' lang='lat' dir='ltr'><strong>llla</strong></span> <span class='ocrx_word' id='word_1_33' title='bbox 2032 703 2209 747; x_wconf 89' lang='lat' dir='ltr'><strong>autem</strong></span> <span class='ocrx_word' id='word_1_34' title='bbox 2243 704 2350 743; x_wconf 91' lang='lat' dir='ltr'><strong>non</strong></span> 
     </span>
    </p>
   </div>
   <div class='ocr_carea' id='block_1_8' title="bbox 777 783 2352 864">
    <p class='ocr_par' dir='ltr' id='par_1_8' title="bbox 777 783 2352 864">
     <span class='ocr_line' id='line_1_8' title="bbox 777 783 2352 864; baseline -0.013 -10"><span class='ocrx_word' id='word_1_35' title='bbox 777 812 994 862; x_wconf 85' lang='lat' dir='ltr'><strong>nutum,</strong></span> <span class='ocrx_word' id='word_1_36' title='bbox 1051 813 1156 852; x_wconf 91' lang='lat' dir='ltr'><strong>non</strong></span> <span class='ocrx_word' id='word_1_37' title='bbox 1208 804 1442 864; x_wconf 81' lang='lat' dir='ltr'><strong>gestum,</strong></span> <span class='ocrx_word' id='word_1_38' title='bbox 1481 808 1584 846; x_wconf 89' lang='lat' dir='ltr'><strong>nec</strong></span> <span class='ocrx_word' id='word_1_39' title='bbox 1633 791 1925 861; x_wconf 80' lang='lat' dir='ltr'><strong>quidquam</strong></span> <span class='ocrx_word' id='word_1_40' title='bbox 1978 787 2081 842; x_wconf 82' lang='lat' dir='ltr'><strong>tale</strong></span> <span class='ocrx_word' id='word_1_41' title='bbox 2130 783 2352 837; x_wconf 81' lang='lat' dir='ltr'><strong>omnino</strong></span> 
     </span>
    </p>
   </div>
   <div class='ocr_carea' id='block_1_9' title="bbox 777 879 2354 952">
    <p class='ocr_par' dir='ltr' id='par_1_9' title="bbox 777 879 2354 952">
     <span class='ocr_line' id='line_1_9' title="bbox 777 879 2354 952; baseline -0.009 -8"><span class='ocrx_word' id='word_1_42' title='bbox 777 893 1104 951; x_wconf 81' lang='lat' dir='ltr'><strong>sustinente,</strong></span> <span class='ocrx_word' id='word_1_43' title='bbox 1136 888 1321 941; x_wconf 89' lang='lat' dir='ltr'><strong>nullus</strong></span> <span class='ocrx_word' id='word_1_44' title='bbox 1357 902 1465 939; x_wconf 91' lang='lat' dir='ltr'><strong>non</strong></span> <span class='ocrx_word' id='word_1_45' title='bbox 1525 885 1658 952; x_wconf 83' lang='lat' dir='ltr'><strong>lapis</strong></span> <span class='ocrx_word' id='word_1_46' title='bbox 1691 885 1757 936; x_wconf 89' lang='lat' dir='ltr'><strong>ab</strong></span> <span class='ocrx_word' id='word_1_47' title='bbox 1783 898 1849 936; x_wconf 90' lang='lat' dir='ltr'><strong>eo</strong></span> <span class='ocrx_word' id='word_1_48' title='bbox 1899 879 2243 936; x_wconf 88' lang='lat' dir='ltr'><strong>movebatur.</strong></span> <span class='ocrx_word' id='word_1_49' title='bbox 2295 885 2354 930; x_wconf 91' lang='lat' dir='ltr'><strong>ut</strong></span> 
     </span>
    </p>
   </div>
   <div class='ocr_carea' id='block_1_10' title="bbox 781 970 2355 1042">
    <p class='ocr_par' dir='ltr' id='par_1_10' title="bbox 781 970 2355 1042">
     <span class='ocr_line' id='line_1_10' title="bbox 781 970 2355 1042; baseline -0.013 0"><span class='ocrx_word' id='word_1_50' title='bbox 781 984 845 1042; x_wconf 89' lang='lat' dir='ltr'><strong>ad</strong></span> <span class='ocrx_word' id='word_1_51' title='bbox 875 983 1130 1036; x_wconf 69' lang='lat' dir='ltr'><strong>effectum</strong></span> <span class='ocrx_word' id='word_1_52' title='bbox 1188 979 1411 1032; x_wconf 88' lang='lat' dir='ltr'><strong>omnino</strong></span> <span class='ocrx_word' id='word_1_53' title='bbox 1441 977 1729 1033; x_wconf 83' lang='lat' dir='ltr'><strong>deduceret</strong></span> <span class='ocrx_word' id='word_1_54' title='bbox 1769 975 1816 1027; x_wconf 90' lang='lat' dir='ltr'><strong>id</strong></span> <span class='ocrx_word' id='word_1_55' title='bbox 1871 972 2014 1041; x_wconf 92' lang='lat' dir='ltr'><strong>quod</strong></span> <span class='ocrx_word' id='word_1_56' title='bbox 2077 970 2355 1024; x_wconf 82' lang='lat' dir='ltr'><strong>desidera-</strong></span> 
     </span>
    </p>
   </div>
   <div class='ocr_carea' id='block_1_11' title="bbox 779 1061 2352 1139">
    <p class='ocr_par' dir='ltr' id='par_1_11' title="bbox 779 1061 2352 1139">
     <span class='ocr_line' id='line_1_11' title="bbox 779 1061 2352 1139; baseline -0.009 -11"><span class='ocrx_word' id='word_1_57' title='bbox 779 1078 955 1138; x_wconf 81' lang='lat' dir='ltr'><strong>batur;</strong></span> <span class='ocrx_word' id='word_1_58' title='bbox 993 1074 1126 1126; x_wconf 87' lang='lat' dir='ltr'><strong>adco</strong></span> <span class='ocrx_word' id='word_1_59' title='bbox 1152 1080 1208 1124; x_wconf 91' lang='lat' dir='ltr'><strong>ut</strong></span> <span class='ocrx_word' id='word_1_60' title='bbox 1235 1072 1350 1139; x_wconf 83' lang='lat' dir='ltr'><strong>ejus</strong></span> <span class='ocrx_word' id='word_1_61' title='bbox 1387 1069 1678 1122; x_wconf 81' lang='lat' dir='ltr'><strong>familiares</strong></span> <span class='ocrx_word' id='word_1_62' title='bbox 1712 1076 1760 1119; x_wconf 88' lang='lat' dir='ltr'><strong>et</strong></span> <span class='ocrx_word' id='word_1_63' title='bbox 1795 1066 2025 1126; x_wconf 85' lang='lat' dir='ltr'><strong>vicinas.</strong></span> <span class='ocrx_word' id='word_1_64' title='bbox 2065 1064 2129 1116; x_wconf 88' lang='lat' dir='ltr'><strong>ad</strong></span> <span class='ocrx_word' id='word_1_65' title='bbox 2159 1065 2259 1115; x_wconf 88' lang='lat' dir='ltr'><strong>hoc</strong></span> <span class='ocrx_word' id='word_1_66' title='bbox 2301 1061 2352 1115; x_wconf 91' lang='lat' dir='ltr'><strong>ei</strong></span> 
     </span>
    </p>
   </div>
   <div class='ocr_carea' id='block_1_12' title="bbox 781 1154 2355 1225">
    <p class='ocr_par' dir='ltr' id='par_1_12' title="bbox 781 1154 2355 1225">
     <span class='ocr_line' id='line_1_12' title="bbox 781 1154 2355 1225; baseline -0.009 -8"><span class='ocrx_word' id='word_1_67' title='bbox 781 1165 1161 1225; x_wconf 77' lang='lat' dir='ltr'><strong>inservientes,</strong></span> <span class='ocrx_word' id='word_1_68' title='bbox 1221 1162 1438 1217; x_wconf 78' lang='lat' dir='ltr'><strong>assidue</strong></span> <span class='ocrx_word' id='word_1_69' title='bbox 1497 1159 1887 1213; x_wconf 85' lang='lat' dir='ltr'><strong>transmitteret</strong></span> <span class='ocrx_word' id='word_1_70' title='bbox 1930 1154 2189 1224; x_wconf 87' lang='lat' dir='ltr'><strong>quidquid</strong></span> <span class='ocrx_word' id='word_1_71' title='bbox 2241 1162 2355 1206; x_wconf 88' lang='lat' dir='ltr'><strong>erat</strong></span> 
     </span>
    </p>
   </div>
   <div class='ocr_carea' id='block_1_13' title="bbox 779 1248 2351 1318">
    <p class='ocr_par' dir='ltr' id='par_1_13' title="bbox 779 1248 2351 1318">
     <span class='ocr_line' id='line_1_13' title="bbox 779 1248 2351 1318; baseline -0.006 -8"><span class='ocrx_word' id='word_1_72' title='bbox 779 1257 1133 1310; x_wconf 71' lang='lat' dir='ltr'><strong>desiderabile</strong></span> <span class='ocrx_word' id='word_1_73' title='bbox 1198 1263 1252 1307; x_wconf 90' lang='lat' dir='ltr'><strong>et</strong></span> <span class='ocrx_word' id='word_1_74' title='bbox 1321 1252 1599 1305; x_wconf 83' lang='lat' dir='ltr'><strong>blandiens</strong></span> <span class='ocrx_word' id='word_1_75' title='bbox 1650 1249 1928 1318; x_wconf 89' lang='lat' dir='ltr'><strong>cupiditati</strong></span> <span class='ocrx_word' id='word_1_76' title='bbox 1982 1263 2038 1300; x_wconf 89' lang='lat' dir='ltr'><strong>se</strong></span> <span class='ocrx_word' id='word_1_77' title='bbox 2104 1248 2351 1300; x_wconf 91' lang='lat' dir='ltr'><strong>daturum</strong></span> 
     </span>
    </p>
   </div>
   <div class='ocr_carea' id='block_1_14' title="bbox 782 1339 2353 1416">
    <p class='ocr_par' dir='ltr' id='par_1_14' title="bbox 782 1339 2353 1416">
     <span class='ocr_line' id='line_1_14' title="bbox 782 1339 2353 1416; baseline -0.007 -16"><span class='ocrx_word' id='word_1_78' title='bbox 782 1349 1063 1416; x_wconf 81' lang='lat' dir='ltr'><strong>pollicens.</strong></span> <span class='ocrx_word' id='word_1_79' title='bbox 1107 1346 1196 1398; x_wconf 79' lang='lat' dir='ltr'><strong>illa</strong></span> <span class='ocrx_word' id='word_1_80' title='bbox 1227 1355 1406 1397; x_wconf 87' lang='lat' dir='ltr'><strong>autem</strong></span> <span class='ocrx_word' id='word_1_81' title='bbox 1467 1343 1548 1395; x_wconf 92' lang='lat' dir='ltr'><strong>his</strong></span> <span class='ocrx_word' id='word_1_82' title='bbox 1590 1342 1765 1395; x_wconf 77' lang='lat' dir='ltr'><strong>verbis</strong></span> <span class='ocrx_word' id='word_1_83' title='bbox 1795 1351 1847 1395; x_wconf 92' lang='lat' dir='ltr'><strong>et</strong></span> <span class='ocrx_word' id='word_1_84' title='bbox 1883 1339 2152 1393; x_wconf 86' lang='lat' dir='ltr'><strong>illecebris</strong></span> <span class='ocrx_word' id='word_1_85' title='bbox 2187 1353 2353 1406; x_wconf 85' lang='lat' dir='ltr'><strong>oppo-</strong></span> 
     </span>
    </p>
   </div>
   <div class='ocr_carea' id='block_1_15' title="bbox 781 1431 2354 1506">
    <p class='ocr_par' dir='ltr' id='par_1_15' title="bbox 781 1431 2354 1506">
     <span class='ocr_line' id='line_1_15' title="bbox 781 1431 2354 1506; baseline -0.006 -14"><span class='ocrx_word' id='word_1_86' title='bbox 781 1441 940 1494; x_wconf 83' lang='lat' dir='ltr'><strong>nebat</strong></span> <span class='ocrx_word' id='word_1_87' title='bbox 968 1440 1108 1491; x_wconf 90' lang='lat' dir='ltr'><strong>diem</strong></span> <span class='ocrx_word' id='word_1_88' title='bbox 1140 1437 1326 1506; x_wconf 85' lang='lat' dir='ltr'><strong>judicii</strong></span> <span class='ocrx_word' id='word_1_89' title='bbox 1357 1445 1409 1488; x_wconf 92' lang='lat' dir='ltr'><strong>ct</strong></span> <span class='ocrx_word' id='word_1_90' title='bbox 1438 1437 1682 1488; x_wconf 91' lang='lat' dir='ltr'><strong>timorem</strong></span> <span class='ocrx_word' id='word_1_91' title='bbox 1703 1433 1996 1503; x_wconf 69' lang='lat' dir='ltr'><strong>gehennae:</strong></span> <span class='ocrx_word' id='word_1_92' title='bbox 2029 1431 2167 1495; x_wconf 91' lang='lat' dir='ltr'><strong>Quin</strong></span> <span class='ocrx_word' id='word_1_93' title='bbox 2193 1431 2354 1484; x_wconf 89' lang='lat' dir='ltr'><strong>etiam</strong></span> 
     </span>
    </p>
   </div>
   <div class='ocr_carea' id='block_1_16' title="bbox 785 1526 2351 1596">
    <p class='ocr_par' dir='ltr' id='par_1_16' title="bbox 785 1526 2351 1596">
     <span class='ocr_line' id='line_1_16' title="bbox 785 1526 2351 1596; baseline -0.005 -12"><span class='ocrx_word' id='word_1_94' title='bbox 785 1533 1072 1589; x_wconf 84' lang='lat' dir='ltr'><strong>erubesco,</strong></span> <span class='ocrx_word' id='word_1_95' title='bbox 1110 1532 1343 1593; x_wconf 87' lang='lat' dir='ltr'><strong>dicebat,</strong></span> <span class='ocrx_word' id='word_1_96' title='bbox 1376 1532 1458 1584; x_wconf 90' lang='lat' dir='ltr'><strong>vel</strong></span> <span class='ocrx_word' id='word_1_97' title='bbox 1502 1530 1676 1596; x_wconf 90' lang='lat' dir='ltr'><strong>ipsum</strong></span> <span class='ocrx_word' id='word_1_98' title='bbox 1710 1528 1876 1581; x_wconf 89' lang='lat' dir='ltr'><strong>solem</strong></span> <span class='ocrx_word' id='word_1_99' title='bbox 1930 1526 2129 1579; x_wconf 89' lang='lat' dir='ltr'><strong>habere</strong></span> <span class='ocrx_word' id='word_1_100' title='bbox 2162 1531 2351 1577; x_wconf 87' lang='lat' dir='ltr'><strong>testem</strong></span> 
     </span>
    </p>
   </div>
   <div class='ocr_carea' id='block_1_17' title="bbox 783 1617 2354 1696">
    <p class='ocr_par' dir='ltr' id='par_1_17' title="bbox 783 1617 2354 1696">
     <span class='ocr_line' id='line_1_17' title="bbox 783 1617 2354 1696; baseline -0.006 -18"><span class='ocrx_word' id='word_1_101' title='bbox 783 1627 904 1680; x_wconf 71' lang='lat' dir='ltr'><strong>talis</strong></span> <span class='ocrx_word' id='word_1_102' title='bbox 936 1625 1139 1696; x_wconf 81' lang='lat' dir='ltr'><strong>ﬂagitii.</strong></span> <span class='ocrx_word' id='word_1_103' title='bbox 1174 1626 1327 1690; x_wconf 86' lang='lat' dir='ltr'><strong>Quod</strong></span> <span class='ocrx_word' id='word_1_104' title='bbox 1359 1624 1576 1692; x_wconf 87' lang='lat' dir='ltr'><strong>quidem</strong></span> <span class='ocrx_word' id='word_1_105' title='bbox 1603 1624 1826 1676; x_wconf 83' lang='lat' dir='ltr'><strong>verbum</strong></span> <span class='ocrx_word' id='word_1_106' title='bbox 1885 1636 2007 1675; x_wconf 89' lang='lat' dir='ltr'><strong>cum</strong></span> <span class='ocrx_word' id='word_1_107' title='bbox 2050 1617 2354 1688; x_wconf 88' lang='lat' dir='ltr'><strong>apprehen-</strong></span> 
     </span>
    </p>
   </div>
   <div class='ocr_carea' id='block_1_18' title="bbox 781 1712 2354 1778">
    <p class='ocr_par' dir='ltr' id='par_1_18' title="bbox 781 1712 2354 1778">
     <span class='ocr_line' id='line_1_18' title="bbox 781 1712 2354 1778; baseline -0.006 -8"><span class='ocrx_word' id='word_1_108' title='bbox 781 1719 950 1775; x_wconf 81' lang='lat' dir='ltr'><strong>disset</strong></span> <span class='ocrx_word' id='word_1_109' title='bbox 982 1735 1088 1770; x_wconf 87' lang='lat' dir='ltr'><strong>una</strong></span> <span class='ocrx_word' id='word_1_110' title='bbox 1120 1733 1182 1770; x_wconf 81' lang='lat' dir='ltr'><strong>ex</strong></span> <span class='ocrx_word' id='word_1_111' title='bbox 1213 1717 1370 1778; x_wconf 87' lang='lat' dir='ltr'><strong>lenis,</strong></span> <span class='ocrx_word' id='word_1_112' title='bbox 1393 1717 1514 1768; x_wconf 92' lang='lat' dir='ltr'><strong>mali</strong></span> <span class='ocrx_word' id='word_1_113' title='bbox 1551 1715 1918 1768; x_wconf 84' lang='lat' dir='ltr'><strong>accessionem</strong></span> <span class='ocrx_word' id='word_1_114' title='bbox 1955 1712 2162 1766; x_wconf 83' lang='lat' dir='ltr'><strong>habens</strong></span> <span class='ocrx_word' id='word_1_115' title='bbox 2183 1719 2354 1763; x_wconf 82' lang='lat' dir='ltr'><strong>artem</strong></span> 
     </span>
    </p>
   </div>
   <div class='ocr_carea' id='block_1_19' title="bbox 781 1801 2356 1875">
    <p class='ocr_par' dir='ltr' id='par_1_19' title="bbox 781 1801 2356 1875">
     <span class='ocr_line' id='line_1_19' title="bbox 781 1801 2356 1875; baseline -0.004 -16"><span class='ocrx_word' id='word_1_116' title='bbox 781 1812 1066 1875; x_wconf 81' lang='lat' dir='ltr'><strong>magicam,</strong></span> <span class='ocrx_word' id='word_1_117' title='bbox 1120 1810 1220 1861; x_wconf 92' lang='lat' dir='ltr'><strong>hoc</strong></span> <span class='ocrx_word' id='word_1_118' title='bbox 1256 1808 1303 1861; x_wconf 90' lang='lat' dir='ltr'><strong>ei</strong></span> <span class='ocrx_word' id='word_1_119' title='bbox 1346 1807 1629 1874; x_wconf 88' lang='lat' dir='ltr'><strong>pr0posuit</strong></span> <span class='ocrx_word' id='word_1_120' title='bbox 1662 1805 2013 1873; x_wconf 81' lang='lat' dir='ltr'><strong>probabiliter</strong></span> <span class='ocrx_word' id='word_1_121' title='bbox 2045 1819 2056 1853; x_wconf 94' lang='lat'>:</span> <span class='ocrx_word' id='word_1_122' title='bbox 2089 1801 2197 1854; x_wconf 88' lang='lat' dir='ltr'><strong>Sed</strong></span> <span class='ocrx_word' id='word_1_123' title='bbox 2251 1801 2356 1853; x_wconf 91' lang='lat' dir='ltr'><strong>hoc</strong></span> 
     </span>
    </p>
   </div>
   <div class='ocr_carea' id='block_1_20' title="bbox 781 1891 2360 1967">
    <p class='ocr_par' dir='ltr' id='par_1_20' title="bbox 781 1891 2360 1967">
     <span class='ocr_line' id='line_1_20' title="bbox 781 1891 2360 1967; baseline -0.004 -15"><span class='ocrx_word' id='word_1_124' title='bbox 781 1899 1054 1967; x_wconf 84' lang='lat' dir='ltr'><strong>inquiens,</strong></span> <span class='ocrx_word' id='word_1_125' title='bbox 1088 1915 1117 1952; x_wconf 89' lang='lat' dir='ltr'><strong>a</strong></span> <span class='ocrx_word' id='word_1_126' title='bbox 1153 1909 1203 1954; x_wconf 90' lang='lat' dir='ltr'><strong>te</strong></span> <span class='ocrx_word' id='word_1_127' title='bbox 1238 1899 1329 1952; x_wconf 88' lang='lat' dir='ltr'><strong>flat</strong></span> <span class='ocrx_word' id='word_1_128' title='bbox 1368 1908 1487 1967; x_wconf 93' lang='lat' dir='ltr'><strong>post</strong></span> <span class='ocrx_word' id='word_1_129' title='bbox 1513 1897 1641 1951; x_wconf 83' lang='lat' dir='ltr'><strong>solis</strong></span> <span class='ocrx_word' id='word_1_130' title='bbox 1677 1911 1925 1948; x_wconf 80' lang='lat' dir='ltr'><strong>occasum</strong></span> <span class='ocrx_word' id='word_1_131' title='bbox 1961 1902 2017 1948; x_wconf 89' lang='lat' dir='ltr'><strong>et</strong></span> <span class='ocrx_word' id='word_1_132' title='bbox 2047 1893 2228 1946; x_wconf 88' lang='lat' dir='ltr'><strong>nullus</strong></span> <span class='ocrx_word' id='word_1_133' title='bbox 2258 1891 2360 1946; x_wconf 87' lang='lat' dir='ltr'><strong>erit</strong></span> 
     </span>
    </p>
   </div>
   <div class='ocr_carea' id='block_1_21' title="bbox 779 1981 2358 2057">
    <p class='ocr_par' dir='ltr' id='par_1_21' title="bbox 779 1981 2358 2057">
     <span class='ocr_line' id='line_1_21' title="bbox 779 1981 2358 2057; baseline -0.004 -16"><span class='ocrx_word' id='word_1_134' title='bbox 779 1990 871 2056; x_wconf 87' lang='lat' dir='ltr'><strong>qui</strong></span> <span class='ocrx_word' id='word_1_135' title='bbox 913 1998 963 2042; x_wconf 89' lang='lat' dir='ltr'><strong>te</strong></span> <span class='ocrx_word' id='word_1_136' title='bbox 995 1997 1280 2057; x_wconf 81' lang='lat' dir='ltr'><strong>cognoscat</strong></span> <span class='ocrx_word' id='word_1_137' title='bbox 1314 2003 1327 2041; x_wconf 92' lang='lat'>:</span> <span class='ocrx_word' id='word_1_138' title='bbox 1357 2002 1533 2056; x_wconf 88' lang='lat' dir='ltr'><strong>neque</strong></span> <span class='ocrx_word' id='word_1_139' title='bbox 1589 1985 1806 2038; x_wconf 87' lang='lat' dir='ltr'><strong>futurus</strong></span> <span class='ocrx_word' id='word_1_140' title='bbox 1846 1993 1929 2038; x_wconf 88' lang='lat' dir='ltr'><strong>est</strong></span> <span class='ocrx_word' id='word_1_141' title='bbox 1966 1984 2106 2038; x_wconf 91' lang='lat' dir='ltr'><strong>ullus</strong></span> <span class='ocrx_word' id='word_1_142' title='bbox 2135 1981 2358 2036; x_wconf 89' lang='lat' dir='ltr'><strong>omnino</strong></span> 
     </span>
    </p>
   </div>
   <div class='ocr_carea' id='block_1_22' title="bbox 784 2073 2358 2147">
    <p class='ocr_par' dir='ltr' id='par_1_22' title="bbox 784 2073 2358 2147">
     <span class='ocr_line' id='line_1_22' title="bbox 784 2073 2358 2147; baseline -0.001 -18"><span class='ocrx_word' id='word_1_143' title='bbox 784 2078 934 2130; x_wconf 82' lang='lat' dir='ltr'><strong>testis</strong></span> <span class='ocrx_word' id='word_1_144' title='bbox 959 2079 1096 2147; x_wconf 91' lang='lat' dir='ltr'><strong>apud</strong></span> <span class='ocrx_word' id='word_1_145' title='bbox 1136 2078 1320 2140; x_wconf 84' lang='lat' dir='ltr'><strong>Deum,</strong></span> <span class='ocrx_word' id='word_1_146' title='bbox 1350 2089 1440 2130; x_wconf 88' lang='lat' dir='ltr'><strong>aut</strong></span> <span class='ocrx_word' id='word_1_147' title='bbox 1475 2077 1616 2146; x_wconf 86' lang='lat' dir='ltr'><strong>apud</strong></span> <span class='ocrx_word' id='word_1_148' title='bbox 1672 2077 1941 2130; x_wconf 86' lang='lat' dir='ltr'><strong>homines.</strong></span> <span class='ocrx_word' id='word_1_149' title='bbox 1996 2073 2118 2128; x_wconf 83' lang='lat' dir='ltr'><strong>Haec</strong></span> <span class='ocrx_word' id='word_1_150' title='bbox 2150 2074 2358 2128; x_wconf 84' lang='lat' dir='ltr'><strong>audivit</strong></span> 
     </span>
    </p>
   </div>
   <div class='ocr_carea' id='block_1_23' title="bbox 780 2166 2358 2238">
    <p class='ocr_par' dir='ltr' id='par_1_23' title="bbox 780 2166 2358 2238">
     <span class='ocr_line' id='line_1_23' title="bbox 780 2166 2358 2238; baseline -0.002 -17"><span class='ocrx_word' id='word_1_151' title='bbox 780 2182 833 2221; x_wconf 86' lang='lat' dir='ltr'><strong>et</strong></span> <span class='ocrx_word' id='word_1_152' title='bbox 861 2170 959 2221; x_wconf 89' lang='lat' dir='ltr'><strong>fuit</strong></span> <span class='ocrx_word' id='word_1_153' title='bbox 993 2185 1084 2221; x_wconf 86' lang='lat' dir='ltr'><strong>cor</strong></span> <span class='ocrx_word' id='word_1_154' title='bbox 1110 2169 1226 2238; x_wconf 80' lang='lat' dir='ltr'><strong>ejus</strong></span> <span class='ocrx_word' id='word_1_155' title='bbox 1257 2170 1504 2237; x_wconf 86' lang='lat' dir='ltr'><strong>protinus</strong></span> <span class='ocrx_word' id='word_1_156' title='bbox 1546 2170 1781 2221; x_wconf 86' lang='lat' dir='ltr'><strong>illectum</strong></span> <span class='ocrx_word' id='word_1_157' title='bbox 1814 2177 1867 2220; x_wconf 89' lang='lat' dir='ltr'><strong>et</strong></span> <span class='ocrx_word' id='word_1_158' title='bbox 1892 2166 2194 2220; x_wconf 85' lang='lat' dir='ltr'><strong>seductum.</strong></span> <span class='ocrx_word' id='word_1_159' title='bbox 2228 2166 2358 2220; x_wconf 86' lang='lat' dir='ltr'><strong>Erat</strong></span> 
     </span>
    </p>
   </div>
   <div class='ocr_carea' id='block_1_24' title="bbox 783 2259 2354 2330">
    <p class='ocr_par' dir='ltr' id='par_1_24' title="bbox 783 2259 2354 2330">
     <span class='ocr_line' id='line_1_24' title="bbox 783 2259 2354 2330; baseline -0.003 -16"><span class='ocrx_word' id='word_1_160' title='bbox 783 2263 928 2314; x_wconf 84' lang='lat' dir='ltr'><strong>enim</strong></span> <span class='ocrx_word' id='word_1_161' title='bbox 951 2262 1147 2315; x_wconf 90' lang='lat' dir='ltr'><strong>mulier</strong></span> <span class='ocrx_word' id='word_1_162' title='bbox 1175 2279 1292 2330; x_wconf 78' lang='lat' dir='ltr'><strong>quae</strong></span> <span class='ocrx_word' id='word_1_163' title='bbox 1322 2273 1512 2315; x_wconf 90' lang='lat' dir='ltr'><strong>natura</strong></span> <span class='ocrx_word' id='word_1_164' title='bbox 1539 2260 1695 2315; x_wconf 85' lang='lat' dir='ltr'><strong>facile</strong></span> <span class='ocrx_word' id='word_1_165' title='bbox 1723 2261 1840 2330; x_wconf 87' lang='lat' dir='ltr'><strong>capi</strong></span> <span class='ocrx_word' id='word_1_166' title='bbox 1869 2270 2044 2330; x_wconf 89' lang='lat' dir='ltr'><strong>potest</strong></span> <span class='ocrx_word' id='word_1_167' title='bbox 2064 2270 2119 2314; x_wconf 90' lang='lat' dir='ltr'><strong>et</strong></span> <span class='ocrx_word' id='word_1_168' title='bbox 2155 2259 2354 2327; x_wconf 83' lang='lat' dir='ltr'><strong>decipi,</strong></span> 
     </span>
    </p>
   </div>
   <div class='ocr_carea' id='block_1_25' title="bbox 784 2351 2360 2422">
    <p class='ocr_par' dir='ltr' id='par_1_25' title="bbox 784 2351 2360 2422">
     <span class='ocr_line' id='line_1_25' title="bbox 784 2351 2360 2422; baseline -0.003 -15"><span class='ocrx_word' id='word_1_169' title='bbox 784 2365 839 2407; x_wconf 89' lang='lat' dir='ltr'><strong>et</strong></span> <span class='ocrx_word' id='word_1_170' title='bbox 862 2355 1091 2407; x_wconf 85' lang='lat' dir='ltr'><strong>maxime</strong></span> <span class='ocrx_word' id='word_1_171' title='bbox 1121 2354 1263 2422; x_wconf 91' lang='lat' dir='ltr'><strong>quod</strong></span> <span class='ocrx_word' id='word_1_172' title='bbox 1293 2355 1528 2410; x_wconf 86' lang='lat' dir='ltr'><strong>futurum</strong></span> <span class='ocrx_word' id='word_1_173' title='bbox 1565 2365 1709 2407; x_wconf 90' lang='lat' dir='ltr'><strong>esset</strong></span> <span class='ocrx_word' id='word_1_174' title='bbox 1730 2365 1788 2407; x_wconf 89' lang='lat' dir='ltr'><strong>ut</strong></span> <span class='ocrx_word' id='word_1_175' title='bbox 1812 2355 2009 2406; x_wconf 88' lang='lat' dir='ltr'><strong>factum</strong></span> <span class='ocrx_word' id='word_1_176' title='bbox 2033 2352 2202 2404; x_wconf 90' lang='lat' dir='ltr'><strong>Deum</strong></span> <span class='ocrx_word' id='word_1_177' title='bbox 2227 2351 2360 2403; x_wconf 88' lang='lat' dir='ltr'><strong>late-</strong></span> 
     </span>
    </p>
   </div>
   <div class='ocr_carea' id='block_1_26' title="bbox 787 2445 2359 2519">
    <p class='ocr_par' dir='ltr' id='par_1_26' title="bbox 787 2445 2359 2519">
     <span class='ocr_line' id='line_1_26' title="bbox 787 2445 2359 2519; baseline -0.001 -17"><span class='ocrx_word' id='word_1_178' title='bbox 787 2462 887 2512; x_wconf 82' lang='lat' dir='ltr'><strong>ret,</strong></span> <span class='ocrx_word' id='word_1_179' title='bbox 929 2465 1027 2519; x_wconf 89' lang='lat' dir='ltr'><strong>per</strong></span> <span class='ocrx_word' id='word_1_180' title='bbox 1057 2449 1301 2503; x_wconf 83' lang='lat' dir='ltr'><strong>fraudem</strong></span> <span class='ocrx_word' id='word_1_181' title='bbox 1335 2450 1618 2503; x_wconf 85' lang='lat' dir='ltr'><strong>audiverat</strong></span> <span class='ocrx_word' id='word_1_182' title='bbox 1650 2461 1705 2504; x_wconf 90' lang='lat' dir='ltr'><strong>et</strong></span> <span class='ocrx_word' id='word_1_183' title='bbox 1735 2450 2059 2505; x_wconf 85' lang='lat' dir='ltr'><strong>crediderat.</strong></span> <span class='ocrx_word' id='word_1_184' title='bbox 2092 2447 2156 2499; x_wconf 83' lang='lat' dir='ltr'><strong>Et</strong></span> <span class='ocrx_word' id='word_1_185' title='bbox 2183 2445 2261 2503; x_wconf 89' lang='lat' dir='ltr'><strong>sic</strong></span> <span class='ocrx_word' id='word_1_186' title='bbox 2293 2445 2359 2500; x_wconf 90' lang='lat' dir='ltr'><strong>ad</strong></span> 
     </span>
    </p>
   </div>
   <div class='ocr_carea' id='block_1_27' title="bbox 785 2540 2213 2620">
    <p class='ocr_par' dir='ltr' id='par_1_27' title="bbox 785 2540 2213 2620">
     <span class='ocr_line' id='line_1_27' title="bbox 785 2540 2213 2620; baseline 0.001 -27"><span class='ocrx_word' id='word_1_187' title='bbox 785 2540 1032 2594; x_wconf 74' lang='lat' dir='ltr'><strong>eil‘ectum</strong></span> <span class='ocrx_word' id='word_1_188' title='bbox 1065 2540 1351 2594; x_wconf 86' lang='lat' dir='ltr'><strong>deductum</strong></span> <span class='ocrx_word' id='word_1_189' title='bbox 1383 2551 1465 2595; x_wconf 88' lang='lat' dir='ltr'><strong>est</strong></span> <span class='ocrx_word' id='word_1_190' title='bbox 1504 2543 1700 2596; x_wconf 89' lang='lat' dir='ltr'><strong>malum</strong></span> <span class='ocrx_word' id='word_1_191' title='bbox 1737 2544 1857 2620; x_wconf 82' lang='lat' dir='ltr'><strong>ejus</strong></span> <span class='ocrx_word' id='word_1_192' title='bbox 1897 2543 2213 2597; x_wconf 88' lang='lat' dir='ltr'><strong>consilium.</strong></span> 
     </span>
    </p>
   </div>
   <div class='ocr_carea' id='block_1_28' title="bbox 857 2631 2351 2705">
    <p class='ocr_par' dir='ltr' id='par_1_28' title="bbox 857 2631 2351 2705">
     <span class='ocr_line' id='line_1_28' title="bbox 857 2631 2351 2705; baseline 0.003 -21"><span class='ocrx_word' id='word_1_193' title='bbox 857 2632 945 2685; x_wconf 90' lang='grc'><strong>111.</strong></span> <span class='ocrx_word' id='word_1_194' title='bbox 981 2631 1262 2700; x_wconf 84' lang='lat' dir='ltr'><strong>Postquam</strong></span> <span class='ocrx_word' id='word_1_195' title='bbox 1291 2645 1467 2687; x_wconf 86' lang='lat' dir='ltr'><strong>autem</strong></span> <span class='ocrx_word' id='word_1_196' title='bbox 1503 2652 1559 2690; x_wconf 91' lang='lat' dir='ltr'><strong>re</strong></span> <span class='ocrx_word' id='word_1_197' title='bbox 1593 2635 1732 2689; x_wconf 87' lang='lat' dir='ltr'><strong>facta</strong></span> <span class='ocrx_word' id='word_1_198' title='bbox 1755 2653 1914 2704; x_wconf 88' lang='lat' dir='ltr'><strong>quam</strong></span> <span class='ocrx_word' id='word_1_199' title='bbox 1971 2637 2146 2705; x_wconf 87' lang='lat' dir='ltr'><strong>turpis</strong></span> <span class='ocrx_word' id='word_1_200' title='bbox 2172 2645 2227 2690; x_wconf 91' lang='lat' dir='ltr'><strong>et</strong></span> <span class='ocrx_word' id='word_1_201' title='bbox 2264 2635 2351 2688; x_wconf 83' lang='lat' dir='ltr'><strong>in-</strong></span> 
     </span>
    </p>
   </div>
   <div class='ocr_carea' id='block_1_29' title="bbox 786 2724 2358 2798">
    <p class='ocr_par' dir='ltr' id='par_1_29' title="bbox 786 2724 2358 2798">
     <span class='ocr_line' id='line_1_29' title="bbox 786 2724 2358 2798; baseline 0.004 -22"><span class='ocrx_word' id='word_1_202' title='bbox 786 2724 980 2777; x_wconf 85' lang='lat' dir='ltr'><strong>decora</strong></span> <span class='ocrx_word' id='word_1_203' title='bbox 1001 2739 1086 2778; x_wconf 90' lang='lat' dir='ltr'><strong>res</strong></span> <span class='ocrx_word' id='word_1_204' title='bbox 1122 2725 1191 2778; x_wconf 90' lang='lat' dir='ltr'><strong>sit</strong></span> <span class='ocrx_word' id='word_1_205' title='bbox 1221 2737 1526 2793; x_wconf 84' lang='lat' dir='ltr'><strong>peccatum,</strong></span> <span class='ocrx_word' id='word_1_206' title='bbox 1559 2729 1821 2798; x_wconf 83' lang='lat' dir='ltr'><strong>agnoscit.</strong></span> <span class='ocrx_word' id='word_1_207' title='bbox 1851 2730 2076 2785; x_wconf 91' lang='lat' dir='ltr'><strong>acerbos</strong></span> <span class='ocrx_word' id='word_1_208' title='bbox 2151 2731 2358 2783; x_wconf 84' lang='lat' dir='ltr'><strong>habens</strong></span> 
     </span>
    </p>
   </div>
   <div class='ocr_carea' id='block_1_30' title="bbox 788 2818 2357 2890">
    <p class='ocr_par' dir='ltr' id='par_1_30' title="bbox 788 2818 2357 2890">
     <span class='ocr_line' id='line_1_30' title="bbox 788 2818 2357 2890; baseline 0.006 -22"><span class='ocrx_word' id='word_1_209' title='bbox 788 2818 1036 2871; x_wconf 81' lang='lat' dir='ltr'><strong>stimulos</strong></span> <span class='ocrx_word' id='word_1_210' title='bbox 1067 2826 1118 2871; x_wconf 90' lang='lat' dir='ltr'><strong>et</strong></span> <span class='ocrx_word' id='word_1_211' title='bbox 1165 2821 1318 2874; x_wconf 83' lang='lat' dir='ltr'><strong>valde</strong></span> <span class='ocrx_word' id='word_1_212' title='bbox 1370 2832 1691 2890; x_wconf 89' lang='lat' dir='ltr'><strong>compuncta</strong></span> <span class='ocrx_word' id='word_1_213' title='bbox 1727 2825 2063 2877; x_wconf 90' lang='lat' dir='ltr'><strong>conscientia</strong></span> <span class='ocrx_word' id='word_1_214' title='bbox 2128 2824 2357 2878; x_wconf 90' lang='lat' dir='ltr'><strong>cruciari</strong></span> 
     </span>
    </p>
   </div>
   <div class='ocr_carea' id='block_1_31' title="bbox 788 2912 2354 2982">
    <p class='ocr_par' dir='ltr' id='par_1_31' title="bbox 788 2912 2354 2982">
     <span class='ocr_line' id='line_1_31' title="bbox 788 2912 2354 2982; baseline 0.005 -22"><span class='ocrx_word' id='word_1_215' title='bbox 788 2912 968 2966; x_wconf 90' lang='lat' dir='ltr'><strong>animo</strong></span> <span class='ocrx_word' id='word_1_216' title='bbox 998 2912 1164 2978; x_wconf 82' lang='lat' dir='ltr'><strong>coepit</strong></span> <span class='ocrx_word' id='word_1_217' title='bbox 1213 2921 1267 2964; x_wconf 89' lang='lat' dir='ltr'><strong>et</strong></span> <span class='ocrx_word' id='word_1_218' title='bbox 1307 2929 1488 2968; x_wconf 89' lang='lat' dir='ltr'><strong>amara</strong></span> <span class='ocrx_word' id='word_1_219' title='bbox 1546 2915 1668 2967; x_wconf 91' lang='lat' dir='ltr'><strong>duci</strong></span> <span class='ocrx_word' id='word_1_220' title='bbox 1721 2916 2038 2982; x_wconf 86' lang='lat' dir='ltr'><strong>poenitentia</strong></span> <span class='ocrx_word' id='word_1_221' title='bbox 2102 2915 2290 2970; x_wconf 89' lang='lat' dir='ltr'><strong>dicens</strong></span> <span class='ocrx_word' id='word_1_222' title='bbox 2341 2931 2354 2968; x_wconf 90' lang='lat'>:</span> 
     </span>
    </p>
   </div>
   <div class='ocr_carea' id='block_1_32' title="bbox 790 3001 2353 3074">
    <p class='ocr_par' dir='ltr' id='par_1_32' title="bbox 790 3001 2353 3074">
     <span class='ocr_line' id='line_1_32' title="bbox 790 3001 2353 3074; baseline 0.008 -23"><span class='ocrx_word' id='word_1_223' title='bbox 790 3001 863 3052; x_wconf 73' lang='lat' dir='ltr'><strong>Ex</strong></span> <span class='ocrx_word' id='word_1_224' title='bbox 917 3002 1056 3068; x_wconf 88' lang='lat' dir='ltr'><strong>quali</strong></span> <span class='ocrx_word' id='word_1_225' title='bbox 1095 3003 1301 3057; x_wconf 88' lang='lat' dir='ltr'><strong>honore</strong></span> <span class='ocrx_word' id='word_1_226' title='bbox 1325 3004 1389 3057; x_wconf 90' lang='lat' dir='ltr'><strong>ad</strong></span> <span class='ocrx_word' id='word_1_227' title='bbox 1426 3015 1681 3073; x_wconf 81' lang='lat' dir='ltr'><strong>quantam</strong></span> <span class='ocrx_word' id='word_1_228' title='bbox 1719 3007 1907 3059; x_wconf 87' lang='lat' dir='ltr'><strong>transii</strong></span> <span class='ocrx_word' id='word_1_229' title='bbox 1975 3006 2353 3074; x_wconf 83' lang='lat' dir='ltr'><strong>ignominiam!</strong></span> 
     </span>
    </p>
   </div>
   <div class='ocr_carea' id='block_1_33' title="bbox 794 3089 2360 3162">
    <p class='ocr_par' dir='ltr' id='par_1_33' title="bbox 794 3089 2360 3162">
     <span class='ocr_line' id='line_1_33' title="bbox 794 3089 2360 3162; baseline 0.007 -22"><span class='ocrx_word' id='word_1_230' title='bbox 794 3089 1153 3144; x_wconf 67' lang='lat' dir='ltr'><strong>«Putruerunt</strong></span> <span class='ocrx_word' id='word_1_231' title='bbox 1182 3101 1235 3146; x_wconf 90' lang='lat' dir='ltr'><strong>et</strong></span> <span class='ocrx_word' id='word_1_232' title='bbox 1267 3104 1531 3162; x_wconf 80' lang='lat' dir='ltr'><strong>corruptae</strong></span> <span class='ocrx_word' id='word_1_233' title='bbox 1563 3104 1688 3148; x_wconf 90' lang='lat' dir='ltr'><strong>sunt</strong></span> <span class='ocrx_word' id='word_1_234' title='bbox 1713 3097 1990 3150; x_wconf 90' lang='lat' dir='ltr'><strong>cicatrices</strong></span> <span class='ocrx_word' id='word_1_235' title='bbox 2009 3110 2138 3152; x_wconf 74' lang='lat' dir='ltr'><strong>mere</strong></span> <span class='ocrx_word' id='word_1_236' title='bbox 2167 3114 2196 3152; x_wconf 88' lang='lat' dir='ltr'><strong>a</strong></span> <span class='ocrx_word' id='word_1_237' title='bbox 2225 3098 2360 3152; x_wconf 89' lang='lat' dir='ltr'><strong>facie</strong></span> 
     </span>
    </p>
   </div>
   <div class='ocr_carea' id='block_1_34' title="bbox 2455 595 4048 669">
    <p class='ocr_par' dir='ltr' id='par_1_34' title="bbox 2455 595 4048 669">
     <span class='ocr_line' id='line_1_34' title="bbox 2455 595 4048 669; baseline -0.003 -19"><span class='ocrx_word' id='word_1_238' title='bbox 2455 598 2546 650; x_wconf 72' lang='grc' dir='ltr'><strong>τὸν</strong></span> <span class='ocrx_word' id='word_1_239' title='bbox 2606 597 2809 667; x_wconf 83' lang='grc' dir='ltr'><strong>ταύτης</strong></span> <span class='ocrx_word' id='word_1_240' title='bbox 2857 596 2944 651; x_wconf 82' lang='grc' dir='ltr'><strong>διὰ</strong></span> <span class='ocrx_word' id='word_1_241' title='bbox 3000 597 3100 669; x_wconf 78' lang='grc' dir='ltr'>τὴν</span> <span class='ocrx_word' id='word_1_242' title='bbox 3150 595 3493 650; x_wconf 73' lang='grc' dir='ltr'>ἐπανθοῦσαν</span> <span class='ocrx_word' id='word_1_243' title='bbox 3561 595 3712 665; x_wconf 82' lang='grc' dir='ltr'>ὥραν</span> <span class='ocrx_word' id='word_1_244' title='bbox 3768 595 4048 659; x_wconf 77' lang='grc' dir='ltr'><strong>ἐκίνησεν</strong></span> 
     </span>
    </p>
   </div>
   <div class='ocr_carea' id='block_1_35' title="bbox 2456 684 4045 760">
    <p class='ocr_par' dir='ltr' id='par_1_35' title="bbox 2456 684 4045 760">
     <span class='ocr_line' id='line_1_35' title="bbox 2456 684 4045 760; baseline -0.002 -20"><span class='ocrx_word' id='word_1_245' title='bbox 2456 689 2658 758; x_wconf 78' lang='grc' dir='ltr'>ἔρωτα.</span> <span class='ocrx_word' id='word_1_246' title='bbox 2698 690 2944 760; x_wconf 87' lang='grc' dir='ltr'>Ἐκείνης</span> <span class='ocrx_word' id='word_1_247' title='bbox 2996 690 3052 743; x_wconf 79' lang='grc' dir='ltr'>δὲ</span> <span class='ocrx_word' id='word_1_248' title='bbox 3108 690 3184 760; x_wconf 81' lang='grc' dir='ltr'><strong>μὴ</strong></span> <span class='ocrx_word' id='word_1_249' title='bbox 3240 690 3438 760; x_wconf 80' lang='grc' dir='ltr'>νεῦμα,</span> <span class='ocrx_word' id='word_1_250' title='bbox 3496 689 3569 759; x_wconf 80' lang='grc' dir='ltr'>μὴ</span> <span class='ocrx_word' id='word_1_251' title='bbox 3599 688 3808 758; x_wconf 84' lang='grc' dir='ltr'>σχῆμα,</span> <span class='ocrx_word' id='word_1_252' title='bbox 3861 684 4045 756; x_wconf 78' lang='grc' dir='ltr'>μηδὲν</span> 
     </span>
    </p>
   </div>
   <div class='ocr_carea' id='block_1_36' title="bbox 2454 780 4044 851">
    <p class='ocr_par' dir='ltr' id='par_1_36' title="bbox 2454 780 4044 851">
     <span class='ocr_line' id='line_1_36' title="bbox 2454 780 4044 851; baseline -0.004 -15"><span class='ocrx_word' id='word_1_253' title='bbox 2454 783 2589 844; x_wconf 79' lang='grc' dir='ltr'>ὅλως</span> <span class='ocrx_word' id='word_1_254' title='bbox 2618 782 2726 834; x_wconf 85' lang='grc' dir='ltr'><strong>τῶν</strong></span> <span class='ocrx_word' id='word_1_255' title='bbox 2768 783 3028 836; x_wconf 82' lang='grc' dir='ltr'><strong>τοιούτων</strong></span> <span class='ocrx_word' id='word_1_256' title='bbox 3082 781 3444 851; x_wconf 84' lang='grc' dir='ltr'>ἀνεχομένης,</span> <span class='ocrx_word' id='word_1_257' title='bbox 3487 780 3632 842; x_wconf 96' lang='grc' dir='ltr'>λίθος</span> <span class='ocrx_word' id='word_1_258' title='bbox 3676 780 3829 846; x_wconf 78' lang='grc' dir='ltr'>αὐτῷ</span> <span class='ocrx_word' id='word_1_259' title='bbox 3881 780 4044 837; x_wconf 67' lang='grc' dir='ltr'>ἄπας</span> 
     </span>
    </p>
   </div>
   <div class='ocr_carea' id='block_1_37' title="bbox 2456 868 4041 943">
    <p class='ocr_par' dir='ltr' id='par_1_37' title="bbox 2456 868 4041 943">
     <span class='ocr_line' id='line_1_37' title="bbox 2456 868 4041 943; baseline -0.003 -18"><span class='ocrx_word' id='word_1_260' title='bbox 2456 875 2691 926; x_wconf 75' lang='grc' dir='ltr'>ἐκινεῖτο</span> <span class='ocrx_word' id='word_1_261' title='bbox 2719 874 2818 926; x_wconf 86' lang='grc' dir='ltr'>τοῦ</span> <span class='ocrx_word' id='word_1_262' title='bbox 2850 874 3070 936; x_wconf 88' lang='grc' dir='ltr'>πάντως</span> <span class='ocrx_word' id='word_1_263' title='bbox 3110 877 3192 936; x_wconf 82' lang='grc' dir='ltr'><strong>είς</strong></span> <span class='ocrx_word' id='word_1_264' title='bbox 3236 873 3398 943; x_wconf 78' lang='grc' dir='ltr'>ἔργον</span> <span class='ocrx_word' id='word_1_265' title='bbox 3429 873 3656 939; x_wconf 79' lang='grc' dir='ltr'><strong>ἀγαγεῖν</strong></span> <span class='ocrx_word' id='word_1_266' title='bbox 3691 871 3753 922; x_wconf 85' lang='grc' dir='ltr'>τὸ</span> <span class='ocrx_word' id='word_1_267' title='bbox 3788 868 4041 922; x_wconf 71' lang='grc' dir='ltr'>ὑποθούο</span> 
     </span>
    </p>
   </div>
   <div class='ocr_carea' id='block_1_38' title="bbox 2459 960 4038 1034">
    <p class='ocr_par' dir='ltr' id='par_1_38' title="bbox 2459 960 4038 1034">
     <span class='ocr_line' id='line_1_38' title="bbox 2459 960 4038 1034; baseline -0.004 -18"><span class='ocrx_word' id='word_1_268' title='bbox 2459 983 2659 1034; x_wconf 68' lang='grc' dir='ltr'>μενον*</span> <span class='ocrx_word' id='word_1_269' title='bbox 2693 967 2768 1029; x_wconf 83' lang='grc' dir='ltr'><strong>ὡς</strong></span> <span class='ocrx_word' id='word_1_270' title='bbox 2827 967 2921 1019; x_wconf 66' lang='grc' dir='ltr'><strong>καὶ</strong></span> <span class='ocrx_word' id='word_1_271' title='bbox 2977 967 3077 1028; x_wconf 84' lang='grc' dir='ltr'>τὰς</span> <span class='ocrx_word' id='word_1_272' title='bbox 3139 965 3393 1034; x_wconf 81' lang='grc' dir='ltr'><strong>συνήθεις</strong></span> <span class='ocrx_word' id='word_1_273' title='bbox 3448 964 3610 1032; x_wconf 79' lang='grc' dir='ltr'>αὐτῇ,</span> <span class='ocrx_word' id='word_1_274' title='bbox 3668 960 3912 1021; x_wconf 79' lang='grc' dir='ltr'>καὶτὰς</span> <span class='ocrx_word' id='word_1_275' title='bbox 3970 961 4038 1011; x_wconf 79' lang='grc' dir='ltr'>ὲκ</span> 
     </span>
    </p>
   </div>
   <div class='ocr_carea' id='block_1_39' title="bbox 2458 1048 4040 1126">
    <p class='ocr_par' dir='ltr' id='par_1_39' title="bbox 2458 1048 4040 1126">
     <span class='ocr_line' id='line_1_39' title="bbox 2458 1048 4040 1126; baseline -0.007 -17"><span class='ocrx_word' id='word_1_276' title='bbox 2458 1058 2718 1124; x_wconf 82' lang='grc' dir='ltr'>γειτόνων</span> <span class='ocrx_word' id='word_1_277' title='bbox 2799 1057 2938 1126; x_wconf 72' lang='grc' dir='ltr'>πρὸς</span> <span class='ocrx_word' id='word_1_278' title='bbox 2999 1056 3155 1109; x_wconf 81' lang='grc' dir='ltr'>τοῦτο</span> <span class='ocrx_word' id='word_1_279' title='bbox 3234 1053 3702 1123; x_wconf 83' lang='grc' dir='ltr'>διακοσμουμένας</span> <span class='ocrx_word' id='word_1_280' title='bbox 3782 1048 4040 1117; x_wconf 86' lang='grc' dir='ltr'>συνεχῶς</span> 
     </span>
    </p>
   </div>
   <div class='ocr_carea' id='block_1_40' title="bbox 2454 1147 4036 1222">
    <p class='ocr_par' dir='ltr' id='par_1_40' title="bbox 2454 1147 4036 1222">
     <span class='ocr_line' id='line_1_40' title="bbox 2454 1147 4036 1222; baseline -0.006 -16"><span class='ocrx_word' id='word_1_281' title='bbox 2454 1152 2862 1219; x_wconf 83' lang='grc' dir='ltr'>διαπέμπεσθαι</span> <span class='ocrx_word' id='word_1_282' title='bbox 2891 1154 2998 1205; x_wconf 80' lang='grc' dir='ltr'><strong>πᾶν</strong></span> <span class='ocrx_word' id='word_1_283' title='bbox 3027 1154 3164 1222; x_wconf 85' lang='grc' dir='ltr'>ὅπερ</span> <span class='ocrx_word' id='word_1_284' title='bbox 3191 1152 3380 1218; x_wconf 74' lang='grc' dir='ltr'>ἐφετὸν</span> <span class='ocrx_word' id='word_1_285' title='bbox 3401 1151 3494 1202; x_wconf 82' lang='grc' dir='ltr'>καὶ</span> <span class='ocrx_word' id='word_1_286' title='bbox 3515 1152 3694 1202; x_wconf 84' lang='grc' dir='ltr'>σαῖνον</span> <span class='ocrx_word' id='word_1_287' title='bbox 3724 1147 4036 1215; x_wconf 73' lang='grc' dir='ltr'><strong>ἐπιθυμίαν</strong></span> 
     </span>
    </p>
   </div>
   <div class='ocr_carea' id='block_1_41' title="bbox 2454 1240 4039 1315">
    <p class='ocr_par' dir='ltr' id='par_1_41' title="bbox 2454 1240 4039 1315">
     <span class='ocr_line' id='line_1_41' title="bbox 2454 1240 4039 1315; baseline -0.004 -19"><span class='ocrx_word' id='word_1_288' title='bbox 2454 1245 2646 1297; x_wconf 75' lang='grc' dir='ltr'>δώσειν</span> <span class='ocrx_word' id='word_1_289' title='bbox 2679 1245 3172 1315; x_wconf 84' lang='grc' dir='ltr'>ἐπαγγελλόμενος.</span> <span class='ocrx_word' id='word_1_290' title='bbox 3214 1245 3279 1297; x_wconf 86' lang='grc' dir='ltr'><em>Ἢ</em></span> <span class='ocrx_word' id='word_1_291' title='bbox 3310 1243 3366 1296; x_wconf 86' lang='grc' dir='ltr'>δὲ</span> <span class='ocrx_word' id='word_1_292' title='bbox 3400 1245 3519 1304; x_wconf 86' lang='grc' dir='ltr'>τοῖς</span> <span class='ocrx_word' id='word_1_293' title='bbox 3565 1243 3779 1311; x_wconf 79' lang='grc' dir='ltr'>ῥήμασι</span> <span class='ocrx_word' id='word_1_294' title='bbox 3813 1240 4039 1298; x_wconf 77' lang='grc' dir='ltr'><strong>τούτοις</strong></span> 
     </span>
    </p>
   </div>
   <div class='ocr_carea' id='block_1_42' title="bbox 2458 1328 4040 1402">
    <p class='ocr_par' dir='ltr' id='par_1_42' title="bbox 2458 1328 4040 1402">
     <span class='ocr_line' id='line_1_42' title="bbox 2458 1328 4040 1402; baseline -0.006 -16"><span class='ocrx_word' id='word_1_295' title='bbox 2458 1335 2554 1386; x_wconf 75' lang='lat' dir='ltr'><strong>xui.</strong></span> <span class='ocrx_word' id='word_1_296' title='bbox 2607 1333 2979 1400; x_wconf 83' lang='grc' dir='ltr'>ύποκνίσμασι</span> <span class='ocrx_word' id='word_1_297' title='bbox 3034 1333 3133 1402; x_wconf 82' lang='grc' dir='ltr'>τὴν</span> <span class='ocrx_word' id='word_1_298' title='bbox 3192 1331 3294 1400; x_wconf 82' lang='grc' dir='ltr'>τῆς</span> <span class='ocrx_word' id='word_1_299' title='bbox 3368 1332 3603 1400; x_wconf 86' lang='grc' dir='ltr'>κρίσεως</span> <span class='ocrx_word' id='word_1_300' title='bbox 3655 1328 3883 1398; x_wconf 80' lang='grc' dir='ltr'><strong>ἡμέραν</strong></span> <span class='ocrx_word' id='word_1_301' title='bbox 3936 1328 4040 1377; x_wconf 73' lang='grc' dir='ltr'>καὶ</span> 
     </span>
    </p>
   </div>
   <div class='ocr_carea' id='block_1_43' title="bbox 2455 1418 4034 1493">
    <p class='ocr_par' dir='ltr' id='par_1_43' title="bbox 2455 1418 4034 1493">
     <span class='ocr_line' id='line_1_43' title="bbox 2455 1418 4034 1493; baseline -0.006 -15"><span class='ocrx_word' id='word_1_302' title='bbox 2455 1428 2546 1478; x_wconf 80' lang='grc' dir='ltr'>τὸν</span> <span class='ocrx_word' id='word_1_303' title='bbox 2580 1425 2680 1492; x_wconf 75' lang='grc' dir='ltr'>τῆς</span> <span class='ocrx_word' id='word_1_304' title='bbox 2727 1426 2950 1493; x_wconf 77' lang='grc' dir='ltr'>γεέννης</span> <span class='ocrx_word' id='word_1_305' title='bbox 3011 1424 3281 1477; x_wconf 85' lang='grc' dir='ltr'>ἀντετίθει</span> <span class='ocrx_word' id='word_1_306' title='bbox 3329 1424 3535 1492; x_wconf 77' lang='grc' dir='ltr'>φόϐονο</span> <span class='ocrx_word' id='word_1_307' title='bbox 3584 1422 3723 1475; x_wconf 85' lang='grc' dir='ltr'><strong>ἀλλά</strong></span> <span class='ocrx_word' id='word_1_308' title='bbox 3765 1420 3870 1489; x_wconf 80' lang='grc' dir='ltr'>μὲν</span> <span class='ocrx_word' id='word_1_309' title='bbox 3913 1418 4034 1478; x_wconf 75' lang='grc' dir='ltr'>καὶ,</span> 
     </span>
    </p>
   </div>
   <div class='ocr_carea' id='block_1_44' title="bbox 2457 1512 4034 1587">
    <p class='ocr_par' dir='ltr' id='par_1_44' title="bbox 2457 1512 4034 1587">
     <span class='ocr_line' id='line_1_44' title="bbox 2457 1512 4034 1587; baseline -0.006 -18"><span class='ocrx_word' id='word_1_310' title='bbox 2457 1518 2560 1569; x_wconf 87' lang='grc' dir='ltr'>Τὸν</span> <span class='ocrx_word' id='word_1_311' title='bbox 2589 1517 2741 1586; x_wconf 69' lang='grc' dir='ltr'>ἥλιον</span> <span class='ocrx_word' id='word_1_312' title='bbox 2777 1516 3123 1586; x_wconf 79' lang='grc' dir='ltr'>αἰσχύνομαι,</span> <span class='ocrx_word' id='word_1_313' title='bbox 3160 1517 3315 1584; x_wconf 70' lang='grc' dir='ltr'>φησὶ,</span> <span class='ocrx_word' id='word_1_314' title='bbox 3351 1517 3602 1587; x_wconf 88' lang='grc' dir='ltr'>μάρτυρα</span> <span class='ocrx_word' id='word_1_315' title='bbox 3648 1513 3744 1565; x_wconf 75' lang='grc' dir='ltr'>τοῦ</span> <span class='ocrx_word' id='word_1_316' title='bbox 3777 1512 4034 1563; x_wconf 68' lang='grc' dir='ltr'>τοιούτου</span> 
     </span>
    </p>
   </div>
   <div class='ocr_carea' id='block_1_45' title="bbox 2461 1607 4035 1685">
    <p class='ocr_par' dir='ltr' id='par_1_45' title="bbox 2461 1607 4035 1685">
     <span class='ocr_line' id='line_1_45' title="bbox 2461 1607 4035 1685; baseline -0.006 -18"><span class='ocrx_word' id='word_1_317' title='bbox 2461 1615 2881 1685; x_wconf 84' lang='grc' dir='ltr'>μιάσματος.....</span> <span class='ocrx_word' id='word_1_318' title='bbox 2909 1613 3220 1683; x_wconf 81' lang='grc' dir='ltr'><strong>δραξαμένη</strong></span> <span class='ocrx_word' id='word_1_319' title='bbox 3263 1614 3513 1682; x_wconf 81' lang='grc' dir='ltr'><strong>ῥήματος</strong></span> <span class='ocrx_word' id='word_1_320' title='bbox 3546 1612 3653 1663; x_wconf 89' lang='grc' dir='ltr'><strong>τῶν</strong></span> <span class='ocrx_word' id='word_1_321' title='bbox 3679 1607 4035 1680; x_wconf 75' lang='grc' dir='ltr'>προαγωγῶν</span> 
     </span>
    </p>
   </div>
   <div class='ocr_carea' id='block_1_46' title="bbox 2462 1701 4035 1776">
    <p class='ocr_par' dir='ltr' id='par_1_46' title="bbox 2462 1701 4035 1776">
     <span class='ocr_line' id='line_1_46' title="bbox 2462 1701 4035 1776; baseline -0.006 -17"><span class='ocrx_word' id='word_1_322' title='bbox 2462 1709 2561 1776; x_wconf 88' lang='grc' dir='ltr'><strong>μία</strong></span> <span class='ocrx_word' id='word_1_323' title='bbox 2599 1707 2922 1776; x_wconf 72' lang='grc' dir='ltr'><strong>προσθήκην</strong></span> <span class='ocrx_word' id='word_1_324' title='bbox 2962 1705 3058 1759; x_wconf 80' lang='grc' dir='ltr'>τοῦ</span> <span class='ocrx_word' id='word_1_325' title='bbox 3100 1705 3270 1760; x_wconf 83' lang='grc' dir='ltr'>κακοῦ</span> <span class='ocrx_word' id='word_1_326' title='bbox 3323 1705 3416 1757; x_wconf 72' lang='grc' dir='ltr'>καὶ</span> <span class='ocrx_word' id='word_1_327' title='bbox 3457 1704 3556 1771; x_wconf 80' lang='grc' dir='ltr'>τὴν</span> <span class='ocrx_word' id='word_1_328' title='bbox 3605 1704 3782 1770; x_wconf 82' lang='grc' dir='ltr'>μάγον</span> <span class='ocrx_word' id='word_1_329' title='bbox 3830 1701 4035 1768; x_wconf 72' lang='grc' dir='ltr'>ἔχουσα</span> 
     </span>
    </p>
   </div>
   <div class='ocr_carea' id='block_1_47' title="bbox 2392 1792 4037 1890">
    <p class='ocr_par' dir='ltr' id='par_1_47' title="bbox 2392 1792 4037 1890">
     <span class='ocr_line' id='line_1_47' title="bbox 2392 1792 4037 1890; baseline -0.006 -40"><span class='ocrx_word' id='word_1_330' title='bbox 2392 1837 2430 1890; x_wconf 75' lang='grc' dir='ltr'>Β</span> <span class='ocrx_word' id='word_1_331' title='bbox 2460 1799 2678 1868; x_wconf 84' lang='grc' dir='ltr'>τέχνην,</span> <span class='ocrx_word' id='word_1_332' title='bbox 2750 1797 2995 1860; x_wconf 83' lang='grc' dir='ltr'>πιθανῶς</span> <span class='ocrx_word' id='word_1_333' title='bbox 3051 1797 3215 1869; x_wconf 78' lang='grc' dir='ltr'>δῆθεν</span> <span class='ocrx_word' id='word_1_334' title='bbox 3266 1799 3403 1867; x_wconf 83' lang='grc' dir='ltr'>αὐτῇ</span> <span class='ocrx_word' id='word_1_335' title='bbox 3457 1797 3775 1865; x_wconf 86' lang='grc' dir='ltr'>προέτεινεν</span> <span class='ocrx_word' id='word_1_336' title='bbox 3818 1813 3834 1828; x_wconf 79' lang='grc' dir='ltr'><strong>ο</strong></span> <span class='ocrx_word' id='word_1_337' title='bbox 3868 1792 4037 1844; x_wconf 71' lang='grc' dir='ltr'>Ἀλλὰ</span> 
     </span>
    </p>
   </div>
   <div class='ocr_carea' id='block_1_48' title="bbox 2465 1886 4036 1963">
    <p class='ocr_par' dir='ltr' id='par_1_48' title="bbox 2465 1886 4036 1963">
     <span class='ocr_line' id='line_1_48' title="bbox 2465 1886 4036 1963; baseline -0.006 -18"><span class='ocrx_word' id='word_1_338' title='bbox 2465 1895 2603 1962; x_wconf 83' lang='grc' dir='ltr'><strong>μετά</strong></span> <span class='ocrx_word' id='word_1_339' title='bbox 2627 1893 2833 1961; x_wconf 78' lang='grc' dir='ltr'>δυσμὰς</span> <span class='ocrx_word' id='word_1_340' title='bbox 2864 1891 3036 1963; x_wconf 70' lang='grc' dir='ltr'>ἡλίου,</span> <span class='ocrx_word' id='word_1_341' title='bbox 3065 1892 3312 1958; x_wconf 75' lang='grc' dir='ltr'><strong>λέγουσα,</strong></span> <span class='ocrx_word' id='word_1_342' title='bbox 3338 1893 3455 1944; x_wconf 80' lang='grc' dir='ltr'>τόδε</span> <span class='ocrx_word' id='word_1_343' title='bbox 3484 1907 3565 1942; x_wconf 89' lang='grc' dir='ltr'><strong>σοι</strong></span> <span class='ocrx_word' id='word_1_344' title='bbox 3587 1887 3916 1958; x_wconf 81' lang='grc' dir='ltr'>πραχθήτω,</span> <span class='ocrx_word' id='word_1_345' title='bbox 3941 1886 4036 1936; x_wconf 79' lang='grc' dir='ltr'>καὶ</span> 
     </span>
    </p>
   </div>
   <div class='ocr_carea' id='block_1_49' title="bbox 2461 1981 4035 2052">
    <p class='ocr_par' dir='ltr' id='par_1_49' title="bbox 2461 1981 4035 2052">
     <span class='ocr_line' id='line_1_49' title="bbox 2461 1981 4035 2052; baseline -0.005 -16"><span class='ocrx_word' id='word_1_346' title='bbox 2461 1983 2584 2036; x_wconf 71' lang='grc' dir='ltr'>οὔτε</span> <span class='ocrx_word' id='word_1_347' title='bbox 2626 1985 2750 2037; x_wconf 77' lang='grc' dir='ltr'>τινὰ</span> <span class='ocrx_word' id='word_1_348' title='bbox 2785 1984 2878 2037; x_wconf 72' lang='grc' dir='ltr'><strong>τὸν</strong></span> <span class='ocrx_word' id='word_1_349' title='bbox 2923 1986 3366 2052; x_wconf 82' lang='grc' dir='ltr'>συγγινώσκοντα</span> <span class='ocrx_word' id='word_1_350' title='bbox 3391 1984 3554 2046; x_wconf 75' lang='grc' dir='ltr'>ἕξεις,</span> <span class='ocrx_word' id='word_1_351' title='bbox 3587 1982 3712 2034; x_wconf 74' lang='grc' dir='ltr'>οὔτε</span> <span class='ocrx_word' id='word_1_352' title='bbox 3749 1981 3862 2049; x_wconf 76' lang='grc' dir='ltr'>μὴν</span> <span class='ocrx_word' id='word_1_353' title='bbox 3897 1981 4035 2047; x_wconf 62' lang='grc' dir='ltr'>πρὶς</span> 
     </span>
    </p>
   </div>
   <div class='ocr_carea' id='block_1_50' title="bbox 2457 2075 4036 2148">
    <p class='ocr_par' dir='ltr' id='par_1_50' title="bbox 2457 2075 4036 2148">
     <span class='ocr_line' id='line_1_50' title="bbox 2457 2075 4036 2148; baseline -0.004 -18"><span class='ocrx_word' id='word_1_354' title='bbox 2457 2077 2590 2130; x_wconf 82' lang='grc' dir='ltr'>Θεὸν</span> <span class='ocrx_word' id='word_1_355' title='bbox 2645 2077 2675 2148; x_wconf 85' lang='grc' dir='ltr'><strong>ῆ</strong></span> <span class='ocrx_word' id='word_1_356' title='bbox 2735 2078 2869 2145; x_wconf 76' lang='grc' dir='ltr'>πρὸς</span> <span class='ocrx_word' id='word_1_357' title='bbox 2924 2077 3267 2148; x_wconf 81' lang='grc' dir='ltr'>ἀνθρώπους,</span> <span class='ocrx_word' id='word_1_358' title='bbox 3333 2079 3585 2147; x_wconf 82' lang='grc' dir='ltr'>μάρτυρα</span> <span class='ocrx_word' id='word_1_359' title='bbox 3641 2075 3701 2128; x_wconf 83' lang='grc' dir='ltr'>τὸ</span> <span class='ocrx_word' id='word_1_360' title='bbox 3763 2075 4036 2143; x_wconf 82' lang='grc' dir='ltr'>παράπαν</span> 
     </span>
    </p>
   </div>
   <div class='ocr_carea' id='block_1_51' title="bbox 2459 2167 4038 2241">
    <p class='ocr_par' dir='ltr' id='par_1_51' title="bbox 2459 2167 4038 2241">
     <span class='ocr_line' id='line_1_51' title="bbox 2459 2167 4038 2241; baseline -0.004 -19"><span class='ocrx_word' id='word_1_361' title='bbox 2459 2171 2741 2240; x_wconf 80' lang='grc' dir='ltr'>ἐσόμενον,</span> <span class='ocrx_word' id='word_1_362' title='bbox 2781 2172 2968 2224; x_wconf 83' lang='grc' dir='ltr'>Ταῦτα</span> <span class='ocrx_word' id='word_1_363' title='bbox 3005 2173 3207 2241; x_wconf 73' lang='grc' dir='ltr'>ἢκουσέ</span> <span class='ocrx_word' id='word_1_364' title='bbox 3244 2189 3303 2224; x_wconf 88' lang='grc' dir='ltr'><strong>τε</strong></span> <span class='ocrx_word' id='word_1_365' title='bbox 3329 2213 3340 2234; x_wconf 91' lang='grc'><strong>,</strong></span> <span class='ocrx_word' id='word_1_366' title='bbox 3390 2171 3484 2221; x_wconf 81' lang='grc' dir='ltr'>καὶ</span> <span class='ocrx_word' id='word_1_367' title='bbox 3533 2169 3632 2236; x_wconf 84' lang='grc' dir='ltr'>τὴν</span> <span class='ocrx_word' id='word_1_368' title='bbox 3665 2169 3902 2235; x_wconf 77' lang='grc' dir='ltr'>καρδίαν</span> <span class='ocrx_word' id='word_1_369' title='bbox 3948 2167 4038 2218; x_wconf 71' lang='grc' dir='ltr'><strong>εὖ·</strong></span> 
     </span>
    </p>
   </div>
   <div class='ocr_carea' id='block_1_52' title="bbox 2460 2254 4037 2327">
    <p class='ocr_par' dir='ltr' id='par_1_52' title="bbox 2460 2254 4037 2327">
     <span class='ocr_line' id='line_1_52' title="bbox 2460 2254 4037 2327; baseline -0.003 -16"><span class='ocrx_word' id='word_1_370' title='bbox 2460 2258 2556 2322; x_wconf 77' lang='grc' dir='ltr'>θὺς</span> <span class='ocrx_word' id='word_1_371' title='bbox 2593 2260 2967 2312; x_wconf 80' lang='grc' dir='ltr'>ύποὸλέπεται</span> <span class='ocrx_word' id='word_1_372' title='bbox 2994 2277 3007 2290; x_wconf 89' lang='grc'><strong>·</strong></span> <span class='ocrx_word' id='word_1_373' title='bbox 3043 2261 3181 2325; x_wconf 77' lang='grc' dir='ltr'>γυνὴ</span> <span class='ocrx_word' id='word_1_374' title='bbox 3219 2261 3328 2327; x_wconf 86' lang='grc' dir='ltr'><strong>γὰρ</strong></span> <span class='ocrx_word' id='word_1_375' title='bbox 3363 2254 3430 2327; x_wconf 81' lang='grc' dir='ltr'>ἦν</span> <span class='ocrx_word' id='word_1_376' title='bbox 3476 2257 3638 2324; x_wconf 82' lang='grc' dir='ltr'>φύσις</span> <span class='ocrx_word' id='word_1_377' title='bbox 3682 2256 4037 2324; x_wconf 74' lang='grc' dir='ltr'>εὐεξαπάτη-</span> 
     </span>
    </p>
   </div>
   <div class='ocr_carea' id='block_1_53' title="bbox 2459 2348 4040 2418">
    <p class='ocr_par' dir='ltr' id='par_1_53' title="bbox 2459 2348 4040 2418">
     <span class='ocr_line' id='line_1_53' title="bbox 2459 2348 4040 2418; baseline -0.001 -16"><span class='ocrx_word' id='word_1_378' title='bbox 2459 2367 2550 2413; x_wconf 90' lang='grc' dir='ltr'><strong>τος</strong></span> <span class='ocrx_word' id='word_1_379' title='bbox 2597 2353 2691 2403; x_wconf 78' lang='grc' dir='ltr'>καὶ</span> <span class='ocrx_word' id='word_1_380' title='bbox 2739 2351 3035 2418; x_wconf 81' lang='grc' dir='ltr'>ἁλώσιμος,</span> <span class='ocrx_word' id='word_1_381' title='bbox 3095 2350 3189 2403; x_wconf 76' lang='grc' dir='ltr'>καὶ</span> <span class='ocrx_word' id='word_1_382' title='bbox 3244 2349 3481 2417; x_wconf 80' lang='grc' dir='ltr'>μάλιστα</span> <span class='ocrx_word' id='word_1_383' title='bbox 3521 2351 3603 2400; x_wconf 73' lang='grc' dir='ltr'><strong>ὅτι</strong></span> <span class='ocrx_word' id='word_1_384' title='bbox 3657 2348 3755 2399; x_wconf 77' lang='grc' dir='ltr'>καὶ</span> <span class='ocrx_word' id='word_1_385' title='bbox 3804 2349 3942 2400; x_wconf 72' lang='grc' dir='ltr'>Θεὸν</span> <span class='ocrx_word' id='word_1_386' title='bbox 3976 2348 4040 2400; x_wconf 80' lang='grc' dir='ltr'>τὸ</span> 
     </span>
    </p>
   </div>
   <div class='ocr_carea' id='block_1_54' title="bbox 2460 2440 4041 2510">
    <p class='ocr_par' dir='ltr' id='par_1_54' title="bbox 2460 2440 4041 2510">
     <span class='ocr_line' id='line_1_54' title="bbox 2460 2440 4041 2510; baseline -0.004 -16"><span class='ocrx_word' id='word_1_387' title='bbox 2460 2441 2707 2510; x_wconf 83' lang='grc' dir='ltr'>πραχθὲν</span> <span class='ocrx_word' id='word_1_388' title='bbox 2732 2441 2886 2493; x_wconf 84' lang='grc' dir='ltr'>λάθοι</span> <span class='ocrx_word' id='word_1_389' title='bbox 2919 2440 3152 2510; x_wconf 85' lang='grc' dir='ltr'>δολερῶς</span> <span class='ocrx_word' id='word_1_390' title='bbox 3185 2442 3385 2510; x_wconf 69' lang='grc' dir='ltr'>ἤκουσε</span> <span class='ocrx_word' id='word_1_391' title='bbox 3421 2440 3515 2493; x_wconf 70' lang='grc' dir='ltr'>καὶ</span> <span class='ocrx_word' id='word_1_392' title='bbox 3559 2440 3857 2492; x_wconf 81' lang='grc' dir='ltr'>ἐπίστευσε</span> <span class='ocrx_word' id='word_1_393' title='bbox 3892 2454 3906 2468; x_wconf 85' lang='grc'><strong>·</strong></span> <span class='ocrx_word' id='word_1_394' title='bbox 3942 2440 4041 2490; x_wconf 71' lang='grc' dir='ltr'>καὶ</span> 
     </span>
    </p>
   </div>
   <div class='ocr_carea' id='block_1_55' title="bbox 2458 2529 3799 2604">
    <p class='ocr_par' dir='ltr' id='par_1_55' title="bbox 2458 2529 3799 2604">
     <span class='ocr_line' id='line_1_55' title="bbox 2458 2529 3799 2604; baseline -0.006 -18"><span class='ocrx_word' id='word_1_395' title='bbox 2458 2533 2634 2596; x_wconf 69' lang='grc' dir='ltr'>οὕτως</span> <span class='ocrx_word' id='word_1_396' title='bbox 2665 2534 2744 2597; x_wconf 91' lang='grc' dir='ltr'><strong>είς</strong></span> <span class='ocrx_word' id='word_1_397' title='bbox 2781 2533 2941 2603; x_wconf 82' lang='grc' dir='ltr'>ἔργον</span> <span class='ocrx_word' id='word_1_398' title='bbox 2977 2533 3136 2604; x_wconf 78' lang='grc' dir='ltr'>ἐξέϐη</span> <span class='ocrx_word' id='word_1_399' title='bbox 3169 2532 3227 2585; x_wconf 72' lang='grc' dir='ltr'>τὸ</span> <span class='ocrx_word' id='word_1_400' title='bbox 3261 2531 3495 2600; x_wconf 78' lang='grc' dir='ltr'>πονηρὸν</span> <span class='ocrx_word' id='word_1_401' title='bbox 3528 2529 3799 2600; x_wconf 85' lang='grc' dir='ltr'>βούλημα.</span> 
     </span>
    </p>
   </div>
   <div class='ocr_carea' id='block_1_56' title="bbox 2533 2616 4039 2694">
    <p class='ocr_par' dir='ltr' id='par_1_56' title="bbox 2533 2616 4039 2694">
     <span class='ocr_line' id='line_1_56' title="bbox 2533 2616 4039 2694; baseline -0.008 -16"><span class='ocrx_word' id='word_1_402' title='bbox 2533 2625 2607 2682; x_wconf 72' lang='grc' dir='ltr'><strong>Γ.</strong></span> <span class='ocrx_word' id='word_1_403' title='bbox 2671 2627 2826 2678; x_wconf 83' lang='grc' dir='ltr'>Ἐπεὶ</span> <span class='ocrx_word' id='word_1_404' title='bbox 2875 2628 2952 2690; x_wconf 86' lang='grc' dir='ltr'>δὲ,</span> <span class='ocrx_word' id='word_1_405' title='bbox 3010 2626 3150 2694; x_wconf 82' lang='grc' dir='ltr'><strong>μετά</strong></span> <span class='ocrx_word' id='word_1_406' title='bbox 3192 2625 3289 2694; x_wconf 82' lang='grc' dir='ltr'>τὴν</span> <span class='ocrx_word' id='word_1_407' title='bbox 3339 2623 3558 2690; x_wconf 80' lang='grc' dir='ltr'>πρᾶξιν,</span> <span class='ocrx_word' id='word_1_408' title='bbox 3611 2622 3760 2678; x_wconf 77' lang='grc' dir='ltr'>ὅπως</span> <span class='ocrx_word' id='word_1_409' title='bbox 3803 2616 4039 2685; x_wconf 50' lang='lat' dir='ltr'><strong>etiam)”</strong></span> 
     </span>
    </p>
   </div>
   <div class='ocr_carea' id='block_1_57' title="bbox 2461 2709 4043 2786">
    <p class='ocr_par' dir='ltr' id='par_1_57' title="bbox 2461 2709 4043 2786">
     <span class='ocr_line' id='line_1_57' title="bbox 2461 2709 4043 2786; baseline -0.006 -16"><span class='ocrx_word' id='word_1_410' title='bbox 2461 2716 2557 2770; x_wconf 67' lang='lat' dir='ltr'><strong>xui.</strong></span> <span class='ocrx_word' id='word_1_411' title='bbox 2587 2717 2827 2786; x_wconf 80' lang='grc' dir='ltr'>ἄσεμνον</span> <span class='ocrx_word' id='word_1_412' title='bbox 2854 2719 2886 2786; x_wconf 86' lang='grc' dir='ltr'><strong>ή</strong></span> <span class='ocrx_word' id='word_1_413' title='bbox 2913 2716 3161 2785; x_wconf 84' lang='grc' dir='ltr'>ἁμαρτία</span> <span class='ocrx_word' id='word_1_414' title='bbox 3200 2711 3552 2780; x_wconf 73' lang='grc' dir='ltr'>γνωρίζεται,</span> <span class='ocrx_word' id='word_1_415' title='bbox 3586 2709 3792 2778; x_wconf 78' lang='grc' dir='ltr'>πικρὰς</span> <span class='ocrx_word' id='word_1_416' title='bbox 3835 2709 4043 2775; x_wconf 73' lang='grc' dir='ltr'>ἔχουσα.</span> 
     </span>
    </p>
   </div>
   <div class='ocr_carea' id='block_1_58' title="bbox 2461 2804 4038 2880">
    <p class='ocr_par' dir='ltr' id='par_1_58' title="bbox 2461 2804 4038 2880">
     <span class='ocr_line' id='line_1_58' title="bbox 2461 2804 4038 2880; baseline -0.006 -17"><span class='ocrx_word' id='word_1_417' title='bbox 2461 2812 2558 2874; x_wconf 77' lang='grc' dir='ltr'>τὰς</span> <span class='ocrx_word' id='word_1_418' title='bbox 2581 2811 2774 2872; x_wconf 79' lang='grc' dir='ltr'>ἀκίδας</span> <span class='ocrx_word' id='word_1_419' title='bbox 2803 2810 2897 2862; x_wconf 75' lang='grc' dir='ltr'>καὶ</span> <span class='ocrx_word' id='word_1_420' title='bbox 2941 2807 3182 2880; x_wconf 77' lang='grc' dir='ltr'>ἰσχυρῶς</span> <span class='ocrx_word' id='word_1_421' title='bbox 3211 2806 3271 2859; x_wconf 87' lang='grc' dir='ltr'>τὸ</span> <span class='ocrx_word' id='word_1_422' title='bbox 3311 2806 3555 2868; x_wconf 86' lang='grc' dir='ltr'>συνειδὸς</span> <span class='ocrx_word' id='word_1_423' title='bbox 3597 2804 4038 2868; x_wconf 74' lang='grc' dir='ltr'>καταξαίνουσα,</span> 
     </span>
    </p>
   </div>
   <div class='ocr_carea' id='block_1_59' title="bbox 2462 2899 4039 2972">
    <p class='ocr_par' dir='ltr' id='par_1_59' title="bbox 2462 2899 4039 2972">
     <span class='ocr_line' id='line_1_59' title="bbox 2462 2899 4039 2972; baseline -0.006 -16"><span class='ocrx_word' id='word_1_424' title='bbox 2462 2904 2556 2956; x_wconf 76' lang='grc' dir='ltr'>καὶ</span> <span class='ocrx_word' id='word_1_425' title='bbox 2608 2902 2844 2972; x_wconf 85' lang='grc' dir='ltr'>μάλιστα</span> <span class='ocrx_word' id='word_1_426' title='bbox 2885 2901 2979 2954; x_wconf 82' lang='grc' dir='ltr'>τοῦ</span> <span class='ocrx_word' id='word_1_427' title='bbox 3026 2899 3335 2972; x_wconf 80' lang='grc' dir='ltr'>πράξαντος</span> <span class='ocrx_word' id='word_1_428' title='bbox 3383 2900 3578 2967; x_wconf 79' lang='grc' dir='ltr'>σεμνὸν</span> <span class='ocrx_word' id='word_1_429' title='bbox 3646 2899 3708 2950; x_wconf 79' lang='grc' dir='ltr'>τὸ</span> <span class='ocrx_word' id='word_1_430' title='bbox 3762 2899 4039 2966; x_wconf 68' lang='grc' dir='ltr'>πρότερον</span> 
     </span>
    </p>
   </div>
   <div class='ocr_carea' id='block_1_60' title="bbox 2467 2993 4040 3066">
    <p class='ocr_par' dir='ltr' id='par_1_60' title="bbox 2467 2993 4040 3066">
     <span class='ocr_line' id='line_1_60' title="bbox 2467 2993 4040 3066; baseline -0.004 -18"><span class='ocrx_word' id='word_1_431' title='bbox 2467 2996 2897 3066; x_wconf 67' lang='grc' dir='ltr'>μεωδιώκοντος</span> <span class='ocrx_word' id='word_1_432' title='bbox 2967 2994 3080 3064; x_wconf 83' lang='grc' dir='ltr'>βίον</span> <span class='ocrx_word' id='word_1_433' title='bbox 3145 2996 3238 3048; x_wconf 71' lang='grc' dir='ltr'>καὶ</span> <span class='ocrx_word' id='word_1_434' title='bbox 3303 2993 3590 3063; x_wconf 71' lang='grc' dir='ltr'>φιλοσοφία</span> <span class='ocrx_word' id='word_1_435' title='bbox 3661 2994 4040 3062; x_wconf 82' lang='grc' dir='ltr'>προσέχοντος</span> 
     </span>
    </p>
   </div>
   <div class='ocr_carea' id='block_1_61' title="bbox 2461 3081 4041 3155">
    <p class='ocr_par' dir='ltr' id='par_1_61' title="bbox 2461 3081 4041 3155">
     <span class='ocr_line' id='line_1_61' title="bbox 2461 3081 4041 3155; baseline -0.001 -19"><span class='ocrx_word' id='word_1_436' title='bbox 2461 3088 2697 3155; x_wconf 70' lang='grc' dir='ltr'>ἤρξαντο</span> <span class='ocrx_word' id='word_1_437' title='bbox 2752 3087 2848 3136; x_wconf 80' lang='grc' dir='ltr'>καὶ</span> <span class='ocrx_word' id='word_1_438' title='bbox 2901 3085 3038 3151; x_wconf 82' lang='grc' dir='ltr'>αὐτὴ</span> <span class='ocrx_word' id='word_1_439' title='bbox 3099 3084 3519 3153; x_wconf 83' lang='grc' dir='ltr'>σπαράττεσθαι</span> <span class='ocrx_word' id='word_1_440' title='bbox 3557 3083 3656 3153; x_wconf 76' lang='grc' dir='ltr'>τὴν</span> <span class='ocrx_word' id='word_1_441' title='bbox 3706 3084 3894 3152; x_wconf 73' lang='grc' dir='ltr'>ψυχὴν</span> <span class='ocrx_word' id='word_1_442' title='bbox 3944 3081 4041 3134; x_wconf 67' lang='grc' dir='ltr'>καὶ</span> 
     </span>
    </p>
   </div>
   <div class='ocr_carea' id='block_1_62' title="bbox 790 3160 2355 3253">
    <p class='ocr_par' dir='ltr' id='par_1_62' title="bbox 790 3182 2355 3250">
     <span class='ocr_line' id='line_1_62' title="bbox 790 3182 2355 3250; baseline 0.005 -16"><span class='ocrx_word' id='word_1_443' title='bbox 790 3182 1115 3250; x_wconf 68' lang='lat' dir='ltr'><strong>insipientiaa</strong></span> <span class='ocrx_word' id='word_1_444' title='bbox 1149 3201 1284 3239; x_wconf 69' lang='lat' dir='ltr'><strong>meae</strong></span> <span class='ocrx_word' id='word_1_445' title='bbox 1324 3189 1336 3216; x_wconf 86' lang='grc'>¹</span> <span class='ocrx_word' id='word_1_446' title='bbox 1365 3204 1377 3250; x_wconf 92' lang='grc'><strong>;</strong></span> <span class='ocrx_word' id='word_1_447' title='bbox 1413 3205 1428 3235; x_wconf 64' lang='grc' dir='ltr'>δ</span> <span class='ocrx_word' id='word_1_448' title='bbox 1461 3195 1515 3241; x_wconf 90' lang='lat' dir='ltr'><strong>et</strong></span> <span class='ocrx_word' id='word_1_449' title='bbox 1550 3207 1560 3239; x_wconf 93' lang='lat'><strong>:</strong></span> <span class='ocrx_word' id='word_1_450' title='bbox 1596 3207 1611 3237; x_wconf 74' lang='grc' dir='ltr'><strong>ι</strong></span> <span class='ocrx_word' id='word_1_451' title='bbox 1644 3189 1917 3245; x_wconf 84' lang='lat' dir='ltr'><strong>Conversa</strong></span> <span class='ocrx_word' id='word_1_452' title='bbox 1967 3208 2085 3245; x_wconf 92' lang='lat' dir='ltr'><strong>sum</strong></span> <span class='ocrx_word' id='word_1_453' title='bbox 2129 3192 2184 3242; x_wconf 93' lang='lat' dir='ltr'><strong>in</strong></span> <span class='ocrx_word' id='word_1_454' title='bbox 2218 3203 2355 3243; x_wconf 70' lang='lat' dir='ltr'><strong>ceru-</strong></span> 
     </span>
    </p>
   </div>
   <div class='ocr_carea' id='block_1_63' title="bbox 2455 3160 4039 3253">
    <p class='ocr_par' dir='ltr' id='par_1_63' title="bbox 2464 3170 4039 3253">
     <span class='ocr_line' id='line_1_63' title="bbox 2464 3170 4039 3253; baseline -0.001 -27"><span class='ocrx_word' id='word_1_455' title='bbox 2464 3177 2656 3253; x_wconf 73' lang='grc' dir='ltr'>πικρδν</span> <span class='ocrx_word' id='word_1_456' title='bbox 2700 3170 2811 3228; x_wconf 79' lang='grc' dir='ltr'>οἷον</span> <span class='ocrx_word' id='word_1_457' title='bbox 2857 3176 2946 3227; x_wconf 79' lang='grc' dir='ltr'>τὸν</span> <span class='ocrx_word' id='word_1_458' title='bbox 2981 3176 3284 3246; x_wconf 86' lang='grc' dir='ltr'>μετάμελον</span> <span class='ocrx_word' id='word_1_459' title='bbox 3330 3176 3582 3245; x_wconf 80' lang='grc' dir='ltr'>δέχεσθαι</span> <span class='ocrx_word' id='word_1_460' title='bbox 3609 3193 3623 3207; x_wconf 79' lang='grc' dir='ltr'><strong>ο</strong></span> <span class='ocrx_word' id='word_1_461' title='bbox 3676 3178 3775 3238; x_wconf 76' lang='lat' dir='ltr'><strong>Ei;</strong></span> <span class='ocrx_word' id='word_1_462' title='bbox 3818 3177 3942 3229; x_wconf 82' lang='grc' dir='ltr'>οἷαν</span> <span class='ocrx_word' id='word_1_463' title='bbox 3982 3176 4039 3238; x_wconf 73' lang='grc' dir='ltr'><strong>ἐξ</strong></span> 
     </span>
    </p>
   </div>
   <div class='ocr_carea' id='block_1_64' title="bbox 791 3278 2358 3351">
    <p class='ocr_par' dir='ltr' id='par_1_64' title="bbox 791 3278 2358 3351">
     <span class='ocr_line' id='line_1_64' title="bbox 791 3278 2358 3351; baseline 0.008 -26"><span class='ocrx_word' id='word_1_464' title='bbox 791 3291 992 3338; x_wconf 84' lang='lat' dir='ltr'><strong>mnam,</strong></span> <span class='ocrx_word' id='word_1_465' title='bbox 1038 3278 1164 3333; x_wconf 90' lang='lat' dir='ltr'><strong>dum</strong></span> <span class='ocrx_word' id='word_1_466' title='bbox 1213 3280 1377 3335; x_wconf 79' lang='lat' dir='ltr'><strong>infixa</strong></span> <span class='ocrx_word' id='word_1_467' title='bbox 1408 3290 1492 3334; x_wconf 83' lang='lat' dir='ltr'><strong>est</strong></span> <span class='ocrx_word' id='word_1_468' title='bbox 1526 3282 1655 3336; x_wconf 87' lang='lat' dir='ltr'><strong>mihi</strong></span> <span class='ocrx_word' id='word_1_469' title='bbox 1685 3284 1860 3351; x_wconf 87' lang='lat' dir='ltr'><strong>spina.</strong></span> <span class='ocrx_word' id='word_1_470' title='bbox 1904 3302 1922 3333; x_wconf 70' lang='grc' dir='ltr'><strong>ι</strong></span> <span class='ocrx_word' id='word_1_471' title='bbox 1962 3283 2084 3336; x_wconf 70' lang='lat' dir='ltr'><strong>Hmc</strong></span> <span class='ocrx_word' id='word_1_472' title='bbox 2145 3282 2358 3338; x_wconf 89' lang='lat' dir='ltr'><strong>dicebat</strong></span> 
     </span>
    </p>
   </div>
   <div class='ocr_carea' id='block_1_65' title="bbox 789 3369 2359 3455">
    <p class='ocr_par' dir='ltr' id='par_1_65' title="bbox 789 3369 2359 3455">
     <span class='ocr_line' id='line_1_65' title="bbox 789 3369 2359 3455; baseline 0.004 -35"><span class='ocrx_word' id='word_1_473' title='bbox 789 3378 842 3420; x_wconf 89' lang='lat' dir='ltr'><strong>et</strong></span> <span class='ocrx_word' id='word_1_474' title='bbox 872 3369 1226 3438; x_wconf 74' lang='lat' dir='ltr'><strong>lacrymarum</strong></span> <span class='ocrx_word' id='word_1_475' title='bbox 1274 3374 1558 3427; x_wconf 82' lang='lat' dir='ltr'><strong>emittebat</strong></span> <span class='ocrx_word' id='word_1_476' title='bbox 1613 3374 1792 3426; x_wconf 91' lang='lat' dir='ltr'><strong>fontes</strong></span> <span class='ocrx_word' id='word_1_477' title='bbox 1849 3373 2073 3455; x_wconf 70' lang='lat' dir='ltr'><strong>calidos,</strong></span> <span class='ocrx_word' id='word_1_478' title='bbox 2115 3375 2192 3428; x_wconf 90' lang='lat' dir='ltr'><strong>sic</strong></span> <span class='ocrx_word' id='word_1_479' title='bbox 2234 3388 2359 3441; x_wconf 88' lang='lat' dir='ltr'><strong>pec-</strong></span> 
     </span>
    </p>
   </div>
   <div class='ocr_carea' id='block_1_66' title="bbox 789 3460 2358 3534">
    <p class='ocr_par' dir='ltr' id='par_1_66' title="bbox 789 3460 2358 3534">
     <span class='ocr_line' id='line_1_66' title="bbox 789 3460 2358 3534; baseline 0.004 -24"><span class='ocrx_word' id='word_1_480' title='bbox 789 3462 893 3511; x_wconf 81' lang='lat' dir='ltr'><strong>cati</strong></span> <span class='ocrx_word' id='word_1_481' title='bbox 926 3462 1243 3532; x_wconf 77' lang='lat' dir='ltr'><strong>abstergens</strong></span> <span class='ocrx_word' id='word_1_482' title='bbox 1297 3463 1542 3518; x_wconf 67' lang='lat' dir='ltr'><strong>faetorem</strong></span> <span class='ocrx_word' id='word_1_483' title='bbox 1598 3475 1652 3519; x_wconf 86' lang='lat' dir='ltr'><strong>et</strong></span> <span class='ocrx_word' id='word_1_484' title='bbox 1699 3460 2358 3534; x_wconf 74' lang='lat' dir='ltr'><strong>deformitatem.Conjnx</strong></span> 
     </span>
    </p>
   </div>
   <div class='ocr_carea' id='block_1_67' title="bbox 788 3554 2357 3624">
    <p class='ocr_par' dir='ltr' id='par_1_67' title="bbox 788 3554 2357 3624">
     <span class='ocr_line' id='line_1_67' title="bbox 788 3554 2357 3624; baseline 0.004 -23"><span class='ocrx_word' id='word_1_485' title='bbox 788 3557 968 3604; x_wconf 79' lang='lat' dir='ltr'><strong>autent</strong></span> <span class='ocrx_word' id='word_1_486' title='bbox 999 3554 1256 3622; x_wconf 77' lang='lat' dir='ltr'><strong>ignorans</strong></span> <span class='ocrx_word' id='word_1_487' title='bbox 1287 3569 1514 3610; x_wconf 84' lang='lat' dir='ltr'><strong>causam</strong></span> <span class='ocrx_word' id='word_1_488' title='bbox 1556 3558 1672 3624; x_wconf 90' lang='lat' dir='ltr'><strong>ejus</strong></span> <span class='ocrx_word' id='word_1_489' title='bbox 1715 3558 1970 3617; x_wconf 80' lang='lat' dir='ltr'><strong>tristitiae,</strong></span> <span class='ocrx_word' id='word_1_490' title='bbox 1998 3557 2178 3609; x_wconf 88' lang='lat' dir='ltr'><strong>omnia</strong></span> <span class='ocrx_word' id='word_1_491' title='bbox 2205 3557 2357 3607; x_wconf 92' lang='lat' dir='ltr'><strong>dice-</strong></span> 
     </span>
    </p>
   </div>
   <div class='ocr_carea' id='block_1_68' title="bbox 789 3638 2356 3710">
    <p class='ocr_par' dir='ltr' id='par_1_68' title="bbox 789 3638 2356 3710">
     <span class='ocr_line' id='line_1_68' title="bbox 789 3638 2356 3710; baseline 0.003 -21"><span class='ocrx_word' id='word_1_492' title='bbox 789 3638 881 3689; x_wconf 83' lang='lat' dir='ltr'><strong>bat</strong></span> <span class='ocrx_word' id='word_1_493' title='bbox 906 3649 958 3689; x_wconf 86' lang='lat' dir='ltr'><strong>et</strong></span> <span class='ocrx_word' id='word_1_494' title='bbox 981 3639 1235 3702; x_wconf 81' lang='lat' dir='ltr'><strong>faciebat,</strong></span> <span class='ocrx_word' id='word_1_495' title='bbox 1288 3657 1407 3692; x_wconf 88' lang='lat' dir='ltr'><strong>eam</strong></span> <span class='ocrx_word' id='word_1_496' title='bbox 1449 3644 1738 3695; x_wconf 86' lang='lat' dir='ltr'><strong>consolans</strong></span> <span class='ocrx_word' id='word_1_497' title='bbox 1768 3652 1821 3694; x_wconf 91' lang='lat' dir='ltr'><strong>et</strong></span> <span class='ocrx_word' id='word_1_498' title='bbox 1852 3658 1949 3710; x_wconf 84' lang='lat' dir='ltr'><strong>pro</strong></span> <span class='ocrx_word' id='word_1_499' title='bbox 1999 3644 2210 3695; x_wconf 87' lang='lat' dir='ltr'><strong>viribus</strong></span> <span class='ocrx_word' id='word_1_500' title='bbox 2236 3657 2356 3696; x_wconf 86' lang='lat' dir='ltr'><strong>cam</strong></span> 
     </span>
    </p>
   </div>
   <div class='ocr_carea' id='block_1_69' title="bbox 786 3731 2359 3803">
    <p class='ocr_par' dir='ltr' id='par_1_69' title="bbox 786 3731 2359 3803">
     <span class='ocr_line' id='line_1_69' title="bbox 786 3731 2359 3803; baseline 0.004 -22"><span class='ocrx_word' id='word_1_501' title='bbox 786 3744 993 3784; x_wconf 92' lang='lat' dir='ltr'><strong>conans</strong></span> <span class='ocrx_word' id='word_1_502' title='bbox 1050 3746 1316 3784; x_wconf 83' lang='lat' dir='ltr'><strong>recreare.</strong></span> <span class='ocrx_word' id='word_1_503' title='bbox 1365 3731 1469 3786; x_wconf 90' lang='lat' dir='ltr'><strong>Sed</strong></span> <span class='ocrx_word' id='word_1_504' title='bbox 1516 3733 1624 3797; x_wconf 83' lang='lat' dir='ltr'><strong>illa,</strong></span> <span class='ocrx_word' id='word_1_505' title='bbox 1655 3742 1880 3803; x_wconf 85' lang='lat' dir='ltr'><strong>peccato</strong></span> <span class='ocrx_word' id='word_1_506' title='bbox 1924 3742 2174 3802; x_wconf 88' lang='lat' dir='ltr'><strong>tanquam</strong></span> <span class='ocrx_word' id='word_1_507' title='bbox 2226 3751 2359 3803; x_wconf 89' lang='lat' dir='ltr'><strong>quo-</strong></span> 
     </span>
    </p>
   </div>
   <div class='ocr_carea' id='block_1_70' title="bbox 785 3822 2355 3897">
    <p class='ocr_par' dir='ltr' id='par_1_70' title="bbox 785 3822 2355 3897">
     <span class='ocr_line' id='line_1_70' title="bbox 785 3822 2355 3897; baseline 0.003 -22"><span class='ocrx_word' id='word_1_508' title='bbox 785 3822 910 3875; x_wconf 90' lang='lat' dir='ltr'><strong>dam</strong></span> <span class='ocrx_word' id='word_1_509' title='bbox 979 3824 1158 3876; x_wconf 87' lang='lat' dir='ltr'><strong>ulcere</strong></span> <span class='ocrx_word' id='word_1_510' title='bbox 1221 3826 1423 3877; x_wconf 75' lang='lat' dir='ltr'><strong>interna</strong></span> <span class='ocrx_word' id='word_1_511' title='bbox 1477 3833 1803 3894; x_wconf 75' lang='lat' dir='ltr'><strong>deposcente</strong></span> <span class='ocrx_word' id='word_1_512' title='bbox 1852 3837 1906 3880; x_wconf 87' lang='lat' dir='ltr'><strong>et</strong></span> <span class='ocrx_word' id='word_1_513' title='bbox 1985 3827 2355 3897; x_wconf 79' lang='lat' dir='ltr'><strong>cogitationem</strong></span> 
     </span>
    </p>
   </div>
   <div class='ocr_carea' id='block_1_71' title="bbox 788 3914 2357 3983">
    <p class='ocr_par' dir='ltr' id='par_1_71' title="bbox 788 3914 2357 3983">
     <span class='ocr_line' id='line_1_71' title="bbox 788 3914 2357 3983; baseline 0.002 -17"><span class='ocrx_word' id='word_1_514' title='bbox 788 3926 897 3966; x_wconf 87' lang='lat' dir='ltr'><strong>non</strong></span> <span class='ocrx_word' id='word_1_515' title='bbox 922 3914 1136 3967; x_wconf 86' lang='lat' dir='ltr'><strong>sinente</strong></span> <span class='ocrx_word' id='word_1_516' title='bbox 1168 3917 1469 3983; x_wconf 84' lang='lat' dir='ltr'><strong>quiescere,</strong></span> <span class='ocrx_word' id='word_1_517' title='bbox 1503 3926 1618 3970; x_wconf 86' lang='lat' dir='ltr'><strong>erat</strong></span> <span class='ocrx_word' id='word_1_518' title='bbox 1665 3918 2093 3981; x_wconf 87' lang='lat' dir='ltr'><strong>inconsolabilis,</strong></span> <span class='ocrx_word' id='word_1_519' title='bbox 2149 3929 2203 3971; x_wconf 91' lang='lat' dir='ltr'><strong>et</strong></span> <span class='ocrx_word' id='word_1_520' title='bbox 2237 3920 2357 3970; x_wconf 92' lang='lat' dir='ltr'><strong>nul-</strong></span> 
     </span>
    </p>
   </div>
   <div class='ocr_carea' id='block_1_72' title="bbox 788 4004 2356 4076">
    <p class='ocr_par' dir='ltr' id='par_1_72' title="bbox 788 4004 2356 4076">
     <span class='ocr_line' id='line_1_72' title="bbox 788 4004 2356 4076; baseline 0.003 -20"><span class='ocrx_word' id='word_1_521' title='bbox 788 4004 890 4058; x_wconf 86' lang='lat' dir='ltr'><strong>lam</strong></span> <span class='ocrx_word' id='word_1_522' title='bbox 949 4007 1265 4061; x_wconf 88' lang='lat' dir='ltr'><strong>attendebat</strong></span> <span class='ocrx_word' id='word_1_523' title='bbox 1328 4009 1653 4072; x_wconf 84' lang='lat' dir='ltr'><strong>orationem,</strong></span> <span class='ocrx_word' id='word_1_524' title='bbox 1719 4026 1837 4076; x_wconf 84' lang='lat' dir='ltr'><strong>quae</strong></span> <span class='ocrx_word' id='word_1_525' title='bbox 1887 4024 2007 4061; x_wconf 91' lang='lat' dir='ltr'><strong>eam</strong></span> <span class='ocrx_word' id='word_1_526' title='bbox 2060 4016 2356 4061; x_wconf 86' lang='lat' dir='ltr'><strong>recrearet.</strong></span> 
     </span>
    </p>
   </div>
   <div class='ocr_carea' id='block_1_73' title="bbox 787 4096 2355 4163">
    <p class='ocr_par' dir='ltr' id='par_1_73' title="bbox 787 4096 2355 4163">
     <span class='ocr_line' id='line_1_73' title="bbox 787 4096 2355 4163; baseline 0.004 -15"><span class='ocrx_word' id='word_1_527' title='bbox 787 4096 1083 4163; x_wconf 78' lang='lat' dir='ltr'><strong>Propterea</strong></span> <span class='ocrx_word' id='word_1_528' title='bbox 1111 4099 1302 4150; x_wconf 88' lang='lat' dir='ltr'><strong>statuit</strong></span> <span class='ocrx_word' id='word_1_529' title='bbox 1339 4100 1522 4151; x_wconf 81' lang='lat' dir='ltr'><strong>venire</strong></span> <span class='ocrx_word' id='word_1_530' title='bbox 1557 4099 1622 4151; x_wconf 87' lang='lat' dir='ltr'><strong>ad</strong></span> <span class='ocrx_word' id='word_1_531' title='bbox 1649 4114 1811 4151; x_wconf 88' lang='lat' dir='ltr'><strong>unum</strong></span> <span class='ocrx_word' id='word_1_532' title='bbox 1863 4115 1927 4151; x_wconf 83' lang='lat' dir='ltr'><strong>ex</strong></span> <span class='ocrx_word' id='word_1_533' title='bbox 1966 4101 2134 4154; x_wconf 88' lang='lat' dir='ltr'><strong>sacris</strong></span> <span class='ocrx_word' id='word_1_534' title='bbox 2169 4116 2355 4155; x_wconf 86' lang='lat' dir='ltr'><strong>mona—</strong></span> 
     </span>
    </p>
   </div>
   <div class='ocr_carea' id='block_1_74' title="bbox 789 4187 2354 4259">
    <p class='ocr_par' dir='ltr' id='par_1_74' title="bbox 789 4187 2354 4259">
     <span class='ocr_line' id='line_1_74' title="bbox 789 4187 2354 4259; baseline 0.004 -19"><span class='ocrx_word' id='word_1_535' title='bbox 789 4187 992 4252; x_wconf 84' lang='lat' dir='ltr'><strong>steriis,</strong></span> <span class='ocrx_word' id='word_1_536' title='bbox 1037 4188 1090 4241; x_wconf 93' lang='lat' dir='ltr'><strong>in</strong></span> <span class='ocrx_word' id='word_1_537' title='bbox 1127 4204 1235 4256; x_wconf 90' lang='lat' dir='ltr'><strong>quo</strong></span> <span class='ocrx_word' id='word_1_538' title='bbox 1298 4190 1399 4259; x_wconf 64' lang='lat' dir='ltr'><strong>piae</strong></span> <span class='ocrx_word' id='word_1_539' title='bbox 1441 4190 1840 4244; x_wconf 83' lang='lat' dir='ltr'><strong>exercebantur</strong></span> <span class='ocrx_word' id='word_1_540' title='bbox 1873 4190 2105 4253; x_wconf 68' lang='lat' dir='ltr'><strong>feminae,</strong></span> <span class='ocrx_word' id='word_1_541' title='bbox 2168 4203 2223 4246; x_wconf 92' lang='lat' dir='ltr'><strong>et</strong></span> <span class='ocrx_word' id='word_1_542' title='bbox 2276 4193 2354 4246; x_wconf 91' lang='lat' dir='ltr'><strong>sic</strong></span> 
     </span>
    </p>
   </div>
   <div class='ocr_carea' id='block_1_75' title="bbox 789 4280 2353 4350">
    <p class='ocr_par' dir='ltr' id='par_1_75' title="bbox 789 4280 2353 4350">
     <span class='ocr_line' id='line_1_75' title="bbox 789 4280 2353 4350; baseline 0.005 -20"><span class='ocrx_word' id='word_1_543' title='bbox 789 4280 968 4346; x_wconf 85' lang='lat' dir='ltr'><strong>aliqua</strong></span> <span class='ocrx_word' id='word_1_544' title='bbox 1033 4280 1243 4334; x_wconf 88' lang='lat' dir='ltr'><strong>ratione</strong></span> <span class='ocrx_word' id='word_1_545' title='bbox 1301 4298 1493 4350; x_wconf 84' lang='lat' dir='ltr'><strong>parare</strong></span> <span class='ocrx_word' id='word_1_546' title='bbox 1548 4284 1649 4337; x_wconf 89' lang='lat' dir='ltr'><strong>sibi</strong></span> <span class='ocrx_word' id='word_1_547' title='bbox 1712 4285 2159 4339; x_wconf 83' lang='lat' dir='ltr'><strong>consolationem.</strong></span> <span class='ocrx_word' id='word_1_548' title='bbox 2217 4284 2353 4338; x_wconf 90' lang='lat' dir='ltr'><strong>Cum</strong></span> 
     </span>
    </p>
   </div>
   <div class='ocr_carea' id='block_1_76' title="bbox 787 4371 2353 4442">
    <p class='ocr_par' dir='ltr' id='par_1_76' title="bbox 787 4371 2353 4442">
     <span class='ocr_line' id='line_1_76' title="bbox 787 4371 2353 4442; baseline 0.002 -18"><span class='ocrx_word' id='word_1_549' title='bbox 787 4385 916 4439; x_wconf 74' lang='lat' dir='ltr'><strong>ergo</strong></span> <span class='ocrx_word' id='word_1_550' title='bbox 947 4371 1190 4435; x_wconf 89' lang='lat' dir='ltr'><strong>abiisset,</strong></span> <span class='ocrx_word' id='word_1_551' title='bbox 1233 4381 1289 4425; x_wconf 93' lang='lat' dir='ltr'><strong>et</strong></span> <span class='ocrx_word' id='word_1_552' title='bbox 1338 4373 1457 4440; x_wconf 83' lang='lat' dir='ltr'><strong>ejus</strong></span> <span class='ocrx_word' id='word_1_553' title='bbox 1505 4387 1624 4440; x_wconf 63' lang='lat' dir='ltr'><strong>quae</strong></span> <span class='ocrx_word' id='word_1_554' title='bbox 1677 4383 1906 4442; x_wconf 60' lang='lat' dir='ltr'><strong>praeerat</strong></span> <span class='ocrx_word' id='word_1_555' title='bbox 1956 4375 2122 4442; x_wconf 92' lang='lat' dir='ltr'><strong>pedes</strong></span> <span class='ocrx_word' id='word_1_556' title='bbox 2156 4389 2353 4442; x_wconf 87' lang='lat' dir='ltr'><strong>appre-</strong></span> 
     </span>
    </p>
   </div>
   <div class='ocr_carea' id='block_1_77' title="bbox 2460 3265 4038 3337">
    <p class='ocr_par' dir='ltr' id='par_1_77' title="bbox 2460 3265 4038 3337">
     <span class='ocr_line' id='line_1_77' title="bbox 2460 3265 4038 3337; baseline -0.004 -18"><span class='ocrx_word' id='word_1_557' title='bbox 2460 3269 2575 3328; x_wconf 79' lang='grc' dir='ltr'>οἵας</span> <span class='ocrx_word' id='word_1_558' title='bbox 2603 3267 2767 3336; x_wconf 76' lang='grc' dir='ltr'>τιμῆς</span> <span class='ocrx_word' id='word_1_559' title='bbox 2793 3266 2890 3336; x_wconf 78' lang='grc' dir='ltr'>τὴν</span> <span class='ocrx_word' id='word_1_560' title='bbox 2939 3267 3203 3337; x_wconf 81' lang='grc' dir='ltr'>αἰσχύνην</span> <span class='ocrx_word' id='word_1_561' title='bbox 3244 3267 3444 3336; x_wconf 75' lang='grc' dir='ltr'>μετέϐη</span> <span class='ocrx_word' id='word_1_562' title='bbox 3487 3267 3499 3320; x_wconf 90' lang='grc'><strong>1</strong></span> <span class='ocrx_word' id='word_1_563' title='bbox 3535 3265 3904 3335; x_wconf 76' lang='grc' dir='ltr'>Προσώζεσαν</span> <span class='ocrx_word' id='word_1_564' title='bbox 3944 3265 4038 3314; x_wconf 68' lang='grc' dir='ltr'><strong>καὶ</strong></span> 
     </span>
    </p>
   </div>
   <div class='ocr_carea' id='block_1_78' title="bbox 2459 3356 4038 3426">
    <p class='ocr_par' dir='ltr' id='par_1_78' title="bbox 2459 3356 4038 3426">
     <span class='ocr_line' id='line_1_78' title="bbox 2459 3356 4038 3426; baseline -0.004 -14"><span class='ocrx_word' id='word_1_565' title='bbox 2459 3360 2742 3426; x_wconf 79' lang='grc' dir='ltr'>ὲσάπησαν</span> <span class='ocrx_word' id='word_1_566' title='bbox 2769 3361 2816 3408; x_wconf 77' lang='lat' dir='ltr'><strong>oi</strong></span> <span class='ocrx_word' id='word_1_567' title='bbox 2851 3359 3116 3426; x_wconf 81' lang='grc' dir='ltr'>μὼλωπές</span> <span class='ocrx_word' id='word_1_568' title='bbox 3147 3377 3273 3426; x_wconf 87' lang='grc' dir='ltr'>μου,</span> <span class='ocrx_word' id='word_1_569' title='bbox 3301 3359 3557 3423; x_wconf 75' lang='grc' dir='ltr'>λέγουσα,</span> <span class='ocrx_word' id='word_1_570' title='bbox 3590 3357 3696 3407; x_wconf 71' lang='grc' dir='ltr'>ἀπὸ</span> <span class='ocrx_word' id='word_1_571' title='bbox 3735 3356 4038 3422; x_wconf 69' lang='grc' dir='ltr'>προσώπου</span> 
     </span>
    </p>
   </div>
   <div class='ocr_carea' id='block_1_79' title="bbox 2460 3449 4038 3522">
    <p class='ocr_par' dir='ltr' id='par_1_79' title="bbox 2460 3449 4038 3522">
     <span class='ocr_line' id='line_1_79' title="bbox 2460 3449 4038 3522; baseline -0.004 -16"><span class='ocrx_word' id='word_1_572' title='bbox 2460 3456 2558 3522; x_wconf 86' lang='grc' dir='ltr'>τῆς</span> <span class='ocrx_word' id='word_1_573' title='bbox 2586 3451 2898 3520; x_wconf 80' lang='grc' dir='ltr'>ἀφροσύνης</span> <span class='ocrx_word' id='word_1_574' title='bbox 2919 3453 3056 3520; x_wconf 79' lang='grc' dir='ltr'>μου,</span> <span class='ocrx_word' id='word_1_575' title='bbox 3111 3452 3207 3504; x_wconf 76' lang='grc' dir='ltr'>καὶ</span> <span class='ocrx_word' id='word_1_576' title='bbox 3238 3453 3319 3502; x_wconf 81' lang='grc' dir='ltr'>ὅτι</span> <span class='ocrx_word' id='word_1_577' title='bbox 3356 3450 3599 3521; x_wconf 68' lang='grc' dir='ltr'>ἐτράφην</span> <span class='ocrx_word' id='word_1_578' title='bbox 3633 3450 3713 3508; x_wconf 83' lang='grc' dir='ltr'><strong>εἰς</strong></span> <span class='ocrx_word' id='word_1_579' title='bbox 3746 3449 4038 3499; x_wconf 81' lang='grc' dir='ltr'>ταλαιπω-</span> 
     </span>
    </p>
   </div>
   <div class='ocr_carea' id='block_1_80' title="bbox 2467 3541 4039 3612">
    <p class='ocr_par' dir='ltr' id='par_1_80' title="bbox 2467 3541 4039 3612">
     <span class='ocr_line' id='line_1_80' title="bbox 2467 3541 4039 3612; baseline 0.001 -20"><span class='ocrx_word' id='word_1_580' title='bbox 2467 3544 2609 3612; x_wconf 88' lang='grc' dir='ltr'>ρίαν,</span> <span class='ocrx_word' id='word_1_581' title='bbox 2655 3545 2708 3594; x_wconf 88' lang='grc' dir='ltr'>ὲν</span> <span class='ocrx_word' id='word_1_582' title='bbox 2737 3544 2812 3612; x_wconf 82' lang='grc' dir='ltr'>τῷ</span> <span class='ocrx_word' id='word_1_583' title='bbox 2841 3542 3160 3612; x_wconf 73' lang='grc' dir='ltr'>ἐμπαγῆναι</span> <span class='ocrx_word' id='word_1_584' title='bbox 3195 3561 3280 3612; x_wconf 91' lang='grc' dir='ltr'><strong>μοι</strong></span> <span class='ocrx_word' id='word_1_585' title='bbox 3312 3541 3576 3595; x_wconf 84' lang='grc' dir='ltr'>ἄκανθαν.</span> <span class='ocrx_word' id='word_1_586' title='bbox 3657 3541 3851 3593; x_wconf 78' lang='grc' dir='ltr'>Ταῦτα</span> <span class='ocrx_word' id='word_1_587' title='bbox 3883 3543 4039 3607; x_wconf 75' lang='grc' dir='ltr'>ἕλεγέ</span> 
     </span>
    </p>
   </div>
   <div class='ocr_carea' id='block_1_81' title="bbox 2460 3633 4040 3705">
    <p class='ocr_par' dir='ltr' id='par_1_81' title="bbox 2460 3633 4040 3705">
     <span class='ocr_line' id='line_1_81' title="bbox 2460 3633 4040 3705; baseline -0.002 -17"><span class='ocrx_word' id='word_1_588' title='bbox 2460 3651 2518 3688; x_wconf 83' lang='grc' dir='ltr'><strong>τε</strong></span> <span class='ocrx_word' id='word_1_589' title='bbox 2583 3636 2675 3687; x_wconf 70' lang='grc' dir='ltr'>καὶ</span> <span class='ocrx_word' id='word_1_590' title='bbox 2711 3635 2921 3705; x_wconf 76' lang='grc' dir='ltr'>θερμὰς</span> <span class='ocrx_word' id='word_1_591' title='bbox 2953 3634 3208 3705; x_wconf 84' lang='grc' dir='ltr'>δακρύων</span> <span class='ocrx_word' id='word_1_592' title='bbox 3239 3635 3392 3704; x_wconf 75' lang='grc' dir='ltr'>ἠφίει</span> <span class='ocrx_word' id='word_1_593' title='bbox 3436 3634 3644 3704; x_wconf 81' lang='grc' dir='ltr'>πηγὰς,</span> <span class='ocrx_word' id='word_1_594' title='bbox 3700 3634 3762 3685; x_wconf 75' lang='grc' dir='ltr'>τὸ</span> <span class='ocrx_word' id='word_1_595' title='bbox 3794 3633 4040 3696; x_wconf 77' lang='grc' dir='ltr'>δυσῶδες</span> 
     </span>
    </p>
   </div>
   <div class='ocr_carea' id='block_1_82' title="bbox 2458 3727 4037 3798">
    <p class='ocr_par' dir='ltr' id='par_1_82' title="bbox 2458 3727 4037 3798">
     <span class='ocr_line' id='line_1_82' title="bbox 2458 3727 4037 3798; baseline -0.001 -17"><span class='ocrx_word' id='word_1_596' title='bbox 2458 3728 2601 3781; x_wconf 75' lang='grc' dir='ltr'>οὕτω</span> <span class='ocrx_word' id='word_1_597' title='bbox 2645 3731 2739 3782; x_wconf 77' lang='lat' dir='ltr'><strong>xui.</strong></span> <span class='ocrx_word' id='word_1_598' title='bbox 2782 3729 3017 3790; x_wconf 73' lang='grc' dir='ltr'>ἀκαλλὲς</span> <span class='ocrx_word' id='word_1_599' title='bbox 3065 3731 3163 3798; x_wconf 81' lang='grc' dir='ltr'>τῆς</span> <span class='ocrx_word' id='word_1_600' title='bbox 3210 3728 3488 3798; x_wconf 83' lang='grc' dir='ltr'>ἁμαρτίας</span> <span class='ocrx_word' id='word_1_601' title='bbox 3550 3727 4037 3796; x_wconf 76' lang='grc' dir='ltr'>ἀποκαθαίρουσα.</span> 
     </span>
    </p>
   </div>
   <div class='ocr_carea' id='block_1_83' title="bbox 2481 3811 4040 3886">
    <p class='ocr_par' dir='ltr' id='par_1_83' title="bbox 2481 3811 4040 3886">
     <span class='ocr_line' id='line_1_83' title="bbox 2481 3811 4040 3886; baseline 0.001 -20"><span class='ocrx_word' id='word_1_602' title='bbox 2481 3811 2538 3865; x_wconf 88' lang='lat'><strong>&#39;0</strong></span> <span class='ocrx_word' id='word_1_603' title='bbox 2568 3815 2751 3882; x_wconf 86' lang='grc' dir='ltr'>μέντοι</span> <span class='ocrx_word' id='word_1_604' title='bbox 2792 3815 3061 3879; x_wconf 86' lang='grc' dir='ltr'>σύνοίκος,</span> <span class='ocrx_word' id='word_1_605' title='bbox 3088 3817 3185 3885; x_wconf 71' lang='grc' dir='ltr'>τὴν</span> <span class='ocrx_word' id='word_1_606' title='bbox 3228 3818 3408 3869; x_wconf 77' lang='grc' dir='ltr'>αἰτίαν</span> <span class='ocrx_word' id='word_1_607' title='bbox 3441 3818 3538 3882; x_wconf 79' lang='grc' dir='ltr'>τῆς</span> <span class='ocrx_word' id='word_1_608' title='bbox 3567 3816 4040 3886; x_wconf 72' lang='grc' dir='ltr'>σκυθρωπότητος</span> 
     </span>
    </p>
   </div>
   <div class='ocr_carea' id='block_1_84' title="bbox 2458 3905 4039 3979">
    <p class='ocr_par' dir='ltr' id='par_1_84' title="bbox 2458 3905 4039 3979">
     <span class='ocr_line' id='line_1_84' title="bbox 2458 3905 4039 3979; baseline 0.003 -21"><span class='ocrx_word' id='word_1_609' title='bbox 2458 3905 2688 3972; x_wconf 83' lang='grc' dir='ltr'>ἀγνοῶν,</span> <span class='ocrx_word' id='word_1_610' title='bbox 2747 3907 2922 3959; x_wconf 83' lang='grc' dir='ltr'>πάντα</span> <span class='ocrx_word' id='word_1_611' title='bbox 2974 3923 3035 3958; x_wconf 87' lang='grc' dir='ltr'><strong>τε</strong></span> <span class='ocrx_word' id='word_1_612' title='bbox 3094 3907 3247 3972; x_wconf 77' lang='grc' dir='ltr'>ἔλεγε</span> <span class='ocrx_word' id='word_1_613' title='bbox 3305 3908 3398 3959; x_wconf 80' lang='grc' dir='ltr'>καὶ</span> <span class='ocrx_word' id='word_1_614' title='bbox 3456 3909 3630 3960; x_wconf 77' lang='grc' dir='ltr'>ἐποίει</span> <span class='ocrx_word' id='word_1_615' title='bbox 3688 3913 4039 3979; x_wconf 76' lang='grc' dir='ltr'>παρηγορῶν</span> 
     </span>
    </p>
   </div>
   <div class='ocr_carea' id='block_1_85' title="bbox 2458 3998 4035 4071">
    <p class='ocr_par' dir='ltr' id='par_1_85' title="bbox 2458 3998 4035 4071">
     <span class='ocr_line' id='line_1_85' title="bbox 2458 3998 4035 4071; baseline 0.003 -21"><span class='ocrx_word' id='word_1_616' title='bbox 2458 3998 2643 4069; x_wconf 76' lang='grc' dir='ltr'>αὐτὴν,</span> <span class='ocrx_word' id='word_1_617' title='bbox 2688 4000 2780 4052; x_wconf 76' lang='grc' dir='ltr'>καὶ</span> <span class='ocrx_word' id='word_1_618' title='bbox 2814 4002 2911 4070; x_wconf 85' lang='grc' dir='ltr'>ὅση</span> <span class='ocrx_word' id='word_1_619' title='bbox 2937 3999 3188 4069; x_wconf 83' lang='grc' dir='ltr'>δύναμις,</span> <span class='ocrx_word' id='word_1_620' title='bbox 3223 3999 3630 4071; x_wconf 74' lang='grc' dir='ltr'>ἀναλαμϐάνειν</span> <span class='ocrx_word' id='word_1_621' title='bbox 3659 4005 4035 4071; x_wconf 77' lang='grc' dir='ltr'>πειρώμενος·</span> 
     </span>
    </p>
   </div>
   <div class='ocr_carea' id='block_1_86' title="bbox 2455 4093 4038 4166">
    <p class='ocr_par' dir='ltr' id='par_1_86' title="bbox 2455 4093 4038 4166">
     <span class='ocr_line' id='line_1_86' title="bbox 2455 4093 4038 4166; baseline 0.002 -20"><span class='ocrx_word' id='word_1_622' title='bbox 2455 4093 2574 4146; x_wconf 85' lang='grc' dir='ltr'>ἀλλ’</span> <span class='ocrx_word' id='word_1_623' title='bbox 2607 4094 2792 4162; x_wconf 80' lang='grc' dir='ltr'>ἐκείνη</span> <span class='ocrx_word' id='word_1_624' title='bbox 2817 4094 3005 4163; x_wconf 87' lang='grc' dir='ltr'>ῶσπερ</span> <span class='ocrx_word' id='word_1_625' title='bbox 3041 4096 3184 4157; x_wconf 82' lang='grc' dir='ltr'>τινὸς</span> <span class='ocrx_word' id='word_1_626' title='bbox 3217 4094 3409 4158; x_wconf 79' lang='grc' dir='ltr'>ἕλκους</span> <span class='ocrx_word' id='word_1_627' title='bbox 3449 4095 3550 4164; x_wconf 80' lang='grc' dir='ltr'>τῆς</span> <span class='ocrx_word' id='word_1_628' title='bbox 3581 4097 3870 4166; x_wconf 82' lang='grc' dir='ltr'>ἁμαρτίας</span> <span class='ocrx_word' id='word_1_629' title='bbox 3916 4098 4038 4151; x_wconf 73' lang='grc' dir='ltr'>δια-</span> 
     </span>
    </p>
   </div>
   <div class='ocr_carea' id='block_1_87' title="bbox 2457 4185 4038 4258">
    <p class='ocr_par' dir='ltr' id='par_1_87' title="bbox 2457 4185 4038 4258">
     <span class='ocr_line' id='line_1_87' title="bbox 2457 4185 4038 4258; baseline 0.003 -22"><span class='ocrx_word' id='word_1_630' title='bbox 2457 4186 2795 4254; x_wconf 76' lang='grc' dir='ltr'>ϐοσκομένης</span> <span class='ocrx_word' id='word_1_631' title='bbox 2847 4185 2913 4237; x_wconf 83' lang='grc' dir='ltr'>τὰ</span> <span class='ocrx_word' id='word_1_632' title='bbox 2957 4185 3127 4247; x_wconf 80' lang='grc' dir='ltr'>ἔνδον,</span> <span class='ocrx_word' id='word_1_633' title='bbox 3193 4187 3288 4239; x_wconf 72' lang='grc' dir='ltr'>καὶ</span> <span class='ocrx_word' id='word_1_634' title='bbox 3335 4188 3426 4239; x_wconf 74' lang='grc' dir='ltr'>τὸν</span> <span class='ocrx_word' id='word_1_635' title='bbox 3469 4187 3731 4254; x_wconf 87' lang='grc' dir='ltr'>λογισμὸν</span> <span class='ocrx_word' id='word_1_636' title='bbox 3798 4190 4038 4258; x_wconf 75' lang='grc' dir='ltr'>ἠρεμεῖν</span> 
     </span>
    </p>
   </div>
   <div class='ocr_carea' id='block_1_88' title="bbox 2453 4272 4039 4345">
    <p class='ocr_par' dir='ltr' id='par_1_88' title="bbox 2453 4272 4039 4345">
     <span class='ocr_line' id='line_1_88' title="bbox 2453 4272 4039 4345; baseline 0.002 -20"><span class='ocrx_word' id='word_1_637' title='bbox 2453 4275 2553 4325; x_wconf 87' lang='grc' dir='ltr'><strong>ούκ</strong></span> <span class='ocrx_word' id='word_1_638' title='bbox 2609 4275 2814 4341; x_wconf 82' lang='grc' dir='ltr'>ἐώσης,</span> <span class='ocrx_word' id='word_1_639' title='bbox 2847 4275 3235 4343; x_wconf 84' lang='grc' dir='ltr'>ἀπαράκλητος</span> <span class='ocrx_word' id='word_1_640' title='bbox 3273 4272 3341 4344; x_wconf 83' lang='grc' dir='ltr'>ἦν</span> <span class='ocrx_word' id='word_1_641' title='bbox 3381 4275 3472 4325; x_wconf 66' lang='grc' dir='ltr'>καὶ</span> <span class='ocrx_word' id='word_1_642' title='bbox 3504 4276 3680 4326; x_wconf 74' lang='grc' dir='ltr'>οὐδενὶ</span> <span class='ocrx_word' id='word_1_643' title='bbox 3715 4277 3862 4342; x_wconf 79' lang='grc' dir='ltr'>λόγῳ</span> <span class='ocrx_word' id='word_1_644' title='bbox 3890 4296 4039 4345; x_wconf 71' lang='grc' dir='ltr'>παρ-</span> 
     </span>
    </p>
   </div>
   <div class='ocr_carea' id='block_1_89' title="bbox 2457 4365 4040 4434">
    <p class='ocr_par' dir='ltr' id='par_1_89' title="bbox 2457 4365 4040 4434">
     <span class='ocr_line' id='line_1_89' title="bbox 2457 4365 4040 4434; baseline 0.004 -18"><span class='ocrx_word' id='word_1_645' title='bbox 2457 4366 2750 4434; x_wconf 78' lang='grc' dir='ltr'>ηγοροῦντι</span> <span class='ocrx_word' id='word_1_646' title='bbox 2790 4369 3152 4434; x_wconf 85' lang='grc' dir='ltr'>προσέχουσα.</span> <span class='ocrx_word' id='word_1_647' title='bbox 3184 4368 3282 4419; x_wconf 85' lang='grc' dir='ltr'>Διά</span> <span class='ocrx_word' id='word_1_648' title='bbox 3311 4365 3484 4418; x_wconf 82' lang='grc' dir='ltr'>ταῦτα</span> <span class='ocrx_word' id='word_1_649' title='bbox 3524 4367 3622 4418; x_wconf 67' lang='grc' dir='ltr'>καὶ</span> <span class='ocrx_word' id='word_1_650' title='bbox 3674 4370 3756 4429; x_wconf 77' lang='lat' dir='ltr'><strong>si;</strong></span> <span class='ocrx_word' id='word_1_651' title='bbox 3790 4369 3850 4419; x_wconf 82' lang='grc' dir='ltr'>ἓν</span> <span class='ocrx_word' id='word_1_652' title='bbox 3889 4371 4040 4434; x_wconf 74' lang='grc' dir='ltr'>ἔγνω</span> 
     </span>
    </p>
   </div>
   <div class='ocr_carea' id='block_1_90' title="bbox 791 4454 2355 4554">
    <p class='ocr_par' dir='ltr' id='par_1_90' title="bbox 791 4463 2349 4537">
     <span class='ocr_line' id='line_1_90' title="bbox 791 4463 2349 4537; baseline 0.003 -22"><span class='ocrx_word' id='word_1_653' title='bbox 791 4463 1092 4527; x_wconf 81' lang='lat' dir='ltr'><strong>hendisset,</strong></span> <span class='ocrx_word' id='word_1_654' title='bbox 1133 4479 1250 4518; x_wconf 86' lang='lat' dir='ltr'><strong>eam</strong></span> <span class='ocrx_word' id='word_1_655' title='bbox 1287 4465 1443 4520; x_wconf 89' lang='lat' dir='ltr'><strong>valde</strong></span> <span class='ocrx_word' id='word_1_656' title='bbox 1479 4466 1705 4537; x_wconf 76' lang='lat' dir='ltr'><strong>rogabat</strong></span> <span class='ocrx_word' id='word_1_657' title='bbox 1729 4477 1782 4521; x_wconf 91' lang='lat' dir='ltr'><strong>et</strong></span> <span class='ocrx_word' id='word_1_658' title='bbox 1816 4466 2056 4536; x_wconf 85' lang='lat' dir='ltr'><strong>petebat,</strong></span> <span class='ocrx_word' id='word_1_659' title='bbox 2087 4476 2349 4536; x_wconf 87' lang='lat' dir='ltr'><strong>utquam-</strong></span> 
     </span>
    </p>
   </div>
   <div class='ocr_carea' id='block_1_91' title="bbox 2455 4454 4035 4554">
    <p class='ocr_par' dir='ltr' id='par_1_91' title="bbox 2457 4454 4035 4530">
     <span class='ocr_line' id='line_1_91' title="bbox 2457 4454 4035 4530; baseline -0.001 -16"><span class='ocrx_word' id='word_1_660' title='bbox 2457 4460 2565 4514; x_wconf 87' lang='grc' dir='ltr'><strong>τῶν</strong></span> <span class='ocrx_word' id='word_1_661' title='bbox 2606 4459 2766 4530; x_wconf 87' lang='grc' dir='ltr'>ίερῶν</span> <span class='ocrx_word' id='word_1_662' title='bbox 2800 4458 3097 4528; x_wconf 79' lang='grc' dir='ltr'>ἀφικέσθαι</span> <span class='ocrx_word' id='word_1_663' title='bbox 3131 4458 3580 4530; x_wconf 76' lang='grc' dir='ltr'>φροντιστηρίων,</span> <span class='ocrx_word' id='word_1_664' title='bbox 3615 4461 3673 4512; x_wconf 81' lang='grc' dir='ltr'>ὲν</span> <span class='ocrx_word' id='word_1_665' title='bbox 3695 4454 3740 4526; x_wconf 81' lang='grc' dir='ltr'><strong>ᾧ</strong></span> <span class='ocrx_word' id='word_1_666' title='bbox 3771 4463 4035 4525; x_wconf 82' lang='grc' dir='ltr'>γυναῖκες</span> 
     </span>
    </p>
   </div>
   <div class='ocr_carea' id='block_1_92' title="bbox 788 4557 2351 4626">
    <p class='ocr_par' dir='ltr' id='par_1_92' title="bbox 788 4557 2351 4626">
     <span class='ocr_line' id='line_1_92' title="bbox 788 4557 2351 4626; baseline 0.004 -19"><span class='ocrx_word' id='word_1_667' title='bbox 788 4559 1025 4624; x_wconf 88' lang='lat' dir='ltr'><strong>primum</strong></span> <span class='ocrx_word' id='word_1_668' title='bbox 1090 4557 1379 4610; x_wconf 76' lang='lat' dir='ltr'><strong>afferretur</strong></span> <span class='ocrx_word' id='word_1_669' title='bbox 1432 4559 1674 4612; x_wconf 84' lang='lat' dir='ltr'><strong>divinum</strong></span> <span class='ocrx_word' id='word_1_670' title='bbox 1742 4559 2110 4626; x_wconf 82' lang='lat' dir='ltr'><strong>Evangelium.</strong></span> <span class='ocrx_word' id='word_1_671' title='bbox 2176 4562 2351 4614; x_wconf 74' lang='lat' dir='ltr'><strong>Causa</strong></span> 
     </span>
    </p>
   </div>
   <div class='ocr_carea' id='block_1_93' title="bbox 790 4643 2354 4714">
    <p class='ocr_par' dir='ltr' id='par_1_93' title="bbox 790 4643 2354 4714">
     <span class='ocr_line' id='line_1_93' title="bbox 790 4643 2354 4714; baseline 0.004 -20"><span class='ocrx_word' id='word_1_672' title='bbox 790 4651 972 4696; x_wconf 86' lang='lat' dir='ltr'><strong>autem</strong></span> <span class='ocrx_word' id='word_1_673' title='bbox 1004 4652 1140 4708; x_wconf 88' lang='lat' dir='ltr'><strong>erat,</strong></span> <span class='ocrx_word' id='word_1_674' title='bbox 1168 4653 1225 4696; x_wconf 91' lang='lat' dir='ltr'><strong>ut</strong></span> <span class='ocrx_word' id='word_1_675' title='bbox 1260 4643 1386 4697; x_wconf 90' lang='lat' dir='ltr'><strong>hinc</strong></span> <span class='ocrx_word' id='word_1_676' title='bbox 1414 4644 1613 4697; x_wconf 87' lang='lat' dir='ltr'><strong>certior</strong></span> <span class='ocrx_word' id='word_1_677' title='bbox 1642 4644 1813 4708; x_wconf 80' lang='lat' dir='ltr'><strong>fieret,</strong></span> <span class='ocrx_word' id='word_1_678' title='bbox 1850 4659 1917 4697; x_wconf 90' lang='lat' dir='ltr'><strong>an</strong></span> <span class='ocrx_word' id='word_1_679' title='bbox 1949 4645 2092 4713; x_wconf 89' lang='lat' dir='ltr'><strong>quod</strong></span> <span class='ocrx_word' id='word_1_680' title='bbox 2125 4661 2354 4714; x_wconf 85' lang='lat' dir='ltr'><strong>vespere</strong></span> 
     </span>
    </p>
   </div>
   <div class='ocr_carea' id='block_1_94' title="bbox 790 4733 2358 4796">
    <p class='ocr_par' dir='ltr' id='par_1_94' title="bbox 790 4733 2358 4796">
     <span class='ocr_line' id='line_1_94' title="bbox 790 4733 2358 4796; baseline 0.003 -9"><span class='ocrx_word' id='word_1_681' title='bbox 790 4733 839 4787; x_wconf 89' lang='lat' dir='ltr'><strong>ei</strong></span> <span class='ocrx_word' id='word_1_682' title='bbox 879 4738 1082 4788; x_wconf 84' lang='lat' dir='ltr'><strong>factum</strong></span> <span class='ocrx_word' id='word_1_683' title='bbox 1137 4737 1334 4796; x_wconf 84' lang='lat' dir='ltr'><strong>fuerat.</strong></span> <span class='ocrx_word' id='word_1_684' title='bbox 1369 4736 1629 4789; x_wconf 90' lang='lat' dir='ltr'><strong>evasisset</strong></span> <span class='ocrx_word' id='word_1_685' title='bbox 1653 4736 1876 4789; x_wconf 86' lang='lat' dir='ltr'><strong>evidens</strong></span> <span class='ocrx_word' id='word_1_686' title='bbox 1922 4735 2016 4790; x_wconf 89' lang='lat' dir='ltr'><strong>Dei</strong></span> <span class='ocrx_word' id='word_1_687' title='bbox 2070 4736 2259 4792; x_wconf 90' lang='lat' dir='ltr'><strong>oculis.</strong></span> <span class='ocrx_word' id='word_1_688' title='bbox 2290 4738 2358 4791; x_wconf 89' lang='lat' dir='ltr'><strong>Et</strong></span> 
     </span>
    </p>
   </div>
   <div class='ocr_carea' id='block_1_95' title="bbox 793 4824 2352 4897">
    <p class='ocr_par' dir='ltr' id='par_1_95' title="bbox 793 4824 2352 4897">
     <span class='ocr_line' id='line_1_95' title="bbox 793 4824 2352 4897; baseline 0.005 -22"><span class='ocrx_word' id='word_1_689' title='bbox 793 4826 945 4896; x_wconf 85' lang='lat' dir='ltr'><strong>quid,</strong></span> <span class='ocrx_word' id='word_1_690' title='bbox 979 4827 1054 4878; x_wconf 90' lang='lat' dir='ltr'><strong>ait</strong></span> <span class='ocrx_word' id='word_1_691' title='bbox 1099 4824 1148 4879; x_wconf 90' lang='lat' dir='ltr'><strong>ei</strong></span> <span class='ocrx_word' id='word_1_692' title='bbox 1207 4827 1481 4894; x_wconf 72' lang='lat' dir='ltr'><strong>przefecta,</strong></span> <span class='ocrx_word' id='word_1_693' title='bbox 1517 4838 1602 4880; x_wconf 89' lang='lat' dir='ltr'><strong>est</strong></span> <span class='ocrx_word' id='word_1_694' title='bbox 1640 4827 1750 4882; x_wconf 87' lang='lat' dir='ltr'><strong>Deo</strong></span> <span class='ocrx_word' id='word_1_695' title='bbox 1789 4829 2165 4897; x_wconf 84' lang='lat' dir='ltr'><strong>incognitum?</strong></span> <span class='ocrx_word' id='word_1_696' title='bbox 2214 4829 2352 4883; x_wconf 89' lang='lat' dir='ltr'><strong>Num</strong></span> 
     </span>
    </p>
   </div>
   <div class='ocr_carea' id='block_1_96' title="bbox 789 4915 2349 4993">
    <p class='ocr_par' dir='ltr' id='par_1_96' title="bbox 789 4915 2349 4993">
     <span class='ocr_line' id='line_1_96' title="bbox 789 4915 2349 4993; baseline 0.004 -24"><span class='ocrx_word' id='word_1_697' title='bbox 789 4918 939 4970; x_wconf 87' lang='lat' dir='ltr'><strong>enim</strong></span> <span class='ocrx_word' id='word_1_698' title='bbox 975 4915 1139 4988; x_wconf 84' lang='lat' dir='ltr'><strong>(sicut</strong></span> <span class='ocrx_word' id='word_1_699' title='bbox 1170 4917 1245 4971; x_wconf 92' lang='lat' dir='ltr'><strong>ait</strong></span> <span class='ocrx_word' id='word_1_700' title='bbox 1286 4917 1503 4973; x_wconf 90' lang='lat' dir='ltr'><strong>divinus</strong></span> <span class='ocrx_word' id='word_1_701' title='bbox 1543 4919 1708 4972; x_wconf 87' lang='lat' dir='ltr'><strong>David</strong></span> <span class='ocrx_word' id='word_1_702' title='bbox 1742 4920 1783 4985; x_wconf 86' lang='grc'><strong>³)</strong></span> <span class='ocrx_word' id='word_1_703' title='bbox 1820 4920 1911 4993; x_wconf 85' lang='lat' dir='ltr'><strong>qui</strong></span> <span class='ocrx_word' id='word_1_704' title='bbox 1964 4920 2228 4988; x_wconf 88' lang='lat' dir='ltr'><strong>plantavit</strong></span> <span class='ocrx_word' id='word_1_705' title='bbox 2253 4937 2349 4976; x_wconf 87' lang='lat' dir='ltr'><strong>au-</strong></span> 
     </span>
    </p>
   </div>
   <div class='ocr_carea' id='block_1_97' title="bbox 788 5012 2352 5081">
    <p class='ocr_par' dir='ltr' id='par_1_97' title="bbox 788 5012 2352 5081">
     <span class='ocr_line' id='line_1_97' title="bbox 788 5012 2352 5081; baseline 0.004 -19"><span class='ocrx_word' id='word_1_706' title='bbox 788 5026 902 5063; x_wconf 76' lang='lat' dir='ltr'><strong>rem</strong></span> <span class='ocrx_word' id='word_1_707' title='bbox 927 5027 1036 5064; x_wconf 88' lang='lat' dir='ltr'><strong>non</strong></span> <span class='ocrx_word' id='word_1_708' title='bbox 1076 5012 1270 5065; x_wconf 86' lang='lat' dir='ltr'><strong>audit?</strong></span> <span class='ocrx_word' id='word_1_709' title='bbox 1317 5024 1410 5065; x_wconf 86' lang='lat' dir='ltr'><strong>aut</strong></span> <span class='ocrx_word' id='word_1_710' title='bbox 1447 5013 1538 5081; x_wconf 91' lang='lat' dir='ltr'><strong>qui</strong></span> <span class='ocrx_word' id='word_1_711' title='bbox 1575 5013 1728 5067; x_wconf 81' lang='lat' dir='ltr'><strong>ﬁnxit</strong></span> <span class='ocrx_word' id='word_1_712' title='bbox 1787 5015 2002 5068; x_wconf 89' lang='lat' dir='ltr'><strong>oculum</strong></span> <span class='ocrx_word' id='word_1_713' title='bbox 2054 5031 2166 5069; x_wconf 88' lang='lat' dir='ltr'><strong>non</strong></span> <span class='ocrx_word' id='word_1_714' title='bbox 2217 5031 2352 5069; x_wconf 90' lang='lat' dir='ltr'><strong>con-</strong></span> 
     </span>
    </p>
   </div>
   <div class='ocr_carea' id='block_1_98' title="bbox 791 5102 2355 5173">
    <p class='ocr_par' dir='ltr' id='par_1_98' title="bbox 791 5102 2355 5173">
     <span class='ocr_line' id='line_1_98' title="bbox 791 5102 2355 5173; baseline 0.004 -19"><span class='ocrx_word' id='word_1_715' title='bbox 791 5102 1018 5166; x_wconf 85' lang='lat' dir='ltr'><strong>siderat,</strong></span> <span class='ocrx_word' id='word_1_716' title='bbox 1057 5102 1142 5155; x_wconf 91' lang='lat' dir='ltr'><strong>cui</strong></span> <span class='ocrx_word' id='word_1_717' title='bbox 1182 5104 1267 5157; x_wconf 90' lang='lat' dir='ltr'><strong>vel</strong></span> <span class='ocrx_word' id='word_1_718' title='bbox 1294 5105 1409 5172; x_wconf 86' lang='lat' dir='ltr'><strong>ipse</strong></span> <span class='ocrx_word' id='word_1_719' title='bbox 1439 5108 1646 5173; x_wconf 89' lang='lat' dir='ltr'><strong>primus</strong></span> <span class='ocrx_word' id='word_1_720' title='bbox 1693 5114 1748 5160; x_wconf 87' lang='lat' dir='ltr'><strong>et</strong></span> <span class='ocrx_word' id='word_1_721' title='bbox 1786 5107 1942 5160; x_wconf 78' lang='lat' dir='ltr'><strong>exilis</strong></span> <span class='ocrx_word' id='word_1_722' title='bbox 1973 5108 2152 5162; x_wconf 88' lang='lat' dir='ltr'><strong>cordis</strong></span> <span class='ocrx_word' id='word_1_723' title='bbox 2185 5107 2355 5162; x_wconf 91' lang='lat' dir='ltr'><strong>nostri</strong></span> 
     </span>
    </p>
   </div>
   <div class='ocr_carea' id='block_1_99' title="bbox 793 5195 2356 5256">
    <p class='ocr_par' dir='ltr' id='par_1_99' title="bbox 793 5195 2356 5256">
     <span class='ocr_line' id='line_1_99' title="bbox 793 5195 2356 5256; baseline 0.007 -11"><span class='ocrx_word' id='word_1_724' title='bbox 793 5205 975 5247; x_wconf 88' lang='lat' dir='ltr'><strong>motus</strong></span> <span class='ocrx_word' id='word_1_725' title='bbox 1036 5195 1221 5248; x_wconf 84' lang='lat' dir='ltr'><strong>evadit</strong></span> <span class='ocrx_word' id='word_1_726' title='bbox 1274 5197 1642 5250; x_wconf 83' lang='lat' dir='ltr'><strong>manifestus?</strong></span> <span class='ocrx_word' id='word_1_727' title='bbox 1677 5200 1781 5252; x_wconf 90' lang='lat' dir='ltr'><strong>Sed</strong></span> <span class='ocrx_word' id='word_1_728' title='bbox 1819 5199 1865 5252; x_wconf 87' lang='lat' dir='ltr'><strong>si</strong></span> <span class='ocrx_word' id='word_1_729' title='bbox 1911 5201 2151 5256; x_wconf 90' lang='lat' dir='ltr'><strong>dolorem</strong></span> <span class='ocrx_word' id='word_1_730' title='bbox 2218 5202 2356 5256; x_wconf 86' lang='lat' dir='ltr'><strong>nolis</strong></span> 
     </span>
    </p>
   </div>
   <div class='ocr_carea' id='block_1_100' title="bbox 795 5285 2356 5361">
    <p class='ocr_par' dir='ltr' id='par_1_100' title="bbox 795 5285 2356 5361">
     <span class='ocr_line' id='line_1_100' title="bbox 795 5285 2356 5361; baseline 0.008 -25"><span class='ocrx_word' id='word_1_731' title='bbox 795 5285 993 5342; x_wconf 74' lang='lat' dir='ltr'><strong>habere</strong></span> <span class='ocrx_word' id='word_1_732' title='bbox 1057 5285 1443 5350; x_wconf 90' lang='lat' dir='ltr'><strong>intensiorem,</strong></span> <span class='ocrx_word' id='word_1_733' title='bbox 1506 5289 1638 5343; x_wconf 87' lang='lat' dir='ltr'><strong>mihi</strong></span> <span class='ocrx_word' id='word_1_734' title='bbox 1696 5303 1905 5358; x_wconf 79' lang='lat' dir='ltr'><strong>expone</strong></span> <span class='ocrx_word' id='word_1_735' title='bbox 1949 5293 2202 5359; x_wconf 86' lang='lat' dir='ltr'><strong>quidnam</strong></span> <span class='ocrx_word' id='word_1_736' title='bbox 2264 5295 2356 5361; x_wconf 84' lang='lat' dir='ltr'><strong>sit,</strong></span> 
     </span>
    </p>
   </div>
   <div class='ocr_carea' id='block_1_101' title="bbox 792 5378 2352 5448">
    <p class='ocr_par' dir='ltr' id='par_1_101' title="bbox 792 5378 2352 5448">
     <span class='ocr_line' id='line_1_101' title="bbox 792 5378 2352 5448; baseline 0.009 -20"><span class='ocrx_word' id='word_1_737' title='bbox 792 5378 940 5446; x_wconf 89' lang='lat' dir='ltr'><strong>quod</strong></span> <span class='ocrx_word' id='word_1_738' title='bbox 984 5387 1134 5431; x_wconf 90' lang='lat' dir='ltr'><strong>tuum</strong></span> <span class='ocrx_word' id='word_1_739' title='bbox 1168 5378 1383 5432; x_wconf 87' lang='lat' dir='ltr'><strong>mordet</strong></span> <span class='ocrx_word' id='word_1_740' title='bbox 1404 5381 1689 5448; x_wconf 85' lang='lat' dir='ltr'><strong>animum;</strong></span> <span class='ocrx_word' id='word_1_741' title='bbox 1730 5393 1780 5436; x_wconf 87' lang='lat' dir='ltr'><strong>et</strong></span> <span class='ocrx_word' id='word_1_742' title='bbox 1817 5381 2048 5438; x_wconf 85' lang='lat' dir='ltr'><strong>fortasse</strong></span> <span class='ocrx_word' id='word_1_743' title='bbox 2071 5386 2225 5440; x_wconf 86' lang='lat' dir='ltr'><strong>nobis</strong></span> <span class='ocrx_word' id='word_1_744' title='bbox 2244 5403 2352 5442; x_wconf 90' lang='lat' dir='ltr'><strong>non</strong></span> 
     </span>
    </p>
   </div>
   <div class='ocr_carea' id='block_1_102' title="bbox 790 5468 2352 5545">
    <p class='ocr_par' dir='ltr' id='par_1_102' title="bbox 790 5468 2352 5545">
     <span class='ocr_line' id='line_1_102' title="bbox 790 5468 2352 5545; baseline 0.008 -25"><span class='ocrx_word' id='word_1_745' title='bbox 790 5468 961 5521; x_wconf 75' lang='lat' dir='ltr'><strong>deerit</strong></span> <span class='ocrx_word' id='word_1_746' title='bbox 1024 5470 1346 5524; x_wconf 85' lang='lat' dir='ltr'><strong>remedium.</strong></span> <span class='ocrx_word' id='word_1_747' title='bbox 1406 5469 1501 5524; x_wconf 89' lang='lat' dir='ltr'><strong>Illa</strong></span> <span class='ocrx_word' id='word_1_748' title='bbox 1558 5483 1736 5526; x_wconf 87' lang='lat' dir='ltr'><strong>autem</strong></span> <span class='ocrx_word' id='word_1_749' title='bbox 1793 5475 2167 5531; x_wconf 87' lang='lat' dir='ltr'><strong>recordatione</strong></span> <span class='ocrx_word' id='word_1_750' title='bbox 2217 5478 2352 5545; x_wconf 87' lang='lat' dir='ltr'><strong>ejus,</strong></span> 
     </span>
    </p>
   </div>
   <div class='ocr_carea' id='block_1_103' title="bbox 792 5562 2354 5638">
    <p class='ocr_par' dir='ltr' id='par_1_103' title="bbox 792 5562 2354 5638">
     <span class='ocr_line' id='line_1_103' title="bbox 792 5562 2354 5638; baseline 0.007 -24"><span class='ocrx_word' id='word_1_751' title='bbox 792 5566 938 5628; x_wconf 83' lang='lat' dir='ltr'><strong>quod</strong></span> <span class='ocrx_word' id='word_1_752' title='bbox 976 5562 1176 5616; x_wconf 86' lang='lat' dir='ltr'><strong>factum</strong></span> <span class='ocrx_word' id='word_1_753' title='bbox 1227 5563 1430 5629; x_wconf 84' lang='lat' dir='ltr'><strong>fuerat,</strong></span> <span class='ocrx_word' id='word_1_754' title='bbox 1481 5577 1750 5619; x_wconf 88' lang='lat' dir='ltr'><strong>commota</strong></span> <span class='ocrx_word' id='word_1_755' title='bbox 1795 5567 1862 5620; x_wconf 93' lang='lat' dir='ltr'><strong>ad</strong></span> <span class='ocrx_word' id='word_1_756' title='bbox 1888 5568 2173 5638; x_wconf 79' lang='lat' dir='ltr'><strong>lacrymas,</strong></span> <span class='ocrx_word' id='word_1_757' title='bbox 2213 5573 2354 5638; x_wconf 89' lang='lat' dir='ltr'><strong>quod</strong></span> 
     </span>
    </p>
   </div>
   <div class='ocr_carea' id='block_1_104' title="bbox 793 5651 2348 5730">
    <p class='ocr_par' dir='ltr' id='par_1_104' title="bbox 793 5651 2348 5730">
     <span class='ocr_line' id='line_1_104' title="bbox 793 5651 2348 5730; baseline 0.006 -24"><span class='ocrx_word' id='word_1_758' title='bbox 793 5653 860 5706; x_wconf 83' lang='lat' dir='ltr'><strong>ab</strong></span> <span class='ocrx_word' id='word_1_759' title='bbox 888 5653 1042 5706; x_wconf 87' lang='lat' dir='ltr'><strong>initio</strong></span> <span class='ocrx_word' id='word_1_760' title='bbox 1069 5654 1316 5723; x_wconf 88' lang='lat' dir='ltr'><strong>petierat,</strong></span> <span class='ocrx_word' id='word_1_761' title='bbox 1345 5656 1526 5710; x_wconf 86' lang='lat' dir='ltr'><strong>denuo</strong></span> <span class='ocrx_word' id='word_1_762' title='bbox 1555 5651 1937 5723; x_wconf 74' lang='lat' dir='ltr'><strong>petiitEhristi</strong></span> <span class='ocrx_word' id='word_1_763' title='bbox 1975 5659 2348 5730; x_wconf 77' lang='lat' dir='ltr'><strong>Evangelium.</strong></span> 
     </span>
    </p>
   </div>
   <div class='ocr_carea' id='block_1_105' title="bbox 867 5826 1894 5891">
    <p class='ocr_par' dir='ltr' id='par_1_105' title="bbox 867 5826 1894 5891">
     <span class='ocr_line' id='line_1_105' title="bbox 867 5826 1894 5891; baseline 0 -14"><span class='ocrx_word' id='word_1_764' title='bbox 867 5827 879 5854; x_wconf 84' lang='grc'>¹</span> <span class='ocrx_word' id='word_1_765' title='bbox 914 5826 1048 5879; x_wconf 83' lang='lat' dir='ltr'><strong>Psal.</strong></span> <span class='ocrx_word' id='word_1_766' title='bbox 1081 5841 1280 5885; x_wconf 68' lang='lat' dir='ltr'><strong>xxxvii.</strong></span> <span class='ocrx_word' id='word_1_767' title='bbox 1312 5828 1365 5881; x_wconf 88' lang='lat'><strong>6.</strong></span> <span class='ocrx_word' id='word_1_768' title='bbox 1443 5830 1460 5859; x_wconf 79' lang='lat'><strong>’</strong></span> <span class='ocrx_word' id='word_1_769' title='bbox 1498 5827 1640 5882; x_wconf 83' lang='lat' dir='ltr'><strong>Psal.</strong></span> <span class='ocrx_word' id='word_1_770' title='bbox 1671 5842 1812 5891; x_wconf 73' lang='lat' dir='ltr'><strong>xxxi,</strong></span> <span class='ocrx_word' id='word_1_771' title='bbox 1847 5829 1894 5882; x_wconf 70' lang='grc' dir='ltr'><strong>ιι.</strong></span> 
     </span>
    </p>
   </div>
   <div class='ocr_carea' id='block_1_106' title="bbox 1976 5827 2428 5894">
    <p class='ocr_par' dir='ltr' id='par_1_106' title="bbox 1976 5827 2428 5894">
     <span class='ocr_line' id='line_1_106' title="bbox 1976 5827 2428 5894; baseline 0.004 -14"><span class='ocrx_word' id='word_1_772' title='bbox 1976 5831 1992 5860; x_wconf 83' lang='grc'>³</span> <span class='ocrx_word' id='word_1_773' title='bbox 2021 5827 2161 5882; x_wconf 83' lang='lat' dir='ltr'><strong>Psal.</strong></span> <span class='ocrx_word' id='word_1_774' title='bbox 2200 5845 2347 5894; x_wconf 85' lang='lat' dir='ltr'><strong>xcm,</strong></span> <span class='ocrx_word' id='word_1_775' title='bbox 2376 5830 2428 5884; x_wconf 86' lang='lat'><strong>9.</strong></span> 
     </span>
    </p>
   </div>
   <div class='ocr_carea' id='block_1_107' title="bbox 2455 4551 4036 4622">
    <p class='ocr_par' dir='ltr' id='par_1_107' title="bbox 2455 4551 4036 4622">
     <span class='ocr_line' id='line_1_107' title="bbox 2455 4551 4036 4622; baseline -0.002 -17"><span class='ocrx_word' id='word_1_776' title='bbox 2455 4554 2721 4622; x_wconf 74' lang='grc' dir='ltr'>ἠσκοῦντο</span> <span class='ocrx_word' id='word_1_777' title='bbox 2747 4552 3041 4617; x_wconf 79' lang='grc' dir='ltr'>Θεοσεόεἰς,</span> <span class='ocrx_word' id='word_1_778' title='bbox 3068 4555 3164 4606; x_wconf 79' lang='grc' dir='ltr'>καὶ</span> <span class='ocrx_word' id='word_1_779' title='bbox 3198 4551 3346 4607; x_wconf 76' lang='grc' dir='ltr'>οὕτω</span> <span class='ocrx_word' id='word_1_780' title='bbox 3379 4553 3578 4622; x_wconf 85' lang='grc' dir='ltr'>τρόπον</span> <span class='ocrx_word' id='word_1_781' title='bbox 3610 4553 3736 4605; x_wconf 76' lang='grc' dir='ltr'>τινὰ</span> <span class='ocrx_word' id='word_1_782' title='bbox 3767 4553 4036 4622; x_wconf 60' lang='grc' dir='ltr'>παραψυ-</span> 
     </span>
    </p>
   </div>
   <div class='ocr_carea' id='block_1_108' title="bbox 2455 4643 4036 4715">
    <p class='ocr_par' dir='ltr' id='par_1_108' title="bbox 2455 4643 4036 4715">
     <span class='ocr_line' id='line_1_108' title="bbox 2455 4643 4036 4715; baseline -0.009 -5"><span class='ocrx_word' id='word_1_783' title='bbox 2455 4647 2558 4715; x_wconf 78' lang='grc' dir='ltr'>χῆς</span> <span class='ocrx_word' id='word_1_784' title='bbox 2619 4647 2790 4715; x_wconf 73' lang='grc' dir='ltr'>ἑαυτῇ</span> <span class='ocrx_word' id='word_1_785' title='bbox 2843 4646 3285 4715; x_wconf 83' lang='grc' dir='ltr'>μηχανήσασθαι.</span> <span class='ocrx_word' id='word_1_786' title='bbox 3338 4643 3678 4698; x_wconf 78' lang='grc' dir='ltr'>’Ᾱπελθοῦσα</span> <span class='ocrx_word' id='word_1_787' title='bbox 3731 4644 3867 4710; x_wconf 74' lang='grc' dir='ltr'>γοῦν</span> <span class='ocrx_word' id='word_1_788' title='bbox 3937 4646 4036 4697; x_wconf 74' lang='grc' dir='ltr'>καὶ</span> 
     </span>
    </p>
   </div>
   <div class='ocr_carea' id='block_1_109' title="bbox 2452 4735 3656 4805">
    <p class='ocr_par' dir='ltr' id='par_1_109' title="bbox 2452 4735 3656 4805">
     <span class='ocr_line' id='line_1_109' title="bbox 2452 4735 3656 4805; baseline -0.004 -15"><span class='ocrx_word' id='word_1_789' title='bbox 2452 4737 2562 4790; x_wconf 91' lang='grc' dir='ltr'><strong>τῶν</strong></span> <span class='ocrx_word' id='word_1_790' title='bbox 2593 4737 2690 4805; x_wconf 84' lang='grc' dir='ltr'>τῆς</span> <span class='ocrx_word' id='word_1_791' title='bbox 2727 4737 3082 4805; x_wconf 80' lang='grc' dir='ltr'>προεστὼσης</span> <span class='ocrx_word' id='word_1_792' title='bbox 3113 4736 3390 4804; x_wconf 76' lang='grc' dir='ltr'>λαϐομένη</span> <span class='ocrx_word' id='word_1_793' title='bbox 3441 4735 3616 4786; x_wconf 80' lang='grc' dir='ltr'>ποδῶν</span> <span class='ocrx_word' id='word_1_794' title='bbox 3641 4774 3656 4797; x_wconf 93' lang='grc'><strong>,</strong></span> 
     </span>
    </p>
   </div>
   <div class='ocr_carea' id='block_1_110' title="bbox 2451 4827 4028 4901">
    <p class='ocr_par' dir='ltr' id='par_1_110' title="bbox 2451 4827 4028 4901">
     <span class='ocr_line' id='line_1_110' title="bbox 2451 4827 4028 4901; baseline -0.002 -18"><span class='ocrx_word' id='word_1_795' title='bbox 2451 4827 2521 4901; x_wconf 76' lang='grc' dir='ltr'>ἦν</span> <span class='ocrx_word' id='word_1_796' title='bbox 2569 4830 2797 4901; x_wconf 85' lang='grc' dir='ltr'>δεομένη</span> <span class='ocrx_word' id='word_1_797' title='bbox 2841 4830 3064 4898; x_wconf 87' lang='grc' dir='ltr'>ταύτης,</span> <span class='ocrx_word' id='word_1_798' title='bbox 3098 4828 3192 4881; x_wconf 76' lang='grc' dir='ltr'>καὶ</span> <span class='ocrx_word' id='word_1_799' title='bbox 3230 4828 3290 4881; x_wconf 85' lang='grc' dir='ltr'>τὸ</span> <span class='ocrx_word' id='word_1_800' title='bbox 3327 4829 3468 4881; x_wconf 82' lang='grc' dir='ltr'>θεῖον</span> <span class='ocrx_word' id='word_1_801' title='bbox 3505 4828 3841 4896; x_wconf 84' lang='grc' dir='ltr'>Εύαγγέλιον</span> <span class='ocrx_word' id='word_1_802' title='bbox 3888 4846 4028 4900; x_wconf 70' lang='grc' dir='ltr'>παρα</span> 
     </span>
    </p>
   </div>
   <div class='ocr_carea' id='block_1_111' title="bbox 2452 4918 4027 4993">
    <p class='ocr_par' dir='ltr' id='par_1_111' title="bbox 2452 4918 4027 4993">
     <span class='ocr_line' id='line_1_111' title="bbox 2452 4918 4027 4993; baseline -0.004 -16"><span class='ocrx_word' id='word_1_803' title='bbox 2452 4923 2687 4993; x_wconf 74' lang='grc' dir='ltr'>ἀχθῆναι</span> <span class='ocrx_word' id='word_1_804' title='bbox 2744 4921 2805 4973; x_wconf 78' lang='grc' dir='ltr'>τὸ</span> <span class='ocrx_word' id='word_1_805' title='bbox 2855 4921 3019 4991; x_wconf 84' lang='grc' dir='ltr'>τάχος</span> <span class='ocrx_word' id='word_1_806' title='bbox 3067 4920 3296 4973; x_wconf 76' lang='grc' dir='ltr'>αἰτοῦσα</span> <span class='ocrx_word' id='word_1_807' title='bbox 3327 4935 3340 4949; x_wconf 75' lang='grc'><strong><em>³</em></strong></span> <span class='ocrx_word' id='word_1_808' title='bbox 3393 4921 3484 4973; x_wconf 79' lang='grc' dir='ltr'>καὶ</span> <span class='ocrx_word' id='word_1_809' title='bbox 3527 4921 3590 4972; x_wconf 82' lang='grc' dir='ltr'>τὸ</span> <span class='ocrx_word' id='word_1_810' title='bbox 3649 4921 3826 4972; x_wconf 90' lang='grc' dir='ltr'>αῖτιον</span> <span class='ocrx_word' id='word_1_811' title='bbox 3887 4918 4027 4973; x_wconf 75' lang='grc' dir='ltr'>ῶστε</span> 
     </span>
    </p>
   </div>
   <div class='ocr_carea' id='block_1_112' title="bbox 2453 5012 4026 5084">
    <p class='ocr_par' dir='ltr' id='par_1_112' title="bbox 2453 5012 4026 5084">
     <span class='ocr_line' id='line_1_112' title="bbox 2453 5012 4026 5084; baseline -0.003 -14"><span class='ocrx_word' id='word_1_812' title='bbox 2453 5015 2834 5084; x_wconf 55' lang='grc' dir='ltr'>πληροςςορίαν</span> <span class='ocrx_word' id='word_1_813' title='bbox 2887 5014 3101 5065; x_wconf 80' lang='grc' dir='ltr'>ἐκεῖθεν</span> <span class='ocrx_word' id='word_1_814' title='bbox 3157 5012 3384 5076; x_wconf 79' lang='grc' dir='ltr'>λαϐεῖν,</span> <span class='ocrx_word' id='word_1_815' title='bbox 3455 5013 3503 5063; x_wconf 81' lang='grc' dir='ltr'><strong>εί</strong></span> <span class='ocrx_word' id='word_1_816' title='bbox 3559 5012 3620 5063; x_wconf 81' lang='grc' dir='ltr'>τὸ</span> <span class='ocrx_word' id='word_1_817' title='bbox 3678 5012 4026 5082; x_wconf 76' lang='grc' dir='ltr'>διαπραχείὲν</span> 
     </span>
    </p>
   </div>
   <div class='ocr_carea' id='block_1_113' title="bbox 2454 5104 4023 5178">
    <p class='ocr_par' dir='ltr' id='par_1_113' title="bbox 2454 5104 4023 5178">
     <span class='ocr_line' id='line_1_113' title="bbox 2454 5104 4023 5178; baseline 0.001 -19"><span class='ocrx_word' id='word_1_818' title='bbox 2454 5108 2692 5178; x_wconf 79' lang='grc' dir='ltr'>ἑσπέρας</span> <span class='ocrx_word' id='word_1_819' title='bbox 2711 5110 2849 5176; x_wconf 76' lang='grc' dir='ltr'>αὐτῇ</span> <span class='ocrx_word' id='word_1_820' title='bbox 2875 5108 2986 5168; x_wconf 86' lang='grc' dir='ltr'>τοῖς</span> <span class='ocrx_word' id='word_1_821' title='bbox 3006 5106 3099 5159; x_wconf 82' lang='grc' dir='ltr'><strong>τοῦ</strong></span> <span class='ocrx_word' id='word_1_822' title='bbox 3120 5104 3256 5156; x_wconf 82' lang='grc' dir='ltr'>Θεοῦ</span> <span class='ocrx_word' id='word_1_823' title='bbox 3276 5104 3432 5173; x_wconf 82' lang='grc' dir='ltr'>δῆλον</span> <span class='ocrx_word' id='word_1_824' title='bbox 3455 5106 3674 5173; x_wconf 75' lang='grc' dir='ltr'>γέγονεν</span> <span class='ocrx_word' id='word_1_825' title='bbox 3698 5105 4023 5175; x_wconf 75' lang='grc' dir='ltr'>ὀφθαλμοῖς.</span> 
     </span>
    </p>
   </div>
   <div class='ocr_carea' id='block_1_114' title="bbox 2454 5197 4026 5270">
    <p class='ocr_par' dir='ltr' id='par_1_114' title="bbox 2454 5197 4026 5270">
     <span class='ocr_line' id='line_1_114' title="bbox 2454 5197 4026 5270; baseline -0.007 -18"><span class='ocrx_word' id='word_1_826' title='bbox 2454 5201 2563 5254; x_wconf 69' lang='grc' dir='ltr'><strong>Καὶ</strong></span> <span class='ocrx_word' id='word_1_827' title='bbox 2595 5201 2667 5264; x_wconf 85' lang='grc' dir='ltr'><strong>τί,</strong></span> <span class='ocrx_word' id='word_1_828' title='bbox 2709 5201 2871 5267; x_wconf 77' lang='grc' dir='ltr'>φησὶν</span> <span class='ocrx_word' id='word_1_829' title='bbox 2921 5202 2954 5268; x_wconf 75' lang='grc' dir='ltr'><strong>ἡ</strong></span> <span class='ocrx_word' id='word_1_830' title='bbox 3000 5197 3387 5266; x_wconf 83' lang='grc' dir='ltr'>καθηγουμένη</span> <span class='ocrx_word' id='word_1_831' title='bbox 3416 5197 3552 5266; x_wconf 83' lang='grc' dir='ltr'>πρὸς</span> <span class='ocrx_word' id='word_1_832' title='bbox 3584 5197 3775 5266; x_wconf 77' lang='grc' dir='ltr'>αὐτὴν,</span> <span class='ocrx_word' id='word_1_833' title='bbox 3824 5202 4026 5270; x_wconf 63' lang='grc' dir='ltr'>ἡγνέη.</span> 
     </span>
    </p>
   </div>
   <div class='ocr_carea' id='block_1_115' title="bbox 2455 5285 4026 5359">
    <p class='ocr_par' dir='ltr' id='par_1_115' title="bbox 2455 5285 4026 5359">
     <span class='ocr_line' id='line_1_115' title="bbox 2455 5285 4026 5359; baseline -0.002 -17"><span class='ocrx_word' id='word_1_834' title='bbox 2455 5307 2544 5343; x_wconf 87' lang='grc' dir='ltr'><strong>ται</strong></span> <span class='ocrx_word' id='word_1_835' title='bbox 2577 5289 2652 5359; x_wconf 82' lang='grc' dir='ltr'>τῷ</span> <span class='ocrx_word' id='word_1_836' title='bbox 2707 5289 2865 5358; x_wconf 78' lang='grc' dir='ltr'>Θεῷ;</span> <span class='ocrx_word' id='word_1_837' title='bbox 2908 5289 2998 5355; x_wconf 82' lang='grc' dir='ltr'><strong>Μὴ</strong></span> <span class='ocrx_word' id='word_1_838' title='bbox 3058 5290 3166 5358; x_wconf 79' lang='grc' dir='ltr'><strong>γάρ</strong></span> <span class='ocrx_word' id='word_1_839' title='bbox 3203 5287 3298 5355; x_wconf 81' lang='grc' dir='ltr'>(ὡς</span> <span class='ocrx_word' id='word_1_840' title='bbox 3353 5287 3380 5338; x_wconf 80' lang='grc' dir='ltr'>ὀ</span> <span class='ocrx_word' id='word_1_841' title='bbox 3434 5286 3574 5347; x_wconf 82' lang='grc' dir='ltr'>θεῖος</span> <span class='ocrx_word' id='word_1_842' title='bbox 3621 5285 3725 5357; x_wconf 77' lang='grc' dir='ltr'>ἔφη</span> <span class='ocrx_word' id='word_1_843' title='bbox 3771 5288 3960 5354; x_wconf 60' lang='lat' dir='ltr'><strong>Auct-6)</strong></span> <span class='ocrx_word' id='word_1_844' title='bbox 4001 5292 4026 5339; x_wconf 71' lang='grc' dir='ltr'><em>ὁ</em></span> 
     </span>
    </p>
   </div>
   <div class='ocr_carea' id='block_1_116' title="bbox 2455 5376 4024 5448">
    <p class='ocr_par' dir='ltr' id='par_1_116' title="bbox 2455 5376 4024 5448">
     <span class='ocr_line' id='line_1_116' title="bbox 2455 5376 4024 5448; baseline -0.001 -17"><span class='ocrx_word' id='word_1_845' title='bbox 2455 5382 2728 5448; x_wconf 80' lang='grc' dir='ltr'>φυτεύσας</span> <span class='ocrx_word' id='word_1_846' title='bbox 2781 5383 2839 5433; x_wconf 64' lang='grc' dir='ltr'><strong>τ’)</strong></span> <span class='ocrx_word' id='word_1_847' title='bbox 2884 5376 2974 5442; x_wconf 78' lang='grc' dir='ltr'><strong>οὖς</strong></span> <span class='ocrx_word' id='word_1_848' title='bbox 3019 5381 3138 5448; x_wconf 75' lang='grc' dir='ltr'><strong>οὐχὶ</strong></span> <span class='ocrx_word' id='word_1_849' title='bbox 3195 5378 3419 5440; x_wconf 79' lang='grc' dir='ltr'>ἀκούεις</span> <span class='ocrx_word' id='word_1_850' title='bbox 3473 5377 3504 5447; x_wconf 76' lang='grc' dir='ltr'>ἢ</span> <span class='ocrx_word' id='word_1_851' title='bbox 3573 5379 3600 5430; x_wconf 82' lang='grc' dir='ltr'>ὁ</span> <span class='ocrx_word' id='word_1_852' title='bbox 3669 5379 3892 5441; x_wconf 87' lang='grc' dir='ltr'>πλάσας</span> <span class='ocrx_word' id='word_1_853' title='bbox 3933 5383 4024 5432; x_wconf 75' lang='grc' dir='ltr'>τὸν</span> 
     </span>
    </p>
   </div>
   <div class='ocr_carea' id='block_1_117' title="bbox 2455 5460 4021 5540">
    <p class='ocr_par' dir='ltr' id='par_1_117' title="bbox 2455 5460 4021 5540">
     <span class='ocr_line' id='line_1_117' title="bbox 2455 5460 4021 5540; baseline -0.003 -17"><span class='ocrx_word' id='word_1_854' title='bbox 2455 5471 2733 5540; x_wconf 71' lang='grc' dir='ltr'>ὀφθαλμὸν</span> <span class='ocrx_word' id='word_1_855' title='bbox 2761 5469 2884 5538; x_wconf 69' lang='grc' dir='ltr'><strong>οὐχ).</strong></span> <span class='ocrx_word' id='word_1_856' title='bbox 2929 5470 3226 5530; x_wconf 84' lang='grc' dir='ltr'>κατανοεῖ,</span> <span class='ocrx_word' id='word_1_857' title='bbox 3375 5465 3470 5517; x_wconf 81' lang='grc' dir='ltr'>καὶ</span> <span class='ocrx_word' id='word_1_858' title='bbox 3503 5466 3640 5535; x_wconf 81' lang='grc' dir='ltr'>αὑτὴ</span> <span class='ocrx_word' id='word_1_859' title='bbox 3685 5464 3882 5534; x_wconf 83' lang='grc' dir='ltr'>πρώτη</span> <span class='ocrx_word' id='word_1_860' title='bbox 3929 5469 4021 5518; x_wconf 77' lang='grc' dir='ltr'>καὶ</span> 
     </span>
    </p>
   </div>
   <div class='ocr_carea' id='block_1_118' title="bbox 2456 5556 4021 5634">
    <p class='ocr_par' dir='ltr' id='par_1_118' title="bbox 2456 5556 4021 5634">
     <span class='ocr_line' id='line_1_118' title="bbox 2456 5556 4021 5634; baseline -0.006 -16"><span class='ocrx_word' id='word_1_861' title='bbox 2456 5564 2627 5634; x_wconf 77' lang='grc' dir='ltr'>λεπτὴ</span> <span class='ocrx_word' id='word_1_862' title='bbox 2691 5564 2903 5632; x_wconf 83' lang='grc' dir='ltr'>κίνησις</span> <span class='ocrx_word' id='word_1_863' title='bbox 2956 5563 3053 5631; x_wconf 84' lang='grc' dir='ltr'>τῆς</span> <span class='ocrx_word' id='word_1_864' title='bbox 3114 5559 3340 5629; x_wconf 82' lang='grc' dir='ltr'>καρδίας</span> <span class='ocrx_word' id='word_1_865' title='bbox 3393 5558 3552 5630; x_wconf 80' lang='grc' dir='ltr'>ἡμῶν</span> <span class='ocrx_word' id='word_1_866' title='bbox 3599 5556 3739 5626; x_wconf 77' lang='grc' dir='ltr'>δήλη</span> <span class='ocrx_word' id='word_1_867' title='bbox 3787 5558 4021 5625; x_wconf 87' lang='grc' dir='ltr'>γίνεται,</span> 
     </span>
    </p>
   </div>
   <div class='ocr_carea' id='block_1_119' title="bbox 2459 5650 4022 5728">
    <p class='ocr_par' dir='ltr' id='par_1_119' title="bbox 2459 5650 4022 5728">
     <span class='ocr_line' id='line_1_119' title="bbox 2459 5650 4022 5728; baseline -0.005 -17"><span class='ocrx_word' id='word_1_868' title='bbox 2459 5659 2626 5728; x_wconf 79' lang='grc' dir='ltr'>πλὴν,</span> <span class='ocrx_word' id='word_1_869' title='bbox 2658 5659 2705 5711; x_wconf 82' lang='grc' dir='ltr'><strong>εί</strong></span> <span class='ocrx_word' id='word_1_870' title='bbox 2755 5657 2828 5727; x_wconf 80' lang='grc' dir='ltr'>μὴ</span> <span class='ocrx_word' id='word_1_871' title='bbox 2883 5656 3097 5727; x_wconf 82' lang='grc' dir='ltr'>μέλλοις</span> <span class='ocrx_word' id='word_1_872' title='bbox 3146 5653 3435 5707; x_wconf 78' lang='grc' dir='ltr'>ἐπιτείνειν</span> <span class='ocrx_word' id='word_1_873' title='bbox 3484 5652 3544 5705; x_wconf 80' lang='grc' dir='ltr'>τὸ</span> <span class='ocrx_word' id='word_1_874' title='bbox 3592 5650 3861 5721; x_wconf 81' lang='grc' dir='ltr'>ἄλγημα,</span> <span class='ocrx_word' id='word_1_875' title='bbox 3899 5651 4022 5718; x_wconf 61' lang='grc' dir='ltr'>ἔμοι</span> 
     </span>
    </p>
   </div>
   <div class='ocr_carea' id='block_1_120' title="bbox 3738 4738 4035 4806">
    <p class='ocr_par' dir='ltr' id='par_1_120' title="bbox 3738 4738 4035 4806">
     <span class='ocr_line' id='line_1_120' title="bbox 3738 4738 4035 4806; baseline 0.007 -18"><span class='ocrx_word' id='word_1_876' title='bbox 3738 4738 3912 4806; x_wconf 81' lang='grc' dir='ltr'>πολλή</span> <span class='ocrx_word' id='word_1_877' title='bbox 3947 4756 4035 4800; x_wconf 83' lang='grc' dir='ltr'><strong>τις</strong></span> 
     </span>
    </p>
   </div>
  </div>
