4198 6438
224 412 337 473 669

1157 407 1333 469 VlTA
1372 406 1434 467 S.
1470 399 1907 465 THEODORJE
1940 404 2533 467 ALEXANDRlN/E.

3353 412 3463 476 670

216 525 596 595 προσανάθου,
630 523 685 576 τί
708 524 770 577 τὸ
795 523 994 576 δάκνον
1027 540 1120 576 σου
1153 527 1249 591 τὴν
1281 522 1461 593 ψυχὴν
1481 563 1495 589 ,
1527 524 1624 577 καὶ
1666 523 1788 585 ἴσως

1866 571 1873 581 ,
1900 521 2056 587 Quod
2098 522 2319 591 quidem
2352 536 2476 577 cum
2503 524 2737 591 primum
2767 524 3081 591 evolvisset,
3116 525 3278 580 simul
3301 534 3465 597 atque

204 618 310 672 οὒκ
357 617 714 687 ἀπορήσομεν
758 616 1078 687 θεραπείας.
1138 615 1203 665 'H
1227 616 1307 677 δὲ,
1338 618 1401 685 τῇ
1456 616 1649 686 μνήμῃ
1694 614 1788 668 τοῦ

205 713 493 779 γεγονότος
547 710 837 780 κινηθεῖσα
888 709 1024 779 πρὸς
1100 709 1336 779 δάκρυα,
1397 710 1456 762 τδ
1507 710 1569 775 ἐξ
1614 710 1789 780 ἀρχῆς

202 802 437 868 οίτηθὲν
465 805 559 857 καὶ
594 800 748 866 αὖθις
784 803 962 873 ἐζήτει
1009 802 1103 855 τοῦ
1153 803 1389 871 Χριστοῦ
1428 804 1777 872 Εὑαγγέλιον.

210 894 392 963 ’Όπερ
425 895 585 958 εὖθὺς
620 896 906 961 άνελίξασα
944 894 1061 963 ἅμα
1092 898 1155 964 τῇ
1188 895 1413 965 ἐπιϐολῇ
1442 896 1553 949 τῶν
1594 896 1790 963 διέϐαλ-

211 986 331 1055 μῶν
353 989 531 1039 ἐκεῖνο
556 980 709 1051 εὗρεν
730 986 1067 1053 ἐγκείμενον,
1092 987 1149 1037 τὸ
1172 986 1199 1037 δ
1224 987 1473 1056 γέγραρα
1504 988 1783 1056 γέγραφα.

208 1081 323 1131 Καὶ
353 1081 563 1133 αὐτίκα
593 1079 741 1150 λύπῃ
776 1078 969 1149 βαρείᾳ
1003 1078 1100 1147 τὴν
1134 1078 1315 1147 ψυχὴν
1340 1079 1635 1147 πληγεῖσα,
1666 1082 1788 1141 ταῖς

207 1172 367 1239 χερσί
391 1189 450 1224 τε
474 1172 571 1241 τὴν
589 1172 711 1238 ὄψιν
730 1170 1038 1234 πατάξασα,
1074 1170 1211 1224 Οὐαί
1241 1190 1331 1241 μοι
1349 1175 1414 1241 τῇ
1441 1172 1621 1242 ἀθλία,
1646 1172 1786 1240 μέγα

207 1264 408 1331 ἐϐόησε
433 1281 446 1295 ·
487 1263 590 1333 φεῦ
625 1263 719 1332 τῆς
754 1262 983 1331 πλάνης,
1022 1264 1124 1331 φεῦ
1156 1264 1251 1317 τοῦ
1279 1264 1669 1339 τολμήματοςί
1702 1265 1784 1325 είς

214 1352 326 1419 γὰρ
377 1352 475 1419 τὴν
522 1352 614 1403 τοῦ
669 1352 864 1421 ἀνδρὸς
910 1351 1173 1423 ἑξύδρισα
1222 1354 1429 1422 κοίτην.
1475 1353 1661 1405 Ταῦτα
1692 1352 1785 1405 λέ-

214 1460 414 1509 γουσα,
448 1444 545 1498 καὶ
597 1444 910 1515 συγχύσεως
953 1448 1054 1515 μὲν
1088 1447 1185 1515 τὴν
1222 1446 1454 1515 καρδίαν
1483 1487 1497 1511 ,
1529 1445 1783 1514 δακρύων

208 1538 265 1589 δὲ
316 1538 600 1607 πληροῦσα
649 1540 709 1591 τὸ
762 1541 980 1609 ἔδαφος,
1017 1540 1114 1593 καὶ
1166 1540 1301 1609 μηδὲ
1344 1540 1406 1591 τὸ
1434 1539 1587 1608 ὄμμα
1644 1539 1783 1609 πρὸς

206 1631 478 1700 οὐρανοὺς
508 1634 688 1702 αἴρειν
740 1633 1019 1703 τολμῶσα,
1053 1633 1190 1685 ἀλλά
1220 1635 1313 1686 καί⁵
1357 1634 1550 1686 τούτου
1589 1634 1782 1703 ἀπείρ-

1895 612 2085 681 injecit
2112 614 2322 677 oculos,
2354 613 2713 668 invenitillud
2734 616 2996 684 scriptum
3033 616 3225 683 :Quod
3240 620 3463 688 scripsi,

1892 704 2087 773 scripsi
2124 703 2167 758 δ.
2212 722 2230 756 ι
2271 704 2338 758 Et
2387 704 2549 759 simul
2589 706 2739 774 gravi
2774 707 2940 761 animi
2968 708 3157 763 dolore
3188 711 3458 774 sauciata.

1890 803 1949 848 et
1977 795 2227 849 manibus
2256 811 2413 850 suam
2458 798 2682 866 pulsans
2718 797 2909 853 faciem
2944 816 2958 853 :
2990 799 3088 853 Hei
3124 802 3256 855 mihi
3296 802 3462 857 mise-

1892 902 1988 952 ναξ,
2016 903 2208 958 magna
2238 904 2373 943 voce
2408 890 2726 943 exclamavit
2762 908 2776 958 ;
2837 908 2869 944 0
2917 907 3181 955 errorem,
3214 908 3247 945 ο
3282 895 3458 948 audax

1890 978 2137 1033 facinus!
2183 979 2381 1033 violavi
2433 981 2533 1035 viri
2575 982 2771 1035 cubile.
2831 982 2959 1037 Hmc
3010 985 3222 1049 dicens,
3266 995 3321 1039 et
3366 1002 3458 1040 cor

1888 1069 2108 1137 quidem
2148 1071 2493 1134 confusione,
2530 1073 2704 1126 solum
2728 1084 2909 1129 autem
2940 1076 3156 1145 replens
3179 1078 3453 1146 lacrymls.

1885 1170 2076 1215 etnec
2123 1161 2188 1215 ad
2231 1164 2426 1217 coelum
2466 1165 2685 1231 quidem
2722 1168 2929 1221 audens
2974 1169 3161 1221 oculos
3187 1168 3455 1231 attollere,

1882 1250 1981 1303 sed
2012 1252 2177 1303 etiam
2202 1252 2268 1304 ab
2295 1253 2396 1305 hoc
2437 1252 2625 1307 dicens
2649 1269 2707 1307 se
2746 1257 2942 1318 arceri,
2975 1266 3035 1309 ut
3083 1273 3202 1325 qua:
3243 1256 3455 1309 nefario

1889 1356 1987 1394 suo
2018 1341 2220 1412 flagitio
2257 1344 2432 1411 ipsum
2480 1345 2640 1399 etiam
2706 1362 2884 1400 aerem
2941 1348 3212 1416 polluerit,
3268 1349 3457 1402 statuit

1890 1430 2276 1500 deincepsnon
2303 1436 2541 1503 amplius
2589 1452 2813 1490 manere
2853 1438 2906 1489 iu
2940 1440 3167 1503 mundo,
3199 1448 3253 1492 et
3286 1440 3338 1491 in
3392 1440 3457 1493 iis

1892 1537 2014 1591 quae
2045 1528 2175 1577 sunt
2204 1524 2415 1589 mundi,
2446 1526 2537 1579 sed
2565 1528 2989 1593 sapientissimis
3018 1530 3267 1600 cogitatis
3327 1545 3459 1599 sup-

1891 1613 2133 1681 plantare
2157 1630 2280 1668 eum
2303 1616 2391 1684 qui
2416 1616 2726 1686 deceperat.

209 1723 406 1788 γεσθαι
446 1724 702 1793 λέγουσα,
751 1726 827 1788 ὡς
877 1728 972 1779 καὶ
1020 1725 1099 1794 τῷ
1144 1726 1265 1796 ἀέρι
1337 1726 1612 1794 μολυσμὸν
1670 1726 1834 1779 δοῦσα
1866 1730 1930 1795 τῇ
1986 1728 2185 1798 ἀτοπία
2246 1729 2339 1783 τοῦ
2393 1734 2825 1802 ἐγχειρήματος,
2878 1735 2952 1806 μὴ
2993 1737 3312 1807 προσθεῖναι
3362 1737 3456 1790 τὸν

208 1818 401 1871 λοιπον
447 1820 587 1886 ἔγνω
627 1822 821 1889 κόσμῳ
856 1823 1183 1887 προσμεῖναι
1216 1820 1453 1882 καὶτοῖς
1506 1823 1561 1873 ἐν
1618 1819 2016 1891 κόσμῳ,“ἀλλὰ
2050 1825 2391 1892 σοφωτάταις
2437 1828 2710 1892 ἐπινοίαις
2773 1834 3063 1900 πτερνίσαι
3106 1833 3196 1885 τὸν
3235 1834 3454 1905 ἀπατή-

209 1927 405 1963 σαντα.

282 1998 357 2053 Δ’.
381 1998 494 2052 Kal.
516 1998 757 2070 ἀνδρεῖον
784 1999 984 2055 αὐτίκα
1021 2001 1209 2073 σχῆμα
1235 2004 1568 2076 περιθεμένη
1588 2045 1601 2066 .
1634 2006 1784 2058 ὡσᾶν
1819 2011 1859 2066 Β

203 2092 351 2145 οὕτω
376 2093 503 2156 τοὺς
533 2093 830 2158 διώκοντας
863 2095 1009 2166 λάθῃ
1035 2097 1173 2167 (ᾔδει
1211 2099 1320 2167 γάρ
1357 2098 1433 2162 ὡς
1465 2101 1668 2169 σφόδρα
1702 2101 1780 2167 τῷ

207 2186 371 2254 ἀνδρὶ
404 2185 630 2256 μελήσει
666 2190 795 2256 περὶ
829 2189 999 2257 αὐτῆς
1034 2192 1128 2243 καὶ
1161 2194 1220 2244 οὐ
1260 2194 1523 2247 παύσεται
1576 2193 1779 2262 ταύτην

205 2279 525 2349 ἐπιζητῶν),
552 2280 762 2349 ἀνδρῶν
786 2281 1035 2350 πρόσεισι
1060 2286 1328 2353 κοινοϐίῳ,
1350 2286 1783 2356 σημείοιςοκτω-

210 2374 445 2427 καίδεκα
499 2375 597 2441 τῆς
647 2373 1051 2443 Ἀλεξανδρέων
1106 2378 1412 2447 ἀπέχοντι·
1444 2382 1537 2433 καὶ
1564 2378 1643 2432 ἔτι
1687 2379 1781 2433 τοῦ

206 2468 453 2526 πυλῶνος
503 2465 607 2528 ἔξω
664 2466 1047 2533 τυγχάνουσα,
1088 2470 1433 2537 εἰσδεχθῆναί
1490 2489 1550 2523 τε
1610 2472 1781 2542 αὐτὴν

203 2559 391 2628 ἠξίου,
424 2557 521 2609 καὶ
563 2555 658 2610 τοῦ
694 2557 932 2627 ἀριθμοῦ
968 2560 1219 2626 γενέσθαι
1259 2561 1370 2612 τῶν
1396 2562 1773 2629 ἀσκουμένων.

215 2651 282 2702 Οἱ
337 2647 395 2701 δὲ
440 2649 502 2701 οὐ
562 2648 829 2720 πρότερον
875 2649 1087 2719 ἔφησαν
1132 2651 1306 2721 αὐτὴν
1354 2652 1777 2715 είσοικίσασθαι,

204 2741 389 2795 καίτοι
441 2741 614 2811 ἄνδρα
654 2743 868 2805 τούτοις
914 2743 1006 2795 καὶ
1042 2743 1164 2812 οὐχὶ
1204 2746 1441 2811 γυναῖκα
1488 2745 1781 2817 νομιζομέ-

205 2849 330 2900 νην,
369 2834 416 2884 εί
463 2831 537 2901 μὴ
586 2833 718 2901 παρ’
743 2833 871 2903 ὃλην
922 2834 1041 2885 ἐκεῖ
1070 2834 1170 2904 τὴν
1201 2835 1371 2887 νύκτα
1405 2836 1616 2905 αἴθριος
1660 2838 1779 2890 δια-

205 2925 395 2994 μείνῃ,
428 2924 521 2975 καὶ
556 2923 804 2993 δοκίμιον
848 2924 992 2977 οὕτω
1016 2927 1319 2997 καρτερίας
1352 2930 1614 2999 παράσχῃ
1666 2934 1779 2994 τοῖς

202 3016 475 3081 ἀδελφοῖς.
578 3016 642 3069 'H
722 3017 778 3070 δὲ
842 3020 902 3072 οὐ
974 3018 1135 3086 μόνον
1207 3020 1380 3091 ἡδέως
1440 3021 1655 3088 ἐδέξατο
1714 3024 1778 3075 τὸ

202 3104 415 3176 λεχθὲν,
473 3106 565 3159 καὶ
611 3109 784 3161 ταῦτα
831 3110 903 3179 μὴ
956 3111 1235 3178 ἀγνοοῦσα
1271 3114 1353 3165 ὅτι
1392 3111 1558 3180 θηρία
1606 3113 1777 3168 πολλά

203 3196 309 3264 τῆς
330 3199 525 3261 νυκτὸς
556 3200 887 3265 προσϐάλλει
919 3202 1005 3254 διὰ
1050 3204 1111 3254 τὸ
1146 3203 1241 3255 τοῦ
1276 3205 1443 3256 τόπου
1482 3206 1690 3274 ἔρημόν
1718 3224 1776 3259 τε

202 3292 304 3342 καὶ
329 3291 523 3360 κομιδῇ
556 3290 775 3360 ἄγριον,
824 3292 963 3345 ἀλλὰ
998 3295 1092 3347 καὶ
1122 3296 1203 3358 είς
1234 3295 1396 3366 ἔργον
1431 3298 1491 3349 τὸ
1532 3315 1771 3367 προστα-

203 3382 336 3449 χθὲν
358 3383 531 3452 ἤγαγε
559 3401 572 3415 ο
607 3387 701 3437 καὶ
732 3385 1183 3456 διενυκτέρευσεν
1214 3386 1356 3441 οὕτω
1380 3391 1770 3460 προσμένουσα

198 3475 281 3547 τῷ
306 3478 535 3529 πυλῶνι.
556 3477 646 3529 Διὸ
674 3479 767 3529 καὶ
791 3480 816 3530 ὁ
840 3479 918 3547 τῷ
944 3480 1141 3547 Δανιὴλ
1168 3481 1335 3533 πάλαι
1364 3482 1772 3552 καθημερὼσας

196 3568 300 3637 τὴν
346 3568 620 3620 λεοντείοιν
660 3569 947 3638 ὠμότητα,
1001 3570 1167 3634 αὐτὸς
1208 3574 1302 3624 καὶ
1350 3572 1443 3624 νῦν
1490 3575 1589 3644 τὴν
1619 3576 1771 3629 ὁσίαν

201 3659 473 3729 προειδὼς
505 3663 585 3722 είς
616 3656 730 3713 οἷον
758 3661 895 3731 ὕψος
953 3663 1355 3735 ἀναδραμεῖται
1405 3666 1505 3737 τῆς
1547 3671 1769 3739 ἀρετῆς,

199 3755 294 3806 καὶ
322 3752 517 3823 θηρσὶν
542 3754 786 3826 ἄληπτον
826 3757 1148 3828 διετήρησεν
1176 3772 1191 3787 ⁸
1224 3759 1249 3810 ὃ
1294 3763 1387 3812 καὶ
1425 3762 1561 3828 αὐτῇ
1607 3763 1771 3832 πείρᾳ

200 3844 623 3913 καταμαθόντες
656 3848 705 3896 al
741 3849 968 3915 μοναχο“ι
1019 3848 1079 3899 τὸ
1134 3850 1376 3900 συνεῖναι
1415 3850 1625 3913 τούτοις
1655 3849 1772 3905 θεο-

199 3934 355 4000 φιλὲς
382 3934 620 4002 ἔκριναν.
684 3936 964 4006 Ἀσμένως
1019 3934 1113 3991 οὖν
1144 3940 1543 4013 είσδεχθείσης,
1597 3948 1624 3998 ὁ
1672 3947 1771 4017 τῆς

201 4024 374 4093 μονῆς
395 4026 702 4095 προεστὼς,
756 4028 998 4099 ²εντυχὼν
1032 4032 1169 4104 αὐτῇ
1222 4036 1364 4087 κατά
1412 4037 1604 4105 μόνας,
1651 4040 1769 4091 ὲπιυ

200 4120 381 4187 μελῶς
419 4120 628 4189 ἠρώτα,
664 4119 747 4183 τίς
772 4139 831 4174 τε
863 4124 970 4191 εἴη,
1032 4126 1125 4175 καὶ
1166 4127 1306 4178 κατὰ
1361 4128 1519 4179 ποίαν
1557 4130 1619 4198 δὴ
1668 4132 1768 4200 τὴν

197 4212 406 4275 αἰτίαν,
461 4213 600 4281 πρὸς
645 4212 714 4263 τά
761 4200 891 4265 τῶν
926 4216 1179 4283 μοναχῶν
1234 4220 1619 4289 παραγένοιτο.
1678 4224 1769 4295 Μὴ

196 4302 528 4373 δανείσμασι
600 4304 802 4375 χρεῶν,
876 4307 1031 4376 φησὶ,
1084 4307 1469 4381 βαρυνόμενος,
1526 4313 1557 4384 ἢ
1622 4316 1768 4389 φόνῳ

196 4396 346 4458 τινὸς
370 4396 550 4463 ἁλοὺς,
584 4398 615 4466 ἦ
643 4402 864 4467 τρέφειν
901 4402 1097 4461 παῖδας
1124 4404 1449 4473 ἠπορηκὼς,
1486 4409 1547 4460 τὸ
1578 4427 1769 4479 κοσμιο

196 4488 293 4537 κὸν
337 4487 636 4539 ἀποϐαλεῖν
690 4490 878 4557 σχῆμα
914 4491 1164 4561 προείλου
1194 4510 1209 4557 ;
1242 4497 1319 4547 Δι’
1355 4498 1506 4551 οὐδὲν
1530 4502 1758 4569 τούτων,

196 4581 233 4647 ἡ
261 4576 512 4649 Θεοδώρα
534 4577 713 4643 εἶπεν,
741 4574 784 4634 ὦ
823 4583 1020 4652 πάτερ,
1058 4584 1193 4638 ἀλλά
1231 4588 1379 4657 παρά
1412 4590 1471 4642 τὸ
1502 4593 1763 4661 σχολάσαι

201 4690 268 4741 με
308 4673 472 4741 μόνον
503 4672 597 4725 τοῦ
652 4675 921 4745 κοσμικοῦ
974 4676 1229 4747 θορύϐου,
1274 4683 1369 4735 καὶ
1412 4682 1509 4745 τὰς
1555 4688 1758 4747 οἰκείας
1798 4709 1838 4763 D

196 4764 647 4820 ἀποκλαύσασθαι
694 4766 991 4837 ἁμαρτίας.
1050 4772 1175 4834 Πῶς
1208 4773 1263 4825 δὲ
1307 4774 1421 4837 καὶ,
1470 4776 1768 4845 ἀνθυπέφε-

198 4874 293 4924 ρεν
321 4857 347 4907 ὁ
382 4858 575 4924 μέγας,
599 4859 761 4928 καλῇς
800 4861 907 4913 Καὶ
940 4862 971 4931 ή
1002 4865 1248 4929 γενναία,
1282 4865 1576 4935 Θεόδωρος,
1596 4865 1770 4934 εἶπεν,

198 4951 321 5016 ἐμοὶ
376 4949 435 5003 τδ
482 4949 679 5019 ὄνομα.
734 4951 791 5003 '0
823 4952 879 5005 δὲ
906 4993 921 5018 ,
959 4954 1052 5007 καὶ
1090 4956 1165 5027 μὴ
1204 4958 1556 5028 ὑπολάμϐανε
1583 5003 1596 5023 ,
1638 4965 1767 5033 ἔφη,

196 5041 395 5111 ἁδέλφὶ
465 5043 731 5112 Θεόδωρε,
814 5046 895 5099 ὃτι
946 5048 1101 5110 ἐκτὸς
1161 5049 1311 5102 ἔσται
1378 5068 1457 5104 σοι
1527 5054 1771 5126 πόνωνή

197 5135 435 5189 ἐνταῦθα
484 5138 733 5208 διαγωγή
764 5153 778 5167 ·
811 5139 927 5191 ἀλλ’
962 5141 1011 5192 εἰ
1043 5140 1221 5211 βούλει
1266 5142 1343 5211 τῷ
1385 5144 1498 5196 ὄντι
1526 5146 1615 5196 τὶν
1668 5148 1765 5214 τῆς

196 5226 449 5294 ὑπακοῆς
506 5228 670 5295 ζυγὸν
752 5228 1044 5295 ὑπελθεῖν,
1112 5231 1313 5295 πάσαις
1372 5232 1517 5287 ίσθι⁶
1554 5234 1765 5304 χρείαις

196 5319 565 5387 ὑπηρετήσων
621 5320 729 5372 τῶν
787 5320 1056 5387 ἀδελφῶν,
1116 5325 1178 5375 οὐ
1231 5327 1352 5385 ταῖς
1400 5326 1457 5377 ὲν
1501 5326 1564 5393 τῇ
1624 5328 1761 5397 μονῇ

198 5414 386 5476 μόνον,
409 5405 519 5463 οἷον
546 5411 652 5462 τῶν
680 5412 862 5479 φυτῶν
898 5414 990 5465 καί
1022 5413 1269 5482 λαχάνων
1308 5415 1757 5484 ἐπιμελούμενος,

197 5503 392 5565 ’ὑδατός
458 5519 516 5557 τε
575 5505 916 5576 μετακομιδῆ
974 5504 1443 5575 λειτουργῶνφαί
1495 5508 1758 5579 ἀμελλητὶ

190 5593 392 5666 ἄρδων,
422 5596 558 5649 ἀλλά
583 5595 646 5666 δὴ
672 5597 766 5647 καὶ
786 5601 906 5661 ταῖς
936 5598 1039 5662 ἔξω
1067 5597 1269 5667 ταύτης
1316 5599 1754 5670 διακονούμενος,

195 5688 292 5746 καὶ
324 5688 414 5741 ὅτε
444 5690 603 5756 χρεία
635 5690 821 5759 καλοίη
865 5692 997 5759 πρὸς
1039 5691 1134 5762 τὴν
1173 5691 1327 5744 πόλιν
1374 5694 1633 5762 ἀπιέναι,
1681 5693 1755 5765 μὴ

266 5842 291 5878 ⁸
319 5842 475 5902 Joan.
502 5862 612 5906 xix.
641 5846 727 5900 ‘22.
797 5845 835 5879 ”
858 5846 985 5905 Dm.
1015 5819 1086 5909 γι,
1125 5848 1144 5899 ι
1175 5864 1325 5923 seqq.

1962 2006 2052 2062 IV.
2085 2006 2235 2063 Virili
2278 2019 2458 2065 autem
2512 2010 2698 2066 induta
2748 2012 2951 2074 habitu.
3008 2024 3065 2068 ut
3112 2014 3303 2071 lateret
3354 2034 3453 2073 eos

1882 2099 1971 2167 qui
2002 2114 2118 2152 eam
2150 2113 2604 2171 persequerentur
2627 2104 2856 2171 (sciebat
2896 2106 3039 2159 enim
3084 2107 3218 2174 fore,
3250 2118 3307 2163 ut
3337 2112 3451 2180 ipsa

1883 2190 2076 2243 marito
2127 2206 2335 2261 magna:
2386 2204 2531 2249 esset
2575 2211 2743 2259 curre,
2779 2206 2832 2251 et
2880 2213 2998 2251 eam
3049 2215 3158 2252 non
3214 2215 3454 2258 cessaret

1880 2282 2163 2347 quaerere)
2212 2283 2420 2337 accedit
2475 2285 2541 2337 ad
2603 2285 2841 2338 virorum
2912 2286 3247 2348 cmnobium,
3305 2290 3452 2357 quod

1881 2371 2072 2427 decem
2102 2381 2156 2428 et
2193 2383 2316 2430 octo
2357 2376 2608 2430 milliaria
2635 2377 2799 2431 distat
2828 2377 3173 2433 Alexandria.
3218 2381 3284 2434 Et
3326 2396 3451 2437 cum

1882 2476 2027 2519 esset
2082 2476 2231 2520 extra
2283 2470 2631 2534 vestibulum,
2675 2472 2897 2541 rogabat
2951 2481 3011 2525 ut
3050 2473 3195 2525 intro
3249 2473 3451 2530 admit-

1863 2570 2107 2623 ‘teretur,
2168 2568 2223 2613 et
2270 2570 2414 2615 esset
2450 2577 2513 2615 ex
2555 2578 2787 2616 numero
2839 2576 3026 2615 eorum
3086 2564 3176 2632 qui
3227 2579 3450 2619 exerce-

1880 2648 2099 2703 bantur.
2176 2649 2257 2704 llli
2294 2662 2476 2723 autem
2527 2651 2801 2717 dixerunt,
2857 2668 2915 2707 se
2965 2668 3074 2707 non
3128 2655 3277 2721 prius
3328 2670 3448 2709 eam

1879 2754 2000 2795 esse
2058 2731 2487 2807 intromissuros,
2533 2743 2633 2798 etsi
2682 2744 2767 2799 vir
2812 2745 2882 2800 ab
2917 2746 2995 2801 eis
3044 2746 3451 2802 existimaretur

1879 2848 2019 2897 esse.
2056 2843 2111 2889 et
2153 2849 2262 2889 non
2296 2835 2520 2901 femina,
2559 2836 2665 2890 nisi
2709 2844 2819 2891 teta
2864 2846 3023 2891 nocte
3064 2838 3173 2891 illic
3208 2847 3450 2891 maneret

1870 2926 1980 2981 sub
2016 2927 2127 2990 dio,
2166 2936 2219 2981 et
2254 2927 2551 2981 tolerantiae
2590 2928 3022 2996 experimentum
3069 2928 3147 2982 sic
3187 2928 3451 2997 prreberet

1877 3016 2153 3070 fratribus.
2187 3017 2273 3069 llla
2304 3027 2485 3072 autem
2517 3018 2750 3071 libenter
2785 3019 3016 3087 accepit,
3051 3019 3197 3087 quod
3240 3019 3445 3072 dictum

1879 3106 2077 3168 fuerat;
2132 3108 2293 3177 idque
2351 3123 2474 3163 cum
2545 3123 2652 3162 non
2707 3109 3004 3179 ignoraret,
3059 3108 3203 3177 quod
3280 3111 3446 3163 noctu

1876 3201 2060 3254 multa:
2104 3202 2289 3254 bestia:
2332 3200 2778 3269 ingrediebantur
2818 3216 2915 3270 per
2953 3201 3133 3255 locum
3166 3200 3444 3255 desertum

1877 3301 1932 3345 et
1966 3292 2255 3345 admodum
2293 3302 2581 3362 agrestem,
2618 3293 2713 3346 sed
2759 3294 2921 3351 etiam
2952 3292 3175 3347 deduxit
3208 3294 3272 3347 ad
3309 3307 3444 3361 opus

1878 3384 1929 3439 id
1976 3386 2119 3454 quod
2190 3386 2511 3454 imperatum
2567 3384 2785 3440 fuerat:
2835 3392 2889 3440 et
2942 3385 3022 3439 sic
3081 3386 3440 3455 pernoctavit,

1878 3492 2108 3531 manens
2160 3486 2285 3531 ante
2339 3478 2687 3531 vestibulum.
2748 3476 3115 3541 Quamobrem
3176 3478 3264 3547 qui
3315 3479 3445 3532 olim

1876 3569 2081 3623 Danieli
2122 3569 2388 3623 leoninam
2438 3570 2797 3623 mansuefecit
2850 3568 3225 3623 crudelitatem
3251 3570 3300 3632 ',
3330 3570 3444 3639 ipse

1876 3678 2093 3731 quoque
2124 3662 2301 3716 sciens
2343 3664 2407 3716 ad
2441 3673 2696 3733 quantam
2736 3662 2950 3717 virtutis
2993 3661 3336 3715 altitudinem
3372 3661 3444 3716 sit

1874 3762 2058 3806 sancta
2112 3763 2462 3820 perventura,
2516 3754 2862 3807 conservavit
2918 3767 3059 3815 eam,
3109 3768 3178 3806 ne
3225 3767 3253 3805 a
3312 3752 3439 3807 feris

1874 3854 2179 3915 caperetur.
2243 3845 2398 3912 Quod
2450 3861 2570 3901 cum
2623 3846 2875 3901 monachi
2931 3846 3048 3914 ipsa
3125 3844 3442 3899 didicissent

1873 3937 2227 4007 experientia,
2269 3939 2589 4006 judicarunt
2623 3953 2744 3991 esse
2798 3938 2908 3991 Deo
2950 3946 3186 4005 gratum,
3220 3944 3280 3988 ut
3319 3948 3440 3989 cum

1872 4030 1952 4083 eis
1979 4036 2300 4082 versaretur.
2331 4027 2407 4081 Ea
2433 4042 2562 4096 ergo
2588 4028 2819 4081 libenter
2859 4028 3114 4090 admissa,
3150 4027 3442 4096 pnefectus

1874 4120 2184 4174 monasterii
2219 4134 2338 4174 eam
2389 4119 2618 4174 seorsim
2658 4120 2949 4183 allocutus,
2986 4121 3274 4191 diligenter
3321 4134 3440 4173 eam

1874 4213 2078 4278 rogavit
2102 4214 2350 4281 quisnam
2377 4221 2541 4274 esset,
2574 4222 2627 4267 et
2654 4228 2889 4281 quanam
2909 4212 2980 4265 ‘de
3010 4227 3172 4265 causa
3200 4212 3440 4265 venisset

1870 4306 1934 4361 ad
1989 4305 2393 4361 monasterium.
2449 4303 2610 4369 Num,
2672 4304 2867 4374 inquit,
2903 4303 3112 4360 femore
3160 4312 3437 4375 gravatus,

1869 4408 1964 4454 aut
2006 4400 2160 4453 factae
2195 4399 2356 4454 cmdis
2396 4400 2694 4459 convictus,
2731 4411 2825 4451 aut
2863 4413 2987 4450 cum
3054 4413 3165 4450 non
3211 4397 3440 4451 haberes

1871 4492 2012 4545 unde
2076 4491 2213 4543 filios
2257 4490 2450 4551 aleres,
2498 4488 2730 4541 statuisti
2782 4487 3113 4541 mundanum
3162 4486 3437 4555 deponere

1868 4582 2153 4637 habitum?
2200 4579 2426 4651 Propter
2486 4580 2690 4633 nullum
2752 4579 2969 4642 horum,
3003 4594 3037 4633 ο
3082 4578 3259 4641 Pater,
3305 4577 3439 4632 dixit

1869 4674 2173 4735 Tlieodora,
2224 4674 2317 4727 sed
2352 4683 2410 4726 ut
2448 4671 2594 4725 solus
2628 4672 2866 4739 quietem
2911 4688 3062 4741 agam
3096 4685 3124 4723 a
3158 4669 3435 4723 mundano

1871 4765 2126 4826 tumultu,
2160 4775 2212 4819 et
2247 4781 2361 4819 mea
2393 4764 2617 4817 deﬂeam
2644 4771 2882 4832 peccata.
2914 4762 3197 4826 Quomodo
3227 4771 3434 4824 autem,

1870 4857 2153 4926 subiunxit
2212 4870 2441 4924 magnus
2508 4855 2817 4925 praefectus,
2888 4853 3242 4924 appellaris?
3296 4853 3435 4907 [lixit

1870 4960 2053 5005 autem
2107 4950 2193 5003 illa
2248 4964 2506 5017 generosa
2574 4950 2826 5003 mulier:
2877 4948 2972 5001 Est
3038 4946 3173 4999 milii
3232 4960 3432 4998 nomen

1871 5041 2213 5097 Theodorus.
2264 5038 2355 5095 Ille
2414 5051 2592 5094 autent
2635 5080 2651 5102 ,
2692 5038 2770 5092 Ne
2799 5038 3099 5103 existimes,
3159 5037 3355 5107 inquit,
3391 5052 3424 5091 0

1873 5138 2039 5192 frater
2075 5134 2382 5198 Theodore,
2417 5134 2553 5187 citra
2589 5133 2829 5186 laborent
2875 5133 2969 5186 tibi
3024 5130 3262 5183 futuram
3308 5144 3431 5183 eam

1863 5245 1982 5299 qua:
2058 5237 2142 5283 est
2227 5228 2314 5280 hic
2384 5226 2857 5279 conversationem
2915 5240 2929 5276 :
2990 5224 3083 5277 sed
3156 5224 3197 5275 si
3297 5222 3430 5276 velis

1864 5335 2048 5375 revera
2084 5319 2263 5373 subire
2316 5316 2502 5388 iugum
2557 5315 2900 5374 obedienlitn.
2957 5316 3095 5368 scias
3147 5321 3199 5367 te
3254 5314 3428 5368 inser-

1862 5413 2097 5467 viturum
2151 5409 2406 5464 fratribus
2468 5410 2517 5462 in
2563 5406 2817 5461 omnibus
2894 5421 3013 5474 qua:
3058 5415 3187 5459 sunt
3234 5422 3428 5460 neces-

1863 5510 2025 5571 saria,
2093 5521 2200 5559 non
2246 5508 2418 5559 solum
2501 5504 2553 5559 iu
2630 5503 2985 5567 monasterio,
3070 5501 3269 5571 utqui
3345 5502 3422 5557 sis

1864 5608 2150 5659 curaturus
2208 5598 2419 5669 plautas
2466 5608 2520 5651 et
2571 5598 2739 5662 olera,
2790 5606 2844 5651 et
2904 5596 3310 5650 ministraturus
3370 5595 3423 5649 in

1865 5708 2001 5763 aqua
2068 5691 2423 5762 exportanda,
2502 5699 2553 5742 et
2616 5690 2830 5745 hortum
2917 5688 3257 5758 irrigaturus,
3329 5686 3423 5743 sed
