4198 6438
793 370 895 432 671

2014 388 2304 449 MENSIS
2342 385 2809 450 SEPTEMBER.

3943 385 4055 447 672

784 485 919 541 foris
960 488 1119 543 etiam
1175 495 1494 561 serviturus,
1544 507 1598 551 et
1648 501 1863 568 quando
1917 516 2047 558 usus
2096 504 2359 573 exegerit,

2467 508 2928 573 παραιτοῦμενος.
2975 502 3049 554 Οὐ
3100 498 3208 571 μὴν
3238 498 3392 554 ἔσται
3429 517 3509 553 σοι
3537 497 3710 552 ταῦτα
3754 498 4053 567 πρόφασις

785 586 844 632 ut
896 593 990 633 eas
1041 582 1097 635 in
1146 583 1443 652 civitatem,
1487 590 1710 646 minime
1758 602 2128 651 recusaturus.
2162 596 2353 665 Neque

786 677 968 723 tamen
1024 673 1123 727 hoc
1169 690 1433 746 praetextu
1487 686 1819 752 contemptui
1867 687 2094 743 habebis
2136 689 2352 745 labores

785 764 1209 832 exercitationis,
1267 772 1359 825 sed
1438 786 1649 843 oportet
1724 779 2079 836 nihilosecius
2155 798 2353 837 vacare

779 853 990 922 jejunio
1033 868 1089 911 et
1130 862 1388 927 orationi,
1433 875 1486 920 et
1520 868 1586 921 de
1641 884 1790 925 more
1842 874 2095 940 psallere,
2135 890 2349 943 vesper-

786 944 1070 1015 tinamque
1120 958 1174 1003 et
1232 956 1555 1009 matutinam
1606 959 2052 1027 gloriﬁcationem
2107 965 2354 1033 quotidie

785 1048 1089 1103 peragere;
1146 1054 1411 1108 preterea
1470 1056 1649 1102 autem
1715 1067 1818 1105 nec
1878 1054 2156 1119 horarum,
2228 1072 2349 1125 quae

785 1136 1069 1195 vocantur,
1136 1132 1296 1187 ullam
1372 1141 1835 1207 praetermittere;
1897 1146 2025 1213 quin
2078 1147 2241 1201 etiam
2298 1149 2351 1202 in

783 1221 1014 1285 genibus
1071 1222 1352 1280 ﬂectendis
1399 1228 1664 1296 laborare,
1719 1242 1772 1287 et
1825 1234 1902 1289 sic
1964 1251 2162 1307 corpus
2221 1238 2353 1293 ami-

784 1324 910 1375 gere
968 1324 1189 1380 propter
1238 1318 1464 1374 insidias
1509 1335 1697 1375 earum
1748 1326 1840 1393 qui
1890 1327 2087 1382 bellum
2135 1339 2350 1400 gerunt.

783 1400 960 1467 Atque
1003 1404 1156 1459 beata
1196 1409 1445 1476 quidem,
1490 1426 1613 1466 cum
1654 1415 1765 1469 haec
1806 1418 1987 1471 omnia
2029 1419 2141 1473 suis
2193 1435 2352 1474 acce-

786 1492 954 1559 pisset
1025 1499 1268 1563 auribus,
1332 1511 1386 1555 et
1462 1518 1523 1557 ea
1584 1520 1703 1560 esse
1777 1516 2043 1577 putasset,
2096 1522 2354 1580 tanquam

786 1585 996 1653 aliquas
1062 1591 1256 1646 animae
1330 1594 1572 1663 delicias,
1626 1615 1748 1653 cum
1829 1618 2027 1672 magno
2077 1614 2133 1659 et
2193 1606 2355 1660 alacri

783 1673 951 1727 animi
1008 1680 1186 1733 studio
1251 1698 1309 1737 se
1361 1700 1423 1738 ea
1476 1701 1594 1741 esse
1653 1688 1916 1745 facturam
1966 1701 2048 1746 est
2095 1694 2353 1763 pollicita.

793 1764 858 1819 Et
911 1766 989 1820 sic
1055 1771 1360 1828 admittitur
1430 1777 1487 1831 in
1564 1781 1817 1835 eumdem
1895 1783 2141 1839 ordinem
2227 1802 2351 1841 cum

783 1860 1005 1928 egregio
1050 1862 1139 1917 illo
1178 1868 1348 1921 choro
1398 1872 1818 1927 monachorum.

858 1950 916 2004 V.
948 1952 1214 2018 Quoniam
1247 1969 1427 2015 autem
1454 1965 1570 2033 ejus
1603 1980 1724 2022 cum
1765 1970 1873 2025 Deo
1902 1981 2057 2041 pacta
2108 1988 2353 2029 conven—

785 2049 835 2093 ta
871 2040 1048 2098 futura
1083 2058 1236 2102 erant
1263 2068 1407 2116 vera,
1443 2065 1496 2108 et
1526 2072 1555 2109 a
1580 2059 1863 2114 mendacio
1927 2063 2124 2127 aliena,
2174 2066 2355 2121 valere

778 2132 980 2199 jubens
1011 2152 1230 2196 omnem
1269 2146 1448 2200 carnis
1482 2148 1845 2217 prudentiam,
1879 2166 1938 2206 se
1965 2155 2150 2209 statim
2205 2158 2356 2213 exuit

783 2224 851 2275 ad
884 2230 1205 2295 certamina,
1238 2234 1442 2289 nullam
1501 2254 1729 2305 moram,
1808 2259 1984 2315 neque
2030 2258 2353 2316 prretextum

786 2314 953 2369 ullum
985 2320 1245 2387 efferens,
1279 2340 1386 2393 quo
1410 2330 1590 2383 minus
1630 2333 1979 2390 ministraret.
2040 2338 2176 2391 Cum
2228 2356 2356 2410 ergo

784 2416 908 2459 octo
960 2425 1136 2465 annos
1207 2418 1447 2484 quotidie
1502 2434 1875 2489 perseveraret
1929 2427 1981 2480 in
2042 2428 2354 2499 irrigatione

783 2497 1088 2566 plantarum
1155 2516 1209 2559 et
1265 2509 1493 2575 olerum,
1548 2526 1665 2583 qua:
1727 2531 1880 2570 usum
1920 2497 2229 2588 prmbebant
2291 2524 2355 2579 iis

783 2592 877 2659 qui
916 2597 1150 2649 erantin
1189 2605 1542 2668 monasterio,
1592 2607 1937 2678 molendique
1996 2623 2048 2667 et
2099 2615 2349 2685 pinsendi

786 2680 1121 2739 frumentum
1153 2699 1207 2742 et
1238 2691 1301 2743 ad
1331 2708 1524 2760 panem
1558 2702 1897 2766 prmparaudi
1926 2717 2123 2758 munus
2148 2706 2353 2760 nihilo-

784 2776 965 2827 secius
989 2791 1401 2847 exsequeretur,
1426 2792 1479 2838 et
1514 2798 1775 2856 coqueret
1806 2790 1925 2845 olus
1976 2809 2081 2861 quo
2129 2810 2187 2850 se
2239 2797 2353 2851 ale-

785 2863 917 2919 bant
949 2870 1038 2936 qui
1091 2885 1289 2941 corpus
1345 2879 1637 2932 studebant
1679 2881 2023 2953 mortificare,
2076 2902 2352 2957 nunquam

786 2966 968 3011 tamen
987 2962 1160 3017 abfuit
1188 2982 1215 3017 a
1248 2968 1457 3035 synaxi,
1486 2985 1604 3038 qua:
1633 2974 1993 3043 peragebatur
2020 2978 2072 3032 in
2098 2981 2350 3047 ecclesia,

784 3051 881 3103 sed
914 3053 961 3103 iu
988 3068 1049 3105 ea
1080 3071 1295 3125 quoque
1324 3059 1471 3127 pium
1515 3077 1673 3115 suum
1732 3066 2053 3121 ostendebat
2087 3073 2351 3126 animum.

2462 592 2600 663 πρὸς
2638 594 2765 655 τοὺς
2803 591 3140 662 ἀσκητικοὺς
3177 592 3377 654 πόνους
3408 591 3716 659 ὀλιγωρεῖν,
3763 589 3912 641 ἀλλὰ
3953 592 4054 641 καὶ

2456 682 2598 736 οὕτω
2636 684 2835 753 μᾶλλον
2880 683 3306 751 ἀπαραλείπτως
3354 686 3577 753 νηστείᾳ.
3637 684 3717 735 δεῖ
3762 699 3823 735 σε
3861 698 4053 750 προσ-

2453 774 2668 843 ανέχειν
2719 776 2812 827 καὶ
2858 776 3159 844 προσευχῇ,
3200 773 3480 843 ψάλλαντα
3520 774 3764 843 συνήθως
3800 775 3902 826 καί
3948 773 4051 840 τὴν

2457 862 2756 932 έσπερινὴν
2840 864 3114 933 ὁσημέραι
3194 865 3290 917 καὶ
3365 864 3627 934 ὀρθρινὴν
3712 864 4046 931 δοξολογίαν

2455 953 2727 1006 ἐπιτελεῖν
2761 972 2775 985 ο
2854 955 2990 1027 πρὸς
3043 955 3100 1007 δὲ
3160 956 3256 1008 καὶ
3310 957 3415 1009 τῶν
3460 956 3822 1025 καλουμένων
3877 957 4046 1025 ὡρῶν

2462 1044 2737 1114 μηδεμίαν
2800 1047 3288 1118 παραλιμπάνειν,
3339 1050 3775 1117 προσπονεῖσθαι
3826 1049 3886 1101 δὲ
3947 1049 4045 1100 καὶ

2455 1138 2702 1203 γονάτων
2748 1140 2947 1205 κλίσει,
3006 1142 3099 1193 καλ⁵
3160 1141 3303 1193 οὕτω
3347 1140 3570 1209 τρύχειν
3622 1141 3681 1192 τὸ
3725 1140 3892 1209 σῶμα
3950 1142 4040 1192 διὰ

2455 1228 2555 1291 τὰς
2607 1229 2817 1284 ἐκεῖθεν
2875 1230 2985 1284 τῶν
3033 1232 3420 1301 πολεμούντων
3457 1231 3776 1294 ἐπιϐουλάς.
3826 1232 3891 1285 Ἦ
3934 1248 4044 1297 pta-

2458 1318 2626 1386 καρία
2672 1320 2769 1388 μὲν
2828 1316 2944 1385 οὖν,
2974 1322 3133 1375 ταυτὶ
3175 1321 3352 1375 πάντα
3396 1320 3616 1375 ἐνθεῖσα
3662 1324 3783 1384 ταῖς
3816 1322 4039 1388 ἀκοαῖς,

2458 1412 2555 1463 καὶ
2585 1410 2774 1480 ὥσπερ
2798 1429 2849 1464 τι
2877 1412 3057 1482 ψυχῆς
3097 1410 3238 1467 εἶναι
3288 1414 3620 1483 λογισαμένη
3674 1413 4039 1482 ἔντρύφημα.

2462 1503 2601 1571 μετὰ
2662 1502 2869 1572 πολλῆς
2926 1504 3070 1556 αὐτὰ
3123 1504 3223 1574 τῆς
3277 1505 3590 1574 προθυμίας
3658 1504 4038 1571 ἐπηγγείλατο

2458 1593 2762 1663 πράττειν,
2828 1596 2926 1649 καὶ
2982 1595 3156 1658 οὕτως
3210 1596 3478 1667 ὀμοτελὴς
3525 1597 3601 1666 τῷ
3646 1595 3799 1665 καλῷ
3837 1594 4036 1662 ἐκείνῳ

2460 1684 2570 1736 τῶν
2600 1686 2850 1755 μοναχῶν
2906 1687 3054 1757 χορῷ
3081 1687 3315 1755 γίνεται.

2531 1955 2605 2009 E'.
2659 1957 2814 2009 Ἐπεὶ
2849 1957 2906 2010 δὲ
2950 1960 3005 2011 αἱ
3051 1959 3184 2028 πρὸς
3233 1960 3369 2014 Θεὸν
3426 1962 3595 2033 αὐτῆς
3638 1964 3912 2033 συνθῆκαι
3977 1968 4040 2018 τὸ

2458 2049 2687 2116 ἀψευδὲς
2714 2052 2860 2116 ἕξειν
2893 2052 3121 2119 ἔμελλον
3145 2096 3159 2118 ,
3196 2056 3331 2108 πᾶσι
3362 2057 3474 2119 τοῖς
3503 2058 3601 2125 τῆς
3648 2060 3855 2126 σαρκὸς
3903 2077 4035 2130 φρο-

2460 2145 2667 2213 νήμασι
2724 2145 2937 2215 χαίρειν
2988 2146 3257 2210 εἰποῦσα,
3310 2148 3475 2211 εὐθὺς
3523 2149 3834 2203 ἀπεδύσατο
3896 2152 4036 2221 πρὸς

2458 2236 2836 2309 τοὺςιπόνους,
2866 2238 3074 2307 μηδένα
3100 2238 3267 2293 δκνον
3300 2239 3436 2310 μηδὲ
3493 2240 3769 2309 πρόφασιν
3809 2243 3893 2303 εἰς
3918 2243 4037 2294 δια-

2459 2327 2646 2378 κονίαν
2694 2329 3131 2399 προὸαλλομένη.
3181 2332 3330 2385 Είσιν
3384 2327 3476 2385 οὖν
3517 2333 3661 2386 ὀκτὼ
3698 2336 3763 2402 τῇ
3826 2350 3888 2386 τε
3926 2335 4039 2386 τῶν

2461 2415 2644 2485 φυτῶν
2685 2417 2876 2489 ἀρδείᾳ
2908 2420 3000 2471 καὶ
3036 2421 3145 2473 τῶν
3191 2420 3441 2491 λαχάνων
3479 2421 3514 2475 ἃ
3554 2426 3666 2485 τοῖς
3700 2425 3759 2475 ὲν
3791 2427 3861 2493 τῇ
3895 2418 4033 2493 μονῇ

2458 2508 2556 2576 τὴν
2587 2510 2777 2578 χρείαν
2810 2514 3093 2582 παρεῖχεν,
3121 2513 3240 2565 ὅσαι
3270 2513 3471 2583 ἡμέραι
3513 2518 4031 2587 προσκαρτεροῦσι·

2457 2599 2550 2653 τοῦ
2588 2618 2644 2653 τε
2677 2602 2899 2671 ἀλήθειν
2926 2604 3016 2657 τὸν
3046 2607 3189 2659 σῖτον
3232 2608 3324 2657 καὶ
3361 2610 3569 2677 τρυγᾷν
3606 2609 3666 2660 τὸ
3706 2609 4033 2678 ἀλούμενον,

2459 2694 2553 2747 καὶ
2584 2696 2901 2765 είςᾶρτους
2936 2696 3407 2765 παρασκευάζειν,
3469 2699 3564 2768 ούχ
3619 2700 3992 2769 ὑστερίζουσι
4018 2743 4031 2761 ,

2458 2782 2667 2851 ἕψουσά
2705 2802 2764 2837 τε
2800 2784 2861 2837 τὸ
2899 2785 3129 2855 λάχανον
3160 2780 3203 2854 ᾧ
3235 2786 3328 2839 καὶ
3372 2788 3679 2860 ἀπέτρεφον
3718 2791 3949 2853 ἑαυτοὺς
3985 2793 4033 2843 οἱ

2460 2876 2687 2946 νεκροῦν
2718 2877 2776 2930 τὸ
2810 2878 2967 2949 σῶμα
3008 2881 3425 2947 σπουδάζοντες,
3453 2884 3572 2936 οὐδὲ
3595 2884 3694 2952 τῆς
3728 2887 3787 2937 ἐν
3828 2888 4033 2955 ἐκκλη-

2460 2970 2551 3040 σίᾳ
2576 2971 2911 3042 τελουμένης
2950 2974 3221 3038 συνάξεως
3252 2975 3555 3043 ἀπελείφθη
3583 2976 3737 3040 ποτὲ,
3765 2978 3907 3029 ἀλλὰ
3942 2983 4036 3032 καὶ

2467 3062 2667 3138 μᾶλλρν
2699 3065 2755 3115 ἐν
2794 3066 2968 3137 ταύτῃ
2996 3070 3094 3134 τῆς
3127 3068 3306 3136 ψυχῆς
3351 3068 3596 3135 ἐνέφαινε
3650 3069 3713 3120 τὸ
3756 3070 4031 3138 φιλόθεον.

784 3140 891 3194 Sed
924 3143 1049 3197 licet
1080 3146 1152 3199 ita
1184 3150 1428 3218 degeret,
1460 3160 1516 3206 et
1556 3154 1718 3209 vitam
1749 3156 2003 3229 elegisset
2037 3169 2144 3215 tam
2199 3163 2350 3219 labo-

2470 3128 2637 3206 Ἆλλά
2678 3155 2771 3207 καὶ
2814 3128 2989 3218 οὕτως
3022 3128 3534 3229 ἔχουσανάγωγῆς,
3594 3161 3686 3214 καὶ
3740 3128 3861 3235 βίον
3894 3166 4033 3229 ἀγα-θ

786 3235 1596 3306 τῐοειιιιι,ρι’ωεοάριιῐῐεᾱοιὶοιί
1664 3250 1920 3318 cogitatio
1982 3268 2093 3307 non
2142 3254 2355 3314 sinebat

786 3340 906 3377 eam
939 3331 1163 3383 omnino
1189 3333 1508 3399 quiescere;
1547 3340 1640 3392 sed
1672 3340 1851 3404 nocte,
1900 3356 2018 3411 qua;
2090 3348 2356 3415 sequebaa

787 3412 877 3468 tur
910 3417 1024 3472 haec
1072 3419 1264 3475 diurna
1317 3424 1636 3493 ministeria,
1692 3432 1909 3499 quando
1949 3445 2005 3488 et
2056 3450 2246 3489 somno
2302 3446 2357 3490 et

787 3510 1046 3563 mediocri
1082 3514 1367 3580 oportebat
1396 3518 1579 3585 quiete
1609 3520 1735 3584 frui,
1774 3534 1967 3589 pectus
2006 3524 2247 3593 pulsans,
2302 3536 2357 3582 et

786 3598 1024 3651 animam
1060 3616 1283 3656 movens
1306 3606 1371 3657 ad
1397 3606 1661 3675 lacrymas
1695 3626 1707 3661 :
1738 3610 1996 3666 Condona
2038 3615 2171 3669 mihi
2231 3632 2356 3685 pec-

785 3698 993 3757 catum,
1029 3692 1265 3758 dicebat,
1298 3694 1548 3763 Domine,
1581 3702 1725 3770 quod
1762 3705 2001 3772 perdidit
2027 3708 2195 3765 decus
2220 3728 2355 3767 mea:

785 3783 1168 3837 continentiae.
1211 3784 1347 3837 Cum
1387 3792 1668 3843 monachis
1706 3803 1886 3845 autem
1912 3796 2200 3863 aliquando
2262 3804 2355 3857 de-

788 3872 1006 3927 fecisset
1049 3875 1256 3942 oleum,
1313 3877 1539 3947 jubetur
1596 3890 1657 3935 ut
1710 3884 1941 3954 accipiat
1993 3892 2248 3956 camelos,
2301 3903 2355 3949 et

787 3968 1011 4021 veniens
1039 3968 1093 4020 in
1121 3970 1419 4037 civitatem,
1454 3974 1535 4027 eis
1559 3975 1745 4029 all'erat
1763 3979 1961 4047 oleum,
1982 3998 2087 4051 quo
2114 3986 2213 4039 sibi
2241 3998 2358 4044 erat

786 4074 945 4128 opus.
972 4058 1108 4114 Cum
1134 4072 1314 4114 autem
1354 4065 1600 4131 jam.iter
1652 4079 1801 4121 esset
1847 4071 2111 4139 ingressa,
2160 4078 2356 4133 accidit

787 4158 848 4204 ut
870 4161 1065 4219 praeter
1091 4154 1553 4222 exspectationem
1580 4158 1832 4213 maritum
1860 4162 2145 4230 aspiceret,
2174 4168 2355 4222 divina

787 4243 916 4296 huic
948 4245 1171 4297 omnino
1196 4261 1355 4314 opem
1382 4247 1592 4301 ferente
1620 4249 1986 4310 Providentia.
2042 4254 2176 4310 Nam
2234 4273 2356 4312 cum

788 4334 1030 4402 seipsum
1063 4336 1334 4389 consolari
1361 4354 1467 4393 non
1501 4351 1684 4408 posset
1719 4344 1837 4413 ejus
1872 4350 2118 4415 maritus,
2184 4362 2241 4406 ut
2263 4355 2355 4423 qui

788 4436 937 4480 esset
965 4446 993 4479 a
1021 4428 1110 4481 tali
1149 4431 1381 4501 conjuge
1402 4444 1707 4503 separatus,
1740 4446 1792 4491 et
1823 4453 1885 4491 ea
1921 4438 1987 4493 de
2028 4456 2187 4496 causa
2233 4446 2354 4499 abs-

785 4534 891 4589 que
914 4520 1318 4577 intermissione
1359 4523 1661 4581 elfunderct
1688 4527 1971 4598 lacrymas,
2000 4543 2055 4585 et
2086 4549 2183 4587 nec
2216 4545 2353 4591 tem-

788 4627 920 4681 pore
936 4613 1157 4681 quidem
1181 4624 1363 4682 posset
1394 4618 1741 4689 exstinguere
1761 4622 1925 4674 animi
1951 4625 2349 4693 aegritudinem,

786 4704 985 4769 petiita
1015 4704 1143 4769 Deo,
1191 4707 1281 4775 qui
1330 4721 1551 4763 noverat
1622 4712 1809 4776 telum,
1867 4716 2008 4784 quod
2070 4718 2189 4786 ejus
2257 4737 2350 4776 cor

784 4797 1084 4863 sauciabat,
1126 4806 1183 4851 ut
1214 4799 1313 4853 sibi
1343 4802 1687 4857 manifestum
1710 4804 1881 4872 ﬁeret,
1937 4824 2004 4860 an
2067 4809 2351 4867 Theodora

787 4892 1042 4943 statuerit
1080 4890 1243 4944 alium
1310 4893 1485 4946 virum
1539 4896 1711 4962 sequi.
1785 4896 1895 4952 lloc
1967 4900 2109 4953 enim
2179 4905 2352 4972 suspi-

784 4978 1032 5042 cabatur,
1094 4988 1148 5035 et
1193 4994 1478 5051 prapterea
1534 4985 1706 5055 major
1744 4985 1957 5043 ﬂamma
2003 4992 2185 5046 cordis
2240 4995 2350 5049 ale-

785 5071 966 5127 batur.

862 5250 950 5307 γι.
984 5255 1083 5321 Qui
1134 5261 1386 5317 contritis
1444 5279 1575 5334 ergo
1627 5268 1874 5321 medetur
1903 5270 2098 5325 animis
2134 5273 2197 5327 ad
2228 5291 2349 5328 eum

793 5346 964 5400 mittit
1003 5351 1272 5418 angelum,
1334 5356 1426 5420 qui
1495 5359 1617 5425 ejus
1678 5362 2003 5427 suspicionis
2058 5366 2356 5434 depelleret

791 5439 1131 5494 molestiam:
1160 5442 1213 5496 Si
1250 5445 1399 5512 velis,
1439 5446 1711 5517 inquiens,
1750 5454 1935 5508 venire
1986 5455 2037 5508 in
2066 5457 2185 5525 ejus
2224 5457 2354 5513 con-

793 5542 1062 5601 spectum,
1099 5534 1185 5588 fac
1212 5545 1269 5589 ut
1298 5554 1456 5595 mane
1485 5557 1693 5615 surgas,
1711 5554 1761 5599 et
1786 5548 1945 5602 vadas
1962 5558 2105 5603 recta
2126 5550 2191 5604 ad
2217 5568 2355 5605 mar-

792 5631 989 5696 tyrium
1055 5627 1194 5683 Petri
1252 5635 1507 5699 apostoli,
1554 5648 1607 5689 ct
1674 5638 1925 5690 attendas
1972 5643 2175 5697 vultum
2236 5646 2369 5715 ejus

789 5721 883 5799 qui
926 5721 1017 5774 tibi
1047 5722 1223 5790 primo
1265 5733 1347 5778 est
1386 5741 1736 5795 occursurus,
1765 5739 1819 5785 et
1860 5739 1909 5785 te
1959 5738 2351 5807 contemplatu-

797 5828 912 5869 rtts.
951 5810 1039 5870 Sic
1081 5816 1223 5871 enim
1286 5817 1396 5887 fiet,
1450 5828 1506 5875 ut
1556 5835 1895 5891 nequaquam
1960 5824 2234 5885 fruatreris
2292 5847 2353 5887 eo

2458 3248 2720 3301 ἐπίπονον
2754 3248 3040 3319 ἑλομένην,
3091 3253 3119 3304 ὁ
3160 3250 3255 3303 τοῦ
3306 3252 3669 3320 προλαὸόντος
3707 3256 4029 3322 σφάλματος

2457 3336 2719 3406 λογισμὸς
2753 3340 2853 3390 οὐκ
2874 3341 3074 3407 ἀνῆκεν
3106 3340 3241 3402 ὅλως
3271 3342 3441 3411 αὐτὴν
3473 3345 3724 3412 ἠρεμεῖν,
3754 3346 3897 3397 ἀλλὰ
3917 3350 4033 3409 ταῖς

2460 3429 2806 3498 πανημέροις
2846 3430 3073 3493 ταύταις
3118 3432 3420 3496 διακονίαις
3450 3433 3549 3501 τῆς
3596 3435 3791 3498 νυκτὸς
3843 3438 4033 3491 ἐπιού-

2460 3538 2580 3592 σης,
2636 3523 2723 3574 ὅτε
2774 3524 2868 3575 καὶ
2905 3523 3075 3577 ὕπνου
3126 3525 3219 3577 καὶ
3262 3526 3488 3597 μετρίας
3534 3526 3643 3579 ἔδει
3698 3528 4033 3600 μεταλαχείν

2458 3613 2846 3676 ἀναπαύσεως,
2884 3616 3199 3681 πλήττουσα
3228 3617 3288 3667 τὸ
3318 3617 3537 3686 στῆθος,
3586 3622 3679 3672 καὶ
3719 3622 3823 3692 τὴν
3850 3625 4031 3695 ψυχὴν

2460 3704 2689 3758 κινοῦσα
2722 3707 2858 3774 πρὸς
2886 3706 3121 3776 δάκρυα,
3172 3707 3537 3778 Συγχὼρησόν
3577 3727 3667 3779 μοι
3711 3712 3810 3781 τὴν
3850 3717 4033 3784 ἁμαρ-

2459 3797 2601 3860 τίαν,
2635 3797 2811 3863 ἑλεηίε,
2842 3798 3039 3868 Κύριε,
3090 3797 3124 3869 ἢ
3161 3800 3223 3852 τὸ
3264 3799 3539 3870 εῠσχημον
3576 3806 3667 3873 τῆς
3702 3804 3847 3873 ἐμῆς
3883 3809 4037 3861 ἀπώ-

2459 3886 2598 3941 λεσε·
2638 3890 3020 3961 σωφροσύνης.
3072 3893 3281 3945 Ἐλαίου
3327 3895 3383 3947 δέ
3418 3912 3547 3947 ποτε
3588 3899 3715 3959 τοὺς
3758 3905 4035 3971 μοναχοίδς

2459 3982 2825 4048 ἐπιλιπόντος,
2856 3985 3211 4054 ἐπιτρέπεται
3235 3987 3372 4055 αὑτὴ
3393 3987 3488 4048 τὰς
3514 3990 3795 4057 καμήλους
3821 3993 4032 4057 λαὸεῖν,

2460 4072 2545 4141 ἐφ’
2593 4065 2636 4141 ᾧ
2695 4078 2828 4145 πρὸς
2864 4075 2961 4147 τὴν
3020 4076 3173 4129 πόλιν
3227 4078 3535 4150 ἀφικομένη
3585 4080 3647 4133 τὸ
3703 4085 3785 4145 εἰς
3838 4088 4034 4153 χρείαν

2464 4168 2859 4237 μετακομίσειν
2917 4170 3101 4233 αἰετοῖς
3164 4170 3361 4224 ἔλαιον.
3425 4174 3511 4236 Ὠς
3563 4174 3655 4228 οὖν
3711 4179 3895 4246 εἷχετο
3928 4181 4034 4249 τῆς

2460 4258 2795 4326 ὁδοιπορίας,
2850 4263 2929 4322 είς
2989 4262 3117 4315 θέαν
3171 4264 3448 4333 ἀδοκήτως
3496 4264 3590 4317 τοῦ
3643 4269 3837 4336 ἀνδρὸς
3871 4286 4036 4341 περι.

2461 4351 2672 4415 πίπτει,
2706 4350 2802 4420 τῆς
2854 4351 3003 4415 θείας
3038 4355 3120 4415 είς
3165 4354 3323 4407 τοῦτο
3373 4356 3590 4419 πάντως
3644 4364 4038 4433 συναραμένης

2461 4441 2740 4512 προνοίας.
2798 4444 3144 4515 Παρηγορεῖν
3184 4446 3291 4514 γὰρ
3335 4448 3527 4499 ἑαυτὸν
3574 4449 3670 4517 ούχ
3719 4448 3833 4514 οἷός
3867 4469 3923 4504 τε
3958 4453 4035 4505 ὢν

2462 4537 2489 4587 ὁ
2519 4536 2719 4605 ταύτης
2747 4536 2886 4605 ἀνὴρ
2912 4537 3165 4606 τοιαύτης
3199 4539 3431 4604 συζύγου
3473 4540 3817 4611 διατμηθεὶς,
3852 4546 4036 4599 ἀπαυ-

2463 4627 2586 4678 στόν
2623 4644 2678 4677 τε
2713 4627 2773 4677 τὺ
2800 4629 2891 4679 ἐπὶ
2918 4632 3091 4700 ταύτῃ
3150 4628 3413 4693 σταλάζον
3444 4631 3708 4701 δάκρυον,
3753 4638 3849 4687 καὶ
3897 4638 4036 4703 μηδὲ

2461 4716 2538 4786 τῷ
2567 4718 2743 4787 χρόνῳ
2765 4717 3063 4785 δυνάμενος
3095 4718 3290 4769 σϐέσαι
3314 4722 3412 4787 τὴν
3441 4721 3697 4788 ἀθυμίαν,
3730 4724 3819 4774 τὸν
3851 4727 4035 4780 εἰδότα

2461 4810 2571 4865 οἷον
2605 4810 2750 4881 αὐτῷ
2775 4813 2834 4864 τὸ
2866 4812 3020 4883 βέλος
3065 4812 3363 4882 ὲτίτρωσκε
3395 4812 3490 4883 τὴν
3521 4814 3749 4885 καρδίαν
3781 4816 3904 4887 ᾔτει
3940 4819 4035 4873 τὸν

2462 4907 2592 4960 Θεὸν
2654 4908 2887 4976 φανερὸν
2933 4907 3080 4977 αύτῷ
3123 4908 3398 4975 γενέσθαι,
3432 4908 3480 4960 εἰ
3514 4909 3765 4979 Θεοδώρα
3798 4915 4033 4979 προσεί-

2461 5001 2583 5053 λετο
2623 5001 2778 5067 ἀνδρὶ
2808 5000 2981 5067 ἑτέρῳ
3009 4998 3324 5050 ἀκολουθεῖν
3352 5013 3365 5026 ’
3410 4998 3566 5051 τοῦτο
3608 5002 3717 5069 γὰρ
3752 5002 3903 5070 αὐτῷ
3935 5007 4033 5057 καὶ

2465 5091 2863 5159 ὑπονοούμενον
2897 5085 2983 5157 ἦν,
3025 5090 3118 5142 καὶ
3152 5088 3239 5142 δ’ιά
3269 5087 3427 5142 τοῦτο
3462 5090 3662 5159 μείζων
3690 5092 3723 5160 ἡ
3764 5089 3864 5160 τῆς
3892 5111 4032 5164 καρ-

2462 5184 2579 5245 δίας
2616 5182 2876 5251 ἐτρέφετο
2908 5182 3061 5249 φλόξ.

2534 5271 2624 5339 ς’.
2667 5272 2723 5324 '0
2751 5273 2930 5326 τοίνυν
2958 5272 3183 5340 ἰώμενος
3222 5272 3321 5336 τὰς
3348 5274 3815 5344 συντετριμμένας
3852 5276 4030 5347 ψυχὰς

2463 5368 2695 5435 ἄγγελον
2730 5366 2878 5435 αὑτῷ
2910 5366 3220 5431 ἐπιπέμπει
3271 5366 3329 5417 τὸ
3359 5367 3601 5437 λυπηρὸν
3632 5371 3728 5436 τῆς
3764 5370 4030 5435 ὕπονοίας

2462 5460 2883 5522 διασκεδάζοντα
2914 5475 2929 5490 ο
2974 5458 3033 5510 Ei
3068 5458 3314 5525 βούλοιτο
3361 5460 3437 5524 δὲ,
3483 5462 3640 5530 φησι,
3669 5462 3765 5511 καὶ
3794 5462 3877 5526 είς
3909 5465 4029 5532 ὄψιν

2463 5551 2599 5619 αύτῇ
2642 5551 2980 5618 προσελθεῖν,
3036 5549 3400 5619 ὀρθριώτερον
3432 5552 3733 5619 ἀναστῆναι
3767 5557 3863 5608 καὶ
3899 5556 4025 5607 εὐθὺ

2466 5641 2681 5710 βαδίσαι
2743 5641 2836 5695 τοῦ
2902 5642 3207 5709 μαρτυρίου
3264 5643 3471 5713 Πέτρου
3527 5642 3620 5694 τοῦ
3675 5646 4021 5708 ἀποστόλου,

2468 5732 2755 5804 προσέχειν
2781 5749 2840 5785 τε
2864 5736 2931 5802 τῇ
2962 5731 3082 5802 ὕψει
3117 5734 3207 5787 τοῦ
3234 5734 3448 5806 πρώτου
3476 5734 3622 5805 αὐτῷ
3662 5740 4023 5805 συναντήσον-

2470 5843 2560 5890 τος
2595 5826 2686 5879 καὶ
2728 5824 3265 5895 προσαγορεύσοντος
3321 5825 3475 5880 Οὕτω
3517 5828 3645 5897 γὰρ,
3704 5824 3877 5891 εἶπεν,
3922 5828 4019 5880 οὐκ
