4198 6438
199 426 310 490 673

1121 409 1301 471 VlTA
1344 409 1404 469 S.
1443 399 1874 464 Tl‘lEODORtE
1924 397 2528 458 ALEXANDRlNl‘E.

3348 391 3455 455 6³14

209 536 481 609 ὶποτεύξῃ
536 532 630 588 τοῦ
684 527 1044 602 ζητουμένου.
1087 528 1359 579 Ἤκουσεν
1408 523 1636 584 ἐκεῖνος,
1688 518 1813 570 καὶ.

1912 511 2027 580 μιοᾱ
2059 511 2280 581 quaeris.
2313 511 2534 568 Audivit
2566 510 2677 573 ille,
2709 517 2763 564 et
2787 500 2915 564 fecit
2942 511 3085 565 sicut
3118 508 3304 580 jussus
3347 510 3464 564 fue-

211 632 354 687 κατὰ
389 629 456 680 τὰ
489 622 880 696 ἐπηγγελμένα
911 620 1078 681 ποιεῖ,
1113 619 1206 670 καὶ
1237 615 1482 668 συνίασιν
1531 610 1781 679 αλλήλοις

207 723 634 792 ἀντιπρόσωπον
690 718 785 769 καὶ
845 713 969 767 κατ’
1022 708 1357 779 ὀφθαλμούς.
1406 705 1564 759 Ἀλλὰ
1620 702 1783 755 πόθεν

206 819 279 870 ἂν
308 815 505 882 ἐκείνῳ
539 810 844 882 συμϐαλεῖν
869 808 966 876 τὴν
990 804 1264 872 ὁμόζυγον
1298 798 1462 864 εἶναι,
1512 797 1682 852 ἄνδρα
1726 795 1785 846 τὸ

213 907 550 975 φαινόμενον
599 899 932 970 καθορῶντι,
974 897 1067 949 κοιλ⁹
1098 895 1224 948 κατ’
1256 892 1458 960 ἄνδρας
1497 885 1787 955 ἐνδεδυμέ-

213 1018 328 1064 νον,
367 998 460 1050 καὶ
487 997 661 1058 ἄλλως
707 993 931 1061 ὲσθῆτος
969 988 1137 1057 οὔσης
1204 985 1530 1056 μοναχικῆς,
1584 981 1684 1051 ήδη
1732 977 1788 1029 δὲ

208 1095 316 1146 καὶ
348 1091 449 1158 τῆς
485 1089 635 1158 ὥρας
690 1081 1178 1153 ὑπομαρανθείσης
1231 1080 1369 1146 αὐτῇ
1452 1078 1518 1145 τῇ
1563 1073 1790 1142 ἀμέτρῳ

217 1183 565 1253 κακοπαθείᾳ
603 1182 696 1234 καὶ
725 1178 804 1249 τῷ
859 1177 1050 1247 τραχεῖ
1080 1175 1176 1243 τῆς
1205 1173 1493 1242 ἀσκήσεως
1519 1185 1532 1233 ;
1576 1167 1790 1235 Ἐκείνη

221 1278 410 1347 μέντοι
463 1275 540 1344 τῷ
598 1274 759 1342 μόνον
811 1269 974 1321 αὐτὸν
1035 1267 1180 1331 ἰδεῖν,
1224 1265 1318 1318 καὶ
1366 1263 1465 1332 τὴν
1495 1260 1617 1330 εψιν
1652 1259 1789 1326 αὐτῇ

221 1372 462 1440 μηνύσαι
494 1370 574 1431 τίς
600 1371 627 1421 ό
655 1364 989 1436 βλεπόμενος
1047 1359 1238 1432 (ἔσωζε
1301 1359 1408 1427 γὰρ
1437 1359 1464 1409 ό
1508 1351 1792 1426 χαρακτὴρ

218 1464 430 1516 ἐκείνου
456 1460 762 1528 άτρέστατα
788 1458 855 1510 τὰ
885 1452 1283 1524 γνωρίσματα),
1310 1450 1616 1517 ἀνάμνησιν
1636 1444 1797 1505 εὐθὺς

222 1550 498 1618 ἐλάμϐανε
523 1547 619 1600 τοῦ
648 1547 731 1608 είς
764 1545 928 1599 αὐτὸν
961 1543 1186 1612 φίλτρου
1223 1543 1318 1592 καὶ
1372 1537 1794 1607 ἁμαρτήματος,

223 1645 322 1694 καὶ
359 1640 429 1696 Οἵ
460 1641 586 1710 μοιὲ
628 1640 785 1709 ἆνερ,
848 1637 1238 1691 ἀνακλαύσασα
1279 1626 1454 1697 εἶπεν,
1519 1632 1597 1692 είς
1654 1629 1799 1688 οἵους

223 1733 423 1795 πόνους
459 1732 732 1784 ἐκδέδωκα
786 1730 1031 1798 ἐμαυτὴν
1072 1723 1372 1793 θεραπείαν
1431 1722 1799 1793 μηχανωμένη

221 1824 319 1876 τοῦ
347 1824 482 1892 πρὸς
512 1825 571 1875 σὲ
594 1822 931 1888 σφάλματος,
968 1816 1061 1870 καὶ
1088 1815 1351 1884 δάκρυσιν
1380 1815 1557 1867 ἐκεῖνο
1585 1812 1800 1870 πολλοῖς

222 1917 516 1982 ἀναλεῖψαι
553 1911 956 1974 σπουδάζουσα.
1001 1909 1111 1961 Καὶ
1138 1907 1200 1977 δὴ
1235 1906 1329 1959 καὶ
1371 1905 1599 1976 πλησίον
1633 1902 1797 1956 αὑτοῦ

225 2007 526 2076 γενομένη,
568 2005 740 2072 Χαῖρε
775 2019 834 2055 τε
871 2000 1018 2068 αύτῷ
1054 2000 1519 2070 προσφωνήσχσα,
1554 1997 1611 2048 τὸ
1636 1998 1801 2063 τάχος

227 2098 695 2167 ἁντιπαρήρχετο.
741 2094 800 2146 '0
835 2093 890 2144 δὲ
913 2094 979 2161 τῇ
1009 2091 1169 2159 ὁμοίᾳ
1205 2091 1302 2158 μὲν
1337 2090 1430 2140 καὶ
1465 2087 1626 2146 αὐτὸς
1652 2088 1802 2137 ἀντι·

226 2188 632 2259 προσαγορεύει
696 2188 872 2255 φωνῇ.
953 2180 1202 2252 Παρῆλθε
1259 2179 1315 2232 δὲ
1368 2177 1475 2231 τῶν
1533 2176 1803 2247 ῥηθέντων

227 2282 384 2351 αὐτῷ
417 2281 555 2350 πρὸς
585 2279 681 2333 τοῦ
706 2279 942 2345 ἀγγέλου
974 2275 1228 2344 καθάπερ
1267 2271 1680 2341 ἐπιλαθόμενος,
1729 2270 1805 2331 ὡς

227 2377 299 2444 τῇ
338 2373 612 2442 μεταϐολῇ
649 2388 710 2421 τε
761 2369 856 2422 τοῦ
895 2371 1176 2437 σχήματος
1207 2369 1302 2420 καὶ
1333 2364 1409 2434 τῷ
1434 2365 1671 2434 ἀνομοίῳ
1705 2363 1808 2434 τῆς

227 2467 409 2535 ὅψεως
450 2464 511 2515 τὸ
543 2462 810 2529 παράπαν
845 2461 1175 2529 ἀπατηθείς.

303 2556 380 2610 Z'.
413 2556 586 2624 Πολλῇ
651 2554 743 2606 οὖν
793 2556 857 2621 τῇ
909 2551 1118 2622 ἀθυμίᾳ
1177 2552 1513 2621 βαλλόμενος
1560 2545 1650 2603 οἷα
1694 2550 1810 2602 δια.

228 2649 454 2719 ψευθεὶς
473 2651 568 2718 τὴν
591 2646 942 2714 ἐπαγγελίαν,
965 2645 1136 2696 ’Ὶνατί
1159 2643 1520 2714 με,δέσποτα,
1543 2641 1806 2713 παριδὼν,

233 2745 416 2811 ἔλεγε,
466 2740 539 2810 μὴ
564 2742 642 2802 εὶς
698 2738 951 2799 τέλοςτὰ
1005 2737 1394 2806 ἐπηγγελμένα
1449 2737 1808 2805 προήγαγεςς

245 2836 398 2890 Ἀλλ’
416 2829 575 2895 αὖθις
600 2835 625 2884 ό
648 2833 837 2901 φανεὶς
866 2830 1012 2898 αύτῷ
1034 2832 1340 2900 παραστὰς,
1367 2831 1480 2882 Ούκ
1508 2831 1810 2899 ἡπάτησαι,

235 2924 417 2980 εἶπεν.
449 2925 509 2975 Ὀ
530 2927 596 2992 τῇ
622 2924 927 2993 προτεραίᾳ
950 2926 1057 2992 γὰρ
1092 2925 1428 2993 συναντήσας
1459 2939 1541 2976 σοι
1579 2922 1814 2990 μοναχδς

235 3022 336 3073 καὶ
366 3016 540 3087 Χαῖρε
575 3033 656 3068 σοι
685 3016 1027 3086 προσειπὼν,
1067 3018 1228 3080 αὐτὸς
1254 3013 1344 3088 ἦν,
1385 3018 1596 3078 ἐκεῖνος
1627 3017 1812 3080 αὐτὸς,

237 3114 365 3184 ﬂeat
394 3110 696 3170 σπουδαίως
749 3108 1091 3176 ὲπιζητεῖται
1150 3112 1312 3180 γυνή.
1365 3112 1473 3163 Καὶ
1518 3109 1660 3161 οὕτω
1715 3107 1815 3177 μὲν

1888 614 1994 658 rat.
2025 604 2091 659 Ει
2112 603 2452 659 conveniunt
2482 604 2724 658 adversis
2764 602 3058 665 frontibus,
3115 615 3170 659 et
3221 620 3279 659 se
3323 603 3467 657 invi-

1889 711 2008 751 cem
2045 697 2404 768 aspicientes;
2442 697 2534 750 sed
2567 697 2838 750 undenam
2897 705 3080 766 posset
3134 697 3226 750 ille
3297 698 3468 768 conji~

1888 802 2011 842 cere
2043 803 2162 842 eam
2193 803 2315 842 esse
2348 804 2502 842 suam
2556 791 2867 859 conjugem,
2927 800 3049 842 cum
3106 789 3158 842 id
3218 790 3360 858 quod
3419 791 3468 842 ei

1889 883 2186 951 apparebat
2217 883 2422 938 videret
2452 897 2574 935 esse
2609 885 2811 946 virum,
2840 890 2894 936 et
2935 883 3074 935 virili
3113 892 3268 935 veste
3309 883 3468 940 indu-

1891 983 2030 1038 tum,
2061 977 2295 1030 maxime
2329 991 2456 1030 cum
2497 979 2667 1029 vestis
2691 989 2840 1030 esset
2873 978 3195 1039 monastica,
3269 985 3323 1030 et
3360 977 3470 1046 jam

1893 1068 1942 1121 ei
1972 1069 2331 1122 emarcuisset
2383 1070 2595 1137 species
2628 1069 2917 1121 immodica
2962 1069 3260 1122 afflictione
3293 1079 3347 1120 et
3384 1084 3472 1121 as-

1894 1161 2121 1230 peritate
2137 1162 2537 1216 exercitationis
2557 1161 2578 1212 ?
2596 1162 2683 1215 llla
2702 1172 2880 1215 autem
2904 1177 3025 1214 cum
3043 1176 3166 1215 eum
3197 1164 3367 1213 solum
3395 1161 3474 1212 vi-

1895 1255 2084 1318 disset,
2118 1255 2238 1307 etei
2271 1255 2539 1309 indicaret
2573 1257 2776 1318 vultus,
2807 1256 3060 1324 quisnam
3091 1264 3239 1307 esset
3270 1253 3359 1322 qui
3391 1252 3476 1306 vi-

1897 1346 2130 1401 debatur
2188 1348 2460 1418 (servabat
2483 1349 2627 1402 enim
2665 1350 2812 1402 illius
2869 1349 3039 1418 figura
3114 1347 3315 1401 indicia
3370 1345 3477 1399 im-

1899 1438 2226 1504 mutabilia),
2274 1439 2555 1492 recordata
2587 1448 2669 1492 est
2697 1440 2945 1507 protinus
2970 1438 3050 1492 sui
3086 1439 3141 1491 in
3169 1452 3292 1490 eum
3330 1451 3476 1488 amo-

1899 1532 1975 1585 ris
2003 1541 2056 1585 et
2092 1534 2322 1600 peccati,
2349 1542 2422 1596 et,
2454 1534 2547 1586 Hei
2566 1534 2718 1599 mihi,
2750 1549 2781 1586 ο
2805 1535 3016 1596 marite,
3043 1531 3177 1585 fletis
3200 1539 3255 1584 et
3288 1529 3478 1586 humili

1902 1636 2035 1676 voce
2073 1623 2230 1685 dixit,
2295 1624 2360 1676 ad
2391 1634 2624 1691 quantos
2683 1633 2770 1675 me
2841 1623 3057 1676 lobores
3103 1621 3316 1683 tradidi,
3353 1621 3481 1674 dum

1903 1715 2009 1767 mei
2052 1713 2105 1766 in
2139 1723 2190 1767 te
2218 1714 2397 1767 delicti
2426 1731 2610 1783 quaero
2638 1715 2986 1780 medicinam,
3021 1723 3075 1767 et
3106 1715 3300 1767 studeo
3344 1712 3482 1765 mul-

1906 1804 1975 1858 tis
1998 1804 2126 1858 illud
2162 1805 2345 1858 delere
2368 1805 2658 1875 lacrymis!
2699 1805 2759 1858 Et
2789 1821 2911 1860 cum
2947 1806 2997 1860 ei
3026 1805 3480 1873 fuissetpropius,

1906 1902 1960 1947 et
1996 1897 2067 1957 ei,
2101 1894 2280 1956 Salve,
2315 1896 2558 1958 dixisset,
2587 1910 2745 1964 quam
2764 1896 2998 1961 primum
3057 1893 3341 1963 prseteriit.
3393 1891 3485 1945 llle

1905 1996 2086 2039 autem
2119 2002 2238 2039 eam
2270 2002 2488 2055 quoque
2515 1989 2678 2040 simili
2715 2001 2848 2040 voce
2884 1986 3222 2040 resalutavit.
3272 1986 3483 2038 Praete-

1905 2077 2208 2130 riitantem
2270 2078 2438 2130 veluti
2493 2077 2696 2131 oblitus
2739 2093 2929 2131 eorum
2979 2092 3099 2146 quae
3164 2077 3212 2131 ei
3276 2077 3486 2130 dixerat

1906 2170 2149 2238 angelus,
2180 2179 2237 2224 ut
2257 2169 2349 2239 qui
2371 2170 2556 2240 figurae
2582 2172 2885 2223 mutatione
2915 2180 2968 2224 et
3001 2171 3183 2224 vultus
3241 2170 3485 2225 dissimi-

1909 2262 2369 2316 litudinefuisset
2439 2261 2666 2315 omnino
2733 2262 3019 2330 deceptus.

1982 2473 2093 2530 γιι.
2131 2473 2300 2528 Multa
2335 2475 2517 2543 itaque
2559 2472 2795 2526 afﬂictus
2832 2473 2998 2525 animi
3043 2474 3390 2544 aegritudine,
3434 2487 3491 2530 ut

1909 2569 1999 2638 qui
2021 2569 2313 2622 frustratus
2340 2566 2533 2620 fuisset
2553 2567 2912 2635 promissione
2935 2584 2947 2619 :
2969 2565 3079 2619 Cur
3099 2582 3203 2632 me,
3239 2567 3492 2633 Domine,

1912 2661 2240 2729 despiciens,
2271 2660 2508 2722 dicebat,
2545 2674 2656 2712 non
2683 2660 2958 2713 deduxisti
2992 2659 3057 2712 ad
3101 2659 3264 2713 finem
3290 2675 3352 2713 ea
3374 2676 3494 2729 qua

1915 2754 2180 2823 promissa
2225 2751 2484 2806 fuerant?
2512 2751 2619 2807 Sed
2651 2767 2842 2806 rursus
2874 2753 3143 2806 accedens
3190 2753 3258 2817 is,
3292 2752 3387 2820 qui
3445 2753 3493 2806 ei

1915 2853 2284 2916 apparuerat:
2317 2844 2437 2900 Non
2493 2844 2644 2899 fuisti
2681 2847 2965 2914 deceptus,
3001 2845 3157 2898 dixit.
3216 2844 3350 2898 Nam
3401 2847 3495 2913 qui

1919 2942 2013 2996 tibi
2047 2940 2219 3010 pridie
2243 2940 2485 2994 occurrit
2514 2937 2833 2999 monachus.
2856 2947 2910 2994 et
2935 2938 3068 2994 dixit
3097 2937 3213 3000 tibi,
3247 2932 3428 3000 Salve,
3452 2937 3498 2989 is

1921 3038 2035 3106 ipse
2055 3047 2171 3089 erat
2196 3036 2283 3088 illa
2307 3044 2396 3087 tua
2425 3034 2646 3104 conjux,
2679 3050 2799 3104 quae
2828 3049 2856 3086 a
2874 3041 2925 3087 te
2945 3032 3186 3086 studiose
3207 3032 3493 3100 quaeritur.

1921 3129 1987 3185 Et
2017 3131 2096 3183 sic
2118 3130 2335 3199 quidem
2367 3128 2544 3183 soluta
2574 3129 2625 3181 ei
2673 3129 2779 3182 fuit
2806 3127 3067 3196 suspicio.
3119 3126 3262 3196 quod
3312 3141 3376 3179 ea
3430 3125 3496 3178 ad

236 3198 390 3268 αὐτῷ
422 3197 491 3250 τὰ
519 3198 614 3266 τῆς
677 3197 932 3259 ὑπονοίας
987 3196 1192 3260 ἐλύετο,
1221 3200 1281 3250 τὸ
1312 3198 1388 3267 μὴ
1406 3201 1582 3269 ἑτέρῳ
1611 3201 1813 3269 ταύτην

1920 3224 2158 3276 alterum
2185 3223 2361 3276 virum
2402 3237 2512 3276 non
2535 3222 2859 3276 accessisset
2895 3238 2909 3275 :
2965 3221 3112 3289 quod
3159 3220 3378 3290 quidem
3428 3221 3500 3273 si-

234 3292 396 3362 ἀνδρὶ
464 3287 784 3361 προσελθεῖν
836 3290 975 3359 ὅπερ
1021 3289 1192 3358 ἡτῶν
1236 3290 1547 3358 μοναχικῶν
1595 3291 1814 3358 ἀμφίων

235 3387 435 3456 ἐδήλου
481 3385 769 3456 περιϐολή.
811 3382 1012 3451 Ἔμενι
1041 3382 1085 3436 δ’
1115 3379 1209 3437 οὖν
1261 3383 1406 3437 οὕτω
1483 3381 1815 3452 περιαλγῶν,

236 3482 337 3533 καὶ
371 3482 438 3549 τῇ
470 3481 569 3548 τῆς
597 3478 869 3547 ὁμοζύγου
906 3482 1159 3547 στερήσει
1199 3479 1608 3547 διακαιόμενος.
1679 3476 1737 3530 ’11
1763 3479 1818 3531 δὲ

241 3571 498 3640 μακαρία
542 3568 818 3636 Θεοδὼρα,
870 3572 931 3622 τὸ
982 3571 1119 3638 πρὸς
1173 3571 1383 3639 Κύριον
1432 3572 1819 3639 φιλάνθρωπον

237 3663 407 3716 πλέον
431 3661 765 3725 ὲξάπτουσα,
797 3660 890 3714 ἅτε
918 3661 1012 3713 καὶ¹
1038 3661 1134 3732 τῆς
1166 3661 1329 3714 αὑτοῦ
1356 3663 1693 3732 γλυκύτητος
1718 3664 1817 3735 ἤδη

240 3755 590 3826 γευσαμένη,
624 3756 720 3808 καί⁵
758 3755 1005 3824 μείζοσιν
1058 3757 1266 3822 ἀγῶσιν
1324 3756 1524 3827 ἑαυτὴν
1561 3756 1822 3824 ἐμϐαλεῖν

239 3846 528 3918 πρόθυμος
548 3842 637 3917 ἦν,
659 3847 754 3898 καὶ⁸
780 3845 1062 3914 ἆπαξ,τῆς
1090 3846 1306 3917 ἡμέρας
1339 3848 1539 3900 ἐσθίειν
1569 3848 1628 3900 τὸ
1661 3848 1820 3917 σῶμα

241 3941 627 4006 ιπαιδαγὼγει
651 3957 665 3969 ·
735 3939 929 3992 ἔπειτα
978 3943 1092 4001 τοῖς
1125 3940 1308 4001 πόνοις
1334 3924 1638 4007 προσθεῖσα
1679 3941 1822 3993 κατὰ

244 4029 362 4095 δύο,
389 4029 458 4080 τὰ
511 4027 660 4079 σιτία
726 4031 977 4097 παρεῖχε,
1041 4029 1137 4080 καὶ
1178 4027 1322 4081 οὕτω
1364 4029 1648 4098 κατολίγον
1711 4033 1822 4095 τοῖς

245 4123 685 4190 ὲπιπονωτέροις
736 4118 1169 4187 προσϐαίνουσα,
1222 4121 1316 4173 καὶ
1366 4121 1445 4184 εἰς
1480 4121 1594 4186 ἕξιν
1647 4124 1822 4191 ἄκρας

245 4211 583 4280 ἐγκρατείας
631 4209 867 4263 ἐλθοῦσα
925 4213 1069 4264 κινεῖ
1118 4213 1256 4283 πρὸς
1309 4213 1521 4266 ἱκεσίαν
1547 4215 1669 4275 τοὺς
1698 4231 1825 4266 συν-

250 4307 632 4372 ασκουμένους
687 4302 827 4371 αὐτῇ
893 4303 1185 4370 μοναχοὺς,
1220 4305 1523 4374 ἐπιτροπὴν
1568 4309 1662 4358 τοῦ
1694 4325 1827 4378 προ-

249 4395 490 4456 εστῶτος
519 4393 731 4457 λαϐεῖν,
764 4391 1058 4463 ἀρκεῖσθαι
1088 4392 1154 4446 δι’
1174 4393 1466 4466 ἑϐδομάδος
1488 4402 1825 4470 προσαγωγῇ

1920 3310 2210 3378 gnificabat
2239 3313 2470 3364 amictus
2497 3312 2926 3364 monasticarum
2959 3311 3213 3364 vestium.
3277 3309 3366 3364 llle
3421 3321 3500 3365 ta-

1921 3415 2046 3454 men
2077 3399 2336 3470 deinccps
2367 3401 2620 3456 manebat
2649 3403 2836 3457 dolore
2863 3403 3094 3458 affectus
3130 3411 3181 3458 et
3227 3407 3502 3461 cruciatus

1923 3505 2148 3564 propter
2177 3495 2539 3562 privationem
2568 3497 2837 3568 conjugis.
2864 3496 3030 3551 Beata
3070 3507 3252 3551 autem
3316 3497 3502 3553 Theo-

1922 3588 2054 3639 dora
2085 3601 2272 3639 amore
2298 3588 2512 3640 Domini
2562 3592 2736 3660 magis
2794 3605 3048 3655 accensa,
3113 3601 3171 3645 ut
3215 3608 3335 3662 qua:
3388 3594 3503 3662 jam

1925 3684 2168 3745 gustarat
2194 3676 2313 3746 ejus
2343 3677 2692 3741 suavitatem,
2739 3687 2795 3732 et
2851 3689 3036 3748 parata
3095 3691 3215 3735 erat
3268 3685 3503 3751 seipsam

1927 3769 1984 3822 in
2015 3771 2221 3837 majora
2258 3771 2533 3837 conjicere
2557 3772 2880 3837 certamina,
2916 3783 2970 3827 et
2995 3775 3166 3829 semel
3197 3777 3252 3829 in
3293 3777 3381 3830 die
3407 3793 3502 3831 co-

1926 3861 2176 3926 medens,
2215 3874 2416 3926 corpus
2456 3863 2758 3931 castigabat
2790 3879 2803 3927 ;
2833 3865 3031 3917 deinde
3057 3866 3321 3934 adjicicns
3348 3867 3506 3922 labo-

1927 3952 2101 4014 ribus,
2143 3953 2384 4008 secundo
2408 3968 2625 4023 quoque
2658 3955 2745 4010 die
2775 3955 2956 4009 cibum
3019 3959 3310 4025 sumebat;
3343 3971 3398 4016 et
3427 3964 3506 4016 sic

1927 4044 2188 4115 paulatim
2216 4047 2538 4116 aggrediens
2573 4047 2743 4116 magis
2774 4049 3065 4115 laboriosa,
3117 4064 3239 4105 cum
3307 4069 3503 4122 pervc-

1930 4141 2100 4192 nisset
2131 4140 2197 4193 ad
2225 4137 2470 4192 habitum
2512 4155 2739 4194 summa:
2764 4143 3130 4208 abstinentia},
3155 4155 3338 4198 monet
3390 4161 3509 4200 mo-

1931 4233 2163 4297 nacbos,
2186 4233 2278 4302 qui
2304 4247 2427 4286 cum
2446 4247 2510 4286 ea
2577 4233 2995 4300 exercebantur,
3051 4246 3111 4290 ut
3163 4249 3194 4290 α
3248 4236 3508 4307 praefecto

1932 4335 2186 4396 peterent
2214 4326 2262 4379 ei
2297 4327 2557 4395 permitti,
2591 4338 2652 4382 ut
2682 4329 2863 4382 cibum
2891 4329 3059 4384 semel
3087 4341 3295 4386 tantum
3323 4349 3510 4388 sume.

1934 4429 2018 4473 ret
2053 4419 2104 4470 in
2137 4418 2502 4471 hebdomada.
2541 4417 2648 4472 Sed
2683 4434 2807 4472 cum
2861 4422 2913 4473 id
2967 4438 3186 4491 quoque
3231 4432 3398 4489 esset,
3452 4435 3510 4479 ut

251 4484 355 4552 τῆς
383 4489 612 4554 τροφῆς.
631 4484 792 4535 Ἀλλά
829 4486 921 4536 καὶ
948 4486 1139 4538 τούτου
1169 4489 1308 4540 κατὰ
1329 4488 1555 4562 γνώμην
1588 4492 1813 4562 τυχοῦσα

1932 4510 2165 4577 volebat,
2200 4515 2513 4581 consecuta,
2545 4513 2612 4568 ad
2673 4515 2896 4568 alteram
2927 4484 3135 4585 aspexit.
3168 4484 3509 4588 petitionem,

252 4577 393 4645 πρὸς
419 4574 610 4645 ἑτέραν
675 4573 864 4628 ἀπείδε
915 4573 1122 4644 δέησιν,
1214 4581 1478 4648 τριχίνοις
1532 4582 1829 4650 ὲνδύμασιν

253 4667 541 4739 ιπιτρίψαι
571 4667 633 4719 τὸ
665 4667 844 4736 σῶμα,
865 4665 1056 4738 ὥσπερ
1078 4669 1397 4741 ἀμυνομένη
1423 4671 1519 4742 τὴν
1547 4672 1830 4744 πλήξασαν

257 4762 469 4830 ἡδονήν.
526 4761 693 4812 Οὔπω
749 4759 856 4831 γὰρ
923 4762 1044 4813 οὐδὲ
1099 4763 1242 4831 μετὰ
1266 4764 1560 4828 τοσούτους
1615 4768 1832 4835 ἀγῶνας

256 4853 429 4923 λήθην
493 4850 730 4919 ἠδύνατο
760 4851 863 4922 τῆς
919 4853 1137 4923 πληγῆς
1189 4855 1409 4926 ἐκείνης
1441 4857 1645 4922 λαϐεῖν,
1705 4860 1833 4913 ἀλλ’

257 4945 472 5011 ἔμεινεν
502 4944 591 4994 ἀεὶ
627 4946 692 5012 τῇ
725 4944 1013 5013 προσθήκῃ
1055 4947 1164 4996 τῶν
1195 4948 1494 5009 ἐπιπόνων,
1517 4949 1606 4999 τὸν
1640 4951 1833 5018 βεϐλη-

255 5034 396 5088 κὸτα
456 5031 750 5100 βάλλουσα,
810 5035 904 5086 καὶ
958 5033 1138 5104 πολλῷ
1174 5035 1399 5104 μείζονα
1429 5038 1528 5108 τὴν
1568 5039 1832 5108 αἰσχύνην

257 5124 326 5198 ἦς
390 5127 530 5194 αὑτὴ
583 5125 856 5177 πέπονθεν
911 5126 1109 5197 ἐκείνῳ
1174 5130 1540 5199 περιτιθεῖσα,
1587 5133 1832 5202 γυνὴτον

257 5220 357 5271 καὶ
389 5218 618 5280 πολλοὺς
665 5219 966 5288 νικήσαντα
1016 5221 1124 5271 τῶν
1162 5221 1374 5290 ἀνδρῶν
1402 5225 1494 5274 καὶ
1526 5221 1707 5291 σάρκα
1740 5240 1834 5290 φοι

263 5308 436 5379 ροῦσα
483 5309 575 5361 τὸν
602 5309 894 5382 ἀσώματον
927 5313 1301 5384 τροπουμὲνη.

335 5451 419 5503 Η’.
455 5450 574 5504 ’Ὶνα
613 5448 668 5500 δὲ
701 5452 796 5502 καὶ
823 5453 850 5503 ό
881 5451 1051 5514 πολὺς
1093 5455 1151 5506 ἐν
1199 5453 1341 5508 ἐλέει
1391 5456 1525 5520 Θεὸς
1576 5456 1833 5527 δοξασθῇ,

261 5540 359 5595 καὶ
416 5543 449 5609 ἡ
505 5538 724 5610 ἐκείνης
792 5541 1233 5615 ἀξιοθαύμαστος
1313 5547 1505 5617 ἀγωγὴ
1558 5549 1836 5619 γνώριμος

263 5634 533 5701 καταστῇ,
587 5633 1089 5709 θαυματουργεῖταί
1146 5654 1198 5690 τι
1235 5638 1478 5692 τοιοῦτον
1525 5642 1685 5709 λόγου
1743 5645 1837 5698 καὶ

266 5726 489 5796 μνήμης
543 5725 714 5791 ἀξιον.
775 5725 957 5797 Λίμνη
1006 5729 1105 5798 τῆς
1161 5732 1326 5800 μονῆς
1359 5725 1835 5805 ὑπῆρχεν’ὲγγύς’

270 5817 449 5892 ταύτῃ
492 5819 842 5890 κροκόδειλος
873 5819 1292 5894 ὲμφιλοχωρῶν,
1340 5818 1384 5892 ᾧ
1425 5825 1491 5879 ἂν
1527 5827 1740 5898 ὲντύχοι
1771 5834 1838 5899 τῇ

1936 4619 2134 4677 nempe
2155 4613 2213 4660 ut
2242 4619 2442 4674 corpus
2476 4615 2784 4660 contereret
2810 4607 3011 4671 cilicio,
3039 4609 3205 4664 veluti
3243 4611 3512 4665 ulciscens

1938 4715 2082 4765 eam,
2143 4714 2264 4769 quae
2333 4702 2504 4769 ipsam
2547 4700 2838 4764 sauciarat,
2871 4702 3224 4771 voluptatem.
3257 4703 3508 4756 Nondum

1939 4797 2084 4849 enim
2117 4809 2218 4846 nec
2250 4803 2373 4862 post
2407 4801 2514 4846 tam
2557 4795 2724 4847 multa
2755 4794 2974 4863 quidem
3012 4796 3313 4849 certamina
3350 4804 3510 4865 pote-

1939 4894 2021 4938 rat
2044 4899 2162 4938 eam
2186 4900 2381 4954 capere
2412 4884 2612 4939 oblivio
2639 4884 2783 4938 illius
2811 4885 3000 4954 plagae,
3027 4886 3122 4940 sed
3145 4901 3362 4955 semper
3391 4903 3514 4956 per-

1945 4979 2126 5050 gebat,
2153 4978 2462 5046 adjiciendo
2492 4977 2729 5041 labores,
2765 4978 2931 5032 ferire
2957 4995 3082 5032 eum
3112 4978 3202 5045 qui
3232 4993 3513 5046 percusse-

1941 5080 2046 5134 rat,
2079 5083 2131 5124 et
2165 5069 2213 5123 ei
2248 5069 2506 5138 majorem
2555 5069 2777 5123 inurere
2845 5068 3201 5139 ignominiam
3240 5083 3305 5122 ea
3349 5083 3511 5137 quam

1941 5181 2098 5238 passa
2140 5165 2334 5228 fuerat,
2367 5164 2566 5219 femina
2597 5180 2722 5218 eum
2755 5163 2847 5228 qui
2877 5165 3079 5218 multos
3109 5164 3254 5216 viros
3282 5163 3509 5226 vicerat,

1941 5275 1995 5319 et
2023 5276 2242 5317 carnem
2274 5272 2519 5333 gestans,
2548 5277 2671 5316 cum
2703 5260 2939 5316 fundens
2980 5274 3046 5312 ac
3083 5257 3398 5328 proﬂigans,
3418 5257 3511 5327 qui

1941 5369 2061 5414 erat
2092 5359 2467 5426 incorporeus.

2015 5451 2146 5506 Vlll.
2199 5449 2271 5504 Ut
2323 5459 2508 5503 autem
2567 5448 2958 5518 glorificaretur
3035 5446 3202 5512 Deus,
3268 5448 3362 5516 qui
3429 5454 3513 5500 est

1942 5560 2170 5617 magnus
2214 5553 2268 5598 et
2309 5543 2564 5611 copiosus
2615 5542 2669 5594 in
2725 5539 3118 5602 misericordia,
3186 5546 3242 5593 et
3309 5553 3508 5610 cogno-

1941 5650 2184 5697 sceretur
2214 5637 2361 5693 illius
2401 5637 2510 5689 vita
2540 5633 2894 5699 admirabilis,
2926 5634 2984 5687 fit
3026 5634 3134 5688 tale
3175 5632 3510 5693 miraculum,

1944 5737 2164 5807 dignum
2209 5732 2353 5802 quod
2419 5731 2690 5785 scribatur
2738 5739 2793 5783 et
2862 5727 3150 5783 mandetur
3216 5726 3509 5781 memorias.

1952 5831 2082 5888 Erat
2151 5829 2366 5898 quidam
2426 5824 2576 5880 lacus
2645 5838 2815 5893 prope
2876 5824 3289 5880 monasterium.
3339 5825 3392 5876 In
3446 5838 3513 5878 eo
