4198 6438
758 388 866 449 675

1984 385 2268 446 MENSlS
2311 387 2784 447 SEPTEMBER.

3904 400 4032 464 676

765 503 1016 557 habitans
1088 502 1418 564 crocodilus,
1496 501 1546 555 in
1605 517 1983 572 quemcunque
2053 504 2406 564 incidissetA

2374 505 2603 574 Αλίμνῃ
2657 507 3060 576 πνραῦαλλοντι
3110 509 3382 579 ἀνθρώπῳ
3450 513 3480 579 ἢ
3546 513 3754 581 κτήνει,
3820 521 4032 586 μικρῷ

764 597 1036 646 hominem
1084 594 1167 646 vel
1222 594 1474 653 bestiam,
1531 609 1624 647 seu
1663 610 1881 661 parvam
1921 612 2013 648 seu
2055 612 2325 665 magnam,

759 703 876 738 eam
941 686 1186 754 protinus
1250 684 1538 738 exedebat.
1620 687 1688 740 lis
1755 688 1954 757 itaque,
2012 689 2101 756 qui
2162 691 2214 741 in
2266 704 2327 741 ca

759 783 978 849 regione
1028 780 1362 842 habitabant,
1420 791 1538 833 erat
1589 782 1786 834 malum
1865 787 2000 835 adeo
2065 785 2324 844 terribile,

761 881 817 924 ut
871 872 983 940 ipse
1038 872 1324 940 pnef'ectus
1380 872 1796 936 civitatis(erat
1853 885 2035 929 autem
2100 877 2188 928 hic
2241 877 2325 929 ille

756 962 1094 1029 Gregorius,
1189 978 1346 1030 quem
1431 979 1550 1030 qua:
1646 966 1925 1032 pra2cessit
2003 966 2324 1036 signiﬁcavit

756 1053 1050 1118 oratio)in
1086 1069 1150 1104 eo
1189 1053 1306 1106 loco
1357 1055 1609 1107 statuerit
1671 1056 1869 1110 milites
1935 1056 1996 1109 ad
2065 1059 2324 1113 arcendos

754 1157 848 1195 eos
920 1142 1010 1210 qui
1082 1143 1201 1195 illac
1260 1145 1581 1198 transibant.
1651 1146 1787 1198 Cum
1871 1161 1999 1214 ergo
2077 1148 2323 1202 scivisset

755 1234 1041 1301 praefectus
1064 1235 1399 1298 monasterii,
1420 1236 1592 1303 qualis
1619 1247 1763 1290 esset
1790 1238 1894 1290 vita
1921 1239 2234 1299 Theodore.
2269 1250 2323 1294 et

751 1324 892 1392 quod
959 1339 1127 1393 prope
1187 1325 1425 1378 conferri
1489 1337 1672 1394 posset
1725 1342 1846 1380 cum
1899 1329 2031 1396 ipsis
2089 1329 2318 1397 angelis,

754 1423 808 1466 et
846 1414 992 1480 quod
1051 1430 1157 1467 non
1212 1424 1357 1469 esset
1417 1431 1613 1484 expers
1680 1417 1874 1472 divina:
1941 1420 2152 1488 gratiae,
2202 1437 2319 1478 eam

751 1510 1034 1561 accersivit
1070 1519 1123 1561 et
1167 1510 1215 1562 ei
1246 1510 1418 1564 dixit:
1455 1510 1573 1573 Fili,
1610 1510 1909 1575 Theodore,
1950 1513 2072 1567 tolle
2106 1530 2319 1581 urnam,

751 1609 806 1652 et
859 1616 1090 1668 propera
1134 1601 1288 1654 nobis
1334 1617 1528 1670 aquam
1565 1603 1758 1657 afferre
1793 1621 1859 1658 ex
1901 1605 2004 1659 hoc
2043 1606 2178 1660 lacu.
2223 1608 2313 1662 Illa

751 1700 934 1744 autem
974 1709 1037 1744 ex
1071 1694 1373 1760 apostolico
1423 1706 1694 1766 przecepto
1735 1698 1917 1752 sciens
1963 1716 2083 1754 esse
2117 1717 2317 1768 paren-

749 1785 876 1836 dum
928 1784 995 1838 iis
1025 1787 1112 1852 qui
1150 1796 1404 1853 praesunt,
1457 1788 1699 1856 implevit
1735 1790 1877 1856 quod
1920 1791 2070 1857 jussa
2118 1792 2314 1845 fuerat.

750 1877 813 1930 Et
839 1879 1021 1934 multis
1049 1880 1365 1947 jnhentibus
1395 1881 1539 1934 illam
1572 1897 1602 1934 e
1643 1882 1760 1936 loco
1791 1883 2074 1948 excedere,
2123 1886 2165 1938 si
2203 1901 2311 1939 non

748 1985 976 2027 mortem
1010 1985 1236 2044 cuperet
1265 1977 1631 2043 apertissime,
1665 1978 1752 2029 illa
1804 1988 1981 2031 tamen
2029 1981 2163 2034 freta
2207 1982 2310 2035 fide

747 2065 800 2116 in
840 2064 1029 2126 Deum,
1069 2077 1120 2118 et
1155 2082 1419 2134 peragens
1461 2084 1594 2136 opus
1639 2070 1984 2131 obedientite,
2013 2087 2135 2140 qua:
2165 2074 2315 2126 novit

749 2154 913 2206 vitam
976 2157 1290 2217 conciliare,
1364 2172 1470 2210 non
1536 2170 1788 2221 mortem,
1842 2177 1964 2213 cum
2031 2164 2314 2234 effugisset

747 2260 938 2298 omnes
989 2246 1078 2313 qui
1152 2247 1449 2311 arcebant,
1499 2252 1704 2304 accedit
1759 2253 1822 2305 ad
1879 2253 2101 2311 locum:
2141 2261 2196 2310 et
2247 2259 2314 2324 (ο

748 2337 1085 2390 admirabilia
1165 2348 1251 2390 tua
1335 2353 1518 2406 opera,
1582 2357 1613 2393 0
1683 2343 1973 2411 Domine“)
2025 2356 2312 2413 conspecta

748 2427 848 2482 fuit
910 2429 1034 2480 vehi
1103 2445 1130 2482 a
1199 2431 1512 2495 bellua;et
1561 2448 1683 2486 cum
1749 2449 1944 2502 aquam
2022 2438 2312 2504 haususset,

748 2529 803 2572 et
868 2519 1148 2588 implesset
1205 2538 1296 2572 vas
1347 2523 1490 2590 quod
1546 2534 1663 2576 erat
1717 2524 1769 2577 in
1838 2527 2110 2588 manibus,
2163 2537 2312 2581 vecta

748 2628 940 2664 rursus
985 2614 1050 2666 ab
1099 2613 1186 2666 illa
1239 2614 1416 2667 bellua
1467 2626 1619 2670 terrae
1675 2620 1941 2673 redditur.
1998 2619 2064 2674 Et
2109 2623 2188 2675 sic
2227 2620 2313 2675 illa

747 2706 966 2772 quidem
1016 2705 1070 2758 in
1111 2713 1253 2759 terra
1287 2718 1637 2762 conservatur
1663 2711 1826 2764 illmsa
1855 2729 1868 2777 ;
1905 2711 2078 2766 bellua
2110 2724 2311 2778 autem,

748 2810 872 2847 cum
967 2806 1153 2849 sancta
1259 2797 1424 2865 ipsam
1511 2801 1860 2870 increpassct,
1939 2802 2037 2855 luit
2121 2818 2314 2870 pt‘Bnas

749 2901 939 2939 eorum
1015 2905 1134 2956 quae
1190 2889 1254 2941 ad
1322 2891 1424 2944 hoc
1498 2908 1672 2962 usque
1727 2904 1938 2962 tempus
2000 2894 2311 2956 admiserat,

748 2987 804 3031 et
857 2993 923 3031 eo
977 2978 1031 3030 in
1084 2979 1203 3033 loco
1262 2983 1442 3035 statim
1511 2985 1755 3038 cernitur
1828 2996 2062 3039 mortua.
2125 2985 2316 3039 Evadit

745 3084 875 3140 ergo
934 3087 1023 3125 res
1068 3073 1189 3126 aliis
1262 3090 1480 3143 quoque
1538 3076 1843 3144 manifesta,
1909 3087 2093 3148 utpote
2171 3079 2314 3148 quod

2434 613 2491 648 τε
2519 599 2612 649 καὶ
2647 599 2875 667 μείζονι,
2900 598 3061 651 τοῦτο
3084 599 3300 652 δεῖπνον
3337 601 3492 664 sie-3;
3521 607 3788 657 ἐποιεῖτο·
3830 609 4028 670 οὕτως

2432 683 2524 741 οῦν
2553 690 2784 758 κατέστη
2850 692 2961 753 τοῖς
3012 693 3481 760 ὲπιχωριάξουσιν
3529 697 3794 762 ἐπίφοϐον
3824 699 3882 749 τὸ
3921 717 4038 750 κα-

2429 782 2543 844 κὸν,
2564 783 2638 842 ὡς
2667 782 2760 834 καὶ
2786 783 2946 834 αὑτὸν
2972 786 3062 836 τὶν
3101 786 3202 852 τῆς
3239 785 3448 847 πόλεως
3481 785 3727 855 ὕπαρχον
3777 791 4032 858 (Γρηγιὶ-

2429 892 2545 943 ριος
2597 876 2653 927 δὲ
2693 870 2848 936 οὗτος
2877 872 2944 945 ἦν
2979 877 3036 927 ὃν
3101 880 3194 930 καὶ
3259 878 3498 948 πρόσθεν
3551 879 3760 944 φθασας
3790 887 3820 933 ὁ
3857 885 4034 949 λόγος

2427 965 2690 1035 ἐδήλωσε)
2736 965 3072 1035 στρατιώτας
3129 969 3510 1036 παρακαθίσαι
3537 971 3614 1039 τῷ
3670 973 3846 1039 τόπῳ,
3903 976 4029 1042 εἶρ-

2426 1074 2543 1124 γειν
2573 1059 2698 1118 τοὺς
2728 1057 2795 1108 δι’
2851 1059 3069 1127 ἐκείνης
3124 1059 3429 1122 ὁδεύοντας.
3499 1061 3669 1122 Εἰδὼς
3712 1062 3806 1114 οῦν
3841 1068 3867 1115 ὁ
3916 1065 4028 1130 τῆς

2427 1152 2596 1220 μονῆς
2631 1151 2934 1223 προεστὼς,
2969 1147 3084 1214 οἷος
3118 1148 3186 1222 ἦν
3216 1155 3242 1205 ὁ
3273 1153 3372 1222 τῆς
3403 1155 3687 1224 Θεοξώρας
3731 1159 3872 1225 βίος,
3925 1162 4027 1210 καὶ

2421 1242 2494 1302 ὡς
2527 1242 2726 1311 μικροῦ
2777 1246 2873 1296 καὶ
2929 1245 3187 1312 ἀγγέλοις
3239 1245 3426 1308 αὐτοῖς
3465 1247 3875 1316 ἁμιλλώμενος,
3926 1255 4027 1302 καὶ

2424 1332 2523 1395 ὡς,
2549 1332 2650 1383 οὑκ
2685 1331 2751 1384 ἂν
2784 1333 2873 1400 εἴη
2947 1337 3041 1385 καὶ
3072 1336 3297 1404 χάριτος
3364 1334 3516 1396 θείας
3584 1337 3724 1404 αῦτη
3756 1339 4024 1406 ἄμοιρος,

2426 1425 2771 1494 μετάκλητον
2801 1428 2970 1496 αὐτὴν
2998 1428 3388 1498 ποιησάμενος,
3423 1430 3644 1490 Τέκνον,
3682 1426 3808 1482 εἷπε
3830 1470 3844 1493 ,
3877 1432 4021 1483 Θεὸ-

2421 1520 2584 1588 δωρε,
2632 1519 2694 1571 τὸ
2748 1520 3018 1586 κεράμιον
3079 1518 3245 1588 ἄρας,
3282 1521 3584 1589 ὕδωρήμῖν
3628 1524 3740 1573 ἀπὸ
3773 1524 3877 1590 τῆς
3911 1520 4022 1574 (ea;

2421 1611 2618 1679 λίμνης
2677 1612 2903 1680 ἐπείχθη
2954 1627 3006 1663 τι
3064 1611 3313 1677 ἀγαγεῖν.
3354 1613 3420 1663 'fl
3469 1614 3524 1664 δὲ
3561 1614 3852 1666 πείθεσθαι
3893 1618 4023 1677 τοῖς

2421 1707 2744 1774 ἡγουμένοις
2768 1708 3134 1778 ἀποστολικὴν
3166 1707 3344 1759 εἰδυῖα
3382 1709 3728 1775 παραίνεσιν.
3765 1711 4018 1777 ἐπλήρου

2422 1801 2480 1850 τὸ
2520 1799 2833 1862 κελευσθὲν,
2872 1802 2968 1853 καὶ
3000 1801 3214 1852 πολλῶν
3252 1801 3420 1868 αὐτὴν
3489 1802 3758 1868 ἐκχωρεῖν
3793 1801 3890 1851 τοῦ
3927 1803 4016 1851 τό·

2420 1908 2521 1941 που
2574 1892 3058 1961 διακελευομένων,
3094 1894 3141 1943 εί
3196 1893 3266 1962 μὴ
3323 1891 3531 1960 θανατᾷ
3599 1891 4014 1961 προδηλότατα.

2417 1983 2601 2049 ἐκείνη
2660 1985 2842 2035 πίστει
2880 1989 2943 2054 τῇ
2980 1987 3059 2044 εἰς
3134 1986 3268 2036 Θεὸν
3304 1985 3584 2054 θαρροῦσα
3618 1988 3711 2036 καὶ
3746 1979 4010 2051 ὑπακοῆς

2417 2074 2576 2143 ἔργον
2619 2074 2880 2139 ἀνύουσα,
2981 2075 3124 2144 ζωὴν
3165 2076 3366 2143 μᾶλλον
3390 2071 3552 2137 οἶδεν,
3589 2075 3712 2141 οὐχὶ
3743 2075 4014 2132 θάνατον,

2417 2166 2720 2234 προξενεῖν,
2757 2169 2964 2230 πάντας
3002 2166 3136 2235 ὁμοῦ
3165 2165 3512 2234 διαφυγοῦσα.
3541 2169 3665 2227 τοὺς
3691 2169 4012 2234 εἴργοντας,

2415 2261 2482 2329 τῇ
2512 2261 2674 2326 λίμνῃ
2709 2261 3068 2328 προσϐάλλει,
3105 2261 3218 2323 καὶ,
3254 2259 3298 2310 ὣ
3330 2263 3438 2309 τῶν
3464 2261 3784 2324 παραδόξων
3822 2260 4014 2328 ἔργων

2421 2367 2536 2411 σευ,
2566 2353 2734 2420 Κύριε
2764 2354 2774 2403 !
2811 2354 2992 2405 ἐπάνω
3015 2353 3107 2404 τοῦ
3138 2352 3322 2421 Θηρὺς,
3357 2352 3561 2419 ἑωρᾶτο
3596 2351 4011 2421 βασταζομένη,

2420 2446 2780 2516 ἀρρυσαμένη
2809 2461 2867 2495 τε
2935 2444 3078 2514 ὕδωρ
3114 2447 3207 2496 καὶ
3238 2445 3296 2496 τὸ
3333 2446 3388 2494 ἐν
3421 2447 3609 2513 χερσὶν
3650 2446 3824 2511 ἄγγος
3858 2447 4012 2514 πλή-

2420 2556 2579 2601 σασα,
2633 2540 2827 2608 ἔποχος
2877 2538 3040 2593 πάλιν
3098 2538 3190 2589 ὑπ’
3237 2539 3449 2589 ἐκείνου
3487 2538 3549 2605 δὴ
3576 2538 3670 2588 τοῦ
3705 2538 3899 2606 θηρὸς,
3937 2543 4008 2606 τῇ

2417 2633 2557 2702 ξηρᾷ
2595 2634 2974 2702 παραδίδοται.
3024 2632 3132 2684 Καὶ
3161 2633 3334 2693 οῦτως
3398 2631 3583 2698 ἐκείνη
3629 2632 3726 2698 μὲν
3777 2631 4007 2698 ἀπαθὴς

2415 2726 2482 2791 τῇ
2522 2725 2590 2790 γῇ
2623 2723 2947 2785 διασώζεται
2981 2739 2995 2754 ·
3030 2724 3090 2773 τὸ
3121 2724 3177 2773 δὲ
3209 2721 3399 2788 θηρίον
3453 2721 3585 2788 παρ’
3611 2721 3787 2788 αὐτῆς
3821 2723 4006 2772 ἐπιτι-

2420 2815 2592 2884 μηθὲν
2651 2814 3032 2886 εἰσπράττεται
3079 2815 3233 2884 δίκην
3262 2814 3370 2865 τῶν
3415 2815 3573 2882 μέχρι
3613 2815 3732 2866 τότε
3787 2814 4005 2882 τολμη-

2417 2911 2621 2965 θέντων
2634 2909 2801 2978 αὐτῷ,
2825 2909 2918 2961 καὶ
2937 2909 3066 2976 παρ’
3097 2908 3292 2960 αὐτίκα
3315 2906 3390 2976 τῷ
3413 2907 3564 2974 τόπῳ
3596 2906 3763 2957 πεσὸν
3783 2907 4003 2975 ἑωρᾶτο

2415 3002 2606 3070 νεκρόν
2639 3015 2653 3029 ⁸
2711 3002 2921 3069 γίνεται
2987 2996 3080 3052 οῦν
3124 3000 3185 3052 τὸ
3221 3002 3454 3068 πρᾶγμα
3515 2999 3608 3050 καὶ
3660 2999 3776 3059 τοῖς
3814 2998 4002 3058 ἄλλοις

2415 3095 2688 3163 ἐπίδηλον,
2721 3095 2816 3145 ἆτε
2846 3093 2953 3143 τῶν
2987 3092 3288 3157 ὀφθαλμοῖς
3322 3090 3483 3141 τοῦτο
3534 3089 3998 3156 παραλαϐόντων,

747 3163 840 3229 qui
892 3165 1266 3232 percepissent
1314 3168 1508 3230 oculis,
1561 3183 1676 3222 eam
1724 3172 2018 3224 multorum
2090 3171 2384 3229 auribusC

2343 3171 2384 3229 (ἶ
2417 3184 2626 3237 πολλῶν
2656 3185 2848 3245 ἀκοαῖς
2877 3181 3211 3252 χαρίσασθαι
3239 3180 3636 3249 βουληθέντων,
3665 3180 3760 3230 καὶ
3784 3179 4001 3241 πάντας

748 3255 962 3308 tradere
1041 3257 1356 3312 voluerint:
1420 3270 1474 3313 et
1549 3270 1840 3318 nronterea
1928 3261 2041 3315 Deo
2115 3276 2309 3318 omnes

746 3357 973 3415 egerunt
1018 3351 1240 3418 gratias.

817 3439 907 3492 lx.
959 3441 1086 3493 Erat
1143 3450 1324 3494 autem
1385 3441 1472 3495 hic
1541 3457 1759 3512 quoque
1817 3442 2016 3498 invidia
2074 3444 2310 3510 factura,

746 3547 864 3601 qua:
935 3533 984 3585 ei
1059 3533 1413 3599 conveniunt,
1509 3543 1562 3588 et
1651 3537 1771 3602 ejus
1871 3544 1998 3586 sunt
2075 3537 2311 3603 propria.

746 3626 977 3688 Quidam
1055 3627 1200 3677 enim
1271 3641 1337 3677 ex
1400 3624 1684 3677 monachis
1729 3624 1927 3693 (nemo
1997 3636 2080 3678 est
2144 3625 2309 3686 enim,

746 3714 836 3782 qui
915 3729 1025 3766 non
1081 3723 1370 3784 appetatur
1431 3715 1638 3769 inimici
1716 3715 1960 3784 insidiis)
2006 3716 2314 3771 invidentia

745 3805 982 3859 stimulis
1034 3805 1147 3869 icti,
1212 3808 1375 3874 qmod
1430 3807 1678 3859 viderent
1733 3807 1943 3860 beatam
2006 3810 2191 3862 venire
2245 3811 2312 3864 ad

746 3912 1018 3949 summum
1072 3898 1310 3960 virtutis,
1364 3897 1629 3953 insciente
1677 3901 1954 3969 praefecto,
2005 3917 2125 3956 eam
2179 3902 2311 3956 mit-

747 3997 870 4041 tunt
917 3987 972 4041 in
1023 3989 1295 4057 quoddam
1342 3991 1531 4059 procul
1583 3999 1848 4042 remotum
1899 3991 2310 4053 monasterium,

747 4081 1022 4134 tradentes
1073 4080 1122 4132 ei
1181 4081 1488 4148 epistolam,
1550 4083 1733 4150 specie
1784 4081 2027 4150 quidem,
2089 4092 2145 4135 ut
2193 4097 2313 4152 quaa

746 4173 975 4227 haberet
1009 4171 1208 4239 aliquid
1239 4173 1381 4242 quod
1416 4184 1651 4243 urgeret,
1678 4183 1733 4228 et
1782 4174 2084 4242 postularet
2116 4175 2310 4229 celeri-

748 4269 911 4314 tatem
946 4279 959 4326 ;
998 4277 1184 4316 revera
1231 4273 1409 4316 autem
1443 4264 1515 4316 ita
1557 4275 1773 4318 structa:
1819 4265 2035 4319 fuerant
2079 4266 2308 4330 insidiae,

745 4355 1002 4420 quoniam
1086 4354 1188 4408 hoc
1268 4363 1433 4410 noctu
1510 4354 1692 4418 ﬁebat,
1763 4368 1823 4409 ut
1881 4361 2231 4410 devoraretur
2283 4374 2313 4411 a

746 4445 958 4500 beStiis.
1032 4443 1159 4499 Erat
1224 4448 1370 4500 enim
1437 4448 1527 4500 illa
1586 4448 1671 4501 via
1736 4450 1970 4510 deserta,
2016 4459 2069 4508 et
2107 4450 2162 4502 in
2207 4465 2312 4518 qua

747 4539 876 4590 solae
934 4539 1220 4591 alebantur
1277 4538 1424 4591 ferae.
1493 4538 1595 4592 Sed
1665 4539 1862 4594 frustra
1927 4543 2023 4593 has
2089 4541 2312 4595 insidias

746 4627 968 4682 molitus
1031 4638 1117 4683 est
1172 4630 1534 4696 adversarius,
1583 4639 1637 4685 et
1689 4647 1847 4685 secus
1909 4634 2094 4685 evenit
2151 4649 2313 4700 quam

746 4721 862 4788 ipse
930 4723 1363 4775 machinabatur.
1421 4725 1501 4775 Ad
1569 4733 1810 4776 sanctam
1887 4725 2032 4776 enim
2103 4725 2156 4775 in
2228 4726 2313 4778 via

747 4823 1020 4866 errantem
1084 4815 1294 4868 accedit
1342 4815 1588 4883 quaedam
1652 4818 1844 4878 bestia,
1899 4818 2063 4885 fitque
2110 4817 2157 4871 ei
2206 4817 2314 4870 dux

747 4907 847 4960 vias
901 4921 1010 4958 non
1061 4905 1242 4974 fallax,
1295 4908 1467 4962 donec
1541 4924 1658 4961 eam
1727 4908 1948 4961 deduxit
2001 4908 2067 4960 ad
2127 4922 2315 4961 mona-

746 4997 994 5063 sterium,
1049 4999 1114 5051 ad
1140 5003 1281 5067 quod
1332 4999 1508 5053 fuerat
1540 5003 1700 5053 missa
1729 5017 1741 5052 :
1780 5005 1888 5054 imo
1914 5016 2040 5054 vero
2071 5015 2138 5053 ne
2189 5010 2315 5054 tunc

745 5092 961 5159 quidem
1049 5092 1322 5146 discessit.
1377 5090 1510 5146 Cum
1569 5109 1630 5148 ea
1693 5094 1832 5146 enim
1894 5092 2151 5160 ingressa,
2201 5093 2312 5160 ipsa

746 5197 963 5252 quoque
1001 5182 1253 5247 introiit;
1312 5193 1366 5237 et
1404 5200 1526 5238 cum
1577 5185 1664 5238 illa
1695 5184 1900 5247 ivisset,
1955 5197 2010 5237 ut
2061 5184 2314 5253 pricf'ecto

748 5274 1001 5327 redderet
1032 5275 1257 5339 litteras,
1303 5276 1540 5345 ingressa
1591 5288 1675 5331 est
1727 5277 1836 5329 fera
1886 5277 1947 5330 ad
2000 5279 2311 5344 jauitorem,

749 5377 984 5430 eumque
1016 5380 1138 5417 mox
1178 5376 1294 5420 erat
1325 5366 1682 5434 discerptura,
1719 5369 1822 5420 nisi
1856 5366 1944 5420 ille
1985 5368 2311 5430 clamasset;

747 5461 804 5505 et
862 5467 985 5505 cum
1034 5467 1098 5506 ex
1155 5453 1394 5508 clamore
1452 5469 1711 5509 conversa
1767 5458 1924 5509 beata
1969 5459 2314 5525 cognovisset

748 5545 1005 5612 quisnam
1063 5553 1210 5599 esset
1261 5547 1544 5610 tumultus,
1592 5549 1821 5602 offendit
1870 5550 2160 5617 virum,qui
2203 5551 2311 5619 jam

747 5635 1081 5689 exedebatur
1111 5651 1137 5688 a
1177 5636 1376 5691 bestia.
1415 5637 1506 5693 llla
1540 5653 1668 5709 ergo
1715 5641 1922 5704 statim,
1958 5641 2301 5709 apprehenso

1420 3270 1474 3313 et
1549 3270 1840 3331 propterea

822 5841 842 5871 ⁸
870 5837 1012 5893 Psal.
1045 5856 1228 5903 nux,
1257 5842 1313 5900 6.

2413 3278 2523 3350 εἶχε
2562 3278 2694 3342 Θεὸς
2720 3279 2786 3330 δι’
2809 3279 3022 3347 ἐκείνης
3069 3275 3527 3348 εὐχαριστοῦντας
3548 3274 3721 3342 αὐτῷ.

2483 3435 2561 3486 Θ’.
2594 3436 2686 3484 Δεῖ
2721 3436 2820 3486 κάν
2853 3435 3027 3500 τούτῳ
3072 3435 3140 3486 τὰ
3200 3436 3376 3486 οἰκεῖα
3409 3436 3436 3484 ὁ
3477 3435 3670 3501 φθόνος
3719 3434 3999 3486 ὲνὸείκνυ·

2417 3527 2564 3580 σθαι.
2613 3527 2768 3587 Τινὲς
2809 3525 2914 3594 γὰρ
2952 3525 3060 3577 τῶν
3118 3525 3370 3592 μοναχῶν
3426 3525 3570 3591 (ἐπεὶ
3620 3524 3817 3591 μηδεὶς
3871 3529 3994 3585 ταῖς

2415 3615 2700 3685 ἐπηρείαις
2733 3618 3032 3685 ἀχείρωτος
3062 3614 3158 3666 τοῦ
3192 3614 3437 3682 ἐχθροῦ),
3457 3615 3758 3681 βασκανίας
3779 3615 3998 3686 κέντρῳ

2415 3707 2727 3778 βληθέντες,
2761 3703 2842 3770 οἷς
2868 3707 3055 3778 ἑώρων
3076 3709 3176 3776 τὴν
3206 3707 3487 3777 μακαρίαν
3517 3709 3598 3767 είς
3633 3707 3808 3776 ἄκρον
3866 3709 3999 3777 ἀρε.

2412 3802 2511 3869 τῆς
2540 3801 2784 3869 ἥκουσαν
2811 3842 2825 3863 ,
2864 3800 3036 3868 λάθρα
3090 3800 3192 3868 τῆς
3222 3798 3316 3852 τοῦ
3359 3799 3706 3869 προεστῶτος
3742 3800 3992 3869 γνώμης,

2413 3892 2492 3951 είς
2518 3890 2574 3942 έν
2606 3908 2656 3941 τι
2714 3890 2821 3942 τῶν
2853 3891 3074 3960 μακρὰν
3122 3892 3476 3960 ἁσκητηρίων
3527 3891 3736 3960 ταύτην
3760 3892 3982 3959 ἐκπέμ-

2413 4000 2626 4043 πουσιν,
2683 3983 2980 4053 ἐπιστολὴν
3043 3983 3466 4053 ἐγχείριζοντες,
3534 3983 3594 4035 τὸ
3662 3984 3995 4051 ςαινὸμενον

2416 4076 2537 4144 μὲν,
2582 4075 2722 4127 ὥστε
2786 4077 2894 4126 τῶν
2944 4075 3284 4139 ἐπειγόντων
3329 4075 3586 4139 ἔχουσαν,
3652 4077 3747 4124 καὶ
3801 4078 3993 4138 τέλους

2411 4168 2666 4236 δεόμενον
2705 4167 2987 4236 ὀξυτέρου,
3024 4165 3084 4217 τὸ
3115 4165 3171 4216 δὲ
3199 4166 3401 4233 ἀληθὲς
3453 4167 3686 4235 συσκειὴ
3728 4161 3820 4236 ἧν,
3866 4168 3994 4219 ἐπεὶ

2413 4260 2507 4312 καὶ
2565 4261 2759 4321 νυκτὸς
2812 4259 3210 4329 διεπράττετο,
3311 4256 3652 4324 κατάφρωνα
3729 4258 3992 4322 γενέσθαι

2416 4351 2656 4419 θηρίων·
2694 4351 2898 4420 ἕρημος
2963 4353 3141 4420 γὰρὴ
3195 4351 3313 4414 ὁδὸς
3372 4349 3554 4421 ἐκείνη
3621 4350 3715 4402 καὶ
3783 4349 3993 4418 θηρίων

2419 4444 2595 4512 μόνων
2676 4444 2893 4512 τροφός.
3000 4444 3137 4497 Ἀλλ’
3221 4447 3300 4505 εἰς
3384 4445 3559 4513 μάτην
3623 4445 3656 4512 ἡ
3726 4446 3993 4513 ἐπιεουλὴ

2417 4537 2494 4607 τῷ
2537 4538 2924 4608 ἀντικειμένῳ,
2977 4540 3072 4590 καὶ
3109 4538 3425 4591 τούναντίον
3485 4537 3707 4603 μᾶλλον,
3749 4537 3776 4602 ἦ
3824 4537 3993 4598 αὐτὸς

2416 4631 2751 4700 ὲτεχνάζετο.
2848 4630 3187 4696 Πλανωμένῃ
3233 4629 3337 4695 γὰρ
3381 4627 3506 4678 καθ’
3571 4627 3686 4678 ὁδὸν
3739 4629 3804 4696 τῇ
3864 4629 3993 4699 ὁσία

2416 4720 2780 4788 προσέρχεταί
2823 4735 2875 4769 τι
2926 4718 3134 4787 θηρίον,
3177 4719 3268 4771 καὶ
3303 4718 3514 4787 γίνεται
3558 4717 3761 4786 ταύτης
3792 4719 3992 4786 ὁδηγὸς

2415 4813 2657 4883 ἀπλανὴς
2693 4813 2797 4874 ἓως
2825 4811 2974 4879 ἄγων
3004 4816 3069 4883 τῇ
3109 4815 3242 4884 μονῇ
3273 4812 3612 4881 παρέστησε,
3637 4814 3774 4880 πρὸς
3814 4813 3879 4879 ἦν
3895 4817 3993 4864 καὶ

2417 4907 2606 4975 ἔτυχεν
2663 4906 3080 4976 ὲκπεμφθεῖσαο
3138 4904 3339 4971 μᾶλλον
3393 4901 3451 4953 δὲ
3508 4902 3625 4952 οὐδὲ
3671 4901 3846 4962 οῦτως
3883 4906 3992 4953 ἀπο

2421 4999 2553 5067 έστη
2592 5014 2603 5026 ·
2647 4998 2973 5070 εἰσελθούσῃ
3004 4997 3111 5065 γὰρ
3162 4996 3255 5046 καὶ
3287 4993 3418 5045 αὐτὸ
3454 4993 3747 5061 συνεισηει.
3785 4992 3995 5045 Κάκεί-

2421 5108 2512 5158 νης
2547 5089 2680 5158 πρὸς
2711 5091 2771 5140 τὸ
2796 5089 3102 5158 ἐγχειρίσαι
3134 5086 3210 5155 τῷ
3236 5085 3538 5156 προεστῶτι
3567 5086 3663 5153 τὴν
3698 5085 3992 5153 επιστολὴν

2419 5180 2781 5248 ἀπελθούσης,
2814 5183 2840 5232 ὁ
2895 5181 2999 5249 θὴρ
3045 5178 3121 5248 τῷ
3176 5178 3413 5248 πυλωρῷ
3474 5177 3654 5244 ἐπῄει,
3712 5177 3805 5226 καὶ
3861 5179 3989 5227 ὅσον

2416 5273 2570 5325 οῦπω
2618 5272 2873 5341 ὁιασπςξὶνΔ
2911 5270 3073 5323 αὑτὸν
3132 5268 3377 5345 ἔμελλεν,
3425 5269 3474 5319 εἰ
3533 5267 3607 5336 μὴ
3688 5264 3989 5334 βοησαντος

2417 5365 2651 5426 ἐκείνου,
2687 5365 2779 5416 καὶ
2829 5360 3139 5430 συνδρομῆς
3198 5357 3485 5427 γεγονυίας
3520 5359 3928 5426 ἐπιστραφεῐσα
3962 5360 3992 5426 η

2421 5455 2687 5526 μακαρία,
2722 5456 2816 5507 καὶ
2847 5455 2995 5515 ὅστις
3043 5453 3125 5523 εἴη
3150 5454 3177 5504 ὁ
3210 5452 3437 5520 θόρυϐος
3469 5449 3785 5516 δια-γνοῦσα,
3821 5465 3990 5501 κατα-

2419 5549 2689 5618 λαμϐάνει
2717 5549 2808 5600 τὸν
2838 5546 3009 5615 ἄνδρα
3035 5545 3238 5614 βρῶσιν
3264 5544 3387 5614 ἠδη,
3420 5543 3516 5596 τοῦ
3547 5544 3714 5609 θηρὸς
3765 5542 3991 5608 γινόμε-

2417 5659 2524 5698 νον.
2573 5639 2746 5703 Εὐθὺς
2777 5635 2870 5690 οὖν
2931 5638 3118 5707 εκείνη
3160 5634 3255 5688 τοῦ
3307 5635 3594 5705 φάρυγγος
3629 5631 3794 5686 αὐτοῦ
3862 5633 4003 5700 δρα..
