4198 6438
188 404 293 465 677

1127 394 1300 454 VlTA
1339 393 1400 451 S.
1439 384 1873 451 TIIEODOR/E
1917 385 2510 448 ΑιΕΧΑΝΒΒιΝίΕ.

3327 389 3433 455 618

185 512 416 583 ξαμένη,
454 508 758 579 διαφθορᾶς
785 506 874 559 τὸν
906 503 1192 573 ἄνθρωπον
1219 501 1574 566 ἀπαλλάττει,
1596 498 1763 568 ἐλαίῳ

1869 497 1986 566 ejus
2018 505 2256 567 gutture,
2289 496 2467 566 ipsum
2496 495 2689 549 liberat
2713 495 2781 549 ab
2815 493 3057 552 interitu.
3093 498 3224 556 Oleo
3252 515 3434 561 autem

181 608 237 657 δὲ
277 603 655 670 ὐπαλείφουσα
709 605 777 653 τὰ
809 599 1076 669 βλαϐέντα
1124 597 1284 666 μέλη,
1308 597 1402 648 καὶ
1439 593 1677 664 Χριστοῦ
1703 592 1763 644 τὸ

179 697 350 764 ὄνομα
403 691 844 762 προσεπᾴδουσα,
905 688 1090 741 τοῦτον
1146 688 1240 755 μὲν
1300 687 1374 747 ὡς
1405 688 1463 737 τὸ
1497 686 1762 754 πρότερον

181 784 314 849 ὑγιᾶ
342 783 714 845 ἀποδείκνυσι,
757 780 816 831 τὸ
840 779 894 832 δὲ
932 778 1121 847 θηρίον
1153 781 1338 829 πεσεῖν
1365 794 1420 828 τε
1465 776 1560 828 καὶ
1611 775 1762 844 διαρο

183 877 424 944 ῥαγῆναι
459 875 808 944 παραχρῆμα
831 873 998 923 ποιεῖ.

252 961 309 1015 ι’.
345 962 531 1014 Ταῦτα
564 963 749 1028 ἐκείνη
783 961 881 1028 μὲν
906 958 1090 1010 λαθεῖν
1158 956 1443 1026 ἠϐούλετο,
1481 957 1581 1009 καὶ
1608 955 1762 1008 οὐδὲν

185 1054 327 1122 μετὰ
374 1054 474 1122 τὴν
534 1052 792 1103 ἐπάνοδον
846 1050 1111 1117 ἐφανέρου
1175 1050 1289 1108 τοῖς
1344 1050 1644 1116 μοναχοῖςο
1710 1048 1759 1099 oi

181 1146 441 1213 τυχόντες
468 1144 524 1194 δὲ
589 1143 688 1209 τῆς
724 1139 1045 1208 εὐεργεσίας
1081 1140 1194 1208 ἅμα
1246 1137 1392 1207 πρωῒ
1434 1137 1760 1205 αὐτάγγελοι

181 1238 276 1289 τοῦ
312 1235 653 1306 πραχθέντος
702 1235 967 1301 γίνονται,
1003 1234 1206 1300 Εὐχαῖς
1239 1232 1543 1302 Θεοδώρου,
1576 1232 1760 1299 λέγον-

182 1345 305 1391 τες,
338 1325 581 1395 χαλεποῦ
633 1327 870 1379 Θανάτου
916 1325 1104 1395 ῥύεται
1136 1324 1421 1395 ἅνθρωπος
1452 1327 1547 1378 καὶ
1571 1325 1760 1394 θηρίου

184 1418 406 1488 φάρυγξ
453 1419 586 1486 ἡμῖν
633 1417 944 1492 χαρίζεται,
994 1417 1088 1469 τὸν
1146 1418 1224 1479 είς
1293 1417 1497 1488 βρῶσιν
1528 1418 1627 1487 ἤδη
1664 1415 1760 1486 ληυ

183 1512 411 1578 φθέντα.
445 1505 546 1563 Ὦν
572 1513 664 1562 καὶ
699 1512 823 1573 τοὺς
856 1510 1051 1578 λόγους
1079 1512 1106 1562 ὁ
1151 1511 1434 1578 προεστὼς
1473 1512 1564 1564 τοῦ
1597 1530 1761 1582 φρον·⁵

183 1601 468 1670 τιστηρίου
530 1602 912 1669 καταπλαγεὶς
969 1601 1051 1665 τίς
1082 1601 1139 1665 ὃς
1166 1605 1345 1655 ἐκεῖσε
1380 1603 1568 1654 τοῦτον
1600 1602 1762 1654 ἀπεί-

184 1693 420 1746 σταλκεν
447 1695 826 1765 ἀπορούμενος
850 1694 1117 1765 διηρώτα·
1144 1695 1218 1757 ὡς
1252 1695 1308 1746 δὲ
1353 1690 1495 1764 ἦσαν
1523 1694 1761 1758 ἅπαντες

181 1781 424 1851 ἔξαρνοι,
453 1785 550 1854 τὴν
585 1785 871 1853 μακαρίαν
899 1785 1268 1854 προσϐλέψας·
1306 1785 1403 1848 Τίς
1424 1781 1600 1849 οὗτος,
1631 1786 1757 1855 ἔφη,

181 1875 452 1946 Θεόδωρε,
485 1876 550 1940 ὃς
583 1878 680 1929 ἐπὶ
709 1880 981 1946 προφανεῖ
1010 1879 1240 1946 κινδύνῳ
1257 1877 1458 1949 ἀωρίσε
1488 1879 1597 1930 τῶν
1633 1878 1762 1930 νύκ-

179 1982 289 2018 των
317 1971 622 2036 κατήπειγε
667 1968 733 2019 τὰ
769 1971 951 2020 ἐκεῖσε
1000 1969 1368 2032 καταλαϐεῖν;
1407 1970 1514 2021 Καὶ
1538 1970 1633 2021 θέα
1671 1987 1761 2039 μοι

177 2060 361 2128 ψυχῆς
423 2059 642 2121 εὐθείας
699 2058 1062 2128 ἀνάπλασμα,
1127 2063 1220 2112 καὶ
1279 2062 1342 2111 τὸ
1410 2061 1617 2126 ἄτυφον
1651 2061 1760 2130 γὰρ

179 2150 350 2218 ἑαυτῇ
380 2149 840 2219 περιποιουμένῃ,
862 2152 957 2202 {at
987 2152 1098 2212 τοῖς
1129 2151 1382 2217 ἀδελφοῖς
1411 2150 1761 2218 φυλάττουσα

177 2241 242 2293 τὸ
281 2240 646 2309 ἀνέγκλητον·
683 2242 896 2309 ”Υπνῳ,
934 2239 1108 2306 εἶπεν,
1139 2243 1257 2294 τότε
1286 2245 1411 2304 τοὺς
1450 2243 1760 2311 ὀφθαλμοὺς

178 2333 308 2394 τοὺς
336 2332 484 2383 ἔνδον
515 2349 572 2384 τε
600 2332 692 2384 καὶ
747 2333 874 2396 τοὺς
921 2333 1027 2396 ἔξω
1060 2333 1426 2404 βαρυνομένη,
1461 2335 1536 2405 μὴ
1588 2337 1762 2388 εἰπεῖν

179 2425 331 2494 ἔχειν
391 2425 517 2495 ἄρτι
574 2425 702 2488 τοὺς
762 2426 1172 2490 ἀποσταλέντας
1212 2426 1270 2491 ἐξ
1318 2430 1619 2497 ὀνόματος·
1652 2430 1764 2480 διε..

180 2517 380 2585 πρίετο
409 2517 601 2580 δεινῶς
624 2520 651 2570 ὁ
699 2517 964 2581 διάϐολος,
995 2518 1164 2586 αὐτὴν
1198 2519 1294 2584 μὲν
1329 2518 1426 2587 τὴν
1472 2520 1762 2571 ὑποσκελι-

185 2608 410 2662 σθετσαν
440 2610 583 2679 ὀρῶν
634 2614 932 2669 τοσαύταις
983 2609 1160 2670 νίκαις
1219 2610 1317 2678 τὴν
1348 2606 1520 2680 ἧτταν
1551 2612 1757 2662 ἀναπα-

183 2700 470 2762 λαίουσαν,
515 2700 711 2752 ἑαυτὸν
759 2699 815 2751 δέ
844 2698 1188 2768 κατακράτος
1221 2701 1554 2770 ἡττώμενον.
1603 2702 1763 2771 Ἀφέ-

185 2806 350 2857 μενος
378 2789 473 2842 οῦν
520 2789 614 2844 τοῦ
648 2791 787 2844 κατά
812 2791 871 2842 τὺ
899 2790 1160 2844 λανθάνον
1191 2792 1563 2845 ἐπιϐουλεύειν
1592 2811 1760 2862 φανε-

182 2881 300 2953 ρῶς
331 2882 502 2952 αὐτῆς
530 2883 822 2952 παραστὰς
869 2883 1080 2952 ἠπείλει
1127 2883 1200 2953 μὴ
1224 2885 1446 2952 ἀνήσειν
1492 2887 1619 2947 τοὺς
1646 2903 1765 2937 πει-

187 2976 441 3045 ρασμοὺς
476 2977 777 3042 ἐπάγοντα,
802 2975 906 3039 ἓως
934 2976 1103 3041 αὐτὴν
1134 2975 1253 3044 θείη
1287 2976 1488 3045 πτῶμα
1520 2976 1764 3044 γελώμε-

182 3085 278 3119 νον
311 3068 412 3127 τὴν
443 3066 538 3118 νῦν
604 3067 712 3119 ἀπὸ
775 3068 994 3120 πάντων
1020 3067 1469 3140 θαυμαζομένην.
1504 3066 1636 3122 Εἶπε
1671 3071 1764 3122 καὶ

180 3161 245 3213 οὐ
273 3159 440 3213 πολὺν
461 3159 640 3229 ἀφῆκε
670 3159 762 3214 τὸν
830 3160 1033 3228 μεταξὺ
1068 3162 1261 3230 χρόνον
1314 3163 1589 3230 γένεσθαι,
1625 3163 1764 3216 ἀλλά

183 3250 340 3304 σίτου
361 3251 460 3322 τῆς
492 3253 657 3322 μονῆς
687 3253 765 3313 είς
813 3251 1022 3304 ἔνδειαν
1059 3255 1435 3323 καταστάσης,
1483 3255 1766 3308 κελεύεται

181 3344 343 3416 παρὰ
386 3344 482 3396 τοῦ
512 3343 854 3412 προεστῶτος
883 3345 916 3413 ἡ
951 3345 1200 3414 μακαρία
1250 3346 1325 3416 μὴ
1360 3347 1598 3415 μέλλειν,
1633 3347 1770 3401 ἀλλά

180 3437 285 3496 τάς
342 3437 641 3505 καμήλους
692 3434 850 3498 αὖθις
898 3435 1142 3490 λαϐοῦσα
1173 3437 1266 3489 καὶ
1305 3439 1443 3507 πρὸς
1490 3439 1589 3507 τὴν
1614 3439 1770 3492 πόλιν

181 3527 538 3597 ἀφικομένην
580 3531 727 3579 σῖτον
779 3529 966 3589 αὐτοῖς
1017 3528 1312 3596 πρίασθαι.
1360 3529 1769 3598 Ἐπετέτραπτο

182 3620 246 3672 δὲ
277 3619 371 3670 καὶ
399 3617 580 3679 τοῦτο,
611 3617 687 3677 ὡς
714 3617 768 3668 εί
794 3633 858 3682 γε
911 3617 1193 3678 ἀδυνάτως
1224 3617 1362 3687 αὐτῇ
1417 3618 1631 3685 γένοιτο
1664 3620 1768 3690 πρὸ

181 3710 288 3778 τῆς
342 3709 584 3776 ἑσπέρας
638 3707 978 3771 ἐπανελθεῖν,
1035 3709 1371 3765 καταλύσειν
1432 3713 1491 3764 ἑν
1545 3712 1623 3782 τῷ
1673 3711 1767 3765 τοῦ

189 3803 386 3856 ἐνάτου
414 3802 841 3872 φροντιστηρίῳ,
873 3804 1100 3856 κάκεῖσε
1148 3806 1248 3868 τὰς
1278 3805 1558 3874 καμήλους
1586 3807 1770 3859 διανα-

185 3893 428 3946 παῦσαι.
473 3893 800 3946 Ἐπανιοῦσα
833 3894 1126 3962 τοιγαροῦν
1148 3897 1211 3946 ἐκ
1234 3896 1330 3965 τῆς
1361 3897 1588 3963 πόλεως,
1621 3898 1771 3951 ἐπεί·

187 4003 300 4055 περ
335 3985 436 4055 ήδη
470 3986 608 4056 πρὸς
638 3985 851 4055 δυσμὰς
877 3983 1025 4055 ἐώρα
1063 3985 1156 4039 τὸν
1189 3987 1366 4057 ἥλιον,
1401 3991 1468 4060 τῇ
1503 3989 1597 4041 τοῦ
1645 3990 1770 4042 ἐνά-

183 4097 283 4133 του
315 4079 460 4133 κατά
494 4079 553 4133 τὸ
584 4078 866 4149 ἐπίταγμα
899 4081 1036 4149 μονῇ
1068 4080 1396 4151 προσφοιτᾷ,
1438 4079 1662 4149 δοθῆναί
1707 4097 1765 4133 τι

184 4174 355 4226 τόπον
406 4174 542 4242 αὐτῇ
601 4173 697 4224 καὶ
776 4174 894 4232 ταῖς
960 4172 1229 4240 καμήλοις
1287 4173 1422 4242 πρὸς
1453 4173 1766 4227 ἀνάπαυσιν

187 4265 337 4334 ᾔτει,
358 4256 419 4315 οῦ
451 4262 560 4315 καὶ·
588 4261 904 4331 γενομένου,
940 4261 1078 4332 πρὸς
1110 4264 1238 4315 ποσὶ
1272 4262 1412 4336 αὓτη
1444 4264 1552 4317 τῶν
1586 4266 1766 4337 καμή-

187 4358 300 4413 λων
349 4356 731 4410 διανεπαύετο.

262 4447 370 4500 ιΑν.
412 4445 691 4497 Ἐντεῦθεν
725 4440 819 4496 οὖν
850 4446 995 4514 ἀρχὴ
1022 4446 1235 4512 γίνεται
1269 4448 1362 4498 τοῦ
1396 4447 1637 4515 πολέμου
1671 4447 1764 4498 τοῦ

1868 591 2116 644 membra
2150 589 2273 641 lmsa
2337 589 2625 658 inungens,
2672 596 2726 642 et
2771 588 2976 644 Christi
3021 607 3219 648 nomen
3270 613 3435 668 super

1866 696 1928 732 ea
2000 690 2248 742 cantans,
2317 696 2442 733 eum
2501 679 2742 749 quidem,
2809 682 2952 734 sicut
3031 687 3202 752 prius,
3258 693 3435 746 reddit

1865 786 2104 837 sanum;
2149 770 2307 824 eflicit
2362 782 2568 834 autem,
2621 782 2679 825 ut
2730 772 2902 827 bestia
2965 779 3216 843 protinus
3272 784 3434 836 cade-

1867 871 1969 925 ret,
2024 869 2078 916 et
2134 864 2588 932 disrumperetur.

1938 953 2004 1006 Χ.
2065 955 2191 1007 Haec
2250 955 2335 1006 illa
2393 958 2613 1020 quidem
2677 958 2892 1012 volebat
2961 960 3147 1025 latere,
3205 971 3259 1016 et
3318 976 3438 1033 post

1873 1045 2108 1098 reditum
2178 1045 2316 1098 nihil
2383 1047 2666 1113 aperiebat
2735 1052 3058 1104 monachis:
3112 1055 3199 1122 qui
3258 1064 3436 1110 autem

1867 1136 2191 1189 beneficium
2233 1135 2450 1190 fuerant
2493 1141 2753 1194 assecuti.
2799 1141 2976 1193 statim
3033 1143 3132 1210 ipsi
3195 1144 3245 1196 id
3293 1149 3435 1213 quod

1864 1225 2066 1280 factum
2151 1228 2328 1282 fuerat
2381 1231 2715 1290 renuntiant.
2794 1234 3042 1287 dicentes
3110 1253 3122 1288 :
3179 1236 3437 1290 Precibus

1865 1315 2137 1370 Theodori
2196 1320 2457 1374 liberatus
2522 1333 2602 1375 est
2667 1322 2828 1377 bomo
2876 1341 2903 1377 a
2949 1326 3102 1393 gravi
3137 1337 3330 1389 morte,
3384 1339 3437 1381 et

1864 1414 2049 1468 bestiae
2085 1415 2205 1483 gula
2239 1416 2395 1468 nobis
2449 1418 2687 1470 restituit
2734 1434 2882 1482 eum,
2919 1422 3006 1488 qui
3057 1423 3163 1490 jam
3211 1432 3432 1490 emptus

1864 1516 1983 1560 erat
2021 1507 2293 1560 devorari.
2343 1507 2584 1573 Quorum
2628 1511 2811 1564 verbis
2843 1513 3248 1580 obstupefactus
3295 1530 3435 1583 prte-

1864 1596 2036 1651 fectus
2068 1599 2409 1662 monasterii,
2443 1604 2692 1669 quisnam
2741 1618 2863 1655 eum
2909 1607 3140 1666 miserit,
3175 1607 3436 1659 dubitans

1865 1691 2254 1760 interrogabat.
2311 1690 2604 1760 Postquam
2666 1702 2845 1745 autem
2888 1710 3077 1748 omnes
3129 1707 3435 1764 negassent,

1863 1778 2077 1832 beatam
2109 1780 2378 1833 intuitus:
2433 1780 2567 1845 Quis
2619 1793 2722 1845 est,
2783 1784 2980 1851 inquit,
3034 1801 3065 1838 ο
3126 1786 3437 1848 Theodore,

1797 1856 1834 1909 Β
1865 1871 1976 1938 qui,
2010 1885 2132 1924 cum
2186 1881 2331 1925 esset
2388 1871 2732 1926 manifestum
2783 1875 3103 1943 periculum,
3157 1888 3208 1930 te
3250 1879 3440 1930 intexu-

1867 1967 2018 2026 pesta
2092 1971 2252 2013 nocte
2337 1963 2569 2027 impulit,
2629 1972 2686 2014 ut
2771 1965 2880 2017 illic
2963 1969 3438 2034 proﬁciscereris?

1868 2047 1997 2100 Mihi
2070 2064 2199 2102 vero
2271 2052 2558 2104 considera
2613 2063 2774 2107 rectze
2842 2056 3036 2109 animae
3097 2058 3433 2128 ﬁgmentum.

1869 2139 1983 2193 Sibi
2032 2142 2178 2194 enim
2217 2146 2518 2197 attribuens
2565 2145 2989 2215 simplicitatem,
3022 2160 3076 2202 et
3107 2166 3438 2206 conservans

1865 2229 2059 2284 fratres
2120 2240 2376 2299 tanquam
2459 2237 2593 2286 nulli
2664 2238 2879 2290 crimini
2963 2243 3203 2296 amnes:
3262 2245 3435 2303 Tunc.

1867 2323 2062 2391 inquit,
2124 2333 2235 2377 tam
2300 2324 2503 2378 interni
2595 2341 2754 2394 quam
2813 2332 3025 2385 externi
3095 2335 3234 2386 oculi
3282 2349 3440 2392 erant

1867 2415 1998 2468 milii
2043 2429 2233 2468 somno
2285 2417 2420 2470 adeo
2463 2420 2689 2484 gravati.
2739 2431 2796 2474 ut
2850 2439 2954 2475 non
3006 2428 3208 2492 possim
3259 2432 3440 2482 nomi-

1866 2508 2033 2558 natim
2086 2507 2268 2583 dicere
2303 2524 2397 2561 eos
2445 2513 2536 2576 qui
2573 2511 2863 2564 miserunt.
2906 2514 3210 2583 Achrrime
3259 2530 3438 2571 autem

1865 2597 2072 2650 ferebat
2125 2579 2390 2662 diabolus,
2445 2601 2635 2655 videns
2686 2604 2856 2672 ipsam
2912 2579 3130 2674 quidem
3184 2614 3440 2677 supplan—

1869 2696 2054 2752 tatam,
2109 2691 2308 2746 talibus
2367 2693 2608 2747 victoriis
2663 2711 2691 2747 a
2743 2711 2801 2749 se
2843 2697 3080 2752 dedecus
3126 2701 3439 2770 repulisse;

1864 2797 1924 2836 se
1952 2792 2134 2838 autem
2168 2785 2218 2838 vi
2256 2801 2376 2840 esse
2412 2797 2751 2855 superatum.
2800 2789 3023 2845 Mittens
3056 2809 3184 2864 ergo
3215 2795 3438 2846 clancu-

1869 2875 1977 2930 lum
2034 2877 2302 2942 insidiari,
2349 2888 2538 2947 aperte
2589 2882 2654 2935 ad
2702 2897 2818 2935 eam
2865 2886 3151 2950 accedens,
3205 2888 3443 2942 minatus

1874 2976 1956 3017 est
2025 2982 2083 3020 se
2141 2984 2246 3021 non
2325 2979 2663 3023 cessaturum
2731 2973 3001 3028 intentare
3089 2979 3439 3036 tentationes,

1871 3057 2050 3111 donec
2112 3059 2375 3122 etfecerit,
2429 3070 2489 3112 ut
2536 3061 2650 3126 ipsa
2698 3064 2874 3125 cadat,
2918 3080 3039 3133 quae
3091 3067 3323 3120 habetur
3369 3070 3438 3121 ab

1868 3150 2122 3204 omnibus
2197 3151 2252 3204 in
2323 3153 2706 3208 admiratione.
2783 3155 2983 3211 Dixit:
3035 3169 3087 3213 et
3138 3177 3246 3213 non
3315 3163 3443 3215 sivit

1873 3241 2101 3294 multum
2155 3242 2493 3295 intercedere
2528 3249 2786 3313 temporis
2818 3264 2830 3310 ;
2865 3249 2958 3301 sed
3002 3265 3125 3303 cum
3177 3253 3444 3304 laboraret

1872 3331 2268 3384 monasterium
2338 3331 2525 3400 inopia
2592 3333 2876 3404 frumenti,
2929 3339 3083 3407 jubet
3155 3341 3443 3410 praefectus

1871 3423 2042 3478 beatae
2106 3438 2176 3477 ne
2245 3434 2574 3492 cunctetur;
2625 3429 2719 3481 sed
2771 3431 3044 3496 accipiens
3105 3449 3294 3490 rursus
3343 3450 3442 3489 ca-

1871 3515 2065 3578 melos,
2115 3525 2170 3567 et
2233 3516 2439 3571 vadens
2482 3518 2534 3572 in
2603 3519 2898 3586 civitatem,
2977 3524 3056 3576 eis
3119 3538 3264 3578 emat
3332 3529 3446 3586 fru-

1872 3615 2139 3659 mentum.
2181 3605 2350 3659 Porro
2387 3617 2572 3661 autem
2619 3611 2723 3666 hoc
2763 3629 2977 3681 quoque
3023 3617 3071 3668 ei
3119 3616 3442 3686 imperatum

1871 3696 2065 3758 fuerat,
2095 3699 2239 3765 quod
2267 3699 2310 3752 si
2338 3714 2400 3752 ea
2430 3715 2537 3753 non
2566 3712 2748 3770 posset
2772 3706 2947 3756 redire
2977 3715 3105 3760 ante
3140 3723 3442 3776 vesperam,

1868 3787 2237 3842 diversaretur
2290 3792 2344 3843 in
2402 3793 2737 3846 monasterio
2794 3792 2968 3857 Nono,
3003 3807 3055 3848 et
3095 3798 3333 3853 efﬁceret
3385 3810 3444 3855 ut

1871 3880 2064 3934 cameli
2151 3880 2264 3935 illic
2335 3883 2766 3953 requiescerent.
2849 3887 3153 3943 Revertens
3228 3907 3356 3962 ergo
3415 3908 3446 3947 e

1869 3972 2111 4035 civitate,
2157 3972 2415 4040 quoniam
2461 3974 2573 4041 jam
2620 3976 2788 4029 solem
2839 3978 3057 4032 videbat
3119 3983 3172 4033 in
3217 3998 3438 4049 occasu,

1873 4063 2018 4117 venit
2054 4061 2124 4116 ad
2157 4059 2371 4117 Nonum
2407 4066 2822 4130 monasterium,
2859 4069 3008 4122 sicut
3047 4069 3095 4123 ei
3134 4070 3309 4127 fuerat
3341 4075 3443 4128 im-

1869 4163 2115 4225 peratum
2150 4173 2163 4219 ;
2202 4164 2256 4209 et
2295 4156 2451 4225 petiit
2496 4157 2600 4211 sibi
2633 4169 2688 4212 et
2720 4163 2945 4215 camelis
2989 4163 3106 4216 dari
3155 4165 3331 4220 locum
3377 4169 3444 4221 ad

1870 4248 2284 4316 quiescendum.
2317 4249 2470 4312 Quod
2489 4265 2612 4303 cum
2645 4251 2844 4306 factum
2875 4264 3040 4317 esset,
3073 4256 3190 4324 ipsa
3223 4259 3442 4328 requie-

1872 4340 2055 4394 scebat
2089 4340 2156 4393 ad
2189 4339 2360 4408 pedes
2389 4342 2742 4398 camelorum.

1943 4465 2037 4520 XI.
2055 4465 2190 4521 Hinc
2216 4483 2342 4538 ergo
2365 4471 2534 4523 oritur
2559 4471 2682 4524 belli
2708 4471 2760 4524 in
2781 4472 2951 4540 ipsam
2973 4475 3319 4547 principium.
3343 4479 3444 4546 Qui

191 4540 320 4594 κατ’
347 4538 517 4608 αὐτὴν
537 4554 552 4568 ·
579 4539 606 4590 ὁ
630 4537 740 4608 γάρ
771 4539 887 4600 τοῖς
922 4539 1183 4610 πονηροῖς
1227 4538 1412 4610 ἔργοις
1473 4540 1764 4609 ἐπιτερπό-

1871 4557 2016 4613 enim
2056 4537 2318 4628 improbis
2379 4559 2531 4615 factis
2563 4537 2865 4620 delectatur
2911 4537 3446 4632 dmiiion,.etadver-

194 4650 360 4705 μενος
393 4631 622 4700 δαίμων,
653 4629 747 4684 καὶ
764 4631 890 4693 τοὺς
920 4631 1062 4684 κατὰ
1091 4631 1200 4684 τῶν
1227 4633 1398 4700 ἀγίων
1424 4635 1764 4702 πειρασμοὺς

189 4726 493 4794 ἀνεγείρειν
520 4722 608 4774 ἀεὶ
644 4721 1057 4791 μηχανώμενος,
1109 4725 1248 4777 κατά
1276 4724 1438 4794 τῆσδε
1469 4724 1564 4778 καὶ
1598 4725 1766 4776 πλείω

193 4818 295 4887 τὴν
325 4816 531 4868 λύσσαν
601 4812 1074 4881 ἐπιδεικνύμενος,
1132 4812 1227 4866 ἅτε
1277 4814 1341 4884 δὴ
1375 4815 1467 4868 καὶ
1499 4814 1634 4884 μετὰ
1669 4813 1766 4883 τὴν

193 4911 372 4978 θήραν
426 4908 524 4966 τὰς
562 4905 770 4958 ἐκείνου
802 4907 990 4976 χεῖρας
1045 4906 1443 4976 διαφυγούσης,
1475 4906 1545 4959 τὰ
1567 4905 1766 4960 ἐαυτοῦ

192 5001 372 5054 ποιεῖν
421 4999 521 5052 οὐκ
563 4998 778 5068 ἡμέλει,
836 4997 976 5050 ἀλλά
1039 4997 1260 5050 νεάνιδά
1313 5016 1460 5062 τινα,
1503 5001 1624 5050 τότε
1659 5000 1767 5051 τῶν

197 5092 453 5165 μοναχῶν
513 5092 620 5144 τινὶ
699 5090 1020 5157 συγγενείας
1073 5091 1217 5159 λόγῳ
1279 5091 1768 5160 συνδιατρίϐουσαν

191 5187 335 5257 πρὸς
381 5179 602 5254 οἶστρον
662 5183 970 5253 ἀνερεθίζει
1030 5182 1310 5250 λαγνείας,
1367 5186 1400 5255 ἢ
1456 5186 1548 5237 καὶ
1601 5184 1769 5253 ἄνδρα

195 5273 339 5329 εἶναι
375 5276 473 5343 τὴν
538 5275 817 5346 μακαρίαν
853 5275 912 5339 ἐξ
943 5268 1017 5328 ὧν
1058 5274 1204 5346 ἐώρα
1235 5275 1597 5345 λογισαμένη,
1631 5276 1768 5343 πρὸς

194 5369 256 5423 τὸ
287 5370 463 5440 ταύτῃ
497 5367 936 5437 συγκαθευδῆσαι
977 5368 1387 5436 προσεκαλεῖτο,
1432 5367 1566 5419 αίδῶ
1587 5368 1769 5418 πᾶσαν

195 5460 529 5527 ἀποθεμένη,
585 5459 677 5512 καὶ
740 5456 1036 5528 προσώπου
1081 5459 1305 5525 καὶτῆς
1352 5457 1552 5527 ψυχῆς.
1598 5457 1681 5519 Ὧς
1712 5455 1767 5509 δὲ

198 5556 294 5607 καὶ
324 5553 563 5621 ὑπήκοον
590 5552 736 5623 ἐώρα
761 5551 895 5620 πρὸς
923 5552 1100 5616 τοῦτο,
1123 5550 1217 5602 καὶ
1241 5550 1597 5620 προτιμῶσαν
1631 5548 1768 5619 μᾶλ-

199 5648 290 5700 λον
351 5643 448 5714 τὴν
501 5645 596 5697 ἐπὶ
652 5643 794 5715 ψιλῷ
846 5644 925 5713 τῷ
979 5643 1166 5712 ἐδάφει
1220 5646 1316 5695 καὶ
1347 5645 1466 5705 ταῖς
1499 5643 1768 5714 καμήλοις

199 5739 489 5794 κατάκλισι
547 5737 608 5788 τὸ
676 5735 1006 5807 ἐνδομυχοῦν
1052 5736 1237 5806 ἐκείνη
1289 5734 1383 5790 τοῦ
1439 5737 1657 5806 οίστρου
1693 5738 1768 5807 μὴ

201 5830 541 5885 κατασϐέσαι
571 5827 682 5897 πῦρ
702 5827 998 5898 δυναμένη,
1024 5829 1302 5882 ἐκδίδωσιν
1320 5827 1517 5899 ἑαυτὴν
1547 5828 1627 5883 ἐνὶ
1657 5830 1765 5881 τῶν

1873 4663 1964 4703 sus
1982 4659 2199 4704 sanctos
2233 4663 2450 4720 semper
2486 4654 2703 4707 molitur
2737 4657 2971 4710 excitare
3006 4659 3356 4726 tentationes,
3391 4663 3447 4716 in

1874 4740 2044 4810 ipsam
2094 4750 2274 4793 autem
2308 4743 2571 4809 majorem
2610 4746 2774 4799 etiam
2821 4756 3102 4802 ostentans
3132 4752 3358 4818 rabiem,
3391 4765 3449 4807 ut

1873 4846 1993 4901 qua:
2039 4841 2156 4899 post
2195 4834 2539 4888 venationem
2578 4835 2864 4905 effugisset
2915 4839 3060 4894 illius
3101 4857 3313 4905 manus,
3337 4860 3447 4898 non

1874 4925 2111 4994 neglexit
2140 4924 2320 4980 facere
2367 4943 2485 4996 qua:
2517 4938 2645 4983 sunt
2696 4946 2812 4996 sua,
2843 4932 2939 4987 sed
3009 4934 3294 5001 quamdam
3319 4937 3450 4991 ado-

1873 5015 2253 5083 lescentulam,
2287 5034 2405 5087 qua:
2430 5028 2559 5075 tunc
2607 5023 2931 5078 versabatur
2965 5040 3087 5080 cum
3123 5029 3448 5095 quibusdam

1875 5109 2159 5161 monachis
2191 5110 2399 5163 ratione
2443 5115 2959 5183 consanguinitatis,
3005 5118 3194 5172 incitat
3244 5121 3450 5190 ad,sti-

1876 5199 2079 5251 mulum
2113 5198 2352 5254 libidinis
2383 5218 2532 5271 :quze
2553 5205 2763 5258 beatam
2793 5205 2936 5259 illam
2966 5222 3031 5260 ex
3065 5209 3134 5262 iis
3158 5225 3278 5278 quae
3297 5211 3448 5265 vide-

1877 5292 1990 5354 bat,
2055 5291 2313 5347 arbitrata
2383 5308 2506 5350 esse
2583 5297 2758 5351 virum
2834 5298 3095 5354 invitabat
3157 5312 3212 5354 ut
3265 5317 3450 5358 secum

1877 5380 2160 5444 dormiret,
2194 5382 2440 5451 deposito
2474 5387 2622 5440 omni
2666 5388 2871 5456 pudore
2904 5398 2959 5443 et
2985 5405 3050 5442 ex
3086 5390 3237 5444 vultu
3295 5403 3348 5445 et
3381 5410 3447 5446 ex

1877 5473 2079 5528 animo.
2113 5475 2403 5543 Postquam
2451 5486 2632 5531 autem
2683 5478 2818 5532 vidit
2870 5495 2987 5532 eam
3039 5496 3148 5535 non
3206 5483 3448 5547 obedire,

1878 5570 1930 5614 et
1988 5561 2146 5615 malle
2191 5564 2244 5615 in
2303 5565 2450 5618 nudo
2515 5567 2631 5619 solo
2683 5567 2925 5623 dormire
2987 5585 3152 5640 prope
3195 5573 3455 5637 camelos,

1878 5666 1988 5703 non
2024 5651 2210 5705 valens
2247 5652 2337 5706 illa
2373 5657 2721 5727 exstinguere
2770 5658 3030 5712 latentem
3069 5661 3215 5712 intus
3273 5661 3452 5732 ignem

1880 5741 2142 5808 libidinis,
2188 5743 2280 5798 dat
2331 5761 2389 5799 se
2438 5748 2529 5800 uni
2578 5762 2642 5803 ex
2688 5749 2756 5802 iis
2800 5749 2892 5816 qui
2927 5749 3039 5803 illic
3088 5750 3452 5816 dormiebant,

1880 5835 1970 5901 qui
2005 5833 2119 5902 ipse
2171 5849 2387 5908 quoque
2416 5847 2534 5893 erat
2581 5839 2777 5907 viator,
2809 5849 2863 5892 et
2896 5840 2949 5894 in
3001 5842 3230 5894 transitu
3271 5845 3450 5897 diver-
