4198 6438
754 379 864 443 679

1987 374 2271 434 MENSIS
2312 375 2787 438 SEPTEMBER.

3917 378 4038 441 680

756 502 907 545 satus
932 497 1045 541 erat
1086 487 1138 539 in
1168 486 1518 539 monasterio.
1554 484 1688 538 Cum
1731 482 1775 534 is
1822 496 1966 550 ergo,
2002 484 2090 550 qui
2127 483 2373 543 fecerat)

2439 488 2611 538 ἐκεῖσε
2642 484 3175 554 προσκαθευδόντων,
3230 486 3382 557 έδῖτῃ
3423 487 3514 540 καὶ
3557 486 3705 557 αὐτῷ
3744 488 3885 547 ὄντι,
3925 492 4035 541 καὶ

760 580 1121 649 iniquitatem,
1177 578 1277 631 sub
1318 592 1566 630 auroram
1620 575 1934 633 recessisset
1978 575 2031 627 in
2081 592 2203 629 eum
2250 577 2333 630 lo-

758 688 907 735 cum,
961 672 1106 726 unde
1167 679 1534 739 processerat,
1598 670 1899 739 procedens
1957 679 2170 738 tempus
2218 672 2330 738 jam

758 767 1212 819 intumescentem
1264 762 1587 817 ostendebat
1634 770 1847 814 uterum
1896 761 2139 830 virginis.
2200 761 2331 825 Qua:

761 872 791 909 a
843 855 1089 925 cognatis
1141 856 1469 921 interrogata
1526 870 1553 907 α
1605 869 1711 921 quo
1757 853 1859 905 hoc
1913 852 2111 907 faetum
2164 863 2329 916 esset,

756 948 910 1009 dixit,
944 945 1286 999 Theodorum
1324 933 1646 998 monachum
1718 944 2107 999 Octavidccimi
2142 960 2329 997 mona-

768 1040 919 1092 sterii
946 1054 1068 1090 cum
1094 1053 1153 1089 ea
1188 1037 1545 1096 coivisse.|is.
1574 1053 1690 1105 quer
1719 1038 1858 1090 dicta
1890 1036 2117 1091 fuerant.
2151 1038 2327 1088 statim

757 1132 985 1185 credunt
1029 1130 1303 1183 monachi.
1369 1129 1503 1182 Nam
1542 1133 1630 1199 qui
1661 1130 1833 1183 beatae
1873 1129 2111 1182 minatus
2157 1128 2331 1182 fuerat

757 1224 1083 1276 tentationes
1138 1225 1317 1277 docuit
1374 1224 1537 1277 etiam
1617 1223 1847 1291 puellam
1945 1224 2047 1275 hoc
2115 1223 2330 1289 dicere,

756 1322 812 1366 et
871 1313 992 1365 illos
1072 1314 1316 1367 credere.
1371 1314 1578 1367 Deinde
1647 1328 1768 1365 cum
1840 1313 2195 1365 accessissent
2256 1312 2324 1365 ad

759 1404 1169 1462 monasterium.
1232 1404 1321 1457 ubi
1378 1420 1435 1457 se
1495 1403 1782 1456 exercebat
1838 1402 1932 1455 illa
1983 1402 2163 1465 beata,
2207 1418 2327 1455 cum

760 1512 952 1564 magna
1011 1497 1394 1549 vociferatione
1433 1506 1484 1547 et
1534 1494 1767 1547 tumultu
1816 1495 2111 1548 dicebant:
2151 1494 2329 1550 Theo-

760 1589 942 1654 dorus,
999 1590 1086 1656 qui
1138 1598 1219 1642 est
1269 1588 1409 1656 apud
1450 1602 1542 1640 vos
1599 1586 1921 1647 monachus,
1973 1601 2080 1638 non
2123 1592 2330 1641 veritus

762 1688 844 1733 est
898 1688 1109 1731 tantum
1179 1678 1467 1733 admittere
1546 1676 1827 1749 ﬂagitjum.
1884 1674 2089 1744 Rogata
2149 1687 2327 1730 autem

763 1785 791 1823 a
847 1770 1121 1837 prtefccto,
1167 1786 1232 1822 an
1282 1786 1397 1823 rem
1448 1764 1673 1823 fecisset
1718 1776 1825 1819 tam
1884 1768 2323 1829 abominandam,

764 1861 877 1928 ipsa
932 1862 1064 1912 dixit
1116 1861 1163 1911 ei
1220 1876 1278 1913 se
1330 1875 1439 1912 non
1511 1858 1712 1911 habere
1779 1870 1892 1907 rem
1953 1856 2115 1908 ullam
2173 1858 2329 1924 cujus
2363 1833 2403 1887 Β

761 1950 885 2018 jure
941 1959 1239 2002 teneretur.
1302 1949 1474 2015 Atque
1526 1948 1597 1999 illi
1640 1946 1857 2015 quidem
1942 1953 2071 2000 tunc
2129 1949 2328 2001 reversi

766 2050 892 2095 sunt
926 2040 990 2097 ad
1043 2056 1201 2095 suum
1254 2040 1663 2095 monasterium.

836 2341 952 2395 XII.
1013 2339 1306 2407 Postquam
1368 2350 1547 2392 autem
1611 2338 1789 2393 infans
1830 2339 1938 2407 jam
1988 2338 2170 2393 editus
2226 2339 2333 2392 fuit

769 2433 822 2485 in
877 2432 1076 2490 lucem.
1125 2447 1245 2482 eum
1300 2431 1573 2493 tollentes,
1625 2430 1921 2498 projiciunt
1978 2430 2030 2481 in
2101 2430 2334 2482 medium

768 2524 1181 2585 monasterium,
1224 2522 1273 2574 in
1323 2538 1428 2590 quo
1473 2531 1590 2573 erat
1632 2522 1717 2573 illa
1771 2522 1947 2575 beata.
2004 2518 2115 2573 Hoc
2154 2530 2336 2573 autem

767 2624 886 2669 erat
927 2614 1134 2667 insidia:
1188 2623 1243 2667 et
1302 2613 1587 2666 artificium
1651 2612 1878 2675 inimici,
1935 2612 2204 2665 studentis
2284 2612 2333 2666 ei

770 2707 995 2775 injicere
1060 2704 1226 2757 animi
1299 2703 1691 2773 aegritudinem,
1761 2712 1815 2755 et
1878 2703 1997 2771 ejus
2070 2703 2334 2771 impedire

769 2798 1108 2851 institutum.
1168 2794 1273 2847 Sed
1334 2794 1529 2847 frustra
1588 2809 1777 2847 rursus
1828 2809 1855 2845 a
1889 2800 1960 2854 te,
2001 2808 2033 2846 ο
2079 2793 2339 2867 maligne,

770 2898 971 2958 paratae
1011 2896 1139 2940 sunt
1185 2886 1416 2949 insidiae;
1478 2887 1585 2939 imo
1634 2900 1763 2939 vero
1814 2897 1921 2936 non
1974 2882 2192 2945 frustra,
2248 2884 2340 2937 sed

768 2996 863 3038 eas
889 2982 941 3033 in
984 2980 1213 3047 teipsum
1242 2994 1299 3032 es
1338 2980 1695 3035 machinatus,
1739 2986 1789 3029 te
1831 2975 2061 3029 feriente
2086 2990 2344 3045 generosa

770 3073 1004 3127 muliere
1060 3072 1164 3124 illis
1218 3071 1350 3138 ipsis
1416 3070 1556 3133 telis,
1593 3068 1792 3138 quibus
1828 3077 1879 3122 te
1918 3083 2035 3121 eam
2088 3068 2344 3136 Sperabas

773 3168 1160 3220 sauciaturum.
1204 3163 1342 3227 Quid
1383 3162 1527 3216 enim
1574 3162 1701 3215 hinc
1742 3159 2133 3229 consequitur?
2166 3158 2346 3212 lnfan-
2372 3176 2416 3232 ο

775 3259 847 3311 tis
886 3272 1005 3310 esse
1052 3267 1206 3325 pater
1250 3256 1487 3309 creditur
1541 3252 1867 3317 Theodora;
1911 3251 2127 3305 silentio
2164 3258 2343 3304 autem

774 3350 972 3417 accipit
1005 3363 1147 3411 eam,
1204 3364 1323 3414 quae
1364 3346 1534 3415 ipsam
1588 3343 1939 3407 condemnat,
1970 3344 2294 3397 sententiam
2326 3362 2339 3411 ;

776 3448 832 3491 et
882 3440 1041 3491 simul
1104 3454 1226 3491 eum
1294 3438 1499 3489 infante
1577 3434 1866 3504 expellitur
1923 3449 1953 3488 e
1998 3434 2342 3488 monasterio.

780 3528 899 3598 Ipsa
956 3532 1134 3595 itaque
1179 3526 1238 3580 fit
1279 3526 1483 3587 nutrix,
1534 3535 1587 3579 et
1655 3533 1909 3591 tanquam
1980 3532 2158 3591 pater,
2223 3539 2345 3577 cum

780 3620 992 3689 cogitur
1044 3618 1208 3681 alere,
1258 3618 1398 3671 lacte
1448 3616 1669 3685 quidem
1718 3616 1901 3669 ovium
1935 3622 2146 3683 (neque
2202 3616 2346 3669 cnim

781 3718 995 3780 poterat
1040 3708 1229 3776 aliter)
1263 3707 1527 3759 infantem
1588 3720 1763 3773 nuper
1823 3716 2011 3757 natum
2062 3707 2345 3772 nutriens;

778 3799 930 3854 lanas
971 3808 1150 3854 autem
1199 3808 1388 3869 petens
1422 3799 1586 3851 etiam
1630 3813 1657 3850 a
1701 3797 2031 3866 pastoribus,
2086 3797 2151 3852 ad
2194 3813 2348 3851 usum

779 3892 950 3945 vestis
996 3906 1089 3945 eas
1128 3905 1297 3957 puero
1339 3890 1597 3942 contexit.
1648 3888 1753 3941 Sed
1810 3889 2060 3955 quisnam
2140 3892 2352 3942 animus

782 3983 1058 4052 acceperit
1128 3982 1263 4036 adeo
1330 3995 1547 4052 gravem
1638 3980 2015 4034 calumniam?
2094 3979 2349 4046 Quaenam

783 4085 963 4129 autem
1017 4087 1211 4126 manus
1268 4087 1377 4124 non
1426 4085 1565 4140 aegre
1624 4071 1835 4123 tulisset
1888 4080 1991 4123 tam
2056 4072 2351 4124 molestum

779 4166 1142 4221 ministerium
1169 4164 1192 4216 ?
1225 4162 1413 4233 Spatia
1443 4163 1587 4217 enim
1619 4171 1824 4231 septem
1862 4176 2127 4215 annorum
2158 4161 2353 4216 alllicta

780 4257 886 4312 fuit
943 4257 1059 4310 haec
1109 4256 1286 4309 beata.
1331 4252 1374 4309 Ο
1420 4254 1534 4317 Dei,
1610 4254 1702 4323 qui
1775 4262 1972 4308 cuncta
2050 4254 2350 4319 intuiminl,

781 4346 952 4411 oculi,
1002 4345 1149 4397 inani
1190 4352 1244 4396 et
1286 4342 1415 4395 falsa
1451 4356 1708 4410 Oppressa
1750 4340 2040 4394 calumnia.
2075 4348 2130 4391 ct
2172 4354 2203 4391 e
2244 4355 2359 4391 mo-

787 4438 1032 4493 nasterio
1062 4437 1254 4505 ejecta,
1278 4434 1413 4488 nihil
1466 4433 1650 4503 pusilli
1705 4439 1759 4485 et
1807 4430 2001 4500 abjecti
2050 4430 2213 4483 animi
2265 4440 2357 4483 aut

2437 582 2500 632 ἐκ
2533 583 2770 648 παρόδου
2822 583 2886 651 τῇ
2945 582 3079 650 μονῇ
3149 582 3535 634 καταλύσαντι.
3573 584 3676 634 Τοῦ
3709 584 3891 635 τοίνυν
3928 584 4035 650 τὴν

2434 672 2664 740 ἀνομίαν
2691 672 3093 741 ἐργασαμένου,
3128 672 3232 722 ὑπὸ
3266 670 3365 740 τὴν
3396 672 3469 723 ἓω
3500 673 3594 739 τῆς
3631 672 3805 740 μονῆς
3837 674 4037 738 ἐκχω-

2434 764 2723 831 ρήσαντος,
2762 764 2855 815 καὶ
2888 762 2985 829 τῆς
3016 762 3171 822 ὁσίας
3203 760 3262 825 ἐξ
3295 755 3354 813 οὗ
3382 763 3651 831 προῆλθεν
3711 762 4039 816 ἁνασωθεῖο

2432 868 2549 921 σης,
2581 854 2613 920 ἠ
2643 852 2736 903 τού
2796 852 2990 919 χρόνου
3046 850 3381 917 παράτασις,
3404 849 3709 918 αἰρομένην
3746 850 3854 918 ήδη
3882 849 4036 914 πρὸς

2430 944 2593 1010 δγκον
2620 944 2717 1013 τὴν
2748 944 2993 1011 γαστέρα
3017 942 3111 1010 τῆς
3144 943 3313 1012 κόρης
3333 943 3566 995 ἐδείκνυο
3597 946 3688 996 καὶ
3707 942 3835 993 ὅθεν
3862 941 4039 993 τοῦτο

2431 1036 2582 1106 παρὰ
2639 1033 2746 1088 τῶν
2821 1035 3102 1103 συγγενῶν
3186 1037 3359 1087 εἰπεῖν
3429 1037 3847 1104 ἀνακρινομένη
3938 1035 4037 1085 τὸν

2433 1128 2685 1197 μοναχὸν,
2736 1123 2888 1193 εἶπε,
2959 1127 3255 1196 Θεόδωρον,
3313 1126 3404 1178 τὸν
3460 1127 3559 1195 τῆς
3603 1124 4037 1180 Ὅκτωδεκάτου

2434 1220 2620 1289 μονῆς,
2652 1219 2789 1289 αὐτῇ
2822 1218 3233 1287 συμφθαρῆναι.
3295 1216 3649 1270 Πιστεύουσιν
3674 1218 3887 1269 αὐτίκα
3918 1219 4039 1278 τοῖς

2428 1313 2703 1381 λεχθεῖσιν
2735 1313 2785 1363 οί
2845 1313 3103 1380 μοναχοί·
3138 1313 3165 1363 ὁ
3198 1312 3306 1380 γὰρ
3338 1315 3403 1380 τῇ
3462 1312 3711 1380 μακαρία
3734 1313 3870 1373 τοὺς
3904 1328 4039 1362 ττει-

2434 1406 2677 1475 ρασμοὺς
2725 1404 3250 1473 διαπειλησάμενος,
3313 1406 3407 1457 καὶ
3464 1405 3563 1473 τὴν
3630 1404 3810 1471 κόρην
3869 1402 4037 1453 τοῦτο

2429 1499 2606 1565 λέγειν
2637 1498 2908 1563 ἐδίδασκε,
2949 1498 3239 1560 κάκείνους
3271 1498 3574 1550 πιστεύειν.
3615 1494 3750 1549 Εἶτα
3778 1499 3851 1566 τῇ
3891 1499 4034 1563 μονῆ

2432 1591 2845 1661 προσελθόντος,
2903 1592 3046 1660 ἢπερ
3084 1585 3231 1658 εἶχεν
3287 1590 3633 1658 ἁσκουμένην
3694 1588 3796 1657 τὴν
3847 1604 4038 1655 μακαο

2432 1681 2551 1749 ρίαν
2587 1681 2681 1732 σὺν
2718 1679 2810 1748 βοῇ
2848 1680 2940 1731 καὶ
2986 1678 3219 1749 θορύϐῳ,
3250 1678 3545 1746 Θεόδωρος,
3583 1678 3794 1743 ἔλεγον,
3854 1680 3881 1728 ὀ
3932 1678 4033 1741 ἐᾷ’

2431 1771 2572 1841 ὑμᾶς
2604 1771 2748 1823 τελεῖ
2785 1771 3042 1840 μοναχδς,
3096 1769 3296 1823 τοιόνδε
3352 1768 3522 1837 μῦσος

2432 1863 2677 1933 ἔφριξεν.
2712 1865 2803 1924 Εἰς
2834 1866 3129 1933 ἐρωτήσεις
3160 1859 3251 1915 οὖν
3288 1862 3520 1915 ἐλθοῦσα
3550 1864 3701 1930 παρὰ
3733 1860 3833 1912 τοῦ
3874 1864 4036 1927 ἠγου-

2434 1955 2619 2023 μένου,
2649 1957 2695 2005 εί
2723 1951 2991 2023 κατῆρξεν
3046 1953 3189 2004 οὕτω
3242 1952 3507 2022 βδελυρᾶς
3559 1954 3847 2023 πράξεως,
3886 1952 4033 2017 αὕτη

2432 2046 2668 2115 πρᾶγμα
2716 2042 2791 2114 μὴ
2820 2043 2964 2111 ἔχειν
3028 2038 3150 2095 εἷπε
3215 2044 3351 2111 πρὸς
3398 2044 3561 2093 αὑτὸν
3618 2044 3819 2110 ὲνοχῆς
3846 2043 4028 2105 ἄξιον.

2443 2138 2672 2191 Ἐκεῖνοι
2730 2138 2829 2207 μὲν
2862 2135 2954 2189 οὖν
2993 2137 3115 2189 τότε
3171 2136 3308 2206 πρὸς
3339 2134 3437 2205 τὴν
3465 2136 3602 2188 ίδίαν
3646 2136 3821 2205 μονὴν
3855 2140 4031 2188 επαν-

2433 2232 2720 2301 έστρεφον.

2504 2320 2602 2374 lli'.
2650 2322 2737 2383 Ὠς
2775 2321 2830 2372 δὲ
2870 2321 2963 2371 καὶ
3000 2321 3061 2371 τὸ
3126 2319 3324 2389 βρέφος
3381 2322 3567 2390 τεχθὲν
3602 2320 3701 2390 ἤδη
3753 2320 4033 2388 προῆλθεν

2438 2415 2517 2473 εἰς
2544 2412 2679 2479 φῶς,
2717 2411 2981 2479 ἀράμενοι
3012 2410 3190 2472 τοῦτο,
3222 2410 3360 2461 κατὰ
3392 2411 3564 2477 μέσην
3599 2411 3727 2462 ἔνθα
3762 2411 3795 2478 ὴ
3842 2428 4033 2477 μακα-

2440 2505 2531 2573 ρία
2556 2504 2717 2571 διῆγε
2750 2503 2848 2573 τὴν
2873 2502 3038 2571 μονὴν
3075 2500 3496 2569 ἀπορρίπτουσι.
3524 2501 3691 2551 Τοῦτο
3722 2502 3778 2551 δὲ
3808 2504 4031 2561 πάντως

2442 2592 2690 2665 μεθοδεία
2724 2592 2817 2644 καὶ
2858 2593 3023 2661 τέχνη
3063 2590 3156 2642 τοῦ
3195 2587 3491 2659 δυσμενοῦς
3533 2584 3601 2658 ἦν
3646 2590 3891 2657 ἀθυμίαν
3932 2593 4034 2657 έμ-

2440 2684 2658 2748 6αλλεῖ,
2697 2685 2833 2753 αὐτῇ
2888 2682 3277 2744 σπουδάζοντος
3311 2681 3584 2751 ἐμποδών
3616 2698 3674 2732 τε
3702 2682 3767 2731 τὰ
3807 2682 4032 2732 σκοπῶν

2441 2778 2764 2845 παρασχεῖν.
2816 2774 2953 2825 Ἀλλ’
2990 2775 3069 2834 είς
3096 2773 3271 2841 μάτην
3303 2787 3383 2823 σοι
3419 2774 3513 2823 καὶ
3536 2772 3689 2832 αὖθις
3719 2772 3785 2822 τὰ
3816 2774 4032 2839 ἐνεδρα,

2443 2866 2667 2932 πονηρὲ,
2722 2864 2922 2931 μᾶλλον
2960 2864 3017 2915 δὲ
3062 2865 3164 2915 οὑκ
3210 2863 3288 2923 είς
3345 2863 3540 2931 μάτην,
3574 2863 3709 2916 ἀλλὰ
3751 2864 3851 2917 καὶ
3890 2864 4032 2916 κατὰ

2446 2955 2541 3008 σοῦ
2570 2956 2995 3023 τεκταινόμενα·
3053 2954 3243 3025 ῶσπερ
3281 2950 3363 3018 οἷς
3390 2957 3621 3025 τρώσειν
3656 2959 3899 3024 ἣλπισας
3932 2960 4031 3010 αὖ·

2446 3052 2555 3110 τοῖς
2603 3050 2828 3110 ἐκείνοις
2877 3051 2988 3110 τοῖς
3032 3048 3208 3117 βέλεσι
3250 3049 3591 3118 πληττούσης
3642 3066 3701 3100 σε
3747 3051 3851 3119 τῆς
3904 3068 4032 3116 γεν-

2446 3143 2617 3202 ναίας.
2656 3140 2719 3193 Τί
2760 3140 2863 3210 γὰρ
2898 3140 2957 3191 τὸ
2991 3139 3271 3205 ὲντεῦθενς
3318 3141 3498 3210 πατὴρ
3542 3136 3677 3193 εἶναι
3713 3143 4034 3193 πιστεύεται

2447 3233 2540 3287 τοῦ
2575 3235 2768 3303 νηπίου
2804 3234 2836 3302 ὴ
2872 3231 3123 3301 Θεοδώρα
3146 3273 3159 3294 ,
3199 3235 3324 3302 σιγῇ
3360 3251 3417 3285 τε
3452 3233 3549 3304 τὴν
3583 3236 4035 3303 κατακρίνουσαν

2444 3326 2623 3396 ψῆφον
2655 3325 2893 3394 δέχεται,
2928 3325 3021 3377 καὶ
3052 3323 3203 3392 αὑτῷ
3236 3325 3426 3393 βρέφει
3457 3327 3551 3393 τῆς
3582 3327 3751 3393 μονῆς
3784 3325 4034 3393 ἐξορίζε-

2444 3434 2555 3471 ται.
2593 3417 2823 3483 Τιθηνὸς
2857 3411 2949 3467 οὖν
2984 3417 3122 3483 αὑτὴ
3159 3417 3396 3481 γίνεται,
3435 3419 3529 3467 καὶ
3555 3412 3643 3468 οἷα
3676 3420 3870 3488 μήτηρ
3908 3438 4035 3472 παι-

2446 3506 2728 3573 δοτροφεῖν
2755 3503 3150 3571 ἀναγκάζεται,
3183 3502 3419 3572 γάλακτι
3444 3505 3540 3575 μὲν
3563 3506 3879 3576 προϐάτων,
3914 3510 4035 3560 ἐπεὶ

2451 3600 2524 3670 μὴ
2552 3599 2723 3660 ἄλλως
2741 3593 2876 3668 εἶχε,
2896 3598 2953 3649 τὸ
2976 3598 3217 3665 νεογενὲς
3237 3598 3639 3670 ἀποτρέφουσα,
3670 3600 3798 3669 ἔρια
3826 3603 3901 3663 δὲ,
3933 3606 4033 3653 κά.

2449 3694 2603 3743 κεῖνα
2638 3692 2793 3759 παρὰ
2836 3690 2943 3739 τῶν
2980 3690 3255 3756 ποιμένων
3290 3690 3550 3752 αἰτοῦσα,
3582 3693 3679 3742 καὶ
3719 3695 3800 3753 είς
3844 3695 4033 3760 χρείαν

2448 3783 2667 3852 ἀμφίων
2731 3782 2903 3835 ταῦτα
2935 3783 3011 3853 τῷ
3044 3781 3197 3835 παιδὶ
3234 3781 3608 3851 σχεδιάζουσα.
3652 3783 3817 3835 Ἀλλὰ
3852 3784 3936 3846 τίς
3970 3786 4032 3837 ἂν

2451 3876 2544 3928 καὶ
2571 3875 2716 3945 ψυχὴ
2749 3875 3084 3947 παρεδέξατο
3110 3875 3419 3945 βαρυτάτην
3442 3876 3583 3928 οὕτω
3616 3881 3990 3943 συκοφαντίαν
4013 3896 4026 3940 ;

2453 3968 2588 4019 Ποία
2624 3967 2681 4019 δὲ
2721 3970 2812 4017 καὶ
2848 3970 2971 4034 χεὶρ
3010 3967 3109 4017 οὑκ
3154 3967 3219 4018 ἂν
3264 3966 3591 4034 ἐδυσχέρανε
3634 3968 3772 4035 πρὸς
3815 3969 4028 4038 ἐπαχθῆ

2452 4059 2708 4125 τοιαύτην
2749 4056 3056 4127 ὑπηρεσίαν
3084 4073 3098 4123 ;
3134 4057 3266 4127 Ἐτη
3298 4059 3408 4127 γὰρ
3441 4058 3580 4110 ἑπτὰ
3612 4060 4027 4128 παρετάθησαν,

2454 4150 2511 4202 ἐν
2557 4145 2638 4211 οἷς
2669 4148 3040 4218 ἐταλαιπώρει
3092 4151 3313 4216 γυναίου
3362 4150 3544 4218 φύσις,
3593 4144 3637 4203 ὦ
3673 4151 3813 4203 Θεοῦ
3854 4156 4026 4204 πάντα

2457 4241 2741 4312 βλέποντες
2791 4240 3079 4310 ὀφθαλμοὶ,
3133 4240 3386 4309 διαϐολὴν
3460 4243 3695 4310 ματαίαν
3757 4246 4028 4312 καταψευ-

2461 4333 2669 4395 σθεῖσα,
2703 4334 2796 4383 καλ.
2817 4333 2914 4400 τῆς
2941 4333 3105 4401 μονῆς
3124 4333 3226 4397 ἔξω
3247 4333 3524 4401 βληθεῖσα,
3548 4335 3643 4385 καὶ
3662 4337 3818 4387 οὐδὲν
3839 4339 4027 4406 μικρὸ-

2457 4421 2628 4491 ψυχόν
2659 4437 2710 4473 τι
2746 4422 2839 4474 καὶ
2873 4422 3098 4490 ἀγεννὲς
3155 4422 3186 4491 ἢ
3228 4422 3452 4492 ἔδρασεν
3486 4424 3517 4493 ἢ
3554 4425 3880 4493 ἐφθέγξατο,
3918 4429 4026 4479 αλλ’

3600 1770 3873 1835 πράττειν
3934 1768 4036 1821 οὐκ

780 4531 929 4593 fecit,
988 4538 1079 4582 aut
1148 4532 1230 4581 est
1289 4526 1506 4579 locuta:
1551 4524 1646 4578 sed
1714 4524 1833 4576 talis
1896 4522 2080 4591 probri
2150 4521 2349 4591 delegit

2454 4515 2625 4567 εἴλεεο
2660 4512 2915 4582 τοιαύτης
2952 4514 3178 4582 ἀτιμίαν
3215 4514 3496 4585 αἰσχύνης,
3548 4517 3613 4568 ἶν’
3634 4519 3769 4587 ὅπερ
3808 4522 4025 4590 αἰσχρὶν

783 4620 1159 4692 ignominiam,
1199 4626 1258 4671 ut
1316 4616 1457 4685 quod
1518 4625 1675 4683 turpe
1736 4614 1863 4668 fecit
1904 4613 2109 4675 volens,
2170 4628 2359 4666 rursus

782 4710 1090 4765 voluntario
1147 4716 1351 4779 tegeret
1402 4706 1692 4770 dedecore,
1753 4715 1807 4758 et
1840 4719 1975 4772 quos
2040 4719 2151 4757 non
2204 4704 2362 4757 latuit

784 4805 973 4858 oeulos
1047 4802 1200 4872 prius
1260 4800 1458 4853 malum
1521 4800 1746 4863 faciens,
1806 4798 2046 4866 placaret
2117 4811 2355 4849 rursus:

786 4911 881 4949 eos
927 4895 1070 4947 solos
1122 4894 1329 4947 habens
1380 4899 1569 4953 testes,
1610 4905 1731 4943 cum
1768 4888 1842 4941 rei
1887 4886 2144 4955 improba:
2192 4887 2356 4939 susti-

788 4997 945 5043 neret
994 4985 1344 5039 calumniam.
1392 4983 1546 5048 Quali
1610 4990 1790 5034 autem
1864 4978 2083 5032 vivendi
2149 4977 2356 5030 ratione

787 5078 1043 5133 utebatur
1117 5090 1238 5129 cum
1317 5073 1507 5125 aliis?
1580 5072 1657 5124 Illi
1735 5071 1879 5123 enim
1956 5070 2351 5121 nutrimentum

784 5176 943 5222 erant
1010 5166 1193 5219 herba:
1248 5173 1510 5233 agrestes,
1566 5171 1726 5231 potus
1791 5168 1966 5212 autem
2020 5168 2136 5211 erat
2193 5173 2353 5226 aqua,

786 5273 906 5328 quae
942 5269 973 5309 e
1046 5256 1167 5307 lacu
1228 5264 1503 5322 utcunque
1588 5253 1655 5307 ab
1708 5266 1769 5305 ea
1829 5250 2196 5311 hauriebatur,
2252 5249 2357 5303 nisi

790 5354 947 5407 malis
997 5349 1199 5410 dicere,
1258 5349 1374 5415 ejus
1426 5349 1693 5417 lacrymze.
1752 5344 1966 5398 Nullum
2029 5343 2172 5396 enim
2241 5352 2357 5397 erat

790 5453 1022 5509 tempus.
1085 5454 1192 5507 quo
1238 5453 1314 5492 ea:
1365 5452 1471 5489 non
1533 5438 1813 5490 ellluerent
1870 5450 1931 5487 ex
1985 5434 2102 5501 ejus
2162 5435 2353 5495 oculis,

788 5535 923 5587 adeo
979 5542 1036 5585 ut
1080 5532 1323 5584 Psalmus
1376 5528 1431 5583 in
1477 5542 1539 5579 ea
1590 5529 1951 5595 impleretur:
1996 5544 2011 5575 ι
2052 5523 2116 5576 Et
2170 5534 2352 5592 potum

790 5639 973 5678 meum
1047 5638 1168 5675 cum
1241 5621 1367 5673 fletu
1424 5617 1798 5673 miscebant".
1839 5636 1856 5668 ι
1902 5618 1991 5670 Sic
2049 5628 2177 5684 ergo
2233 5629 2353 5668 cum

793 5729 993 5783 corpus
1047 5713 1092 5766 ei
1146 5712 1491 5781 liquesceret,
1542 5720 1593 5764 et
1621 5707 2000 5779 negligerelur,
2030 5715 2185 5760 erant
2236 5706 2357 5775 qui-

869 5851 885 5883 '
925 5848 1066 5904 Psal.
1096 5864 1166 5909 cr.
1204 5849 1281 5903 l0.

2456 4603 2662 4675 ἔπραξε
2693 4604 3014 4677 βουλομένη,
3058 4605 3283 4677 ἑκουσίᾳ
3319 4607 3481 4659 πάλιν
3510 4610 3738 4679 αίσχύνη
3788 4628 4026 4667 κατακαο

2454 4696 2621 4765 λύψῃ,
2684 4696 2778 4749 καὶ
2825 4695 2918 4757 οὒς
2971 4696 3071 4747 οὐκ
3147 4695 3338 4748 ἔλαθεν
3395 4697 3702 4767 ὀφθαλμοὺς
3764 4703 4025 4769 πρότερον

2455 4786 2514 4837 τὸ
2565 4786 2803 4853 πονηρὸν
2849 4787 3189 4853 πράττουσα,
3238 4786 3554 4858 θεραπεύσῃ
3602 4790 3787 4851 πάλιν,
3837 4793 4027 4859 μόνους

2455 4877 2655 4946 ἔχουσα
2716 4878 3003 4947 μάρτυρας
3056 4876 3295 4947 πονηροῦ
3346 4880 3699 4948 πράγματος,
3729 4882 4023 4951 ἀνεχομένη

2458 4971 2845 5036 συκοφαντίαν.
2898 4970 2997 5021 Οἴα
3053 4971 3108 5023 δὲ
3154 4972 3292 5040 μετὰ
3334 4972 3443 5023 τῶν
3479 4974 3651 5025 ἄλλων
3705 4976 3800 5026 καὶ
3855 4977 4023 5046 διαίτη

2456 5063 2697 5130 ὲχρῆτο;
2730 5062 2918 5129 Τροφὴ
2962 5064 3059 5129 μὲν
3095 5062 3203 5130 γὰρ
3248 5062 3431 5133 ἐκείνῃ
3465 5066 3523 5113 τὸ
3547 5066 3609 5115 ἐκ
3643 5066 3752 5116 τῶν
3800 5069 4026 5132 βοτανῶν

2457 5155 2581 5206 ὅσον
2624 5153 2814 5223 ἄρτον,
2843 5157 3006 5207 ποτῖιν
3028 5154 3084 5206 δὲ
3118 5155 3176 5206 τὺ
3213 5156 3276 5207 ὲκ
3314 5159 3411 5223 τῆς
3447 5158 3643 5227 λίμνης
3680 5162 4023 5229 ἀμωσγέπως

2458 5248 2596 5316 αὐτῇ
2642 5247 2962 5316 ἀρυόμενον,
3024 5248 3072 5298 εί
3117 5247 3191 5315 μὴ
3232 5250 3325 5300 καὶ
3364 5250 3564 5316 μᾶλλον
3614 5252 3788 5313 εῐποις
3837 5256 3895 5303 τὸ
3930 5256 4022 5305 τῶν

2462 5336 2715 5408 δακρύων
2745 5354 2757 5365 ·
2795 5340 2893 5390 οὐκ
2925 5336 2990 5409 ἦν
3032 5339 3138 5408 γὰρ
3174 5340 3258 5391 ὅτε
3294 5344 3393 5392 οὐκ
3432 5343 3660 5412 ἀπέρρει
3696 5346 3901 5412 ταύτης
3926 5348 4021 5399 τῶν

2463 5422 2779 5496 ὀφθαλμῶν,
2809 5427 2880 5490 ὠς
2902 5429 2961 5479 τὸ
2990 5429 3096 5481 τῶν
3122 5429 3365 5496 Ψαλμῶν
3388 5432 3473 5482 ἐπ’
3503 5433 3637 5501 αὐτῇ
3669 5434 4017 5501 πληροῦσθαι-

2471 5522 2608 5573 (Καὶ
2647 5520 2706 5572 τὸ
2735 5520 2883 5588 πόμα
2914 5538 3012 5590 μου
3050 5520 3192 5589 μετὰ
3216 5520 3495 5592 κλαυθμοῦ
3525 5526 3812 5592 ἐκίρνων.»
3850 5531 4019 5591 Οὔτως

2462 5612 2553 5665 οὖν
2583 5612 2723 5681 αὐτῇ
2752 5612 2848 5664 τοῦ
2876 5612 3126 5681 σώματος
3153 5615 3480 5683 τηκομένου,
3518 5617 3609 5672 καὶ
3642 5620 3857 5685 ἀμελῶς
3886 5623 4018 5688 ἕχον-

2462 5722 2573 5768 τος,
2625 5706 2670 5756 οἱ
2720 5706 2817 5775 μὲν
2858 5705 3047 5774 ινυχες
3088 5708 3385 5775 ἐπιμήκεις
3433 5704 3592 5778 ἦσαν,
3629 5714 3723 5766 καί
3771 5731 3877 5767 τισι
3920 5714 4015 5766 τῶν
