4198 6438
787 370 893 433 683

2017 372 2295 433 MENSIS
2334 371 2800 434 SEPTEMBER.

3939 382 4058 444 (34

789 481 1040 534 eﬂ‘ectuui
1100 488 1184 533 est
1241 479 1526 534 deductus.
1593 480 1646 533 ld
1706 481 1849 534 enim
1909 480 2264 535 declarabant
2311 488 2351 532 el

2467 479 2690 533 λευσοὲν
2719 481 2877 550 ἔργον
2899 475 2987 552 ἦν·
3013 483 3232 553 ἐδήλουν
3255 487 3361 557 γὰρ
3386 488 3444 539 αἴ
3461 506 3518 541 τε
3545 490 3750 560 πληγαὶ
3776 496 4065 562 φαινόμεο

795 570 980 640 plagae,
1016 584 1135 638 quae
1170 569 1529 635 apparebant,
1588 580 1641 623 et
1679 569 1792 639 ipsa
1841 571 1954 624 visa
2005 580 2215 624 mortua
2269 569 2355 632 iis,

787 660 876 726 qui
963 667 1307 727 aspexerant.
1385 657 1635 712 Fuerunt
1721 671 1902 713 autem
1979 660 2028 712 hi
2091 671 2355 729 pastores,

787 748 875 815 qui
905 747 1122 800 iverunt
1172 746 1222 798 in
1263 749 1676 812 monasterium,
1713 758 1768 802 et
1803 749 2052 802 dixerunt
2106 749 2358 803 Theodo-

789 848 908 889 l'llm
977 851 1095 890 esse
1162 847 1464 902 mortuum,
1529 847 1583 891 ει
1621 847 1874 906 oportere
1930 854 2059 893 eum
2097 841 2356 893 mandare

786 928 1098 995 sepulturae.
1131 925 1237 980 Sed
1283 929 1438 982 beata
1475 929 1584 990 illa,
1627 944 1749 982 cum
1785 930 1964 984 media
1993 941 2152 984 nocte
2195 931 2260 985 ad
2298 945 2357 984 se

787 1015 1055 1076 rediissct,
1106 1016 1204 1068 sibi
1255 1017 1562 1070 ascribebat
1606 1030 1850 1082 causam,
1882 1032 1937 1074 et
1968 1021 2019 1074 id
2047 1021 2188 1088 quod
2219 1023 2357 1076 acci-

786 1107 963 1168 derat,
1021 1106 1237 1159 diccbat
1296 1122 1416 1161 esse
1467 1108 1550 1160 sui
1595 1108 1774 1162 delicti
1829 1110 2192 1179 disciplinam.
2223 1111 2354 1165 Cum

785 1212 844 1251 se
879 1213 1004 1265 ergo
1041 1199 1329 1250 muniissct
1365 1199 1533 1252 armis
1566 1200 1856 1261 orationis,
1897 1203 2059 1270 petiit
2108 1202 2355 1256 inducias

794 1288 1155 1339 tentationum
1193 1305 1205 1340 :
1243 1283 1286 1339 Ο
1325 1288 1464 1341 Deus
1499 1304 1669 1352 meus,
1713 1291 1923 1354 dicens,
1962 1290 2188 1345 Domine
2235 1293 2358 1345 uni-

784 1377 951 1438 versi,
996 1380 1200 1431 oblitus
1237 1379 1342 1431 mei
1400 1382 1630 1448 peccati,
1692 1382 1859 1434 libera
1912 1397 2000 1436 me
2032 1383 2100 1436 ab
2157 1384 2356 1437 insultu

786 1469 1010 1535 inimici,
1043 1471 1132 1538 qui
1173 1480 1263 1524 tuo
1295 1471 1502 1526 invidet
1541 1472 1818 1542 ﬁgmento.
1847 1473 1982 1527 Cum
2020 1489 2139 1528 eam
2171 1486 2353 1529 autem

782 1573 1096 1630 precantem
1135 1563 1418 1627 vid-issent,
1472 1565 1560 1633 qui
1595 1565 1704 1618 illic
1744 1575 1900 1620 erant
1940 1579 2206 1636 pastores,
2241 1583 2358 1636 qua:

781 1652 850 1704 ab
884 1653 963 1704 eis
996 1653 1154 1721 paulo
1182 1661 1310 1706 ante
1348 1655 1458 1708 visa
1494 1665 1611 1707 erat
1662 1665 1895 1721 mortua,
1938 1658 2106 1711 Deum
2137 1661 2355 1728 quidem

781 1744 1085 1806 laudarunt,
1168 1745 1449 1799 monachis
1529 1757 1736 1811 autem,
1823 1749 1969 1815 quod
2047 1750 2354 1815 revixisset,

779 1836 1204 1890 annuntiarunt.

852 1927 965 1980 XV.
1005 1929 1206 1981 Statuit
1259 1944 1389 1984 vero
1440 1931 1729 2000 prrefectus
1791 1934 2107 1987 monasterii
2168 1934 2348 1989 infan-

776 2029 888 2073 tem
960 2021 1226 2090 recipere,
1288 2033 1545 2092 reputaus
1597 2041 1762 2093 quam
1834 2027 2094 2081 diuturna
2161 2028 2352 2083 fuisset

778 2120 984 2164 sanctze
1021 2112 1265 2167 atllictio.
1309 2114 1427 2166 Non
1483 2116 1627 2167 enim
1688 2131 1804 2169 eam
1861 2134 2024 2186 parva
2088 2120 2353 2176 alliciebat

779 2203 1028 2255 molestia
1079 2219 1269 2258 errans
1323 2220 1458 2274 puer
1512 2222 1609 2276 per
1642 2222 1830 2276 aSpera
1865 2211 1977 2264 loca
2018 2213 2347 2268 solitudinis.

778 2291 883 2347 Sed
914 2310 980 2348 ne
1028 2297 1108 2349 sic
1149 2296 1366 2365 quidem
1422 2299 1630 2352 destitit
1681 2300 1853 2353 hostis
1901 2316 2020 2354 eam
2074 2305 2350 2368 invadere,

779 2381 890 2438 Deo
946 2384 1024 2438 sic
1075 2385 1444 2452 permittente,
1501 2386 1575 2438 uti
1614 2401 1676 2438 ea
1732 2386 1832 2438 sibi
1888 2387 2070 2454 plures
2125 2405 2353 2445 coronas

778 2484 1112 2530 contexeret.
1154 2476 1210 2528 Ei
1244 2475 1389 2529 enim
1423 2491 1612 2530 rursus
1645 2477 1817 2530 visum
1851 2488 1934 2531 cst
1977 2494 2167 2534 aurum
2200 2483 2349 2536 humi

780 2566 1108 2633 projectum.
1141 2566 1342 2620 Aderat
1393 2578 1574 2620 autem
1636 2582 1829 2638 magna
1886 2569 2121 2623 virorum
2166 2573 2349 2625 multi-

775 2657 929 2718 tudo,
964 2671 1082 2726 qua:
1120 2656 1250 2710 illud
1286 2657 1591 2727 colligebat.
1630 2657 1683 2711 Id
1719 2674 1845 2712 vero
1886 2675 1992 2712 non
2026 2670 2143 2715 erat
2174 2663 2344 2728 aliud,

775 2761 936 2816 quam
991 2745 1125 2798 visio
1155 2744 1352 2798 inanis.
1389 2743 1521 2798 Nam
1561 2755 1617 2798 ut
1670 2761 1785 2800 eam
1829 2749 2002 2800 solum
2048 2749 2344 2816 deciperet,

772 2846 828 2891 et
860 2847 916 2889 ut
946 2850 1138 2890 aurum
1168 2844 1374 2890 amaret
1406 2837 1664 2899 cliiceret,
1698 2835 1748 2887 id
1790 2845 1960 2888 totum
2000 2845 2116 2889 erat
2149 2837 2350 2889 machi-

770 2936 955 2981 natus.
1005 2926 1123 2980 Non
1173 2927 1324 2979 multi
1359 2927 1474 2980 dies
1527 2927 1922 2996 praeterierunt,
1974 2938 2027 2982 et
2067 2931 2114 2982 ei
2153 2945 2346 2983 rursus

772 3019 883 3071 visa
915 3028 999 3072 est
1049 3019 1241 3072 adesse
1282 3033 1563 3072 servorum
1613 3020 1922 3084 multitudo,
1959 3021 2004 3074 ei
2050 3022 2103 3074 in
2154 3038 2345 3075 manus

771 3111 1102 3164 tradentium
1151 3111 1374 3163 obsonia
1437 3111 1585 3163 varie
1632 3112 1849 3165 condita
1905 3128 2023 3178 qua:
2070 3114 2116 3164 ei
2165 3114 2345 3165 dixit:

775 3201 878 3265 Qui
935 3201 1026 3253 tibi
1090 3200 1272 3269 plagas
1313 3201 1591 3268 imposuit,
1650 3202 1734 3253 his
1796 3210 1845 3254 te
1878 3202 2042 3255 donat
2082 3203 2342 3257 obsoniis.

774 3292 906 3358 Qua:
938 3292 1155 3359 quidem
1206 3292 1257 3344 in
1311 3290 1468 3355 nihil,
1525 3293 1667 3345 sicut
1710 3305 1889 3358 erant,
1922 3295 2187 3363 dissolvit,
2221 3314 2344 3350 cum

773 3401 831 3440 se
865 3386 1130 3454 signasset
1164 3385 1285 3437 luce
1319 3384 1498 3437 vultus
1540 3385 1770 3438 Domini.
1806 3389 1940 3441 Cum
1975 3405 2038 3442 ex
2087 3389 2169 3442 his
2223 3405 2343 3442 eam

774 3477 1002 3531 vidisset
1056 3476 1309 3528 invictam
1361 3477 1404 3528 is
1440 3477 1530 3544 qui
1581 3478 1818 3530 minatus
1868 3489 1985 3531 erat
2033 3495 2089 3530 se
2145 3488 2342 3532 terram

773 3581 829 3625 et
853 3586 1001 3624 mare
1049 3583 1168 3622 esse
1204 3568 1537 3629 deletorum,
1588 3583 1824 3637 cumque
1871 3584 1934 3621 ex
1985 3571 2146 3630 bello,
2201 3572 2344 3637 quod

773 3665 1040 3717 adversus
1099 3673 1217 3710 eam
1273 3668 1532 3726 gesserat,
1607 3658 1815 3727 pudore
1884 3671 2032 3714 esset
2090 3661 2338 3727 allectus,

774 3754 968 3811 statuit
995 3751 1299 3805 discedere.

845 3847 978 3903 XVI.
1032 3846 1166 3903 Cum
1223 3854 1402 3900 autem
1473 3854 1676 3913 septem
1745 3846 1871 3903 anni
1931 3845 2342 3912 prrcteriisscnt,

778 3943 1030 3997 monachi
1063 3943 1258 3995 laurea:
1300 3937 1427 3991 noni
1462 3935 1798 3995 monasterii,
1856 3935 1947 4002 qui
2003 3935 2131 3987 illati
2170 3936 2342 4005 stupri

778 4050 895 4086 cam
934 4038 1344 4087 accusaverunt,
1392 4041 1508 4079 eam
1542 4039 1661 4078 esse
1692 4023 1971 4077 mulierem
2010 4023 2342 4092 ignorantes,

775 4144 901 4182 cum
936 4125 1190 4178 omnibus
1224 4122 1496 4190 supplices
1556 4127 1750 4186 petunt
1801 4132 1828 4168 a
1867 4118 2120 4185 pra-fectu
2157 4130 2345 4173 mona-

775 4221 950 4285 sterii,
987 4229 1046 4273 ut
1097 4219 1149 4271 in
1187 4231 1292 4283 quo
1331 4214 1447 4267 loco
1485 4226 1544 4262 ea
1582 4211 1731 4278 prius
1771 4224 1826 4263 se
1878 4209 2186 4271 exercebat,
2225 4225 2343 4262 eam

777 4328 970 4370 rursus
1014 4311 1345 4369 admitteret,
1379 4313 1429 4357 et
1486 4305 1713 4356 referret
1751 4302 1803 4353 in
1853 4316 2136 4352 numerum
2186 4310 2347 4352 ca‘te-

778 4419 964 4461 rerum
1024 4398 1441 4455 monachorum.
1513 4394 1656 4447 Satis
1729 4393 1897 4457 enim,
1950 4382 2186 4454 aiebant,
2248 4392 2348 4446 luit

2461 588 2582 633 ναι,
2620 574 2713 624 καὶ
2740 575 2878 643 αὑτὴ
2909 577 3076 645 νεκρὰ
3109 577 3303 640 δόξασα
3348 580 3457 641 τοῖς
3492 581 3846 652 θεασαμένοις
3881 587 4060 654 (ποι-

2464 661 2619 729 μένες
2649 665 2703 716 δὲ
2733 660 2875 733 ἦσαν
2899 660 3087 734 οὗτοι),
3135 669 3182 719 οἳ
3218 669 3312 721 καὶ
3340 672 3394 722 ἐν
3422 674 3483 740 τῇ
3518 677 3649 742 μονῇ
3680 676 4062 741 ἀπελθόντες,

2461 748 2613 805 εἷπον
2657 756 2736 806 ὅτι
2768 757 3020 827 τεθνήκοι
3062 760 3357 830 Θεόδωρος,
3390 763 3482 814 καὶ
3520 764 3595 827 ὠς
3626 768 3800 836 ἐχρῆν
3852 769 4062 821 τοῦτον

2461 845 2688 908 ἀξιῶσαι
2718 849 2912 916 ταιρῆς.
2964 851 3107 903 Ἀλλ’
3138 854 3168 922 ἡ
3200 855 3445 924 μακαρία
3480 860 3605 927 περὶ
3636 861 3810 927 μέσας
3840 862 4062 922 νύκτας

2465 935 2855 987 ἁνανενευκυία
2905 939 3066 1009 ἑαυτῇ
3116 943 3390 1012 ἐπέγραψε
3448 947 3546 1016 τὴν
3596 949 3796 1008 αίτίαν,
3838 954 3935 1001 καὶ
4001 956 4064 1002 τὸ

2463 1025 2674 1092 συμϐὰν
2708 1027 2861 1092 ἔλεγε
2883 1028 2976 1078 τοῦ
3023 1033 3224 1084 οἰκείου
3254 1035 3568 1104 σφάλματος
3595 1033 3735 1089 εἶναι
3764 1040 4061 1091 παιδείαν.

2469 1116 2541 1166 Τὸ
2570 1116 2698 1179 γοῦν
2733 1120 2887 1188 ὅπλῳ
2914 1121 3011 1185 τῆς
3043 1123 3211 1191 εὐχῆς
3253 1127 3456 1195 ἑαυτὴν
3491 1131 3885 1199 περιφράξασα
3931 1135 4065 1183 ix:-

2460 1208 2669 1276 χειρέαν
2694 1210 2810 1278 ᾔτει
2842 1211 2949 1262 τῶν
2985 1217 3329 1282 πειρασμῶν,
3356 1219 3454 1270 Θεέ
3487 1237 3612 1287 μου,
3648 1221 3913 1287 λέγουσα,
3963 1228 4064 1275 καὶ

2460 1300 2703 1350 Δέσποτα
2741 1301 2833 1351 τοῦ
2877 1305 3113 1367 παντὸς,
3153 1305 3312 1375 ρῦσαί
3361 1327 3423 1375 με
3461 1311 3558 1377 τῆς
3604 1314 3914 1379 ἐπαγωγῆς
3957 1315 4060 1363 τοῦ

2459 1387 2536 1455 τῷ
2584 1389 2658 1452 σῷ
2707 1390 2985 1456 πλάσματι
3028 1394 3439 1460 διαφθονοῦντος
3483 1399 3676 1470 ἐχθροῦ
3703 1443 3718 1465 ,
3760 1402 3868 1470 τῆς
3911 1405 4062 1471 ἐμῆς

2460 1477 2853 1546 ἐπιλαθομενος
2900 1482 3199 1550 ἁμαρτίας.
3227 1487 3542 1557 Εὺχομὲνην
3588 1491 3643 1543 δὲ
3695 1495 3745 1544 oi
3776 1495 3901 1545 ἐκεῖ
3932 1511 4060 1545 ποι-

2463 1568 2639 1636 μένες,
2685 1571 2882 1634 ἰδόντες
2922 1575 3022 1642 τὴν
3073 1582 3178 1644 πρὸ
3226 1579 3422 1646 μικροῦ
3483 1582 3683 1650 νεκρὰν
3730 1585 3919 1644 αὐτοῖς
3969 1603 4056 1635 νο-

2463 1661 2768 1728 μισθεῖσαν,
2803 1664 2880 1732 τῷ
2915 1665 3011 1731 μὲν
3047 1667 3166 1733 Θεῷ
3195 1668 3356 1733 δόξαν
3389 1671 3672 1739 ἀνέιρερον,
3709 1678 3827 1737 τοῖς
3862 1676 3919 1726 δὲ
3955 1680 4057 1743 τῆς

2465 1753 2628 1822 μονῆς
2656 1753 2728 1816 ὡς
2761 1757 3072 1810 ἀναστᾶσαν
3101 1759 3262 1811 πάλιν
3284 1762 3724 1831 εὐηγγελίζοντο.

2528 1929 2628 1981 1Ε’.
2675 1930 2896 2000 Ἕκρινε
2921 1932 2976 1983 δὲ
3012 1933 3104 1985 καὶ
3147 1933 3174 1985 6
3205 1935 3301 2003 τῆς
3348 1936 3514 2004 μονῆς
3546 1936 3925 2007 ἐξηγούμενος
3948 1979 3963 2000 ,
3994 1943 4056 1995 τὸ

2458 2020 2668 2072 παιδίον
2695 2022 2981 2076 ἀναλαϐεῖν
3005 2026 3392 2095 ἀναμετρήσεις
3418 2028 3514 2097 ὅση
3545 2031 3641 2080 καὶ
3673 2032 3826 2092 ὅπως
3856 2034 4056 2099 χρονία

2454 2112 2551 2179 τῆς
2604 2113 2755 2175 ὁσίας
2798 2117 2830 2184 ή
2880 2117 3248 2180 κακοπάθεια,
3297 2119 3391 2168 καὶ
3426 2119 3589 2172 τοῦτο
3639 2125 3820 2192 χαρᾶς
3873 2125 4054 2191 αὐτῆς

2456 2201 2658 2270 ἔπλησε
2712 2205 2810 2271 τὴν
2865 2205 3069 2274 ψυχήν.
3123 2207 3195 2258 Οὐ
3234 2208 3340 2275 γὰρ
3384 2213 3601 2278 μικροῖς
3637 2215 3807 2282 αὐτὴν
3854 2216 4051 2267 ἐλύπεε

2455 2295 2565 2353 τοῖς
2597 2296 2820 2362 τραχέσι
2849 2298 2944 2362 τῆς
2975 2298 3187 2365 ἐρήμου
3215 2299 3726 2371 περιπλανώμενον,
3761 2305 3882 2356 ἀλλ’
3918 2309 4051 2359 οὐδὲ

2455 2381 2623 2444 οὕτως
2645 2385 2909 2450 ἀφίστατο
2938 2388 3032 2454 τῆς
3071 2388 3373 2457 προσϐολῆς
3405 2393 3431 2442 6
3455 2394 3737 2462 πολέμιος,
3771 2397 3869 2449 τοῦ
3900 2397 4049 2450 Θεοῦ

2455 2473 2612 2524 τοῦτο
2639 2475 3117 2544 παραχωροῦντος,
3155 2478 3238 2531 ἵνα
3292 2487 3386 2532 καὶ
3415 2482 3668 2546 πλείονας
3695 2487 3837 2555 αὐτῇ
3869 2490 4048 2556 πλεξῃ

2453 2566 2576 2628 τοὺς
2605 2568 2922 2634 στεφάνους.
2965 2569 3202 2638 Ἑωρᾶτο
3225 2572 3329 2640 γὰρ
3354 2575 3489 2641 αὐτῇ
3524 2578 3746 2642 χρυσίον
3768 2578 4049 2644 ὲῤῥιμμέ-

2452 2673 2540 2708 νον
2582 2659 2658 2717 είς
2692 2660 2816 2725 γῆν,
2867 2660 3068 2727 πλῆθος
3111 2679 3167 2712 τε
3220 2663 3477 2730 παρῆσαν
3522 2666 3732 2731 ἀνδρῶν
3786 2669 3836 2716 οἳ
3886 2667 4048 2720 τοῦτο

2457 2748 2661 2816 σπουδῇ
2698 2750 3006 2816 συνέλεγον.
3051 2751 3121 2801 Τὸ
3151 2752 3206 2802 δὲ
3245 2753 3392 2805 οὐδὲν
3423 2755 3607 2825 ἕτερον
3637 2752 3701 2826 ἦν
3758 2758 3790 2825 ἢ
3840 2776 4047 2824 φαντα-

2456 2838 2544 2889 σία
2567 2841 2720 2910 κενή.
2757 2841 2870 2892 Ἵνα
2905 2842 3014 2910 γὰρ
3047 2843 3302 2915 ἀπατήσῃ
3348 2847 3508 2913 μόνον
3531 2890 3543 2912 ,
3583 2851 3676 2900 καὶ
3708 2850 3783 2912 ὡς
3822 2853 4046 2919 ἐρῶσαν

2452 2927 2602 3000 δείξῃ
2637 2932 2840 3001 χρυσοῦ
2865 2974 2877 2997 ,
2908 2933 2969 2986 τὸ
2993 2935 3100 2986 πᾶν
3132 2937 3626 3007 ἐσκαιώρησεν.οὑ
3660 2945 3859 2996 πολλαὶ
3897 2963 4045 3013 παρ-

2453 3021 2613 3089 ῆλθον
2664 3024 2906 3093 ἡμέραι,
2981 3029 3074 3077 καὶ
3149 3028 3310 3082 πάλιν
3360 3033 3586 3086 οἰκετῶν
3636 3037 3774 3105 αὐτῇ
3830 3041 4043 3106 πλῆθος

2457 3113 2617 3181 ἐῴκει
2651 3115 3034 3182 παρίστασθαι,
3073 3119 3176 3187 ὄψα
3217 3121 3490 3188 φερόντων
3513 3126 3602 3176 ἐπὶ
3635 3131 3829 3195 χεῖρας
3865 3129 4044 3182 ποικί-

2459 3204 2564 3268 λως
2597 3206 2991 3276 ἐσκευασμένα,
3016 3211 3108 3263 καὶ
3154 3209 3212 3263 '0
3241 3214 3336 3274 τὰς
3365 3215 3574 3281 πληγάς
3605 3233 3686 3268 σοι
3719 3219 4041 3284 ἐπενεγκὼν

2456 3298 2639 3366 ἄρχων
2660 3339 2672 3360 ,
2704 3301 2868 3368 φησι,
2903 3301 3112 3364 τούτοις
3146 3321 3203 3355 σε
3235 3305 3529 3367 δεξιοῦται,
3559 3306 3593 3357 ἃ
3639 3310 3735 3358 καὶ
3767 3312 3847 3370 είς
3889 3312 4041 3365 οὐδὲν

2457 3388 2645 3457 ὥσπερ
2675 3386 2813 3458 ἦσαν
2846 3390 3075 3453 διέλυσε,
3105 3392 3180 3461 τῷ
3209 3397 3344 3458 φωτὶ
3372 3395 3464 3445 τοῦ
3494 3397 3794 3463 προτὼττου
3843 3406 4037 3470 κυρίου

2459 3477 2814 3546 σημειώσασα
2849 3479 3072 3550 ἑαυτήν.
3119 3482 3246 3534 Ἀπδ
3290 3487 3493 3535 τούτων
3527 3486 3582 3535 τὸ
3611 3485 3827 3555 ἄμαχον
3865 3491 4040 3559 αὐτῆς

2459 3569 2583 3621 ἰδὼν
2620 3570 2712 3623 καὶ
2746 3571 3041 3641 ἀήττητον,
3081 3575 3108 3626 6
3141 3573 3242 3644 γῆν
3283 3577 3375 3627 καὶ
3417 3577 3693 3633 θάλασσαν
3727 3574 4037 3652 ἐξαλείφειν

2455 3663 2790 3734 ἠπειληκὼς,
2820 3665 2913 3718 τοῦ
2944 3667 3080 3734 πρὸς
3110 3670 3277 3738 αὐτὴν
3304 3671 3542 3740 πολέμου
3577 3676 3845 3744 αἰσχύνην
3875 3680 4036 3746 deiﬁ-

2455 3769 2574 3813 σας,
2605 3756 2903 3822 ἀποστῆναι
2928 3757 3208 3821 διέγνωκε.

2526 3842 2642 3910 ις’.
2665 3846 2783 3898 Τῶν
2822 3847 2959 3900 ἑπτὰ
2990 3848 3044 3899 δὲ
3081 3851 3472 3917 διαγεγονότων
3507 3855 3660 3914 ἐτῶν,
3698 3857 3746 3908 oi
3779 3858 3878 3927 τῆς
3907 3860 4035 3914 λαί-

2461 3950 2553 4004 pa;
2592 3935 2683 3987 τοῦ
2715 3937 2902 3990 ἐνάτου
2951 3937 3273 4004 μονάζοντες
3307 3942 3354 3993 οἳ
3390 3946 3482 3995 καὶ
3515 3945 3609 4016 τὴν
3639 3947 3738 4016 τῆς
3776 3955 4031 4019 πορνείας

2457 4030 2672 4098 γραφὴν
2727 4031 3014 4099 προσῆλθαν
3059 4036 3121 4104 τῇ
3174 4038 3441 4107 μακαρίᾳ,
3491 4039 3550 4089 τὸ
3609 4043 3848 4105 γυναῖκα
3897 4042 4030 4097 εἶναι

2456 4119 2660 4188 ταύτην
2711 4121 2849 4188 μετὰ
2899 4124 3114 4175 πάντων
3153 4127 3504 4195 ἠγνοηκότες,
3558 4129 3734 4181 ἱκέται
3789 4135 4030 4198 γίνονται

2457 4210 2550 4261 τοῦ
2608 4211 2706 4278 τῆς
2754 4213 2920 4281 μονῆς
2969 4217 3333 4281 προεστῶτος,
3363 4216 3488 4268 ἔνθα
3530 4222 3796 4288 πρότερον
3843 4227 4025 4296 ἔτυχε-δ

2468 4302 2804 4370 ἁσκουμένη,
2837 4304 3091 4364 δέξασθαί
3119 4322 3177 4354 τε
3208 4306 3369 4357 πάλιν
3399 4306 3586 4378 αὐτὴν,
3624 4315 3717 4362 καὶ
3749 4316 3827 4382 τῷ
3861 4316 4027 4385 λῡιπῷ

2457 4388 2564 4440 τῶν
2588 4393 2927 4455 μοναζὸντων
2947 4394 3314 4465 ἐναριθμῆσαι
3332 4400 3571 4468 τάγματι
3596 4406 3903 4471 ’ἀρκοῦσαν
3925 4411 4026 4476 γὰρ

773 4514 986 4570 paruas,
1021 4494 1113 4563 qui
1155 4500 1304 4544 tanto
1337 4499 1579 4556 tempore
1617 4487 1717 4539 fuit
1749 4496 1898 4539 extra
1933 4487 2345 4548 monasterium,

2458 4481 2692 4546 ἔφασκον
2718 4522 2731 4545 ,
2769 4483 2934 4537 ἔδωκε
2966 4486 3139 4556 δίκην,
3173 4490 3522 4544 ἐπιτοσοῦτον
3558 4496 3660 4560 ἔξω
3693 4497 3790 4564 τῆς
3824 4505 4020 4568 μονῆς,

776 4604 831 4649 et
881 4595 934 4645 in
973 4590 1088 4658 ipso
1142 4586 1289 4638 aditu
1352 4591 1494 4635 totos
1560 4588 1769 4648 septem
1831 4592 2004 4630 annos
2061 4579 2340 4645 transegit.

777 4684 1126 4756 Adjiciebant
1181 4687 1387 4737 autem,
1425 4689 1524 4740 per
1558 4672 1798 4726 divinam
1862 4684 2077 4738 quoque
2121 4668 2346 4735 appari-

779 4778 984 4828 tionem
1048 4769 1147 4822 sibi
1214 4767 1408 4818 factam
1481 4777 1602 4814 esse
1664 4761 1845 4820 tidem,
1904 4761 2045 4826 quod
2113 4760 2222 4826 jam
2278 4759 2347 4810 sit

771 4873 1056 4937 peccatum
1086 4857 1371 4913 remissum
1407 4852 1712 4906 Theodoro.
1747 4851 1982 4916 Quorum
2027 4849 2111 4902 ille
2145 4849 2343 4902 cedens

772 4957 1046 5034 precibus,
1100 4952 1304 5003 relaxat
1336 4947 1678 5001 Theodoram
1716 4944 1782 4995 ab
1833 4944 2031 5012 iniusta
2075 4942 2160 4994 illa
2210 4958 2342 4994 eon-

775 5033 1143 5106 demnatione,
1181 5041 1376 5110 jubens
1408 5052 1526 5090 eam
1562 5035 1628 5086 de
1666 5044 1860 5086 caetero
1893 5048 2110 5084 manere
2161 5033 2209 5082 in
2259 5034 2338 5084 in-

774 5143 902 5194 tima
949 5135 1105 5196 cella,
1147 5143 1211 5186 er
1231 5145 1506 5199 nunquam
1547 5127 1824 5198 progredi,
1857 5140 2033 5193 neque
2083 5127 2247 5178 ullum
2290 5125 2334 5180 ei

775 5228 1039 5287 committi
1084 5223 1442 5279 ministerium
1473 5218 1804 5273 monasterii.
1845 5217 1958 5270 Duo
1985 5216 2182 5270 deinde
2214 5217 2339 5267 anni

776 5321 1172 5394 prieterierant,
1223 5330 1284 5366 ex
1335 5327 1442 5380 quo
1496 5326 1559 5364 ea
1593 5311 1672 5364 sic
1731 5309 1934 5379 majore
1986 5307 2339 5361 exercebatur

776 5409 1117 5469 continentia
1153 5417 1206 5459 et
1245 5401 1630 5456 intentioribus
1661 5402 1932 5470 precibus.
1974 5399 2179 5451 Deinde
2215 5413 2335 5449 cum

775 5517 889 5563 orta
921 5511 1063 5557 esset
1111 5497 1349 5557 siccitas,
1403 5503 1455 5550 et
1491 5497 1762 5556 cisterme,
1799 5509 1917 5562 qua:
1949 5501 2103 5545 erant
2144 5492 2195 5542 in
2229 5504 2335 5542 ete-

774 5597 956 5657 nobio,
987 5587 1336 5643 ostenderent
1369 5600 1426 5639 se
1455 5601 1523 5640 ne
1553 5586 1837 5640 minimum
1873 5585 2088 5654 quidem
2132 5584 2333 5636 habere

774 5701 924 5752 aqutc
977 5683 1302 5735 humorem:
1346 5678 1603 5746 quoniam
1661 5687 1715 5732 et
1777 5678 1840 5731 iis
1889 5693 2007 5746 qua:
2067 5679 2333 5739 audierat,

773 5789 831 5834 et
890 5777 955 5830 iis
1009 5786 1125 5842 quae
1188 5772 1303 5839 ipse
1361 5770 1568 5825 viderat
1640 5769 1923 5840 praefectus
1996 5772 2330 5832 monasterii,

2453 4578 2544 4625 καὶ
2589 4579 2718 4645 παρ’
2749 4578 2914 4646 αὐτὴν
2943 4579 3041 4648 τὴν
3079 4580 3280 4633 εἴσοδον
3312 4583 3466 4645 ὅλους
3497 4587 3634 4639 ἑπτὰ
3660 4593 3886 4666 χρόνους
3918 4594 4022 4646 διε-

2449 4667 2754 4731 νεγκοῦσα·
2804 4670 3130 4734 προσέθεντο
3172 4672 3227 4721 δὲ
3272 4675 3365 4722 καὶ
3411 4676 3497 4726 διὰ
3543 4679 3689 4740 Θείας
3725 4684 4021 4749 ἐμφανείας

2455 4756 2668 4818 πίστιν,
2739 4757 2982 4820 ἐκείνους
3055 4757 3257 4824 λαϐεῖν,
3309 4761 3382 4822 ὡς
3450 4765 3547 4833 ἤδη
3610 4773 4018 4840 συγκεχώρηται

2454 4848 2514 4899 τὸ
2577 4849 2875 4919 ἁμάρτημα
2932 4847 3211 4922 Θεοδώρῳ.
3269 4846 3366 4906 ’Ὧν
3439 4858 3530 4910 καὶ
3609 4858 3760 4924 εἴξας
3819 4865 4018 4929 ἐκεῖνος

2449 4948 2516 5014 τῇ
2559 4946 2922 5014 παρακλήσει,
2975 4947 3156 5018 ἀνίησι
3201 4951 3303 5028 τῆς
3344 4954 3531 5007 ἀδίκου
3577 4959 3880 5028 καταδίκης
3927 4966 4018 5029 τὴν

2452 5037 2762 5105 Θεοδώραν,
2797 5039 2870 5100 είς
2911 5040 3189 5094 ἐνδότατον
3223 5043 3431 5094 κελλίον
3462 5045 3522 5097 τὸ
3569 5050 3707 5112 μετὰ
3741 5049 3901 5100 τοῦτο
3936 5070 4014 5102 κει

2444 5130 2647 5190 ,λεῦσας
2682 5132 2860 5196 μένειν
2890 5133 3204 5199 ἀπρόσιτον,
3256 5139 3345 5188 καὶ
3377 5137 3645 5204 μηδεμίαν
3695 5141 3868 5210 αὐτὴν
3911 5144 4018 5196 δια-

2454 5219 2638 5271 κονίαν
2686 5219 2783 5286 τῆς
2847 5223 3011 5288 μονῆς
3071 5224 3494 5293 ἐγχειρίζεσθαί.
3556 5226 3659 5278 Δύο
3716 5230 3774 5280 τὸ
3837 5231 4015 5284 λοιπὸν

2455 5314 2800 5383 παρέδραμον
2870 5315 2996 5383 ἔτη,
3059 5315 3230 5380 οὕτως
3305 5321 3650 5391 ἀσκουμένης
3719 5325 4012 5397 ἐγκρατείᾳ

2455 5407 2682 5473 μείζονι,
2747 5406 2841 5458 καὶ
2906 5409 3329 5478 συντονωτέραις
3391 5412 3615 5480 εὐχαῖς·
3681 5411 3783 5465 εἷθ’
3847 5417 4013 5481 of.qu

2451 5496 2663 5564 αὐχμοῦ
2696 5499 3009 5567 γενομένου,
3042 5500 3136 5552 καὶ
3168 5500 3275 5551 τῶν
3316 5502 3371 5553 ἐν
3400 5503 3475 5572 τῷ
3516 5505 3768 5574 κοινοόίῳ
3801 5507 4010 5560 λάκκων

2451 5587 2571 5637 οὐδὲ
2607 5587 2782 5640 νοτίδα
2812 5590 3014 5657 μικρὰν
3045 5588 3236 5650 ὓδατος
3268 5588 3415 5658 ἔχειν
3450 5593 3860 5660 ὑποφαινὸντων
3897 5599 4008 5648 ἐπεί

2451 5695 2554 5747 περ
2590 5674 2670 5742 οἷς
2697 5696 2754 5731 τε
2780 5681 2997 5750 ἤκουεν,
3026 5675 3106 5744 οἷς
3136 5697 3194 5734 τε
3224 5681 3388 5746 αὐτὸς
3413 5683 3530 5735 ἒὸλε
3545 5701 3638 5735 πεν
3663 5687 3691 5736 6
3724 5688 3820 5754 τῆς
3852 5687 4008 5754 μονῆς

2448 5769 2707 5839 ἀρκηγδς,
2752 5771 2846 5824 τοῦ
2881 5771 3221 5842 χαρίσματος
3265 5771 3527 5841 ἠξιῶσθαι
3580 5775 3689 5829 τῶν
3737 5779 4003 5846 ἰαμάτων,
