4198 6438
192 423 303 486 685

1133 421 1304 483 VITA
1349 424 1410 482 S.
1449 419 1881 483 THEODORIE
1920 424 2514 486 ALEXANDRlN/E.

3342 432 3445 498 686

190 533 296 598 τὴν
335 529 610 600 μακαρίαν
650 527 1106 601 πεπληροφόρητο
1132 573 1145 594 ,
1187 532 1610 601 μεταστέλλεται
1643 528 1767 583 ταύ-

1877 533 2074 588 certior
2109 533 2280 589 factus
2311 547 2422 589 erat
2457 536 2665 591 beatam
2697 552 2816 592 esse
2866 551 3211 597 consecutam
3243 541 3445 600 donum

191 640 318 690 την,
351 623 442 672 καὶ
468 623 543 693 τῷ
565 623 754 692 λάκκῳ
786 624 844 674 τὸ
870 623 1133 693 κεράμιον
1154 624 1397 676 καθεῖναι
1422 626 1772 692 προστάττει,

191 714 288 764 καὶ
341 711 481 780 ὓδωρ
522 716 852 780 ἀνενεγκεῖν.
903 713 966 766 Ἥ
1021 715 1074 765 δὲ
1103 716 1268 766 εἴκειν
1317 712 1564 783 μαθοῦσα
1595 716 1774 782 λόγοις

189 807 447 873 πατέρος,
476 807 643 875 μηδὲν
671 807 1266 877 πολυπραγμονήσασα,
1313 808 1450 876 μηδὲ
1479 808 1774 860 ἀναϐαλλο-

191 896 355 963 μένη,
398 899 624 965 πράττει
670 898 729 949 τὸ
761 897 1047 950 κελευσθέν
1073 914 1086 927 ⁸
1138 899 1230 950 καὶ
1262 900 1420 960 εὐθὺς
1449 899 1638 961 ὓδατος
1673 917 1766 968 με-

193 988 317 1036 me»,
357 989 622 1054 ἀνήνεγκε
666 990 726 1039 τὸ
757 990 1037 1058 κεράμιον,
1075 990 1132 1055 ἐξ
1167 986 1226 1043 οῦ
1256 991 1351 1046 καὶ
1389 993 1435 1043 οξ
1483 992 1630 1045 ἄλλοι
1659 993 1763 1044 τῶν

189 1077 413 1129 λάκκων
443 1081 669 1150 πλήρεις
697 1079 882 1142 ὓδατος
899 1080 1271 1152 καθεωρῶντο.

263 1255 360 1311 lZ'.
425 1259 652 1325 Ὀλίγων
705 1259 760 1311 δὲ
809 1259 1196 1329 παρελθουσῶν
1243 1261 1468 1330 ἡμερῶν
1522 1263 1770 1332 ἀραμένη

188 1352 251 1403 τὸ
277 1353 492 1405 παιδίον
526 1354 610 1405 ἐπ’
634 1354 788 1421 ὂψεσι
822 1353 1031 1404 πολλῶν
1071 1352 1172 1421 ἤδη
1198 1357 1296 1422 τῆς
1334 1354 1568 1423 ἑσπέρας
1600 1371 1767 1406 κατα-

190 1442 486 1507 λαϐούσης,
517 1449 605 1496 καὶ
629 1445 823 1513 ἑαυτὴν
858 1446 1279 1515 ἐγκλεισαμένη,
1314 1439 1400 1497 οἷα
1430 1446 1608 1514 πατὴρ
1633 1445 1769 1512 πρὸς

191 1538 308 1587 υἱον
353 1540 574 1604 γνήσιον
596 1577 610 1601 ,
645 1539 929 1599 νουθεσίας
973 1538 1177 1607 ἤρξατο
1210 1539 1341 1607 πρὸς
1390 1539 1570 1590 αὐτόν.
1602 1538 1769 1590 Τοῦτο

189 1629 248 1679 δὲ
294 1628 452 1694 δῆλον
494 1630 569 1695 τῷ
605 1629 911 1697 προεστῶτι
954 1632 1273 1696 γενόμενον,
1314 1629 1590 1696 ἐκπέμπει
1619 1628 1767 1690 τινὰς

187 1717 298 1768 τῶν
322 1717 563 1784 ἀδελφῶν
586 1719 987 1787 ἀκουσομένους
1015 1718 1404 1787 ἀκριϐέστερον
1427 1717 1533 1769 τῶν
1560 1718 1691 1787 πρὸς
1709 1719 1768 1770 τὸ

189 1807 405 1857 παιδίον
439 1810 727 1876 ῥημάτων,
762 1809 809 1860 οἳ
845 1809 936 1860 καὶ
964 1813 1030 1878 τῇ
1065 1809 1204 1879 θύρα
1242 1811 1337 1877 τὴν
1371 1810 1540 1877 ἀκοὴν
1574 1825 1768 1878 προσε-

191 1897 507 1967 ρείσαντες,
563 1902 654 1950 καὶ
711 1903 800 1951 τὸν
857 1901 979 1952 νοῦν
1035 1903 1448 1962 συντείναντες,
1509 1902 1762 1969 ἐμμελῶς
1796 1883 1837 1940 Β

188 1991 470 2058 ἠκροῶντο
519 1991 626 2040 τῶν
668 1991 996 2058 λεγομένων.
1048 1991 1284 2042 Τοιαῦτα
1327 1991 1383 2041 δὲ
1419 1988 1505 2059 ἦν,
1553 1992 1587 2043 ἆ
1630 1994 1769 2060 μετά

189 2085 556 2153 προσαγωγῆς
609 2087 952 2153 φιλημάτων,
998 2085 1310 2153 ἐπέσκηπτε
1355 2086 1432 2155 τῷ
1478 2086 1668 2138 παιδί·
1712 2088 1767 2139 Ὀ

186 2180 380 2245 χρόνος
411 2177 509 2245 ἤδη
543 2177 640 2246 τῆς
675 2179 811 2246 ὲμῆς
842 2178 985 2246 ζωῆς
1008 2218 1023 2244 ,
1056 2179 1137 2229 υἰέ
1187 2194 1286 2246 μου
1338 2177 1558 2244 φίλτατε
1581 2215 1596 2240 ,
1630 2177 1765 2245 πρὲις

187 2269 364 2336 πέρας
391 2271 517 2339 ὁρᾷ,
557 2270 645 2322 καὶ
678 2273 813 2340 πρὸς
844 2272 931 2322 τὸν
953 2271 1129 2322 ἐκεῖσε
1154 2270 1337 2320 λοιπον
1368 2270 1540 2322 αἰῶνα
1570 2273 1765 2339 χωρεῖν

187 2363 610 2428 κατεπείγομαι.
650 2361 789 2428 Ἐγὼ
817 2362 871 2412 δέ
903 2379 958 2413 σε
990 2363 1064 2432 τῷ
1090 2364 1256 2433 πατρὶ
1280 2363 1386 2414 τῶν
1407 2363 1651 2433 ὀρφανῶν
1675 2364 1766 2416 καὶ

185 2451 307 2519 θεῴ
361 2452 706 2519 παρατίθημι
745 2455 836 2503 καὶ
875 2453 950 2521 τῷ
1003 2456 1174 2524 κυρίῳ
1230 2457 1430 2526 ταύτης
1471 2456 1625 2524 ἡμῶν
1666 2456 1766 2524 τῆς

186 2543 355 2610 μονῆς
385 2557 395 2568 ⁸
433 2542 570 2605 ἕξεις
599 2543 654 2593 δὲ
687 2543 780 2594 καὶ
822 2543 1066 2611 ἀδελφῶν
1100 2546 1341 2596 διάθεσιν
1371 2547 1764 2613 ἀποσώζοντάς

184 2651 268 2686 σοι
298 2635 739 2704 τουςμοναχούς.
774 2636 836 2685 Τί
866 2635 978 2698 οῦν,
1009 2636 1288 2702 εὐγένειαν
1315 2636 1452 2704 τάχα
1476 2637 1757 2706 ζητήσειςς

192 2721 259 2777 Ἥ
285 2726 340 2777 δὲ
387 2729 462 2794 μη
495 2728 714 2779 ἄλλοθεν
758 2727 1082 2797 γνωρίσεταί
1121 2745 1221 2791 σοι,
1273 2727 1447 2796 ἣὸθεν
1488 2730 1519 2796 ὴ
1559 2728 1763 2798 ἀληθὴς

182 2817 438 2885 εὐγένεια
461 2820 868 2886 καταφαίνεται.
895 2819 985 2887 Μὴ
1008 2820 1141 2886 πρὸς
1175 2819 1336 2889 τιμὴν
1369 2819 1564 2892 ἀπίδῃς
1593 2822 1689 2889 τὴν
1709 2819 1765 2882 ἐξ

180 2911 523 2980 ἀνθρώπων·
562 2912 682 2962 οὐδὲ
728 2914 833 2979 γὰρ
879 2911 1014 2980 αὕτη
1053 2914 1355 2981 μακαρίους
1390 2909 1495 2965 οἶδε
1520 2913 1644 2975 τοὺς
1680 2929 1758 2963 τι·

185 3003 476 3071 μιομένους
512 3003 680 3053 ποιεῖν
702 3019 712 3028 ·
749 3003 846 3052 οὐκ
873 3006 1086 3069 ἀγνοεῖς
1120 3004 1226 3071 γὰρ
1260 3005 1340 3054 ὅτι
1365 3003 1455 3054 τοῦ
1491 3005 1546 3054 ἐν
1579 3002 1762 3071 Κυρίῳ

186 3093 543 3161 μακαρισμοῦ
597 3096 644 3144 οἱ
699 3095 756 3146 τὸ
810 3097 866 3159 ἐξ
914 3094 1214 3164 ἀνθρώπιον
1264 3095 1463 3154 ὄνειδος
1519 3097 1612 3145 καὶ
1662 3094 1759 3163 τὴν

1880 626 2289 690 miraculorum,
2321 643 2439 680 eam
2476 629 2726 694 accersit,
2760 641 2811 684 et
2850 632 2900 685 in
2954 640 3246 689 cisternam
3293 638 3447 706 jubet

1878 714 2164 769 demittere
2200 719 2541 784 amphoram,
2597 730 2651 773 et
2699 721 2916 776 haurire
2953 739 3164 797 aquam.
3205 725 3294 778 llla
3346 743 3447 780 au-

1880 814 2009 868 tem,
2064 825 2183 876 quae
2243 811 2508 864 didicerat
2565 813 2757 867 cedere
2820 816 3000 869 verbis
3056 817 3246 880 Patris,
3309 818 3444 870 nihil

1876 897 2094 950 curiose
2145 901 2448 964 inquirens.
2507 917 2605 953 nec
2647 901 2925 966 dill‘erens,
2979 905 3106 957 facit
3147 907 3286 973 quod
3327 906 3444 958 fue-

1874 997 1960 1040 rat
2019 989 2366 1056 imperatum,
2422 1001 2475 1043 et
2522 993 2768 1058 protinus
2821 1008 2959 1061 aqua
3000 997 3214 1062 plenam
3251 996 3444 1049 extulit

1875 1080 2212 1148 amphoram.
2255 1082 2372 1144 Qua
2413 1099 2476 1134 ex
2517 1099 2571 1135 re
2598 1085 2714 1136 aliae
2747 1100 2959 1154 quoque
3016 1088 3273 1139 cisterna:
3309 1102 3440 1140 con-

1875 1185 2073 1241 specta:
2109 1184 2236 1226 sunt
2268 1190 2401 1244 aqua
2434 1177 2624 1243 pleme.

1948 1265 2108 1321 XVII.
2147 1267 2281 1321 Cum
2341 1269 2493 1336 pauci
2553 1279 2735 1322 autem
2779 1271 2896 1324 dies
2943 1271 3348 1339 praeteriissent,
3381 1287 3442 1324 ea

1876 1359 2072 1412 tollens
2105 1360 2366 1413 infantem
2410 1361 2463 1414 in
2509 1371 2805 1429 conspectu
2841 1365 3139 1417 multorum
3180 1381 3300 1418 cum
3329 1367 3442 1434 jam

1874 1461 2018 1504 esset
2069 1465 2317 1520 vespera,
2357 1463 2410 1507 et
2460 1455 2690 1523 seipsam
2747 1454 3051 1517 includens,
3110 1459 3274 1525 cmpit
3320 1473 3441 1510 eum

1873 1542 2149 1594 adhortari
2186 1557 2291 1596 non
2352 1558 2533 1604 secus,
2589 1560 2651 1597 ac
2701 1554 2851 1613 pater
2892 1561 3208 1614 germanum
3251 1547 3439 1599 tilium.

1875 1631 1988 1687 Hoc
2029 1648 2150 1686 cum
2201 1633 2513 1686 rescivisset
2573 1636 2862 1702 praefectus
2897 1637 3234 1702 monasterii,
3284 1639 3443 1690 mittit

1873 1727 2134 1794 quosdam
2177 1742 2239 1778 ex
2277 1725 2537 1778 fratribus
2572 1729 2882 1786 accuratius
2917 1729 3202 1781 audituros
3254 1730 3440 1788 verba,

1875 1831 1993 1882 qua:
2024 1817 2231 1869 diceret
2271 1831 2459 1884 puero.
2502 1814 2601 1878 Qui
2645 1832 2766 1868 cum
2819 1832 3005 1868 aurem
3063 1818 3201 1870 ostio
3257 1819 3443 1871 admoo

1871 1909 2097 1969 vissent,
2154 1917 2208 1962 et
2269 1919 2506 1962 mentem
2572 1889 2872 1977 diligenter.
2911 1911 3305 1976 adhibuissent,
3347 1928 3443 1964 au-

1873 2002 2094 2054 diebant
2152 2016 2212 2053 ea
2273 2017 2393 2068 qua‘,
2448 2001 2784 2056 dicebantur.
2846 2001 2970 2056 lla-c
3024 2013 3204 2055 autem
3267 2014 3442 2067 erant,

1871 2109 1989 2160 quae
2023 2109 2191 2161 puero
2222 2094 2590 2160 praecipiebat,
2634 2109 2756 2145 eum
2801 2090 3121 2146 deosculans
3154 2113 3164 2145 :
3202 2094 3442 2162 Tempus

1871 2187 1993 2236 vitae
2051 2199 2202 2244 mea),
2267 2184 2336 2234 tili
2396 2185 2468 2235 mi
2527 2184 2866 2244 charissime,
2922 2185 3031 2253 jam
3111 2192 3318 2253 spectat
3375 2187 3440 2238 ad

1871 2275 2054 2338 finem,
2096 2284 2147 2328 et
2175 2274 2240 2327 de
2271 2283 2468 2326 caetero
2519 2272 2719 2328 festino
2751 2275 2826 2328 ire
2861 2276 2924 2328 ad
2979 2277 3258 2338 Siet-tilum,
3300 2278 3442 2344 quod

1870 2365 1978 2422 illic
2028 2377 2132 2420 est.
2173 2364 2282 2434 Ego
2326 2371 2506 2418 autem
2564 2375 2613 2418 te
2649 2366 2781 2432 patri
2822 2369 3211 2434 orphanorum,
3245 2378 3297 2422 ct
3333 2368 3444 2423 Deo

1873 2457 2220 2520 commendo,
2279 2464 2330 2508 et
2367 2455 2589 2507 domino
2645 2456 2804 2523 hujus
2891 2457 3063 2508 nostri
3102 2459 3438 2510 monasterii.

1869 2548 2108 2604 Habebis
2147 2559 2328 2601 autem
2387 2547 2687 2600 monachos
2736 2561 2949 2615 quoque
3004 2547 3094 2616 qui
3151 2548 3202 2600 in
3237 2559 3286 2602 te
3326 2564 3440 2602 ser-

1866 2640 2076 2693 vabunt
2128 2640 2356 2691 fratrum
2415 2638 2778 2690 aﬂ'ectionem.
2818 2639 2958 2702 Quid
3011 2641 3185 2706 ergo?
3221 2639 3442 2703 Quzeres

1866 2734 2100 2786 fortasse
2153 2732 2491 2785 nobilitatem
2515 2732 2534 2781 '?
2565 2730 2653 2783 llla
2695 2740 2875 2782 autem
2913 2745 3020 2783 non
3070 2731 3288 2784 aliunde
3345 2733 3440 2784 tibi

1867 2835 2242 2892 cognoscatur,
2271 2839 2432 2893 quam
2478 2823 2618 2876 unde
2644 2836 2767 2875 vera
2807 2834 3029 2891 apparet
3055 2823 3328 2876 nobilitas.
3367 2823 3444 2877 Ne

1867 2918 2144 2987 aspexeris
2171 2918 2234 2970 ad
2264 2918 2521 2970 honorem
2550 2917 2845 2969 hominum.
2877 2915 3060 2982 Neque
3087 2917 3226 2967 enim
3257 2917 3299 2968 is
3324 2931 3442 2982 eos,

1867 3011 1957 3078 qui
1996 3013 2545 3077 bonorantur,potest
2581 3007 2767 3060 beatos
2817 3004 3049 3060 efficere.
3105 3003 3209 3060 Sed
3263 3022 3438 3076 neque

1866 3095 2224 3162 ignoraveris,
2268 3097 2414 3164 quod
2460 3112 2576 3150 eam
2620 3112 2739 3162 qua:
2792 3106 2874 3149 est
2914 3097 2965 3148 in
3000 3093 3251 3155 Domino,
3307 3097 3440 3150 beri-

179 3186 412 3252 ἀτιμίαν
462 3187 552 3236 καὶ
596 3186 663 3236 τὰ
705 3187 912 3254 ψευδῶς
956 3186 1133 3238 αὐτῶν
1192 3185 1757 3254 καταμαρτυροῦμενα

1873 3186 2157 3240 titudinem
2195 3187 2268 3238 illi
2334 3187 2504 3253 magis
2539 3193 2974 3252 consequuntur,
3025 3187 3113 3254 qui
3155 3188 3433 3242 hominum

181 3278 464 3347 φέροντες,
500 3282 696 3332 ἐκεῖνοι
733 3280 929 3349 μᾶλλόν
959 3282 1095 3331 εξσ;ν
1127 3279 1175 3330 οἱ
1201 3280 1578 3346 τυγχάνοντες.
1611 3281 1670 3330 Ι·Σί
1700 3280 1756 3331 δέ

180 3386 265 3430 τις
309 3371 572 3439 ἐπιθυμία
610 3372 762 3442 φέρει
802 3387 859 3422 σε
894 3370 1024 3439 πρὸς
1063 3368 1241 3432 τοῦτο,
1264 3371 1322 3421 τὸ
1351 3372 1515 3438 τιμῆς
1542 3371 1758 3431 παντως

180 3462 488 3527 ἀξιοῦσθαι,
515 3464 574 3514 τὸ
598 3466 758 3532 τιμᾷν
792 3463 1000 3528 πρῶτος
1041 3461 1352 3530 ἁγάπησον,
1397 3461 1562 3512 ὕπνον
1596 3460 1758 3530 μίση-

182 3572 297 3608 σον.
339 3555 408 3605 Τὸ
451 3556 681 3621 σκληρὸν
710 3555 954 3618 ἄσπασαι
983 3557 1082 3620 τῆς
1121 3554 1351 3618 διαίτης,
1398 3553 1471 3620 τῷ
1532 3551 1758 3620 μαλακῷ

181 3646 451 3708 ἀπὸταξαι
481 3647 571 3698 τοῦ
600 3646 916 3716 ἐνδύματος,
953 3645 1058 3696 τῶν
1090 3643 1335 3713 συνήθων
1385 3643 1756 3713 εὐχῶν-μηδέ-

181 3755 317 3791 .ποτε
350 3737 820 3814 κατολιγωρήσῃς,
1025 3736 1130 3790 τῶν
1162 3739 1270 3799 τοῖς
1292 3736 1540 3804 ἀδελφοῖς
1565 3738 1756 3788 ἀποτε-

181 3831 436 3896 ταμένων
490 3832 791 3894 συνάξειυν’
831 3831 1025 3899 ὄρθρου
1059 3829 1201 3897 φημὶ
1241 3832 1332 3879 καὶ
1368 3830 1553 3896 τρίτης
1583 3829 1747 3893 ἕκτης

184 3939 242 3974 τε
278 3924 372 3974 καὶ
396 3923 624 3992 ἐνάτης,
656 3921 874 3973 καὶτῶν
907 3919 1235 3987 ἑσπερινῶν·
1267 3918 1400 3970 ἀλλά
1435 3919 1526 3968 καὶ
1551 3917 1754 3987 τροφῆς

187 4013 621 4083 μεταλαμϐάνων
656 4010 922 4082 μνήσθητι
963 4014 1052 4061 καὶ
1082 4011 1267 4082 ἐτέρου
1302 4010 1623 4075 πεινῶντος,
1659 4013 1755 4063 καὶ

180 4105 360 4169 τούτῳ
406 4106 465 4156 τὸ
516 4105 596 4155 σοὶ
650 4103 967 4172 περιττεῦον
1021 4103 1372 4173 θησαύρισον.
1433 4103 1754 4172 Ἀλλοτρίων

181 4197 447 4265 ἀπὸσχου,
482 4197 806 4264 κατηγορεῖν
833 4193 1082 4262 ἀίελφοῦ,
1111 4194 1246 4264 μηδὲ
1277 4196 1416 4247 κατά
1440 4195 1560 4246 νοῦν
1586 4195 1752 4265 λάϐῃς

182 4287 353 4339 ποτέ·
432 4289 821 4356 ἐρωτώμενος,
889 4287 1057 4337 νεύων
1124 4288 1202 4348 εἰς
1263 4287 1364 4354 γῆν
1434 4287 1748 4352 ἀπόκριναι.

181 4381 393 4446 Πτῶμα
418 4381 491 4448 μὴ
521 4381 755 4448 γελάσῃς
783 4379 992 4446 ἑτέρου,
1019 4378 1306 4448 θρήνησον,
1348 4379 1433 4430 ἵνα
1471 4378 1750 4446 παρακλη-

183 4472 284 4539 θῇς
312 4487 325 4500 ·
359 4472 543 4533 κακῶς
571 4468 821 4540 βιοῦντας
852 4470 1064 4522 ἀκούων
1095 4471 1244 4532 τινάς
1276 4469 1414 4540 ὑπὲρ
1452 4469 1627 4521 αὐτῶν
1656 4468 1746 4520 εῦ-

1869 3280 2050 3333 ferunt
2112 3279 2304 3347 probra
2336 3286 2390 3331 et
2448 3277 2826 3338 contumelias,
2877 3285 2932 3330 et
2989 3275 3141 3339 falsa,
3204 3293 3322 3345 qua:
3383 3277 3438 3330 in

1867 3372 2013 3439 ipsos
2074 3370 2350 3434 feruntur,
2429 3370 2756 3422 testimonia.
2815 3369 2867 3421 Si
2943 3368 3178 3422 tenearis
3258 3380 3438 3420 autem

1867 3462 2048 3529 aliquo
2078 3461 2350 3514 desiderio
2383 3461 2607 3512 omnino
2648 3459 2975 3526 assequendi
3033 3459 3276 3520 honoris,
3321 3459 3438 3527 ipso

1868 3554 2101 3620 primum
2160 3551 2321 3621 dilige
2374 3551 2638 3603 honorem
2687 3549 2966 3603 exhibere.
3010 3548 3270 3601 Somnum
3311 3549 3438 3602 odio

1867 3642 2027 3697 habe.
2072 3643 2269 3696 Duram
2319 3654 2372 3697 et
2435 3654 2676 3712 asperam
2730 3642 2945 3695 vivendi
3003 3641 3265 3694 rationem
3321 3656 3438 3693 am-

1865 3736 2124 3806 plectere.
2164 3736 2433 3788 l'tenuntia
2492 3735 2746 3787 mollibus
2780 3733 3132 3785 vestimentis.
3191 3733 3434 3786 Consue-

1871 3839 1955 3880 tas
2014 3842 2202 3896 preces
2283 3841 2560 3893 nunquam
2631 3826 2954 3892 neglexeris,
3014 3840 3192 3894 neque
3253 3825 3433 3883 horas,

1863 3933 1982 3987 qua:
2036 3929 2161 3971 sunt
2211 3918 2519 3970 constituta
2564 3912 2820 3969 fratribus
2857 3915 2919 3967 ad
2964 3915 3431 3974 conveniendum.

1864 4012 2156 4074 Matutinm,
2196 4011 2436 4078 inquam,
2493 4010 2706 4069 Tertia',
2766 4007 2962 4069 Sexta),
3018 4018 3071 4060 et
3132 4005 3316 4066 Nonae,
3382 4016 3434 4059 et

1866 4103 2251 4172 Vesper-arum.
2291 4103 2515 4156 Abstine
2551 4102 2618 4153 ab
2670 4101 2882 4155 alienis.
2935 4103 3204 4152 Accusare
3242 4098 3435 4151 fratres

1863 4211 1931 4249 ne
1984 4196 2075 4247 tibi
2115 4197 2334 4260 quidem
2385 4194 2568 4247 veniat
2627 4193 2679 4245 in
2746 4203 3002 4244 mentem.
3065 4191 3434 4257 Interrogatus

1862 4288 2151 4356 responde,
2210 4287 2502 4353 respiciens
2574 4285 2627 4336 iu
2687 4295 2906 4337 terram.
2967 4282 3206 4336 Alterius
3249 4295 3430 4334 casum

1864 4393 1932 4432 ne
1974 4376 2228 4431 lrriseris.
2267 4375 2435 4446 Luge,
2470 4382 2529 4429 ut
2579 4375 3011 4429 consolationem
3051 4372 3426 4441 consequaris.

1861 4471 2084 4539 Aliquos
2138 4471 2366 4523 audiens
2404 4470 2542 4523 male
2599 4469 2865 4529 viventes,
2926 4480 2993 4519 ne
3049 4466 3286 4532 negligas
3340 4476 3434 4532 pro

182 4561 376 4627 χεσθαι
406 4563 479 4630 μὴ
503 4561 693 4629 ἀμέλει
758 4562 818 4611 τὸ
849 4563 986 4628 πρὸς
1018 4560 1375 4621 ἀσθενοῦντας
1406 4562 1646 4622 ἀπιέναι,
1682 4561 1754 4630 μὴ

1862 4563 1939 4617 eis
1981 4562 2212 4630 precari.
2268 4556 2349 4614 Ire
2383 4562 2448 4614 ad
2484 4576 2599 4624 eos,
2632 4561 2722 4629 qui
2782 4569 2909 4612 sunt
2960 4556 3182 4620 infirmi,
3237 4571 3306 4608 ne
3347 4572 3431 4610 τρο

183 4651 489 4723 παραιτοῦ,
531 4653 626 4703 καὶ⁸
677 4651 966 4702 συνελόντα
1011 4651 1211 4717 φάναι,
1262 4652 1458 4712 παντὸς
1491 4651 1753 4704 ἐκκλίνων

182 4740 382 4804 κακοῦ,
420 4743 620 4812 ἀρετῆς
654 4741 833 4810 πάσης
866 4741 1244 4811 ἀντιποιήθητι
1271 4757 1284 4769 ·
1319 4741 1605 4793 δούλευσον
1641 4744 1753 4803 τοῖς

186 4834 440 4902 ἀδελφοῖς
475 4835 547 4896 ῶς
582 4834 869 4897 δεσπόταις
914 4835 998 4887 ἵνα
1033 4832 1269 4902 Χριστοῦ
1317 4833 1465 4900 φίλος
1499 4833 1630 4902 γένῃ
1664 4833 1750 4883 τοῦ

183 4927 274 4979 διὰ
324 4926 381 4980 σὲ
420 4927 633 4996 μορφὴν
675 4926 860 4977 δούλου
893 4925 1277 4995 ἑνδυσαμένου.
1325 4924 1468 4993 BDx-'1;
1500 4925 1636 4976 ἔστω
1672 4940 1753 4976 σοι

185 5019 462 5089 διηνεκὴς,
490 5021 780 5089 πειρασμῷ
813 5019 887 5089 μὴ
919 5023 1235 5088 περιπεσεῖν
1262 5033 1274 5046 '
1307 5021 1354 5070 tl
1382 5020 1436 5071 δὲ
1472 5022 1564 5070 καὶ
1597 5035 1751 5087 περι-

185 5114 398 5174 πέσοις,
450 5113 712 5179 γενναίως
764 5111 1067 5180 ἀντίστηθι,
1117 5115 1208 5164 καὶ
1258 5111 1420 5165 πάλιν
1477 5111 1617 5163 ὣστε
1681 5111 1755 5180 μὴ

184 5204 392 5257 ἁλῶναι
437 5203 759 5274 προσεύχου.
817 5203 1004 5266 Οὕτως
1058 5201 1335 5271 βιοτεύων,
1366 5203 1640 5270 ἀγαπητὲ,
1692 5203 1752 5252 οὑ

191 5298 410 5367 μακρὰν
469 5298 609 5361 ἕξεις
663 5298 752 5348 τὸν
806 5295 1128 5365 βοηθοῦντα,
1189 5298 1280 5347 καὶ
1353 5294 1615 5365 ὀρέγοντά
1673 5310 1752 5344 σοι

187 5390 581 5460 πολεμουμένῳ
649 5391 747 5462 τὴν
810 5390 1010 5458 δεξιάν.
1062 5390 1302 5444 Τοιαῦτα
1363 5389 1745 5460 παραινέσασα

185 5481 266 5549 τῷ
317 5483 465 5534 παιδὶ
511 5484 628 5543 ταῖς
681 5486 864 5552 χερσὶν
913 5482 1080 5552 ἡδέως
1127 5482 1187 5532 τὸ
1227 5481 1441 5549 πνεῦμα
1490 5478 1755 5546 παρέθετο

184 5572 280 5626 τοῦ
317 5573 471 5628 θεοῦ.

262 5666 366 5719 1Η’.
402 5668 510 5721 Καὶ
542 5669 598 5722 τὸ
633 5668 730 5738 μὲν
761 5669 971 5721 παιδίον
1020 5668 1238 5737 ορὴνοις
1266 5663 1610 5737 παραχρῆμα
1636 5663 1758 5717 ἑκό-

184 5777 375 5824 πτετο,
418 5762 511 5812 καὶ
545 5764 572 5812 ὁ
615 5761 854 5823 οίκίσκος
901 5759 1026 5830 βοῆς
1091 5761 1392 5831 ἐπληροῦτο
1418 5772 1430 5786 ·
1486 5759 1552 5810 τὰ
1593 5759 1756 5810 ἀκου-

182 5855 378 5910 σθέντα
424 5852 480 5906 δὴ
528 5853 686 5916 εὐθὺς
736 5855 783 5907 oi
837 5856 971 5924 πρὸς
1026 5852 1178 5904 τοῦτο
1232 5849 1599 5918 πεμφθέντες,
1657 5849 1732 5917 τῷ

1858 4671 2035 4711 cuses.
2072 4653 2136 4708 Et
2170 4664 2226 4708 ut
2258 4654 2421 4707 semel
2459 4654 2654 4711 dit-am.
2694 4665 2857 4702 omne
2896 4650 3093 4699 Malum
3129 4647 3431 4704 declinans.

1855 4749 2070 4802 vindica
2131 4747 2225 4800 tibi
2286 4749 2584 4799 virtutem:
2635 4744 2778 4796 servi
2836 4739 3112 4800 fratribus,
3174 4746 3431 4806 tanquam

1856 4835 2110 4897 dominis,
2155 4842 2215 4887 ut
2271 4835 2469 4887 evadas
2528 4833 2732 4886 Christi
2791 4833 3020 4892 amicus,
3090 4832 3179 4897 qui
3233 4844 3327 4896 pro
3383 4837 3430 4881 te

1857 4925 1996 4978 servi
2053 4924 2280 4977 formam
2329 4922 2527 4975 induit.
2565 4922 2797 4975 Assidue
2842 4934 3083 4988 precare,
3123 4934 3189 4970 ne
3228 4920 3430 4970 incidas

1859 5015 1914 5068 in
1975 5017 2351 5067 tentationem.
2437 5013 2599 5077 Quod
2660 5012 2702 5065 si
2767 5012 3042 5072 incideris,
3103 5011 3150 5062 ci
3222 5009 3436 5062 fortiter

1858 5108 2090 5169 resiste;
2139 5115 2194 5160 et
2252 5120 2443 5159 rursus
2483 5119 2726 5174 precare,
2768 5118 2835 5156 ne
2895 5102 3187 5170 superet-is.
3248 5099 3302 5152 Si
3356 5104 3432 5151 sic

1859 5201 2031 5262 vivas,
2066 5213 2098 5251 ο
2139 5198 2356 5260 dilecte,
2395 5211 2503 5250 non
2549 5195 2734 5265 procul
2769 5193 2966 5258 aberit,
3003 5193 3093 5262 qui
3129 5193 3220 5244 tibi
3272 5205 3428 5258 Opem

1860 5291 2018 5354 ferat,
2078 5298 2130 5343 et
2163 5290 2252 5357 qui
2309 5285 2448 5342 bello
2520 5288 2761 5356 appetito
2823 5286 2917 5339 tibi
2947 5285 3017 5338 sit
3079 5291 3430 5354 porrecturus

1861 5384 2165 5436 dexteram.
2211 5379 2344 5435 Cum
2405 5383 2519 5435 haec
2550 5383 2811 5434 suasisset
2846 5392 3036 5449 puero,
3091 5378 3328 5446 jucunde
3377 5377 3428 5430 in

1861 5475 1951 5529 Dei
1995 5489 2185 5527 manus
2222 5474 2441 5528 tradidit
2474 5473 2745 5544 Spiritum.

1934 5664 2113 5720 XVlll.
2154 5666 2220 5720 Et
2262 5681 2395 5734 puer
2427 5666 2643 5735 quidem
2682 5665 2864 5720 statim
2896 5665 3137 5736 lugebat,
3182 5674 3238 5718 et
3279 5665 3422 5734 plan-

1863 5758 2040 5827 gebat,
2079 5767 2134 5811 et
2155 5757 2542 5812 vociferatione
2576 5757 2733 5826 plena
2769 5765 2882 5810 erat
2918 5757 3266 5809 domuncula.
3302 5755 3426 5818 Qua

1860 5850 2150 5909 audierant
2207 5861 2386 5906 autem
2449 5851 2481 5904 ii
2542 5853 2634 5921 qui
2685 5850 2748 5904 ad
2813 5849 2914 5904 hoc
2989 5850 3139 5905 missi
3192 5849 3422 5907 fuerant.
