4198 6438
221 406 330 479 69'!

1250 395 1709 462 MARTYRIUM
1750 397 1810 459 S.
1849 397 2142 461 NICETIE
2183 401 2441 462 GOTIIL

3366 398 3475 463 698

219 521 384 580 αὐτὸς
419 514 720 589 gemmam,
751 515 1009 588 αὐτόχειρ
1054 516 1263 586 γίνεται
1299 515 1395 570 τοῦ
1454 515 1793 586 θηράματος.

1910 527 2022 570 rant
2056 516 2318 586 reliquiae,
2344 517 2580 585 leporem
2608 532 2737 573 arcu
2796 517 3023 581 feriens,
3077 516 3314 586 praedam
3376 530 3475 569 sua

223 607 359 663 Εἶτα
397 613 490 663 καὶ
534 610 670 664 ἄλλα
727 608 836 663 τῶν
896 609 1051 673 ζώων
1088 608 1383 681 θηρεύσας,
1413 610 1679 671 ἐπάνεισι,
1704 608 1799 661 καὶ

220 703 367 769 ὀρῶν
416 701 483 755 δι’
541 701 751 772 ὀνείρου
785 701 877 753 τὸν
935 701 1189 771 μάρτυρα
1238 701 1683 770 προτρεπόμενον
1741 701 1800 752 ὲν

220 792 303 861 τῷ
341 792 492 861 τόπῳ
534 785 687 860 ᾧπερ
737 792 896 862 ἔτυχε
935 794 1025 844 τὸν
1072 792 1255 859 λαγὼν
1306 791 1571 863 Θηράσας,
1597 790 1801 861 σκηνὴν

228 885 369 954 πρὶς
396 884 610 952 οἴκησιν
635 885 931 951 πήξασθαι,
963 886 1189 936 κάκεῖσε
1215 883 1493 953 διαμένειν
1524 885 1589 936 ὲκ
1619 883 1799 950 γειτόο

221 992 329 1027 νων
356 974 649 1043 abuit/[‘06
687 975 743 1027 δὲ
777 978 971 1028 (ii-nov
1002 975 1061 1027 τδ
1100 975 1528 1044 διατεταγμένον
1568 973 1801 1027 ἀνύσαν-

223 1080 339 1125 τος.
368 1065 505 1133 μετά
528 1081 676 1125 τινας
702 1066 926 1133 χρόνους
961 1066 1372 1133 ἐμφανέστερον
1404 1066 1431 1116 ὁ
1470 1064 1801 1134 ίερομάρτυς

224 1155 535 1219 ἐφίσταται,
565 1154 659 1207 καὶ
696 1156 841 1217 ὅστις
871 1155 958 1222 εἴη
989 1154 1249 1219 διδάσκει,
1278 1157 1373 1208 καὶ
1403 1156 1486 1206 ὅτι
1532 1156 1630 1224 τῆς
1666 1172 1803 1223 σκη-

224 1245 327 1313 νῆς
355 1245 516 1298 αὑτοῦ
557 1245 801 1298 κάτωθεν
843 1245 904 1297 τὸ
932 1246 1077 1315 ἱερὸν
1122 1248 1332 1299 ἐκείνου
1371 1245 1803 1317 τεῦησανρὶσθαι

226 1336 502 1404 λείψανον.
538 1336 595 1388 Ὀ
622 1336 675 1387 δὲ
712 1337 1077 1406 στρατιώτης,
1097 1339 1199 1392 οὐκ
1256 1340 1537 1393 ἀκίνδυνον
1589 1339 1801 1409 ἡγησά-

228 1444 392 1495 μενος
436 1427 543 1479 τῶν
584 1427 768 1479 θεόθεν
824 1428 976 1498 αὑτῴ
1030 1431 1376 1499 μηνυθέντων
1420 1432 1519 1501 τὴν
1568 1433 1800 1502 σιωπὴν,

224 1517 366 1585 δῆλα
404 1519 581 1573 ταῦτα
624 1520 700 1588 τῷ
744 1516 1088 1590 βασιλεύοντι
1150 1523 1407 1594 καθιστᾷ.
1452 1523 1803 1586 ’Λναστοὶσιος

224 1609 282 1661 δὲ
321 1602 476 1672 οὗτος
504 1607 594 1680 ἦν,
616 1611 675 1675 ὃς
720 1614 965 1665 εὐσεϐεῖν
998 1614 1097 1683 μὲν
1120 1614 1376 1685 καθάρῶς
1399 1616 1499 1669 οὐκ
1525 1616 1799 1679 ἑὸούλετο,

227 1701 295 1752 τὰ
333 1700 394 1752 δὲ
426 1702 535 1753 τῶν
567 1705 808 1757 εὐσεϐῶν
838 1706 1098 1768 πολλάκις
1145 1708 1595 1779 ὑποκρινόμενος,
1614 1712 1713 1779 τὴν
1745 1711 1803 1775 ἐξ

225 1792 530 1863 ἀνθρώπων
592 1796 806 1849 εὔνοιαν
854 1798 1111 1867 ἐθηρᾶτο.
1174 1800 1267 1852 Διὸ
1324 1802 1803 1865 κατασκευάζεται

228 1884 327 1953 μὲν
361 1886 491 1956 παρ’
523 1886 733 1939 ἐκείνου
765 1889 793 1941 ὁ
823 1891 917 1942 νῦν
948 1889 1198 1960 ἑστηκὼς
1257 1892 1552 1962 εὺκτήριος
1606 1890 1762 1956 οἶκος
1785 1910 1800 1924 ·

226 1980 596 2043 ὲγκαινίζεται
625 1981 679 2033 δὲ
714 1984 868 2051 παρὰ
901 1981 997 2035 τοῦ
1032 1981 1151 2053 μετ’
1180 1983 1341 2037 αὐτὸν
1391 1984 1490 2055 τὴν
1524 1984 1804 2054 βασιλείαν

230 2071 527 2139 ἰθύνοντος,
586 2073 869 2127 Ἰουστίνου
918 2073 982 2146 δὴ
1036 2076 1131 2129 τοῦ
1189 2076 1566 2145 φιλευσεεοῦς·
1600 2077 1657 2139 ὃς
1710 2078 1806 2130 καὶ

227 2164 403 2215 είσαεὶ
432 2164 698 2231 διαμένει,
722 2166 935 2221 πολλῶν
968 2166 1275 2236 ἀνθρώποις
1309 2168 1499 2222 κακῶν
1521 2168 1808 2239 ἐλευθερία

226 2256 527 2325 ⁸ενινόμωρος.
573 2257 662 2310 Ἐν
689 2258 1033 2330 τούτοιςνμὲν
1061 2256 1154 2314 οὖν
1195 2261 1259 2315 τὰ
1292 2263 1435 2316 κατὰ
1487 2262 1578 2315 τὸν
1636 2262 1807 2331 μέγαν

225 2346 536 2415 Αὐτόνομον
566 2349 907 2419 διηγήματα.

300 2439 391 2505 ς’.
423 2439 566 2506 Ἐγὼ
590 2441 667 2507 δὲ,
696 2443 934 2496 νικῶντα
966 2444 1057 2495 τὸν
1089 2444 1331 2513 ἀθλητὴν
1355 2444 1498 2513 δρῶν
1522 2445 1621 2514 τὴν
1649 2444 1809 2515 φύσιν

227 2532 322 2584 καὶ
362 2534 500 2601 μετὰ
538 2534 766 2587 Θάνατον
818 2536 954 2606 πρὸς
1006 2536 1315 2604 δοξολογίαν
1361 2537 1494 2589 Θεοῦ
1532 2537 1809 2591 διανίστα-

231 2640 350 2691 μαι.
392 2622 697 2679 Ἐπιδαλὼν
723 2627 831 2696 γὰρ
877 2628 997 2681 τότε
1029 2632 1126 2692 τὰς
1167 2629 1319 2699 ὂψεις
1366 2629 1443 2700 τῷ
1499 2630 1656 2701 τάφῳ
1712 2629 1806 2683 τοῦ

231 2717 603 2787 μάρτυρος,τὸ
632 2720 776 2787 ἱερὸν
808 2722 970 2774 αὐτοῦ
1008 2724 1205 2791 σκῆνος
1257 2723 1594 2793 ἐθεασάμην,
1622 2725 1716 2776 καὶ
1741 2718 1808 2793 ἦν

230 2808 497 2876 ἀήττητον
524 2810 627 2861 ὑπὸ
653 2827 714 2877 γε
744 2812 841 2881 τῆς
868 2813 1049 2883 ίσχύος
1072 2814 1163 2865 τοῦ
1192 2815 1425 2866 θανάτου
1456 2816 1764 2884 μεμενηκός
1791 2833 1807 2849 ⁸

228 2899 257 2947 ὁ
291 2898 402 2963 γὰρ
453 2902 637 2950 πᾶσαν
690 2901 782 2952 τοῦ
849 2902 990 2964 ζώου
1050 2906 1151 2972 τὴν
1214 2904 1489 2973 σύμπηξιν
1524 2907 1810 2978 τριημέρῳ

227 2988 559 3057 διαστήματι
594 2990 743 3043 λύειν
778 2992 962 3060 αὐχῶν
998 2994 1173 3047 ἐτεσιν
1200 2996 1300 3067 ἥδη
1320 2996 1617 3061 διακοσίοις
1644 3001 1809 3069 τρίχα

227 3079 325 3130 τοῦ
356 3081 604 3146 γενναίου
636 3082 949 3154 διαφθεῖραι
982 3088 1081 3139 ούκ
1109 3090 1351 3158 ἴσχυσεν⁸
1375 3092 1490 3145 ἀλλ’
1517 3093 1551 3162 ἦ
1582 3110 1638 3146 τε
1664 3094 1808 3161 κόμη

1902 623 2066 661 manu
2092 610 2312 665 occidit.
2350 612 2550 667 Deinde
2584 627 2705 667 cum
2746 612 2910 666 etiam
2936 609 3039 664 alia
3080 621 3305 664 venatus
3331 615 3478 662 esset

1898 701 2175 763 animalia.
2208 706 2519 765 revertitur.
2553 714 2607 759 et
2641 706 2697 758 in
2735 703 2943 758 somnis
2992 701 3141 757 videt
3181 709 3472 769 martyrem

1902 789 1949 843 ei
1978 792 2408 859 praecipientem,
2436 804 2495 848 ut
2522 796 2575 847 in
2596 794 2712 848 loco
2734 795 2785 846 in
2804 808 2912 862 quo
2931 801 3046 845 erat
3066 802 3298 845 venatus
3320 791 3472 858 lepo-

1905 898 2045 946 rem,
2082 885 2491 940 tabernaculum
2533 888 2723 957 ﬁgeret
2754 886 2819 939 ad
2846 884 3229 947 habitandum,
3261 891 3315 936 et
3346 896 3476 949 per-

1906 987 2151 1029 maneret
2182 976 2290 1030 illic
2319 979 2366 1030 ei
2402 977 2638 1031 vicinus.
2663 979 2801 1030 Cum
2828 977 2873 1030 is
2918 986 3100 1029 autem
3135 976 3249 1029 cito
3291 971 3475 1042 peric-

1904 1064 2068 1119 cisset
2097 1065 2171 1129 id,
2200 1066 2345 1136 quod
2366 1067 2555 1135 jussus
2585 1068 2783 1125 fuerat.
2850 1072 2971 1135 post
2992 1066 3194 1134 aliquot
3224 1078 3400 1117 annos
3424 1061 3474 1115 ei

1904 1167 2106 1228 martyr
2136 1173 2363 1227 apparet
2397 1159 2727 1223 evidentius,
2770 1167 2826 1212 et
2867 1160 3048 1215 docet.
3111 1157 3357 1225 quisnam
3386 1156 3475 1213 sit,

1905 1263 1960 1305 et
1991 1251 2132 1320 quod
2162 1254 2262 1305 sub
2295 1252 2437 1305 illius
2468 1251 2821 1305 tabernaculo
2850 1250 3085 1304 conditae
3116 1257 3246 1301 sunt
3308 1260 3477 1299 sacrm

1904 1358 2015 1397 suae
2040 1344 2301 1412 reliquias.
2326 1343 2477 1398 Miles
2512 1358 2644 1397 vero
2686 1359 2790 1396 non
2813 1358 2934 1397 esse
2966 1357 2992 1391 a
3019 1340 3267 1410 periculo
3300 1351 3480 1391 remo-

1906 1446 2019 1490 tum
2056 1438 2346 1491 arbitratus
2379 1452 2590 1498 eorum,
2616 1452 2739 1504 qure
2794 1437 2898 1491 sibi
2952 1433 3218 1489 divinitus
3261 1428 3477 1499 signiﬁ-

1905 1540 2025 1581 cata
2061 1528 2300 1589 fuerant.
2336 1530 2639 1591 silentium,
2674 1529 2787 1582 hth
2810 1529 2986 1597 aperit
3022 1522 3335 1594 imperatori
3379 1537 3393 1584 ;
3430 1520 3478 1573 is

1904 1627 2087 1672 autem
2130 1622 2607 1682 eratAnastasius,
2672 1620 2763 1689 qui
2804 1618 3023 1672 nolebat
3076 1617 3293 1685 quidem
3345 1626 3480 1681 pure

1905 1724 1969 1766 ac
1992 1708 2205 1765 sincere
2248 1724 2369 1764 esse
2397 1712 2517 1779 pius
2552 1712 2844 1779 :pietatem
2880 1719 3061 1763 autem
3110 1723 3254 1775 saepe
3308 1706 3482 1758 situm-

1908 1800 2044 1864 lans,
2073 1804 2325 1869 captabat
2376 1804 2658 1860 hominum
2704 1801 3161 1856 benevolentiam.
3198 1796 3480 1862 Quamob-

1907 1908 2021 1946 rem
2053 1894 2120 1947 ab
2152 1895 2243 1949 illo
2280 1895 2497 1963 quidem
2543 1897 2901 1960 construitur,
2974 1908 3094 1963 quae
3152 1906 3299 1945 nunc
3375 1897 3482 1950 est,

1905 1985 2047 2038 aedes
2074 1988 2657 2051 oratoria;dcdicatur
2690 1998 2871 2043 aulem
2928 1988 2995 2041 ab
3048 2001 3133 2049 eo,
3203 1983 3295 2053 qui
3362 1991 3486 2050 post

1909 2077 2084 2146 ipsum
2117 2080 2329 2133 obtinet
2375 2081 2685 2150 imperium,
2760 2082 2867 2150 pio,
2918 2081 3165 2147 inquam,
3240 2075 3481 2129 Iustino.

1908 2171 2036 2237 Qua?
2066 2186 2211 2225 nunc
2233 2187 2453 2241 quoque
2486 2183 2792 2244 permanet,
2848 2181 2901 2226 el.
2953 2171 3007 2224 in
3069 2184 3131 2223 ea
3178 2168 3484 2221 liberantur

1909 2264 2163 2322 homines
2190 2279 2217 2317 a
2257 2265 2441 2318 multis
2464 2268 2642 2319 malis.
2696 2267 2878 2333 Atque
2908 2264 3024 2317 haec
3050 2260 3268 2331 quidem
3332 2265 3482 2321 sunt,

1909 2372 2028 2439 qua:
2052 2358 2119 2410 de
2144 2372 2339 2426 magno
2365 2367 2661 2415 narrantur
2676 2357 3009 2410 Autunomo.

1988 2446 2076 2504 γι.
2116 2448 2230 2519 Ego
2254 2458 2436 2503 autem
2462 2450 2653 2504 videns
2679 2450 2945 2503 athletam
2991 2446 3152 2501 etiam
3183 2452 3309 2515 post
3338 2457 3489 2496 mor-

1914 2550 2022 2596 tem
2055 2543 2369 2596 vincentem
2410 2551 2687 2604 naturam,
2730 2556 2966 2611 exsurgo
2994 2541 3060 2594 ad
3096 2540 3265 2594 Deum
3325 2534 3489 2608 glori-

1914 2634 2210 2695 ﬁcaudum.
2248 2633 2503 2701 Injicicns
2544 2635 2690 2688 enim
2749 2630 3247 2701 aliquaudooculos
3293 2629 3346 2681 in
3409 2640 3492 2680 se-

1912 2726 2161 2796 pulcrum
2187 2725 2461 2795 marlyris,
2493 2724 2676 2791 aspexi
2712 2738 2895 2777 sacras
2913 2725 3030 2791 ejus
3064 2720 3337 2788 reliquias,
3362 2731 3487 2786 qua:

1913 2818 2535 2874 invictmmanseranta
2602 2815 2791 2869 mortis
2848 2814 3074 2868 viribus.
3139 2810 3271 2878 Qua:
3341 2808 3489 2862 enim

1912 2911 2224 2965 universam
2249 2909 2499 2967 animalis
2524 2907 2975 2977 compositionem
2997 2920 3055 2959 se
3080 2905 3240 2958 trium
3274 2901 3485 2955 dierum

1913 3003 2091 3072 spatio
2124 3003 2387 3072 gloriatur
2415 3000 2821 3062 dissoluturam,
2850 2999 2960 3066 jam
3021 2995 3275 3051 ducentis
3330 2990 3489 3047 annis

1920 3109 2028 3150 non
2066 3094 2241 3148 valuit
2269 3091 2511 3155 prmelari
2543 3091 2684 3145 illius
2718 3090 2818 3144 viri
2871 3090 2955 3142 vel
3012 3090 3181 3159 pilum
3238 3098 3490 3140 corrum-

229 3172 331 3239 τῆς
360 3176 601 3245 κεφαλῆς
635 3176 861 3249 δαψιλὴς
896 3180 990 3232 καὶ
1021 3179 1351 3248 ἀλύμαντος,
1379 3183 1405 3234 ὃ
1443 3201 1501 3235 τε
1546 3184 1645 3251 τῆς
1679 3201 1806 3253 μορ-

1913 3203 2046 3258 pere
2086 3205 2101 3240 :
2138 3187 2233 3243 sed
2251 3195 2303 3241 et
2336 3200 2491 3245 coma
2526 3185 2722 3254 capitis
2753 3193 2838 3241 est
2868 3182 3036 3237 densa
3090 3190 3145 3235 et
3190 3179 3377 3240 illaesa,
3435 3183 3492 3230 et

229 3265 339 3333 Ψῆξ
393 3270 679 3339 χαρακτὴρ
761 3271 1110 3341 συνεστηκὼς
1150 3273 1244 3323 καὶ
1296 3272 1579 3344 ἁλὼὕητος
1614 3276 1679 3343 τῇ
1712 3274 1809 3343 τῆς

229 3354 396 3425 δορᾶς
438 3360 683 3432 εὐτονίᾳ,
713 3364 851 3430 μηδὲ
884 3366 985 3426 τὰς
1014 3365 1109 3434 τῆς
1146 3365 1359 3436 ὑπήνης
1384 3366 1579 3437 τρίχας
1605 3365 1814 3421 ἁποόαο

234 3448 364 3500 )dn‘
424 3452 632 3521 ἀνέῳγε
660 3455 715 3507 δὲ
746 3458 894 3526 αὐτῷ
944 3460 1035 3511 καὶ
1067 3459 1095 3510 ὁ
1127 3461 1236 3511 τῶν
1282 3461 1547 3528 ὀμμάτων
1589 3459 1811 3522 κύκλος.

233 3544 314 3593 Δι’
348 3536 424 3595 ὧν
478 3545 604 3611 ἐμοὶ
655 3546 831 3599 δοκεῖν
865 3551 958 3599 καὶ
1007 3549 1284 3617 θεώμενος
1334 3552 1473 3602 αἰδοῖ
1518 3550 1612 3602 τοῦ
1645 3553 1811 3618 νόμου

230 3635 333 3702 τῆς
364 3634 641 3705 τελευτῆς,
662 3638 760 3709 τὴν
794 3640 1007 3713 σιωπὴν
1040 3644 1340 3714 προτιμᾷν.
1365 3643 1608 3715 Ἕστηκε
1632 3644 1687 3698 δὲ
1715 3646 1815 3697 καὶ

228 3726 259 3776 ὀ
291 3727 398 3790 πᾶς
429 3728 521 3781 τοῦ
556 3730 813 3801 σώματος
842 3734 1013 3798 τύπος
1039 3754 1052 3766 ·
1081 3738 1178 3807 τὴν
1226 3737 1363 3790 ίδίαν
1401 3738 1683 3809 συντηρῶν
1717 3737 1814 3804 ἅρ-

236 3820 457 3886 μονίαν,
477 3824 570 3874 καὶ
598 3822 721 3876 οὔτε
751 3827 852 3893 τῆς
894 3828 1137 3897 κεφαλῆς
1173 3830 1403 3891 ούδὸλως
1444 3831 1810 3900 ἁπορῤαγεὶς,

230 3911 359 3960 οὔτε
390 3911 497 3962 τῶν
527 3912 732 3966 λοιπῶν
768 3919 973 3985 μορίων
999 3919 1097 3987 τὴν
1138 3919 1424 3974 διάστασιν
1464 3921 1769 3990 ὑπομείνας
1798 3935 1815 3954 ⁸

231 4001 379 4053 οὕτω
411 4005 516 4070 γὰρ
570 4004 597 4056 ὁ
632 4006 1013 4080 μεγαλόδωρος
1058 4012 1263 4082 Κύριος
1310 4013 1678 4082 ἀντιδοξάζειν
1704 4013 1811 4070 οἶδε

229 4094 360 4156 τοὺς
390 4097 615 4161 οίκείοις
662 4102 829 4155 αὐτὸν
865 4104 1055 4173 μέλεσι
1096 4106 1316 4171 δοξάσαι
1372 4108 1769 4181 προελομένους
1792 4124 1807 4139 ⁸

231 4186 315 4239 ὅτι
342 4186 490 4261 αὐτῷ
519 4193 714 4263 πρέπει
750 4196 899 4248 πᾶσα
928 4198 1074 4263 δόξα,
1100 4199 1235 4269 τιμὴ
1270 4202 1364 4252 καὶ
1403 4199 1806 4270 προσκύνησις,

232 4280 329 4334 νῦν
362 4281 457 4336 καὶ
494 4285 602 4350 ἀεὶ,
637 4287 731 4339 καὶ
762 4287 843 4351 εἰς
880 4289 1006 4352 τοὺς
1034 4290 1255 4353 αἰῶνας.
1292 4290 1485 4362 Ἀμήν.

1911 3277 2101 3331 formae
2138 3277 2422 3329 character
2454 3274 2706 3328 consistit
2734 3273 2966 3343 integer,
3022 3269 3165 3339 pelle
3238 3268 3389 3320 ﬁrma
3435 3270 3491 3318 et

1911 3369 2149 3431 intensa,
2182 3380 2249 3419 ne
2282 3365 2495 3422 amissis
2515 3366 2731 3431 quidem
2790 3364 2914 3432 pilis
2994 3360 3125 3414 labri
3169 3356 3487 3426 superioris.

1914 3462 2007 3515 Est
2035 3470 2216 3514 autem
2256 3459 2305 3512 ei
2347 3456 2495 3512 orbis
2520 3469 2739 3525 quoque
2768 3461 2992 3523 apertus
3016 3450 3325 3504 oculorum.
3388 3445 3491 3499 Per

1911 3566 2051 3622 quos
2073 3551 2308 3604 intuenti
2335 3550 2469 3604 mihi
2491 3549 2797 3609 videbatur,
2834 3547 2980 3616 quod
3040 3544 3214 3610 legem
3279 3547 3490 3595 tantum

1914 3644 2109 3701 mortis
2166 3642 2283 3713 ipse
2335 3641 2633 3703 reveritus,
2695 3638 2975 3692 silentium
3023 3636 3325 3690 simularet.
3372 3632 3491 3684 Stat

1913 3746 2094 3791 autem
2131 3734 2393 3787 u'niversa
2418 3748 2638 3801 quoque
2664 3732 2834 3801 figura
2867 3730 2986 3800 ejus
3028 3726 3277 3795 corporis
3333 3737 3491 3778 suam

1914 3839 2245 3881 conservans
2278 3836 2619 3892 compagem,
2661 3831 2717 3875 et
2745 3835 2849 3874 nec
2893 3820 3012 3889 ejus
3041 3818 3238 3886 capitis
3270 3823 3489 3883 ruptqu

1912 3929 1998 3976 est
2035 3918 2259 3989 aliquid,
2284 3932 2387 3973 nec
2406 3917 2738 3986 reliquarum
2768 3912 3020 3984 corporis
3072 3911 3312 3980 partium
3351 3908 3491 3962 facta

1911 4022 1995 4067 est
2023 4012 2127 4065 ulla
2153 4026 2180 4062 a
2201 4026 2260 4065 se
2287 4009 2521 4062 invicem
2558 4007 2881 4074 disiunctio.
2905 4005 2995 4059 Sic
3025 4003 3174 4056 enim
3200 4000 3492 4055 muniﬁcus

1914 4100 2297 4159 Dominusscit
2350 4097 2597 4152 vicissim
2643 4095 2951 4167 gloriﬁcare
3030 4107 3151 4157 eos,
3216 4092 3308 4163 qui
3376 4091 3492 4146 suis

1908 4193 2169 4251 membris
2197 4192 2487 4246 voluerunt
2508 4203 2632 4243 eum
2659 4186 2965 4258 gloriﬁcare
3001 4201 3016 4239 :
3058 4186 3317 4254 quoniam
3359 4196 3490 4237 eum

1910 4289 2066 4342 decet
2087 4284 2276 4356 gloria,
2324 4284 2500 4336 honor
2533 4290 2589 4335 et
2633 4278 2903 4342 adoratio,
2967 4291 3116 4332 nunc
3154 4284 3210 4332 et
3250 4290 3488 4347 semper,

1909 4378 2037 4435 etin
2059 4376 2281 4431 saecula.
2309 4375 2505 4429 Amen.

236 4532 3473 4587 ψ

432 4733 684 4885 DE
863 4730 1608 4890 SANCTO
1744 4729 2447 4885 NICETA

1155 5005 1501 5063 MARTYRE
1552 5006 1619 5062 IN
1671 5004 1929 5062 GOTHIA
1985 5002 2217 5061 ULTRA

2616 4723 3284 4884 GOTHO

2280 4999 2570 5059 ISTRUM.

1266 5166 1407 5229 (Acta
1426 5164 1517 5215 SS.
1557 5161 1680 5215 Boil.
1702 5164 1761 5215 ad
1787 5166 1922 5215 diem
1954 5163 2008 5212 15
2028 5162 2190 5226 Sept.,
2224 5169 2344 5214 tom.
2381 5162 2464 5225 ν.)

236 5314 522 5378 Celebris
555 5316 757 5380 sancti
787 5315 992 5378 cultus
1037 5333 1051 5377 :
1100 5316 1277 5377 locus
1320 5321 1382 5375 et
1426 5319 1675 5390 tempus
1736 5310 2020 5389 martyrii
2070 5309 2486 5389 investigatur
2529 5327 2545 5390 :_
2582 5310 2888 5374 nonnulla
2946 5308 3023 5371 de
3068 5307 3486 5372 conversione

1130 5392 1477 5456 Gothorum
1512 5388 1837 5453 observata
1872 5388 2066 5451 {Acta
2096 5388 2613 5452 Grmca’edenda.

305 5732 348 5786 l.
381 5734 623 5789 Celebris
650 5734 939 5790 admodum
986 5745 1067 5791 est
1106 5737 1266 5793 hodie
1315 5739 1456 5809 apud
1497 5739 1712 5796 Graecos
1748 5748 1802 5795 et
1832 5738 1877 5794 D
1906 5739 2087 5805 Gothi,
2146 5741 2213 5796 de
2252 5755 2359 5811 quo
2416 5738 2677 5796 Baronius
2726 5740 2779 5795 in
2815 5737 3190 5810 Martyrologio
3238 5734 3482 5795 Romano

236 5827 488 5885 Moschus
548 5829 723 5886 vultus
784 5832 954 5885 sancti
1018 5831 1217 5887 Nicettc
1284 5833 1533 5888 martvris
1583 5834 1803 5891 natione

1914 5835 1987 5891 ita
2028 5832 2271 5890 meminit
2320 5852 2331 5885 :
2373 5831 2601 5888 «Eodem
2655 5833 2742 5888 die
2804 5834 2974 5888 sancti
3044 5830 3240 5887 Nicetze
3296 5832 3478 5900 Gothi,
