  <div class='ocr_page' id='page_1' title='image "/cluster/home/n/w/nwhite01/storage/ocr_20150623/115/nnc1.0046980261/367.png"; bbox 0 0 4198 6438; ppageno 0'>
   <div class='ocr_carea' id='block_1_1' title="bbox 745 413 858 475">
    <p class='ocr_par' dir='ltr' id='par_1_1' title="bbox 745 413 858 475">
     <span class='ocr_line' id='line_1_1' title="bbox 745 413 858 475; baseline 0.009 -1"><span class='ocrx_word' id='word_1_1' title='bbox 745 413 858 475; x_wconf 82' lang='lat'><strong>699</strong></span> 
     </span>
    </p>
   </div>
   <div class='ocr_carea' id='block_1_2' title="bbox 1979 399 4045 466">
    <p class='ocr_par' dir='ltr' id='par_1_2' title="bbox 1979 399 4045 466">
     <span class='ocr_line' id='line_1_2' title="bbox 1979 399 4045 466; baseline -0.003 -2"><span class='ocrx_word' id='word_1_2' title='bbox 1979 405 2260 466; x_wconf 83' lang='lat' dir='ltr'><strong>MENSIS</strong></span> <span class='ocrx_word' id='word_1_3' title='bbox 2308 399 2779 464; x_wconf 78' lang='lat' dir='ltr'><strong>SEPTEMBER:</strong></span> <span class='ocrx_word' id='word_1_4' title='bbox 3924 399 4045 458; x_wconf 68' lang='lat'><strong>700</strong></span> 
     </span>
    </p>
   </div>
   <div class='ocr_carea' id='block_1_3' title="bbox 747 511 4044 591">
    <p class='ocr_par' dir='ltr' id='par_1_3' title="bbox 747 511 4044 591">
     <span class='ocr_line' id='line_1_3' title="bbox 747 511 4044 591; baseline -0.004 -16"><span class='ocrx_word' id='word_1_5' title='bbox 747 522 841 591; x_wconf 88' lang='lat' dir='ltr'><strong>qui</strong></span> <span class='ocrx_word' id='word_1_6' title='bbox 873 521 940 574; x_wconf 86' lang='lat' dir='ltr'><strong>ab</strong></span> <span class='ocrx_word' id='word_1_7' title='bbox 969 517 1307 572; x_wconf 85' lang='lat' dir='ltr'><strong>Athanarico</strong></span> <span class='ocrx_word' id='word_1_8' title='bbox 1363 534 1487 589; x_wconf 84' lang='lat' dir='ltr'><strong>rege</strong></span> <span class='ocrx_word' id='word_1_9' title='bbox 1535 518 1606 571; x_wconf 93' lang='lat' dir='ltr'><strong>ob</strong></span> <span class='ocrx_word' id='word_1_10' title='bbox 1648 517 1972 571; x_wconf 86' lang='lat' dir='ltr'><strong>catholicam</strong></span> <span class='ocrx_word' id='word_1_11' title='bbox 2010 518 2168 572; x_wconf 87' lang='lat' dir='ltr'><strong>fidem</strong></span> <span class='ocrx_word' id='word_1_12' title='bbox 2217 518 2336 586; x_wconf 84' lang='lat' dir='ltr'><strong>jus-</strong></span> <span class='ocrx_word' id='word_1_13' title='bbox 2366 520 2415 580; x_wconf 76' lang='grc' dir='ltr'>Α</span> <span class='ocrx_word' id='word_1_14' title='bbox 2444 517 2774 584; x_wconf 82' lang='lat' dir='ltr'><strong>impressum</strong></span> <span class='ocrx_word' id='word_1_15' title='bbox 2841 521 2925 568; x_wconf 88' lang='lat' dir='ltr'><strong>est</strong></span> <span class='ocrx_word' id='word_1_16' title='bbox 2972 514 3024 567; x_wconf 84' lang='lat' dir='ltr'><strong>in</strong></span> <span class='ocrx_word' id='word_1_17' title='bbox 3083 511 3346 567; x_wconf 73' lang='lat' dir='ltr'><strong>Thesauro</strong></span> <span class='ocrx_word' id='word_1_18' title='bbox 3393 513 3780 580; x_wconf 78' lang='lat' dir='ltr'><strong>Antiquitutum</strong></span> <span class='ocrx_word' id='word_1_19' title='bbox 3833 512 4044 565; x_wconf 75' lang='grc' dir='ltr'><strong><em>ιιαιίατ</em></strong></span> 
     </span>
    </p>
   </div>
   <div class='ocr_carea' id='block_1_4' title="bbox 749 608 2328 681">
    <p class='ocr_par' dir='ltr' id='par_1_4' title="bbox 749 608 2328 681">
     <span class='ocr_line' id='line_1_4' title="bbox 749 608 2328 681; baseline -0.004 -15"><span class='ocrx_word' id='word_1_20' title='bbox 749 628 842 667; x_wconf 81' lang='lat' dir='ltr'><strong>sus</strong></span> <span class='ocrx_word' id='word_1_21' title='bbox 865 620 945 666; x_wconf 87' lang='lat' dir='ltr'><strong>est</strong></span> <span class='ocrx_word' id='word_1_22' title='bbox 978 610 1101 681; x_wconf 88' lang='lat' dir='ltr'><strong>igne</strong></span> <span class='ocrx_word' id='word_1_23' title='bbox 1133 611 1402 665; x_wconf 87' lang='lat' dir='ltr'><strong>comburi.</strong></span> <span class='ocrx_word' id='word_1_24' title='bbox 1443 608 1662 662; x_wconf 75' lang='lat' dir='ltr'><strong>iPetrus</strong></span> <span class='ocrx_word' id='word_1_25' title='bbox 1695 609 1760 662; x_wconf 90' lang='lat' dir='ltr'><strong>de</strong></span> <span class='ocrx_word' id='word_1_26' title='bbox 1804 608 2102 672; x_wconf 87' lang='lat' dir='ltr'><strong>Natalibus,</strong></span> <span class='ocrx_word' id='word_1_27' title='bbox 2141 609 2236 662; x_wconf 90' lang='lat' dir='ltr'><strong>lib.</strong></span> <span class='ocrx_word' id='word_1_28' title='bbox 2272 624 2328 674; x_wconf 86' lang='lat' dir='ltr'><strong>v,</strong></span> 
     </span>
    </p>
   </div>
   <div class='ocr_carea' id='block_1_5' title="bbox 747 699 2334 772">
    <p class='ocr_par' dir='ltr' id='par_1_5' title="bbox 747 699 2334 772">
     <span class='ocr_line' id='line_1_5' title="bbox 747 699 2334 772; baseline -0.003 -14"><span class='ocrx_word' id='word_1_29' title='bbox 747 720 846 772; x_wconf 91' lang='lat' dir='ltr'><strong>cap</strong></span> <span class='ocrx_word' id='word_1_30' title='bbox 876 702 948 767; x_wconf 78' lang='grc'><strong>,4,</strong></span> <span class='ocrx_word' id='word_1_31' title='bbox 1003 703 1237 771; x_wconf 86' lang='lat' dir='ltr'><strong>elogium</strong></span> <span class='ocrx_word' id='word_1_32' title='bbox 1298 703 1580 756; x_wconf 73' lang='lat' dir='ltr'><strong>contexuit</strong></span> <span class='ocrx_word' id='word_1_33' title='bbox 1631 715 1696 754; x_wconf 83' lang='lat' dir='ltr'><strong>ex</strong></span> <span class='ocrx_word' id='word_1_34' title='bbox 1740 702 1886 754; x_wconf 88' lang='lat' dir='ltr'><strong>Actis</strong></span> <span class='ocrx_word' id='word_1_35' title='bbox 1933 699 2070 754; x_wconf 86' lang='lat' dir='ltr'><strong>infra</strong></span> <span class='ocrx_word' id='word_1_36' title='bbox 2119 700 2334 764; x_wconf 90' lang='lat' dir='ltr'><strong>dandis,</strong></span> 
     </span>
    </p>
   </div>
   <div class='ocr_carea' id='block_1_6' title="bbox 749 793 2333 860">
    <p class='ocr_par' dir='ltr' id='par_1_6' title="bbox 749 793 2333 860">
     <span class='ocr_line' id='line_1_6' title="bbox 749 793 2333 860; baseline -0.001 -14"><span class='ocrx_word' id='word_1_37' title='bbox 749 795 844 847; x_wconf 83' lang='lat' dir='ltr'><strong>sed</strong></span> <span class='ocrx_word' id='word_1_38' title='bbox 882 810 990 847; x_wconf 92' lang='lat' dir='ltr'><strong>non</strong></span> <span class='ocrx_word' id='word_1_39' title='bbox 1025 795 1140 846; x_wconf 84' lang='lat' dir='ltr'><strong>sine</strong></span> <span class='ocrx_word' id='word_1_40' title='bbox 1185 795 1466 847; x_wconf 89' lang='lat' dir='ltr'><strong>erroribus</strong></span> <span class='ocrx_word' id='word_1_41' title='bbox 1509 793 1733 860; x_wconf 87' lang='lat' dir='ltr'><strong>aliquot,</strong></span> <span class='ocrx_word' id='word_1_42' title='bbox 1774 802 2105 860; x_wconf 89' lang='lat' dir='ltr'><strong>mortemque</strong></span> <span class='ocrx_word' id='word_1_43' title='bbox 2136 794 2333 856; x_wconf 79' lang='lat' dir='ltr'><strong>sancti,</strong></span> 
     </span>
    </p>
   </div>
   <div class='ocr_carea' id='block_1_7' title="bbox 750 884 2334 953">
    <p class='ocr_par' dir='ltr' id='par_1_7' title="bbox 750 884 2334 953">
     <span class='ocr_line' id='line_1_7' title="bbox 750 884 2334 953; baseline 0.001 -15"><span class='ocrx_word' id='word_1_44' title='bbox 750 902 905 953; x_wconf 86' lang='lat' dir='ltr'><strong>quem</strong></span> <span class='ocrx_word' id='word_1_45' title='bbox 932 885 1182 940; x_wconf 84' lang='lat' dir='ltr'><strong>Nicetum</strong></span> <span class='ocrx_word' id='word_1_46' title='bbox 1207 896 1384 945; x_wconf 88' lang='lat' dir='ltr'><strong>vocat.</strong></span> <span class='ocrx_word' id='word_1_47' title='bbox 1420 885 1535 940; x_wconf 74' lang='lat' dir='ltr'><strong>ﬁxit</strong></span> <span class='ocrx_word' id='word_1_48' title='bbox 1571 885 1638 938; x_wconf 69' lang='lat'><strong>25</strong></span> <span class='ocrx_word' id='word_1_49' title='bbox 1669 884 1814 937; x_wconf 85' lang='lat' dir='ltr'><strong>Maii.</strong></span> <span class='ocrx_word' id='word_1_50' title='bbox 1853 885 1987 939; x_wconf 86' lang='lat' dir='ltr'><strong>Hinc</strong></span> <span class='ocrx_word' id='word_1_51' title='bbox 2018 884 2245 948; x_wconf 92' lang='lat' dir='ltr'><strong>factum,</strong></span> <span class='ocrx_word' id='word_1_52' title='bbox 2277 897 2334 939; x_wconf 93' lang='lat' dir='ltr'><strong>ut</strong></span> 
     </span>
    </p>
   </div>
   <div class='ocr_carea' id='block_1_8' title="bbox 752 975 2334 1045">
    <p class='ocr_par' dir='ltr' id='par_1_8' title="bbox 752 975 2334 1045">
     <span class='ocr_line' id='line_1_8' title="bbox 752 975 2334 1045; baseline 0 -17"><span class='ocrx_word' id='word_1_53' title='bbox 752 975 1034 1029; x_wconf 78' lang='lat' dir='ltr'><strong>Grevenus</strong></span> <span class='ocrx_word' id='word_1_54' title='bbox 1074 976 1275 1044; x_wconf 82' lang='lat' dir='ltr'><strong>aliique</strong></span> <span class='ocrx_word' id='word_1_55' title='bbox 1324 977 1475 1044; x_wconf 85' lang='lat' dir='ltr'><strong>pauci</strong></span> <span class='ocrx_word' id='word_1_56' title='bbox 1525 976 1866 1045; x_wconf 82' lang='lat' dir='ltr'><strong>martyrologi</strong></span> <span class='ocrx_word' id='word_1_57' title='bbox 1926 975 2196 1035; x_wconf 75' lang='lat' dir='ltr'><strong>Nicetum,</strong></span> <span class='ocrx_word' id='word_1_58' title='bbox 2243 987 2334 1029; x_wconf 89' lang='lat' dir='ltr'><strong>aut</strong></span> 
     </span>
    </p>
   </div>
   <div class='ocr_carea' id='block_1_9' title="bbox 752 1063 2329 1132">
    <p class='ocr_par' dir='ltr' id='par_1_9' title="bbox 752 1063 2329 1132">
     <span class='ocr_line' id='line_1_9' title="bbox 752 1063 2329 1132; baseline 0.002 -16"><span class='ocrx_word' id='word_1_59' title='bbox 752 1064 931 1132; x_wconf 88' lang='lat' dir='ltr'><strong>potius</strong></span> <span class='ocrx_word' id='word_1_60' title='bbox 965 1064 1226 1129; x_wconf 83' lang='lat' dir='ltr'><strong>Nicetatn,</strong></span> <span class='ocrx_word' id='word_1_61' title='bbox 1264 1066 1330 1118; x_wconf 89' lang='lat' dir='ltr'><strong>ad</strong></span> <span class='ocrx_word' id='word_1_62' title='bbox 1373 1066 1442 1117; x_wconf 70' lang='lat'><strong>25</strong></span> <span class='ocrx_word' id='word_1_63' title='bbox 1473 1064 1590 1116; x_wconf 78' lang='lat' dir='ltr'><strong>Maii</strong></span> <span class='ocrx_word' id='word_1_64' title='bbox 1637 1066 1746 1118; x_wconf 87' lang='lat' dir='ltr'><strong>suis</strong></span> <span class='ocrx_word' id='word_1_65' title='bbox 1777 1063 1952 1118; x_wconf 76' lang='lat' dir='ltr'><strong>Fastis</strong></span> <span class='ocrx_word' id='word_1_66' title='bbox 1978 1065 2329 1119; x_wconf 87' lang='lat' dir='ltr'><strong>inscruerint.</strong></span> 
     </span>
    </p>
   </div>
   <div class='ocr_carea' id='block_1_10' title="bbox 754 1156 2330 1211">
    <p class='ocr_par' dir='ltr' id='par_1_10' title="bbox 754 1156 2330 1211">
     <span class='ocr_line' id='line_1_10' title="bbox 754 1156 2330 1211; baseline 0.003 -5"><span class='ocrx_word' id='word_1_67' title='bbox 754 1156 851 1208; x_wconf 83' lang='lat' dir='ltr'><strong>Alii</strong></span> <span class='ocrx_word' id='word_1_68' title='bbox 898 1167 1074 1210; x_wconf 89' lang='lat' dir='ltr'><strong>tamen</strong></span> <span class='ocrx_word' id='word_1_69' title='bbox 1134 1156 1310 1209; x_wconf 83' lang='lat' dir='ltr'><strong>Latini</strong></span> <span class='ocrx_word' id='word_1_70' title='bbox 1372 1173 1494 1211; x_wconf 87' lang='lat' dir='ltr'><strong>cum</strong></span> <span class='ocrx_word' id='word_1_71' title='bbox 1540 1156 1751 1210; x_wconf 83' lang='lat' dir='ltr'><strong>Molano</strong></span> <span class='ocrx_word' id='word_1_72' title='bbox 1787 1167 2034 1211; x_wconf 84' lang='lat' dir='ltr'><strong>sanctum</strong></span> <span class='ocrx_word' id='word_1_73' title='bbox 2090 1157 2330 1211; x_wconf 87' lang='lat' dir='ltr'><strong>Nicetatn</strong></span> 
     </span>
    </p>
   </div>
   <div class='ocr_carea' id='block_1_11' title="bbox 756 1246 2332 1318">
    <p class='ocr_par' dir='ltr' id='par_1_11' title="bbox 756 1246 2332 1318">
     <span class='ocr_line' id='line_1_11' title="bbox 756 1246 2332 1318; baseline 0.002 -19"><span class='ocrx_word' id='word_1_74' title='bbox 756 1246 915 1300; x_wconf 87' lang='lat' dir='ltr'><strong>hodie</strong></span> <span class='ocrx_word' id='word_1_75' title='bbox 947 1258 1338 1302; x_wconf 88' lang='lat' dir='ltr'><strong>memorarunt.</strong></span> <span class='ocrx_word' id='word_1_76' title='bbox 1377 1249 1730 1316; x_wconf 86' lang='lat' dir='ltr'><strong>Antiquiores</strong></span> <span class='ocrx_word' id='word_1_77' title='bbox 1767 1249 2109 1318; x_wconf 86' lang='lat' dir='ltr'><strong>tnartyrologi</strong></span> <span class='ocrx_word' id='word_1_78' title='bbox 2155 1249 2332 1302; x_wconf 86' lang='lat' dir='ltr'><strong>Latini</strong></span> 
     </span>
    </p>
   </div>
   <div class='ocr_carea' id='block_1_12' title="bbox 755 1321 2330 1409">
    <p class='ocr_par' dir='ltr' id='par_1_12' title="bbox 755 1339 2330 1409">
     <span class='ocr_line' id='line_1_12' title="bbox 755 1339 2330 1409; baseline 0.001 -19"><span class='ocrx_word' id='word_1_79' title='bbox 755 1347 1002 1390; x_wconf 77' lang='lat' dir='ltr'><strong>sanciunt</strong></span> <span class='ocrx_word' id='word_1_80' title='bbox 1046 1339 1190 1391; x_wconf 88' lang='lat' dir='ltr'><strong>hunc</strong></span> <span class='ocrx_word' id='word_1_81' title='bbox 1243 1340 1556 1409; x_wconf 80' lang='lat' dir='ltr'><strong>ignorarunt</strong></span> <span class='ocrx_word' id='word_1_82' title='bbox 1589 1359 1600 1392; x_wconf 93' lang='lat'><strong>:</strong></span> <span class='ocrx_word' id='word_1_83' title='bbox 1633 1343 1726 1394; x_wconf 90' lang='lat' dir='ltr'><strong>sed</strong></span> <span class='ocrx_word' id='word_1_84' title='bbox 1756 1339 1928 1392; x_wconf 70' lang='lat' dir='ltr'><strong>Graeci</strong></span> <span class='ocrx_word' id='word_1_85' title='bbox 1974 1356 2165 1409; x_wconf 87' lang='lat' dir='ltr'><strong>magno</strong></span> <span class='ocrx_word' id='word_1_86' title='bbox 2197 1356 2330 1392; x_wconf 86' lang='lat' dir='ltr'><strong>con-</strong></span> 
     </span>
    </p>
   </div>
   <div class='ocr_carea' id='block_1_13' title="bbox 751 1427 2332 1490">
    <p class='ocr_par' dir='ltr' id='par_1_13' title="bbox 751 1427 2332 1490">
     <span class='ocr_line' id='line_1_13' title="bbox 751 1427 2332 1490; baseline 0.003 -11"><span class='ocrx_word' id='word_1_87' title='bbox 751 1441 936 1490; x_wconf 80' lang='lat' dir='ltr'><strong>sensu,</strong></span> <span class='ocrx_word' id='word_1_88' title='bbox 964 1436 1018 1480; x_wconf 88' lang='lat' dir='ltr'><strong>et</strong></span> <span class='ocrx_word' id='word_1_89' title='bbox 1059 1443 1181 1479; x_wconf 92' lang='lat' dir='ltr'><strong>cum</strong></span> <span class='ocrx_word' id='word_1_90' title='bbox 1217 1427 1300 1481; x_wconf 87' lang='lat' dir='ltr'><strong>his</strong></span> <span class='ocrx_word' id='word_1_91' title='bbox 1345 1428 1545 1482; x_wconf 78' lang='lat' dir='ltr'><strong>Moschi</strong></span> <span class='ocrx_word' id='word_1_92' title='bbox 1593 1439 1841 1482; x_wconf 87' lang='lat' dir='ltr'><strong>sanctum</strong></span> <span class='ocrx_word' id='word_1_93' title='bbox 1884 1428 2124 1482; x_wconf 80' lang='lat' dir='ltr'><strong>Nicetam</strong></span> <span class='ocrx_word' id='word_1_94' title='bbox 2177 1430 2332 1484; x_wconf 84' lang='lat' dir='ltr'><strong>hodie</strong></span> 
     </span>
    </p>
   </div>
   <div class='ocr_carea' id='block_1_14' title="bbox 751 1516 2332 1589">
    <p class='ocr_par' dir='ltr' id='par_1_14' title="bbox 751 1516 2332 1589">
     <span class='ocr_line' id='line_1_14' title="bbox 751 1516 2332 1589; baseline 0.004 -23"><span class='ocrx_word' id='word_1_95' title='bbox 751 1516 1046 1574; x_wconf 82' lang='lat' dir='ltr'><strong>celebrant,</strong></span> <span class='ocrx_word' id='word_1_96' title='bbox 1101 1528 1156 1570; x_wconf 93' lang='lat' dir='ltr'><strong>ut</strong></span> <span class='ocrx_word' id='word_1_97' title='bbox 1209 1534 1458 1588; x_wconf 91' lang='lat' dir='ltr'><strong>magnum</strong></span> <span class='ocrx_word' id='word_1_98' title='bbox 1495 1530 1808 1589; x_wconf 83' lang='lat' dir='ltr'><strong>martyrem,</strong></span> <span class='ocrx_word' id='word_1_99' title='bbox 1859 1521 1923 1572; x_wconf 86' lang='lat' dir='ltr'><strong>de</strong></span> <span class='ocrx_word' id='word_1_100' title='bbox 1969 1536 2074 1588; x_wconf 94' lang='lat' dir='ltr'><strong>quo</strong></span> <span class='ocrx_word' id='word_1_101' title='bbox 2102 1521 2332 1573; x_wconf 80' lang='lat' dir='ltr'><strong>ofﬁcium</strong></span> 
     </span>
    </p>
   </div>
   <div class='ocr_carea' id='block_1_15' title="bbox 750 1605 2327 1678">
    <p class='ocr_par' dir='ltr' id='par_1_15' title="bbox 750 1605 2327 1678">
     <span class='ocr_line' id='line_1_15' title="bbox 750 1605 2327 1678; baseline 0.004 -20"><span class='ocrx_word' id='word_1_102' title='bbox 750 1605 1181 1660; x_wconf 87' lang='lat' dir='ltr'><strong>ecclesiasticum</strong></span> <span class='ocrx_word' id='word_1_103' title='bbox 1218 1610 1407 1662; x_wconf 87' lang='lat' dir='ltr'><strong>eodem</strong></span> <span class='ocrx_word' id='word_1_104' title='bbox 1438 1610 1527 1662; x_wconf 89' lang='lat' dir='ltr'><strong>die</strong></span> <span class='ocrx_word' id='word_1_105' title='bbox 1558 1611 1924 1678; x_wconf 87' lang='lat' dir='ltr'><strong>peragendum</strong></span> <span class='ocrx_word' id='word_1_106' title='bbox 1957 1611 2008 1663; x_wconf 93' lang='lat' dir='ltr'><strong>in</strong></span> <span class='ocrx_word' id='word_1_107' title='bbox 2043 1611 2196 1664; x_wconf 91' lang='lat' dir='ltr'><strong>libris</strong></span> <span class='ocrx_word' id='word_1_108' title='bbox 2231 1626 2327 1665; x_wconf 88' lang='lat' dir='ltr'><strong>eo-</strong></span> 
     </span>
    </p>
   </div>
   <div class='ocr_carea' id='block_1_16' title="bbox 752 1700 2329 1772">
    <p class='ocr_par' dir='ltr' id='par_1_16' title="bbox 752 1700 2329 1772">
     <span class='ocr_line' id='line_1_16' title="bbox 752 1700 2329 1772; baseline 0.006 -23"><span class='ocrx_word' id='word_1_109' title='bbox 752 1713 867 1750; x_wconf 86' lang='lat' dir='ltr'><strong>rum</strong></span> <span class='ocrx_word' id='word_1_110' title='bbox 899 1700 1181 1753; x_wconf 85' lang='lat' dir='ltr'><strong>ritualibus</strong></span> <span class='ocrx_word' id='word_1_111' title='bbox 1214 1702 1603 1769; x_wconf 64' lang='lat' dir='ltr'><strong>pt&#39;aascribitur.</strong></span> <span class='ocrx_word' id='word_1_112' title='bbox 1637 1703 1688 1754; x_wconf 94' lang='lat' dir='ltr'><strong>In</strong></span> <span class='ocrx_word' id='word_1_113' title='bbox 1722 1703 2018 1772; x_wconf 76' lang='lat' dir='ltr'><strong>MenoIOgio</strong></span> <span class='ocrx_word' id='word_1_114' title='bbox 2043 1705 2329 1758; x_wconf 84' lang='lat' dir='ltr'><strong>Sirletiano</strong></span> 
     </span>
    </p>
   </div>
   <div class='ocr_carea' id='block_1_17' title="bbox 754 1791 2318 1864">
    <p class='ocr_par' dir='ltr' id='par_1_17' title="bbox 754 1791 2318 1864">
     <span class='ocr_line' id='line_1_17' title="bbox 754 1791 2318 1864; baseline 0.004 -22"><span class='ocrx_word' id='word_1_115' title='bbox 754 1791 854 1844; x_wconf 91' lang='lat' dir='ltr'><strong>hoc</strong></span> <span class='ocrx_word' id='word_1_116' title='bbox 884 1792 1058 1845; x_wconf 84' lang='lat' dir='ltr'><strong>sancti</strong></span> <span class='ocrx_word' id='word_1_117' title='bbox 1102 1793 1304 1846; x_wconf 67' lang='lat' dir='ltr'><strong>Niceten</strong></span> <span class='ocrx_word' id='word_1_118' title='bbox 1332 1795 1490 1847; x_wconf 90' lang='lat' dir='ltr'><strong>datur</strong></span> <span class='ocrx_word' id='word_1_119' title='bbox 1518 1797 1751 1864; x_wconf 90' lang='lat' dir='ltr'><strong>elogium</strong></span> <span class='ocrx_word' id='word_1_120' title='bbox 1787 1811 1800 1846; x_wconf 88' lang='lat'>:</span> <span class='ocrx_word' id='word_1_121' title='bbox 1833 1794 2318 1848; x_wconf 66' lang='lat' dir='ltr'><strong>«Comtnetnoratio</strong></span> 
     </span>
    </p>
   </div>
   <div class='ocr_carea' id='block_1_18' title="bbox 751 1885 2329 1955">
    <p class='ocr_par' dir='ltr' id='par_1_18' title="bbox 751 1885 2329 1955">
     <span class='ocr_line' id='line_1_18' title="bbox 751 1885 2329 1955; baseline 0.004 -21"><span class='ocrx_word' id='word_1_122' title='bbox 751 1885 922 1937; x_wconf 77' lang='lat' dir='ltr'><strong>sancti</strong></span> <span class='ocrx_word' id='word_1_123' title='bbox 959 1887 1210 1954; x_wconf 73' lang='lat' dir='ltr'><strong>martyris</strong></span> <span class='ocrx_word' id='word_1_124' title='bbox 1234 1885 1453 1949; x_wconf 79' lang='lat' dir='ltr'><strong>Nicetae,</strong></span> <span class='ocrx_word' id='word_1_125' title='bbox 1488 1890 1576 1953; x_wconf 93' lang='lat' dir='ltr'><strong>qui</strong></span> <span class='ocrx_word' id='word_1_126' title='bbox 1607 1887 1707 1941; x_wconf 89' lang='lat' dir='ltr'><strong>sub</strong></span> <span class='ocrx_word' id='word_1_127' title='bbox 1740 1888 1968 1955; x_wconf 90' lang='lat' dir='ltr'><strong>imperio</strong></span> <span class='ocrx_word' id='word_1_128' title='bbox 1993 1886 2329 1940; x_wconf 72' lang='lat' dir='ltr'><strong>Constantini</strong></span> 
     </span>
    </p>
   </div>
   <div class='ocr_carea' id='block_1_19' title="bbox 752 1976 2328 2047">
    <p class='ocr_par' dir='ltr' id='par_1_19' title="bbox 752 1976 2328 2047">
     <span class='ocr_line' id='line_1_19' title="bbox 752 1976 2328 2047; baseline 0.003 -19"><span class='ocrx_word' id='word_1_129' title='bbox 752 1976 923 2044; x_wconf 82' lang='lat' dir='ltr'><strong>Magni</strong></span> <span class='ocrx_word' id='word_1_130' title='bbox 973 1986 1148 2039; x_wconf 89' lang='lat' dir='ltr'><strong>natus,</strong></span> <span class='ocrx_word' id='word_1_131' title='bbox 1183 1987 1344 2045; x_wconf 87' lang='lat' dir='ltr'><strong>atque</strong></span> <span class='ocrx_word' id='word_1_132' title='bbox 1386 1978 1650 2032; x_wconf 90' lang='lat' dir='ltr'><strong>educatus</strong></span> <span class='ocrx_word' id='word_1_133' title='bbox 1689 1980 1741 2032; x_wconf 93' lang='lat' dir='ltr'><strong>in</strong></span> <span class='ocrx_word' id='word_1_134' title='bbox 1780 1984 1997 2047; x_wconf 81' lang='lat' dir='ltr'><strong>regione</strong></span> <span class='ocrx_word' id='word_1_135' title='bbox 2030 1978 2328 2032; x_wconf 82' lang='lat' dir='ltr'><strong>Gothorum</strong></span> 
     </span>
    </p>
   </div>
   <div class='ocr_carea' id='block_1_20' title="bbox 755 2067 2326 2136">
    <p class='ocr_par' dir='ltr' id='par_1_20' title="bbox 755 2067 2326 2136">
     <span class='ocr_line' id='line_1_20' title="bbox 755 2067 2326 2136; baseline 0.003 -18"><span class='ocrx_word' id='word_1_136' title='bbox 755 2069 892 2120; x_wconf 87' lang='lat' dir='ltr'><strong>ultra</strong></span> <span class='ocrx_word' id='word_1_137' title='bbox 922 2067 1246 2130; x_wconf 83' lang='lat' dir='ltr'><strong>Danubium,</strong></span> <span class='ocrx_word' id='word_1_138' title='bbox 1284 2083 1388 2121; x_wconf 92' lang='lat' dir='ltr'><strong>non</strong></span> <span class='ocrx_word' id='word_1_139' title='bbox 1423 2069 1862 2122; x_wconf 70' lang='lat' dir='ltr'><strong>communic.tbat</strong></span> <span class='ocrx_word' id='word_1_140' title='bbox 1903 2085 2023 2121; x_wconf 91' lang='lat' dir='ltr'><strong>cum</strong></span> <span class='ocrx_word' id='word_1_141' title='bbox 2056 2069 2326 2136; x_wconf 86' lang='lat' dir='ltr'><strong>Barbaris,</strong></span> 
     </span>
    </p>
   </div>
   <div class='ocr_carea' id='block_1_21' title="bbox 752 2157 2328 2226">
    <p class='ocr_par' dir='ltr' id='par_1_21' title="bbox 752 2157 2328 2226">
     <span class='ocr_line' id='line_1_21' title="bbox 752 2157 2328 2226; baseline 0.003 -17"><span class='ocrx_word' id='word_1_142' title='bbox 752 2159 846 2209; x_wconf 79' lang='lat' dir='ltr'><strong>scd</strong></span> <span class='ocrx_word' id='word_1_143' title='bbox 879 2173 1002 2209; x_wconf 91' lang='lat' dir='ltr'><strong>cum</strong></span> <span class='ocrx_word' id='word_1_144' title='bbox 1031 2159 1158 2209; x_wconf 88' lang='lat' dir='ltr'><strong>viris</strong></span> <span class='ocrx_word' id='word_1_145' title='bbox 1192 2160 1292 2226; x_wconf 87' lang='lat' dir='ltr'><strong>piis</strong></span> <span class='ocrx_word' id='word_1_146' title='bbox 1317 2157 1484 2210; x_wconf 89' lang='lat' dir='ltr'><strong>Deum</strong></span> <span class='ocrx_word' id='word_1_147' title='bbox 1510 2160 1834 2222; x_wconf 80' lang='lat' dir='ltr'><strong>colentibus,</strong></span> <span class='ocrx_word' id='word_1_148' title='bbox 1866 2160 2090 2212; x_wconf 88' lang='lat' dir='ltr'><strong>edoctus</strong></span> <span class='ocrx_word' id='word_1_149' title='bbox 2122 2159 2328 2214; x_wconf 87' lang='lat' dir='ltr'><strong>Christi</strong></span> 
     </span>
    </p>
   </div>
   <div class='ocr_carea' id='block_1_22' title="bbox 754 2251 2328 2322">
    <p class='ocr_par' dir='ltr' id='par_1_22' title="bbox 754 2251 2328 2322">
     <span class='ocr_line' id='line_1_22' title="bbox 754 2251 2328 2322; baseline 0.003 -20"><span class='ocrx_word' id='word_1_150' title='bbox 754 2253 910 2304; x_wconf 78' lang='lat' dir='ltr'><strong>ﬁdem</strong></span> <span class='ocrx_word' id='word_1_151' title='bbox 950 2267 974 2301; x_wconf 88' lang='lat' dir='ltr'><strong>a</strong></span> <span class='ocrx_word' id='word_1_152' title='bbox 1016 2251 1363 2304; x_wconf 81' lang='lat' dir='ltr'><strong>sanctissimo</strong></span> <span class='ocrx_word' id='word_1_153' title='bbox 1396 2253 1652 2320; x_wconf 89' lang='lat' dir='ltr'><strong>episcopo</strong></span> <span class='ocrx_word' id='word_1_154' title='bbox 1684 2253 1980 2305; x_wconf 83' lang='lat' dir='ltr'><strong>Gothorum</strong></span> <span class='ocrx_word' id='word_1_155' title='bbox 2009 2255 2328 2322; x_wconf 74' lang='grc' dir='ltr'><strong>Τιιρονιιίιο,</strong></span> 
     </span>
    </p>
   </div>
   <div class='ocr_carea' id='block_1_23' title="bbox 752 2343 2334 2413">
    <p class='ocr_par' dir='ltr' id='par_1_23' title="bbox 752 2343 2334 2413">
     <span class='ocr_line' id='line_1_23' title="bbox 752 2343 2334 2413; baseline 0.002 -18"><span class='ocrx_word' id='word_1_156' title='bbox 752 2345 1180 2408; x_wconf 69' lang='lat' dir='ltr'><strong>conlpreliensus</strong></span> <span class='ocrx_word' id='word_1_157' title='bbox 1216 2344 1282 2396; x_wconf 92' lang='lat' dir='ltr'><strong>ab</strong></span> <span class='ocrx_word' id='word_1_158' title='bbox 1326 2343 1622 2397; x_wconf 80' lang='lat' dir='ltr'><strong>Athanasio</strong></span> <span class='ocrx_word' id='word_1_159' title='bbox 1655 2344 1790 2413; x_wconf 87' lang='lat' dir='ltr'><strong>(lege</strong></span> <span class='ocrx_word' id='word_1_160' title='bbox 1823 2345 2148 2398; x_wconf 77' lang='lat' dir='ltr'><strong>Athanarico</strong></span> <span class='ocrx_word' id='word_1_161' title='bbox 2190 2347 2334 2412; x_wconf 87' lang='lat' dir='ltr'><strong>prin-</strong></span> 
     </span>
    </p>
   </div>
   <div class='ocr_carea' id='block_1_24' title="bbox 751 2434 2330 2501">
    <p class='ocr_par' dir='ltr' id='par_1_24' title="bbox 751 2434 2330 2501">
     <span class='ocr_line' id='line_1_24' title="bbox 751 2434 2330 2501; baseline 0.004 -18"><span class='ocrx_word' id='word_1_162' title='bbox 751 2434 869 2500; x_wconf 85' lang='lat' dir='ltr'><strong>cipe</strong></span> <span class='ocrx_word' id='word_1_163' title='bbox 932 2444 1151 2501; x_wconf 82' lang='lat' dir='ltr'><strong>pr0pter</strong></span> <span class='ocrx_word' id='word_1_164' title='bbox 1209 2435 1535 2486; x_wconf 66' lang='lat' dir='ltr'><strong>Christianae</strong></span> <span class='ocrx_word' id='word_1_165' title='bbox 1605 2434 1726 2487; x_wconf 88' lang='lat' dir='ltr'><strong>ﬁdei</strong></span> <span class='ocrx_word' id='word_1_166' title='bbox 1794 2435 2207 2501; x_wconf 82' lang='lat' dir='ltr'><strong>professionem,</strong></span> <span class='ocrx_word' id='word_1_167' title='bbox 2281 2447 2330 2490; x_wconf 88' lang='lat' dir='ltr'><strong>et</strong></span> 
     </span>
    </p>
   </div>
   <div class='ocr_carea' id='block_1_25' title="bbox 755 2525 2331 2597">
    <p class='ocr_par' dir='ltr' id='par_1_25' title="bbox 755 2525 2331 2597">
     <span class='ocr_line' id='line_1_25' title="bbox 755 2525 2331 2597; baseline 0.004 -21"><span class='ocrx_word' id='word_1_168' title='bbox 755 2525 938 2576; x_wconf 80' lang='lat' dir='ltr'><strong>multis</strong></span> <span class='ocrx_word' id='word_1_169' title='bbox 1033 2525 1315 2581; x_wconf 80' lang='lat' dir='ltr'><strong>tormentis</strong></span> <span class='ocrx_word' id='word_1_170' title='bbox 1380 2526 1672 2584; x_wconf 85' lang='lat' dir='ltr'><strong>cruciatus.</strong></span> <span class='ocrx_word' id='word_1_171' title='bbox 1753 2526 1872 2594; x_wconf 83' lang='lat' dir='ltr'><strong>igne</strong></span> <span class='ocrx_word' id='word_1_172' title='bbox 1961 2538 2331 2597; x_wconf 87' lang='lat' dir='ltr'><strong>consumptus,</strong></span> 
     </span>
    </p>
   </div>
   <div class='ocr_carea' id='block_1_26' title="bbox 755 2613 2334 2670">
    <p class='ocr_par' dir='ltr' id='par_1_26' title="bbox 755 2613 2334 2670">
     <span class='ocr_line' id='line_1_26' title="bbox 755 2613 2334 2670; baseline 0.003 -6"><span class='ocrx_word' id='word_1_173' title='bbox 755 2624 1168 2668; x_wconf 77' lang='lat' dir='ltr'><strong>consummatus</strong></span> <span class='ocrx_word' id='word_1_174' title='bbox 1211 2625 1312 2668; x_wconf 92' lang='lat' dir='ltr'><strong>est.</strong></span> <span class='ocrx_word' id='word_1_175' title='bbox 1357 2635 1374 2664; x_wconf 80' lang='grc' dir='ltr'><strong>ι</strong></span> <span class='ocrx_word' id='word_1_176' title='bbox 1406 2613 1717 2668; x_wconf 88' lang='lat' dir='ltr'><strong>Consonant</strong></span> <span class='ocrx_word' id='word_1_177' title='bbox 1749 2617 1969 2668; x_wconf 86' lang='lat' dir='ltr'><strong>omnino</strong></span> <span class='ocrx_word' id='word_1_178' title='bbox 2007 2615 2206 2669; x_wconf 64' lang='lat' dir='ltr'><strong>Menaaa</strong></span> <span class='ocrx_word' id='word_1_179' title='bbox 2238 2621 2334 2670; x_wconf 86' lang='lat' dir='ltr'><strong>im-</strong></span> 
     </span>
    </p>
   </div>
   <div class='ocr_carea' id='block_1_27' title="bbox 756 2703 2334 2775">
    <p class='ocr_par' dir='ltr' id='par_1_27' title="bbox 756 2703 2334 2775">
     <span class='ocr_line' id='line_1_27' title="bbox 756 2703 2334 2775; baseline 0.002 -15"><span class='ocrx_word' id='word_1_180' title='bbox 756 2715 960 2774; x_wconf 79' lang='lat' dir='ltr'><strong>pressa,</strong></span> <span class='ocrx_word' id='word_1_181' title='bbox 1000 2708 1086 2759; x_wconf 91' lang='lat' dir='ltr'><strong>ubi</strong></span> <span class='ocrx_word' id='word_1_182' title='bbox 1122 2723 1317 2759; x_wconf 88' lang='lat' dir='ltr'><strong>nomen</strong></span> <span class='ocrx_word' id='word_1_183' title='bbox 1355 2703 1692 2771; x_wconf 86' lang='lat' dir='ltr'><strong>Athanarici,</strong></span> <span class='ocrx_word' id='word_1_184' title='bbox 1733 2723 1828 2775; x_wconf 94' lang='lat' dir='ltr'><strong>pro</strong></span> <span class='ocrx_word' id='word_1_185' title='bbox 1851 2724 1958 2774; x_wconf 90' lang='lat' dir='ltr'><strong>quo</strong></span> <span class='ocrx_word' id='word_1_186' title='bbox 1988 2709 2072 2763; x_wconf 92' lang='lat' dir='ltr'><strong>hic</strong></span> <span class='ocrx_word' id='word_1_187' title='bbox 2115 2710 2334 2763; x_wconf 88' lang='lat' dir='ltr'><strong>mendo-</strong></span> 
     </span>
    </p>
   </div>
   <div class='ocr_carea' id='block_1_28' title="bbox 753 2796 2057 2864">
    <p class='ocr_par' dir='ltr' id='par_1_28' title="bbox 753 2796 2057 2864">
     <span class='ocr_line' id='line_1_28' title="bbox 753 2796 2057 2864; baseline 0.002 -18"><span class='ocrx_word' id='word_1_188' title='bbox 753 2814 812 2848; x_wconf 71' lang='lat' dir='ltr'><strong>se</strong></span> <span class='ocrx_word' id='word_1_189' title='bbox 846 2796 1172 2847; x_wconf 75' lang='lat' dir='ltr'><strong>Athanasius</strong></span> <span class='ocrx_word' id='word_1_190' title='bbox 1201 2796 1410 2863; x_wconf 81' lang='lat' dir='ltr'><strong>legitur.</strong></span> <span class='ocrx_word' id='word_1_191' title='bbox 1441 2807 1586 2849; x_wconf 88' lang='lat' dir='ltr'><strong>recte</strong></span> <span class='ocrx_word' id='word_1_192' title='bbox 1608 2807 1689 2849; x_wconf 88' lang='lat' dir='ltr'><strong>est</strong></span> <span class='ocrx_word' id='word_1_193' title='bbox 1717 2813 2057 2864; x_wconf 76' lang='lat' dir='ltr'><strong>expressum.</strong></span> 
     </span>
    </p>
   </div>
   <div class='ocr_carea' id='block_1_29' title="bbox 824 2885 2334 2956">
    <p class='ocr_par' dir='ltr' id='par_1_29' title="bbox 824 2885 2334 2956">
     <span class='ocr_line' id='line_1_29' title="bbox 824 2885 2334 2956; baseline 0.004 -18"><span class='ocrx_word' id='word_1_194' title='bbox 824 2887 888 2938; x_wconf 94' lang='lat' dir='ltr'><strong>Il.</strong></span> <span class='ocrx_word' id='word_1_195' title='bbox 943 2885 998 2938; x_wconf 92' lang='lat' dir='ltr'><strong>In</strong></span> <span class='ocrx_word' id='word_1_196' title='bbox 1051 2887 1351 2956; x_wconf 78' lang='lat' dir='ltr'><strong>Menologio</strong></span> <span class='ocrx_word' id='word_1_197' title='bbox 1405 2887 1672 2940; x_wconf 78' lang='lat' dir='ltr'><strong>Basiliano</strong></span> <span class='ocrx_word' id='word_1_198' title='bbox 1723 2891 1852 2940; x_wconf 86' lang='lat' dir='ltr'><strong>Acta</strong></span> <span class='ocrx_word' id='word_1_199' title='bbox 1917 2889 2088 2941; x_wconf 77' lang='lat' dir='ltr'><strong>Sancti</strong></span> <span class='ocrx_word' id='word_1_200' title='bbox 2137 2887 2334 2944; x_wconf 66' lang='lat' dir='ltr'><strong>Nicetaa</strong></span> 
     </span>
    </p>
   </div>
   <div class='ocr_carea' id='block_1_30' title="bbox 752 2979 2332 3049">
    <p class='ocr_par' dir='ltr' id='par_1_30' title="bbox 752 2979 2332 3049">
     <span class='ocr_line' id='line_1_30' title="bbox 752 2979 2332 3049; baseline 0.003 -19"><span class='ocrx_word' id='word_1_201' title='bbox 752 2980 1080 3048; x_wconf 82' lang='lat' dir='ltr'><strong>compendio</strong></span> <span class='ocrx_word' id='word_1_202' title='bbox 1117 2990 1486 3045; x_wconf 86' lang='lat' dir='ltr'><strong>exponuntur.</strong></span> <span class='ocrx_word' id='word_1_203' title='bbox 1527 2979 1658 3032; x_wconf 70' lang='lat' dir='ltr'><strong>Nam</strong></span> <span class='ocrx_word' id='word_1_204' title='bbox 1707 2991 1828 3049; x_wconf 84' lang='lat' dir='ltr'><strong>post</strong></span> <span class='ocrx_word' id='word_1_205' title='bbox 1870 2981 2007 3033; x_wconf 85' lang='lat' dir='ltr'><strong>hanc</strong></span> <span class='ocrx_word' id='word_1_206' title='bbox 2042 2983 2332 3036; x_wconf 88' lang='lat' dir='ltr'><strong>annuntia-</strong></span> 
     </span>
    </p>
   </div>
   <div class='ocr_carea' id='block_1_31' title="bbox 755 3070 2326 3140">
    <p class='ocr_par' dir='ltr' id='par_1_31' title="bbox 755 3070 2326 3140">
     <span class='ocr_line' id='line_1_31' title="bbox 755 3070 2326 3140; baseline 0.001 -18"><span class='ocrx_word' id='word_1_207' title='bbox 755 3072 979 3133; x_wconf 90' lang='lat' dir='ltr'><strong>tionem,</strong></span> <span class='ocrx_word' id='word_1_208' title='bbox 1018 3070 1335 3124; x_wconf 69' lang='lat' dir='ltr'><strong>«Certamen</strong></span> <span class='ocrx_word' id='word_1_209' title='bbox 1377 3073 1548 3124; x_wconf 84' lang='lat' dir='ltr'><strong>sancti</strong></span> <span class='ocrx_word' id='word_1_210' title='bbox 1579 3072 1754 3140; x_wconf 87' lang='lat' dir='ltr'><strong>magni</strong></span> <span class='ocrx_word' id='word_1_211' title='bbox 1789 3073 2041 3140; x_wconf 76' lang='lat' dir='ltr'><strong>martyris</strong></span> <span class='ocrx_word' id='word_1_212' title='bbox 2072 3072 2326 3135; x_wconf 54' lang='lat' dir='ltr'><strong>Niceten</strong></span> 
     </span>
    </p>
   </div>
   <div class='ocr_carea' id='block_1_32' title="bbox 759 3162 2337 3232">
    <p class='ocr_par' dir='ltr' id='par_1_32' title="bbox 759 3162 2337 3232">
     <span class='ocr_line' id='line_1_32' title="bbox 759 3162 2337 3232; baseline 0.001 -17"><span class='ocrx_word' id='word_1_213' title='bbox 759 3165 1008 3231; x_wconf 80' lang='lat' dir='ltr'><strong>sequitur</strong></span> <span class='ocrx_word' id='word_1_214' title='bbox 1035 3162 1272 3232; x_wconf 81' lang='lat' dir='ltr'><strong>elogium</strong></span> <span class='ocrx_word' id='word_1_215' title='bbox 1306 3163 1376 3215; x_wconf 90' lang='lat' dir='ltr'><strong>ita</strong></span> <span class='ocrx_word' id='word_1_216' title='bbox 1411 3175 1737 3230; x_wconf 85' lang='lat' dir='ltr'><strong>conceptum</strong></span> <span class='ocrx_word' id='word_1_217' title='bbox 1766 3181 1777 3214; x_wconf 75' lang='grc' dir='ltr'>ε</span> <span class='ocrx_word' id='word_1_218' title='bbox 1815 3164 2078 3218; x_wconf 66' lang='lat' dir='ltr'><strong>«Nicetas.</strong></span> <span class='ocrx_word' id='word_1_219' title='bbox 2116 3166 2337 3231; x_wconf 66' lang='lat' dir='ltr'><strong>praecla-</strong></span> 
     </span>
    </p>
   </div>
   <div class='ocr_carea' id='block_1_33' title="bbox 753 3250 2332 3319">
    <p class='ocr_par' dir='ltr' id='par_1_33' title="bbox 753 3250 2332 3319">
     <span class='ocr_line' id='line_1_33' title="bbox 753 3250 2332 3319; baseline 0.004 -19"><span class='ocrx_word' id='word_1_220' title='bbox 753 3265 847 3303; x_wconf 91' lang='lat' dir='ltr'><strong>rus</strong></span> <span class='ocrx_word' id='word_1_221' title='bbox 913 3251 1112 3303; x_wconf 76' lang='lat' dir='ltr'><strong>Christi</strong></span> <span class='ocrx_word' id='word_1_222' title='bbox 1175 3260 1398 3319; x_wconf 82' lang='lat' dir='ltr'><strong>martyr,</strong></span> <span class='ocrx_word' id='word_1_223' title='bbox 1451 3250 1552 3302; x_wconf 90' lang='lat' dir='ltr'><strong>fuit</strong></span> <span class='ocrx_word' id='word_1_224' title='bbox 1617 3252 1916 3319; x_wconf 88' lang='lat' dir='ltr'><strong>imperante</strong></span> <span class='ocrx_word' id='word_1_225' title='bbox 1975 3252 2332 3308; x_wconf 79' lang='lat' dir='ltr'><strong>Constantino</strong></span> 
     </span>
    </p>
   </div>
   <div class='ocr_carea' id='block_1_34' title="bbox 752 3339 2337 3411">
    <p class='ocr_par' dir='ltr' id='par_1_34' title="bbox 752 3339 2337 3411">
     <span class='ocr_line' id='line_1_34' title="bbox 752 3339 2337 3411; baseline 0.004 -20"><span class='ocrx_word' id='word_1_226' title='bbox 752 3339 962 3411; x_wconf 86' lang='lat' dir='ltr'><strong>Magno,</strong></span> <span class='ocrx_word' id='word_1_227' title='bbox 1005 3356 1201 3410; x_wconf 88' lang='lat' dir='ltr'><strong>genere</strong></span> <span class='ocrx_word' id='word_1_228' title='bbox 1235 3341 1464 3404; x_wconf 86' lang='lat' dir='ltr'><strong>Gothus,</strong></span> <span class='ocrx_word' id='word_1_229' title='bbox 1526 3342 1803 3396; x_wconf 84' lang='lat' dir='ltr'><strong>nobilitate</strong></span> <span class='ocrx_word' id='word_1_230' title='bbox 1871 3357 1932 3396; x_wconf 88' lang='lat' dir='ltr'><strong>ac</strong></span> <span class='ocrx_word' id='word_1_231' title='bbox 1965 3343 2164 3398; x_wconf 87' lang='lat' dir='ltr'><strong>divitiis</strong></span> <span class='ocrx_word' id='word_1_232' title='bbox 2195 3345 2337 3398; x_wconf 90' lang='lat' dir='ltr'><strong>inter</strong></span> 
     </span>
    </p>
   </div>
   <div class='ocr_carea' id='block_1_35' title="bbox 754 3433 2332 3504">
    <p class='ocr_par' dir='ltr' id='par_1_35' title="bbox 754 3433 2332 3504">
     <span class='ocr_line' id='line_1_35' title="bbox 754 3433 2332 3504; baseline 0.004 -22"><span class='ocrx_word' id='word_1_233' title='bbox 754 3435 1043 3502; x_wconf 71' lang='lat' dir='ltr'><strong>populares</strong></span> <span class='ocrx_word' id='word_1_234' title='bbox 1075 3449 1202 3488; x_wconf 90' lang='lat' dir='ltr'><strong>suos</strong></span> <span class='ocrx_word' id='word_1_235' title='bbox 1244 3433 1463 3495; x_wconf 86' lang='lat' dir='ltr'><strong>florens,</strong></span> <span class='ocrx_word' id='word_1_236' title='bbox 1497 3449 1525 3485; x_wconf 90' lang='lat' dir='ltr'><strong>a</strong></span> <span class='ocrx_word' id='word_1_237' title='bbox 1569 3433 1876 3503; x_wconf 85' lang='lat' dir='ltr'><strong>Tlteophilo</strong></span> <span class='ocrx_word' id='word_1_238' title='bbox 1913 3436 2332 3504; x_wconf 88' lang='lat' dir='ltr'><strong>religiosissimo</strong></span> 
     </span>
    </p>
   </div>
   <div class='ocr_carea' id='block_1_36' title="bbox 752 3523 2336 3601">
    <p class='ocr_par' dir='ltr' id='par_1_36' title="bbox 752 3523 2336 3601">
     <span class='ocr_line' id='line_1_36' title="bbox 752 3523 2336 3601; baseline 0.002 -26"><span class='ocrx_word' id='word_1_239' title='bbox 752 3526 962 3578; x_wconf 64' lang='lat' dir='ltr'><strong>Gothiae</strong></span> <span class='ocrx_word' id='word_1_240' title='bbox 1009 3525 1264 3601; x_wconf 83' lang='lat' dir='ltr'><strong>episcopo</strong></span> <span class='ocrx_word' id='word_1_241' title='bbox 1319 3523 1476 3574; x_wconf 86' lang='lat' dir='ltr'><strong>ﬁdem</strong></span> <span class='ocrx_word' id='word_1_242' title='bbox 1536 3525 1779 3577; x_wconf 84' lang='lat' dir='ltr'><strong>eductus.</strong></span> <span class='ocrx_word' id='word_1_243' title='bbox 1829 3524 1964 3577; x_wconf 90' lang='lat' dir='ltr'><strong>Cum</strong></span> <span class='ocrx_word' id='word_1_244' title='bbox 2043 3536 2220 3578; x_wconf 88' lang='lat' dir='ltr'><strong>autem</strong></span> <span class='ocrx_word' id='word_1_245' title='bbox 2283 3527 2336 3578; x_wconf 90' lang='lat' dir='ltr'><strong>in</strong></span> 
     </span>
    </p>
   </div>
   <div class='ocr_carea' id='block_1_37' title="bbox 753 3610 2335 3682">
    <p class='ocr_par' dir='ltr' id='par_1_37' title="bbox 753 3610 2335 3682">
     <span class='ocr_line' id='line_1_37' title="bbox 753 3610 2335 3682; baseline 0.001 -11"><span class='ocrx_word' id='word_1_246' title='bbox 753 3620 888 3671; x_wconf 84' lang='lat' dir='ltr'><strong>duas</strong></span> <span class='ocrx_word' id='word_1_247' title='bbox 917 3617 1179 3670; x_wconf 86' lang='lat' dir='ltr'><strong>factiones</strong></span> <span class='ocrx_word' id='word_1_248' title='bbox 1217 3625 1324 3667; x_wconf 89' lang='lat' dir='ltr'><strong>tota</strong></span> <span class='ocrx_word' id='word_1_249' title='bbox 1388 3610 1690 3666; x_wconf 88' lang='lat' dir='ltr'><strong>Gothorum</strong></span> <span class='ocrx_word' id='word_1_250' title='bbox 1733 3630 1866 3682; x_wconf 89' lang='lat' dir='ltr'><strong>gens</strong></span> <span class='ocrx_word' id='word_1_251' title='bbox 1915 3618 2082 3670; x_wconf 87' lang='lat' dir='ltr'><strong>scissa</strong></span> <span class='ocrx_word' id='word_1_252' title='bbox 2120 3617 2335 3674; x_wconf 73' lang='lat' dir='ltr'><strong>fuisset.</strong></span> 
     </span>
    </p>
   </div>
   <div class='ocr_carea' id='block_1_38' title="bbox 753 3706 2336 3780">
    <p class='ocr_par' dir='ltr' id='par_1_38' title="bbox 753 3706 2336 3780">
     <span class='ocr_line' id='line_1_38' title="bbox 753 3706 2336 3780; baseline -0.003 -14"><span class='ocrx_word' id='word_1_253' title='bbox 753 3723 915 3780; x_wconf 79' lang='lat' dir='ltr'><strong>atque</strong></span> <span class='ocrx_word' id='word_1_254' title='bbox 947 3723 1173 3779; x_wconf 87' lang='lat' dir='ltr'><strong>utraque</strong></span> <span class='ocrx_word' id='word_1_255' title='bbox 1219 3726 1374 3774; x_wconf 78' lang='lat' dir='ltr'><strong>suum</strong></span> <span class='ocrx_word' id='word_1_256' title='bbox 1403 3706 1504 3762; x_wconf 87' lang='lat' dir='ltr'><strong>sibi</strong></span> <span class='ocrx_word' id='word_1_257' title='bbox 1542 3710 1842 3776; x_wconf 88' lang='lat' dir='ltr'><strong>principem</strong></span> <span class='ocrx_word' id='word_1_258' title='bbox 1890 3719 2162 3773; x_wconf 87' lang='lat' dir='ltr'><strong>creasset;</strong></span> <span class='ocrx_word' id='word_1_259' title='bbox 2207 3725 2336 3764; x_wconf 88' lang='lat' dir='ltr'><strong>con-</strong></span> 
     </span>
    </p>
   </div>
   <div class='ocr_carea' id='block_1_39' title="bbox 754 3802 2327 3874">
    <p class='ocr_par' dir='ltr' id='par_1_39' title="bbox 754 3802 2327 3874">
     <span class='ocr_line' id='line_1_39' title="bbox 754 3802 2327 3874; baseline -0.001 -16"><span class='ocrx_word' id='word_1_260' title='bbox 754 3805 1045 3874; x_wconf 86' lang='lat' dir='ltr'><strong>fugitalter</strong></span> <span class='ocrx_word' id='word_1_261' title='bbox 1069 3804 1373 3870; x_wconf 86' lang='lat' dir='ltr'><strong>principum</strong></span> <span class='ocrx_word' id='word_1_262' title='bbox 1405 3804 1470 3857; x_wconf 89' lang='lat' dir='ltr'><strong>ad</strong></span> <span class='ocrx_word' id='word_1_263' title='bbox 1507 3802 1870 3856; x_wconf 80' lang='lat' dir='ltr'><strong>Romanorum</strong></span> <span class='ocrx_word' id='word_1_264' title='bbox 1903 3802 2283 3870; x_wconf 81' lang='lat' dir='ltr'><strong>imperatorem</strong></span> <span class='ocrx_word' id='word_1_265' title='bbox 2315 3822 2327 3857; x_wconf 89' lang='lat'>:</span> 
     </span>
    </p>
   </div>
   <div class='ocr_carea' id='block_1_40' title="bbox 754 3893 2332 3966">
    <p class='ocr_par' dir='ltr' id='par_1_40' title="bbox 754 3893 2332 3966">
     <span class='ocr_line' id='line_1_40' title="bbox 754 3893 2332 3966; baseline -0.002 -17"><span class='ocrx_word' id='word_1_266' title='bbox 754 3898 846 3966; x_wconf 89' lang='lat' dir='ltr'><strong>qui</strong></span> <span class='ocrx_word' id='word_1_267' title='bbox 895 3911 1017 3949; x_wconf 87' lang='lat' dir='ltr'><strong>eum</strong></span> <span class='ocrx_word' id='word_1_268' title='bbox 1065 3906 1312 3964; x_wconf 84' lang='lat' dir='ltr'><strong>suscepta</strong></span> <span class='ocrx_word' id='word_1_269' title='bbox 1349 3897 1401 3947; x_wconf 92' lang='lat' dir='ltr'><strong>in</strong></span> <span class='ocrx_word' id='word_1_270' title='bbox 1437 3897 1720 3949; x_wconf 71' lang='lat' dir='ltr'><strong>contrariae</strong></span> <span class='ocrx_word' id='word_1_271' title='bbox 1753 3893 2002 3948; x_wconf 90' lang='lat' dir='ltr'><strong>factionis</strong></span> <span class='ocrx_word' id='word_1_272' title='bbox 2050 3903 2332 3963; x_wconf 80' lang='lat' dir='ltr'><strong>tyrannum</strong></span> 
     </span>
    </p>
   </div>
   <div class='ocr_carea' id='block_1_41' title="bbox 755 3983 2331 4054">
    <p class='ocr_par' dir='ltr' id='par_1_41' title="bbox 755 3983 2331 4054">
     <span class='ocr_line' id='line_1_41' title="bbox 755 3983 2331 4054; baseline -0.004 -14"><span class='ocrx_word' id='word_1_273' title='bbox 755 3987 1121 4054; x_wconf 80' lang='lat' dir='ltr'><strong>expeditione,</strong></span> <span class='ocrx_word' id='word_1_274' title='bbox 1158 3986 1420 4054; x_wconf 78' lang='lat' dir='ltr'><strong>insignem</strong></span> <span class='ocrx_word' id='word_1_275' title='bbox 1454 4000 1516 4038; x_wconf 81' lang='lat' dir='ltr'><strong>ex</strong></span> <span class='ocrx_word' id='word_1_276' title='bbox 1560 3999 1625 4037; x_wconf 93' lang='lat' dir='ltr'><strong>eo</strong></span> <span class='ocrx_word' id='word_1_277' title='bbox 1662 3993 1995 4051; x_wconf 89' lang='lat' dir='ltr'><strong>reportasset</strong></span> <span class='ocrx_word' id='word_1_278' title='bbox 2026 3983 2331 4048; x_wconf 80' lang='lat' dir='ltr'><strong>victoriam,</strong></span> 
     </span>
    </p>
   </div>
   <div class='ocr_carea' id='block_1_42' title="bbox 755 4073 2333 4146">
    <p class='ocr_par' dir='ltr' id='par_1_42' title="bbox 755 4073 2333 4146">
     <span class='ocr_line' id='line_1_42' title="bbox 755 4073 2333 4146; baseline -0.004 -15"><span class='ocrx_word' id='word_1_279' title='bbox 755 4077 1069 4144; x_wconf 89' lang='lat' dir='ltr'><strong>Gothosque</strong></span> <span class='ocrx_word' id='word_1_280' title='bbox 1101 4076 1420 4146; x_wconf 71' lang='lat' dir='ltr'><strong>subegisset,</strong></span> <span class='ocrx_word' id='word_1_281' title='bbox 1458 4089 1523 4126; x_wconf 76' lang='lat' dir='ltr'><strong>ex</strong></span> <span class='ocrx_word' id='word_1_282' title='bbox 1580 4089 1645 4126; x_wconf 88' lang='lat' dir='ltr'><strong>eo</strong></span> <span class='ocrx_word' id='word_1_283' title='bbox 1707 4083 1947 4140; x_wconf 90' lang='lat' dir='ltr'><strong>tempore</strong></span> <span class='ocrx_word' id='word_1_284' title='bbox 1981 4087 2149 4140; x_wconf 90' lang='lat' dir='ltr'><strong>genus</strong></span> <span class='ocrx_word' id='word_1_285' title='bbox 2178 4073 2333 4124; x_wconf 67' lang='lat' dir='ltr'><strong>Chri-</strong></span> 
     </span>
    </p>
   </div>
   <div class='ocr_carea' id='block_1_43' title="bbox 759 4161 2333 4231">
    <p class='ocr_par' dir='ltr' id='par_1_43' title="bbox 759 4161 2333 4231">
     <span class='ocr_line' id='line_1_43' title="bbox 759 4161 2333 4231; baseline -0.002 -14"><span class='ocrx_word' id='word_1_286' title='bbox 759 4167 1060 4218; x_wconf 76' lang='lat' dir='ltr'><strong>stianorum</strong></span> <span class='ocrx_word' id='word_1_287' title='bbox 1117 4165 1257 4216; x_wconf 89' lang='lat' dir='ltr'><strong>inter</strong></span> <span class='ocrx_word' id='word_1_288' title='bbox 1302 4163 1507 4218; x_wconf 90' lang='lat' dir='ltr'><strong>Gothos</strong></span> <span class='ocrx_word' id='word_1_289' title='bbox 1542 4162 1952 4231; x_wconf 88' lang='lat' dir='ltr'><strong>multiplicatum</strong></span> <span class='ocrx_word' id='word_1_290' title='bbox 1985 4174 2087 4216; x_wconf 74' lang='grc' dir='ltr'><strong>εει.</strong></span> <span class='ocrx_word' id='word_1_291' title='bbox 2131 4161 2333 4215; x_wconf 88' lang='lat' dir='ltr'><strong>Horum</strong></span> 
     </span>
    </p>
   </div>
   <div class='ocr_carea' id='block_1_44' title="bbox 759 4255 2333 4326">
    <p class='ocr_par' dir='ltr' id='par_1_44' title="bbox 759 4255 2333 4326">
     <span class='ocr_line' id='line_1_44' title="bbox 759 4255 2333 4326; baseline 0.001 -19"><span class='ocrx_word' id='word_1_292' title='bbox 759 4257 967 4326; x_wconf 83' lang='lat' dir='ltr'><strong>primus</strong></span> <span class='ocrx_word' id='word_1_293' title='bbox 1006 4265 1226 4309; x_wconf 79' lang='lat' dir='ltr'><strong>sanctus</strong></span> <span class='ocrx_word' id='word_1_294' title='bbox 1258 4256 1473 4310; x_wconf 68' lang='lat' dir='ltr'><strong>Nicetas</strong></span> <span class='ocrx_word' id='word_1_295' title='bbox 1502 4257 1622 4319; x_wconf 83' lang='lat' dir='ltr'><strong>fuit,</strong></span> <span class='ocrx_word' id='word_1_296' title='bbox 1648 4255 1737 4324; x_wconf 85' lang='lat' dir='ltr'><strong>qui</strong></span> <span class='ocrx_word' id='word_1_297' title='bbox 1767 4267 1822 4310; x_wconf 90' lang='lat' dir='ltr'><strong>et</strong></span> <span class='ocrx_word' id='word_1_298' title='bbox 1843 4272 2054 4309; x_wconf 89' lang='lat' dir='ltr'><strong>summa</strong></span> <span class='ocrx_word' id='word_1_299' title='bbox 2083 4256 2333 4309; x_wconf 73' lang='lat' dir='ltr'><strong>libertate</strong></span> 
     </span>
    </p>
   </div>
   <div class='ocr_carea' id='block_1_45' title="bbox 759 4350 2332 4418">
    <p class='ocr_par' dir='ltr' id='par_1_45' title="bbox 759 4350 2332 4418">
     <span class='ocr_line' id='line_1_45' title="bbox 759 4350 2332 4418; baseline -0.002 -15"><span class='ocrx_word' id='word_1_300' title='bbox 759 4350 1123 4403; x_wconf 83' lang='lat' dir='ltr'><strong>Christianam</strong></span> <span class='ocrx_word' id='word_1_301' title='bbox 1177 4352 1335 4402; x_wconf 82' lang='lat' dir='ltr'><strong>fidem</strong></span> <span class='ocrx_word' id='word_1_302' title='bbox 1372 4353 1571 4418; x_wconf 91' lang='lat' dir='ltr'><strong>populo</strong></span> <span class='ocrx_word' id='word_1_303' title='bbox 1611 4351 1990 4403; x_wconf 85' lang='lat' dir='ltr'><strong>annuntiabat.</strong></span> <span class='ocrx_word' id='word_1_304' title='bbox 2033 4350 2136 4402; x_wconf 88' lang='lat' dir='ltr'><strong>Sed</strong></span> <span class='ocrx_word' id='word_1_305' title='bbox 2186 4359 2332 4417; x_wconf 89' lang='lat' dir='ltr'><strong>post-</strong></span> 
     </span>
    </p>
   </div>
   <div class='ocr_carea' id='block_1_46' title="bbox 759 4439 2335 4511">
    <p class='ocr_par' dir='ltr' id='par_1_46' title="bbox 759 4439 2335 4511">
     <span class='ocr_line' id='line_1_46' title="bbox 759 4439 2335 4511; baseline 0.001 -20"><span class='ocrx_word' id='word_1_306' title='bbox 759 4458 919 4508; x_wconf 86' lang='lat' dir='ltr'><strong>quam</strong></span> <span class='ocrx_word' id='word_1_307' title='bbox 995 4455 1246 4494; x_wconf 79' lang='lat' dir='ltr'><strong>reversus</strong></span> <span class='ocrx_word' id='word_1_308' title='bbox 1289 4452 1370 4495; x_wconf 91' lang='lat' dir='ltr'><strong>est</strong></span> <span class='ocrx_word' id='word_1_309' title='bbox 1418 4443 1726 4511; x_wconf 89' lang='lat' dir='ltr'><strong>imperator,</strong></span> <span class='ocrx_word' id='word_1_310' title='bbox 1772 4441 1932 4496; x_wconf 90' lang='lat' dir='ltr'><strong>Gothi</strong></span> <span class='ocrx_word' id='word_1_311' title='bbox 1975 4440 2215 4493; x_wconf 90' lang='lat' dir='ltr'><strong>inﬁdeles</strong></span> <span class='ocrx_word' id='word_1_312' title='bbox 2252 4439 2335 4492; x_wconf 82' lang='lat' dir='ltr'><strong>fu-</strong></span> 
     </span>
    </p>
   </div>
   <div class='ocr_carea' id='block_1_47' title="bbox 2442 603 4046 674">
    <p class='ocr_par' dir='ltr' id='par_1_47' title="bbox 2442 603 4046 674">
     <span class='ocr_line' id='line_1_47' title="bbox 2442 603 4046 674; baseline -0.004 -14"><span class='ocrx_word' id='word_1_313' title='bbox 2442 616 2574 661; x_wconf 92' lang='lat' dir='ltr'><strong>tom.</strong></span> <span class='ocrx_word' id='word_1_314' title='bbox 2613 623 2643 658; x_wconf 91' lang='lat' dir='ltr'><strong>v</strong></span> <span class='ocrx_word' id='word_1_315' title='bbox 2683 613 2824 674; x_wconf 87' lang='lat' dir='ltr'><strong>part.</strong></span> <span class='ocrx_word' id='word_1_316' title='bbox 2875 621 2934 658; x_wconf 93' lang='grc' dir='ltr'><strong><em>ιι.</em></strong></span> <span class='ocrx_word' id='word_1_317' title='bbox 2978 605 3035 658; x_wconf 91' lang='lat' dir='ltr'><strong>In</strong></span> <span class='ocrx_word' id='word_1_318' title='bbox 3080 605 3173 659; x_wconf 87' lang='lat' dir='ltr'><strong>illo</strong></span> <span class='ocrx_word' id='word_1_319' title='bbox 3227 605 3370 657; x_wconf 89' lang='lat' dir='ltr'><strong>enim</strong></span> <span class='ocrx_word' id='word_1_320' title='bbox 3413 613 3671 656; x_wconf 89' lang='lat' dir='ltr'><strong>tractatur</strong></span> <span class='ocrx_word' id='word_1_321' title='bbox 3705 603 3773 656; x_wconf 88' lang='lat' dir='ltr'><strong>de</strong></span> <span class='ocrx_word' id='word_1_322' title='bbox 3809 604 4046 670; x_wconf 68' lang='lat' dir='ltr'><strong>templo</strong></span> 
     </span>
    </p>
   </div>
   <div class='ocr_carea' id='block_1_48' title="bbox 2438 696 4044 765">
    <p class='ocr_par' dir='ltr' id='par_1_48' title="bbox 2438 696 4044 765">
     <span class='ocr_line' id='line_1_48' title="bbox 2438 696 4044 765; baseline -0.002 -13"><span class='ocrx_word' id='word_1_323' title='bbox 2438 698 2492 752; x_wconf 91' lang='lat' dir='ltr'><strong>S.</strong></span> <span class='ocrx_word' id='word_1_324' title='bbox 2557 697 2783 761; x_wconf 76' lang='lat' dir='ltr'><strong>Nicolai,</strong></span> <span class='ocrx_word' id='word_1_325' title='bbox 2865 696 3115 765; x_wconf 83' lang='lat' dir='ltr'><strong>parocltia</strong></span> <span class='ocrx_word' id='word_1_326' title='bbox 3181 696 3613 765; x_wconf 76' lang='lat' dir='ltr'><strong>presbyterorum</strong></span> <span class='ocrx_word' id='word_1_327' title='bbox 3675 697 3726 748; x_wconf 92' lang='lat' dir='ltr'><strong>in</strong></span> <span class='ocrx_word' id='word_1_328' title='bbox 3796 697 4044 762; x_wconf 80' lang='lat' dir='ltr'><strong>regione</strong></span> 
     </span>
    </p>
   </div>
   <div class='ocr_carea' id='block_1_49' title="bbox 2437 785 4038 855">
    <p class='ocr_par' dir='ltr' id='par_1_49' title="bbox 2437 785 4038 855">
     <span class='ocr_line' id='line_1_49' title="bbox 2437 785 4038 855; baseline -0.004 -15"><span class='ocrx_word' id='word_1_329' title='bbox 2437 788 2588 840; x_wconf 89' lang='lat' dir='ltr'><strong>Dorsi</strong></span> <span class='ocrx_word' id='word_1_330' title='bbox 2635 788 2776 852; x_wconf 90' lang='lat' dir='ltr'><strong>duri,</strong></span> <span class='ocrx_word' id='word_1_331' title='bbox 2838 796 2998 855; x_wconf 85' lang='lat' dir='ltr'><strong>atque</strong></span> <span class='ocrx_word' id='word_1_332' title='bbox 3033 787 3083 838; x_wconf 86' lang='lat' dir='ltr'><strong>iit</strong></span> <span class='ocrx_word' id='word_1_333' title='bbox 3117 786 3224 838; x_wconf 88' lang='lat' dir='ltr'><strong>fine</strong></span> <span class='ocrx_word' id='word_1_334' title='bbox 3268 786 3508 838; x_wconf 89' lang='lat' dir='ltr'><strong>dicitur:</strong></span> <span class='ocrx_word' id='word_1_335' title='bbox 3551 785 3648 838; x_wconf 91' lang='lat' dir='ltr'><strong>Hic</strong></span> <span class='ocrx_word' id='word_1_336' title='bbox 3687 787 3867 838; x_wconf 85' lang='lat' dir='ltr'><strong>saneti</strong></span> <span class='ocrx_word' id='word_1_337' title='bbox 3919 785 4038 835; x_wconf 68' lang='lat' dir='ltr'><strong>Ni-</strong></span> 
     </span>
    </p>
   </div>
   <div class='ocr_carea' id='block_1_50' title="bbox 2436 877 4034 948">
    <p class='ocr_par' dir='ltr' id='par_1_50' title="bbox 2436 877 4034 948">
     <span class='ocr_line' id='line_1_50' title="bbox 2436 877 4034 948; baseline -0.003 -16"><span class='ocrx_word' id='word_1_338' title='bbox 2436 892 2567 934; x_wconf 67' lang='lat' dir='ltr'><strong>cone</strong></span> <span class='ocrx_word' id='word_1_339' title='bbox 2598 895 2794 948; x_wconf 90' lang='lat' dir='ltr'><strong>corpus</strong></span> <span class='ocrx_word' id='word_1_340' title='bbox 2823 879 3049 947; x_wconf 62' lang='lat' dir='ltr'><strong>alimque</strong></span> <span class='ocrx_word' id='word_1_341' title='bbox 3081 889 3392 930; x_wconf 90' lang='lat' dir='ltr'><strong>sanctorum</strong></span> <span class='ocrx_word' id='word_1_342' title='bbox 3431 877 3672 945; x_wconf 62' lang='lat' dir='ltr'><strong>reliquias</strong></span> <span class='ocrx_word' id='word_1_343' title='bbox 3709 877 4034 927; x_wconf 71' lang='lat' dir='ltr'><strong>habentur.</strong></span> 
     </span>
    </p>
   </div>
   <div class='ocr_carea' id='block_1_51' title="bbox 2504 968 4038 1040">
    <p class='ocr_par' dir='ltr' id='par_1_51' title="bbox 2504 968 4038 1040">
     <span class='ocr_line' id='line_1_51' title="bbox 2504 968 4038 1040; baseline -0.002 -16"><span class='ocrx_word' id='word_1_344' title='bbox 2504 972 2591 1025; x_wconf 90' lang='lat' dir='ltr'><strong>IV.</strong></span> <span class='ocrx_word' id='word_1_345' title='bbox 2636 971 2786 1036; x_wconf 86' lang='lat' dir='ltr'><strong>Quod</strong></span> <span class='ocrx_word' id='word_1_346' title='bbox 2820 982 3027 1040; x_wconf 86' lang='lat' dir='ltr'><strong>spectat</strong></span> <span class='ocrx_word' id='word_1_347' title='bbox 3055 973 3119 1024; x_wconf 88' lang='lat' dir='ltr'><strong>ad</strong></span> <span class='ocrx_word' id='word_1_348' title='bbox 3157 981 3390 1039; x_wconf 89' lang='lat' dir='ltr'><strong>tempus,</strong></span> <span class='ocrx_word' id='word_1_349' title='bbox 3428 985 3533 1038; x_wconf 90' lang='lat' dir='ltr'><strong>quo</strong></span> <span class='ocrx_word' id='word_1_350' title='bbox 3588 978 3816 1022; x_wconf 87' lang='lat' dir='ltr'><strong>sanctus</strong></span> <span class='ocrx_word' id='word_1_351' title='bbox 3854 968 4038 1021; x_wconf 70' lang='lat' dir='ltr'><strong>Nice-</strong></span> 
     </span>
    </p>
   </div>
   <div class='ocr_carea' id='block_1_52' title="bbox 2438 1060 4035 1132">
    <p class='ocr_par' dir='ltr' id='par_1_52' title="bbox 2438 1060 4035 1132">
     <span class='ocr_line' id='line_1_52' title="bbox 2438 1060 4035 1132; baseline -0.003 -16"><span class='ocrx_word' id='word_1_352' title='bbox 2438 1072 2518 1116; x_wconf 90' lang='lat' dir='ltr'><strong>tas</strong></span> <span class='ocrx_word' id='word_1_353' title='bbox 2544 1063 2800 1132; x_wconf 85' lang='lat' dir='ltr'><strong>martyrio</strong></span> <span class='ocrx_word' id='word_1_354' title='bbox 2825 1074 3114 1117; x_wconf 83' lang='lat' dir='ltr'><strong>coronatus</strong></span> <span class='ocrx_word' id='word_1_355' title='bbox 3141 1075 3241 1127; x_wconf 89' lang='lat' dir='ltr'><strong>est,</strong></span> <span class='ocrx_word' id='word_1_356' title='bbox 3267 1063 3394 1116; x_wconf 87' lang='lat' dir='ltr'><strong>illttd</strong></span> <span class='ocrx_word' id='word_1_357' title='bbox 3418 1072 3710 1128; x_wconf 89' lang='lat' dir='ltr'><strong>utcumque</strong></span> <span class='ocrx_word' id='word_1_358' title='bbox 3742 1060 4035 1128; x_wconf 73' lang='lat' dir='ltr'><strong>assignari</strong></span> 
     </span>
    </p>
   </div>
   <div class='ocr_carea' id='block_1_53' title="bbox 2433 1155 4039 1226">
    <p class='ocr_par' dir='ltr' id='par_1_53' title="bbox 2433 1155 4039 1226">
     <span class='ocr_line' id='line_1_53' title="bbox 2433 1155 4039 1226; baseline -0.001 -16"><span class='ocrx_word' id='word_1_359' title='bbox 2433 1167 2613 1226; x_wconf 82' lang='lat' dir='ltr'><strong>potest</strong></span> <span class='ocrx_word' id='word_1_360' title='bbox 2650 1171 2712 1209; x_wconf 83' lang='lat' dir='ltr'><strong>ex</strong></span> <span class='ocrx_word' id='word_1_361' title='bbox 2752 1165 3013 1225; x_wconf 85' lang='lat' dir='ltr'><strong>tempore,</strong></span> <span class='ocrx_word' id='word_1_362' title='bbox 3071 1172 3178 1225; x_wconf 91' lang='lat' dir='ltr'><strong>quo</strong></span> <span class='ocrx_word' id='word_1_363' title='bbox 3225 1155 3522 1209; x_wconf 89' lang='lat' dir='ltr'><strong>Gothorum</strong></span> <span class='ocrx_word' id='word_1_364' title='bbox 3558 1157 3816 1224; x_wconf 84' lang='lat' dir='ltr'><strong>princeps</strong></span> <span class='ocrx_word' id='word_1_365' title='bbox 3847 1158 4039 1209; x_wconf 86' lang='lat' dir='ltr'><strong>Atha-</strong></span> 
     </span>
    </p>
   </div>
   <div class='ocr_carea' id='block_1_54' title="bbox 2434 1249 4033 1318">
    <p class='ocr_par' dir='ltr' id='par_1_54' title="bbox 2434 1249 4033 1318">
     <span class='ocr_line' id='line_1_54' title="bbox 2434 1249 4033 1318; baseline -0.001 -16"><span class='ocrx_word' id='word_1_366' title='bbox 2434 1251 2652 1304; x_wconf 85' lang='lat' dir='ltr'><strong>naricus</strong></span> <span class='ocrx_word' id='word_1_367' title='bbox 2689 1250 3122 1318; x_wconf 89' lang='lat' dir='ltr'><strong>persecutionem</strong></span> <span class='ocrx_word' id='word_1_368' title='bbox 3159 1251 3328 1302; x_wconf 88' lang='lat' dir='ltr'><strong>movit</strong></span> <span class='ocrx_word' id='word_1_369' title='bbox 3359 1250 3616 1302; x_wconf 79' lang='lat' dir='ltr'><strong>adversus</strong></span> <span class='ocrx_word' id='word_1_370' title='bbox 3645 1249 4033 1302; x_wconf 70' lang='lat' dir='ltr'><strong>Clll&#39;isllnnﬂ:.</strong></span> 
     </span>
    </p>
   </div>
   <div class='ocr_carea' id='block_1_55' title="bbox 2433 1339 4036 1406">
    <p class='ocr_par' dir='ltr' id='par_1_55' title="bbox 2433 1339 4036 1406">
     <span class='ocr_line' id='line_1_55' title="bbox 2433 1339 4036 1406; baseline -0.001 -12"><span class='ocrx_word' id='word_1_371' title='bbox 2433 1342 2511 1394; x_wconf 91' lang='lat' dir='ltr'><strong>De</strong></span> <span class='ocrx_word' id='word_1_372' title='bbox 2569 1357 2853 1394; x_wconf 86' lang='lat' dir='ltr'><strong>numerosa</strong></span> <span class='ocrx_word' id='word_1_373' title='bbox 2909 1339 3208 1394; x_wconf 88' lang='lat' dir='ltr'><strong>Gothorum</strong></span> <span class='ocrx_word' id='word_1_374' title='bbox 3265 1351 3559 1406; x_wconf 72' lang='lat' dir='ltr'><strong>martyrum</strong></span> <span class='ocrx_word' id='word_1_375' title='bbox 3618 1342 3795 1393; x_wconf 84' lang='lat' dir='ltr'><strong>classe</strong></span> <span class='ocrx_word' id='word_1_376' title='bbox 3844 1342 3920 1394; x_wconf 82' lang='lat' dir='ltr'><strong>atl</strong></span> <span class='ocrx_word' id='word_1_377' title='bbox 3963 1342 4036 1392; x_wconf 74' lang='lat'><strong>26</strong></span> 
     </span>
    </p>
   </div>
   <div class='ocr_carea' id='block_1_56' title="bbox 2433 1432 4036 1499">
    <p class='ocr_par' dir='ltr' id='par_1_56' title="bbox 2433 1432 4036 1499">
     <span class='ocr_line' id='line_1_56' title="bbox 2433 1432 4036 1499; baseline 0 -15"><span class='ocrx_word' id='word_1_378' title='bbox 2433 1432 2609 1485; x_wconf 76' lang='lat' dir='ltr'><strong>Martii</strong></span> <span class='ocrx_word' id='word_1_379' title='bbox 2666 1433 2770 1499; x_wconf 88' lang='lat' dir='ltr'><strong>egit</strong></span> <span class='ocrx_word' id='word_1_380' title='bbox 2823 1432 3218 1499; x_wconf 83' lang='lat' dir='ltr'><strong>Papebrochius</strong></span> <span class='ocrx_word' id='word_1_381' title='bbox 3293 1441 3476 1485; x_wconf 79' lang='lat' dir='ltr'><strong>noster</strong></span> <span class='ocrx_word' id='word_1_382' title='bbox 3539 1432 3780 1485; x_wconf 78' lang='lat' dir='ltr'><strong>breviter</strong></span> <span class='ocrx_word' id='word_1_383' title='bbox 3829 1433 4036 1484; x_wconf 82' lang='lat' dir='ltr'><strong>admo-</strong></span> 
     </span>
    </p>
   </div>
   <div class='ocr_carea' id='block_1_57' title="bbox 2432 1522 4033 1580">
    <p class='ocr_par' dir='ltr' id='par_1_57' title="bbox 2432 1522 4033 1580">
     <span class='ocr_line' id='line_1_57' title="bbox 2432 1522 4033 1580; baseline 0 -3"><span class='ocrx_word' id='word_1_384' title='bbox 2432 1525 2582 1577; x_wconf 88' lang='lat' dir='ltr'><strong>dum.</strong></span> <span class='ocrx_word' id='word_1_385' title='bbox 2611 1522 2875 1576; x_wconf 84' lang='lat' dir='ltr'><strong>Prolixius</strong></span> <span class='ocrx_word' id='word_1_386' title='bbox 2903 1533 2956 1575; x_wconf 88' lang='lat' dir='ltr'><strong>et</strong></span> <span class='ocrx_word' id='word_1_387' title='bbox 2984 1524 3290 1576; x_wconf 90' lang='lat' dir='ltr'><strong>accuratius</strong></span> <span class='ocrx_word' id='word_1_388' title='bbox 3322 1523 3387 1575; x_wconf 92' lang='lat' dir='ltr'><strong>de</strong></span> <span class='ocrx_word' id='word_1_389' title='bbox 3421 1535 3606 1576; x_wconf 89' lang='lat' dir='ltr'><strong>sancto</strong></span> <span class='ocrx_word' id='word_1_390' title='bbox 3636 1523 3778 1580; x_wconf 76' lang='lat' dir='ltr'><strong>Saba</strong></span> <span class='ocrx_word' id='word_1_391' title='bbox 3809 1523 4033 1577; x_wconf 80' lang='lat' dir='ltr'><strong>Gntho.</strong></span> 
     </span>
    </p>
   </div>
   <div class='ocr_carea' id='block_1_58' title="bbox 2435 1613 4033 1683">
    <p class='ocr_par' dir='ltr' id='par_1_58' title="bbox 2435 1613 4033 1683">
     <span class='ocr_line' id='line_1_58' title="bbox 2435 1613 4033 1683; baseline -0.001 -16"><span class='ocrx_word' id='word_1_392' title='bbox 2435 1615 2485 1668; x_wconf 92' lang='lat' dir='ltr'><strong>in</strong></span> <span class='ocrx_word' id='word_1_393' title='bbox 2519 1615 2703 1667; x_wconf 77' lang='lat' dir='ltr'><strong>cadent</strong></span> <span class='ocrx_word' id='word_1_394' title='bbox 2741 1631 2954 1683; x_wconf 88' lang='lat' dir='ltr'><strong>quoque</strong></span> <span class='ocrx_word' id='word_1_395' title='bbox 2983 1613 3364 1683; x_wconf 76' lang='lat' dir='ltr'><strong>persecutione</strong></span> <span class='ocrx_word' id='word_1_396' title='bbox 3405 1629 3585 1682; x_wconf 87' lang='lat' dir='ltr'><strong>passo,</strong></span> <span class='ocrx_word' id='word_1_397' title='bbox 3618 1615 3761 1666; x_wconf 87' lang='lat' dir='ltr'><strong>idem</strong></span> <span class='ocrx_word' id='word_1_398' title='bbox 3814 1618 3934 1683; x_wconf 72' lang='lat' dir='ltr'><strong>egit</strong></span> <span class='ocrx_word' id='word_1_399' title='bbox 3968 1615 4033 1666; x_wconf 87' lang='lat' dir='ltr'><strong>ad</strong></span> 
     </span>
    </p>
   </div>
   <div class='ocr_carea' id='block_1_59' title="bbox 2431 1706 4033 1776">
    <p class='ocr_par' dir='ltr' id='par_1_59' title="bbox 2431 1706 4033 1776">
     <span class='ocr_line' id='line_1_59' title="bbox 2431 1706 4033 1776; baseline -0.002 -16"><span class='ocrx_word' id='word_1_400' title='bbox 2431 1707 2495 1760; x_wconf 71' lang='lat'><strong>12</strong></span> <span class='ocrx_word' id='word_1_401' title='bbox 2528 1707 2743 1774; x_wconf 74' lang='lat' dir='ltr'><strong>Aprilis,</strong></span> <span class='ocrx_word' id='word_1_402' title='bbox 2786 1724 2892 1776; x_wconf 91' lang='lat' dir='ltr'><strong>quo</strong></span> <span class='ocrx_word' id='word_1_403' title='bbox 2934 1709 3147 1761; x_wconf 87' lang='lat' dir='ltr'><strong>occisus</strong></span> <span class='ocrx_word' id='word_1_404' title='bbox 3215 1717 3295 1760; x_wconf 90' lang='lat' dir='ltr'><strong>cst</strong></span> <span class='ocrx_word' id='word_1_405' title='bbox 3325 1722 3466 1760; x_wconf 89' lang='lat' dir='ltr'><strong>anno</strong></span> <span class='ocrx_word' id='word_1_406' title='bbox 3493 1706 3615 1757; x_wconf 72' lang='grc'><strong>372.</strong></span> <span class='ocrx_word' id='word_1_407' title='bbox 3659 1707 3866 1760; x_wconf 80' lang='lat' dir='ltr'><strong>Eodem</strong></span> <span class='ocrx_word' id='word_1_408' title='bbox 3911 1708 4033 1760; x_wconf 85' lang='lat' dir='ltr'><strong>for-</strong></span> 
     </span>
    </p>
   </div>
   <div class='ocr_carea' id='block_1_60' title="bbox 2433 1797 4033 1859">
    <p class='ocr_par' dir='ltr' id='par_1_60' title="bbox 2433 1797 4033 1859">
     <span class='ocr_line' id='line_1_60' title="bbox 2433 1797 4033 1859; baseline -0.002 -8"><span class='ocrx_word' id='word_1_409' title='bbox 2433 1813 2528 1851; x_wconf 86' lang='lat' dir='ltr'><strong>san</strong></span> <span class='ocrx_word' id='word_1_410' title='bbox 2565 1815 2728 1859; x_wconf 88' lang='lat' dir='ltr'><strong>anno,</strong></span> <span class='ocrx_word' id='word_1_411' title='bbox 2766 1809 2911 1852; x_wconf 87' lang='lat' dir='ltr'><strong>certe</strong></span> <span class='ocrx_word' id='word_1_412' title='bbox 2951 1815 3052 1852; x_wconf 89' lang='lat' dir='ltr'><strong>non</strong></span> <span class='ocrx_word' id='word_1_413' title='bbox 3089 1799 3271 1851; x_wconf 89' lang='lat' dir='ltr'><strong>multis</strong></span> <span class='ocrx_word' id='word_1_414' title='bbox 3318 1798 3474 1850; x_wconf 86' lang='lat' dir='ltr'><strong>annis</strong></span> <span class='ocrx_word' id='word_1_415' title='bbox 3514 1797 3674 1851; x_wconf 82' lang='lat' dir='ltr'><strong>ci:ius</strong></span> <span class='ocrx_word' id='word_1_416' title='bbox 3705 1809 3798 1849; x_wconf 89' lang='lat' dir='ltr'><strong>aut</strong></span> <span class='ocrx_word' id='word_1_417' title='bbox 3837 1800 4033 1850; x_wconf 66' lang='lat' dir='ltr'><strong>serius</strong></span> 
     </span>
    </p>
   </div>
   <div class='ocr_carea' id='block_1_61' title="bbox 2367 1875 4032 1955">
    <p class='ocr_par' dir='ltr' id='par_1_61' title="bbox 2367 1875 4032 1955">
     <span class='ocr_line' id='line_1_61' title="bbox 2367 1875 4032 1955; baseline -0.001 -13"><span class='ocrx_word' id='word_1_418' title='bbox 2367 1875 2405 1928; x_wconf 73' lang='grc' dir='ltr'>Β</span> <span class='ocrx_word' id='word_1_419' title='bbox 2439 1899 2730 1942; x_wconf 86' lang='lat' dir='ltr'><strong>coronatus</strong></span> <span class='ocrx_word' id='word_1_420' title='bbox 2759 1900 2838 1940; x_wconf 82' lang='lat' dir='ltr'><strong>est</strong></span> <span class='ocrx_word' id='word_1_421' title='bbox 2871 1900 3090 1941; x_wconf 82' lang='lat' dir='ltr'><strong>sanctus</strong></span> <span class='ocrx_word' id='word_1_422' title='bbox 3135 1889 3368 1940; x_wconf 77' lang='lat' dir='ltr'><strong>Nicetas.</strong></span> <span class='ocrx_word' id='word_1_423' title='bbox 3404 1887 3578 1940; x_wconf 77' lang='lat' dir='ltr'><strong>Locus</strong></span> <span class='ocrx_word' id='word_1_424' title='bbox 3611 1889 3856 1955; x_wconf 83' lang='lat' dir='ltr'><strong>martyrii</strong></span> <span class='ocrx_word' id='word_1_425' title='bbox 3926 1890 4032 1940; x_wconf 82' lang='lat' dir='ltr'><strong>fuit</strong></span> 
     </span>
    </p>
   </div>
   <div class='ocr_carea' id='block_1_62' title="bbox 2435 1976 4024 2043">
    <p class='ocr_par' dir='ltr' id='par_1_62' title="bbox 2435 1976 4024 2043">
     <span class='ocr_line' id='line_1_62' title="bbox 2435 1976 4024 2043; baseline -0.005 -9"><span class='ocrx_word' id='word_1_426' title='bbox 2435 1982 2486 2034; x_wconf 91' lang='lat' dir='ltr'><strong>in</strong></span> <span class='ocrx_word' id='word_1_427' title='bbox 2515 1980 2718 2034; x_wconf 88' lang='lat' dir='ltr'><strong>ditione</strong></span> <span class='ocrx_word' id='word_1_428' title='bbox 2756 1979 3074 2034; x_wconf 87' lang='lat' dir='ltr'><strong>Gothorum.</strong></span> <span class='ocrx_word' id='word_1_429' title='bbox 3122 1979 3259 2030; x_wconf 89' lang='lat' dir='ltr'><strong>ultra</strong></span> <span class='ocrx_word' id='word_1_430' title='bbox 3296 1978 3592 2030; x_wconf 89' lang='lat' dir='ltr'><strong>Danubium</strong></span> <span class='ocrx_word' id='word_1_431' title='bbox 3633 1987 3760 2029; x_wconf 80' lang='lat' dir='ltr'><strong>tunc</strong></span> <span class='ocrx_word' id='word_1_432' title='bbox 3799 1976 4024 2043; x_wconf 79' lang='lat' dir='ltr'><strong>degen-</strong></span> 
     </span>
    </p>
   </div>
   <div class='ocr_carea' id='block_1_63' title="bbox 2436 2070 4026 2140">
    <p class='ocr_par' dir='ltr' id='par_1_63' title="bbox 2436 2070 4026 2140">
     <span class='ocr_line' id='line_1_63' title="bbox 2436 2070 4026 2140; baseline -0.004 -15"><span class='ocrx_word' id='word_1_433' title='bbox 2436 2071 2586 2125; x_wconf 89' lang='lat' dir='ltr'><strong>tium.</strong></span> <span class='ocrx_word' id='word_1_434' title='bbox 2624 2072 2816 2125; x_wconf 64' lang='lat' dir='ltr'><strong>Nescio</strong></span> <span class='ocrx_word' id='word_1_435' title='bbox 2863 2087 3012 2134; x_wconf 88' lang='lat' dir='ltr'><strong>sane,</strong></span> <span class='ocrx_word' id='word_1_436' title='bbox 3043 2086 3150 2140; x_wconf 91' lang='lat' dir='ltr'><strong>quo</strong></span> <span class='ocrx_word' id='word_1_437' title='bbox 3185 2071 3455 2123; x_wconf 70' lang='lat' dir='ltr'><strong>memoriae</strong></span> <span class='ocrx_word' id='word_1_438' title='bbox 3487 2071 3636 2138; x_wconf 88' lang='lat' dir='ltr'><strong>lapsu</strong></span> <span class='ocrx_word' id='word_1_439' title='bbox 3667 2070 4026 2121; x_wconf 67' lang='lat' dir='ltr'><strong>(Iastcllanus</strong></span> 
     </span>
    </p>
   </div>
   <div class='ocr_carea' id='block_1_64' title="bbox 2434 2160 4025 2234">
    <p class='ocr_par' dir='ltr' id='par_1_64' title="bbox 2434 2160 4025 2234">
     <span class='ocr_line' id='line_1_64' title="bbox 2434 2160 4025 2234; baseline -0.004 -17"><span class='ocrx_word' id='word_1_440' title='bbox 2434 2164 2485 2217; x_wconf 89' lang='lat' dir='ltr'><strong>in</strong></span> <span class='ocrx_word' id='word_1_441' title='bbox 2516 2164 2889 2234; x_wconf 74' lang='lat' dir='ltr'><strong>Martyrologio</strong></span> <span class='ocrx_word' id='word_1_442' title='bbox 2944 2163 3233 2216; x_wconf 85' lang='lat' dir='ltr'><strong>universali</strong></span> <span class='ocrx_word' id='word_1_443' title='bbox 3287 2162 3350 2214; x_wconf 84' lang='lat' dir='ltr'><strong>ad</strong></span> <span class='ocrx_word' id='word_1_444' title='bbox 3387 2163 3705 2230; x_wconf 86' lang='lat' dir='ltr'><strong>marginem,</strong></span> <span class='ocrx_word' id='word_1_445' title='bbox 3743 2171 3799 2213; x_wconf 91' lang='lat' dir='ltr'><strong>et</strong></span> <span class='ocrx_word' id='word_1_446' title='bbox 3839 2162 3894 2212; x_wconf 89' lang='lat' dir='ltr'><strong>in</strong></span> <span class='ocrx_word' id='word_1_447' title='bbox 3937 2160 4025 2211; x_wconf 92' lang='lat' dir='ltr'><strong>in-</strong></span> 
     </span>
    </p>
   </div>
   <div class='ocr_carea' id='block_1_65' title="bbox 2433 2251 4018 2323">
    <p class='ocr_par' dir='ltr' id='par_1_65' title="bbox 2433 2251 4018 2323">
     <span class='ocr_line' id='line_1_65' title="bbox 2433 2251 4018 2323; baseline -0.003 -15"><span class='ocrx_word' id='word_1_448' title='bbox 2433 2255 2571 2316; x_wconf 87' lang='lat' dir='ltr'><strong>dice,</strong></span> <span class='ocrx_word' id='word_1_449' title='bbox 2605 2266 2791 2308; x_wconf 89' lang='lat' dir='ltr'><strong>notare</strong></span> <span class='ocrx_word' id='word_1_450' title='bbox 2818 2256 3074 2323; x_wconf 92' lang='lat' dir='ltr'><strong>potuerit,</strong></span> <span class='ocrx_word' id='word_1_451' title='bbox 3109 2267 3275 2321; x_wconf 85' lang='lat' dir='ltr'><strong>prope</strong></span> <span class='ocrx_word' id='word_1_452' title='bbox 3312 2251 3694 2319; x_wconf 79' lang='lat' dir='ltr'><strong>Mopsuestiam</strong></span> <span class='ocrx_word' id='word_1_453' title='bbox 3731 2253 3782 2302; x_wconf 93' lang='lat' dir='ltr'><strong>in</strong></span> <span class='ocrx_word' id='word_1_454' title='bbox 3808 2252 4018 2304; x_wconf 83' lang='lat' dir='ltr'><strong>Cilicia</strong></span> 
     </span>
    </p>
   </div>
   <div class='ocr_carea' id='block_1_66' title="bbox 2434 2343 4023 2410">
    <p class='ocr_par' dir='ltr' id='par_1_66' title="bbox 2434 2343 4023 2410">
     <span class='ocr_line' id='line_1_66' title="bbox 2434 2343 4023 2410; baseline -0.002 -11"><span class='ocrx_word' id='word_1_455' title='bbox 2434 2346 2667 2399; x_wconf 85' lang='lat' dir='ltr'><strong>occisum</strong></span> <span class='ocrx_word' id='word_1_456' title='bbox 2701 2361 2820 2398; x_wconf 87' lang='lat' dir='ltr'><strong>esse</strong></span> <span class='ocrx_word' id='word_1_457' title='bbox 2867 2355 3132 2405; x_wconf 88' lang='lat' dir='ltr'><strong>sanctum,</strong></span> <span class='ocrx_word' id='word_1_458' title='bbox 3187 2343 3286 2395; x_wconf 89' lang='lat' dir='ltr'><strong>nisi</strong></span> <span class='ocrx_word' id='word_1_459' title='bbox 3338 2343 3534 2405; x_wconf 91' lang='lat' dir='ltr'><strong>locum,</strong></span> <span class='ocrx_word' id='word_1_460' title='bbox 3574 2343 3636 2394; x_wconf 86' lang='lat' dir='ltr'><strong>ad</strong></span> <span class='ocrx_word' id='word_1_461' title='bbox 3686 2358 3847 2410; x_wconf 90' lang='lat' dir='ltr'><strong>quem</strong></span> <span class='ocrx_word' id='word_1_462' title='bbox 3886 2358 4023 2396; x_wconf 68' lang='lat' dir='ltr'><strong>coro</strong></span> 
     </span>
    </p>
   </div>
   <div class='ocr_carea' id='block_1_67' title="bbox 2435 2431 4020 2504">
    <p class='ocr_par' dir='ltr' id='par_1_67' title="bbox 2435 2431 4020 2504">
     <span class='ocr_line' id='line_1_67' title="bbox 2435 2431 4020 2504; baseline -0.003 -16"><span class='ocrx_word' id='word_1_463' title='bbox 2435 2452 2536 2504; x_wconf 84' lang='lat' dir='ltr'><strong>pus</strong></span> <span class='ocrx_word' id='word_1_464' title='bbox 2578 2435 2894 2488; x_wconf 87' lang='lat' dir='ltr'><strong>translatum</strong></span> <span class='ocrx_word' id='word_1_465' title='bbox 2930 2444 3032 2496; x_wconf 81' lang='lat' dir='ltr'><strong>est,</strong></span> <span class='ocrx_word' id='word_1_466' title='bbox 3072 2449 3192 2486; x_wconf 88' lang='lat' dir='ltr'><strong>cum</strong></span> <span class='ocrx_word' id='word_1_467' title='bbox 3226 2433 3341 2485; x_wconf 88' lang='lat' dir='ltr'><strong>loco</strong></span> <span class='ocrx_word' id='word_1_468' title='bbox 3393 2433 3628 2502; x_wconf 81' lang='lat' dir='ltr'><strong>martyrii</strong></span> <span class='ocrx_word' id='word_1_469' title='bbox 3671 2431 4020 2486; x_wconf 68' lang='lat' dir='ltr'><strong>confuderit.</strong></span> 
     </span>
    </p>
   </div>
   <div class='ocr_carea' id='block_1_68' title="bbox 2433 2527 4022 2588">
    <p class='ocr_par' dir='ltr' id='par_1_68' title="bbox 2433 2527 4022 2588">
     <span class='ocr_line' id='line_1_68' title="bbox 2433 2527 4022 2588; baseline -0.003 -8"><span class='ocrx_word' id='word_1_470' title='bbox 2433 2527 2588 2580; x_wconf 90' lang='lat' dir='ltr'><strong>Nulla</strong></span> <span class='ocrx_word' id='word_1_471' title='bbox 2633 2529 2777 2581; x_wconf 89' lang='lat' dir='ltr'><strong>enim</strong></span> <span class='ocrx_word' id='word_1_472' title='bbox 2819 2537 2901 2580; x_wconf 89' lang='lat' dir='ltr'><strong>est</strong></span> <span class='ocrx_word' id='word_1_473' title='bbox 2941 2527 3098 2588; x_wconf 89' lang='lat' dir='ltr'><strong>ratio,</strong></span> <span class='ocrx_word' id='word_1_474' title='bbox 3127 2542 3222 2580; x_wconf 83' lang='lat' dir='ltr'><strong>cur</strong></span> <span class='ocrx_word' id='word_1_475' title='bbox 3273 2527 3541 2588; x_wconf 84' lang='lat' dir='ltr'><strong>dicamus,</strong></span> <span class='ocrx_word' id='word_1_476' title='bbox 3594 2528 3835 2578; x_wconf 92' lang='lat' dir='ltr'><strong>occisum</strong></span> <span class='ocrx_word' id='word_1_477' title='bbox 3892 2539 4022 2577; x_wconf 72' lang='lat' dir='ltr'><strong>esse</strong></span> 
     </span>
    </p>
   </div>
   <div class='ocr_carea' id='block_1_69' title="bbox 2435 2615 4021 2672">
    <p class='ocr_par' dir='ltr' id='par_1_69' title="bbox 2435 2615 4021 2672">
     <span class='ocr_line' id='line_1_69' title="bbox 2435 2615 4021 2672; baseline -0.004 -1"><span class='ocrx_word' id='word_1_478' title='bbox 2435 2619 2692 2672; x_wconf 87' lang='lat' dir='ltr'><strong>Sanctum</strong></span> <span class='ocrx_word' id='word_1_479' title='bbox 2725 2627 2874 2670; x_wconf 81' lang='lat' dir='ltr'><strong>extra</strong></span> <span class='ocrx_word' id='word_1_480' title='bbox 2901 2618 3159 2668; x_wconf 88' lang='lat' dir='ltr'><strong>ditionem</strong></span> <span class='ocrx_word' id='word_1_481' title='bbox 3211 2616 3519 2668; x_wconf 87' lang='lat' dir='ltr'><strong>Athanarici</strong></span> <span class='ocrx_word' id='word_1_482' title='bbox 3569 2615 3870 2667; x_wconf 84' lang='lat' dir='ltr'><strong>Gothorum</strong></span> <span class='ocrx_word' id='word_1_483' title='bbox 3926 2630 4021 2666; x_wconf 81' lang='lat' dir='ltr'><strong>re-</strong></span> 
     </span>
    </p>
   </div>
   <div class='ocr_carea' id='block_1_70' title="bbox 2434 2704 4015 2777">
    <p class='ocr_par' dir='ltr' id='par_1_70' title="bbox 2434 2704 4015 2777">
     <span class='ocr_line' id='line_1_70' title="bbox 2434 2704 4015 2777; baseline 0.001 -21"><span class='ocrx_word' id='word_1_484' title='bbox 2434 2710 2531 2777; x_wconf 85' lang='lat' dir='ltr'><strong>gis,</strong></span> <span class='ocrx_word' id='word_1_485' title='bbox 2572 2723 2690 2774; x_wconf 76' lang='lat' dir='ltr'><strong>qua:</strong></span> <span class='ocrx_word' id='word_1_486' title='bbox 2748 2708 3014 2760; x_wconf 89' lang='lat' dir='ltr'><strong>immenso</strong></span> <span class='ocrx_word' id='word_1_487' title='bbox 3071 2717 3338 2760; x_wconf 87' lang='lat' dir='ltr'><strong>terrarum</strong></span> <span class='ocrx_word' id='word_1_488' title='bbox 3393 2706 3679 2758; x_wconf 82' lang='lat' dir='ltr'><strong>intervallo</strong></span> <span class='ocrx_word' id='word_1_489' title='bbox 3733 2719 3760 2755; x_wconf 87' lang='lat' dir='ltr'><strong>a</strong></span> <span class='ocrx_word' id='word_1_490' title='bbox 3812 2704 4015 2758; x_wconf 86' lang='lat' dir='ltr'><strong>Cilicia</strong></span> 
     </span>
    </p>
   </div>
   <div class='ocr_carea' id='block_1_71' title="bbox 2435 2797 4020 2867">
    <p class='ocr_par' dir='ltr' id='par_1_71' title="bbox 2435 2797 4020 2867">
     <span class='ocr_line' id='line_1_71' title="bbox 2435 2797 4020 2867; baseline -0.001 -15"><span class='ocrx_word' id='word_1_491' title='bbox 2435 2799 2687 2852; x_wconf 85' lang='lat' dir='ltr'><strong>distabat.</strong></span> <span class='ocrx_word' id='word_1_492' title='bbox 2745 2798 2801 2850; x_wconf 88' lang='lat' dir='ltr'><strong>Si</strong></span> <span class='ocrx_word' id='word_1_493' title='bbox 2861 2813 3022 2865; x_wconf 90' lang='lat' dir='ltr'><strong>porro</strong></span> <span class='ocrx_word' id='word_1_494' title='bbox 3082 2798 3340 2851; x_wconf 88' lang='lat' dir='ltr'><strong>ditionem</strong></span> <span class='ocrx_word' id='word_1_495' title='bbox 3392 2797 3704 2851; x_wconf 81' lang='lat' dir='ltr'><strong>Athanarici</strong></span> <span class='ocrx_word' id='word_1_496' title='bbox 3749 2799 4020 2867; x_wconf 86' lang='lat' dir='ltr'><strong>pr0prius</strong></span> 
     </span>
    </p>
   </div>
   <div class='ocr_carea' id='block_1_72' title="bbox 2436 2888 4023 2957">
    <p class='ocr_par' dir='ltr' id='par_1_72' title="bbox 2436 2888 4023 2957">
     <span class='ocr_line' id='line_1_72' title="bbox 2436 2888 4023 2957; baseline -0.001 -14"><span class='ocrx_word' id='word_1_497' title='bbox 2436 2890 2712 2957; x_wconf 85' lang='lat' dir='ltr'><strong>inquirere</strong></span> <span class='ocrx_word' id='word_1_498' title='bbox 2778 2889 3024 2951; x_wconf 82' lang='lat' dir='ltr'><strong>velimus,</strong></span> <span class='ocrx_word' id='word_1_499' title='bbox 3075 2903 3138 2941; x_wconf 85' lang='lat' dir='ltr'><strong>ex</strong></span> <span class='ocrx_word' id='word_1_500' title='bbox 3199 2889 3504 2952; x_wconf 83' lang='lat' dir='ltr'><strong>Ammiano,</strong></span> <span class='ocrx_word' id='word_1_501' title='bbox 3561 2897 3705 2957; x_wconf 82' lang='lat' dir='ltr'><strong>gesta</strong></span> <span class='ocrx_word' id='word_1_502' title='bbox 3769 2888 4023 2942; x_wconf 71' lang='lat' dir='ltr'><strong>Valentis</strong></span> 
     </span>
    </p>
   </div>
   <div class='ocr_carea' id='block_1_73' title="bbox 2436 2979 4021 3049">
    <p class='ocr_par' dir='ltr' id='par_1_73' title="bbox 2436 2979 4021 3049">
     <span class='ocr_line' id='line_1_73' title="bbox 2436 2979 4021 3049; baseline 0 -15"><span class='ocrx_word' id='word_1_503' title='bbox 2436 2981 2784 3049; x_wconf 84' lang='lat' dir='ltr'><strong>imperatoris</strong></span> <span class='ocrx_word' id='word_1_504' title='bbox 2837 2991 3024 3033; x_wconf 90' lang='lat' dir='ltr'><strong>contra</strong></span> <span class='ocrx_word' id='word_1_505' title='bbox 3099 2979 3488 3032; x_wconf 84' lang='lat' dir='ltr'><strong>Athanaricum</strong></span> <span class='ocrx_word' id='word_1_506' title='bbox 3565 2981 3860 3042; x_wconf 76' lang='lat' dir='ltr'><strong>referente,</strong></span> <span class='ocrx_word' id='word_1_507' title='bbox 3923 2981 4021 3034; x_wconf 88' lang='lat' dir='ltr'><strong>lib.</strong></span> 
     </span>
    </p>
   </div>
   <div class='ocr_carea' id='block_1_74' title="bbox 2435 3068 4019 3139">
    <p class='ocr_par' dir='ltr' id='par_1_74' title="bbox 2435 3068 4019 3139">
     <span class='ocr_line' id='line_1_74' title="bbox 2435 3068 4019 3139; baseline -0.001 -15"><span class='ocrx_word' id='word_1_508' title='bbox 2435 3087 2580 3124; x_wconf 69' lang='lat' dir='ltr'><strong>xxvn</strong></span> <span class='ocrx_word' id='word_1_509' title='bbox 2631 3086 2749 3139; x_wconf 91' lang='lat' dir='ltr'><strong>cap.</strong></span> <span class='ocrx_word' id='word_1_510' title='bbox 2786 3071 2837 3133; x_wconf 85' lang='lat'><strong>5,</strong></span> <span class='ocrx_word' id='word_1_511' title='bbox 2875 3069 3032 3122; x_wconf 78' lang='lat' dir='ltr'><strong>facile</strong></span> <span class='ocrx_word' id='word_1_512' title='bbox 3077 3070 3566 3137; x_wconf 78' lang='lat' dir='ltr'><strong>deprehendemus,</strong></span> <span class='ocrx_word' id='word_1_513' title='bbox 3619 3068 4019 3124; x_wconf 80' lang='lat' dir='ltr'><strong>Athanaricum</strong></span> 
     </span>
    </p>
   </div>
   <div class='ocr_carea' id='block_1_75' title="bbox 2439 3155 4018 3226">
    <p class='ocr_par' dir='ltr' id='par_1_75' title="bbox 2439 3155 4018 3226">
     <span class='ocr_line' id='line_1_75' title="bbox 2439 3155 4018 3226; baseline -0.001 -16"><span class='ocrx_word' id='word_1_514' title='bbox 2439 3171 2503 3211; x_wconf 88' lang='lat' dir='ltr'><strong>eo</strong></span> <span class='ocrx_word' id='word_1_515' title='bbox 2539 3168 2778 3226; x_wconf 88' lang='lat' dir='ltr'><strong>tempore</strong></span> <span class='ocrx_word' id='word_1_516' title='bbox 2816 3157 3150 3210; x_wconf 88' lang='lat' dir='ltr'><strong>dominatum</strong></span> <span class='ocrx_word' id='word_1_517' title='bbox 3181 3170 3301 3209; x_wconf 87' lang='lat' dir='ltr'><strong>esse</strong></span> <span class='ocrx_word' id='word_1_518' title='bbox 3333 3155 3384 3207; x_wconf 90' lang='lat' dir='ltr'><strong>in</strong></span> <span class='ocrx_word' id='word_1_519' title='bbox 3416 3155 3678 3207; x_wconf 88' lang='lat' dir='ltr'><strong>hodierna</strong></span> <span class='ocrx_word' id='word_1_520' title='bbox 3718 3155 4018 3214; x_wconf 76' lang='lat' dir='ltr'><strong>Moldavia,</strong></span> 
     </span>
    </p>
   </div>
   <div class='ocr_carea' id='block_1_76' title="bbox 2439 3243 4017 3323">
    <p class='ocr_par' dir='ltr' id='par_1_76' title="bbox 2439 3243 4017 3323">
     <span class='ocr_line' id='line_1_76' title="bbox 2439 3243 4017 3323; baseline -0.003 -21"><span class='ocrx_word' id='word_1_521' title='bbox 2439 3263 2500 3302; x_wconf 92' lang='lat' dir='ltr'><strong>ac</strong></span> <span class='ocrx_word' id='word_1_522' title='bbox 2551 3247 2688 3301; x_wconf 85' lang='lat' dir='ltr'><strong>forte</strong></span> <span class='ocrx_word' id='word_1_523' title='bbox 2728 3247 2780 3299; x_wconf 92' lang='lat' dir='ltr'><strong>in</strong></span> <span class='ocrx_word' id='word_1_524' title='bbox 2831 3246 3079 3323; x_wconf 80' lang='lat' dir='ltr'><strong>Valacbia</strong></span> <span class='ocrx_word' id='word_1_525' title='bbox 3124 3255 3176 3298; x_wconf 92' lang='lat' dir='ltr'><strong>et</strong></span> <span class='ocrx_word' id='word_1_526' title='bbox 3225 3243 3564 3304; x_wconf 87' lang='lat' dir='ltr'><strong>Bessarabia,</strong></span> <span class='ocrx_word' id='word_1_527' title='bbox 3625 3255 3716 3296; x_wconf 89' lang='lat' dir='ltr'><strong>aut</strong></span> <span class='ocrx_word' id='word_1_528' title='bbox 3757 3255 3912 3297; x_wconf 83' lang='lat' dir='ltr'><strong>certe</strong></span> <span class='ocrx_word' id='word_1_529' title='bbox 3965 3248 4017 3297; x_wconf 88' lang='lat' dir='ltr'><strong>in</strong></span> 
     </span>
    </p>
   </div>
   <div class='ocr_carea' id='block_1_77' title="bbox 2438 3336 4020 3412">
    <p class='ocr_par' dir='ltr' id='par_1_77' title="bbox 2438 3336 4020 3412">
     <span class='ocr_line' id='line_1_77' title="bbox 2438 3336 4020 3412; baseline -0.003 -18"><span class='ocrx_word' id='word_1_530' title='bbox 2438 3350 2593 3412; x_wconf 89' lang='lat' dir='ltr'><strong>parte</strong></span> <span class='ocrx_word' id='word_1_531' title='bbox 2651 3340 2828 3408; x_wconf 91' lang='lat' dir='ltr'><strong>aliqua</strong></span> <span class='ocrx_word' id='word_1_532' title='bbox 2889 3339 3100 3390; x_wconf 84' lang='lat' dir='ltr'><strong>illarqu</strong></span> <span class='ocrx_word' id='word_1_533' title='bbox 3157 3336 3558 3405; x_wconf 78' lang='lat' dir='ltr'><strong>provinciarum</strong></span> <span class='ocrx_word' id='word_1_534' title='bbox 3597 3352 3814 3404; x_wconf 91' lang='lat' dir='ltr'><strong>:ncque</strong></span> <span class='ocrx_word' id='word_1_535' title='bbox 3861 3339 4020 3390; x_wconf 82' lang='lat' dir='ltr'><strong>enim</strong></span> 
     </span>
    </p>
   </div>
   <div class='ocr_carea' id='block_1_78' title="bbox 2437 3429 3388 3496">
    <p class='ocr_par' dir='ltr' id='par_1_78' title="bbox 2437 3429 3388 3496">
     <span class='ocr_line' id='line_1_78' title="bbox 2437 3429 3388 3496; baseline -0.006 -12"><span class='ocrx_word' id='word_1_536' title='bbox 2437 3433 2708 3494; x_wconf 78' lang='lat' dir='ltr'><strong>novimus,</strong></span> <span class='ocrx_word' id='word_1_537' title='bbox 2738 3445 2898 3496; x_wconf 83' lang='lat' dir='ltr'><strong>quam</strong></span> <span class='ocrx_word' id='word_1_538' title='bbox 2933 3429 3037 3479; x_wconf 87' lang='lat' dir='ltr'><strong>late</strong></span> <span class='ocrx_word' id='word_1_539' title='bbox 3077 3429 3388 3493; x_wconf 89' lang='lat' dir='ltr'><strong>imperaret.</strong></span> 
     </span>
    </p>
   </div>
   <div class='ocr_carea' id='block_1_79' title="bbox 2509 3517 4016 3576">
    <p class='ocr_par' dir='ltr' id='par_1_79' title="bbox 2509 3517 4016 3576">
     <span class='ocr_line' id='line_1_79' title="bbox 2509 3517 4016 3576; baseline -0.001 -5"><span class='ocrx_word' id='word_1_540' title='bbox 2509 3519 2573 3574; x_wconf 89' lang='lat' dir='ltr'><strong>V.</strong></span> <span class='ocrx_word' id='word_1_541' title='bbox 2611 3519 2752 3573; x_wconf 88' lang='lat' dir='ltr'><strong>Loca</strong></span> <span class='ocrx_word' id='word_1_542' title='bbox 2786 3519 2851 3570; x_wconf 88' lang='lat' dir='ltr'><strong>ab</strong></span> <span class='ocrx_word' id='word_1_543' title='bbox 2883 3517 3167 3570; x_wconf 85' lang='lat' dir='ltr'><strong>Ammiano</strong></span> <span class='ocrx_word' id='word_1_544' title='bbox 3199 3527 3516 3576; x_wconf 86' lang='lat' dir='ltr'><strong>memorata,</strong></span> <span class='ocrx_word' id='word_1_545' title='bbox 3549 3519 3637 3568; x_wconf 90' lang='lat' dir='ltr'><strong>ubi</strong></span> <span class='ocrx_word' id='word_1_546' title='bbox 3677 3517 3881 3569; x_wconf 80' lang='lat' dir='ltr'><strong>Valens</strong></span> <span class='ocrx_word' id='word_1_547' title='bbox 3937 3519 4016 3570; x_wconf 83' lang='lat' dir='ltr'><strong>Is-</strong></span> 
     </span>
    </p>
   </div>
   <div class='ocr_carea' id='block_1_80' title="bbox 2443 3603 4014 3677">
    <p class='ocr_par' dir='ltr' id='par_1_80' title="bbox 2443 3603 4014 3677">
     <span class='ocr_line' id='line_1_80' title="bbox 2443 3603 4014 3677; baseline -0.003 -15"><span class='ocrx_word' id='word_1_548' title='bbox 2443 3618 2582 3662; x_wconf 88' lang='lat' dir='ltr'><strong>trum</strong></span> <span class='ocrx_word' id='word_1_549' title='bbox 2614 3608 2786 3677; x_wconf 90' lang='lat' dir='ltr'><strong>primo</strong></span> <span class='ocrx_word' id='word_1_550' title='bbox 2811 3614 2864 3659; x_wconf 90' lang='lat' dir='ltr'><strong>et</strong></span> <span class='ocrx_word' id='word_1_551' title='bbox 2889 3605 3043 3658; x_wconf 90' lang='lat' dir='ltr'><strong>tertio</strong></span> <span class='ocrx_word' id='word_1_552' title='bbox 3073 3604 3210 3656; x_wconf 83' lang='lat' dir='ltr'><strong>illius</strong></span> <span class='ocrx_word' id='word_1_553' title='bbox 3247 3603 3369 3656; x_wconf 91' lang='lat' dir='ltr'><strong>belli</strong></span> <span class='ocrx_word' id='word_1_554' title='bbox 3400 3619 3541 3655; x_wconf 90' lang='lat' dir='ltr'><strong>anno</strong></span> <span class='ocrx_word' id='word_1_555' title='bbox 3566 3606 3797 3669; x_wconf 73' lang='lat' dir='ltr'><strong>trajecit.</strong></span> <span class='ocrx_word' id='word_1_556' title='bbox 3830 3615 3886 3656; x_wconf 88' lang='lat' dir='ltr'><strong>et</strong></span> <span class='ocrx_word' id='word_1_557' title='bbox 3921 3608 4014 3658; x_wconf 90' lang='lat' dir='ltr'><strong>ubi</strong></span> 
     </span>
    </p>
   </div>
   <div class='ocr_carea' id='block_1_81' title="bbox 2437 3694 4010 3755">
    <p class='ocr_par' dir='ltr' id='par_1_81' title="bbox 2437 3694 4010 3755">
     <span class='ocr_line' id='line_1_81' title="bbox 2437 3694 4010 3755; baseline -0.004 -1"><span class='ocrx_word' id='word_1_558' title='bbox 2437 3716 2578 3754; x_wconf 93' lang='lat' dir='ltr'><strong>anno</strong></span> <span class='ocrx_word' id='word_1_559' title='bbox 2613 3699 2849 3753; x_wconf 90' lang='lat' dir='ltr'><strong>secundo</strong></span> <span class='ocrx_word' id='word_1_560' title='bbox 2892 3697 3177 3750; x_wconf 86' lang='lat' dir='ltr'><strong>transitum</strong></span> <span class='ocrx_word' id='word_1_561' title='bbox 3219 3694 3420 3748; x_wconf 85' lang='lat' dir='ltr'><strong>frustra</strong></span> <span class='ocrx_word' id='word_1_562' title='bbox 3478 3697 3726 3755; x_wconf 75' lang='lat' dir='ltr'><strong>tentavit,</strong></span> <span class='ocrx_word' id='word_1_563' title='bbox 3761 3707 3920 3747; x_wconf 82' lang='lat' dir='ltr'><strong>erant</strong></span> <span class='ocrx_word' id='word_1_564' title='bbox 3957 3699 4010 3748; x_wconf 87' lang='lat' dir='ltr'><strong>in</strong></span> 
     </span>
    </p>
   </div>
   <div class='ocr_carea' id='block_1_82' title="bbox 2437 3786 4016 3856">
    <p class='ocr_par' dir='ltr' id='par_1_82' title="bbox 2437 3786 4016 3856">
     <span class='ocr_line' id='line_1_82' title="bbox 2437 3786 4016 3856; baseline -0.004 -12"><span class='ocrx_word' id='word_1_565' title='bbox 2437 3791 2617 3846; x_wconf 69' lang='lat' dir='ltr'><strong>Mmsia</strong></span> <span class='ocrx_word' id='word_1_566' title='bbox 2665 3790 2943 3850; x_wconf 81' lang='lat' dir='ltr'><strong>inferiore,</strong></span> <span class='ocrx_word' id='word_1_567' title='bbox 2973 3789 3131 3841; x_wconf 89' lang='lat' dir='ltr'><strong>dictis</strong></span> <span class='ocrx_word' id='word_1_568' title='bbox 3176 3788 3488 3856; x_wconf 88' lang='lat' dir='ltr'><strong>provinciis,</strong></span> <span class='ocrx_word' id='word_1_569' title='bbox 3526 3789 3824 3856; x_wconf 53' lang='lat' dir='ltr'><strong>prasertim</strong></span> <span class='ocrx_word' id='word_1_570' title='bbox 3872 3786 4016 3840; x_wconf 83' lang='lat' dir='ltr'><strong>Mul-</strong></span> 
     </span>
    </p>
   </div>
   <div class='ocr_carea' id='block_1_83' title="bbox 2435 3878 4014 3951">
    <p class='ocr_par' dir='ltr' id='par_1_83' title="bbox 2435 3878 4014 3951">
     <span class='ocr_line' id='line_1_83' title="bbox 2435 3878 4014 3951; baseline -0.004 -14"><span class='ocrx_word' id='word_1_571' title='bbox 2435 3885 2604 3938; x_wconf 75' lang='lat' dir='ltr'><strong>davize</strong></span> <span class='ocrx_word' id='word_1_572' title='bbox 2631 3882 2900 3951; x_wconf 80' lang='lat' dir='ltr'><strong>Opposita,</strong></span> <span class='ocrx_word' id='word_1_573' title='bbox 2935 3881 3158 3948; x_wconf 90' lang='lat' dir='ltr'><strong>soloque</strong></span> <span class='ocrx_word' id='word_1_574' title='bbox 3190 3878 3326 3932; x_wconf 89' lang='lat' dir='ltr'><strong>lstro</strong></span> <span class='ocrx_word' id='word_1_575' title='bbox 3358 3880 3424 3932; x_wconf 90' lang='lat' dir='ltr'><strong>ab</strong></span> <span class='ocrx_word' id='word_1_576' title='bbox 3461 3880 3523 3932; x_wconf 92' lang='lat' dir='ltr'><strong>iis</strong></span> <span class='ocrx_word' id='word_1_577' title='bbox 3561 3879 3748 3932; x_wconf 74' lang='lat' dir='ltr'><strong>divisa.</strong></span> <span class='ocrx_word' id='word_1_578' title='bbox 3808 3879 4014 3931; x_wconf 74' lang='lat' dir='ltr'><strong>Marci-</strong></span> 
     </span>
    </p>
   </div>
   <div class='ocr_carea' id='block_1_84' title="bbox 2437 3971 4011 4043">
    <p class='ocr_par' dir='ltr' id='par_1_84' title="bbox 2437 3971 4011 4043">
     <span class='ocr_line' id='line_1_84' title="bbox 2437 3971 4011 4043; baseline -0.004 -14"><span class='ocrx_word' id='word_1_579' title='bbox 2437 3976 2679 4043; x_wconf 88' lang='lat' dir='ltr'><strong>anopolis</strong></span> <span class='ocrx_word' id='word_1_580' title='bbox 2724 3973 2966 4040; x_wconf 84' lang='lat' dir='ltr'><strong>ejusdem</strong></span> <span class='ocrx_word' id='word_1_581' title='bbox 3007 3971 3300 4040; x_wconf 67' lang='lat' dir='ltr'><strong>provincia:</strong></span> <span class='ocrx_word' id='word_1_582' title='bbox 3337 3971 3505 4034; x_wconf 89' lang='lat' dir='ltr'><strong>urbis,</strong></span> <span class='ocrx_word' id='word_1_583' title='bbox 3555 3971 3607 4022; x_wconf 91' lang='lat' dir='ltr'><strong>in</strong></span> <span class='ocrx_word' id='word_1_584' title='bbox 3654 3986 3756 4038; x_wconf 87' lang='lat' dir='ltr'><strong>qua</strong></span> <span class='ocrx_word' id='word_1_585' title='bbox 3808 3971 4011 4023; x_wconf 79' lang='lat' dir='ltr'><strong>Valens</strong></span> 
     </span>
    </p>
   </div>
   <div class='ocr_carea' id='block_1_85' title="bbox 2438 4058 4013 4128">
    <p class='ocr_par' dir='ltr' id='par_1_85' title="bbox 2438 4058 4013 4128">
     <span class='ocr_line' id='line_1_85' title="bbox 2438 4058 4013 4128; baseline -0.002 -9"><span class='ocrx_word' id='word_1_586' title='bbox 2438 4069 2664 4120; x_wconf 89' lang='lat' dir='ltr'><strong>hiberna</strong></span> <span class='ocrx_word' id='word_1_587' title='bbox 2697 4064 2949 4124; x_wconf 78' lang='lat' dir='ltr'><strong>habebat,</strong></span> <span class='ocrx_word' id='word_1_588' title='bbox 2985 4075 3048 4113; x_wconf 91' lang='lat' dir='ltr'><strong>ac</strong></span> <span class='ocrx_word' id='word_1_589' title='bbox 3079 4076 3178 4128; x_wconf 78' lang='lat' dir='ltr'><strong>pax</strong></span> <span class='ocrx_word' id='word_1_590' title='bbox 3209 4061 3262 4111; x_wconf 92' lang='lat' dir='ltr'><strong>in</strong></span> <span class='ocrx_word' id='word_1_591' title='bbox 3300 4062 3416 4127; x_wconf 92' lang='lat' dir='ltr'><strong>ipso</strong></span> <span class='ocrx_word' id='word_1_592' title='bbox 3459 4058 3593 4113; x_wconf 89' lang='lat' dir='ltr'><strong>Istro</strong></span> <span class='ocrx_word' id='word_1_593' title='bbox 3629 4063 3768 4114; x_wconf 89' lang='lat' dir='ltr'><strong>inter</strong></span> <span class='ocrx_word' id='word_1_594' title='bbox 3795 4074 4013 4116; x_wconf 88' lang='lat' dir='ltr'><strong>utrum-</strong></span> 
     </span>
    </p>
   </div>
   <div class='ocr_carea' id='block_1_86' title="bbox 2436 4149 4010 4229">
    <p class='ocr_par' dir='ltr' id='par_1_86' title="bbox 2436 4149 4010 4229">
     <span class='ocr_line' id='line_1_86' title="bbox 2436 4149 4010 4229; baseline -0.003 -20"><span class='ocrx_word' id='word_1_595' title='bbox 2436 4173 2540 4229; x_wconf 89' lang='lat' dir='ltr'><strong>que</strong></span> <span class='ocrx_word' id='word_1_596' title='bbox 2573 4155 2870 4225; x_wconf 89' lang='lat' dir='ltr'><strong>principem</strong></span> <span class='ocrx_word' id='word_1_597' title='bbox 2905 4151 3056 4216; x_wconf 84' lang='lat' dir='ltr'><strong>iuita,</strong></span> <span class='ocrx_word' id='word_1_598' title='bbox 3112 4149 3357 4203; x_wconf 85' lang='lat' dir='ltr'><strong>similiter</strong></span> <span class='ocrx_word' id='word_1_599' title='bbox 3394 4151 3706 4213; x_wconf 87' lang='lat' dir='ltr'><strong>ostendunt,</strong></span> <span class='ocrx_word' id='word_1_600' title='bbox 3758 4154 4010 4204; x_wconf 83' lang='lat' dir='ltr'><strong>Athana-</strong></span> 
     </span>
    </p>
   </div>
   <div class='ocr_carea' id='block_1_87' title="bbox 2436 4240 4010 4305">
    <p class='ocr_par' dir='ltr' id='par_1_87' title="bbox 2436 4240 4010 4305">
     <span class='ocr_line' id='line_1_87' title="bbox 2436 4240 4010 4305; baseline -0.006 0"><span class='ocrx_word' id='word_1_601' title='bbox 2436 4253 2530 4305; x_wconf 88' lang='lat' dir='ltr'><strong>rici</strong></span> <span class='ocrx_word' id='word_1_602' title='bbox 2569 4251 2827 4304; x_wconf 88' lang='lat' dir='ltr'><strong>ditionem</strong></span> <span class='ocrx_word' id='word_1_603' title='bbox 2854 4263 2884 4299; x_wconf 88' lang='lat' dir='ltr'><strong>a</strong></span> <span class='ocrx_word' id='word_1_604' title='bbox 2917 4245 3098 4299; x_wconf 67' lang='lat' dir='ltr'><strong>Massia</strong></span> <span class='ocrx_word' id='word_1_605' title='bbox 3145 4240 3401 4294; x_wconf 86' lang='lat' dir='ltr'><strong>inferiore</strong></span> <span class='ocrx_word' id='word_1_606' title='bbox 3431 4240 3546 4294; x_wconf 87' lang='lat' dir='ltr'><strong>solo</strong></span> <span class='ocrx_word' id='word_1_607' title='bbox 3575 4240 3713 4292; x_wconf 67' lang='lat' dir='ltr'><strong>Istro</strong></span> <span class='ocrx_word' id='word_1_608' title='bbox 3746 4244 3861 4294; x_wconf 86' lang='lat' dir='ltr'><strong>sive</strong></span> <span class='ocrx_word' id='word_1_609' title='bbox 3905 4245 4010 4296; x_wconf 82' lang='lat' dir='ltr'><strong>Da-</strong></span> 
     </span>
    </p>
   </div>
   <div class='ocr_carea' id='block_1_88' title="bbox 2437 4332 4009 4406">
    <p class='ocr_par' dir='ltr' id='par_1_88' title="bbox 2437 4332 4009 4406">
     <span class='ocr_line' id='line_1_88' title="bbox 2437 4332 4009 4406; baseline -0.004 -12"><span class='ocrx_word' id='word_1_610' title='bbox 2437 4342 2601 4395; x_wconf 89' lang='lat' dir='ltr'><strong>nubio</strong></span> <span class='ocrx_word' id='word_1_611' title='bbox 2637 4341 2957 4406; x_wconf 82' lang='lat' dir='ltr'><strong>diremptam</strong></span> <span class='ocrx_word' id='word_1_612' title='bbox 3011 4336 3199 4390; x_wconf 81' lang='lat' dir='ltr'><strong>fuisse.</strong></span> <span class='ocrx_word' id='word_1_613' title='bbox 3256 4334 3442 4401; x_wconf 86' lang='lat' dir='ltr'><strong>Itaque</strong></span> <span class='ocrx_word' id='word_1_614' title='bbox 3490 4332 3844 4385; x_wconf 89' lang='lat' dir='ltr'><strong>dubitandum</strong></span> <span class='ocrx_word' id='word_1_615' title='bbox 3900 4351 4009 4387; x_wconf 90' lang='lat' dir='ltr'><strong>non</strong></span> 
     </span>
    </p>
   </div>
   <div class='ocr_carea' id='block_1_89' title="bbox 2437 4424 4010 4500">
    <p class='ocr_par' dir='ltr' id='par_1_89' title="bbox 2437 4424 4010 4500">
     <span class='ocr_line' id='line_1_89' title="bbox 2437 4424 4010 4500; baseline -0.006 -13"><span class='ocrx_word' id='word_1_616' title='bbox 2437 4443 2538 4495; x_wconf 86' lang='lat' dir='ltr'><strong>est,</strong></span> <span class='ocrx_word' id='word_1_617' title='bbox 2575 4433 2702 4500; x_wconf 87' lang='lat' dir='ltr'><strong>quin</strong></span> <span class='ocrx_word' id='word_1_618' title='bbox 2768 4441 2988 4482; x_wconf 82' lang='lat' dir='ltr'><strong>sanctus</strong></span> <span class='ocrx_word' id='word_1_619' title='bbox 3041 4426 3254 4480; x_wconf 74' lang='lat' dir='ltr'><strong>Nicetas</strong></span> <span class='ocrx_word' id='word_1_620' title='bbox 3303 4441 3494 4495; x_wconf 88' lang='lat' dir='ltr'><strong>passus</strong></span> <span class='ocrx_word' id='word_1_621' title='bbox 3535 4425 3603 4477; x_wconf 92' lang='lat' dir='ltr'><strong>sit</strong></span> <span class='ocrx_word' id='word_1_622' title='bbox 3637 4424 3690 4476; x_wconf 89' lang='lat' dir='ltr'><strong>itt</strong></span> <span class='ocrx_word' id='word_1_623' title='bbox 3748 4424 4010 4478; x_wconf 82' lang='lat' dir='ltr'><strong>hodierna</strong></span> 
     </span>
    </p>
   </div>
   <div class='ocr_carea' id='block_1_90' title="bbox 762 4515 4012 4602">
    <p class='ocr_par' dir='ltr' id='par_1_90' title="bbox 762 4515 4012 4602">
     <span class='ocr_line' id='line_1_90' title="bbox 762 4515 4012 4602; baseline -0 -19"><span class='ocrx_word' id='word_1_624' title='bbox 762 4548 881 4586; x_wconf 90' lang='lat' dir='ltr'><strong>rore</strong></span> <span class='ocrx_word' id='word_1_625' title='bbox 913 4534 1122 4602; x_wconf 86' lang='lat' dir='ltr'><strong>perciti,</strong></span> <span class='ocrx_word' id='word_1_626' title='bbox 1172 4543 1440 4587; x_wconf 90' lang='lat' dir='ltr'><strong>commota</strong></span> <span class='ocrx_word' id='word_1_627' title='bbox 1478 4536 1529 4585; x_wconf 92' lang='lat' dir='ltr'><strong>in</strong></span> <span class='ocrx_word' id='word_1_628' title='bbox 1562 4535 1898 4588; x_wconf 84' lang='lat' dir='ltr'><strong>Christianos</strong></span> <span class='ocrx_word' id='word_1_629' title='bbox 1930 4535 2326 4600; x_wconf 86' lang='lat' dir='ltr'><strong>persecutione,</strong></span> <span class='ocrx_word' id='word_1_630' title='bbox 2368 4534 2408 4587; x_wconf 89' lang='lat' dir='ltr'>D</span> <span class='ocrx_word' id='word_1_631' title='bbox 2441 4525 2720 4585; x_wconf 68' lang='lat' dir='ltr'><strong>MOIdaViﬂ.</strong></span> <span class='ocrx_word' id='word_1_632' title='bbox 2757 4523 2837 4576; x_wconf 67' lang='grc' dir='ltr'><strong>νει</strong></span> <span class='ocrx_word' id='word_1_633' title='bbox 2872 4522 2996 4574; x_wconf 69' lang='grc' dir='ltr'><strong>ὶιυίε</strong></span> <span class='ocrx_word' id='word_1_634' title='bbox 3027 4518 3364 4573; x_wconf 55' lang='lat' dir='ltr'><strong>contermina</strong></span> <span class='ocrx_word' id='word_1_635' title='bbox 3408 4517 3656 4570; x_wconf 64' lang='lat' dir='ltr'><strong>vahdlia</strong></span> <span class='ocrx_word' id='word_1_636' title='bbox 3689 4527 3782 4569; x_wconf 75' lang='grc' dir='ltr'><strong>²υῑ</strong></span> <span class='ocrx_word' id='word_1_637' title='bbox 3815 4515 4012 4570; x_wconf 62' lang='grc'><strong>³0⁵⁵³⁸</strong></span> 
     </span>
    </p>
   </div>
   <div class='ocr_carea' id='block_1_91' title="bbox 759 4621 2328 4692">
    <p class='ocr_par' dir='ltr' id='par_1_91' title="bbox 759 4621 2328 4692">
     <span class='ocr_line' id='line_1_91' title="bbox 759 4621 2328 4692; baseline -0.003 -16"><span class='ocrx_word' id='word_1_638' title='bbox 759 4627 891 4677; x_wconf 90' lang='lat' dir='ltr'><strong>alios</strong></span> <span class='ocrx_word' id='word_1_639' title='bbox 926 4627 1142 4692; x_wconf 83' lang='lat' dir='ltr'><strong>quidem</strong></span> <span class='ocrx_word' id='word_1_640' title='bbox 1175 4625 1330 4677; x_wconf 88' lang='lat' dir='ltr'><strong>aliter</strong></span> <span class='ocrx_word' id='word_1_641' title='bbox 1365 4633 1608 4686; x_wconf 86' lang='lat' dir='ltr'><strong>torsere,</strong></span> <span class='ocrx_word' id='word_1_642' title='bbox 1653 4621 1894 4676; x_wconf 84' lang='lat' dir='ltr'><strong>Nicctatn</strong></span> <span class='ocrx_word' id='word_1_643' title='bbox 1952 4633 2132 4673; x_wconf 82' lang='lat' dir='ltr'><strong>autem</strong></span> <span class='ocrx_word' id='word_1_644' title='bbox 2190 4623 2328 4672; x_wconf 85' lang='lat' dir='ltr'><strong>mul-</strong></span> 
     </span>
    </p>
   </div>
   <div class='ocr_carea' id='block_1_92' title="bbox 761 4711 2324 4783">
    <p class='ocr_par' dir='ltr' id='par_1_92' title="bbox 761 4711 2324 4783">
     <span class='ocr_line' id='line_1_92' title="bbox 761 4711 2324 4783; baseline -0.004 -15"><span class='ocrx_word' id='word_1_645' title='bbox 761 4713 1034 4779; x_wconf 82' lang='lat' dir='ltr'><strong>tiplicibus</strong></span> <span class='ocrx_word' id='word_1_646' title='bbox 1083 4713 1361 4780; x_wconf 89' lang='lat' dir='ltr'><strong>suppliciis</strong></span> <span class='ocrx_word' id='word_1_647' title='bbox 1404 4714 1767 4767; x_wconf 81' lang='lat' dir='ltr'><strong>excruciatum</strong></span> <span class='ocrx_word' id='word_1_648' title='bbox 1819 4712 1925 4783; x_wconf 90' lang='lat' dir='ltr'><strong>igni</strong></span> <span class='ocrx_word' id='word_1_649' title='bbox 1975 4711 2264 4764; x_wconf 86' lang='lat' dir='ltr'><strong>tradidere.</strong></span> <span class='ocrx_word' id='word_1_650' title='bbox 2308 4731 2324 4760; x_wconf 74' lang='grc' dir='ltr'><strong>ι</strong></span> 
     </span>
    </p>
   </div>
   <div class='ocr_carea' id='block_1_93' title="bbox 763 4805 1766 4875">
    <p class='ocr_par' dir='ltr' id='par_1_93' title="bbox 763 4805 1766 4875">
     <span class='ocr_line' id='line_1_93' title="bbox 763 4805 1766 4875; baseline -0.001 -17"><span class='ocrx_word' id='word_1_651' title='bbox 763 4806 1033 4859; x_wconf 86' lang='lat' dir='ltr'><strong>Hactenus</strong></span> <span class='ocrx_word' id='word_1_652' title='bbox 1059 4806 1419 4875; x_wconf 84' lang='lat' dir='ltr'><strong>Menologium</strong></span> <span class='ocrx_word' id='word_1_653' title='bbox 1449 4805 1577 4858; x_wconf 91' lang='lat' dir='ltr'><strong>satis</strong></span> <span class='ocrx_word' id='word_1_654' title='bbox 1605 4816 1766 4858; x_wconf 85' lang='lat' dir='ltr'><strong>recte.</strong></span> 
     </span>
    </p>
   </div>
   <div class='ocr_carea' id='block_1_94' title="bbox 832 4894 2327 4965">
    <p class='ocr_par' dir='ltr' id='par_1_94' title="bbox 832 4894 2327 4965">
     <span class='ocr_line' id='line_1_94' title="bbox 832 4894 2327 4965; baseline 0 -17"><span class='ocrx_word' id='word_1_655' title='bbox 832 4897 922 4950; x_wconf 92' lang='lat' dir='ltr'><strong>III.</strong></span> <span class='ocrx_word' id='word_1_656' title='bbox 967 4897 1040 4950; x_wconf 89' lang='lat' dir='ltr'><strong>De</strong></span> <span class='ocrx_word' id='word_1_657' title='bbox 1075 4897 1427 4949; x_wconf 86' lang='lat' dir='ltr'><strong>translatione</strong></span> <span class='ocrx_word' id='word_1_658' title='bbox 1457 4897 1700 4965; x_wconf 89' lang='lat' dir='ltr'><strong>corporis</strong></span> <span class='ocrx_word' id='word_1_659' title='bbox 1734 4896 1902 4949; x_wconf 84' lang='lat' dir='ltr'><strong>sancti</strong></span> <span class='ocrx_word' id='word_1_660' title='bbox 1936 4894 2134 4949; x_wconf 64' lang='lat' dir='ltr'><strong>Nicone</strong></span> <span class='ocrx_word' id='word_1_661' title='bbox 2170 4896 2327 4948; x_wconf 90' lang='lat' dir='ltr'><strong>Gothi</strong></span> 
     </span>
    </p>
   </div>
   <div class='ocr_carea' id='block_1_95' title="bbox 763 4986 2332 5057">
    <p class='ocr_par' dir='ltr' id='par_1_95' title="bbox 763 4986 2332 5057">
     <span class='ocr_line' id='line_1_95' title="bbox 763 4986 2332 5057; baseline 0 -18"><span class='ocrx_word' id='word_1_662' title='bbox 763 5000 926 5057; x_wconf 82' lang='lat' dir='ltr'><strong>agunt</strong></span> <span class='ocrx_word' id='word_1_663' title='bbox 959 4990 1091 5042; x_wconf 84' lang='lat' dir='ltr'><strong>Acta</strong></span> <span class='ocrx_word' id='word_1_664' title='bbox 1124 4988 1352 5050; x_wconf 67' lang='lat' dir='ltr'><strong>edenda,</strong></span> <span class='ocrx_word' id='word_1_665' title='bbox 1393 4989 1563 5056; x_wconf 84' lang='lat' dir='ltr'><strong>iisque</strong></span> <span class='ocrx_word' id='word_1_666' title='bbox 1605 4992 1880 5042; x_wconf 86' lang='lat' dir='ltr'><strong>consentit</strong></span> <span class='ocrx_word' id='word_1_667' title='bbox 1910 4987 2102 5041; x_wconf 80' lang='lat' dir='ltr'><strong>Petrus</strong></span> <span class='ocrx_word' id='word_1_668' title='bbox 2135 4989 2200 5040; x_wconf 89' lang='lat' dir='ltr'><strong>de</strong></span> <span class='ocrx_word' id='word_1_669' title='bbox 2234 4986 2332 5039; x_wconf 65' lang='grc' dir='ltr'><strong>Νη·</strong></span> 
     </span>
    </p>
   </div>
   <div class='ocr_carea' id='block_1_96' title="bbox 771 5080 2330 5149">
    <p class='ocr_par' dir='ltr' id='par_1_96' title="bbox 771 5080 2330 5149">
     <span class='ocr_line' id='line_1_96' title="bbox 771 5080 2330 5149; baseline 0 -18"><span class='ocrx_word' id='word_1_670' title='bbox 771 5081 971 5133; x_wconf 73' lang='lat' dir='ltr'><strong>talibus</strong></span> <span class='ocrx_word' id='word_1_671' title='bbox 1010 5081 1118 5148; x_wconf 74' lang='lat' dir='ltr'><strong>jam</strong></span> <span class='ocrx_word' id='word_1_672' title='bbox 1171 5081 1440 5133; x_wconf 80' lang='lat' dir='ltr'><strong>laudatus.</strong></span> <span class='ocrx_word' id='word_1_673' title='bbox 1475 5080 1770 5144; x_wconf 83' lang='lat' dir='ltr'><strong>Utrobique</strong></span> <span class='ocrx_word' id='word_1_674' title='bbox 1803 5081 1960 5132; x_wconf 90' lang='lat' dir='ltr'><strong>etiam</strong></span> <span class='ocrx_word' id='word_1_675' title='bbox 1995 5081 2208 5149; x_wconf 84' lang='lat' dir='ltr'><strong>legitur,</strong></span> <span class='ocrx_word' id='word_1_676' title='bbox 2241 5097 2330 5131; x_wconf 86' lang='lat' dir='ltr'><strong>ec-</strong></span> 
     </span>
    </p>
   </div>
   <div class='ocr_carea' id='block_1_97' title="bbox 764 5169 2331 5240">
    <p class='ocr_par' dir='ltr' id='par_1_97' title="bbox 764 5169 2331 5240">
     <span class='ocr_line' id='line_1_97' title="bbox 764 5169 2331 5240; baseline -0.001 -17"><span class='ocrx_word' id='word_1_677' title='bbox 764 5174 984 5226; x_wconf 87' lang='lat' dir='ltr'><strong>clesiatn</strong></span> <span class='ocrx_word' id='word_1_678' title='bbox 1040 5181 1227 5225; x_wconf 90' lang='lat' dir='ltr'><strong>sancto</strong></span> <span class='ocrx_word' id='word_1_679' title='bbox 1279 5173 1595 5226; x_wconf 66' lang='lat' dir='ltr'><strong>azdiﬁcatam</strong></span> <span class='ocrx_word' id='word_1_680' title='bbox 1628 5187 1746 5224; x_wconf 82' lang='lat' dir='ltr'><strong>esse</strong></span> <span class='ocrx_word' id='word_1_681' title='bbox 1779 5172 2118 5240; x_wconf 70' lang='lat' dir='ltr'><strong>Mopsuestia:</strong></span> <span class='ocrx_word' id='word_1_682' title='bbox 2163 5172 2214 5223; x_wconf 91' lang='lat' dir='ltr'><strong>in</strong></span> <span class='ocrx_word' id='word_1_683' title='bbox 2248 5169 2331 5223; x_wconf 89' lang='lat' dir='ltr'><strong>Ci-</strong></span> 
     </span>
    </p>
   </div>
   <div class='ocr_carea' id='block_1_98' title="bbox 763 5262 2332 5332">
    <p class='ocr_par' dir='ltr' id='par_1_98' title="bbox 763 5262 2332 5332">
     <span class='ocr_line' id='line_1_98' title="bbox 763 5262 2332 5332; baseline -0.004 -14"><span class='ocrx_word' id='word_1_684' title='bbox 763 5266 907 5328; x_wconf 86' lang='lat' dir='ltr'><strong>licia,</strong></span> <span class='ocrx_word' id='word_1_685' title='bbox 945 5280 1052 5332; x_wconf 87' lang='lat' dir='ltr'><strong>quo</strong></span> <span class='ocrx_word' id='word_1_686' title='bbox 1099 5278 1309 5316; x_wconf 85' lang='lat' dir='ltr'><strong>sacrum</strong></span> <span class='ocrx_word' id='word_1_687' title='bbox 1360 5278 1555 5332; x_wconf 91' lang='lat' dir='ltr'><strong>corpus</strong></span> <span class='ocrx_word' id='word_1_688' title='bbox 1587 5272 1700 5317; x_wconf 86' lang='lat' dir='ltr'><strong>erat.</strong></span> <span class='ocrx_word' id='word_1_689' title='bbox 1735 5263 1990 5315; x_wconf 88' lang='lat' dir='ltr'><strong>delatum.</strong></span> <span class='ocrx_word' id='word_1_690' title='bbox 2025 5263 2190 5315; x_wconf 83' lang='lat' dir='ltr'><strong>Addit</strong></span> <span class='ocrx_word' id='word_1_691' title='bbox 2239 5262 2332 5312; x_wconf 86' lang='lat' dir='ltr'><strong>dc—</strong></span> 
     </span>
    </p>
   </div>
   <div class='ocr_carea' id='block_1_99' title="bbox 767 5353 2334 5420">
    <p class='ocr_par' dir='ltr' id='par_1_99' title="bbox 767 5353 2334 5420">
     <span class='ocr_line' id='line_1_99' title="bbox 767 5353 2334 5420; baseline -0.005 -12"><span class='ocrx_word' id='word_1_692' title='bbox 767 5358 893 5408; x_wconf 90' lang='lat' dir='ltr'><strong>imle</strong></span> <span class='ocrx_word' id='word_1_693' title='bbox 922 5354 1114 5408; x_wconf 83' lang='lat' dir='ltr'><strong>Petrus</strong></span> <span class='ocrx_word' id='word_1_694' title='bbox 1142 5357 1210 5408; x_wconf 91' lang='lat' dir='ltr'><strong>de</strong></span> <span class='ocrx_word' id='word_1_695' title='bbox 1256 5354 1578 5407; x_wconf 85' lang='lat' dir='ltr'><strong>Natalibus:</strong></span> <span class='ocrx_word' id='word_1_696' title='bbox 1619 5373 1635 5402; x_wconf 74' lang='grc' dir='ltr'><strong>ε</strong></span> <span class='ocrx_word' id='word_1_697' title='bbox 1670 5353 1799 5406; x_wconf 77' lang='lat' dir='ltr'><strong>Post</strong></span> <span class='ocrx_word' id='word_1_698' title='bbox 1833 5353 2090 5420; x_wconf 86' lang='lat' dir='ltr'><strong>temporis</strong></span> <span class='ocrx_word' id='word_1_699' title='bbox 2140 5353 2334 5403; x_wconf 88' lang='lat' dir='ltr'><strong>decur-</strong></span> 
     </span>
    </p>
   </div>
   <div class='ocr_carea' id='block_1_100' title="bbox 767 5444 2334 5515">
    <p class='ocr_par' dir='ltr' id='par_1_100' title="bbox 767 5444 2334 5515">
     <span class='ocr_line' id='line_1_100' title="bbox 767 5444 2334 5515; baseline -0.005 -15"><span class='ocrx_word' id='word_1_700' title='bbox 767 5463 883 5500; x_wconf 89' lang='lat' dir='ltr'><strong>sum</strong></span> <span class='ocrx_word' id='word_1_701' title='bbox 914 5461 1111 5514; x_wconf 81' lang='lat' dir='ltr'><strong>Corpus</strong></span> <span class='ocrx_word' id='word_1_702' title='bbox 1160 5448 1335 5515; x_wconf 80' lang='lat' dir='ltr'><strong>ipsum</strong></span> <span class='ocrx_word' id='word_1_703' title='bbox 1373 5444 1627 5498; x_wconf 78' lang='lat' dir='ltr'><strong>Venetias</strong></span> <span class='ocrx_word' id='word_1_704' title='bbox 1682 5448 2026 5507; x_wconf 85' lang='lat' dir='ltr'><strong>translatum,</strong></span> <span class='ocrx_word' id='word_1_705' title='bbox 2058 5444 2334 5510; x_wconf 82' lang='lat' dir='ltr'><strong>quiescere</strong></span> 
     </span>
    </p>
   </div>
   <div class='ocr_carea' id='block_1_101' title="bbox 764 5534 2322 5603">
    <p class='ocr_par' dir='ltr' id='par_1_101' title="bbox 764 5534 2322 5603">
     <span class='ocr_line' id='line_1_101' title="bbox 764 5534 2322 5603; baseline -0.007 -9"><span class='ocrx_word' id='word_1_706' title='bbox 764 5543 963 5594; x_wconf 88' lang='lat' dir='ltr'><strong>dicitur</strong></span> <span class='ocrx_word' id='word_1_707' title='bbox 999 5542 1052 5594; x_wconf 91' lang='lat' dir='ltr'><strong>in</strong></span> <span class='ocrx_word' id='word_1_708' title='bbox 1081 5539 1309 5600; x_wconf 83' lang='lat' dir='ltr'><strong>ecclesia</strong></span> <span class='ocrx_word' id='word_1_709' title='bbox 1346 5539 1402 5591; x_wconf 84' lang='lat' dir='ltr'><strong>S.</strong></span> <span class='ocrx_word' id='word_1_710' title='bbox 1437 5537 1662 5592; x_wconf 80' lang='lat' dir='ltr'><strong>Nicolai.</strong></span> <span class='ocrx_word' id='word_1_711' title='bbox 1699 5558 1716 5587; x_wconf 74' lang='grc' dir='ltr'><strong>ι</strong></span> <span class='ocrx_word' id='word_1_712' title='bbox 1759 5537 1828 5587; x_wconf 87' lang='lat' dir='ltr'><strong>De</strong></span> <span class='ocrx_word' id='word_1_713' title='bbox 1865 5550 2092 5603; x_wconf 88' lang='lat' dir='ltr'><strong>corpore</strong></span> <span class='ocrx_word' id='word_1_714' title='bbox 2122 5534 2322 5586; x_wconf 87' lang='lat' dir='ltr'><strong>ibtdctn</strong></span> 
     </span>
    </p>
   </div>
   <div class='ocr_carea' id='block_1_102' title="bbox 765 5624 2334 5699">
    <p class='ocr_par' dir='ltr' id='par_1_102' title="bbox 765 5624 2334 5699">
     <span class='ocr_line' id='line_1_102' title="bbox 765 5624 2334 5699; baseline -0.008 -12"><span class='ocrx_word' id='word_1_715' title='bbox 765 5644 980 5687; x_wconf 75' lang='lat' dir='ltr'><strong>servato</strong></span> <span class='ocrx_word' id='word_1_716' title='bbox 1019 5632 1338 5699; x_wconf 84' lang='lat' dir='ltr'><strong>astipulatur</strong></span> <span class='ocrx_word' id='word_1_717' title='bbox 1372 5629 1623 5682; x_wconf 61' lang='lat' dir='ltr'><strong>Nicolaus</strong></span> <span class='ocrx_word' id='word_1_718' title='bbox 1684 5627 1919 5696; x_wconf 85' lang='lat' dir='ltr'><strong>Doglioni</strong></span> <span class='ocrx_word' id='word_1_719' title='bbox 1974 5626 2027 5678; x_wconf 89' lang='lat' dir='ltr'><strong>itt</strong></span> <span class='ocrx_word' id='word_1_720' title='bbox 2076 5624 2334 5691; x_wconf 87' lang='lat' dir='ltr'><strong>opusculo</strong></span> 
     </span>
    </p>
   </div>
   <div class='ocr_carea' id='block_1_103' title="bbox 771 5716 2332 5786">
    <p class='ocr_par' dir='ltr' id='par_1_103' title="bbox 771 5716 2332 5786">
     <span class='ocr_line' id='line_1_103' title="bbox 771 5716 2332 5786; baseline -0.006 -10"><span class='ocrx_word' id='word_1_721' title='bbox 771 5725 954 5776; x_wconf 84' lang='lat' dir='ltr'><strong>Italico</strong></span> <span class='ocrx_word' id='word_1_722' title='bbox 991 5724 1050 5774; x_wconf 85' lang='lat' dir='ltr'><strong>de</strong></span> <span class='ocrx_word' id='word_1_723' title='bbox 1075 5721 1402 5774; x_wconf 80' lang='lat' dir='ltr'><strong>Notabilibus</strong></span> <span class='ocrx_word' id='word_1_724' title='bbox 1436 5721 1573 5772; x_wconf 84' lang='lat' dir='ltr'><strong>urbis</strong></span> <span class='ocrx_word' id='word_1_725' title='bbox 1617 5720 1818 5773; x_wconf 72' lang='lat' dir='ltr'><strong>Veneta!</strong></span> <span class='ocrx_word' id='word_1_726' title='bbox 1848 5719 1940 5772; x_wconf 77' lang='grc' dir='ltr'><strong>Μ).</strong></span> <span class='ocrx_word' id='word_1_727' title='bbox 1975 5734 2008 5770; x_wconf 87' lang='lat' dir='ltr'><strong>tt</strong></span> <span class='ocrx_word' id='word_1_728' title='bbox 2044 5733 2161 5786; x_wconf 82' lang='lat' dir='ltr'><strong>pag.</strong></span> <span class='ocrx_word' id='word_1_729' title='bbox 2197 5716 2332 5778; x_wconf 60' lang='grc' dir='ltr'><strong>διεὶς</strong></span> 
     </span>
    </p>
   </div>
   <div class='ocr_carea' id='block_1_104' title="bbox 777 5809 2329 5884">
    <p class='ocr_par' dir='ltr' id='par_1_104' title="bbox 777 5809 2329 5884">
     <span class='ocr_line' id='line_1_104' title="bbox 777 5809 2329 5884; baseline -0.005 -16"><span class='ocrx_word' id='word_1_730' title='bbox 777 5817 850 5868; x_wconf 87' lang='lat' dir='ltr'><strong>uti</strong></span> <span class='ocrx_word' id='word_1_731' title='bbox 885 5824 934 5869; x_wconf 84' lang='lat' dir='ltr'><strong>et</strong></span> <span class='ocrx_word' id='word_1_732' title='bbox 974 5817 1289 5884; x_wconf 77' lang='lat' dir='ltr'><strong>opusculum</strong></span> <span class='ocrx_word' id='word_1_733' title='bbox 1334 5814 1584 5868; x_wconf 85' lang='lat' dir='ltr'><strong>Latinum</strong></span> <span class='ocrx_word' id='word_1_734' title='bbox 1618 5815 1676 5867; x_wconf 80' lang='lat' dir='ltr'><strong>de</strong></span> <span class='ocrx_word' id='word_1_735' title='bbox 1715 5816 1846 5872; x_wconf 81' lang='lat' dir='ltr'><strong>Urbe</strong></span> <span class='ocrx_word' id='word_1_736' title='bbox 1904 5813 2119 5874; x_wconf 81' lang='lat' dir='ltr'><strong>Veneta,</strong></span> <span class='ocrx_word' id='word_1_737' title='bbox 2187 5809 2329 5877; x_wconf 83' lang='lat' dir='ltr'><strong>quod</strong></span> 
     </span>
    </p>
   </div>
   <div class='ocr_carea' id='block_1_105' title="bbox 2432 4609 4012 4679">
    <p class='ocr_par' dir='ltr' id='par_1_105' title="bbox 2432 4609 4012 4679">
     <span class='ocr_line' id='line_1_105' title="bbox 2432 4609 4012 4679; baseline -0.008 -7"><span class='ocrx_word' id='word_1_738' title='bbox 2432 4620 2602 4672; x_wconf 87' lang='lat' dir='ltr'><strong>rabia.</strong></span> <span class='ocrx_word' id='word_1_739' title='bbox 2645 4616 2776 4669; x_wconf 87' lang='lat' dir='ltr'><strong>Nam</strong></span> <span class='ocrx_word' id='word_1_740' title='bbox 2813 4611 3244 4679; x_wconf 87' lang='lat' dir='ltr'><strong>persecutionem</strong></span> <span class='ocrx_word' id='word_1_741' title='bbox 3295 4620 3480 4661; x_wconf 91' lang='lat' dir='ltr'><strong>contra</strong></span> <span class='ocrx_word' id='word_1_742' title='bbox 3517 4609 3856 4660; x_wconf 63' lang='lat' dir='ltr'><strong>Christianos</strong></span> <span class='ocrx_word' id='word_1_743' title='bbox 3894 4626 4012 4660; x_wconf 82' lang='lat' dir='ltr'><strong>mo-</strong></span> 
     </span>
    </p>
   </div>
   <div class='ocr_carea' id='block_1_106' title="bbox 2434 4697 4009 4767">
    <p class='ocr_par' dir='ltr' id='par_1_106' title="bbox 2434 4697 4009 4767">
     <span class='ocr_line' id='line_1_106' title="bbox 2434 4697 4009 4767; baseline -0.016 -3"><span class='ocrx_word' id='word_1_744' title='bbox 2434 4712 2510 4764; x_wconf 81' lang='lat' dir='ltr'><strong>vit</strong></span> <span class='ocrx_word' id='word_1_745' title='bbox 2552 4707 2934 4765; x_wconf 83' lang='lat' dir='ltr'><strong>Athanaricus,</strong></span> <span class='ocrx_word' id='word_1_746' title='bbox 2989 4702 3301 4767; x_wconf 87' lang='lat' dir='ltr'><strong>priusquam</strong></span> <span class='ocrx_word' id='word_1_747' title='bbox 3347 4698 3507 4750; x_wconf 90' lang='lat' dir='ltr'><strong>Gothi</strong></span> <span class='ocrx_word' id='word_1_748' title='bbox 3558 4697 3754 4748; x_wconf 90' lang='lat' dir='ltr'><strong>Istrum</strong></span> <span class='ocrx_word' id='word_1_749' title='bbox 3790 4699 4009 4751; x_wconf 75' lang='lat' dir='ltr'><strong>[uerum</strong></span> 
     </span>
    </p>
   </div>
   <div class='ocr_carea' id='block_1_107' title="bbox 2437 4788 4008 4868">
    <p class='ocr_par' dir='ltr' id='par_1_107' title="bbox 2437 4788 4008 4868">
     <span class='ocr_line' id='line_1_107' title="bbox 2437 4788 4008 4868; baseline -0.01 -12"><span class='ocrx_word' id='word_1_750' title='bbox 2437 4799 2781 4868; x_wconf 86' lang='lat' dir='ltr'><strong>transgressi,</strong></span> <span class='ocrx_word' id='word_1_751' title='bbox 2835 4793 3052 4861; x_wconf 87' lang='lat' dir='ltr'><strong>quando</strong></span> <span class='ocrx_word' id='word_1_752' title='bbox 3104 4789 3327 4843; x_wconf 74' lang='lat' dir='ltr'><strong>haeresis</strong></span> <span class='ocrx_word' id='word_1_753' title='bbox 3373 4789 3568 4842; x_wconf 85' lang='lat' dir='ltr'><strong>Ariana</strong></span> <span class='ocrx_word' id='word_1_754' title='bbox 3602 4788 3831 4842; x_wconf 86' lang='lat' dir='ltr'><strong>necdum</strong></span> <span class='ocrx_word' id='word_1_755' title='bbox 3878 4804 4008 4854; x_wconf 73' lang='lat' dir='ltr'><strong>pra:-</strong></span> 
     </span>
    </p>
   </div>
   <div class='ocr_carea' id='block_1_108' title="bbox 2435 4883 4008 4957">
    <p class='ocr_par' dir='ltr' id='par_1_108' title="bbox 2435 4883 4008 4957">
     <span class='ocr_line' id='line_1_108' title="bbox 2435 4883 4008 4957; baseline -0.01 -11"><span class='ocrx_word' id='word_1_756' title='bbox 2435 4895 2677 4946; x_wconf 89' lang='lat' dir='ltr'><strong>valuerat</strong></span> <span class='ocrx_word' id='word_1_757' title='bbox 2731 4887 2870 4957; x_wconf 85' lang='lat' dir='ltr'><strong>apud</strong></span> <span class='ocrx_word' id='word_1_758' title='bbox 2906 4883 3132 4943; x_wconf 85' lang='lat' dir='ltr'><strong>Gothos,</strong></span> <span class='ocrx_word' id='word_1_759' title='bbox 3163 4893 3220 4936; x_wconf 91' lang='lat' dir='ltr'><strong>ut</strong></span> <span class='ocrx_word' id='word_1_760' title='bbox 3265 4885 3518 4938; x_wconf 89' lang='lat' dir='ltr'><strong>observat</strong></span> <span class='ocrx_word' id='word_1_761' title='bbox 3557 4893 3779 4936; x_wconf 88' lang='lat' dir='ltr'><strong>sanctus</strong></span> <span class='ocrx_word' id='word_1_762' title='bbox 3823 4883 4008 4951; x_wconf 82' lang='lat' dir='ltr'><strong>Augu-</strong></span> 
     </span>
    </p>
   </div>
   <div class='ocr_carea' id='block_1_109' title="bbox 2435 4973 4011 5048">
    <p class='ocr_par' dir='ltr' id='par_1_109' title="bbox 2435 4973 4011 5048">
     <span class='ocr_line' id='line_1_109' title="bbox 2435 4973 4011 5048; baseline -0.01 -7"><span class='ocrx_word' id='word_1_763' title='bbox 2435 4988 2626 5048; x_wconf 86' lang='lat' dir='ltr'><strong>stinus,</strong></span> <span class='ocrx_word' id='word_1_764' title='bbox 2705 4983 2799 5037; x_wconf 87' lang='lat' dir='ltr'><strong>lib.</strong></span> <span class='ocrx_word' id='word_1_765' title='bbox 2858 4996 2986 5036; x_wconf 69' lang='lat' dir='ltr'><strong>XVIII</strong></span> <span class='ocrx_word' id='word_1_766' title='bbox 3026 4977 3093 5030; x_wconf 85' lang='lat' dir='ltr'><strong>de</strong></span> <span class='ocrx_word' id='word_1_767' title='bbox 3127 4977 3366 5037; x_wconf 88' lang='lat' dir='ltr'><strong>civitate,</strong></span> <span class='ocrx_word' id='word_1_768' title='bbox 3431 4992 3545 5042; x_wconf 87' lang='lat' dir='ltr'><strong>cap.</strong></span> <span class='ocrx_word' id='word_1_769' title='bbox 3589 4973 3675 5026; x_wconf 70' lang='lat'><strong>52.</strong></span> <span class='ocrx_word' id='word_1_770' title='bbox 3736 4973 3823 5026; x_wconf 88' lang='lat' dir='ltr'><strong>ubi</strong></span> <span class='ocrx_word' id='word_1_771' title='bbox 3896 4974 4011 5026; x_wconf 63' lang='lat' dir='ltr'><strong>bare</strong></span> 
     </span>
    </p>
   </div>
   <div class='ocr_carea' id='block_1_110' title="bbox 2436 5065 4009 5135">
    <p class='ocr_par' dir='ltr' id='par_1_110' title="bbox 2436 5065 4009 5135">
     <span class='ocr_line' id='line_1_110' title="bbox 2436 5065 4009 5135; baseline -0.01 -4"><span class='ocrx_word' id='word_1_772' title='bbox 2436 5079 2666 5131; x_wconf 71' lang='lat' dir='ltr'><strong>scribit!</strong></span> <span class='ocrx_word' id='word_1_773' title='bbox 2710 5095 2726 5125; x_wconf 75' lang='grc' dir='ltr'><strong>ι</strong></span> <span class='ocrx_word' id='word_1_774' title='bbox 2755 5076 2867 5129; x_wconf 80' lang='lat' dir='ltr'><strong>Rex</strong></span> <span class='ocrx_word' id='word_1_775' title='bbox 2914 5073 3214 5128; x_wconf 89' lang='lat' dir='ltr'><strong>Gothorum</strong></span> <span class='ocrx_word' id='word_1_776' title='bbox 3253 5069 3303 5120; x_wconf 95' lang='lat' dir='ltr'><strong>in</strong></span> <span class='ocrx_word' id='word_1_777' title='bbox 3353 5069 3464 5135; x_wconf 89' lang='lat' dir='ltr'><strong>ipsa</strong></span> <span class='ocrx_word' id='word_1_778' title='bbox 3508 5065 3702 5120; x_wconf 85' lang='lat' dir='ltr'><strong>Gothia</strong></span> <span class='ocrx_word' id='word_1_779' title='bbox 3756 5078 4009 5132; x_wconf 89' lang='lat' dir='ltr'><strong>persecu-</strong></span> 
     </span>
    </p>
   </div>
   <div class='ocr_carea' id='block_1_111' title="bbox 2438 5156 4006 5222">
    <p class='ocr_par' dir='ltr' id='par_1_111' title="bbox 2438 5156 4006 5222">
     <span class='ocr_line' id='line_1_111' title="bbox 2438 5156 4006 5222; baseline -0.009 0"><span class='ocrx_word' id='word_1_780' title='bbox 2438 5181 2524 5222; x_wconf 93' lang='lat' dir='ltr'><strong>tus</strong></span> <span class='ocrx_word' id='word_1_781' title='bbox 2581 5178 2664 5221; x_wconf 86' lang='lat' dir='ltr'><strong>est</strong></span> <span class='ocrx_word' id='word_1_782' title='bbox 2715 5167 3057 5221; x_wconf 87' lang='lat' dir='ltr'><strong>Christianos</strong></span> <span class='ocrx_word' id='word_1_783' title='bbox 3106 5161 3423 5217; x_wconf 83' lang='lat' dir='ltr'><strong>Crudelitate</strong></span> <span class='ocrx_word' id='word_1_784' title='bbox 3464 5156 3719 5219; x_wconf 84' lang='lat' dir='ltr'><strong>mirabili,</strong></span> <span class='ocrx_word' id='word_1_785' title='bbox 3767 5171 3888 5206; x_wconf 91' lang='lat' dir='ltr'><strong>cum</strong></span> <span class='ocrx_word' id='word_1_786' title='bbox 3937 5159 4006 5209; x_wconf 89' lang='lat' dir='ltr'><strong>ibi</strong></span> 
     </span>
    </p>
   </div>
   <div class='ocr_carea' id='block_1_112' title="bbox 2438 5248 4006 5320">
    <p class='ocr_par' dir='ltr' id='par_1_112' title="bbox 2438 5248 4006 5320">
     <span class='ocr_line' id='line_1_112' title="bbox 2438 5248 4006 5320; baseline -0.008 -8"><span class='ocrx_word' id='word_1_787' title='bbox 2438 5276 2543 5312; x_wconf 91' lang='lat' dir='ltr'><strong>non</strong></span> <span class='ocrx_word' id='word_1_788' title='bbox 2592 5269 2771 5312; x_wconf 90' lang='lat' dir='ltr'><strong>essent</strong></span> <span class='ocrx_word' id='word_1_789' title='bbox 2815 5257 2916 5309; x_wconf 80' lang='lat' dir='ltr'><strong>nisi</strong></span> <span class='ocrx_word' id='word_1_790' title='bbox 2949 5253 3234 5316; x_wconf 77' lang='lat' dir='ltr'><strong>Catholici,</strong></span> <span class='ocrx_word' id='word_1_791' title='bbox 3274 5265 3502 5320; x_wconf 89' lang='lat' dir='ltr'><strong>quorum</strong></span> <span class='ocrx_word' id='word_1_792' title='bbox 3543 5248 3760 5316; x_wconf 91' lang='lat' dir='ltr'><strong>plurimi</strong></span> <span class='ocrx_word' id='word_1_793' title='bbox 3809 5258 4006 5316; x_wconf 84' lang='lat' dir='ltr'><strong>marty-</strong></span> 
     </span>
    </p>
   </div>
   <div class='ocr_carea' id='block_1_113' title="bbox 2439 5339 4005 5411">
    <p class='ocr_par' dir='ltr' id='par_1_113' title="bbox 2439 5339 4005 5411">
     <span class='ocr_line' id='line_1_113' title="bbox 2439 5339 4005 5411; baseline -0.006 -9"><span class='ocrx_word' id='word_1_794' title='bbox 2439 5351 2517 5402; x_wconf 92' lang='lat' dir='ltr'><strong>rio</strong></span> <span class='ocrx_word' id='word_1_795' title='bbox 2538 5348 2776 5402; x_wconf 90' lang='lat' dir='ltr'><strong>coronati</strong></span> <span class='ocrx_word' id='word_1_796' title='bbox 2815 5358 2972 5411; x_wconf 89' lang='lat' dir='ltr'><strong>sunt;</strong></span> <span class='ocrx_word' id='word_1_797' title='bbox 3010 5345 3150 5399; x_wconf 87' lang='lat' dir='ltr'><strong>sicut</strong></span> <span class='ocrx_word' id='word_1_798' title='bbox 3178 5360 3205 5397; x_wconf 91' lang='lat' dir='ltr'><strong>a</strong></span> <span class='ocrx_word' id='word_1_799' title='bbox 3239 5340 3558 5411; x_wconf 86' lang='lat' dir='ltr'><strong>quibusdam</strong></span> <span class='ocrx_word' id='word_1_800' title='bbox 3596 5339 3875 5397; x_wconf 70' lang='lat' dir='ltr'><strong>fratribus,</strong></span> <span class='ocrx_word' id='word_1_801' title='bbox 3914 5356 4005 5407; x_wconf 82' lang='lat' dir='ltr'><strong>qui</strong></span> 
     </span>
    </p>
   </div>
   <div class='ocr_carea' id='block_1_114' title="bbox 2441 5431 4008 5504">
    <p class='ocr_par' dir='ltr' id='par_1_114' title="bbox 2441 5431 4008 5504">
     <span class='ocr_line' id='line_1_114' title="bbox 2441 5431 4008 5504; baseline -0.006 -12"><span class='ocrx_word' id='word_1_802' title='bbox 2441 5451 2570 5492; x_wconf 88' lang='lat' dir='ltr'><strong>tunc</strong></span> <span class='ocrx_word' id='word_1_803' title='bbox 2611 5439 2719 5490; x_wconf 92' lang='lat' dir='ltr'><strong>illic</strong></span> <span class='ocrx_word' id='word_1_804' title='bbox 2761 5437 2912 5504; x_wconf 86' lang='lat' dir='ltr'><strong>pueri</strong></span> <span class='ocrx_word' id='word_1_805' title='bbox 2983 5437 3222 5496; x_wconf 86' lang='lat' dir='ltr'><strong>luerant,</strong></span> <span class='ocrx_word' id='word_1_806' title='bbox 3261 5443 3315 5485; x_wconf 92' lang='lat' dir='ltr'><strong>et</strong></span> <span class='ocrx_word' id='word_1_807' title='bbox 3344 5445 3399 5483; x_wconf 84' lang='lat' dir='ltr'><strong>se</strong></span> <span class='ocrx_word' id='word_1_808' title='bbox 3451 5432 3547 5482; x_wconf 89' lang='lat' dir='ltr'><strong>ista</strong></span> <span class='ocrx_word' id='word_1_809' title='bbox 3591 5431 3788 5482; x_wconf 61' lang='grc' dir='ltr'><strong>γῑὼςςθ</strong></span> <span class='ocrx_word' id='word_1_810' title='bbox 3818 5431 4008 5484; x_wconf 81' lang='lat' dir='ltr'><strong>incun-</strong></span> 
     </span>
    </p>
   </div>
   <div class='ocr_carea' id='block_1_115' title="bbox 2439 5524 4011 5588">
    <p class='ocr_par' dir='ltr' id='par_1_115' title="bbox 2439 5524 4011 5588">
     <span class='ocr_line' id='line_1_115' title="bbox 2439 5524 4011 5588; baseline -0.007 0"><span class='ocrx_word' id='word_1_811' title='bbox 2439 5545 2647 5588; x_wconf 85' lang='lat' dir='ltr'><strong>ctanter</strong></span> <span class='ocrx_word' id='word_1_812' title='bbox 2679 5530 3122 5587; x_wconf 85' lang='lat' dir='ltr'><strong>recordabantur,</strong></span> <span class='ocrx_word' id='word_1_813' title='bbox 3156 5525 3482 5579; x_wconf 68' lang='lat' dir='ltr'><strong>audivimus.</strong></span> <span class='ocrx_word' id='word_1_814' title='bbox 3511 5545 3526 5574; x_wconf 85' lang='grc'>›</span> <span class='ocrx_word' id='word_1_815' title='bbox 3552 5524 4011 5586; x_wconf 66' lang='grc' dir='ltr'><strong>Ρ.ιυ1υδ()ιοδίυε,</strong></span> 
     </span>
    </p>
   </div>
   <div class='ocr_carea' id='block_1_116' title="bbox 2439 5614 4008 5690">
    <p class='ocr_par' dir='ltr' id='par_1_116' title="bbox 2439 5614 4008 5690">
     <span class='ocr_line' id='line_1_116' title="bbox 2439 5614 4008 5690; baseline -0.006 -14"><span class='ocrx_word' id='word_1_816' title='bbox 2439 5625 2537 5678; x_wconf 89' lang='lat' dir='ltr'><strong>lib-</strong></span> <span class='ocrx_word' id='word_1_817' title='bbox 2573 5641 2666 5687; x_wconf 87' lang='lat' dir='ltr'><strong>vn,</strong></span> <span class='ocrx_word' id='word_1_818' title='bbox 2701 5637 2822 5690; x_wconf 87' lang='lat' dir='ltr'><strong>cap.</strong></span> <span class='ocrx_word' id='word_1_819' title='bbox 2855 5620 2944 5682; x_wconf 66' lang='lat'><strong>5&#39;2,</strong></span> <span class='ocrx_word' id='word_1_820' title='bbox 2969 5619 3034 5672; x_wconf 88' lang='lat' dir='ltr'><strong>de</strong></span> <span class='ocrx_word' id='word_1_821' title='bbox 3064 5618 3251 5672; x_wconf 85' lang='lat' dir='ltr'><strong>eadem</strong></span> <span class='ocrx_word' id='word_1_822' title='bbox 3287 5616 3662 5682; x_wconf 74' lang='lat' dir='ltr'><strong>persecutione</strong></span> <span class='ocrx_word' id='word_1_823' title='bbox 3701 5614 3778 5666; x_wconf 84' lang='lat' dir='ltr'><strong>sic</strong></span> <span class='ocrx_word' id='word_1_824' title='bbox 3812 5615 4008 5667; x_wconf 73' lang='lat' dir='ltr'><strong>habet:</strong></span> 
     </span>
    </p>
   </div>
   <div class='ocr_carea' id='block_1_117' title="bbox 2447 5705 4010 5768">
    <p class='ocr_par' dir='ltr' id='par_1_117' title="bbox 2447 5705 4010 5768">
     <span class='ocr_line' id='line_1_117' title="bbox 2447 5705 4010 5768; baseline -0.008 -3"><span class='ocrx_word' id='word_1_825' title='bbox 2447 5732 2462 5765; x_wconf 82' lang='lat' dir='ltr'><strong>i</strong></span> <span class='ocrx_word' id='word_1_826' title='bbox 2506 5717 2770 5768; x_wconf 50' lang='lat' dir='ltr'><strong>Praitcrea</strong></span> <span class='ocrx_word' id='word_1_827' title='bbox 2805 5709 3166 5763; x_wconf 86' lang='lat' dir='ltr'><strong>Athanaricus</strong></span> <span class='ocrx_word' id='word_1_828' title='bbox 3203 5723 3289 5759; x_wconf 72' lang='lat' dir='ltr'><strong>rex</strong></span> <span class='ocrx_word' id='word_1_829' title='bbox 3319 5705 3646 5767; x_wconf 84' lang='lat' dir='ltr'><strong>Gothorum,</strong></span> <span class='ocrx_word' id='word_1_830' title='bbox 3677 5706 4010 5758; x_wconf 71' lang='lat' dir='ltr'><strong>Christianos</strong></span> 
     </span>
    </p>
   </div>
   <div class='ocr_carea' id='block_1_118' title="bbox 2444 5800 4009 5877">
    <p class='ocr_par' dir='ltr' id='par_1_118' title="bbox 2444 5800 4009 5877">
     <span class='ocr_line' id='line_1_118' title="bbox 2444 5800 4009 5877; baseline -0.006 -15"><span class='ocrx_word' id='word_1_831' title='bbox 2444 5811 2495 5863; x_wconf 92' lang='lat' dir='ltr'><strong>in</strong></span> <span class='ocrx_word' id='word_1_832' title='bbox 2539 5819 2696 5877; x_wconf 83' lang='lat' dir='ltr'><strong>gente</strong></span> <span class='ocrx_word' id='word_1_833' title='bbox 2762 5822 2854 5857; x_wconf 79' lang='lat' dir='ltr'><strong>sua</strong></span> <span class='ocrx_word' id='word_1_834' title='bbox 2923 5802 3297 5856; x_wconf 72' lang='lat' dir='ltr'><strong>crudelissime</strong></span> <span class='ocrx_word' id='word_1_835' title='bbox 3354 5809 3693 5868; x_wconf 71' lang='lat' dir='ltr'><strong>persecutus.</strong></span> <span class='ocrx_word' id='word_1_836' title='bbox 3759 5800 4009 5866; x_wconf 62' lang='lat' dir='ltr'><strong>plurimm</strong></span> 
     </span>
    </p>
   </div>
  </div>
