4198 6438
219 440 326 505 701

1221 419 1682 488 MARTYRIUM
1734 420 1798 483 S.
1843 421 2136 482 NIGETxE
2176 419 2436 482 G‘O'l‘lfl.

3355 404 3471 468 701

217 554 570 611 barbarorum
612 545 680 602 ob
715 543 872 598 ﬁdem
905 538 1217 594 interfeetos
1245 538 1311 591 ad
1358 549 1614 591 coronam
1649 547 1794 586 maro
1821 543 1867 596 Α
1895 536 2077 603 inepto
2108 545 2161 590 et
2189 533 2416 588 ridiculo
2461 529 2647 585 scribit
2675 529 2741 582 de
2775 527 2934 581 rebus
2967 524 3110 590 fidei,
3155 523 3470 592 Gothosque

217 645 342 717 tyrii
391 638 721 702 sublimavit,
764 656 781 687 ›
813 644 918 689 etc.
970 632 1095 687 llaec
1155 631 1244 684 ille
1283 629 1466 691 refert,
1506 633 1791 695 postquam

214 740 432 792 dixerat
492 732 807 786 Gratianum
879 735 1118 780 creatum
1211 734 1330 774 esse
1385 719 1792 786 imperatorem.

213 833 474 882 Attamen
505 825 633 876 hinc
675 819 862 886 nequit
894 814 1107 876 inferri,
1141 813 1330 865 eodem
1362 824 1504 862 anno
1530 807 1654 867 567,
1684 820 1792 875 quo

214 926 510 979 Gratianus
547 921 718 974 factus
747 925 826 968 est
866 915 1180 980 imperator,
1227 919 1410 964 natam
1437 922 1557 961 esse
1590 920 1790 975 perse-

215 1018 526 1078 cutionem;
581 1012 670 1066 sed
730 1009 903 1062 solum
966 1014 1201 1072 coeptam
1259 1016 1366 1053 non
1432 1013 1551 1051 esse
1609 997 1791 1049 multis

216 1109 376 1162 anuis
425 1107 598 1159 serius
631 1119 642 1153 ε
680 1099 902 1152 Orosius
934 1098 1076 1149 enim
1129 1091 1337 1161 singula
1380 1105 1486 1141 non
1523 1086 1689 1140 refert
1723 1086 1789 1138 ad

217 1214 394 1253 annos
430 1193 839 1250 determinatus.
892 1189 968 1241 Ex
1001 1185 1229 1238 laudatis
1266 1191 1388 1234 ante
1424 1178 1593 1233 sancti
1637 1176 1792 1229 Saba:

217 1290 371 1342 Actis
418 1294 624 1340 certum
699 1292 802 1345 est,
855 1275 1290 1347 persecutionem
1357 1271 1590 1339 riguisse
1651 1282 1795 1320 anno

218 1383 344 1441 572,
377 1389 430 1431 et
459 1378 566 1446 jam
626 1385 786 1426 :mtea
843 1372 1010 1425 fuisse
1071 1378 1329 1437 emptam.
1391 1364 1501 1417 llac
1535 1362 1600 1415 de
1634 1374 1794 1413 causa

221 1465 536 1533 tttat‘tyrlultl
586 1461 756 1514 sancti
809 1459 1011 1514 Nieetaa
1082 1457 1229 1510 circa
1284 1453 1533 1509 eumdem
1590 1463 1792 1502 annum

217 1557 325 1611 57:2
357 1553 625 1624 figendum
662 1552 872 1605 censui.

297 1648 379 1700 Vl.
436 1645 661 1700 Occasio
703 1641 1099 1714 persecutionis
1143 1641 1195 1692 in
1245 1637 1394 1692 Actis
1435 1635 1700 1704 repetitur
1732 1648 1797 1687 ex

217 1740 555 1798 dissentioue
605 1736 928 1794 Gothorum,
977 1742 1032 1785 et
1067 1731 1228 1791 bello,
1277 1728 1418 1796 quod
1453 1737 1632 1779 ortum
1665 1725 1801 1779 dici-

167 1892 172 1896 ,
219 1846 311 1888 tur
363 1834 503 1886 inter
537 1830 809 1898 principes
833 1827 1058 1880 duarum
1111 1823 1366 1892 partium,
1405 1819 1796 1888 Phritigernem

1893 630 2002 699 jam
2047 637 2173 680 tunc
2204 626 2430 677 Arianos
2474 623 2621 682 facit.
2656 620 2780 690 quia
2816 634 2923 672 non
2969 617 3137 672 multo
3172 627 3292 685 post
3322 616 3467 668 illam

1901 721 2148 775 haeresim
2218 725 2347 770 sunt
2411 714 2638 779 amplexi
2688 729 2702 768 :
2750 721 2807 765 ttt
2857 719 3040 764 narrat
3096 708 3471 762 TheodOretus

1899 827 2020 864 mox
2052 808 2372 868 laudandus,
2410 805 2498 872 qui
2551 804 2602 856 id
2641 802 2868 870 υιρὴίιῖε
2896 799 3195 854 Gothorum
3233 796 3469 864 episcopi

1900 901 2136 970 perfidiae
2155 896 2419 951 attribuit.
2442 897 2570 960 Quae
2593 904 2771 947 autem
2803 891 3174 944 'l‘heodoretus
3191 890 3255 940 de
3285 886 3472 955 Ulphi-

1899 989 1963 1043 le
2001 988 2350 1058 perversione
2388 992 2670 1044 memorat,
2725 983 2880 1047 longe
2918 978 3280 1046 probabiliora
3315 983 3469 1040 sunt,

1901 1098 2062 1152 quam
2091 1096 2208 1150 qua:
2241 1079 2305 1132 de
2329 1077 2516 1130 eodem
2550 1075 2765 1140 scripsit
2807 1070 3193 1138 Philostorgius
3220 1067 3469 1120 Arianus.

1903 1175 2038 1227 Nam
2081 1187 2202 1224 eum
2256 1171 2322 1222 ab
2377 1167 2609 1221 Eusebio
2659 1164 2916 1232 episcopo
2972 1161 3469 1229 (Nicomedieusem

1903 1264 2186 1317 insinuans
2227 1261 2481 1313 Ariauum
2517 1264 2530 1319 )
2573 1256 2737 1309 fuisse
2801 1254 3133 1312 ordinatum,
3171 1251 3472 1306 Philostor-

1904 1356 2022 1426 gius
2073 1356 2168 1414 ait,
2225 1367 2377 1404 «cum
2408 1367 2436 1402 a
2482 1364 2627 1416 rege,
2677 1348 2767 1414 qui
2808 1357 2934 1398 tunc
2979 1342 3170 1397 Gothis
3222 1349 3468 1409 praeerat,

1903 1447 2109 1515 legatus
2143 1459 2246 1495 una
2304 1458 2426 1494 eum
2460 1441 2580 1492 aliis
2611 1439 2674 1490 ad
2729 1439 3108 1505 imperatorem
3157 1434 3472 1488 Constanti-

1906 1553 2033 1593 num
2086 1537 2281 1588 missus
2330 1543 2492 1585 esset.
2535 1551 2552 1581 ι
2603 1529 2975 1598 Improbabilia
3013 1527 3125 1580 hinc
3162 1535 3306 1589 sunt,
3348 1526 3473 1592 quia

1910 1631 1990 1683 sic
2037 1625 2251 1694 Ulphila
2297 1621 2578 1677 Ordinatus
2609 1625 2753 1671 esset
2785 1625 2908 1667 ante
2945 1624 3170 1666 mortem
3211 1616 3474 1670 Constan-

1911 1722 2030 1784 tini,
2089 1734 2232 1772 anno
2285 1717 2385 1769 537
2446 1711 2709 1770 defuncti.
2762 1718 2814 1762 et
2863 1707 3080 1776 quidem
3129 1706 3193 1757 ab
3239 1703 3470 1757 Eusebio

1909 1810 2302 1865 Nicomediensi
2333 1807 2554 1860 Ariano.
2585 1805 2650 1857 At
2682 1817 2781 1854 nec
2814 1799 3103 1853 verisimile
3139 1807 3243 1856 est.
3280 1797 3473 1865 Ulphi-

223 1877 300 1888 η..
538 1877 774 1898 ταπτ-
838 1877 886 1880 μ
1114 1877 1128 1892 ,
1355 1877 1365 1884 ,
1581 1877 1607 1888 υ

223 1927 474 1981 videlicet
505 1933 556 1975 et
612 1921 1019 1974 Athanaricum.
1057 1916 1111 1970 Si
1159 1917 1308 1971 Actis
1334 1915 1660 1969 credendum
1704 1913 1792 1973 sit,
1829 1877 1872 1934 Β
1905 1907 2007 1958 lam
2045 1913 2150 1956 tam
2178 1903 2286 1955 cito
2319 1902 2487 1952 fuisse
2517 1900 2851 1966 episeOpum.
2887 1903 2976 1946 aut
3019 1891 3322 1944 ordinatum
3355 1900 3477 1938 esse

224 2021 588 2087 l‘hritigernes
623 2015 722 2067 fuit
779 2014 1014 2082 primum
1065 2009 1239 2064 victus
1299 2009 1364 2062 ab
1432 2005 1795 2068 Athanarico;

218 2109 316 2162 sed
351 2120 554 2176 postea,
606 2104 808 2158 ftedere
855 2102 990 2155 inito
1021 2116 1143 2154 cum
1184 2099 1422 2162 Valente,
1485 2097 1641 2165 hujus
1673 2096 1800 2148 sub-

222 2202 362 2255 sidio
395 2202 582 2256 vietor.
624 2196 830 2249 Similia
864 2195 1025 2247 habet
1053 2193 1408 2253 Sozomenus,
1447 2189 1538 2241 lib.
1571 2203 1642 2240 γι.
1677 2201 1796 2254 cap.

219 2295 312 2356 57,
349 2295 414 2343 ita
467 2289 707 2341 scribens
747 2303 756 2336 :
803 2303 820 2334 ι
866 2283 1016 2336 llaud
1059 2282 1228 2335 multo
1287 2289 1427 2349 post,
1488 2287 1604 2329 orta
1659 2276 1800 2327 inter

220 2402 317 2438 eos
347 2378 608 2451 (Gothos)
645 2377 931 2439 seditione,
966 2377 1101 2427 dttas
1133 2375 1185 2426 in
1223 2384 1402 2441 partes
1441 2371 1599 2426 divisi
1631 2378 1794 2422 sunt:

218 2488 451 2544 quarum
506 2469 659 2524 alteri
695 2469 1082 2529 Athanaricus,
1126 2464 1277 2516 alteri
1321 2471 1548 2530 praeerat
1597 2460 1800 2513 Phriti-

223 2583 446 2638 gernes.
508 2567 650 2629 Mox,
687 2561 977 2617 commisso
1017 2560 1158 2611 inter
1217 2571 1309 2609 eos
1364 2554 1565 2624 proelio,
1627 2552 1800 2603 rictus

220 2660 622 2728 Pltritigcrues,
698 2654 1060 2708 Romanorum
1129 2649 1389 2702 auxilium
1471 2643 1797 2714 implorarit,

222 2749 382 2813 Quod
419 2761 541 2796 eum
581 2747 873 2812 imperator
913 2741 1291 2800 concessisset,
1334 2736 1691 2806 jttssissetque
1742 2743 1801 2787 tit

224 2838 442 2899 milites,
481 2835 568 2902 qui
600 2834 652 2887 itt
698 2833 926 2885 Thracia
980 2843 1153 2893 erant,
1189 2830 1235 2882 ei
1278 2829 1533 2881 auxilium
1569 2827 1798 2887 ferrent,

223 2931 403 2982 denuo
442 2938 785 2992 congressus,
819 2921 1098 2974 victoriam
1136 2921 1338 2982 l'ClUltl,
1374 2929 1427 2970 ct
1479 2917 1794 2969 Athanarici

225 3017 411 3085 copias
469 3015 522 3066 in
583 3014 760 3083 fugam
826 3013 1007 3064 vertit.
1073 3013 1390 3062 iHactenus
1447 3007 1799 3069 Sozomcnus,

223 3109 428 3162 addens
458 3122 517 3160 ea
548 3106 848 3167 occasione,
883 3103 1272 3171 Phritigernem
1307 3116 1426 3152 eutn
1450 3098 1658 3166 lllphila
1686 3096 1805 3164 epi-

224 3215 392 3269 scopo
415 3215 474 3252 ac
500 3198 726 3251 subditis
749 3199 857 3248 suis
877 3213 902 3246 a
929 3193 1146 3246 Valente
1171 3193 1234 3242 ad
1261 3191 1515 3241 Arianatn
1543 3191 1793 3240 haeresim
1827 3219 1868 3275 c

227 3294 557 3346 traductum.
603 3288 797 3340 Verum
832 3286 1062 3352 scriptor
1096 3283 1181 3334 ille
1226 3282 1339 3333 ha'e
1369 3280 1548 3332 omnia
1585 3291 1789 3329 memo-

227 3392 312 3436 rat
346 3390 464 3449 post
517 3376 697 3444 pulsos
732 3376 798 3427 ab
832 3372 1042 3425 Hunnis
1086 3387 1114 3425 e
1146 3372 1364 3425 sedibus
1413 3371 1523 3424 suis
1565 3367 1791 3431 Gothos,

224 3474 318 3543 qui
356 3486 382 3522 a
419 3469 638 3521 Valente
668 3467 866 3535 reeepti
903 3476 1026 3520 sunt
1059 3466 1109 3516 in
1148 3463 1397 3516 Thracia.

303 3558 412 3612 Vll.
480 3561 548 3610 At
587 3555 893 3626 persecutio
945 3553 1260 3606 Athanariei
1326 3551 1513 3610 saeviit,
1579 3548 1794 3615 quando

226 3653 388 3706 Gothi
447 3665 637 3704 omnes
690 3649 825 3700 ultra
885 3649 1080 3697 Istrum
1131 3643 1417 3713 degebant.
1467 3649 1523 3693 ut
1576 3648 1793 3693 sanctus

228 3745 564 3814 Augustinus
604 3756 724 3792 mox
771 3738 1018 3790 laudatus
1070 3746 1315 3798 testatur,
1349 3735 1509 3803 idque
1539 3733 1699 3785 etiam
1737 3731 1799 3783 li-

227 3848 359 3905 quet
395 3851 456 3886 ex
493 3843 734 3902 tempore
785 3830 1179 3901 persecutionis
1226 3846 1320 3894 per
1373 3823 1618 3881 Otosium
1660 3825 1796 3876 assi-

230 3937 415 3997 gnato.
436 3927 696 3980 l’rtcterea
721 3935 938 3979 sanctus
970 3923 1322 3990 Epiphanius,
1350 3919 1526 3987 quieo
1557 3927 1797 3982 tempore

230 4020 472 4079 florebat.
511 4036 674 4088 agens
718 4019 781 4070 de
835 4015 1138 4068 vehementi
1177 4015 1263 4066 illa
1316 4019 1692 4080 persecutione
1743 4011 1796 4060 in

228 4111 426 4166 haeresi
458 4112 522 4163 70
555 4111 946 4166 Audianorum,
983 4124 1100 4175 cap.
1141 4107 1224 4169 15,
1263 4107 1334 4158 ait
1371 4124 1387 4156 t
1424 4106 1788 4157 Romanorum

231 4204 527 4276 przescrtim
556 4202 677 4256 odio
707 4222 726 4255 ι
760 4218 787 4254 a
821 4218 944 4269 rege
977 4200 1271 4253 Gothorum
1303 4207 1624 4252 commotam
1653 4210 1797 4258 esse,

234 4319 252 4350 ί
284 4297 425 4367 quod
468 4295 739 4350 Romanos
773 4296 1123 4361 imperatores
1175 4291 1511 4345 Christianos
1562 4303 1681 4341 esse
1724 4287 1799 4338 vi-

231 4392 407 4441 deret.
448 4405 464 4434 i
507 4387 690 4452 Itaque
745 4385 1040 4436 verendum
1077 4391 1178 4444 est,
1239 4397 1306 4434 ne
1355 4379 1534 4447 aliqua
1593 4387 1697 4431 tam
1742 4378 1795 4430 in

231 4480 384 4531 Actis
413 4491 567 4544 quam
597 4475 737 4543 apud
772 4474 1132 4526 Sozomenum
1165 4475 1233 4525 sit
1264 4472 1528 4535 confusio,
1564 4471 1796 4537 indeqtte

233 4584 519 4640 perperam
543 4569 808 4637 assignata
839 4567 1225 4634 persecutionis
1250 4580 1431 4618 causa.
1467 4563 1600 4616 Nam
1637 4562 1804 4614 Atha-

234 4665 457 4718 naricus
496 4672 621 4714 ante
677 4662 1109 4730 persecutionem
1146 4669 1331 4712 contra
1375 4657 1650 4709 Valentem
1689 4668 1806 4723 ges-

234 4758 308 4809 sit
329 4755 544 4815 bellnm,
569 4755 635 4805 ab
656 4768 826 4820 eoque
850 4752 1020 4805 victus
1043 4763 1122 4803 est
1149 4766 1290 4803 anno
1329 4750 1452 4814 569,
1483 4749 1625 4802 circa
1646 4762 1804 4814 quem

235 4851 487 4904 inchoata
541 4857 623 4900 est
669 4846 994 4915 persecutio,
1041 4845 1222 4896 forsan
1267 4844 1425 4895 simul
1485 4858 1546 4896 ac
1585 4839 1804 4899 Valens,

233 4941 441 4993 sancita
480 4956 629 5007 pace,
664 4953 785 4992 cum
821 4938 1058 4989 exercitu
1095 4936 1336 4987 Romano
1368 4940 1683 4985 recesserat.
1724 4931 1804 4979 An

233 5048 366 5086 vero
415 5031 575 5084 etiam
618 5042 742 5083 ante
792 5029 840 5082 id
893 5040 1106 5098 tempus
1131 5026 1503 5092 Phritigernes
1555 5030 1607 5074 et
1641 5019 1806 5071 Atha-

236 5125 458 5177 naricus
511 5123 650 5176 bello
705 5123 1050 5178 certaverint.
1105 5136 1211 5172 non
1267 5121 1403 5173 adeo
1441 5127 1646 5171 eertum
1699 5120 1803 5174 est,

236 5216 361 5267 licet
399 5215 498 5267 hoc
544 5214 704 5267 etiam
748 5214 944 5266 habeat
969 5213 1238 5276 Socrates,
1271 5213 1360 5264 lib.
1402 5227 1474 5271 tv,
1501 5223 1618 5273 cap.
1653 5205 1742 5259 55.

311 5301 449 5355 Vlll.
509 5303 781 5370 Quidquid
848 5304 939 5367 sit,
1000 5315 1212 5356 constat
1275 5302 1339 5354 de
1391 5299 1804 5368 persecutione;

237 5403 559 5461 constatque
624 5395 869 5457 ulterius.
935 5412 1051 5450 eam
1107 5397 1274 5449 fuisse
1329 5404 1547 5453 motam,
1589 5391 1805 5460 quando

238 5485 402 5540 Gothi
441 5499 591 5540 erant
641 5489 919 5550 catholici,
965 5500 1022 5540 ut
1057 5491 1309 5542 observat
1346 5498 1565 5540 sanctus
1623 5489 1804 5550 Augu-

242 5580 445 5637 stinus,
496 5587 551 5631 et
587 5579 752 5646 liquet
800 5597 863 5633 ex
911 5591 1148 5648 tempore
1195 5598 1299 5648 quo
1339 5581 1404 5632 ad
1437 5578 1801 5630 Arianismunt

242 5668 470 5726 traducti
523 5679 648 5722 sunt
689 5669 872 5724 Gothi.
918 5670 1170 5726 Socrates
1220 5671 1437 5738 quidem
1476 5668 1704 5729 Gethos,
1737 5665 1804 5717 ab

240 5762 567 5816 Athanarico
605 5762 832 5824 occisos,
870 5765 1029 5817 simul
1065 5775 1116 5817 et
1154 5763 1379 5816 Arianos
1424 5762 1551 5816 facit
1583 5771 1637 5813 et
1665 5759 1803 5812 Mar-

240 5863 384 5921 tyres
428 5869 438 5904 :
485 5853 575 5906 sed
622 5854 848 5924 scriptor
922 5855 1009 5908 ille
1061 5857 1367 5924 frequenter
1423 5857 1581 5909 modo
1644 5855 1800 5923 plane

1910 2009 2157 2066 tempore
2217 1991 2560 2048 Constantini
2616 1989 2680 2041 ah
2738 1987 2958 2040 homine
3007 1984 3222 2042 Ariano,
3261 1977 3477 2046 quando

1903 2086 2563 2154 Constantinopolitanam
2615 2079 2800 2134 sedent
2834 2076 3116 2130 obtinebat
3147 2073 3202 2126 S.
3235 2072 3474 2125 Alexan-

1900 2185 1996 2235 der
2049 2176 2406 2233 Constantino
2472 2173 2765 2245 gratiosus.
2843 2169 3026 2236 itaque
3079 2166 3329 2234 figmenta
3389 2161 3478 2214 illa

1901 2282 2028 2327 sunt
2083 2267 2451 2335 Philostorgii,
2509 2266 2559 2316 in
2613 2264 2837 2332 gratiam
2899 2261 3217 2315 Arianorum
3256 2270 3476 2311 suorum

1900 2380 2003 2417 non
2026 2377 2146 2414 raro
2167 2360 2294 2413 falsa
2318 2355 2623 2410 scribentis.
2643 2353 2805 2404 Valde
2823 2352 2980 2403 etiam
3002 2352 3288 2409 incertum,
3309 2355 3361 2398 et
3381 2345 3477 2398 mi-

1899 2473 2000 2509 nus
2036 2451 2312 2523 probahile
2341 2458 2442 2510 est,
2469 2447 2610 2516 quod
2642 2444 2825 2498 scribit
2854 2442 2919 2495 de
2955 2441 3167 2507 Ulphila
3199 2439 3474 2502 Socrates,

1901 2548 1993 2598 lib.
2023 2561 2081 2606 ti,
2114 2560 2231 2609 cap.
2266 2542 2355 2604 4-1,
2385 2555 2508 2592 eum
2543 2538 2710 2591 fuisse
2743 2536 2794 2587 in
2829 2534 3057 2587 concilio
3087 2531 3474 2584 Constantino-

1902 2637 2140 2706 politano
2170 2648 2313 2686 almo
2367 2631 2489 2691 560,
2525 2630 2615 2681 ubi
2670 2629 2850 2679 Ariani
2885 2642 3078 2678 noram
3114 2624 3476 2678 condiderunt

1902 2728 2022 2782 fidei
2056 2725 2364 2787 formulam,
2399 2722 2486 2775 cui
2522 2719 2735 2788 Ulphila
2767 2729 2894 2771 tunc
2918 2717 3299 2770 consensisset.
3331 2713 3476 2766 idem

1906 2834 2082 2875 tamen
2147 2819 2307 2873 habet
2355 2815 2719 2868 Soaomeuus.
2751 2811 2843 2862 lib.
2874 2825 2946 2870 ιν,
2981 2823 3096 2876 cap.
3153 2807 3245 2858 21.
3283 2808 3350 2856 At
3384 2805 3475 2858 hic

1904 2913 1998 2966 lib.
2032 2927 2102 2971 γι,
2135 2924 2252 2976 cap.
2280 2903 2366 2965 57,
2399 2905 2696 2962 existimat,
2735 2901 3107 2968 imprudenter
3155 2898 3356 2950 factum
3409 2897 3476 2948 ab

1907 3001 2151 3067 Ulphila,
2202 2998 2289 3065 qui
2351 2995 2547 3062 inquit,
2590 3012 2605 3040 ο
2642 3009 2761 3044 cum
2815 2993 3081 3058 episropis
3134 2990 3474 3042 Nic-mucroni

1906 3094 2122 3147 Patrum
2182 3093 2398 3143 decreta
2448 3087 2782 3141 sectantibus
2835 3085 3241 3139 communicare
3291 3096 3476 3152 persc-

1907 3187 2132 3240 VCl‘fH'll.

1976 3273 2062 3326 IX.
2106 3271 2374 3338 Quidquid
2405 3283 2566 3337 porro
2604 3269 2672 3319 sit
2711 3268 2777 3320 de
2822 3267 2977 3319 factis
3008 3265 3213 3333 aliquot
3245 3261 3484 3332 partien-

1906 3366 2108 3418 laribus
2142 3363 2390 3431 Ulphilte,
2435 3377 2462 3413 a
2515 3359 2710 3429 qurbus
2741 3358 2872 3411 fides
2906 3357 3202 3410 Gothorum
3235 3371 3338 3408 non
3374 3355 3473 3407 de-

1906 3461 2096 3528 pendet
2120 3473 2134 3521 ;
2155 3454 2602 3516 constatGothos,
2629 3454 2717 3508 diu
2751 3462 2874 3505 ante
2895 3461 3103 3518 tempus
3135 3449 3200 3502 de
3225 3463 3332 3518 quo
3362 3447 3479 3517 ag'i-

1908 3564 2011 3612 tur,
2060 3552 2222 3602 fuisse
2262 3562 2571 3608 conversos,
2625 3562 2686 3598 ac
2734 3545 3031 3598 Gothorum
3070 3542 3464 3610 metropolitam

1905 3642 2262 3712 Theophilum
2286 3645 2335 3695 in
2355 3641 2575 3694 Consilio
2593 3637 2804 3692 Nicaeno
2823 3638 2986 3689 fuisse
3007 3651 3146 3688 anno
3167 3634 3480 3701 325.]taque

1909 3737 2066 3791 Gothi
2099 3738 2298 3789 dttdum
2334 3733 2626 3787 Christiani
2662 3741 2815 3784 erant
2848 3740 2900 3783 et
2930 3728 3230 3787 Catholici;
3288 3728 3380 3778 sed
3411 3725 3480 3778 ad

1912 3831 2188 3900 perfidiam
2226 3826 2452 3881 traducti
2484 3833 2609 3877 suot
2637 3840 2665 3875 a
2698 3823 2922 3876 Valente
2952 3824 3090 3876 circa
3124 3835 3322 3874 annum
3354 3818 3476 3880 576,

1905 3921 2118 3990 quando
2164 3919 2297 3986 pulsi
2345 3919 2412 3971 ab
2466 3916 2696 3976 llunuis,
2760 3913 3054 3982 petierunt,
3094 3914 3344 3966 ut'sedes
3380 3911 3480 3964 sibi

1908 4018 2068 4082 figere
2101 4014 2289 4065 liceret
2330 4011 2468 4062 intra
2507 4011 2703 4061 limites
2743 4008 2966 4060 Romani
3011 4004 3244 4072 imperii.
3292 4002 3484 4057 ObSEr-

1909 4121 1996 4161 vat
2030 4109 2128 4159 hoc
2161 4106 2520 4164 Sozomcnus,
2555 4102 2644 4170 qui
2683 4102 2817 4153 alias
2853 4100 3127 4152 Socratem
3170 4097 3364 4165 passim
3402 4095 3482 4147 ni-

1912 4201 2011 4251 mis
2052 4206 2327 4266 sequitur;
2389 4197 2643 4260 additque
2692 4194 2756 4245 de
2787 4198 3047 4258 episcolio
3088 4189 3386 4241 Gothorum
3423 4187 3475 4239 in

1907 4288 2374 4342 confirmationem
2432 4284 2712 4352 sequentia
2768 4283 2957 4335 verba.
3019 4299 3037 4330 σ
3070 4279 3198 4331 Nam
3236 4277 3475 4346 Ulplnla,

1909 4382 1999 4451 qui
2039 4390 2168 4433 tunc
2198 4379 2338 4446 apud
2380 4379 2522 4445 ipsos
2569 4386 2683 4429 erat
2721 4375 3027 4441 episcopus,
3066 4373 3217 4424 initio
3252 4371 3467 4437 quidem

1910 4475 2054 4527 nulla
2106 4475 2156 4525 in
2209 4479 2360 4540 parte
2393 4471 2656 4523 dissensit
2709 4470 2775 4520 ah
2819 4467 3056 4523 Ecclesia
3097 4464 3397 4516 Catholica.
3456 4482 3474 4513 ι

1840 4571 1877 4622 1)
1916 4568 2028 4619 Mox
2065 4567 2264 4627 subdit,
2321 4563 2609 4631 Ulplnlam,
2660 4562 2749 4630 qui
2783 4577 2810 4613 a
2844 4557 3036 4613 Gothis
3083 4558 3146 4610 ad
3196 4556 3475 4608 Valentem

1911 4659 2118 4726 legatus
2158 4669 2272 4710 erat
2321 4657 2539 4718 missos,
2580 4653 2861 4722 promissis
2907 4655 3231 4707 Arianorum
3265 4649 3479 4718 episeo—

1912 4770 2099 4821 porum
2134 4768 2252 4804 esse
2293 4762 2629 4817 corruptum.

1978 4845 2044 4895 Χ.
2083 4842 2278 4895 Verum
2311 4841 2598 4893 audiamus
2630 4837 3055 4895 Theodorctum.
3101 4837 3167 4890 de
3212 4834 3296 4887 his
3340 4831 3480 4887 scri-

1909 4938 2148 4995 bentem,
2180 4934 2271 4987 lib.
2305 4951 2374 4990 tv.
2407 4949 2524 4999 cap.
2552 4934 2636 4986 57.
2671 4932 2758 4984 ubi
2800 4933 2876 4984 sic
2909 4932 3067 4983 habet
3101 4945 3116 4981 :
3150 4946 3167 4978 ι
3193 4928 3310 4991 Quo
3339 4936 3478 4978 lem-

1910 5043 2038 5096 porc
2070 5026 2226 5078 Gothi
2265 5025 2458 5076 Istrum
2496 5023 2846 5090 trajicientes,
2884 5022 3058 5075 fwdus
3085 5036 3208 5072 eum
3249 5018 3475 5074 Valente

1909 5127 2310 5186 percusserunt,
2354 5115 2746 5167 ahominandus
2790 5113 2876 5165 ille
2914 5110 3188 5164 Eudoxius
3231 5106 3476 5175 (νει-ἰδίη

1909 5209 2108 5258 utiliter
2159 5204 2437 5273 legendum
2480 5203 2731 5263 Euzoius,
2775 5202 2866 5269 qui
2904 5202 3226 5253 Arianorum
3262 5199 3476 5264 episco-

1910 5313 2006 5366 pus
2048 5305 2161 5348 erat
2208 5296 2529 5355 Antiochiae.
2579 5296 2666 5348 ubi
2723 5303 2849 5346 tunc
2897 5293 3080 5345 valens
3108 5288 3475 5358 degeltat)qui

1911 5401 2037 5443 tunc
2073 5389 2279 5446 aderat.
2336 5388 2597 5455 suggessit
2654 5385 2986 5451 intperateri.
3040 5383 3472 5451 persuadendum

1907 5497 2024 5535 esse
2051 5479 2258 5539 Gothis,
2283 5491 2338 5531 ut
2360 5497 2480 5532 cum
2507 5480 2623 5545 ipso
2664 5478 3153 5531 communicarent.
3192 5477 3321 5528 Nam
3348 5489 3471 5527 cum

1908 5577 1999 5628 diu
2038 5584 2192 5626 antea
2219 5573 2414 5625 divina:
2446 5572 2767 5643 cognitionis
2796 5570 2959 5623 radiis
2989 5566 3238 5621 illustrati
3268 5578 3470 5629 essent,

1908 5666 2263 5733 inapostoliea
2288 5664 2529 5719 doctrina
2548 5676 2759 5730 semper
2784 5662 2996 5715 fuerant
3023 5659 3293 5721 innutriti.
3311 5658 3470 5725 Quip-

1908 5774 1991 5829 pe,
2011 5760 2184 5811 aiebat
2203 5757 2494 5814 Eudoxios.
2514 5757 2671 5809 unius
2684 5756 2946 5826 dOgmalis
2959 5754 3266 5808 eonnntmio
3285 5769 3468 5821 pacem

1910 5852 2196 5906 tirmiOrem
2231 5848 2420 5908 eflicict
2484 5847 2635 5913 Quod
2671 5849 2953 5904 consilium
2980 5862 3097 5900 cum
3123 5845 3468 5913 approbasset
