4198 6438
733 375 840 440 703

1972 379 2258 438 MENSIS
2293 376 2582 436 SEPTEM
2596 377 2766 435 BER.

3925 360 4050 421 704

734 495 946 554 Valens.
984 492 1338 560 cptiinatibus
1358 493 1660 549 Gothorum
1689 498 1988 565 pr0posuit.
2019 509 2077 552 ut
2120 499 2171 552 in
2209 499 2308 553 do-
2341 510 2383 558 Α
2415 504 2539 549 nata
2569 505 2672 558 est,
2706 508 2865 563 quam
2907 507 2971 547 ex
3005 491 3122 545 solo
3172 486 3553 556 Metaphrastis
3584 482 3814 537 nomine
3853 498 3874 532 :
3920 495 4048 529 nun

730 585 904 637 ctrina
921 583 1044 639 ﬁdei
1063 601 1184 639 cum
1205 585 1320 653 ipso
1341 587 1808 643 consentirent.At
1826 589 1895 641 illi
1911 591 2309 659 responderunt

732 692 1029 743 numquam
1067 693 1122 730 se
1172 679 1363 732 adduci
1402 695 1584 747 posse,
1618 690 1674 733 ut
1720 695 1748 732 a
1781 681 2044 749 majorum
2085 697 2307 735 suorum

730 772 977 827 doctrina
1011 772 1370 824 discederent.
1418 773 1586 826 Porro
1632 788 1694 826 ea
1732 782 2051 840 tempestate
2089 773 2309 840 Ulpliila

738 863 902 914 totius
963 863 1137 929 gentis
1191 873 1310 915 erat
1368 865 1674 932 episcopus,
1731 879 1936 930 magna!
1989 864 2128 929 apud
2191 863 2311 917 illos

731 954 1092 1013 auctoritatis,
1127 966 1179 1004 et
1222 954 1376 1015 cuius
1406 955 1564 1006 verba
1600 970 1695 1022 pro
1730 954 2058 1007 firmissimis
2098 955 2308 1023 legibus

735 1044 1027 1096 habebant.
1070 1041 1220 1095 Hunc
1279 1043 1555 1098 Eudoxius
1593 1061 1714 1098 cum
1763 1054 1818 1098 et
1869 1044 2049 1097 verbis
2100 1045 2310 1098 demul-

732 1135 914 1194 sissct,
963 1146 1012 1187 et
1046 1136 1363 1189 muneribus
1419 1137 1696 1193 illexisset.
1749 1153 1814 1190 eo
1846 1137 2076 1204 impulit,
2112 1146 2169 1190 ut
2199 1136 2307 1191 Go-

734 1226 856 1277 thos
900 1227 963 1276 ad
997 1227 1438 1280 communionem
1495 1226 1842 1293 imperatoris
1882 1228 2306 1294 amplectendam

732 1314 1046 1366 adduceret.
1078 1315 1133 1366 ld
1155 1325 1332 1367 autem
1390 1316 1679 1383 persuasit,
1730 1331 1852 1369 cum
1905 1317 2135 1378 diceret,
2179 1333 2310 1370 con-

731 1405 1030 1456 tentionem
1074 1422 1135 1458 ex
1191 1407 1486 1459 ambitione
1539 1417 1708 1458 ortam
1773 1422 1928 1471 esse;
1998 1408 2307 1477 dogmatum

732 1509 860 1545 \cro
883 1493 1084 1547 nullam
1106 1511 1223 1548 esse
1248 1496 1691 1562 discrepantiam.
1709 1497 1823 1551 iSic
1849 1497 2071 1565 Ulphila:
2088 1498 2310 1565 perﬁdia

730 1590 870 1642 circa
907 1607 1109 1643 annum
1141 1592 1244 1642 57G
1275 1592 1341 1644 ad
1387 1591 1630 1643 lueresim
1676 1590 1922 1658 perducti
1966 1599 2093 1642 sunt
2125 1587 2308 1641 Gothi.

805 1678 895 1736 ΧΙ.
933 1681 1085 1743 Quod
1136 1690 1342 1748 spectat
1381 1681 1446 1733 ad
1478 1680 1606 1733 Acta
1654 1680 1839 1733 Graeca
1872 1680 2040 1733 sancti
2089 1680 2309 1743 Nicetaz,

734 1778 1008 1823 auctorem
1065 1788 1126 1824 ea
1163 1772 1363 1825 habent
1404 1772 1843 1840 Metaphrastem,
1884 1773 1973 1839 qui
2031 1775 2305 1828 verisimi-

2411 593 2554 645 enim
2595 589 2833 652 invenio,
2867 587 2997 656 quid
3028 599 3356 653 magnopere
3395 581 3681 649 displicere
3723 577 3936 645 possit
3987 574 4046 625 in

2412 681 2559 733 Actis
2587 681 2758 732 sancti
2809 679 3006 731 Nicetae
3043 686 3235 745 praeter
3279 673 3457 741 aliqua
3501 671 3563 722 ad
3607 679 3879 723 sanctum
3947 665 4044 718 vix

2411 773 2732 842 spectantia,
2759 783 2814 824 et
2841 772 3183 824 occasionem
3214 765 3616 836 persecutionis
3646 759 4043 818 Athannrici.

2414 864 2686 931 hujusquc
2724 873 2908 916 contra
2947 861 3338 930 Phritigernem
3381 859 3602 918 bellum,
3636 855 3785 923 quod
3815 864 4043 905 tamen

2412 955 2570 1007 etiam
2599 955 2799 1008 habent
2843 953 3096 1006 Socrates
3141 961 3195 1005 et
3233 950 3584 1004 Sozomenus.

2460 1047 2580 1102 ΧΙΙ.
2605 1048 2852 1100 Fortasse
2867 1045 3080 1103 Valens,
3103 1043 3389 1112 instigante
3408 1041 3772 1108 Phritigerne,
3791 1035 4046 1090 bellum

2410 1149 2596 1192 contra
2618 1138 3001 1192 Athanaricum
3034 1136 3273 1201 suscepit
3303 1152 3315 1186 :
3347 1134 3593 1202 quamvis
3619 1132 3750 1183 illud
3775 1144 4042 1200 quoque

2412 1228 2606 1282 fecisse
2636 1230 2863 1297 legatur,
2899 1227 3021 1296 quia
3057 1227 3421 1280 Athanaricus
3453 1223 3722 1291 Procopio
3757 1234 4044 1289 tyranno

2412 1320 2648 1373 subsidia
2693 1327 2880 1372 contra
2931 1318 3205 1370 Valentem
3255 1317 3492 1369 miserat.
3537 1314 3791 1366 Fortasse
3834 1312 4044 1364 Atha-

2412 1413 2631 1464 naricus
2666 1410 3061 1480 Phritigernem
3084 1425 3367 1479 aggressus
3393 1418 3470 1461 est
3508 1416 3623 1475 past
3651 1420 3846 1473 parem
3884 1419 4040 1454 cum

2412 1498 2635 1553 Valente
2688 1500 2905 1553 factam.
2967 1499 3240 1565 Quidquid
3278 1499 3366 1560 sit,
3414 1497 3636 1550 dubium
3691 1494 3873 1561 magis
3941 1504 4042 1542 est

2411 1592 2552 1645 istud
2585 1592 2806 1656 bellum,
2837 1608 2993 1659 quam
3031 1600 3180 1644 certo
3215 1589 3481 1642 fictilium.
3504 1587 3733 1654 Reliqua
3761 1589 3810 1636 in
3855 1586 4040 1636 Actis

2414 1685 2581 1737 relata
2607 1687 2673 1735 de
2701 1695 2890 1738 sancto
2920 1682 3126 1746 Niceta,
3183 1683 3310 1736 licet
3372 1691 3474 1733 tam
3527 1690 3673 1732 certa
3729 1694 3837 1731 nun
3869 1679 4035 1738 sint,

2414 1789 2572 1842 quam
2627 1773 2764 1826 facta
2809 1774 2876 1827 ab
2927 1783 3150 1826 auctore
3174 1777 3710 1838 comtemporataneo
3768 1770 4034 1832 scripta,

731 1856 854 1911 liter
892 1859 1079 1913 habuit
1120 1861 1250 1914 Acta
1295 1863 1621 1926 antiquiora,
1654 1878 1773 1928 quae
1811 1864 1876 1915 ad
1908 1863 2100 1933 stylum
2148 1882 2305 1921 suum
2343 1842 2378 1894 Β
2412 1865 2571 1916 modo
2625 1866 2755 1916 satis
2804 1864 3081 1916 verisimili
3129 1871 3254 1916 sunt
3291 1872 3562 1913 enarrata.
3619 1861 3751 1910 Acta
3802 1870 4024 1909 autem

733 1949 988 2001 traduxit.
1051 1951 1238 2000 Latine
1289 1951 1431 2003 edita
1486 1963 1613 2004 sunt
1667 1955 1808 2021 apud
1849 1954 2206 2022 Lipomanum
2257 1969 2310 2013 et

733 2038 979 2106 Surium,
1013 2041 1193 2108 ibique
1229 2043 1575 2111 Mclaphrasti
1624 2047 1878 2112 ascripta.
1920 2046 2144 2100 Allatius
2174 2066 2313 2117 quo-

732 2145 837 2198 que
876 2132 928 2185 in
965 2132 1239 2200 Opusculo
1274 2136 1336 2188 de
1380 2136 1696 2189 Simeouum
1745 2137 1983 2204 scriptis,
2030 2156 2149 2210 pag.
2190 2144 2311 2206 19.7,

737 2222 932 2273 horum
982 2225 1237 2276 Actorum
1271 2224 1360 2276 dat
1403 2224 1640 2289 initium,
1681 2236 2038 2296 aggregatque
2074 2231 2316 2300 catalogo

738 2312 977 2375 illorum,
1007 2331 1125 2382 quae
1165 2315 1546 2383 bletaphrastis
1579 2333 1698 2369 esse
1742 2319 2014 2373 videntur.
2062 2316 2317 2376 Bailletus

734 2401 787 2454 in
830 2404 1005 2456 tabula
1047 2406 1227 2459 critica
1263 2405 1328 2458 ad
1367 2409 1509 2458 hunc
1542 2406 1684 2458 diem
1728 2408 2004 2472 observat,
2038 2411 2140 2462 alia
2177 2413 2311 2464 olim

736 2496 866 2546 Acta
908 2496 1078 2546 sancti
1123 2494 1323 2549 lViretae
1350 2495 1642 2558 exstitisse,
1672 2495 1765 2548 sed
1799 2511 1859 2548 ea
1907 2505 2159 2564 tanquam
2198 2515 2320 2566 per-

738 2584 848 2636 dita
898 2585 1081 2637 haberi
1142 2602 1320 2653 posse,
1378 2596 1660 2654 postquam
1718 2587 1806 2638 illa
1843 2602 1942 2640 suo
1991 2591 2126 2658 stylo
2156 2606 2316 2643 emr-

739 2676 918 2729 nanda
971 2679 1206 2745 suscepit
1255 2679 1674 2747 Metaphrastes.
1724 2677 1922 2733 Verum
1962 2683 2112 2749 justo
2155 2686 2318 2738 vehe-

737 2767 971 2820 mentior
997 2768 1211 2821 videtur
1235 2769 1348 2824 haec
1375 2785 1626 2836 censura,
1647 2786 1765 2840 qua:
1796 2771 1933 2826 forte
1957 2789 2064 2827 non
2097 2774 2314 2829 aliunde

2408 1954 2495 2006 illa
2527 1954 2733 2016 Graeca,
2767 1970 2883 2022 qua:
2916 1954 3127 2012 eadem,
3155 1954 3205 2004 in
3234 1952 3545 2020 apographo
3580 1954 3766 2003 nostro
3797 1959 3994 2001 notari
4023 1975 4037 1981 -

2416 2054 2502 2096 tur
2535 2046 2816 2112 desumpta
2872 2060 2937 2098 ex
2983 2046 3167 2096 codice
3199 2058 3302 2096 ms.
3337 2044 3476 2111 regis
3510 2041 3770 2095 Franci-.13.
3829 2040 4031 2091 Inter-

2413 2136 2643 2205 pretatio
2673 2135 2860 2190 Latina
2891 2136 3030 2204 apud
3065 2135 3424 2206 Lipomanum
3463 2141 3517 2186 ct
3555 2131 3774 2184 Surium
3808 2132 4035 2183 ὕπερον

2415 2228 2694 2282 contextui
2770 2229 3087 2297 plerumque
3151 2228 3462 2294 respondet,
3513 2240 3619 2277 non
3692 2231 3880 2275 tamen
3947 2225 4030 2272 ita

2419 2334 2636 2388 semper
2682 2331 2765 2372 est
2815 2330 3085 2380 accurata,
3125 2329 3182 2371 ut
3234 2327 3465 2387 nequeat
3511 2315 3808 2370 emendari.
3871 2312 4029 2366 Nam

2414 2412 2643 2465 subinde
2679 2411 2857 2480 aliqua
2892 2413 3050 2464 verba
3101 2426 3322 2481 prorsus
3369 2409 3556 2464 Latine
3603 2419 3727 2459 sunt
3772 2408 4023 2461 omissa.

2417 2519 2538 2574 qua:
2590 2507 2892 2558 secundum
2954 2506 3136 2560 Grtcca
3185 2505 3493 2572 adjungam.
3551 2500 3729 2554 Semel
3801 2500 4026 2550 iterum

2415 2597 2692 2664 interpres
2725 2612 2752 2648 a
2799 2614 2922 2650 vero
2958 2613 3124 2649 sensu
3158 2599 3440 2649 aberrasse
3472 2595 3721 2654 videtur;
3772 2592 4028 2658 ideoque

2422 2701 2604 2738 veram
2639 2685 3142 2754 interpretationem
3190 2685 3538 2740 substituam.
3575 2695 3785 2736 servata
3817 2691 4018 2734 tamen

2421 2779 2643 2847 antiqua
2679 2779 2946 2841 versione,
2994 2779 3320 2846 ubicumque
3355 2778 3628 2830 videbitur
3661 2775 3941 2846 legitima.

1953 3110 2766 3227 ΑΘΛΗΣΙΣ

2184 3329 2319 3383 ΤΟΥ
2366 3332 2570 3386 ΑΓῙΟΥ

1166 3497 2774 3634 ΜΕΓΑΛΟΜΑΡΤΥΡΟΣ
2903 3495 3590 3628 ΝΙΚΗΤΑ.

1975 3909 2748 4026 CERTAMEN

2253 4130 2523 4190 SANCTI

745 4329 995 4480 ET
1193 4318 1808 4481 MAGNI
2003 4320 2995 4479 MARTYRIS
3185 4325 4013 4481 NlCET/E.

820 4797 865 4848 l.
910 4787 1171 4845 Victricia
1228 4788 1482 4856 martyris
1524 4785 1728 4842 Nicetae
1777 4788 1938 4841 hodie
1989 4786 2317 4844 celebramus

2503 4793 2579 4843 A'.
2612 4791 2941 4858 Νικητικοῦς
2974 4789 3190 4858 ἀγῶνας
3219 4789 3310 4844 τοῦ
3340 4790 3616 4860 μάρτυρος
3642 4787 3857 4856 Νικήτσ.
3897 4806 4022 4841 πι-

747 4879 1063 4943 certamina,
1092 4892 1201 4930 non
1232 4893 1391 4944 quem
1427 4877 1685 4946 princeps
1725 4878 2098 4946 apostolorum
2134 4876 2328 4933 Petrus

746 4973 968 5033 erudiit,
1019 4979 1073 5026 et
1131 4971 1219 5040 qui
1255 4971 1549 5026 Clementis
1589 4970 1686 5025 fuit
1747 4971 1910 5026 frater
1951 4972 2047 5041 (1),
2087 4982 2139 5026 et
2168 4989 2326 5041 quem

744 5062 1077 5117 Commodus
1109 5071 1372 5132 tyrannus
1413 5069 1632 5129 propter
1673 5061 1948 5118 Christum
2003 5063 2149 5116 illato
2197 5078 2328 5116 con-

745 5155 1042 5209 summavit
1066 5155 1342 5222 martyrio.
1372 5150 1487 5206 Non
1529 5155 1909 5218 convenimus,
1955 5163 2011 5207 ut
2040 5153 2199 5216 huius
2231 5169 2322 5207 cc-

723 5245 1024 5299 -lebremus
1067 5243 1367 5296 certamina
1411 5243 1547 5296 :sed
1579 5241 1956 5312 quem(quod
2000 5242 2063 5295 ad
2112 5242 2324 5296 laudem

821 5449 897 5514 (l)
921 5445 979 5498 ln
1033 5447 1282 5499 versione
1318 5443 1508 5514 Latina
1543 5445 1734 5512 legitur
1774 5445 1973 5504 socius:
2022 5445 2114 5499 sed
2154 5444 2339 5500 Grmca

749 5512 961 5586 phrasis
978 5515 1121 5586 clare
1157 5514 1372 5569 fratrem
1397 5512 1675 5586 signiﬁcat.
1709 5515 1972 5586 lnreadcm
2002 5517 2250 5586 versione
2277 5517 2340 5569 ad

756 5584 961 5639 nomen
1007 5585 1302 5637 Clementis
1347 5585 1562 5639 additur
1593 5604 1606 5639 :
1637 5584 1934 5645 Pontificis,
1968 5587 2110 5649 quod
2156 5585 2338 5640 Graeca

755 5673 860 5708 non
895 5655 1114 5708 habent.
1139 5654 1196 5708 In
1220 5654 1696 5723 Recognitionihus
1727 5653 1783 5706 S.
1822 5653 2113 5723 Clementis
2147 5672 2339 5708 occur-

762 5735 890 5778 runt
917 5725 1100 5777 Niceta
1135 5734 1189 5794 et
1237 5722 1449 5794 Aquila,
1495 5734 1746 5792 tanquam
1775 5724 1831 5778 S.
1855 5722 2153 5779 Clementis
2192 5742 2340 5793 pap-r.

769 5794 979 5850 fratres.
1016 5794 1084 5849 At
1138 5793 1258 5851 libri
1300 5793 1765 5866 ’ltccognitionum
1822 5794 2196 5850 auctoritatem
2231 5813 2336 5849 non

2428 4883 2793 4952 νηγυρίζομεν
2827 4883 3065 4952 σήμερον
3095 4897 3110 4912 ·
3142 4883 3239 4952 οὐχ
3266 4882 3323 4936 ὃν
3362 4883 3390 4935 ὸ
3422 4882 3530 4935 τῶν
3562 4880 3876 4935 ἀποστόλων
3922 4900 4027 4932 κο-

2429 4977 2657 5044 ρυφαῖος
2706 4975 2906 5042 Πέτρος
2957 4973 3400 5042 ἐπαιδαγὼγησε,
3453 4973 3546 5026 καὶ
3596 4975 3826 5043 Κλήμης
3881 4974 4026 5041 ἔςχε

2428 5063 2681 5115 κοινωνὸν
2731 5065 2934 5115 ὠδίνων
2983 5065 3092 5116 τῶν
3146 5064 3446 5134 μητρικῶν,
3495 5062 3651 5134 ῥώμη
3714 5079 3772 5112 τε
3836 5065 4024 5134 apori-

2430 5169 2612 5219 νεγκε,
2648 5154 2742 5206 καὶ
2776 5155 3017 5221 Κόρυδος
3047 5155 3327 5225 τυραννῶν
3355 5154 3432 5223 τῷ
3461 5153 3549 5206 διὰ
3579 5150 3809 5220 Χριττδν
3848 5167 4023 5205 τετεο

2422 5243 2617 5297 λείωκε
2661 5247 2943 5316 impropqu
2965 5263 2978 5278 ·
3028 5247 3089 5300 οὐ
3120 5248 3311 5300 τούτου
3346 5245 3439 5297 νῦν
3467 5244 3590 5305 τοὺς
3618 5241 3808 5306 ithaca;
3835 5259 4026 5312 πινηο

2445 5447 2673 5511 habent;
2701 5461 2876 5514 neque
2899 5446 3054 5501 video
3077 5445 3339 5502 Nicctam.
3372 5443 3410 5497 S
3433 5444 3728 5500 Clementis
3753 5443 3990 5501 fratrem
4007 5490 4021 5511 ,

2445 5519 2497 5569 iu
2529 5515 2919 5586 Martyrologiis
2949 5517 3149 5570 Graecis
3174 5526 3258 5567 aut
3295 5514 3498 5569 Latinis
3528 5516 3818 5586 celebrari.
3853 5515 4023 5571 Forte

2442 5597 2628 5640 auctor
2683 5603 2750 5640 ne
2800 5585 3072 5639 insinuare
3133 5586 3348 5652 quidem
3401 5587 3587 5642 voluit.
3646 5585 3807 5638 talem
3865 5588 4022 5638 ullihi

2444 5656 2665 5779 reperliri
2710 5668 2993 5736 sanctum:
3038 5656 3132 5711 scd
3181 5658 3355 5713 solum
3412 5657 3616 5719 dicere,
3684 5657 3750 5710 de
3814 5658 3906 5709 tati
3966 5667 4027 5710 se

2444 5741 2549 5779 non
2608 5743 2754 5779 oum.

2443 5741 2549 5782 non
2590 5741 2754 5797 loqui.
