4198 6438
184 420 300 481 705

1223 408 1682 472 MARTYRIUM
1729 405 1794 470 S.
1836 409 2132 496 NICETE
2167 413 2428 476 GOTHI.

3338 417 3445 479 706

189 531 417 598 γυρίσαι
456 526 815 595 συνήλθομεν,
857 523 969 579 ἀλλ’
1005 525 1062 578 ὃν
1105 527 1184 594 (τό
1212 542 1272 592 γε
1316 526 1454 594 πρὸς
1494 518 1771 592 εὐφημίαν

1877 523 2095 592 quidem
2128 533 2212 577 est
2259 523 2576 593 praeclarius
2620 532 2676 578 et
2713 523 3106 592 praestantius)
3135 525 3284 592 regio
3329 527 3449 584 tulit

185 617 568 688 λαμπρότερόν
584 633 640 669 τε
662 617 758 670 καὶ
781 617 1125 687 τιμιώτερον)
1147 616 1327 687 Βάρδα
1337 633 1426 684 ρος
1454 617 1552 684 μὲν
1574 617 1771 684 ἤνεγκε

187 708 367 778 χώρα,
411 706 661 782 βάρΰαρα
691 708 744 759 δὲ
775 707 1071 776 ἐθρέψαντο
1104 707 1229 774 ἤθη,
1265 709 1359 759 καὶ
1395 707 1490 775 τὴν
1527 706 1770 776 ἔμφυτον

185 799 288 862 τῆς
319 795 486 865 τύχης
509 798 789 863 εὐγένειαν
820 797 1082 866 οὖμενουν
1104 798 1201 848 οὐκ
1232 797 1545 850 ὲνόθευσαν.
1592 799 1771 849 Ἰσασι

189 889 393 948 πάντες
417 889 505 938 τὸν
537 889 782 957 ποταμὸν
808 888 1015 957 Ἴστρον
1043 888 1261 956 μεγέθει
1293 891 1386 941 καὶ
1408 889 1653 958 εὐθηνίᾳ,
1675 889 1774 940 ὅσα

191 980 434 1046 ποταμοὶ
468 980 714 1048 φέρουσι,
749 981 810 1032 τὸ
843 980 1166 1048 περιϐόητον
1199 981 1411 1049 ἔχοντα,
1459 980 1516 1033 ὃν
1544 982 1638 1031 καὶ
1668 983 1774 1032 Δα-

187 1069 400 1122 νούὸιον
499 1071 789 1139 ἐπιχώριος
820 1068 924 1123 οἶδε
967 1070 1181 1135 γλῶττα
1215 1073 1416 1125 καλεῖν.
1462 1072 1688 1132 Γότθους
1718 1071 1772 1123 δὲ

188 1161 312 1212 κατ’
338 1163 515 1214 ἐκεῖνο
541 1163 736 1229 καιροῦ
773 1165 1187 1230 μεταναστάτας
1216 1163 1315 1232 τῆς
1343 1162 1596 1230 πατρίδος
1619 1179 1775 1227 γεγο-

185 1251 344 1314 νότας
391 1252 718 1319 προσοίκους
764 1254 792 1304 ὁ
834 1253 1077 1318 ποταμὸς
1132 1254 1350 1324 ἔφερεν.
1396 1245 1567 1312 Οὗτος
1612 1251 1707 1304 οὖν
1747 1253 1774 1304 ὁ

188 1343 502 1411 Θαυμαστὸς
526 1342 792 1411 Νικητας,
817 1343 1088 1395 Γοτθικῶν
1113 1346 1439 1412 σπερμάτων
1462 1344 1652 1409 ὲκφὺς,
1683 1344 1774 1396 καὶ

187 1436 356 1504 τιμὴν
399 1435 499 1504 τὴν
539 1435 762 1504 πρώτην
811 1438 938 1504 παρ’
970 1437 1197 1497 ἐκείνοις
1239 1435 1441 1504 λαχὼν,
1485 1435 1576 1487 διά
1617 1452 1674 1487 τε
1713 1437 1774 1488 τὸ

189 1526 492 1593 περιφανὲς
521 1524 613 1574 τοῦ
647 1524 836 1590 γένους
865 1528 954 1578 καὶ
985 1526 1081 1594 τὴν
1111 1526 1276 1592 ἄλλην
1310 1525 1406 1577 τοῦ
1443 1525 1692 1592 σώματος
1716 1542 1773 1578 τε

185 1617 282 1664 καὶ
313 1615 411 1679 τῆς
451 1614 629 1681 ψυχῆς
661 1615 889 1681 εὐφυΐαν
917 1616 1053 1684 ὅσην
1085 1617 1176 1668 καὶ
1206 1616 1512 1685 δεξιότητα,
1548 1616 1607 1666 οὐ
1645 1617 1775 1667 ιὀτ-

185 1704 284 1753 οου
318 1699 386 1771 ἦν
431 1707 521 1756 τὸν
554 1705 689 1774 βίον,
732 1709 791 1758 οὐ
829 1707 954 1768 τοὺς
991 1707 1244 1777 τρόπους,
1282 1708 1401 1758 obit
1441 1709 1538 1775 τὴν
1571 1707 1774 1761 πίστιν.

196 1795 386 1849 Ἐνίκα
414 1796 518 1866 γάρ
545 1798 576 1864 ἡ
613 1797 710 1862 μὲν
745 1797 936 1866 γνώμη
963 1799 1022 1848 τὸ
1044 1799 1227 1864 γένος,
1264 1798 1322 1849 τὸ
1354 1798 1408 1848 δὲ
1435 1800 1512 1859 εἰς
1538 1799 1774 1867 Χριστὸν

185 1886 412 1956 ιξίλτρον
447 1889 545 1954 τὴν
580 1888 854 1956 βάρεαρον
889 1888 1068 1951 δόξαν,
1097 1890 1123 1940 ὁ
1162 1889 1217 1940 δὲ
1243 1887 1351 1940 τῶν
1382 1889 1593 1956 ἀρετῶν
1629 1890 1767 1960 ἔρως
1799 1876 1845 1934 Β

179 1981 285 2046 τὴν
315 1977 582 2048 Γοτθικὴν
610 1978 882 2047 ἀκρασίαν
912 1980 1006 2030 καὶ
1030 1980 1351 2048 ἀγριότητα.

255 2069 332 2122 Β⁴.
375 2068 636 2136 Θεοφίλου
667 2070 723 2122 δὲ
760 2064 826 2138 ἦν
864 2065 1020 2130 οὗτος
1051 2071 1148 2122 ἐπὶ
1194 2068 1458 2139 νεαζούσῃ
1494 2071 1558 2139 τῇ
1591 2069 1775 2141 ἡλικίᾳ

186 2159 299 2212 τῶν
325 2160 485 2231 ἱερῶν
508 2161 606 2228 τῆς
629 2160 981 2224 διδασκαλίας
1011 2161 1428 2229 άπερυσάμενος
1460 2162 1771 2230 ῥευμάτων.

185 2252 396 2319 Ὄνπερ
425 2252 487 2319 δὴ
520 2251 797 2318 Θεόφιλον,
831 2252 938 2320 τὴν
961 2252 1355 2321 ἀρχιερατικὴν
1385 2253 1632 2325 ἐφορείαν
1667 2253 1774 2305 τῶν

183 2343 403 2397 Γὸτοων
425 2346 878 2412 πεπιστευμένον,
905 2346 996 2394 καὶ
1022 2346 1085 2412 τῇ
1117 2348 1174 2395 ὲν
1196 2344 1399 2416 Νικαίᾳ
1423 2350 1772 2419 οἱκουμενικῇ

184 2438 282 2487 καὶ
308 2437 498 2505 πρώτῃ
529 2437 728 2504 συνόδῳ
763 2435 1039 2504 ἐμάθομεν
1067 2438 1416 2505 ὲνεπιστῆναι
1449 2445 1542 2493 καὶ
1577 2443 1643 2494 τὰ
1673 2444 1772 2512 τῆς

182 2527 466 2589 εὐσεϐείας
521 2529 664 2597 χειρί
697 2543 753 2578 τε
789 2529 882 2580 καὶ
915 2528 1132 2597 γλώσσῃ
1165 2531 1314 2598 παρὰ
1345 2533 1479 2582 πᾶσι
1511 2535 1775 2599 κρατῦναι

189 2617 459 2685 δόγματα.
505 2618 653 2670 Ἐπεὶ
688 2619 744 2672 δὲ
786 2620 845 2670 οὐ
881 2620 1045 2682 πολὺς
1082 2623 1138 2672 ὲν
1183 2620 1333 2689 μέσῳ
1359 2620 1509 2687 διέϐη
1550 2623 1772 2691 χρόνος,

187 2709 284 2760 καὶ
325 2711 384 2760 τδ
429 2709 641 2762 Γοτθων
685 2710 838 2772 ἔθνος
881 2712 958 2774 είς
1009 2712 1335 2774 ἀντιπάλους
1377 2711 1641 2783 διερῤάγη
1681 2713 1776 2766 καὶ

185 2798 489 2866 ἐμφυλίους
519 2803 731 2870 μοίρας,
765 2803 859 2854 καὶ
889 2804 966 2864 εἰς
989 2803 1080 2854 δύο
1108 2820 1165 2855 τε
1188 2804 1443 2871 γεγόνασι
1473 2806 1648 2874 μέρη·
1679 2807 1774 2859 καὶ

185 2891 396 2942 τούτων
428 2893 611 2960 ἡγεῖτο
646 2894 874 2961 θατέρου
912 2895 1010 2962 μὲν
1041 2895 1423 2963 Φριτιγέρνης,
1460 2896 1688 2964 θάτερον
1718 2897 1776 2950 δὲ

196 2981 538 3049 ’Δθαναρίχῳ
580 2982 824 3048 ὑπήκουε
854 2984 924 3034 τά
954 2985 1130 3034 πάντα
1197 2982 1353 3050 δεινῷ
1376 2999 1388 3013 ο
1427 2982 1776 3052 ’Λθανάριχος

179 3068 362 3135 οὗτος,
393 3076 532 3125 κατά
558 3074 656 3141 τῆς
678 3076 974 3143 ὁμογενοῦς
1004 3076 1096 3128 καὶ
1126 3075 1428 3138 άποστάδος
1464 3075 1558 3128 τοῦ
1590 3079 1776 3147 Φριτι-

185 3165 413 3232 γέρνους
451 3165 664 3233 μερίδος
719 3166 910 3236 πλήθει
939 3166 1118 3237 χειρὸς
1149 3167 1582 3237 ἐπιστρατεύσας
1607 3209 1622 3233 ,
1651 3168 1776 3250 τρό-

187 3269 354 3306 παιον
387 3254 620 3321 ἵστησιν.
659 3256 823 3307 Ὅθεν
853 3259 1207 3325 Φριτιγέρνης
1238 3258 1597 3326 ἀπορρηθεὶς,
1641 3261 1773 3326 πρὸξ

183 3347 284 3414 τὴν
329 3344 638 3416 Ῥωμαϊκὴν
666 3347 941 3417 ἀπέϐλεψε
969 3348 1170 3413 δεξιάν,
1194 3348 1488 3417 αὑτόμολός
1523 3366 1577 3400 τε
1607 3366 1777 3419 προσ-

185 3434 395 3502 ελθὼν,
440 3439 667 3509 ἀμύνειν
701 3441 893 3494 ἐδεῖτο.
940 3441 1201 3493 Οὐάλεντι
1254 3439 1319 3492 δὲ
1361 3440 1666 3509 τηνικαῦτα
1700 3440 1777 3510 τῷ

190 3532 552 3601 μισοχρίστῳ,
579 3535 648 3585 τὰ
688 3534 972 3602 Ῥωμαῖκά
999 3533 1237 3586 διείπετο
1270 3537 1543 3603 σκῆπτρα.
1567 3529 1642 3588 OB
1669 3538 1778 3598 τοῖς

187 3626 282 3676 ἐπὶ
301 3621 524 3694 Θρᾴκην
553 3626 920 3694 στρατιώταις
951 3625 1027 3694 τῷ
1049 3626 1248 3692 φυγάδι
1276 3626 1489 3694 βοηθεῖν
1523 3627 1779 3692 ἐγκελεύ-

190 3733 406 3779 σαντος,
462 3718 821 3787 Φριτιγέρνης
869 3717 1048 3768 λαὸὼν
1100 3717 1190 3768 τόν
1249 3733 1303 3768 τε
1358 3716 1635 3788 Θρᾴκιον,
1686 3717 1778 3770 καὶ

190 3809 320 3869 ὅσος
352 3809 443 3858 ὑπ’
482 3797 629 3878 αὑτῷ
662 3809 917 3871 Γοτθικὸς
956 3809 1186 3878 στρατὸς
1216 3808 1626 3875 κατελέλειπτο,
1659 3810 1779 3862 δια-

191 3902 368 3953 ϐαίνει
394 3905 483 3953 τὸν
523 3905 751 3972 Ἴστρον.
788 3905 894 3956 Καὶ
923 3903 1014 3955 τὸν
1050 3904 1193 3954 θεῖον
1225 3902 1318 3954 τοῦ
1348 3904 1585 3971 Χριστοῦ
1620 3921 1780 3955 σταυ-

190 3995 290 4060 ρὸν
334 3993 513 4059 πάσης
559 3993 977 4062 προηγούμενον
1029 3994 1126 4062 τῆς
1157 3994 1439 4062 δυνάμεως
1487 3996 1775 4064 φέροντες,

193 4085 566 4154 συρῤἠγυνται
595 4087 702 4144 τοῖς
733 4087 1046 4148 ἀντιπάλοις
1077 4087 1156 4149 εἰς
1205 4089 1404 4156 μάχην,
1435 4088 1691 4157 κρατοῦσί
1722 4106 1778 4141 τε

194 4177 326 4245 ῥᾷον
357 4175 448 4226 τοῦ
475 4181 842 4246 κρατήσαντος
863 4196 874 4206 ·
902 4181 995 4230 καὶ
1026 4180 1086 4229 τὸ
1109 4181 1317 4232 ἐκείνου
1346 4181 1542 4249 πλῆθος
1575 4182 1778 4248 αἰχμαο

201 4268 372 4317 λωσιά
425 4269 516 4318 καὶ
569 4269 720 4335 ξίφος
769 4268 1139 4336 διεμερίζετο’
1208 4270 1362 4338 μόλις
1420 4268 1534 4338 μετ’
1585 4271 1778 4337 ὀλίγων

210 4357 574 4428 Ἀθαναρίχου
641 4358 740 4428 τὴν
805 4360 1020 4427 σφαγὴν
1094 4359 1423 4430 αίσχρότατα
1489 4360 1779 4432 διαπεφευ-

195 4445 374 4511 γότος.

277 4536 352 4587 [⁷.
387 4535 529 4600 Αὕτη
559 4537 746 4602 γέγονε
766 4537 1037 4605 πρόφασις
1055 4539 1148 4588 καὶ
1175 4539 1324 4592 αἰτία
1346 4540 1779 4606 πολλαπλασίους
1807 4545 1859 4602 D

194 4628 306 4679 τῶν
358 4629 733 4698 προλαὸὀντων
767 4629 833 4680 τά
871 4630 1210 4697 Χριστιανῶν
1252 4633 1601 4686 ἀσπάσασθαι
1643 4636 1768 4687 1‘61:-

197 4719 348 4782 Οους.
391 4719 657 4790 υῦρφιλος
703 4721 760 4772 δὲ
799 4718 1042 4789 διάδοχος
1089 4720 1186 4789 μὲν
1223 4721 1329 4773 τῶν
1368 4725 1771 4794 ἀρχιερατικῶν

275 4912 353 4980 (Ξ)
379 4911 477 4965 llic
502 4917 669 4967 multa
703 4918 865 4970 verba
909 4915 1098 4972 Latine
1137 4928 1294 4973 erant
1328 4923 1546 4978 omissa.

268 4984 346 5052 (5)
377 4984 595 5059 Certum
629 4995 730 5049 cst,
765 4986 974 5059 Gothos
1004 5004 1111 5042 non
1144 5007 1361 5059 semper
1421 4996 1474 5045 in
1517 4995 1676 5048 Dacia
1705 4998 1772 5054 ad

196 5053 691 5128 Istrum-habitasse
723 5074 738 5122 ;
784 5058 876 5110 sed
905 5073 968 5109 ex
1019 5062 1121 5112 alia
1147 5053 1363 5128 regione
1421 5067 1705 5119 remotiore
1743 5053 1771 5119 a

203 5125 447 5203 Romano
486 5124 714 5203 imperio
741 5130 804 5203 ad
836 5130 1031 5203 Istrum
1070 5124 1384 5203 progressos
1435 5147 1579 5203 esse,
1612 5147 1772 5203 prout

201 5200 385 5261 postea
407 5210 500 5262 per
520 5196 712 5266 multas
742 5198 951 5263 imperii
975 5196 1278 5266 provinéias
1305 5218 1362 5251 sc
1408 5196 1770 5259 diffuderunt.

201 5270 287 5345 an
335 5278 464 5340 vero
491 5280 555 5316 ex
587 5263 987 5345 Seandinavia,‘
1013 5273 1126 5323 sive
1156 5284 1220 5322 ex
1281 5269 1548 5326 hodierno
1612 5291 1774 5345 regno

203 5334 453 5394 Suecico,
499 5346 554 5407 ut
587 5344 699 5390 vult
731 5337 1059 5403 .lornandes,
1114 5349 1294 5393 ortum
1324 5343 1600 5407 duxerint,
1667 5334 1772 5399 non

201 5413 285 5454 est
317 5407 476 5475 hujus
500 5402 599 5456 loci
636 5408 928 5475 inquirere.

280 5476 378 5542 (ιι).
429 5473 763 5541 Theophilus
843 5477 1050 5530 Gothiae
1128 5475 1467 5548 metropolita
1541 5487 1778 5539 concilio

203 5544 422 5618 Niciam)
451 5560 632 5596 revera
666 5549 1001 5618 subscriptus
1029 5551 1239 5618 legitur.

278 5616 357 5688 (5)_
386 5615 503 5688 Jam
548 5621 598 5666 in
638 5615 1038 5673 Commentario
1084 5615 1245 5676 “num.
1281 5630 1310 5681 7
1345 5626 1555 5688 monui,
1607 5635 1778 5679 totum

205 5691 308 5740 hoc
351 5684 545 5736 bellum
581 5701 688 5738 non
725 5690 886 5738 videri
909 5702 1138 5750 certum,
1201 5705 1252 5746 et
1281 5701 1509 5751 fortasse
1546 5684 1612 5747 rex
1667 5700 1780 5749 sola

204 5756 726 5827 confiisloneortuni
753 5769 894 5810 eSse.
929 5761 1142 5827 Aliquid
1172 5773 1347 5819 tamen
1395 5768 1501 5817 veri
1555 5771 1782 5819 subesse

205 5839 401 5896 potest,
437 5827 479 5878 si
519 5824 880 5897 l’ltt'iligernes
917 5824 1047 5883 cum
1082 5833 1299 5890 Valente
1328 5840 1620 5895 {mderatus
1660 5840 1780 5897 luit,

1874 614 2123 680 barbara,
2160 631 2339 671 mores
2370 631 2500 671 vero
2524 617 2869 672 eunti-ierunt
2907 616 3128 670 Barbari
3161 634 3175 670 :
3203 627 3256 671 et
3293 619 3452 674 inna-

1873 714 1979 759 tam
2020 707 2360 762 nobilitatem
2383 736 2386 740 -
2409 710 2632 763 minime
2667 709 3047 762 adulterarunt
3074 710 3143 774 (2
3168 717 3182 774 )
3209 746 3221 760 .
3259 710 3452 765 Sciunt

1872 811 2060 851 omnes
2090 797 2314 852 ﬂuvium
2355 799 2572 862 Istrum,
2615 800 2992 869 magnitudine
3043 801 3261 866 quidem
3310 802 3452 855 inter

1873 887 2069 943 ﬂuvios
2114 891 2344 951 clarum,
2384 907 2544 959 quem
2578 891 2756 961 lingua
2787 893 2904 957 ejus
2945 892 3179 961 regionis
3222 894 3455 962 appellat

1875 979 2205 1034 Danubium.
2259 980 2469 1036 Gothos
2499 992 2702 1044 autem,
2741 983 2828 1050 qui
2863 983 2952 1036 illo
2985 992 3228 1052 tempore
3260 1001 3452 1038 exces-

1874 1080 2059 1122 serant
2081 1086 2110 1122 e
2135 1071 2326 1138 patria,
2355 1072 2432 1143 (3)
2449 1069 2646 1124 ﬂuvius
2670 1071 2904 1123 habebat
2936 1070 3162 1124 accolas.
3201 1068 3295 1124 llic
3326 1086 3454 1140 ergo

1875 1161 2225 1215 admirandus
2273 1161 2508 1223 Nicetas,
2585 1174 2743 1215 natus
2787 1177 2816 1214 e
2855 1161 3096 1215 Gotlticis
3136 1162 3456 1226 seminibus,

1874 1261 1928 1306 et
1960 1255 2193 1322 primum
2222 1253 2484 1307 honorem
2513 1257 2652 1321 apud
2684 1253 2804 1306 illos
2841 1264 3054 1315 nactus,
3092 1264 3196 1304 tam
3233 1265 3456 1321 promer

1875 1345 2182 1397 claritatem
2248 1346 2487 1411 generis,
2530 1360 2691 1413 quam
2729 1354 2950 1412 proliter
2985 1344 3142 1396 aliam
3187 1348 3353 1396 animi
3401 1353 3457 1396 et

1875 1437 2125 1504 corporis
2188 1436 2428 1490 indolem
2477 1449 2531 1489 et
2574 1437 2979 1499 dexteritatem,
3028 1452 3137 1489 non
3191 1446 3306 1490 erat
3347 1436 3454 1489 vita

1873 1525 2128 1588 Gottbus,
2159 1542 2263 1579 nec
2290 1528 2552 1589 moribus,
2583 1543 2684 1581 nec
2718 1529 2842 1583 ﬁde.
2876 1528 3008 1581 Nam
3041 1546 3211 1599 genus
3236 1528 3456 1597 quidem

1875 1617 2124 1671 vincebat
2186 1619 2461 1688 ingenium
2532 1635 2545 1670 :
2607 1634 2761 1673 amor
2833 1631 3012 1672 autem
3061 1623 3114 1672 in
3182 1621 3458 1674 Lhristum

1877 1706 2163 1761 barbaram
2239 1708 2551 1776 opinionem
2599 1723 2612 1760 :
2653 1709 2889 1760 Studium
2937 1723 3066 1762 vero
3114 1709 3329 1762 virtutis
3369 1711 3458 1762 in-

1879 1800 2294 1871 temperantiam
2326 1800 2607 1860 Gothicam
2641 1811 2694 1854 et
2719 1799 3009 1855 feritatem.

1948 2069 2012 2123 ll.
2052 2069 2147 2124 Hic
2181 2078 2359 2123 autem
2392 2071 2448 2122 in
2479 2068 2848 2124 adolescentia
2886 2068 3143 2121 hauserat
3179 2083 3330 2120 sacra
3359 2067 3465 2121 ﬂu-

1876 2170 2000 2218 enta
2037 2160 2299 2213 doctrina:
2345 2159 2654 2226 Theophili.
2708 2160 2886 2225 Quem
2932 2159 3150 2227 quidem
3188 2158 3466 2228 Theophi-

1876 2250 1986 2303 lum
2021 2249 2129 2317 (4)
2158 2265 2280 2302 cum
2317 2249 2438 2318 ejus
2496 2248 2619 2302 ﬁdei
2667 2249 2862 2303 fuisset
2901 2251 3225 2304 commissus
3256 2250 3461 2305 Gotho-

1879 2357 1996 2394 rum
2030 2341 2397 2410 pontiﬁcatus,
2427 2340 2733 2409 accepimus
2764 2340 3077 2394 interfuisse
3107 2342 3295 2410 prima:
3330 2345 3460 2395 uni-

1881 2433 2076 2487 versali
2119 2433 2324 2502 synodo
2370 2432 2628 2494 Nicanaa,
2671 2448 2944 2502 manuque
2995 2443 3051 2486 et
3096 2434 3275 2502 lingua
3313 2436 3456 2503 apud

1878 2539 2071 2578 omnes
2115 2523 2468 2577 conﬁrmasse
2497 2526 2745 2593 dogmata
2805 2526 3046 2594 pietatis.
3098 2526 3230 2578 Cum
3281 2535 3461 2581 autem

1878 2629 1983 2667 non
2040 2615 2266 2666 multum
2307 2614 2702 2666 intercessisset
2756 2615 3037 2682 temporis,
3087 2625 3140 2668 et
3195 2618 3246 2668 in
3301 2628 3461 2685 gente

1877 2704 2198 2761 Gol‘thorum
2252 2704 2389 2758 bella
2425 2704 2739 2772 erupissent
2770 2705 3048 2766 inteStina.
3083 2716 3135 2759 et
3166 2719 3350 2762 essent
3379 2710 3466 2762 di-

1880 2797 1977 2851 visi
2012 2796 2072 2850 in
2101 2796 2236 2850 duas
2276 2805 2476 2864 partes.
2509 2805 2563 2850 et
2594 2796 2686 2849 uni
2721 2797 2940 2865 quidem
2987 2809 3252 2866 prmesset
3307 2801 3466 2854 Ριιτίο

1881 2890 2136 2960 tigernes,
2168 2889 2335 2943 altera
2371 2898 2553 2943 autem
2597 2888 2751 2942 valde
2789 2890 3015 2943 terribili
3050 2901 3266 2958 pareret
3293 2893 3460 2947 Atha-

1879 2983 2083 3042 narico,
2126 2983 2214 3034 hic
2257 2983 2639 3040 Athanaricus,
2684 2989 2935 3046 suscepta
2986 2983 3238 3038 maximis
3282 2984 3457 3052 copiis

1883 3073 2227 3140 expeditione
2272 3071 2534 3123 adversus
2594 3069 3016 3139 Phritigernem.
3068 3083 3183 3126 erat
3241 3075 3459 3141 quidem

1879 3169 2120 3239 ejusdem
2140 3167 2354 3239 generis
2379 3167 2474 3220 sed
2493 3175 2609 3219 erat
2623 3165 2692 3218 ab
2707 3180 2772 3218 eo
2787 3167 3030 3227 avulsus,
3046 3166 3268 3220 victoria
3290 3177 3465 3235 parta,

1879 3260 2038 3329 erigit
2068 3269 2352 3326 tropaeum.
2389 3257 2753 3322 Quamobrem
2798 3254 3170 3326 Phritigernes
3203 3260 3254 3310 in
3298 3258 3464 3312 rebus

1879 3353 1991 3406 suis
2041 3351 2253 3404 afﬂictis
2306 3351 2568 3418 spectavit
2615 3347 2680 3401 ad
2724 3346 3020 3400 Romanam
3074 3349 3377 3410 dexteram,
3410 3358 3467 3402 et

1879 3444 2106 3498 veniens
2164 3441 2462 3509 transfuga,
2519 3441 2714 3511 petivit
2761 3438 3047 3494 auxilium.
3100 3437 3300 3494 Valens
3364 3457 3464 3494 au-

1881 3547 1988 3593 tem
2038 3536 2240 3591 Christi
2284 3535 2560 3595 inimicus,
2591 3549 2655 3586 eo
2693 3544 2938 3601 tempore
2976 3534 3198 3586 tenebat
3249 3545 3464 3600 sceptra

1881 3634 2145 3686 Romana.
2197 3631 2296 3696 Qui
2333 3647 2453 3686 cum
2480 3629 2734 3700 jussisset
2765 3628 2831 3680 iis
2874 3627 2964 3694 qui
3009 3635 3166 3680 erant
3201 3628 3251 3679 in
3287 3625 3467 3681 Thra-

1881 3725 1986 3786 cia,
2061 3723 2325 3776 militibus
2397 3723 2538 3775 ferre
2591 3737 2749 3788 opem
2811 3720 3004 3788 exsuli,
3068 3720 3463 3786 Pbritigernes,

1880 3816 2110 3870 Thracio
2153 3813 2393 3868 exercitu
2441 3821 2687 3880 acrepto,
2729 3822 2784 3864 et
2827 3828 2910 3873 eo,
2962 3810 3052 3878 qui
3095 3812 3196 3863 sibi
3247 3827 3465 3866 reman-

1881 3917 2048 3970 serat,
2097 3906 2414 3960 transmittit
2454 3903 2668 3958 Istrum.
2713 3901 2897 3971 Itaque
2943 3901 3180 3956 ferentes
3225 3903 3463 3956 divinam

1881 4001 2084 4055 Christi
2128 4016 2373 4061 crucem,
2411 3998 2803 4065 prim-edentem
2835 4009 3026 4048 omnes
3074 4011 3226 4049 suas.
3253 3996 3462 4064 copias,

1882 4091 2064 4159 praelia
2103 4088 2401 4159 conﬂigunt
2443 4102 2565 4141 cum
2598 4084 2950 4147 adversariis,
2984 4093 3038 4136 et
3080 4101 3203 4137 cum
3241 4087 3331 4153 qui
3381 4086 3464 4138 vi-

1881 4194 2054 4249 cerat,
2104 4182 2264 4237 facile
2331 4183 2592 4244 vincunt,
2633 4190 2687 4233 et
2734 4181 2875 4232 illius
2932 4179 3223 4232 multitudo
3272 4178 3466 4246 partim

1879 4277 2122 4341 cazditur,
2158 4275 2352 4344 partim
2386 4276 2614 4340 capitur,
2667 4287 2789 4325 cum
2823 4271 3184 4325 Athanaricus
3209 4275 3224 4338 (
3249 4272 3315 4341 5)
3354 4273 3466 4324 tur-

1898 4371 2120 4442 pissime
2143 4382 2265 4423 cum
2296 4371 2483 4439 paucis
2511 4382 2623 4422 sua:
2645 4367 2764 4422 vita:
2792 4366 2915 4438 fuga
2936 4367 3322 4421 consuluisset.

1959 4552 2047 4606 Ill.
2084 4549 2209 4603 llaec
2244 4548 2341 4600 fuit
2373 4563 2535 4600 causa
2575 4557 2630 4600 et
2669 4547 2904 4609 occasio,
2937 4562 3036 4600 cur
3083 4547 3269 4600 multis
3309 4546 3467 4602 exiis

1876 4643 1966 4712 qui
2002 4647 2396 4711 praecesserunt
2425 4637 2614 4691 Gothis
2638 4637 2735 4705 (6),
2779 4636 3340 4703 religionemainplexi
3360 4638 3467 4694 sint

1874 4735 2263 4790 Christianam.
2303 4730 2559 4800 Urphilas
2588 4728 2665 4798 (7)
2694 4737 2881 4782 autem
2904 4727 3006 4782 fuit
3027 4728 3313 4797 Theophili
3343 4744 3460 4784 suc-

1874 4933 2088 5003 quando
2124 4931 2210 4985 hic
2231 4945 2373 5003 anno
2397 4930 2500 4982 567
2530 4937 2715 5003 contra
2772 4928 2977 4981 Gothos
3035 4927 3231 5003 bellum
3259 4927 3442 4997 gessit,

1875 4999 2028 5061 clade
2068 5001 2378 5056 Athanarici
2425 5015 2569 5052 anno
2608 5001 2727 5061 369,
2767 5009 3062 5065 secutaque
3092 4999 3283 5051 eodem
3321 5012 3465 5051 anno

1875 5092 2005 5148 pace
2037 5075 2267 5148 ﬁnitum.

1953 5148 2029 5217 (ti)
2063 5145 2225 5217 Erant
2290 5140 2506 5210 quidem
2573 5139 2716 5217 inter
2762 5139 2969 5217 Gothos
3013 5139 3304 5217 Christiani
3357 5152 3463 5216 non

1883 5207 2074 5286 pauci;
2131 5215 2222 5264 sed
2289 5207 2350 5262 ea
2411 5209 2697 5262 occasione
2756 5211 2927 5261 multo
2980 5211 3159 5278 plures
3216 5207 3462 5261 converti

1880 5293 2193 5355 potuerunt.

1952 5356 2026 5423 (7)
2058 5350 2313 5423 Urpltilas
2345 5360 2442 5423 aut
2474 5349 2698 5417 Urpliila
2749 5350 3092 5423 cotninunius
3127 5357 3356 5423 vocatur
3395 5345 3463 5400 ab

1881 5418 2025 5480 aliis.
2078 5423 2269 5488 Aliqua
2305 5421 2390 5474 hic
2445 5434 2551 5471 non
2600 5429 2743 5471 recte
2773 5419 2839 5488 de
2872 5418 2991 5484 ipso
3035 5418 3137 5470 dici
3187 5419 3460 5472 videntur.

1884 5494 2120 5547 Consule
2149 5485 2330 5560 itaque
2365 5493 2431 5543 de
2490 5485 2889 5560 Ulphilaﬂdicta
2917 5489 2970 5539 in
3024 5487 3458 5560 Commentario,

1884 5581 2034 5619 num.
2074 5565 2105 5614 9
2134 5573 2186 5612 ct
2243 5558 2331 5620 l0,
2379 5576 2442 5613 ex
2484 5560 2681 5626 quibus
2717 5559 2911 5626 liquet,
2966 5574 3073 5610 non
3109 5558 3176 5609 de
3224 5559 3461 5610 secunda

1886 5635 2092 5703 synodo
2118 5632 2471 5703 moumeniea
2497 5629 2718 5703 intelligi
2771 5643 2930 5703 posse
2959 5640 3094 5703 mox
3155 5628 3457 5703 sequentia,

1887 5696 1931 5757 si
1993 5719 2117 5757 vera
2176 5713 2326 5763 sunt,
2380 5700 2475 5754 sed
2537 5700 2602 5752 de
2681 5696 2887 5769 Synodo
2942 5697 3266 5751 Arianorum
3332 5696 3460 5750 anni

1889 5777 2012 5830 560.
