4198 6438
177 392 291 458 713

1276 357 1739 443 MARTYRIUM
1786 378 1847 439 S.
1888 375 2323 439 EUPHEMMB.
3317 368 3420 432 714

181 549 3399 584 ______________________.__._______________________.__

1510 709 2143 801 ΜΑΡΤΥΡΙΟΝ

794 912 1136 1043 ΤΗΣ
1282 904 1787 1040 ΑΓΙΑΣ
1934 899 2842 1040 ΕΥΦΗΜΙΑΣ.

1445 1310 2173 1400 MABTYBIUM

937 1529 1603 1661 SANCTfE
1770 1525 2678 1658 EUPHEMI/E.

832 1774 1028 1835 (Latine
1054 1784 1138 1832 ap.
1165 1746 1361 1820 Surium
1388 1767 1448 1815 ad
1482 1768 1612 1817 diem
1645 1767 1704 1817 16
1728 1767 2052 1828 Septembris,
2077 1766 2247 1815 Grmce
2273 1776 2335 1812 ex
2361 1763 2469 1813 cod.
2499 1774 2588 1809 ms.
2629 1757 2805 1821 Paris.)

265 2107 348 2162 ΑΖ
368 2100 753 2175 Διοκλητιανοῦ
774 2098 1150 2171 τὰῬωμαίων
1185 2098 1446 2169 σκῆπτρα
1468 2097 1769 2162 διέποντος,
1801 2101 1845 2157 Α

188 2200 439 2271 Πρίσκου
493 2213 551 2249 τε
596 2200 725 2267 περὶ
760 2198 858 2264 τὴν
944 2192 1131 2249 Ἀσίαν
1203 2189 1696 2255 ἀνθυπατεύοντος,
1742 2189 1770 2242 ό

189 2291 340 2344 κατὰ
402 2287 742 2359 Χριστιανῶν
798 2284 1039 2354 διωγμὸς
1087 2282 1258 2337 δεινὸν
1318 2281 1471 2333 ἔπνει
1523 2279 1619 2334 καὶ
1676 2279 1772 2332 ἐπὶ

192 2383 345 2453 μέῩα
376 2384 471 2435 καὶ
502 2380 733 2452 φοϐερὸν
783 2379 968 2451 ᾔρετο.
1015 2374 1121 2431 Ἦν
1162 2375 1218 2428 δὲ
1266 2373 1345 2445 τῷ
1380 2373 1604 2443 Πρίσκῳ
1636 2389 1773 2442 συμ-

191 2474 472 2544 πάρεδρός
528 2491 609 2536 τις
669 2472 775 2535 τῷν
834 2469 1124 2537 σοφιστῶν,
1176 2466 1520 2528 Ἀπελλιανὸς
1576 2464 1770 2534 ὄνομα,

195 2566 471 2637 ἱερατείας
501 2566 688 2635 χρείαν
714 2562 958 2632 πληρῶν,
978 2560 1056 2629 τῷ
1082 2558 1213 2628 παρ’
1233 2559 1415 2619 αὐτοῖς
1435 2555 1771 2626 ψευδωνύμῳ

193 2659 308 2729 θεῷ
342 2660 519 2726 Ἄρει.
566 2656 720 2709 Ἐπεὶ
747 2653 839 2707 οὖν
872 2653 1093 2724 ἐτήσιος
1125 2650 1290 2723 ἑορτὴ
1320 2648 1413 2704 τοῦ
1445 2649 1600 2703 νόθου
1647 2648 1773 2701 τού-

189 2769 289 2804 του
323 2752 627 2822 ἐνειστήκει
656 2749 803 2814 θεοῦ,
830 2750 1135 2821 γράμματα
1156 2748 1252 2800 καὶ
1276 2746 1602 2817 προθέματα
1632 2742 1774 2798 κατὰ

193 2846 381 2898 πᾶσαν
412 2846 602 2913 ἐφοίτα
635 2845 735 2913 τὴν
768 2842 1109 2913 Χαλκηδόνα·
1158 2842 1218 2894 ἐν
1246 2841 1385 2910 αύτῇ
1423 2840 1532 2907 γὰρ
1570 2837 1663 2890 καὶ
1706 2836 1775 2889 τὰ

196 2933 311 2984 τῶν
345 2932 546 2985 θυσιῶν
574 2934 830 2986 ἐτελεῖτο.
858 2934 969 2985 Καὶ
998 2934 1125 2995 ναὸς
1182 2927 1250 3001 ἦν
1298 2930 1391 2983 τοῦ
1449 2930 1643 2999 ’Λρεος
1678 2926 1775 2981 καὶ

193 3024 434 3079 εἰδώλων
466 3024 673 3079 ἐκείνου
708 3024 814 3076 τῶν
854 3025 1158 3094 ἐπισήμων*
1206 3023 1385 3077 ἐκάλει
1418 3021 1473 3074 δὲ
1504 3020 1600 3074 καὶ
1624 3019 1776 3072 πολί-

194 3133 302 3180 τας
356 3117 449 3169 καὶ
491 3117 649 3187 ὅσους
694 3116 1036 3186 Χαλκηδόνος
1077 3116 1260 3186 πέριξ,
1305 3118 1385 3177 είς
1431 3115 1528 3184 τὴν
1581 3112 1775 3184 ἑορτὴν

197 3210 274 3261 τὰ
306 3209 648 3279 προθέματα,
698 3207 919 3262 θάνατοι
968 3207 1024 3261 δὲ
1078 3209 1171 3260 καὶ⁴
1204 3206 1469 3276 τιμωρίαι
1525 3205 1779 3274 συνηπεί-

196 3303 367 3373 ληντο
395 3305 503 3366 τοῖς
540 3304 982 3373 προστάγμασιν,
1014 3295 1095 3363 οἷς
1124 3302 1481 3370 περιπίπτειν
1524 3298 1773 3367 ἔμελλον,

198 3398 319 3448 ὅσοι
353 3395 429 3465 μὴ
455 3396 750 3461 πείθοιντο,
795 3397 1013 3465 δαίμοσι
1046 3394 1403 3463 προσκυνεῖν,
1434 3389 1672 3459 σάλπιγξ
1716 3405 1775 3441 τε

196 3487 451 3554 διάτορον
484 3485 689 3554 ἦχοῦσα
722 3486 1075 3554 κα“ι.φοϐερὸν
1118 3486 1372 3553 σύστημα
1406 3481 1473 3553 ἦν
1513 3485 1611 3553 τῆς
1642 3483 1777 3552 πρὸς

198 3577 295 3627 τὸν
318 3578 442 3627 ναὸν
461 3575 765 3646 συνδρομῆς
786 3592 841 3625 τε
871 3576 968 3627 καὶ
990 3573 1376 3634 συνελεύσεως.
1405 3572 1653 3633 Ὀπὸσοις
1682 3571 1778 3622 οὖν

201 3669 421 3734 ἐναγεῖς
464 3666 563 3736 μὲν
602 3666 782 3719 θυσίαι
827 3670 922 3720 καὶ
956 3666 1281 3736 σεϐάσματα
1333 3666 1508 3735 μιαρὰ
1552 3660 1780 3718 τοιαῦτα

206 3760 519 3831 μεμίσητο,
571 3760 788 3831 ὁσιότης
842 3761 898 3813 δὲ
950 3760 1045 3815 καὶ
1101 3760 1356 3813 εὐσέϐεια
1416 3759 1507 3811 καὶ
1562 3760 1595 3828 ἠ
1646 3755 1780 3826 πρὸς

204 3855 343 3905 Θεὸν
377 3856 558 3916 πίστις
590 3855 818 3925 ἔρρωτο·
842 3849 987 3909 οὗτοι
1017 3854 1072 3906 δὲ
1118 3855 1227 3922 ἄρα
1277 3852 1377 3921 τὴν
1426 3850 1564 3921 μετὰ
1603 3866 1781 3916 παρα-

205 3944 520 4011 νομούντων
548 3946 860 3997 συνέλευσιν
900 3945 993 3997 καὶ
1026 3946 1126 4013 τὴν
1159 3947 1213 3996 ἐν
1246 3943 1511 4012 συνεδρίῳ
1554 3940 1780 4011 ματαιό-

203 4049 370 4101 τητος
425 4033 812 4101 διαφεύγοντες
875 4034 1203 4105 παρουσίαν,
1271 4034 1410 4086 κατὰ
1468 4032 1783 4102 συμμορίας

202 4123 359 4184 τινὰς
385 4124 442 4175 ἐν
470 4124 738 4188 οίκίσκοις
761 4125 791 4194 ἢ
816 4125 1076 4196 ἐρημίαις
1104 4126 1332 4188 ἑαυτοὺς
1362 4121 1782 4193 ἐγκλεισάμενοι

210 4220 547 4288 προσευχαῖς
579 4220 674 4271 καὶ
698 4218 918 4288 δεήσεσι
948 4218 1301 4287 σχολάζοντες
1348 4214 1512 4287 ἦσαν,
1569 4217 1660 4269 καὶ
1706 4212 1783 4285 τῷ

207 4308 403 4378 ἀληθεῖ
438 4315 529 4364 καὶ
572 4313 719 4381 μόνῳ
773 4312 890 4381 Θεῴ
921 4313 1018 4381 τὴν
1057 4311 1283 4379 λογικὴν
1321 4310 1578 4379 λατρείαν
1610 4324 1777 4377 προσ-

214 4403 495 4467 φέροντες,
526 4398 600 4455 ὧν
628 4398 706 4466 εἷς
738 4403 892 4471 ἅγιος
923 4404 1135 4475 ὑπῆρχε
1168 4404 1326 4473 χορὸς
1355 4404 1450 4456 καὶ
1496 4404 1523 4455 ὁ
1548 4404 1613 4473 τῇ
1645 4418 1784 4454 παν-

215 4492 451 4565 ευφήμῳ
480 4492 570 4543 καὶ
618 4491 847 4561 λαμπρᾷ
895 4495 1133 4562 μάρτυρι
1178 4494 1437 4563 Εὑφημίᾳ
1468 4492 1784 4560 ἐλλαμπρύ-

210 4585 458 4653 νόμενος,
516 4585 776 4656 Εὐφημίᾳ
807 4592 870 4654 τῇ
904 4590 1084 4641 πᾶσαν
1127 4587 1463 4657 φερωνύμως
1504 4589 1571 4657 τῇ
1614 4587 1783 4656 αὐτῆς

212 4678 373 4747 φήμῃ
412 4678 775 4752 περιλαϐούσῃ
808 4682 908 4750 τὴν
950 4682 1297 4750 οίκουμένην,
1331 4682 1363 4750 ἢ
1414 4681 1630 4750 πατέρα
1684 4679 1783 4748 μὲν

213 4769 340 4836 ἔσχε
372 4768 467 4837 τῆς
504 4770 809 4840 συγκλήτου
837 4771 958 4823 τινὰ
998 4773 1091 4823 καὶ
1143 4773 1348 4823 τούτων
1375 4770 1438 4838 δὴ
1466 4770 1573 4822 τῶν
1597 4770 1786 4839 ἄρχειν

213 4860 554 4927 ἠξιωμένων,
581 4863 873 4932 Ψιλόφρων
895 4862 1043 4931 αύτῴ
1072 4862 1276 4931 ιὗνομσι,
1316 4863 1527 4931 μητέρα
1575 4862 1631 4914 δὲ
1666 4862 1788 4914 λίαν

216 4950 419 5017 εὐσεϐῆ
448 4951 546 5002 καὶ
597 4956 854 5020 κοσμίαν,
906 4955 1354 5027 Θεοδωρησιανὴν
1405 4953 1550 5008 οὕτω
1596 4954 1791 5008 καλου-

226 5038 418 5108 μένην,
459 5039 580 5110 ἣτις
635 5044 728 5093 καὶ
772 5041 944 5110 δῶρον
992 5045 1056 5095 ἐκ
1105 5042 1243 5095 Θεοῦ
1291 5047 1608 5113 πενομένοις
1655 5045 1792 5097 πᾶσι

219 5131 511 5200 δεδώρητο,
566 5134 634 5185 τά
669 5133 836 5204 αὐτῆς
900 5134 1122 5185 ἐκείνων
1178 5135 1358 5187 πάντα
1393 5135 1643 5187 ποιοῦσα.
1683 5137 1793 5189 Καὶ

220 5225 345 5295 χεὶρ
380 5227 566 5287 αὐτοῖς
618 5224 755 5280 οὖσα
805 5227 1034 5297 δαψιλής
1066 5245 1124 5280 τε
1160 5229 1252 5285 καὶ
1287 5228 1683 5297 μεγαλόδωρος,
1733 5227 1793 5292 ἐξ

226 5306 304 5366 ὦν
357 5313 617 5385 Εὐφημία
657 5317 1015 5387 προελθοῦσα,
1059 5317 1283 5387 βλαστὸς
1339 5321 1512 5388 ἐφάνη
1552 5320 1619 5387 τῇ
1669 5318 1794 5389 ῥίζῃ

227 5406 547 5478 προσήκων,
606 5411 801 5472 κλάδος
861 5410 1130 5465 ἐπινεύων
1194 5411 1275 5475 εἰς
1335 5412 1650 5465 θεοσέϐειαν
1702 5415 1795 5466 καὶ

227 5498 639 5573 καρπὸς-ὅντως
672 5502 852 5565 ἐλέους
880 5504 1158 5565 πιότατος.

306 5685 385 5739 B'.
424 5685 534 5753 Τῆς
578 5680 673 5741 οὖν
727 5684 1048 5758 δαιμονικῆς
1112 5685 1327 5756 ἐκείνης
1375 5686 1799 5758 ἐπιτελουμένης

232 5773 452 5841 θυσίας,
500 5776 851 5838 Ἀπελλιανδς
906 5777 967 5828 οὑ
1006 5781 1316 5845 παροπτέα,
1344 5780 1464 5834 ούδέ
1517 5781 1800 5848 φροντίδος

558 5870 825 5929 ιἈτιιοι..
874 5868 990 5928 (in.
1038 5869 1209 5932 CXV.

1946 2096 1988 2147 Ι.
2020 2094 2359 2150 Diocletiano
2393 2103 2615 2149 tenente
2664 2102 2881 2163 sceptra
2934 2091 3162 2149 Romani
3205 2092 3440 2166 imperii,

1876 2186 2059 2241 Prisco
2111 2193 2293 2240 autem
2342 2187 2484 2240 Asia:
2512 2187 2858 2255 proconsule,
2890 2186 3150 2243 adversus
3177 2186 3445 2245 Cliristia~

1874 2294 1974 2334 nos
2001 2279 2182 2348 gravis
2213 2278 2457 2348 spirabat
2504 2279 2838 2347 persecutio,
2873 2294 3122 2348 saevaque
3151 2290 3206 2336 et
3254 2280 3449 2337 formi-

1874 2370 2091 2424 dabilis.
2127 2369 2258 2425 Erat
2288 2379 2470 2425 autem
2495 2369 2680 2425 Prisco
2712 2384 2959 2425 asscssor
2990 2371 3210 2441 quidam
3245 2370 3449 2442 Sophi-

1875 2469 1978 2532 sta,
2006 2462 2232 2517 nomine
2256 2462 2593 2531 Apellianus,
2624 2460 2859 2532 fungens
2898 2477 3128 2517 munere
3155 2463 3447 2518 sacerdotii

1874 2553 1984 2617 dei,
2022 2554 2113 2623 qui
2147 2555 2286 2623 apud
2322 2570 2418 2608 eos
2467 2554 2602 2609 falso
2645 2553 2981 2620 nominatur,
3046 2553 3253 2611 Martis.
3311 2555 3445 2611 Cum

1875 2660 2006 2715 ergo
2059 2646 2226 2715 hujus
2261 2646 2550 2701 adulterini
2587 2647 2673 2701 dei
2741 2646 2944 2703 festum
3000 2648 3229 2702 instaret
3286 2649 3449 2705 anni-

1876 2737 2206 2801 versarium,
2248 2737 2444 2792 littera:
2495 2748 2548 2793 et
2575 2738 2754 2794 edicta
2787 2753 2885 2807 per
2920 2738 3233 2793 universam
3284 2753 3450 2793 vene~

1877 2837 2006 2881 runt
2034 2828 2462 2883 Chalcedonem.
2500 2829 2555 2883 In
2619 2845 2681 2883 ea
2718 2830 2863 2884 enim
2904 2830 3312 2902 peragebantur
3357 2845 3449 2885 sa-

1876 2919 2122 2988 criﬁcia;
2157 2938 2282 2975 nam
2308 2921 2381 2976 ibi
2416 2932 2533 2976 erat
2584 2921 2843 2991 templum
2875 2921 3081 2987 Martis,
3121 2931 3175 2979 et
3236 2921 3451 2992 insigne

1877 3012 2024 3066 illius
2055 3014 2433 3070 simulacrum.
2472 3013 2752 3069 V’ocabant
2791 3024 2973 3068 autem
2997 3014 3173 3069 edicta
3201 3013 3347 3068 cives
3375 3012 3445 3068 ad

1878 3103 2097 3170 festum,
2130 3114 2184 3159 et
2207 3120 2302 3160 eos
2344 3106 2435 3177 qui
2471 3106 2789 3162 habitabant
2825 3105 2971 3159 circa
3021 3104 3443 3163 Cbalcedonem.

1879 3195 2229 3251 Minabantur
2266 3213 2393 3253 vero
2424 3206 2655 3252 mortem
2698 3208 2752 3252 et
2785 3197 3051 3267 supplicia
3092 3196 3179 3264 iis,
3212 3196 3277 3251 ad
3310 3212 3449 3267 quos

1875 3300 2033 3344 erant
2067 3303 2316 3357 ventura,
2383 3293 2426 3346 si
2463 3309 2572 3345 non
2630 3294 3109 3361 persuaderentur,
3163 3300 3222 3346 ut
3254 3292 3451 3349 adora-

1879 3394 2001 3437 rent
2030 3385 2326 3439 daemones.
2352 3383 2628 3454 Tubmque
2654 3384 2797 3439 clare
2840 3395 3097 3439 sonantes
3144 3397 3200 3440 et
3231 3386 3451 3441 terribi-

1883 3476 2027 3540 liter,
2061 3487 2217 3533 erant
2248 3465 2459 3549 signum
2493 3479 2851 3534 conveniendi
2885 3479 2951 3534 ad
3006 3478 3289 3549 templum.
3317 3478 3448 3545 Qui-

1879 3569 2200 3638 buscunque
2250 3587 2380 3641 ergo
2435 3573 2765 3627 exsecranda
2806 3572 3027 3641 quidem
3088 3572 3353 3627 sacriﬁcia
3399 3583 3455 3626 et

1881 3661 2250 3715 abominanda
2314 3664 2584 3732 ejusmodi
2634 3665 2823 3736 religio
2879 3674 3001 3719 erat
3057 3665 3202 3731 odio,
3260 3675 3453 3721 contra

1882 3750 2247 3807 autemlirina
2295 3762 2410 3807 erat
2438 3754 2723 3819 sanctitas,
2784 3764 2844 3809 et
2879 3756 3071 3825 pietas,
3127 3765 3181 3810 et
3216 3757 3347 3811 tides
3397 3757 3449 3810 in

1884 3843 2190 3908 Christum,
2232 3845 2270 3897 ii
2322 3846 2557 3900 vitantes
2610 3849 3055 3916 congressionem
3093 3864 3218 3903 cum
3275 3849 3457 3920 impiis

1882 3941 1939 3987 et
1962 3934 2255 3989 concilium
2288 3936 2566 4002 vanitatis,
2598 3952 2696 4006 per
2731 3940 2993 4009 quasdam
3035 3940 3240 3995 classes
3279 3956 3338 3995 se
3400 3943 3456 3995 in

1883 4025 2135 4082 domibus
2165 4027 2527 4095 includentes,
2548 4040 2641 4085 aut
2664 4032 2716 4086 in
2745 4032 3155 4101 solitudinibus,
3193 4035 3459 4089 vacabant

1883 4118 2142 4188 precibus
2179 4131 2232 4176 et
2266 4122 2631 4185 orationibus,
2689 4139 2926 4193 veroque
2959 4133 3015 4178 et
3045 4126 3144 4179 soli
3196 4126 3303 4181 Deo
3346 4128 3461 4181 eul-

1889 4222 2000 4263 tum
2032 4210 2339 4265 oﬂerebant
2369 4213 2713 4268 rationalem.
2767 4215 3009 4281 Quorum
3044 4232 3188 4272 unus
3239 4234 3461 4288 quoque

1888 4313 2007 4359 erat
2036 4304 2263 4369 chorus,
2292 4306 2384 4376 qui
2412 4307 2681 4378 imprimis
2715 4309 3001 4365 benedicta
3050 4320 3106 4365 et
3140 4314 3286 4365 clara
3312 4328 3459 4365 mar—

1890 4407 2003 4468 tyre
2040 4398 2340 4467 Euphemia
2396 4399 2782 4463 decorabatur,
2850 4399 3163 4469 Eupliemia,
3214 4404 3456 4473 inquam,

1885 4504 2003 4557 quae
2037 4489 2432 4544 convenienter
2483 4506 2583 4545 suo
2621 4492 2831 4546 nomini
2895 4494 3210 4550 universum
3268 4497 3454 4549 orbem

1890 4589 2048 4637 terra:
2078 4595 2174 4635 sua
2208 4581 2349 4637 fama
2376 4593 2493 4637 erat
2524 4585 2826 4654 complexa.
2846 4583 2978 4650 Quae
3008 4598 3217 4656 patrem
3240 4584 3456 4657 quidem

1892 4673 2124 4727 habebat
2161 4674 2455 4743 quemdam
2480 4690 2508 4729 e
2533 4686 2743 4739 senatu,
2770 4682 2825 4730 et
2861 4678 2952 4746 qui
2986 4678 3191 4757 aliquot
3221 4690 3463 4749 gesserat

1818 4794 1859 4851 ο
1894 4765 2291 4834 magistratus:
2352 4776 2469 4821 erat
2522 4775 2705 4821 autem
2760 4768 2809 4822 ei
2871 4784 3065 4825 nomen
3129 4770 3459 4841 PliilOphron

1895 4853 2349 4926 [Philosoplnom
2384 4855 2517 4927 Ado]
2554 4870 2566 4907 :
2599 4868 2827 4913 matrem
2858 4876 2988 4915 vero
3024 4860 3183 4915 valde
3218 4863 3359 4929 piam
3407 4872 3463 4915 et

1891 4950 2198 5007 honestam,
2234 4963 2356 5016 qua:
2381 4950 2679 5004 vocabatur
2729 4950 3098 5008 Theodorosia
3129 4951 3461 5023 [Theodora,

1891 5039 2067 5109 Adoj:
2099 5056 2216 5110 quae
2246 5045 2406 5096 etiam
2452 5058 2479 5095 a
2511 5043 2621 5096 Deo
2651 5044 2855 5097 donum
2904 5043 3027 5098 data
3053 5044 3229 5099 fuerat
3283 5048 3463 5099 omni-

1893 5132 1996 5187 bus
2023 5135 2332 5203 egentibus,
2383 5134 2597 5189 illorum
2660 5135 2867 5193 faciens
2933 5138 3137 5201 omnia,
3192 5150 3311 5205 quae
3364 5153 3460 5193 sua

1894 5235 2072 5289 erant,
2103 5235 2158 5279 et
2183 5226 2341 5294 cujus
2372 5229 2572 5282 eratin
2607 5243 2701 5281 eos
2759 5243 2952 5282 manus
3001 5227 3143 5298 larga
3181 5237 3235 5281 et
3284 5231 3463 5282 muni-

1897 5316 2018 5370 ﬁca.
2046 5315 2122 5371 Ex
2154 5318 2353 5395 quibus
2398 5327 2517 5373 orta
2577 5320 2897 5389 Euphemia,
2956 5321 3207 5389 apparuit
3240 5336 3462 5391 germen

1898 5408 2066 5463 radici
2094 5408 2452 5476 conveniens,
2488 5426 2672 5463 ramus
2698 5424 2946 5466 annuens
2975 5411 3039 5464 ad
3071 5412 3331 5479 pietatem
3370 5427 3463 5464 ve-

1899 5514 2128 5569 ramque
2164 5502 2506 5572 religionem,
2536 5511 2591 5557 et
2617 5502 2776 5571 longe
2828 5503 3216 5572 pinguissimus
3254 5501 3463 5557 fructus

1900 5593 2314 5649 misericordias.

1972 5688 2037 5743 ll.
2069 5689 2207 5744 Cum
2258 5688 2387 5744 illud
2428 5705 2556 5759 ergo
2615 5689 2923 5745 daemonum
2992 5700 3342 5761 perageretur
3383 5706 3475 5746 sae

1900 5782 2187 5847 criﬁcium,
2209 5797 2316 5836 non
2345 5782 2749 5853 negligendum,
2780 5785 2876 5838 sed
2901 5784 3132 5837 maxime
3162 5782 3465 5839 curandum

3149 5872 3221 5931 23
