4198 6438
792 371 895 430 7ίὸ

2028 361 2309 421 MENSIS
2348 362 2813 426 SEPTEMBER.

3927 372 4041 433 716

792 486 997 536 ducens
1031 482 1172 535 hunc
1228 490 1427 536 emtum
1470 479 1680 548 piorum
1734 477 2065 547 Apellianus,
2110 493 2237 532 cum
2286 479 2351 532 de

2466 480 2657 546 ἀνάξια
2692 484 2756 534 τὰ
2798 482 2939 537 κατά
2970 483 3059 535 τὸν
3090 483 3317 554 θεοσεϐῆ
3345 484 3527 539 τοῦτον
3561 486 3755 539 θίασον,
3777 487 4036 557 θέμενος.

793 590 859 628 eo
890 572 1182 643 diligenter
1232 571 1590 640 inquisiisset,
1623 577 1676 622 ct
1732 570 1930 622 certior
1986 569 2158 622 factus
2191 577 2356 631 esset,

792 681 856 718 ea
911 663 1181 734 signiﬁcat
1213 663 1548 733 proconsuli.
1584 660 1840 714 Protinus
1881 669 2060 713 autem
2116 675 2360 729 compre-

792 756 1052 811 henditur
1085 771 1206 828 cum
1240 756 1408 809 multa
1440 755 1543 807 alia
1583 755 1875 809 multitudo
1899 753 2355 821 Christianorum,

793 858 907 902 tum
958 848 1073 919 ipse
1108 863 1324 917 quoque
1350 847 1568 900 divinus
1600 847 1823 911 chorus,
1859 846 1911 900 in
1946 861 2055 914 quo
2090 855 2359 915 eratprae-

792 941 932 994 clara
967 942 1084 993 haec
1131 941 1281 1008 virgo
1314 936 1784 1007 Euphemia,qua3
1836 948 1891 993 et
1946 937 2192 1007 corporis
2241 937 2360 1007 pul-

792 1030 1128 1091 chritudine,
1184 1037 1237 1081 et
1271 1027 1481 1081 virtutis
1538 1027 1744 1096 specie,
1799 1028 2063 1081 etaetatis
2097 1027 2247 1093 ﬂore,
2306 1036 2359 1082 et

793 1120 1007 1190 generis
1037 1118 1305 1183 claritate,
1348 1119 1491 1171 inter
1536 1134 1628 1172 eos
1657 1118 1873 1172 lucebat
1906 1120 2073 1173 veluti
2095 1120 2248 1174 stella
2277 1119 2360 1173 lu-

788 1212 1089 1266 cidissima.
1125 1210 1205 1263 Ad
1261 1209 1616 1281 quadraginta
1666 1218 1847 1277 autem
1883 1223 1936 1265 et
1988 1226 2185 1266 novem
2224 1229 2358 1266 eon-

789 1312 1135 1375 gregatorutn
1169 1311 1285 1355 erat
1323 1301 1414 1355 ille
1451 1318 1602 1355 sacer
1629 1302 1853 1356 chorus.
1891 1301 1995 1367 Qui
2045 1318 2170 1356 cum
2226 1302 2359 1358 fuis-

789 1403 913 1449 sent
947 1392 1352 1462 comprehensi,
1408 1392 1657 1461 producti
1706 1403 1834 1446 sunt
1902 1394 1954 1446 in
2006 1404 2355 1463 coriSpectum

794 1485 1158 1555 proconsulis.
1214 1485 1307 1537 llle
1343 1493 1526 1537 autem
1564 1498 1658 1538 eos
1686 1484 1841 1552 prius
1872 1484 2139 1538 inducens
2169 1485 2357 1540 admo-

786 1576 1023 1641 nitione,
1044 1576 1341 1629 conabatur
1362 1575 1636 1629 abducere
1667 1591 1696 1629 a
1733 1576 1958 1646 pietate,
1992 1576 2150 1631 bonis
2200 1585 2357 1630 terra:

789 1667 978 1721 volens
1009 1683 1102 1720 eos
1130 1666 1462 1727 demulcere,
1498 1666 1588 1734 qui
1625 1666 1915 1735 cupiebant
1962 1667 2226 1729 coelestia,
2275 1667 2359 1721 di-

789 1756 943 1811 cebat
976 1756 1120 1808 enim
1161 1773 1174 1808 :
1208 1754 1524 1808 Sacriﬁcate
1560 1769 1755 1823 magno
1781 1755 1893 1807 deo
1924 1753 2105 1815 Marti,
2152 1762 2211 1805 ut
2239 1753 2357 1821 ejus

786 1846 1193 1911 benevolentia,
1238 1856 1291 1900 et
1325 1846 1394 1899 ab
1442 1845 1865 1916 imperatoribus
1892 1845 2067 1898 danda
2098 1845 2353 1897 felicitate

781 1956 883 1995 vos
926 1941 1123 2010 dignos
1184 1938 1449 2000 elliciatis,
1510 1947 1565 1992 et
1641 1937 1875 2006 plurima
1950 1935 2355 2005 consequamini

786 2048 1010 2086 munera
1034 2042 1089 2086 et
1115 2032 1379 2084 honores.
1412 2029 1515 2085 Cui
1543 2028 1759 2084 divinus
1819 2029 1905 2083 ille
1956 2028 2177 2093 chorus,
2235 2036 2357 2081 tan~

782 2137 946 2193 quam
988 2138 1094 2175 uno
1148 2121 1328 2173 animo
1356 2130 1411 2175 et
1463 2136 1570 2174 uno
1619 2134 1759 2174 ore:
1823 2120 1956 2183 Nos,
1992 2120 2270 2184 dixerunt,
2321 2134 2355 2174 ο

784 2214 1098 2286 proconsul,
1139 2212 1307 2268 Deum
1364 2227 1559 2267 verum
1600 2212 1778 2269 colere
1835 2209 2143 2279 didicimus,
2201 2212 2356 2283 cujus

782 2313 953 2368 verbo
993 2328 1058 2367 ex
1095 2311 1162 2365 iis
1206 2327 1326 2380 qua:
1358 2326 1465 2364 non
1503 2320 1658 2365 erant
1712 2310 2073 2365 constitutum
2118 2319 2202 2363 est
2236 2311 2358 2363 uni-

787 2416 1032 2467 versum,
1059 2402 1257 2455 caelum
1285 2410 1340 2453 et
1368 2411 1531 2463 terra,
1564 2409 1619 2452 et
1638 2400 1820 2452 omnia
1846 2416 1964 2468 quae
1997 2400 2202 2453 suntin
2238 2401 2352 2466 eis;

785 2510 964 2563 neque
991 2495 1157 2547 ullum
1180 2493 1351 2547 alium
1386 2490 1554 2545 Deum
1582 2492 1807 2555 scimus,
1848 2501 2042 2559 praeter
2067 2492 2233 2557 hunc,
2267 2506 2359 2546 ne-

784 2604 891 2657 que
943 2587 1172 2641 adorare
1232 2585 1421 2654 (absit,
1483 2583 1599 2638 Rex
1652 2582 1891 2653 Christe)
1944 2585 2351 2641 sustinebimus.

786 2680 902 2735 Tua
936 2688 1120 2733 autem
1146 2679 1287 2731 dona
1319 2685 1373 2729 et
1408 2677 1643 2729 honores
1679 2676 1812 2730 alios
1842 2677 2099 2739 alliciant,
2152 2691 2355 2747 eosque

787 2770 877 2839 qui
912 2777 1045 2831 sunt
1063 2765 1420 2837 pusillanitni,
1465 2775 1518 2819 et
1552 2780 1714 2835 parva
1764 2768 2183 2837 concupiscunt,
2220 2768 2355 2822 deli-

787 2863 958 2915 niant.
993 2860 1117 2914 Haec
1139 2860 1282 2913 enim
1308 2874 1339 2912 a
1386 2859 1543 2913 nobis
1597 2860 1750 2927 parvi
1788 2858 1942 2922 ﬁunt,
1975 2869 2028 2913 et
2070 2860 2157 2913 vix
2193 2860 2354 2914 ullam

786 2967 975 3008 eorum
1009 2953 1261 3005 ducimus
1287 2950 1578 3013 rationem,
1605 2965 1729 3003 cum
1761 2950 1936 3003 solum
1977 2965 2226 3005 amemus
2259 2954 2356 3007 ho-

785 3058 998 3107 norem,
1025 3041 1113 3111 qui
1151 3049 1233 3094 est
1268 3040 1321 3092 in
1357 3038 1530 3103 ccelis,
1562 3053 1722 3106 quem
1771 3041 1934 3094 vitam
1988 3024 2350 3098 immortalem

781 3143 839 3188 et
872 3147 1099 3203 regnum
1145 3130 1238 3183 Dei
1270 3144 1546 3185 vocamus.
1573 3128 1664 3185 Sic
1688 3129 1907 3199 quidem
1931 3132 2066 3184 dixit
2088 3133 2177 3185 ille
2226 3134 2341 3202 glo-
2379 3162 2419 3214 ε

788 3225 963 3279 riosus
994 3224 1289 3288 exercitus,
1348 3222 1443 3290 qui
1490 3220 1728 3274 habebat
1773 3222 1968 3275 ducem
2014 3222 2352 3277 benedictam

788 3313 1166 3384 Euphemiam.

854 3404 942 3460 Ill.
966 3404 1248 3476 Tyrannus
1271 3413 1450 3457 autem
1470 3417 1537 3457 ne
1557 3403 1633 3459 sic
1654 3401 1869 3473 quidem
1895 3402 2193 3469 desperans
2216 3403 2350 3467 fore,

790 3506 849 3552 ut
905 3498 986 3551 eis
1016 3496 1390 3567 persuaderet,
1440 3495 1535 3549 sed
1587 3494 1687 3548 sibi
1738 3496 1940 3547 bonam
1973 3494 2039 3546 de
2070 3494 2148 3545 eis
2203 3506 2352 3563 spem

785 3589 1035 3659 praebens
1105 3586 1496 3656 (admirabatur
1549 3586 1694 3637 enim
1749 3585 1869 3636 illos
1951 3584 2241 3654 aspiciens,
2299 3596 2354 3640 et

785 3681 979 3736 videns
1048 3678 1263 3731 illorum
1317 3675 1537 3729 liberale
1608 3674 1905 3744 ingenium,
1958 3684 2012 3728 et
2061 3691 2353 3746 generosos

783 3769 1031 3840 spiritus,
1067 3780 1243 3834 neque
1277 3764 1492 3819 volebat
1529 3772 1636 3817 tam
1672 3764 1959 3833 pulchrum
2005 3774 2061 3818 et
2095 3774 2349 3819 ornatum

783 3870 983 3915 emtum
1022 3872 1179 3928 poma
1210 3855 1394 3925 allici),
1437 3855 1565 3910 fecit
1598 3870 1785 3909 rursus
1820 3857 2121 3925 periculum
2150 3869 2350 3927 marty-

785 3967 903 4006 rum
955 3950 1292 4011 constantiae,
1328 3956 1381 4001 et
1438 3963 1536 4016 pro
1570 3948 1775 4001 viribus
1807 3947 2012 4000 studuit
2062 3963 2153 4001 eos
2188 3964 2216 4001 a
2254 3965 2348 4003 sua

786 4044 1069 4100 traducere
1095 4043 1366 4096 sententia
1390 4058 1403 4092 :
1430 4040 1563 4093 Cum
1602 4037 1836 4103 videam,
1865 4038 2077 4104 dicens,
2113 4040 2167 4095 in
2196 4042 2349 4097 vobis

782 4141 1010 4196 multam
1058 4138 1275 4194 elucere
1325 4136 1761 4205 intelligentiam,
1808 4135 1876 4187 de
1950 4145 2128 4188 vestra
2178 4148 2351 4189 muta-

782 4237 931 4289 tione
966 4235 1206 4287 nondum
1238 4245 1388 4302 Spem
1421 4229 1641 4296 abjicio,
1668 4225 1764 4279 sed
1797 4226 1909 4281 scio
1967 4226 2104 4292 fore,
2137 4238 2195 4283 ut
2217 4228 2347 4282 mihi

784 4325 1025 4379 credatis
1050 4322 1361 4377 consulenti
1390 4333 1475 4384 ea,
1503 4333 1623 4387 quae
1650 4328 1777 4372 sunt
1814 4319 1955 4372 bona
1972 4327 2027 4372 et
2072 4320 2246 4381 utilia,
2294 4329 2349 4375 et

782 4434 897 4475 non
930 4433 1029 4490 pro
1065 4417 1272 4471 honore
1299 4414 1512 4485 eligatis
1546 4413 1922 4484 ignominiam,
1983 4420 2039 4467 et
2071 4428 2169 4482 pro
2206 4413 2346 4466 deli.

780 4509 882 4563 ciis
929 4520 986 4560 et
1031 4507 1198 4575 gloria
1247 4505 1504 4566 dedecus,
1564 4514 1618 4557 et
1663 4504 1847 4556 videre
1893 4513 1999 4557 tam
2064 4505 2347 4573 pulchram

776 4599 1119 4668 iuventutem
1149 4603 1204 4650 et
1230 4589 1415 4648 ﬂorem
1445 4594 1711 4663 corporis,
1770 4609 1890 4662 qua:
1919 4603 2046 4647 sunt
2093 4596 2348 4649 omnibus

782 4685 1546 4756 hominibusjucundissima,
1576 4685 1830 4754 gravibus
1874 4684 2166 4736 tormentis
2208 4682 2346 4737 allici

781 4790 838 4835 et
870 4779 1088 4836 laniari.
1122 4777 1201 4829 Ad
1233 4776 1348 4829 hac
1379 4790 1568 4830 rursus
1613 4773 1779 4827 libere
1837 4772 2009 4825 sancti
2060 4788 2073 4823 :
2102 4770 2232 4836 Nos,
2268 4774 2349 4827 di-

785 4878 1002 4934 xerunt,
1035 4864 1403 4935 oproconsu-l,
1440 4863 1630 4917 eadem
1679 4878 1871 4916 rursus
1913 4851 2169 4929 dicimus,
2203 4864 2347 4932 quod

781 4962 1077 5017 maximum
1123 4956 1496 5013 existimamus
1534 4956 1789 5017 dedecus,
1846 4954 1889 5007 si
1947 4970 2070 5009 cum
2110 4967 2345 5009 mentem

782 5064 834 5108 et
893 5049 1305 5119 intelligentiam
1338 5062 1367 5099 a
1425 5046 1535 5102 Deo
1563 5044 1958 5113 acceperimus,
2004 5045 2134 5097 deos
2171 5044 2348 5097 nomi-

779 5156 975 5195 nemus
1004 5153 1066 5193 ea
1100 5153 1219 5206 qua:
1252 5151 1358 5190 non
1385 5144 1513 5189 sunt
1538 5135 1716 5188 solum
1758 5145 1903 5187 muta
1938 5144 1990 5188 et
2019 5134 2205 5196 surda,
2253 5134 2347 5187 sed

781 5236 944 5290 etiam
972 5241 1153 5285 mente
1186 5238 1238 5282 et
1261 5244 1424 5284 sensu
1455 5242 1643 5283 vacua.
1676 5225 1806 5291 Qua
1832 5236 2019 5280 autem
2048 5228 2205 5279 nobis
2258 5227 2343 5279 in-

764 5330 923 5383 .Feres
954 5324 1247 5401 supplicia,
1280 5332 1487 5377 tantum
1552 5322 1724 5385 abest,
1760 5330 1818 5374 ut
1854 5335 1914 5373 ea
1969 5320 2347 5374 existimemus

784 5418 1069 5481 terribilia,
1117 5424 1176 5469 ut
1230 5422 1421 5468 contra
1463 5412 1631 5483 magis
1673 5409 1979 5476 timeamus,
2039 5426 2107 5463 ne
2152 5414 2194 5465 si
2240 5410 2348 5463 sint

784 5510 920 5563 levia
944 5518 999 5560 et
1024 5506 1326 5568 moderata,
1346 5517 1453 5558 non
1478 5506 1691 5572 possint
1719 5518 1840 5557 esse
1873 5504 2003 5556 satis
2034 5510 2345 5555 accuratum

784 5597 1149 5653 testimonium
1217 5598 1309 5648 Dei
1368 5600 1421 5648 in
1472 5612 1571 5649 nos
1627 5595 1844 5648 virtutis
1927 5604 1979 5648 et
2072 5596 2346 5662 potentiae.

788 5689 896 5739 Sed
946 5703 1015 5739 ne
1053 5687 1330 5754 prolixiori
1383 5686 1554 5738 utaris
1620 5686 1888 5748 oratione,
1952 5686 2033 5739 fac
2094 5687 2214 5753 ejus
2271 5688 2346 5737 rei

792 5773 1089 5840 periculurn
1153 5785 1257 5827 :ct
1310 5784 1437 5828 tunc
1499 5773 1639 5826 scies
1708 5782 1916 5841 aperto,
1978 5788 2079 5825 nos
2134 5773 2347 5825 facilius

2458 572 2572 624 ἀλλ’
2603 572 2675 636 ὡς
2712 575 2949 638 μάλιστα
2979 576 3494 646 περιεργασάμενος
3530 581 3622 631 καὶ
3649 579 3863 648 μαθὼν,
3894 581 4040 649 δῆλα

2459 663 2632 717 ταῦτα
2680 666 2757 734 τῷ
2789 667 3084 737 ἀνθυπάτῳ
3137 671 3302 731 ποιεῖ,
3356 670 3450 720 καὶ
3499 671 3841 740 παραχρῆμα
3882 689 4039 723 συνε-

2458 754 2793 825 λαμϐάνοντο
2820 758 2953 811 ἄλλα
2986 777 3044 811 τε
3082 760 3255 813 πολλά
3278 759 3387 812 τῶν
3427 761 3772 829 Χριστιανῶν
3824 761 4038 831 πλήθη.

2460 849 2555 901 καὶ
2575 850 2736 913 αὐτὸς
2763 853 2789 903 6
2820 850 2961 913 θεῖος
2991 846 3142 913 οὗτος
3172 852 3352 920 χορὸς,
3407 852 3464 914 ὃς
3493 852 3741 905 ἐπλούτει
3773 855 3874 923 τὴν
3905 856 4040 906 κα).-

2458 940 2787 1008 λιπὰρθενον
2844 942 3159 1010 Εὐφημίαν,
3195 943 3228 1011 ἥ
3278 942 3464 994 κάλλει
3518 960 3573 995 τε
3628 943 3883 1011 σώματος
3940 947 4039 996 καὶ

2458 1032 2660 1105 ἀρετῆς
2688 1032 2830 1103 ὥρᾳ,
2871 1033 3023 1086 ἄνθει
3075 1051 3134 1084 τε
3193 1034 3408 1103 ἡλικίας
3443 1038 3535 1086 καὶ
3572 1036 3763 1101 γένους
3804 1053 4041 1103 περιφα·

2457 1126 2598 1195 νείᾳ,
2653 1126 2819 1195 μέσον
2865 1125 3044 1179 αὐτῶν
3102 1126 3238 1177 κατᾶ
3288 1128 3413 1187 τοὺς
3456 1126 3743 1196 λαμπροὺς
3794 1128 4039 1196 ἀστέρας

2459 1214 2753 1283 λάμπουσα
2788 1211 2878 1284 ἧν.
2916 1217 3009 1287 EE;
3038 1217 3193 1267 ἐννέα
3248 1216 3346 1285 μὲν
3369 1215 3459 1268 οὐν
3484 1219 3574 1267 καὶ
3603 1220 4035 1287 τεσσαράκοντα

2458 1308 2687 1378 τδίερὸν
2739 1309 2915 1361 ἐκεῖνο
2972 1284 3291 1360 συνείλεκτο
3345 1308 3639 1378 ἄθροισμα,
3695 1310 3746 1360 οἳ
3780 1310 3878 1361 καὶ
3911 1310 4041 1361 κατ’

2457 1400 2579 1469 ὄψιν
2617 1402 2741 1451 ἐπεὶ⁸
2774 1399 3190 1469 συνελήφθησαν
3217 1400 3293 1468 τῷ
3319 1400 3615 1469 ἀνθυπάτῳ
3652 1401 4034 1470 παρέστησαν·

2456 1497 2484 1547 6
2513 1494 2569 1545 δὲ
2596 1492 2921 1561 παραινέσει
2956 1494 3219 1564 πρότερον
3250 1493 3487 1559 ἀπάγειν
3529 1492 3730 1554 αὐτοὺς
3767 1495 4041 1561 ἐπειρᾶτο

2459 1586 2561 1651 τῆς
2594 1585 2897 1649 εὐσεϐείας,
2942 1586 3054 1646 τοῖς
3093 1583 3316 1652 ἀγαθοῖς
3347 1589 3445 1654 τῆς
3478 1585 3581 1653 γῆς
3636 1586 3853 1652 θέλγειν
3911 1583 4040 1653 βουο

2459 1678 2703 1747 λόμενος,
2758 1677 2884 1739 τοὺς
2930 1676 3041 1729 τῶν
3077 1716 3092 1732 .
3129 1716 3143 1730 .
3182 1715 3197 1730 .
3237 1715 3250 1729 .
3300 1718 3312 1730 .
3355 1715 3369 1729 .
3404 1677 3756 1744 εφισμένους,
3785 1676 4034 1737 Θύσατε,

2460 1770 2657 1836 λέγων,
2709 1768 2788 1839 τῷ
2846 1768 3065 1837 μεγάλῳ
3127 1766 3235 1835 θεῷ
3285 1769 3443 1837 "Aps:
3472 1766 3547 1829 ὡς
3574 1766 3640 1819 ἂν
3670 1768 3768 1834 τῆς
3804 1784 3863 1818 τε
3905 1767 4039 1835 παρ’

2459 1862 2626 1916 αὐτοῦ
2681 1862 2968 1931 εὐμενείας
3018 1861 3114 1913 καὶ
3140 1861 3240 1930 τῆς
3284 1860 3350 1912 ὲκ
3387 1858 3654 1929 βασιλέων
3678 1859 4040 1926 εὐδαιμονίας

2457 1956 2639 2021 ἀξίους
2669 1956 2895 2016 ἑαυτοὺς
2928 1955 3332 2023 καταστήσητε,
3360 1953 3455 2005 καὶ
3493 1949 3711 2020 δωρεῶν
3759 1950 4041 2000 πλείστων

2456 2043 2805 2115 ἀπολαύσητε
2880 2044 2976 2095 καὶ
3028 2041 3227 2111 τιμῶν⁶
3284 2042 3418 2110 πρὸς
3460 2040 3519 2093 ὃν
3560 2043 3587 2092 ὁ
3631 2040 3769 2103 θεῖος
3824 2042 4041 2099 ἐκεῖνος

2457 2137 2638 2206 χορὸς,
2665 2134 2854 2205 ὥσπερ
2877 2137 2939 2185 ἐκ
2958 2134 3083 2203 μιᾶς
3105 2132 3198 2184 καὶ
3212 2132 3389 2201 ψυχῆς
3410 2133 3500 2183 καὶ
3517 2130 3784 2199 γλώττης,
3814 2131 4037 2200 Ἡμεῖς,

2456 2225 2757 2287 ἀνθύπατε,
2784 2221 2961 2289 εἷπον,
2982 2222 3267 2295 λατρεύειν
3289 2220 3479 2291 ἀληθεί
3496 2219 3613 2289 Θεῴ
3643 2220 4038 2289 δεδιδάγμεθα,

2457 2313 2519 2370 οὐ
2556 2319 2762 2388 ῥήματι
2796 2318 2857 2368 ὲκ
2892 2316 2966 2385 μὴ
2992 2316 3160 2368 ὄντων
3202 2316 3410 2383 ὑπέστη
3441 2314 3501 2365 τὸ
3529 2314 3638 2365 πᾶν
3668 2352 3683 2367 .

2457 2410 2553 2461 καὶ
2581 2412 2649 2477 γῆ
2678 2408 2770 2460 καὶ
2800 2408 2869 2459 τὰ
2898 2410 2954 2460 ὲν
2986 2407 3168 2468 αὐτοῖς
3201 2407 3438 2471 ἅπαντα,
3465 2404 3589 2458 οὔτε
3633 2406 3687 2459 δὲ
3720 2406 3842 2458 θεὸν
3873 2406 4043 2458 ἄλλον

2459 2499 2611 2569 παρὰ
2642 2499 2829 2553 τοῦτον
2864 2498 3018 2569 ἴσμεν
3044 2498 3168 2551 οὔτε
3198 2500 3543 2568 προσκυνεῖν,
3571 2498 3647 2568 μὴ
3662 2499 3871 2564 γένοιτό
3900 2514 4039 2548 ποτε

2457 2610 2509 2662 χ.
2544 2631 2557 2646 .
2588 2632 2601 2645 .
2635 2631 2649 2645 .
2682 2628 2697 2645 .
2748 2590 2995 2661 βασιλεῦ,
3028 2589 3354 2657 ἀνεξόμεθα,
3409 2589 3476 2638 τὰ
3508 2590 3563 2640 δὲ
3620 2589 3686 2639 σὰ
3736 2588 3883 2655 δῶρα
3943 2590 4043 2638 καὶ

2456 2685 2509 2735 αἱ
2568 2685 2726 2752 τιμαὶ
2778 2680 2953 2735 ἄλλων
3026 2680 3270 2730 ἔστωσαν
3322 2675 3625 2747 Θεραπεῖαι,
3684 2676 3915 2747 μικρούς
3978 2694 4040 2728 τε

2457 2775 2552 2826 καὶ
2613 2772 2824 2843 μικρῶν
2864 2771 3209 2840 ἐπιθυμητὰς
3269 2769 3633 2837 θελγέτωσαν.
3705 2769 3869 2838 Ἡμῖν
3925 2771 4041 2839 γὰρ

2458 2864 2661 2935 φαύλου
2694 2866 2853 2934 λόγου
2888 2865 2980 2917 καὶ
3021 2862 3117 2915 τοῦ
3163 2861 3419 2931 τυχόντος
3477 2860 3604 2927 ἄξια
3648 2860 3844 2928 ταῦτα,
3900 2866 4039 2932 μιᾶς

2459 2958 2629 3029 μόνης
2660 2958 2830 3029 ἐρῶσι
2864 2958 3030 3027 τιμῆς
3061 2955 3164 3025 τῆς
3200 2958 3255 3008 ἐν
3381 2995 3394 3010 .
3548 2993 3562 3010 .
3711 2994 3727 3009 .
3872 2958 3941 3026 ἢν
3974 2955 4042 3023 δὴ

2457 3054 2548 3103 καὶ
2578 3052 2851 3103 ἀθάνατον
2910 3051 3055 3122 ζωὴν
3105 3054 3199 3105 καὶ
3252 3053 3532 3125 βασιλείαν
3559 3050 3697 3104 Θεοῦ
3732 3050 3921 3103 καλεῖν
3955 3050 4035 3098 οἵ·

2459 3137 2646 3206 δαμεν.
2669 3138 2826 3191 Οὐτω
2858 3138 2958 3209 μὲν
2991 3137 3083 3195 οὖν
3105 3145 3131 3195 6
3156 3143 3460 3206 καλλίνικος
3495 3146 3702 3203 ἐκεῖνος
3731 3142 3836 3209 ἔφη
3865 3154 4038 3204 arpl-

2455 3229 2566 3296 τὸς,
2613 3232 2679 3300 τῆ
2728 3234 3072 3304 πανευφήμῳ
3124 3234 3597 3304 στρατηγούμενος
3632 3232 3923 3298 Εὐφημία.

2528 3378 2602 3432 Γ’.
2661 3381 2720 3432 '0
2750 3381 3012 3451 τύραννος
3062 3384 3120 3435 δὲ
3171 3383 3233 3435 τὸ
3284 3383 3636 3452 μεταπείσειν
3679 3382 3877 3443 αὐτοὺς
3921 3383 4035 3434 οὐδ’

2456 3468 2626 3531 οὕτως
2650 3471 3020 3541 ἀπαγορεύσει
3042 3488 3053 3502 ·
3083 3473 3220 3526 ἀλλὰ
3241 3476 3334 3527 καὶ
3357 3475 3436 3528 ἐτι
3462 3479 3700 3546 χρηστὰς
3728 3475 4037 3527 ὑποτείνων

2455 3560 2637 3629 ἑαυτῷ
2669 3563 2763 3623 τὰς
2793 3563 3016 3627 ἐλπίδας
3076 3565 3375 3636 (ἐθαύμασε
3399 3569 3507 3638 γὰρ
3534 3569 3777 3628 ἐκείνους
3810 3567 4037 3636 βλέπων

2455 3652 2739 3718 ἐλεύθερόν
2773 3670 2831 3703 τε
2870 3656 3009 3723 ὀρῶν
3037 3658 3311 3724 φρόνημα,
3341 3659 3433 3709 καὶ
3452 3659 3634 3727 ψυχῆς
3682 3662 4036 3727 παράστημα.

2455 3742 2694 3807 εὐγενὲς,
2755 3743 2849 3796 καὶ
2904 3746 3004 3795 οὐκ
3058 3745 3320 3813 ἠϐούλετο
3370 3746 3720 3815 ζημιωθῆναι
3760 3748 4030 3814 σύστημα

2452 3832 2595 3886 οὕτω
2627 3834 2854 3903 κόσμιον
2889 3836 2983 3887 καὶ
3017 3834 3224 3904 καλὸν),
3256 3837 3595 3906 ἀπεπειρᾶτο
3624 3840 3717 3889 καὶ
3740 3832 3901 3899 αὖθις
3930 3840 4035 3907 τῆς

2459 3929 2824 3998 στερρότητος
2852 3928 2958 3981 τῶν
2997 3928 3320 3999 μαρτύρων,
3362 3930 3453 3982 καὶ
3495 3930 3571 3992 ὡς
3607 3925 3720 3982 οἷόν
3751 3948 3811 3983 τε
3854 3948 4037 3999 μετα-

2453 4021 2664 4070 πείθειν
2690 4021 2885 4082 αὐτοὺς
2907 4021 3185 4086 ἔσπευδεν,
3230 4022 3403 4092 Ὀρῶν
3434 4022 3582 4091 ὑμῖν,
3604 4021 3799 4089 λέγων,
3822 4026 4037 4095 πολλὴν

2458 4110 2590 4176 ὅσην
2616 4112 3020 4179 ἐμφαινομένην
3046 4114 3143 4180 τὴν
3173 4112 3413 4177 σύνεσιν,
3448 4117 3546 4166 οὐκ
3591 4116 3915 4168 ἀνέλπιστον
3950 4122 4038 4170 ἐτι

2456 4200 2552 4252 καὶ
2578 4202 2677 4267 τήν
2719 4200 3025 4270 μεταϐολὴν
3050 4201 3329 4270 ποιοῦμαι,
3366 4203 3479 4255 ἀλλ’
3522 4202 3620 4255 οἷδ’
3646 4207 3727 4256 ὅτι
3771 4210 3863 4257 καὶ
3912 4227 4037 4261 πει-

2456 4291 2722 4363 σθήσεσθέ
2755 4310 2847 4363 μοι
2877 4293 2946 4345 τὰ
2970 4295 3183 4364 χρηστά
3239 4294 3679 4362 συμϐουλεύοντι,
3713 4298 3805 4349 καὶ
3832 4300 3940 4351 οὐκ
3969 4302 4039 4353 ἂν

2454 4386 2664 4438 ἕλοισθε
2705 4388 2930 4457 ἀτιμίαν
2978 4389 3103 4441 ἀντὶ
3150 4388 3339 4457 τιμῆς,
3373 4390 3466 4441 καὶ
3516 4390 3637 4442 ἀντὶ
3680 4394 3887 4461 τρυφῆς
3934 4396 4040 4447 καὶ

2379 4486 2423 4541 Ῑ)
2455 4476 2613 4546 δόξης
2636 4478 2919 4547 αἰσχύνην,
2944 4481 3035 4530 καὶ
3055 4478 3116 4530 τὸ
3147 4480 3273 4533 [δεῖν
3311 4482 3539 4551 νεότητα
3562 4482 3703 4534 οὕτω
3732 4486 3901 4551 καλὴν
3939 4492 4039 4539 καὶ

2454 4570 2613 4634 ἄνθος
2644 4573 2894 4641 σώματος
2916 4574 2983 4625 τὰ
3008 4575 3173 4626 πᾶσιν
3194 4571 3502 4645 ἀνθρώποις
3531 4580 3718 4647 ἥδιστα
3757 4580 3884 4649 χαλε
3898 4585 4039 4642 παῖς

2455 4663 2706 4731 βασάνοις
2722 4664 3051 4732 ὑϐριζόμενα
3064 4682 3119 4716 τε
3138 4667 3230 4717 καὶ
3251 4668 3835 4737 σπαραττόμεναἨρὸς
3852 4674 4041 4725 ταῦτα

2452 4754 2612 4807 πάλιν
2631 4756 3094 4826 εὐπαρρησίαστοι
3113 4758 3159 4807 οί
3178 4756 3343 4823 ἆγιοι,
3362 4757 3572 4825 Ἡμεῖς,
3596 4755 3764 4824 εἷπον,
3781 4762 3876 4810 ἀνθ
3890 4763 3923 4812 ύ
3937 4783 4041 4814 πα-

2449 4862 2530 4909 τε,
2556 4849 2650 4900 καὶ
2676 4848 2938 4917 πρότερον
2965 4847 3231 4913 εἰπόντες,
3259 4849 3350 4899 καὶ
3377 4847 3468 4900 νῦν
3493 4850 3597 4900 τῶν
3625 4850 3752 4901 ἴσων
3782 4853 4039 4921 ἐχόμεθα

2453 4941 2645 5004 λόγων,
2684 4938 2764 4990 ὅτι
2820 4938 3081 5007 αἰσχύνην
3153 4937 3433 5009 ἡγούμεθα
3478 4945 3570 4993 καὶ
3632 4943 3925 5011 μεγίστην,
3991 4954 4038 4997 εί

2453 5030 2576 5082 νοῦν
2609 5032 2703 5082 καὶ
2736 5029 2940 5098 φρένας
2981 5029 3233 5094 λαϐόντες
3269 5036 3420 5100 παρὰ
3474 5032 3607 5083 θεοῦ
3640 5034 3789 5093 Θεοῠς
3822 5037 4039 5102 ονομα.

2453 5121 2644 5191 ζοιμεν
2695 5123 2763 5173 τὰ
2808 5121 2881 5189 μὴ
2934 5123 3127 5185 ἁπλῶς
3160 5123 3351 5190 ἀξωνα
3397 5126 3492 5174 καὶ
3543 5142 3723 5190 κωφα,
3754 5124 3890 5175 ἀλλὰ
3936 5132 4040 5179 καὶ

2420 5214 2663 5283 ,φρενῶν
2695 5214 2879 5283 ἔρημα
2914 5217 3005 5266 καὶ
3034 5214 3361 5283 αἰσθήσεως.
3387 5216 3482 5278 Ἃς
3512 5215 3568 5267 δὲ
3593 5219 3722 5283 ἡμῖν
3750 5219 4037 5283 ἐπισείεις

2450 5304 2739 5372 βασάνους,
2770 5306 3024 5358 τοσούτου
3060 5306 3253 5375 δέομεν
3285 5307 3525 5376 φοϐερὰς
3572 5310 3841 5377 ἡγεῖσθαι,
3876 5310 4037 5362 ὥστε

2451 5397 2760 5450 τούναντίον
2830 5398 2925 5449 καὶ
2986 5397 3300 5469 φοϐούμεθα
3345 5401 3568 5467 μᾶλλον,
3632 5403 3728 5470 μὴ,
3794 5400 4035 5470 κούφως

2450 5489 2676 5557 ἔχουσαι
2735 5492 2828 5541 καὶ
2881 5490 3141 5559 μετρίως,
3201 5493 3261 5543 οὐ
3329 5491 3651 5561 δυνήσονται
3717 5494 4040 5563 μαρτύριον

2452 5580 2675 5651 ἀκριϐὲς
2701 5578 2839 5633 εἶναι
2865 5583 2961 5649 τῆς
2986 5583 3079 5635 τοῦ
3112 5583 3249 5633 Θεοῦ
3285 5586 3413 5651 περὶ
3451 5585 3598 5652 ἡμᾶς
3630 5586 3808 5652 ἰσχύος
3831 5600 3895 5636 τε
3936 5592 4036 5640 καὶ

2450 5677 2756 5745 δυνάμεως.
2789 5678 2859 5727 Ἦ
2894 5675 3028 5727 ἅλλά
3077 5676 3153 5745 μὴ
3185 5676 3341 5729 πλέον
3371 5679 3420 5728 οἱ
3452 5677 3622 5741 λόγοι,
3650 5681 3715 5746 τῇ
3768 5679 3944 5751 πείρᾳ
3979 5683 4036 5732 δὲ

2456 5770 2579 5828 τοὺς
2622 5769 2874 5835 ἐλέγχους
2909 5767 3224 5834 ἐπίτρεψον,
3259 5766 3351 5818 καὶ
3390 5767 3510 5817 τότε
3546 5769 3671 5836 εἴσῃ
3705 5768 3897 5835 σαφῶς
3950 5772 4036 5821 ὅτι
