4198 6438
187 438 295 506 717

1290 405 1759 489 MARTYRtUM
1804 419 1864 481 s.
1908 419 2353 484 EUPHEML’E.

3351 429 3458 494 713

195 557 329 625 ῥᾷον
368 553 527 622 ἡμεῖς
558 551 780 621 οῐσομεν
826 549 857 620 ἢ
895 548 1114 613 ἐπάξεις
1149 546 1307 608 αὐτὸς
1353 546 1449 607 τὰς
1492 542 1767 599 κολάσεις.

1878 539 2080 595 laturos
2131 555 2253 595 esse
2324 543 2620 610 cruciatus,
2685 560 2842 617 quam
2897 556 2952 603 tu
3006 549 3080 604 sis
3148 551 3450 606 intentatu-

261 733 333 786 Δ’.
384 732 643 784 Ἀνάπτει
665 731 755 783 τὸν
787 732 1053 799 τύραννον
1085 731 1160 790 εἰς
1198 727 1370 797 ὀργὴν
1409 727 1438 778 6
1467 727 1645 793 λόγος,
1679 727 1775 780 καὶ

190 825 355 885 εὐθὺς
392 824 616 893 βάσανοι
650 825 772 884 τοὺς
818 823 1102 891 μάρτυρας
1137 816 1308 889 εἶχον.
1344 821 1408 871 Αἱ
1449 819 1674 888 βάσανοι
1716 819 1773 870 δὲ

189 919 251 967 οὐ
290 917 486 985 μικραὶ
512 915 633 967 οὐδὲ
665 917 754 968 ἐπὶ
803 915 997 982 μικρὸν
1030 916 1338 984 ὰρκέσασαι
1393 914 1605 981 χρόνον,
1654 910 1773 963 ἀλλ’

188 1009 283 1059 ἐπί
357 1009 529 1059 εἴκοσι

191 1100 372 1152 Ἰσασι
429 1100 484 1152 δὲ
519 1101 734 1161 πάντως
791 1100 906 1151 ὅσοι
947 1102 1143 1169 πεῖραν
1171 1101 1277 1151 τῶν
1330 1098 1592 1165 ἀλγεινῶν
1621 1097 1774 1164 ἔχου-

189 1209 276 1244 σιν
302 1233 315 1255 ,

196 1285 407 1354 ἕτεραι,
455 1284 618 1350 μήπω
678 1287 775 1352 τῆς
829 1286 1098 1351 προτέρας
1134 1281 1610 1349 ὑπομαρανθείσης
1654 1280 1772 1332 ὀδύ-

187 1393 306 1442 νης,
375 1374 509 1426 ἀλλά
562 1374 622 1425 τὸ
679 1374 906 1442 σφοδρὸν
948 1375 1025 1425 ἐτι
1075 1374 1169 1424 καὶ
1229 1372 1478 1441 ἀκμάζον
1519 1372 1769 1439 ἐχούσης,

186 1468 468 1536 ἀφόρητον
516 1466 634 1517 οἵαν
666 1470 758 1519 καὶ
803 1466 984 1535 δεινὴν
1031 1465 1130 1533 τὴν
1202 1465 1454 1534 αἴσθησιν
1499 1467 1611 1525 τοῖς
1662 1465 1766 1515 πά-

184 1576 411 1628 σχουσιν
439 1557 783 1627 ἐμποιοῦσιν.
813 1557 885 1609 T6
907 1559 1003 1626 μὲν
1029 1554 1122 1609 οὖν
1151 1558 1299 1627 βῆμα
1329 1556 1619 1625 ξεομένους
1642 1557 1767 1618 τοὺς

186 1651 480 1717 μάρτυρας
515 1646 798 1715 έθεάτριζε
832 1645 956 1698 καθ’
998 1647 1236 1715 ἡμέραν,
1275 1643 1392 1696 εἶτα
1425 1647 1517 1696 καὶ
1552 1643 1769 1714 είρκταὶ

180 1737 382 1787 τούτου
447 1735 583 1803 μετὰ
609 1736 704 1796 τὰς
741 1735 953 1802 πληγὰς
985 1734 1310 1801 διεδέχοντο,
1355 1736 1601 1797 κάκωσις
1636 1733 1768 1803 άλλη

184 1827 279 1877 ἐπὶ
329 1826 571 1876 κακώσει
631 1826 726 1873 καὶ
783 1824 1073 1892 προσθήκη
1111 1823 1218 1874 τῶν
1271 1823 1548 1892 λυπηρῶν.
1609 1826 1672 1874 Οἱ
1712 1825 1767 1875 δὲ

607 1009 736 1074 μιᾶς
791 1005 1017 1074 δεούσης
1076 1007 1289 1076 ἡμέρας
1345 1005 1770 1072 παραταθεῖσαι.

388 1193 469 1243 ὅτι
535 1191 768 1260 πληγαῖς
829 1191 1078 1261 σώματος
1136 1191 1512 1258 ἐπιγινόμεναι
1610 1189 1771 1240 πάλιν

184 1915 447 1967 τοσοῦτον
509 1916 737 1982 ἀπεῖχον
795 1915 888 1965 τοῦ
952 1915 1131 1984 λύπην
1202 1915 1344 1967 αὐτὰ
1405 1918 1499 1966 καὶ
1570 1916 1766 1985 ὀδύνην

183 2006 522 2075 λογίζεσθαι,
575 2006 715 2058 ὥστε
785 2009 878 2059 καὶ
932 2008 1092 2077 διπλῇ
1167 2009 1399 2079 χαίρειν,
1447 2007 1524 2075 τῷ
1577 2025 1636 2060 τε
1686 2010 1768 2061 διὰ

183 2100 427 2168 Χριστὸν
484 2101 842 2165 κολάζεσθαι,
900 2103 994 2154 καὶ
1051 2103 1124 2172 τῷ
1184 2107 1250 2173 τῇ
1299 2103 1584 2172 προσθήκῃ

185 2193 452 2262 λυπηρῶν
506 2194 827 2264 προσθήκην
888 2197 1074 2256 αὐτοῖς
1121 2194 1188 2247 τά
1228 2196 1286 2246 ἐν
1329 2195 1544 2247 ἐλπίσιν
1592 2196 1771 2260 ἀγαθὰ

1665 2105 1739 2154 τῶ
1747 2122 1772 2153 ν

186 2286 468 2355 δέχεσθαι.
505 2286 616 2351 Τῆς
664 2287 919 2352 εἰκοστῆς
967 2287 1021 2338 δὲ
1054 2288 1154 2356 ἤδη
1188 2289 1496 2356 ἐπιστάσης
1537 2289 1770 2358 ἡμέρας,

185 2379 525 2447 μετάκλητοι
582 2375 744 2427 πάλιν
797 2378 845 2427 οῖ
903 2382 1139 2444 γενναῖοι
1211 2379 1288 2448 τῷ
1338 2384 1586 2450 τυράννῳ
1642 2384 1774 2433 καθ-

190 2474 459 2526 ίστανται.
500 2474 609 2525 Καὶ
639 2475 673 2541 ἡ
723 2470 1033 2533 καλλίνικος
1073 2470 1128 2522 δὲ
1164 2473 1461 2540 συμπαρῆν
1491 2474 1771 2542 Εὑφημέα,

191 2561 309 2617 οἷον
367 2567 618 2635 ἀστέρων
678 2564 1073 2634 διαφαινόντων
1122 2562 1321 2631 σελήνη
1379 2564 1543 2630 μέσον
1594 2567 1772 2615 αὐτῶν

187 2657 479 2720 εὔκυκλος,
520 2657 684 2710 καλὸν
731 2657 854 2709 λίαν
889 2657 982 2707 καὶ
1028 2653 1124 2724 ἡδὺ
1161 2655 1479 2723 λάμπουσα.
1523 2654 1586 2704 ΤΞ
1619 2651 1710 2706 οὖν
1746 2658 1772 2704 ὁ

185 2751 456 2820 τύραννος
475 2750 611 2820 πρὸς
634 2749 858 2812 αύτούς;
880 2748 970 2810 Εἰς
992 2750 1209 2816 πεῖραν,
1238 2748 1363 2816 ἔφη,
1400 2748 1771 2808 καταστάντες

187 2839 266 2895 ὧν
310 2845 569 2895 οὐδέποτε
606 2841 670 2893 ἂν
705 2841 1038 2910 πειραθῆναι
1075 2839 1319 2910 ᾡήθητε,
1355 2841 1402 2890 εἰ
1438 2840 1772 2908 μεταϐεϐου-

186 2935 381 2987 λευταί
435 2949 486 2983 τι
544 2932 813 2998 σωτήριον
867 2935 960 2982 καὶ
1026 2930 1306 2989 λυσιτελὲς
1369 2930 1519 2998 ὑμῖν,
1561 2931 1770 2982 εἴπατε.

189 3017 412 3077 Βέλτιον
446 3022 552 3091 γὰρ
588 3021 954 3082 ἀπολιπόντας
995 3023 1093 3089 την
1138 3022 1374 3088 ματαίαν
1443 3023 1646 3089 ταύτην
1675 3023 1771 3090 τῆς

187 3117 350 3187 δόξης
403 3116 777 3183 καινοτομίαν,
831 3115 925 3166 καὶ
975 3113 1033 3164 τὸ
1085 3117 1281 3181 μόνους
1331 3119 1422 3166 ἐπὶ
1471 3117 1626 3183 κακῴ
1677 3118 1773 3185 τῆς

190 3211 332 3272 ἰδίας
368 3209 515 3277 ζωῆς
547 3211 949 3278 ἀντιφέρεσθαι,
992 3207 1017 3258 6
1055 3210 1252 3268 πάντες
1305 3208 1474 3274 δρῶσι
1504 3212 1595 3259 καὶ
1628 3210 1770 3276 ὑμᾶς
1800 3231 1843 3290 c

186 3301 396 3373 ὁμοίως
447 3304 617 3353 ποιεῖν
667 3303 761 3352 καὶ
810 3298 1212 3368 προσελθόντας
1259 3296 1429 3350 θύειν.
1483 3298 1538 3348 ’0
1570 3299 1624 3348 62-:
1676 3301 1769 3350 τοῦ

187 3396 431 3465 Χριστοῦ
452 3398 696 3463 γενναῖος
717 3396 945 3467 στρατὸς
969 3397 1086 3466 ἆμα
1110 3399 1174 3465 τῇ
1196 3397 1566 3466 πανευφήμῳ,
1592 3395 1771 3466 Μέχρι

185 3488 358 3552 τίνος,
396 3483 571 3553 εἷπον,
602 3482 644 3540 ὦ
668 3489 922 3561 δικαστά,
944 3489 1170 3540 σεαυτὸν
1207 3490 1448 3558 άπατᾷς,
1481 3491 1772 3560 ἐπιχειρῶν

187 3581 522 3650 πράγμασιν
560 3581 842 3641 ἀδυνάτοις
879 3598 891 3643 ;
943 3583 1015 3631 Τὸ
1044 3583 1151 3649 γὰρ
1196 3583 1344 3648 ἡμᾶς
1383 3582 1563 3631 δοκεῖν
1611 3598 1774 3648 μετα-

188 3671 428 3734 πείσειν,
462 3671 644 3738 ὅμοιόν
676 3674 792 3723 ἐστι
832 3671 907 3738 τῷ
953 3672 1080 3732 τοὺς
1141 3673 1376 3740 ἀστέρας
1423 3670 1634 3723 οῖεσθαι
1673 3675 1772 3741 τῆς

186 3763 402 3824 οἰκείας
457 3761 775 3831 μεταθεῖναι
825 3765 1066 3826 στάσεως
1119 3764 1151 3832 ἢ
1209 3764 1461 3832 πορείας,
1520 3764 1552 3833 ἦ
1601 3764 1659 3816 ἓν
1718 3781 1773 3816 τι

192 3859 539 3928 μεταστῆσαι
563 3859 668 3908 τῶν
696 3859 989 3927 ἀκινήτων.
1024 3859 1186 3908 Ὥστε
1216 3858 1424 3926 βέλτιον
1451 3853 1516 3927 ἦν
1546 3860 1772 3909 σεαυτὸν

197 3949 408 4018 μᾶλλον
441 3951 536 4018 τῆς
573 3949 777 4016 πλάνης
800 3949 1150 4017 μεταϐαλεῖν,
1187 3952 1278 4002 καὶ
1304 3950 1393 4001 τὸν
1429 3947 1606 4018 άληΘῆ
1641 3946 1773 4000 Θεὸν

189 4041 516 4108 ἐπιγνῶναι,
554 4043 841 4111 οἰκονόμον
887 4042 1106 4111 ἄριστον
1151 4043 1249 4111 τῆς
1301 4043 1433 4107 ἰδίας
1477 4043 1773 4112 γενόμενον

190 4136 491 4206 σωτηρίας.

268 4389 346 4444 Ε’.
375 4391 546 4460 Θυμῷ
575 4391 784 4443 πλείονι
809 4392 835 4442 6
872 4390 1112 4460 Πρίσκος
1153 4389 1536 4458 κατασχεθεὶς,
1574 4391 1772 4443 σκύτε-

193 4500 284 4535 σιν
307 4484 478 4553 ὠμοῖς
509 4483 718 4534 κελεύει
739 4485 804 4535 τὰ
830 4483 936 4532 τῶν
962 4485 1131 4548 ἁγίων
1149 4483 1449 4536 τύπτεσθαι
1476 4487 1770 4553 πρόσωπα,

1879 645 1994 684 HIS.

1949 723 2038 778 IV.
2078 727 2158 781 Ad
2205 727 2339 781 iram
2377 735 2663 799 tyrannum
2712 732 2969 786 accendit
3022 733 3137 790 haec
3172 737 3370 803 oratio,
3405 750 3459 794 et

1878 817 2063 869 statim
2099 819 2387 874 tormentis
2409 821 2643 889 subjecti
2664 821 2814 877 fuere
2846 835 3135 896 martyres.
3164 828 3459 883 Tormenta

1878 915 2058 960 autem
2116 909 2341 964 fuerunt
2390 927 2498 965 non
2562 929 2742 981 parva,
2798 931 2974 984 neque
3005 934 3172 986 parvo
3213 930 3458 990 tempore

1878 995 2172 1062 durarunt,
2213 1001 2308 1054 sed
2338 1002 2402 1053 ad
2432 1004 2807 1057 novemdecim
2836 1007 2952 1060 dies
2991 1008 3143 1062 fuere
3173 1010 3454 1078 producta.

1880 1084 2076 1142 Sciunt
2128 1100 2312 1144 autem
2360 1092 2611 1157 omnino,
2649 1095 2960 1165 quicunque
3002 1114 3183 1152 rerum
3234 1115 3459 1169 aspera-

1877 1193 1998 1231 rum
2049 1189 2105 1232 et
2153 1181 2392 1235 tristium
2443 1181 2651 1238 faciunt
2706 1187 3031 1254 periculum,
3086 1191 3230 1260 quod
3289 1193 3460 1262 plagis

1878 1274 2129 1341 corporis
2163 1289 2354 1328 rursus
2389 1277 2714 1332 accedentes
2755 1280 2891 1344 aliae,
2937 1297 3065 1336 cum
3120 1285 3271 1353 prior
3307 1285 3461 1339 dolor

1879 1364 2125 1418 nondum
2186 1369 2540 1434 emarcuerit,
2571 1370 2664 1424 sed
2688 1371 2759 1424 sit
2795 1372 2972 1428 adhuc
3009 1375 3064 1427 in
3101 1377 3214 1443 ipso
3249 1377 3456 1446 vigore,

1878 1455 1947 1509 iis
1984 1459 2077 1526 qui
2116 1461 2421 1527 patiuntur,
2454 1460 2696 1518 etliciunt
2728 1479 2950 1534 gravem
2980 1481 3204 1520 sensum
3236 1479 3290 1522 et
3316 1468 3460 1523 into-

1878 1549 2181 1605 lerabilem.
2238 1551 2415 1621 Atque
2447 1554 2683 1607 tribunal
2748 1556 2972 1623 quidem
3038 1565 3326 1628 martyres,
3368 1559 3462 1626 qui

1876 1642 2250 1706 caedebantur,
2295 1645 2632 1712 producebat
2681 1647 2951 1715 quotidie,
3002 1649 3170 1702 veluti
3216 1651 3269 1703 in
3310 1651 3465 1705 thea-

1879 1742 2044 1787 trum.
2105 1729 2312 1790 Deinde
2343 1746 2467 1805 post
2502 1739 2686 1808 plagas
2725 1753 2819 1793 eos
2850 1755 3068 1808 quoque
3109 1740 3461 1810 excipiebant

1881 1843 2146 1891 carceres,
2183 1829 2289 1882 alia
2331 1828 2548 1885 afﬂictio
2586 1831 2857 1884 accedens
2896 1831 3201 1896 afflictioni,
3265 1844 3318 1887 et
3357 1834 3460 1889 do-

1882 1917 2056 1970 lorum
2115 1918 2572 1974 additamentum.
2627 1919 2864 1974 Tantum
2924 1931 3106 1975 autem
3156 1924 3360 1986 aberat,
3401 1934 3461 1978 ut

1877 2007 1952 2059 illi
1994 2023 2056 2060 ea
2082 2009 2324 2063 dolorem
2352 2011 2732 2066 existimarent
2759 2020 2812 2064 et
2846 2012 3181 2078 molestiam,
3218 2014 3458 2068 utetiam

1875 2099 2176 2167 gauderent
2235 2101 2552 2169 dupliciter,
2598 2110 2653 2155 et
2701 2104 2843 2170 quod
2904 2117 3130 2172 propter
3180 2104 3459 2159 Christum

1875 2190 2226 2258 punirentur,
2279 2202 2334 2246 et
2387 2194 2531 2262 quod
2563 2204 2784 2263 propter
2849 2210 3036 2248 rerum
3105 2197 3459 2251 molestarum

1875 2294 2229 2350 augmentum
2266 2286 2406 2340 bona
2463 2303 2682 2355 quoque
2716 2303 2839 2356 quae
2868 2298 3027 2342 erant
3090 2288 3152 2346 in.
3190 2304 3308 2358 spe,
3366 2305 3460 2345 ac-

1877 2376 2181 2430 cessionem
2207 2376 2545 2443 acciperent.
2577 2377 2844 2444 Cumjam
2883 2386 3064 2430 autem
3093 2377 3209 2432 dies
3245 2378 3464 2432 adesset

1880 2468 2194 2532 vicesimus,
2229 2483 2255 2521 a
2295 2481 2523 2538 tyranno
2560 2484 2750 2523 rursus
2785 2470 2887 2522 viri
2928 2479 3292 2524 accersuntur
3320 2485 3460 2539 pra:-

1875 2559 2029 2619 clari,
2066 2575 2196 2611 cum
2233 2561 2432 2628 quibus
2469 2562 2702 2630 gloriosa
2735 2576 2950 2628 quoque
3011 2561 3202 2614 aderat
3237 2562 3459 2631 Euphe-

1876 2649 2002 2709 mia,
2043 2649 2209 2702 veluti
2252 2653 2305 2702 in
2354 2653 2538 2704 medio
2588 2651 2868 2707 stellarum
2937 2653 3066 2706 luna
3140 2662 3258 2708 toto
3325 2655 3461 2710 orbe

1878 2738 2060 2806 plena,
2086 2739 2313 2808 pulchre
2345 2750 2397 2793 et
2429 2741 2830 2808 jucundissime
2867 2745 3250 2810 resplendens.
3311 2745 3459 2809 Quid

1877 2847 2004 2902 ergo
2046 2833 2124 2886 eis
2165 2843 2422 2903 tyrannus
2456 2833 2477 2885 ?
2514 2833 2607 2896 Ea,
2639 2834 2835 2904 inquit,
2891 2835 3129 2904 experti,
3162 2851 3282 2904 quae
3316 2852 3460 2890 nun-

1879 2939 2043 2990 quam
2083 2928 2319 2994 putastis
2383 2925 2500 2979 fore
2555 2940 2611 2979 ut
2658 2927 3072 2994 experiremini,
3132 2943 3197 2981 an
3239 2928 3459 2997 aliquod

1882 3020 2120 3070 salutare
2154 3029 2207 3070 et
2245 3019 2397 3070 vobis
2429 3020 2560 3071 utile
2611 3020 2897 3072 consilium
2932 3021 3212 3088 ceperitis,
3267 3021 3457 3077 dicite.

1878 3112 2063 3166 Satius
2099 3120 2182 3165 est
2209 3111 2379 3174 enim,
2414 3117 2472 3161 ut
2506 3109 2695 3163 relicta
2725 3111 2827 3164 hac
2852 3125 2990 3164 vana
3014 3121 3067 3165 et
3097 3128 3236 3166 nova
3274 3115 3459 3185 gloria:

1879 3205 2205 3275 cupiditate,
2250 3215 2305 3258 et
2364 3203 2645 3257 mittentes
2717 3204 2816 3258 soli
2874 3213 3069 3258 vostrae
3142 3206 3264 3260 vita:
3319 3207 3460 3260 malo

1879 3303 2063 3348 vestro
2117 3309 2442 3362 repugnare,
2506 3294 2652 3362 quod
2707 3310 2897 3349 omnes
2947 3295 3176 3362 faciunt,
3233 3297 3286 3350 id
3359 3313 3457 3350 vos

1875 3400 2093 3454 quoque
2118 3383 2356 3446 faciatis,
2391 3393 2446 3439 et
2475 3383 2800 3437 accedentes
2861 3387 3202 3440 sacrificetis.
3253 3387 3460 3443 Christi

1879 3491 2062 3533 autem
2094 3477 2252 3531 fortis
2283 3477 2558 3530 exercitus
2617 3477 2782 3531 simul
2833 3493 2957 3532 cum
3005 3478 3297 3536 benedicta
3343 3484 3459 3538 Eu-

1876 3571 2096 3639 phemia
2133 3589 2144 3623 :
2189 3569 2510 3638 Quousque,
2547 3570 2803 3624 dixerunt
2837 3609 2851 3635 ,
2888 3585 2920 3624 ο
2975 3570 3164 3639 judex,
3225 3575 3459 3643 teipsum

1877 3664 2108 3731 decipis,
2148 3677 2235 3714 res
2283 3661 2633 3730 aggrediens,
2697 3677 2820 3731 quae
2859 3677 2968 3716 non
3029 3673 3259 3732 possnnt
3293 3666 3459 3721 fieri?

1877 3756 2078 3810 Putare
2103 3754 2248 3808 enim
2279 3770 2443 3823 posse
2479 3762 2529 3807 te
2562 3769 2662 3805 nos
2691 3768 2719 3804 a
2757 3758 2943 3807 nostra
2980 3756 3268 3810 traducere
3326 3773 3458 3812 sen-

1880 3847 2049 3901 tentia
2102 3846 2328 3915 perinde
2353 3857 2454 3910 est,
2488 3861 2550 3898 ac
2584 3845 2625 3898 si
2675 3855 2836 3914 putes
2875 3862 3034 3916 posse
3095 3856 3145 3901 te
3188 3852 3460 3904 transmo-

1878 3953 2006 3991 vere
2031 3938 2218 3990 stellas
2254 3954 2280 3990 a
2316 3952 2411 3991 sua
2446 3938 2686 3991 statione
2716 3939 2795 3991 rel
2841 3939 3104 4001 motione,
3153 3952 3253 3994 aut
3280 3953 3462 3995 trans-

1878 4027 2020 4082 ferre
2052 4027 2255 4096 aliquid
2287 4042 2350 4082 ex
2372 4027 2438 4079 iis
2459 4042 2576 4094 quae
2595 4036 2723 4078 sunt
2750 4027 3069 4091 immobilia.
3090 4028 3455 4094 Quamobrem

1879 4122 2050 4176 satius
2083 4130 2186 4183 est,
2213 4130 2330 4174 uta
2372 4128 2466 4173 tuo
2511 4133 2710 4172 errore
2756 4122 3116 4184 convertaris,
3171 4132 3223 4174 et
3271 4140 3457 4176 verum

1882 4213 2050 4268 Deum
2076 4226 2361 4284 agnoscas,
2387 4211 2481 4280 qui
2516 4211 2616 4265 fuit
2651 4220 2755 4264 tute
2798 4213 2992 4268 salutis
3057 4214 3296 4282 optimus
3342 4216 3456 4269 dis-

1879 4315 2155 4373 pensator.
3080 4356 3086 4363 .

1957 4394 2018 4448 ν.
2057 4395 2251 4463 Majori
2287 4396 2362 4448 ira
2383 4395 2627 4464 percitus
2658 4395 2895 4460 Priscus,
2927 4396 3082 4462 jubet
3105 4398 3290 4450 crudis
3322 4398 3457 4452 loris

1881 4488 2030 4541 feriri
2080 4489 2263 4541 vultus
2325 4499 2667 4551 sanctorum,
2727 4502 2824 4551 pro
2882 4487 3038 4541 bonis
3080 4489 3262 4546 verbis
3316 4491 3456 4543 mala

198 4575 399 4642 λόγους
451 4572 692 4642 ἀγαθοὺς
751 4576 1006 4642 πονηροῖς
1071 4574 1252 4643 ἔργοις
1328 4575 1694 4644 ἀμειϐόμενος
1745 4579 1771 4627 6

1881 4582 2023 4634 facta
2077 4579 2386 4649 rependens
2424 4581 2676 4634 stolidus.
2734 4580 2812 4633 llli
2858 4589 3042 4634 autem
3106 4581 3207 4636 hoc
3241 4599 3457 4651 quoque

194 4671 446 4740 ἀνόητος.
477 4670 539 4720 Ol
561 4668 637 4732 δὲ,
668 4668 876 4738 καὶτὴν
908 4668 1101 4737 καινὴν
1129 4668 1334 4738 ταύτην
1353 4669 1612 4738 ἀνδρείως
1642 4669 1774 4720 ὑπο-

193 4763 458 4832 φέροντες
523 4760 793 4829 βάσανον,
862 4761 1231 4830 λαμπρότεροι
1277 4761 1375 4822 τὰς
1427 4760 1577 4828 ὄψεις
1620 4761 1774 4812 ιέδεί-

193 4871 416 4918 κνυντο,
455 4853 549 4906 τοῦ
584 4854 814 4921 αἵματος
861 4851 959 4919 μὲν
1004 4851 1103 4918 τῆς
1147 4851 1346 4918 σαρκὸς
1385 4852 1772 4921 ἀπορρέοντος,

195 4948 301 5017 τῆς
332 4946 679 5016 Δημιουργοῦ
704 4947 758 4998 δὲ
784 4945 1005 5014 χάριτος
1035 4943 1434 5014 ἑξωραϊζούσης
1459 4945 1493 4998 ἃ
1521 4945 1774 4998 διέπλασε

195 5040 492 5110 πρόσωπα.
525 5037 588 5089 Οἱ
632 5037 987 5104 μαστίξοντες
1017 5035 1072 5086 δὲ
1104 5035 1414 5087 τούναντίον
1466 5036 1775 5102 άπαγορεύ·

199 5147 419 5193 σαντες,
461 5128 759 5198 ἡμιθνῆτες
810 5131 889 5190 εἰς
920 5129 1017 5195 τὴν
1063 5128 1166 5196 γῆν
1214 5129 1569 5180 κατέπιπτον.
1615 5128 1777 5182 ’Λλλὰ

195 5226 326 5286 τοὺς
361 5227 456 5292 μὲν
477 5223 670 5282 ἄλλους
695 5220 883 5286 ἁγίους
903 5220 1151 5272 κελεύσει
1190 5222 1349 5273 πάλιν
1373 5221 1468 5273 τοῦ
1498 5221 1772 5286 δικαστοῦ,

199 5316 623 5389 παραλαμϐάνει
657 5315 718 5366 τὸ
756 5315 1130 5381 δικαστήριον,
1169 5315 1271 5377 ἓως
1304 5315 1502 5377 αὐτοὺς
1550 5313 1777 5382 Διοκλη-

197 5409 372 5479 τιανῷ
403 5406 796 5476 παραπέμψειν
831 5403 974 5456 οὕτω
1006 5404 1112 5472 γὰρ
1159 5405 1510 5468 Ἀπελλιανὸς
1548 5407 1776 5474 εἰσηγή-

203 5523 381 5558 σατο·
430 5507 464 5573 ἠ
518 5502 876 5570 πανεύφημος
933 5500 986 5553 δὲ
1039 5499 1143 5569 πρὸ
1194 5496 1289 5550 τοῦ
1337 5497 1586 5568 βήματος
1624 5497 1773 5568 αύτῷ

201 5598 532 5667 παρίσταται
603 5595 740 5666 μόνη
822 5593 979 5664 (ᾦετο
1037 5593 1144 5661 γὰρ
1236 5591 1570 5660 μονωθεῖσαν
1633 5589 1775 5641 οὕτω

203 5691 401 5765 ῥᾳδίως
442 5686 867 5754 ὑπαγαγέσθαι).
915 5684 1217 5751 Ἐγγύτατα
1246 5682 1336 5735 οὖν
1367 5685 1570 5749 ταύτην
1601 5700 1778 5753 παρα-

201 5784 564 5855 στησάμενος,
595 5782 682 5833 ἵνα
703 5783 795 5834 καὶ
819 5780 991 5849 βλέψῃ
1021 5781 1136 5842 ταῖς
1156 5776 1484 5841 οῖκειώσεσι,
1515 5778 1775 5847 Πείσθητί

206 5903 315 5950 μοι,
348 5881 524 5947 ἔλεγε,
553 5875 620 5929 τά
652 5877 849 5947 ἄριστά
887 5892 963 5928 σοι
1007 5874 1453 5942 συμϐουλεύοντι,
1488 5871 1767 5944 Ιῐύφημία,

1879 4684 2087 4722 novum
2161 4667 2375 4720 fortiter
2425 4668 2662 4721 ferentes
2733 4679 3087 4733 tormentum,
3167 4682 3459 4724 evaserunt

1879 4762 2020 4818 facie
2054 4759 2446 4828 splendidiore,
2483 4762 2746 4831 sanguine
2799 4762 3018 4830 quidem
3073 4777 3103 4815 e
3147 4777 3313 4818 carne
3364 4764 3458 4818 de-

1880 4852 2106 4914 fluente,
2168 4851 2390 4921 Opificis
2421 4863 2600 4907 autem
2629 4853 2799 4923 gratia
2825 4855 3092 4908 reddente
3121 4855 3376 4924 pulchros
3400 4865 3455 4910 et

1879 4946 2156 5015 elegantes
2181 4960 2274 4997 eos
2305 4944 2508 5006 vultus,
2537 4960 2672 5012 quos
2699 4944 2998 4997 ellinxerat.
3018 4945 3219 4998 Contra
3247 4957 3452 5012 autem,

1879 5037 1969 5106 qui
2013 5036 2356 5105 ﬂagellabant
2391 5033 2615 5098 defessi,
2658 5034 2977 5090 ceciderunt
3010 5035 3062 5089 in
3125 5046 3324 5092 terram
3365 5053 3455 5093 se-

1881 5129 2180 5183 mimortui.
2236 5127 2342 5182 Sed
2390 5128 2479 5181 alii
2529 5129 2750 5196 quidem
2815 5130 2988 5184 sancti
3043 5131 3196 5198 jussu
3256 5131 3455 5200 judicis

1883 5236 2072 5274 rursus
2120 5221 2491 5290 conjiciuntur
2531 5221 2586 5273 in
2621 5235 2922 5285 carcerem,
2947 5223 3122 5275 donec
3149 5239 3244 5278 eos
3279 5233 3456 5279 trans-

1880 5315 2121 5368 mitteret
2179 5313 2244 5366 ad
2287 5311 2684 5367 Diocletianum
2744 5313 2845 5381 (sic
2892 5313 3037 5368 enim
3092 5317 3456 5370 constituerat

1880 5404 2282 5474 Appellianus),
2315 5402 2605 5456 benedicta
2653 5412 2834 5456 autem
2884 5414 3008 5457 ante
3066 5406 3304 5461 tribunal
3335 5407 3456 5476 ejus

1879 5502 2059 5553 stabat
2089 5497 2392 5565 Eupliemia
2431 5515 2443 5562 ;
2478 5496 2827 5551 existimabat
2862 5497 3010 5551 enim
3045 5496 3179 5563 fore,
3235 5510 3292 5553 ut
3337 5503 3451 5557 sola

1881 5592 1962 5647 sic
1993 5589 2151 5642 facile
2187 5589 2561 5642 induceretur.
2613 5587 2746 5640 Cum
2779 5587 2961 5656 itaque
3000 5599 3271 5653 curasset,
3296 5601 3354 5646 ut
3387 5608 3451 5646 ea

1880 5681 2127 5753 proxime
2160 5683 2471 5742 sisteretur,
2508 5689 2567 5732 ut
2590 5694 2648 5732 se
2705 5678 3077 5733 familiaritate
3135 5682 3304 5751 magis
3354 5684 3445 5735 in-

1881 5779 2125 5830 sinuaret
2156 5793 2167 5828 :
2191 5774 2361 5827 Crede
2385 5772 2536 5833 mihi,
2560 5771 2755 5833 aiebat,
2785 5771 2877 5822 libi
2905 5775 3108 5838 optime
3126 5774 3454 5841 consulenti,

1890 5886 1921 5925 ο
1956 5868 2284 5938 Eupbemia,
2322 5875 2379 5921 et
2407 5867 2678 5921 accedens
2717 5878 2912 5936 magno
2951 5867 3048 5919 deo
3081 5864 3233 5921 Marti
3284 5871 3457 5923 sacri-
