4198 6438
776 403 882 469 719

1984 404 2265 466 MENSIS
2306 400 2491 462 SEPT
2502 400 2599 460 ΕΜ
2608 398 2701 458 ΒΕ
2712 398 2781 458 R.

3951 379 4059 441 723

778 521 879 576 tica
914 537 928 583 ;
963 536 1087 576 nam
1130 521 1212 578 sic
1250 522 1474 593 quidem
1512 532 1569 578 et
1622 519 1948 579 liberaberis
2007 520 2076 577 ab
2106 518 2361 575 omnibus

2472 517 2561 570 καὶ
2577 511 2957 585 προσελθοῦσα
2980 509 3057 580 τῷ
3083 507 3308 579 μεγάλῳ
3328 504 3436 573 θεῷ
3460 504 3523 555 Ἀ
3535 519 3639 573 ρει,
3668 497 3831 552 θῦσον
3911 496 4061 547 οὕτω

777 612 1062 677 molestiis,
1108 613 1247 668 citra
1318 614 1563 669 laborem
1621 627 1805 668 autem
1861 612 2186 674 lucraberis,
2238 625 2359 680 qua;

778 715 907 760 sunt
940 706 1179 763 maxime
1215 708 1476 777 optanda,
1546 722 1746 777 nempe
1800 716 1859 761 ut
1911 716 1967 760 et
2010 705 2238 770 divitiis,
2304 714 2361 760 et

776 797 948 866 gloria
983 799 1235 868 potiaris,
1272 809 1330 853 et
1368 814 1497 869 agas
1527 799 1785 868 deinceps
1844 797 2013 851 vitam
2053 797 2271 851 beatam
2307 802 2362 848 ct

778 889 1017 947 felicem.
1051 890 1263 947 Christi
1286 901 1472 946 autem
1520 900 1722 962 martyr
1757 908 1771 947 :
1812 890 2090 945 Mulierem
2141 889 2360 956 quidem

778 980 993 1047 videns,
1044 998 1078 1035 o
1106 983 1292 1054 iudex,
1362 982 1559 1052 inquit,
1615 994 1772 1053 putas
1821 997 1982 1053 posse
2021 980 2177 1035 facile
2211 979 2363 1035 deci-

779 1087 958 1141 pere:
992 1072 1201 1128 videbis
1251 1088 1382 1128 vero
1439 1088 1524 1128 me
1579 1090 1689 1129 non
1739 1086 1885 1137 esse,
1946 1080 2005 1126 ut
2056 1071 2361 1137 existimas,

780 1167 1065 1221 mulierem
1095 1167 1202 1222 tuis
1234 1167 1446 1223 insidiis
1476 1166 1804 1237 expositam.
1834 1163 2067 1219 Conﬁdo
2113 1163 2258 1218 enim
2308 1162 2363 1217 in

778 1258 1081 1324 Christum,
1127 1260 1274 1329 quod
1313 1259 1641 1331 adjutricem
1686 1256 1898 1312 habens
1948 1256 2201 1310 invictam
2245 1254 2365 1324 ejus

780 1352 1085 1417 dexteram,
1146 1361 1266 1407 tuas
1315 1351 1542 1406 callidas
1581 1350 1849 1420 superabo
1910 1349 2154 1403 insidias.
2210 1346 2364 1402 Post-

777 1459 942 1515 quam
986 1460 1115 1514 crgo
1146 1448 1226 1499 sic
1286 1459 1552 1514 responso
1608 1443 1787 1497 victus
1832 1442 1935 1497 fuit
1969 1430 2263 1513 tyrannus,
2309 1448 2365 1494 et

778 1536 873 1607 qui
922 1536 1037 1591 solo
1071 1549 1293 1605 aspectu
1360 1535 1587 1606 putabat
1623 1549 1683 1589 se
1735 1549 1899 1605 posse
1950 1534 2096 1599 quod
2150 1532 2365 1587 volebat

777 1626 1014 1690 efﬁcere,
1069 1627 1138 1682 ab
1182 1643 1287 1681 una
1340 1628 1801 1683 contemnebatur
1857 1625 2081 1689 femina,
2154 1624 2364 1693 pudore

779 1720 1001 1790 quidem
1025 1719 1128 1775 fuit
1163 1720 1438 1775 affectus:
1490 1720 1665 1789 pudor
1730 1729 1910 1773 autem
1971 1716 2142 1771 movit
2202 1717 2359 1770 iram.

783 1810 894 1866 Res
943 1820 1027 1866 est
1080 1813 1225 1865 enim
1263 1812 1534 1880 ejusmodi
1583 1810 1957 1881 supercilium,
1994 1809 2080 1862 cui
2135 1807 2365 1862 accessit

2466 609 2559 661 καὶ
2586 608 2738 659 ἔσται
2767 622 2849 657 σοι
2878 603 2988 656 τῶν
3022 602 3121 672 μὲν
3164 597 3430 667 λυπηρῶν
3459 593 3765 661 ἀποστῆναι
3798 589 4056 651 πάντων,

2462 699 2726 769 κερδῆσαι
2772 696 2831 750 δὲ
2870 694 3111 755 “ἀπόνως
3160 691 3229 746 τὰ
3280 690 3668 747 εὐκταιότατα,
3721 684 3867 751 ὅπερ
3941 681 4063 769 ἐστὶ

2463 768 2699 841 πλούτου
2749 804 2807 840 τε
2854 784 2950 837 καὶ
3000 782 3160 851 δόξης
3211 776 3548 840 ἀπολαῦσαι,
3608 773 3704 827 καὶ
3745 773 3808 823 τὸ
3861 768 4065 821 λοιπὸν

2463 884 2757 953 εὐδαίμονα
2809 880 2977 948 ζῆσαι
3025 877 3121 930 καὶ
3178 873 3457 945 μακαρίαν
3512 869 3683 937 ζωήν.
3729 864 3798 918 Ἢ
3870 861 3934 953 δΞε
3966 855 4061 913 to:

2463 950 2703 1050 Χριστοῦ
2732 976 2967 1046 μάρτυς,
3005 972 3247 1025 Γυναῖκα
3301 968 3420 1038 μὲν,
3468 960 3642 1028 εἷπεν,
3677 961 3842 1031 ὁρῶν,
3890 950 3939 1008 ὦ
3985 957 4061 1050 6'.-

2464 1049 2661 1136 καστὰ,
2713 1071 2815 1123 orat
2871 1066 3179 1139 προχείρως
3228 1062 3375 1134 ἡμᾶς
3418 1058 3635 1128 ἀπατᾷν
3664 1071 3676 1084 ⁸
3713 1054 3837 1122 ὄψει
3892 1050 3953 1103 δὲ
4000 1049 4061 1099 οὐ

2464 1167 2607 1222 κατὰ
2639 1165 2878 1233 γυναῖκα
2923 1159 3061 1232 πρὸς
3098 1160 3199 1219 τὰς
3240 1156 3335 1218 σὰς
3380 1153 3607 1221 ἐνέδρας
3638 1145 4014 1215 διακειμένην
4044 1157 4058 1171 ·

2466 1257 2704 1313 πέποιθα
2756 1255 2864 1325 γὰρ
2913 1254 2992 1314 είς
3046 1250 3284 1321 Χριστὸν
3339 1248 3425 1300 ὅτι
3480 1243 3673 1315 βοηθὸν
3731 1239 3907 1293 αὑτοῦ
3962 1237 4063 1305 τὴν

2466 1353 2681 1422 ἄμαχον
2727 1347 3088 1416 πλουτήσασα
3138 1341 3341 1405 δεξιὰν,
3407 1336 3678 1407 κρείττων
3730 1332 4061 1401 ὀφθήσομαί

2468 1461 2562 1498 σου
2594 1444 2702 1495 τῶν
2733 1439 3084 1507 κακοτέχνων
3125 1432 3453 1488 ἐπιϐουλῶν.
3497 1431 3586 1492 Ὠς
3622 1426 3715 1480 οὖν
3752 1424 3908 1477 οὕτω
3946 1426 4061 1482 ταῖς

2467 1536 2828 1607 ἀποκρίσεσιν
2867 1530 3078 1602 ἡττήθη
3128 1530 3155 1582 ὁ
3205 1527 3493 1595 τύραννος,
3538 1521 3633 1574 καὶ
3686 1520 3713 1571 ὁ
3775 1515 4060 1586 βλέμματι

2469 1634 2614 1703 μόνῳ
2651 1630 2831 1699 πλήθη
2860 1627 3045 1696 φοϐεῖν
3080 1624 3328 1692 οίὸμενος
3360 1619 3464 1671 ὑπὸ
3490 1613 3754 1684 γυναικδς
3782 1625 4061 1703 intempo-

2468 1701 2610 1781 νείτο
2639 1726 2789 1794 μιᾶς,
2827 1722 3062 1790 αἰσχύνη
3094 1719 3192 1787 μὲν
3226 1715 3389 1767 αὐτὸν
3433 1707 3579 1780 εἶχεν
3609 1725 3622 1738 ·
3657 1708 3690 1776 ἡ
3728 1703 3976 1771 αἰσχύνη
4010 1701 4061 1750 δὲ

2468 1820 2563 1871 τὸν
2609 1816 2786 1885 θυμὸν
2836 1813 3046 1865 ὲκίνει*
3108 1806 3352 1862 τοιοῦτον
3404 1804 3514 1872 γὰρ
3560 1800 3734 1868 δφρῦς
3804 1794 4063 1858 ἐξουσίας

783 1912 1051 1975 potestas.
1084 1903 1291 1959 Deinde
1327 1903 1556 1974 perinde
1585 1918 1649 1958 ac
1685 1918 1748 1957 ea
1797 1917 1918 1971 qua:
1949 1907 2364 1971 praeesset-ant,

2472 1908 2877 1979 ὲπειλημμένη.
2911 1901 3026 1959 Εἴθ’
3048 1902 3235 1971 ὥσπερ
3257 1898 3353 1959 τὰς
3380 1893 3760 1966 προλαόούσας
3788 1889 4061 1958 βασάνους

784 2004 1059 2051 tormenta
1087 2011 1252 2067 parva
1285 2004 1435 2050 esset
1469 1994 1790 2058 arbitratus,
1832 2003 1890 2048 et
1917 2008 2039 2062 qua:
2082 1983 2368 2060 imponere

784 2104 893 2143 non
938 2097 1167 2158 possent
1192 2087 1603 2151 necessitatem,
1662 2102 1804 2140 nova
1860 2083 2189 2156 excogitavit
2244 2097 2257 2135 :
2312 2088 2368 2135 et

780 2180 940 2250 jubet
1005 2179 1251 2234 construi
1306 2188 1454 2233 rotas
1516 2178 1777 2233 inauditis
1843 2176 2165 2247 quibusdam
2249 2188 2368 2226 ma-

783 2274 988 2337 chinis,
1038 2288 1160 2343 quae
1203 2286 1400 2327 carnes
1462 2286 1735 2341 premere,
1777 2280 1831 2327 et
1880 2272 1945 2324 ab
1998 2268 2215 2323 ossibus
2271 2280 2367 2319 ex-

785 2368 1049 2437 primere,
1113 2374 1169 2418 et
1214 2365 1328 2433 ipsa
1385 2363 1732 2433 confringere
1795 2370 2022 2432 possent
2082 2358 2369 2413 violentis.

783 2460 943 2523 sime,
990 2465 1048 2511 et
1114 2456 1171 2510 in
1234 2470 1330 2510 eas
1396 2455 1860 2527 sapientissimam
1930 2452 2080 2523 injici
2144 2452 2369 2521 Euphe-

785 2550 971 2606 miam.

858 2641 951 2697 Vl.
983 2643 1277 2712 Postquam
1303 2651 1485 2698 autem
1523 2641 1658 2712 ipsae
1694 2640 1962 2694 machina:
2008 2639 2157 2695 dicto
2207 2640 2368 2696 citius

788 2733 1017 2788 fuerunt
1048 2744 1402 2799 constructae,
1429 2744 1484 2789 et
1518 2745 1725 2805 martyr
1767 2735 1819 2787 in
1852 2747 1944 2786 eas
1973 2741 2092 2786 erat
2116 2733 2370 2801 injicien-

784 2828 874 2892 da,
938 2828 1138 2883 validis
1187 2830 1451 2883 continuo
1490 2828 1544 2880 in
1573 2842 1631 2880 se
1670 2827 1879 2896 paratis
1937 2826 2126 2898 armis,
2174 2839 2370 2895 nempe

784 2917 969 2973 divina
1003 2918 1183 2974 crucis
1220 2917 1389 2989 ﬁgura
1425 2931 1489 2972 ac
1520 2933 1582 2973 ea
1637 2918 1872 2989 signata,
1905 2926 2023 2982 aut,
2084 2927 2143 2971 ut
2175 2918 2370 2971 melius

790 3011 995 3075 dicam,
1029 3012 1264 3076 munita,
1312 3012 1576 3065 adversus
1613 3021 1763 3064 rotas
1824 3010 2113 3079 processit,
2166 3009 2368 3063 nullam

787 3104 1012 3171 quidem
1053 3104 1212 3157 vultu
1252 3103 1552 3157 ostendens
1598 3101 1895 3164 tristitiam,
1928 3105 2021 3155 sed
2080 3117 2273 3156 severo
2314 3112 2372 3156 et

786 3195 1027 3248 honesto
1083 3192 1260 3253 vultu.
1305 3192 1590 3262 Deumque
1654 3190 2005 3255 benedicens,
2070 3200 2124 3245 et
2182 3198 2371 3262 aperte

785 3286 1083 3341 ostendens
1102 3301 1160 3341 se
1184 3285 1251 3340 iis
1278 3301 1405 3355 quae
1427 3300 1524 3355 pro
1554 3285 1673 3355 ipso
1703 3284 2035 3355 patiebatur,
2072 3286 2365 3340 admodum

789 3378 1046 3449 gaudere.
1088 3376 1231 3443 Quin
1263 3378 1429 3432 etiam
1458 3380 1747 3446 proferens
1777 3376 1983 3446 aliquid
2038 3392 2365 3448 generosum

786 3478 841 3523 et
863 3470 1018 3523 valde
1046 3469 1268 3539 dignum
1303 3470 1423 3538 ejus
1451 3470 1691 3524 candore
1726 3486 1741 3522 :
1774 3467 1909 3522 Tuae
1938 3478 2091 3533 rotae,
2120 3470 2362 3534 dicebat,

783 3563 1084 3633 otyranne,
1109 3571 1165 3615 et
1198 3561 1281 3617 ha:
1312 3561 1611 3616 imbecilla:
1665 3570 1770 3614 tua:
1797 3560 2235 3616 machinationes
2255 3577 2369 3616 ma-

778 3653 873 3721 jus
902 3653 1036 3707 mihi
1061 3653 1372 3707 accendunt
1414 3653 1618 3708 Christi
1676 3653 2030 3708 desiderium.
2084 3654 2210 3709 Haec
2272 3670 2370 3709 au-

787 3746 1002 3799 dientes
1034 3744 1295 3810 ministri,
1346 3754 1493 3800 rotas
1549 3745 1865 3810 versabant,
1900 3762 2063 3816 quam
2120 3756 2370 3815 poterant

784 3838 1105 3902 fortissime,
1137 3838 1443 3907 graviorem
1486 3852 1712 3891 sensum
1734 3837 1939 3891 doloris
1971 3837 2197 3907 martyri
2233 3837 2367 3891 aﬂ'e-

785 3938 995 3981 rentes.
1049 3926 1420 3993 Quamobrem
1460 3930 1579 3998 ejus
1616 3928 1834 3998 quidem
1875 3929 2121 3983 membra
2162 3938 2217 3983 et
2246 3944 2369 4000 par—

786 4028 868 4072 tes
909 4019 1418 4090 confringebantur,
1473 4022 2060 4091 etdisrumpebantur,
2106 4032 2161 4077 et
2191 4023 2368 4077 divel-

786 4111 1042 4166 lebantur
1080 4126 1275 4166 omnes
1299 4125 1628 4182 compages;
1660 4128 1817 4166 mens
1862 4123 2041 4167 autem
2071 4129 2181 4167 non
2237 4116 2368 4170 abs-

798 4203 1027 4260 cedebat
1096 4221 1124 4259 a
1179 4206 1417 4270 Christo,
1454 4206 1549 4260 sed
1601 4204 1655 4258 in
1685 4206 1884 4260 ctelum
1926 4205 2124 4259 tollens
2158 4211 2368 4272 oculos,

792 4296 936 4351 unde
977 4311 1035 4351 se
1060 4296 1301 4367 speravit
1328 4295 1641 4350 habituram
1676 4296 1937 4350 auxilium
1972 4313 1986 4350 :
2017 4299 2247 4354 Domine
2271 4299 2367 4367 mi,

788 4388 1083 4456 clamabat,
1136 4389 1267 4443 Jesu
1298 4387 1538 4456 Christe,
1590 4390 1787 4444 anima:
1836 4405 1971 4446 mea:
2018 4392 2365 4459 illuminatio,

788 4479 916 4534 fons
958 4480 1107 4543 vitae,
1133 4479 1225 4549 qui
1253 4480 1351 4535 das
1384 4480 1616 4534 salutem
1644 4480 1748 4546 eis,
1778 4481 1873 4549 qui
1904 4481 1959 4533 in
1986 4492 2041 4535 te
2060 4481 2366 4550 conﬁdunt,

2474 2005 2679 2077 μικρὰς
2730 1998 2871 2055 εἶναι
2923 1998 3152 2068 νομίσας
3212 1995 3307 2048 καὶ
3364 1992 3611 2059 ἀνάγκην
3662 1984 3947 2038 ὶπιθεῖναι

2468 2098 2793 2167 δυναμένας,
2855 2092 3049 2154 καινὰς
3110 2084 3483 2149 ἱπενόει,καὶ
3555 2080 3776 2134 κελεύει
3828 2074 4064 2146 τροχοὺς

2467 2193 2649 2259 ξέναις
2706 2190 2819 2243 τισὶ
2881 2184 3153 2257 μηχαναῖς
3226 2174 3780 2241 κατασκευασθῆναι,
3842 2167 4057 2228 πιέζειν

2471 2288 2702 2357 σάρκας,
2731 2284 2863 2336 ὀστᾶ
2890 2278 3228 2335 ἀποθλίϐειν,
3247 2272 3390 2326 αύτά
3411 2287 3471 2323 τε
3500 2266 3737 2336 συνθλᾷν
3766 2262 4060 2332 βιαιότατα

2470 2352 2830 2447 δυναμένους,
2863 2375 2919 2425 ὲν
2945 2371 3130 2431 αὺτοῖς
3158 2384 3217 2420 τε
3242 2365 3340 2435 τὴν
3367 2363 3651 2428 πάνσοφον
3680 2352 4057 2426 ἐμϐληθῆναι.

2545 2650 2638 2715 ς’.
2705 2646 2799 2704 Ὠς
2847 2641 2901 2693 δὲ
2963 2636 3056 2691 καὶ
3104 2634 3255 2687 τουτί
3306 2630 3365 2684 τὸ
3420 2627 3723 2697 μηχάνημα
3780 2617 4058 2715 Θᾰττονῆ

2476 2710 2797 2811 προσετάγη
2848 2727 3296 2795 κατεσκευάσθη,
3354 2724 3449 2775 καὶ
3481 2723 3513 2789 ἡ
3579 2718 3793 2788 μάρτυς
3836 2710 4060 2813 ἔμελλεν

2473 2810 2838 2901 ὲμῦληθῆναι,
2896 2824 3061 2878 ὅπλον
3114 2820 3280 2882 εὐθὺς
3342 2814 3565 2885 ἰσχυρὸν
3622 2811 3715 2864 τὸν
3763 2810 3917 2862 Θείον
3967 2810 4059 2857 τοῦ

2475 2925 2717 2995 σταυροῦ
2745 2923 2917 2976 τύπον
2948 2918 3114 2987 ἑαυτῇ
3156 2912 3511 2985 σχεδιάσασα,
3549 2909 3646 2959 καὶ
3689 2904 3855 2954 τοῦτο
3888 2917 4058 2968 σφρα-

2473 2993 2749 3089 γισαμένη
2779 3012 2937 3085 ἦ’κα“ι
2967 3010 3291 3081 φραξαμένη
3329 3005 3531 3074 μᾶλλον
3561 3001 3759 3059 εἰπεῖν,
3790 2994 3938 3048 κατὰ
3960 2993 4059 3089 τῷν

2475 3087 2686 3183 τροχῶν
2745 3108 2966 3179 ἐχώρει,
3028 3102 3380 3174 ἐμφαίνουσα
3440 3096 3541 3161 μὲν
3595 3092 3754 3146 οὐδὲν
3814 3087 4059 3183 statuet;

2475 3181 2960 3275 καὶ-διπρόσωπον,
2994 3196 3254 3264 εὐκόσμῳ
3276 3192 3333 3246 δὲ
3363 3189 3487 3260 ἧθει
3525 3181 3847 3277 καὶξσεμνιῖ)
3883 3194 4059 3277 ruga:

2478 3270 2737 3367 στήματι.
2763 3287 3077 3356 Εὑλογοῦσά
3107 3303 3167 3338 τε
3186 3284 3276 3337 τὸν
3303 3283 3437 3335 Θεδν
3469 3280 3562 3330 καὶ
3600 3270 3682 3337 οἷς
3716 3274 3864 3367 ὑπερ
3896 3270 4057 3367 αὐτού

2476 3357 2712 3454 ἔπασχεν
2744 3381 2940 3451 ἑορτὴν
2974 3380 3130 3443 ἄγειν
3161 3372 3375 3442 φανερὰ
3403 3368 3690 3435 γινομένη,
3722 3362 3866 3428 πρὸς
3974 3357 4056 3409 ιιαὲ

2477 3475 2826 3534 ὑπολ.αλοῦσα
2861 3469 3109 3541 γενναῖόν
3132 3485 3185 3519 τι
3215 3464 3312 3517 καὶ
3341 3462 3439 3529 τῆς
3469 3458 3615 3529 ὧρας
3644 3455 3857 3524 κομιδῆ
3891 3452 4056 3517 ἄξιον.

2476 3573 2539 3625 Οί
2577 3572 2686 3642 γὰρ
2724 3565 2907 3639 τροχοί
2938 3582 3055 3628 σου,
3107 3560 3284 3628 ἔλεγε,
3334 3556 3592 3626 τύραννε,
3630 3553 3727 3603 καὶ
3782 3549 3852 3600 τὰ
3890 3544 4058 3642 σαθρὰ

2475 3640 2665 3719 ταυτί
2704 3658 3117 3732 μηχανήματα,
3176 3650 3400 3706 πλείονά
3461 3665 3552 3718 μοι
3597 3646 3689 3696 τὸν
3756 3642 3928 3695 πόθον
3980 3640 4057 3703 ἑξ·

2478 3760 2711 3813 ἅπτουσι
2731 3755 2825 3806 τοῦ
2845 3748 3103 3821 Χριστοῦ.
3129 3743 3347 3799 Τούτων
3379 3741 3673 3799 ἀκούοντες
3708 3735 4061 3805 ἰσχυρότερον

2476 3851 2601 3904 ὅσον
2657 3847 2727 3920 ἦν
2784 3847 2913 3908 τοὺς
2968 3842 3201 3912 τροχοὺς
3259 3838 3551 3908 ἔστρεφον,
3596 3833 3948 3905 δριμυτέραν
4000 3833 4058 3899 τῇ

2480 3943 2723 4012 μάρτυρι
2788 3935 2889 4003 τῆς
2945 3931 3143 4001 ὀδύνης
3208 3929 3307 3999 τὴν
3358 3926 3615 3995 αἴσθησιν
3676 3923 4059 4015 ὶμποιοῦντες,

2476 4036 2601 4091 ὅθεν
2638 4032 2773 4104 μέλη
2808 4030 2907 4101 μὲν
2939 4028 3111 4095 αὐτῆς
3149 4025 3245 4076 καὶ
3271 4024 3416 4093 μέρη
3447 4014 3820 4088 συνεθραύετό
3878 4032 3938 4065 τε
3974 4014 4070 4093 καὶ.

2477 4128 2859 4199 διερρήγνυτο,
2892 4118 3143 4174 Καὶ·τῶν
3175 4115 3454 4186 ἁρμονιῶν
3507 4112 3723 4165 ἅπαντα
3778 4110 4060 4172 διεσπᾶτο,

2476 4220 2506 4272 ὁ
2532 4216 2657 4280 νοῦς
2684 4218 2739 4268 δὲ
2769 4214 2861 4268 τοῦ
2895 4214 3030 4281 πρὸς
3057 4210 3295 4282 Χριστὸν
3320 4210 3454 4279 ὀρᾷν
3480 4207 3579 4259 ούκ
3614 4206 3910 4270 ἀφίστατο,
3934 4200 4061 4253 ἀλλὰ

2476 4315 2539 4370 τὸ
2566 4313 2720 4383 ὄμμα
2752 4310 2832 4372 εἰς
2884 4306 3151 4377 οὐρανοὺς
3186 4302 3424 4371 αἴρουσα
3469 4299 3592 4351 ὅθεν
3642 4297 3883 4365 ἤλπισεν
3915 4294 4060 4362 ἥξειν

2478 4407 2575 4463 καὶ
2604 4406 2705 4474 τὴν
2742 4400 3025 4473 βοήθειαν,
3064 4394 3236 4467 Κύριέ
3272 4410 3397 4465 μου,
3432 4390 3583 4454 ὲὸὁα,
3625 4386 3807 4455 Ἰησοῦ
3835 4385 4058 4456 Χριστὲ,

2479 4499 2506 4551 ὁ
2534 4496 2633 4562 τῆς
2661 4492 2803 4563 ἐμῆς
2835 4489 3017 4559 ψυχῆς
3053 4483 3359 4554 φωτισμδςν
3413 4482 3446 4553 ὴ
3479 4480 3631 4551 πηγὴ
3675 4480 3775 4543 τῆς
3828 4477 3997 4543 ζωῆς,
4034 4474 4058 4524 ὁ

788 4570 937 4626 adsis
969 4587 1119 4626 nunc
1154 4573 1288 4626 mihi
1322 4572 1571 4643 adjutor,
1596 4581 1652 4627 et
1683 4583 2049 4645 cognoscatur
2071 4575 2139 4628 ab
2184 4576 2367 4630 omni-

2480 4585 2669 4650 σώζων
2695 4600 2821 4646 τους
2842 4581 2939 4634 ἐπὶ
2969 4577 3054 4632 σοὶ
3081 4574 3416 4635 πεποιθότας
3437 4610 3453 4635 ,
3494 4573 3705 4641 πάρεσό
3742 4587 3837 4638 μοι
3872 4571 3969 4620 καὶ
4000 4568 4058 4617 τΞι

791 4663 917 4729 bus,
944 4664 1090 4734 quod
1120 4674 1177 4718 tu
1206 4680 1266 4718 es
1291 4666 1434 4719 Deus
1481 4665 1653 4730 solus,
1682 4676 1833 4721 certa
1882 4681 2008 4737 Spes
2041 4682 2229 4722 eorum
2278 4667 2371 4737 qui

792 4755 847 4808 in
910 4764 963 4810 te
1022 4756 1227 4811 habent
1283 4755 1590 4811 ﬁduciam:
1634 4758 1868 4825 etquod
1938 4775 2049 4813 non
2110 4760 2374 4816 accedent

788 4848 955 4912 mala,
1009 4862 1189 4917 neque
1210 4846 1679 4919 appropinquabit
1716 4846 1989 4918 flagellum
2018 4851 2373 4906 tabernaculo

789 4955 985 4994 eorum
1037 4941 1130 5010 qui
1181 4948 1232 4995 te
1274 4940 1602 4997 altissimum
1656 4955 1813 4995 suum
1872 4950 2173 5011 posuerunt
2228 4942 2375 4997 refu—

768 5034 934 5102 gium
963 5036 1001 5088 ¹.
1025 5030 1118 5087 Sic
1136 5033 1358 5103 quidem
1381 5044 1586 5104 martyr
1607 5043 1691 5086 est
1712 5045 1933 5101 precata
1970 5052 1981 5086 :
2015 5034 2159 5088 Deus
2189 5048 2370 5093 autem

791 5124 1047 5178 effectum
1079 5126 1341 5192 reddidit,
1373 5125 1521 5196 quod
1556 5124 1908 5194 precabatur.
1942 5122 2193 5181 Caelestis
2224 5129 2370 5181 enim

792 5215 1060 5270 continuo
1079 5215 1381 5271 adveniens
1408 5221 1603 5282 virtus,
1636 5225 1917 5270 momento
1947 5218 2207 5284 temporis
2244 5217 2373 5271 facit

795 5312 912 5365 haec
966 5310 1175 5365 omnia.
1222 5307 1352 5362 Eam
1391 5309 1612 5391 quidem
1646 5308 1807 5364 solvit
1862 5323 1891 5362 a
1944 5316 2059 5363 rota
2105 5326 2118 5362 :
2179 5324 2378 5379 corpus

791 5412 973 5457 autem
1009 5412 1218 5456 curata
1247 5401 1422 5473 plagis
1459 5399 1596 5453 adeo
1627 5400 1874 5468 pulchre,
1903 5409 1962 5453 ut
1982 5416 2051 5454 ne
2086 5400 2373 5456 minimum

793 5496 1017 5567 quidem
1078 5496 1369 5551 vulnerum
1451 5492 1740 5565 vestigium
1816 5493 1869 5545 in
1932 5510 1996 5548 eo
2062 5504 2369 5565 appareret.

794 5584 1002 5643 Deinde
1032 5588 1199 5643 etiam
1242 5589 1532 5645 ministros
1586 5584 1890 5656 iniquitatis
1934 5589 2112 5657 Specie
2161 5592 2371 5643 terrens

790 5684 1047 5747 terribili,
1110 5683 1238 5739 facit
1293 5689 1352 5737 ut
1425 5698 1534 5737 non
1595 5686 1915 5752 operentur.
1958 5677 1999 5732 E
2044 5681 2177 5738 rotis
2248 5696 2377 5738 vero

852 5863 876 5897 ⁴¹
907 5861 1050 5919 Psal.
1085 5876 1147 5916 xc
1169 5902 1183 5925 ,
1210 5860 1263 5917 9.

2477 4677 2574 4731 νῦν
2629 4674 2845 4746 βοηθὸς,
2892 4669 2986 4726 καὶ
3035 4668 3339 4739 γνωσθήτω
3393 4666 3564 4745 πᾶσιν
3613 4662 3697 4717 ὅτι
3746 4662 3814 4713 σῖ)
3855 4657 3907 4713 εἷ
3936 4659 4057 4719 Θεὸς

2480 4766 2665 4833 μόνος,
2702 4764 2857 4824 ἐλπὶς
2912 4761 3274 4829 ἀδιάψευστος
3330 4756 3439 4808 τῶν
3494 4755 3550 4807 ὲν
3603 4753 3685 4804 σοὶ
3727 4754 3791 4803 τὸ
3844 4750 4056 4835 θαρρεῖν

2479 4857 2740 4927 ἑχόντων,
2801 4851 2899 4905 καὶ
2954 4853 3039 4905 ὅτι
3102 4851 3163 4902 οὐ
3218 4846 3655 4920 προσελεύσεται
3704 4845 3881 4907 κακὰ,
3945 4843 4053 4896 οὐδὲ

2480 4946 2683 5018 μάστιξ
2714 4945 2895 5013 ὲγγιεῖ
2940 4942 3023 5014 τῷ
3082 4940 3405 5013 σκηνώματι
3444 4939 3554 4993 τῶν
3588 4940 3645 4991 σὲ
3696 4939 3790 4989 τὸν
3840 4937 4054 5007 ὕψιστον

2478 5038 2806 5111 καταφυγὴν
2834 5037 3158 5106 τιθεμένων.
3194 5034 3383 5096 Οὕτως
3412 5034 3442 5102 ἡ
3475 5033 3685 5103 μάρτυς
3711 5032 3814 5099 μὲν
3838 5029 4051 5096 ηὔξατο,

2476 5130 2609 5193 Θεὸς
2653 5131 2709 5182 δὲ
2757 5130 2855 5198 τὴν
2904 5128 3069 5197 εὐχὴν
3117 5125 3356 5178 ὲτελείου
3423 5140 3437 5153 ο
3492 5123 3725 5190 οὐρανία
3758 5119 3869 5190 γὰρ
3902 5120 4052 5181 εὐθὺς

2478 5226 2756 5280 ἐπιστᾶσα
2790 5223 3028 5292 δύναμις
3067 5223 3124 5272 ὲν
3154 5222 3355 5295 ἀκαρεῖ
3394 5219 3575 5272 πάντα
3612 5218 3781 5279 ποιεῖ,
3816 5218 3913 5269 καὶ
3949 5214 4050 5268 λύει

2483 5320 2582 5392 μὲν
2616 5319 2789 5385 αὐτὴν
2832 5314 2926 5369 τοῦ
2976 5312 3194 5385 τροχοῦ,
3250 5315 3311 5366 τὸ
3361 5313 3520 5380 σῶμα
3565 5308 3621 5362 δὲ
3673 5310 3786 5362 τῶν
3839 5306 4050 5378 πληγῶν

2477 5415 2654 5477 ιᾶται,
2697 5410 2841 5463 οὕτω
2877 5408 3080 5474 καλῶς,
3111 5407 3185 5469 ὠς
3222 5405 3355 5476 μηδὲ
3384 5404 3557 5475 βραχύ
3586 5422 3638 5457 τι
3667 5405 3776 5457 τῶν
3814 5404 4045 5474 τραυμὼ

2482 5519 2591 5555 των
2626 5501 2771 5568 ἴχνος
2808 5500 2864 5549 ὲν
2916 5496 3065 5566 αὐτῷ
3115 5492 3446 5564 φαίνεσθαι·
3477 5489 3596 5548 εἶτα
3643 5493 3739 5543 καὶ
3791 5495 3922 5556 τοὺς
3966 5491 4041 5558 τῆς

2477 5588 2709 5659 ἀνομίας
2739 5587 3020 5659 ὑπηρέτας
3053 5582 3328 5656 ὲμερανείᾳ
3368 5582 3773 5650 καταπλήξασα
3810 5580 4014 5650 φοϐερᾷ

2484 5684 2687 5754 ἥκιστα
2717 5682 2975 5751 ἐνεργοὺς
3002 5678 3265 5745 δείκνυσι,
3301 5678 3411 5733 τῶν
3433 5675 3645 5747 τροχῶν
3671 5676 3728 5731 δὲ
3758 5683 3795 5749 η
3830 5673 4031 5742 ἀθλοςό
