4198 6438
185 410 290 474 721

1295 409 1762 476 MARTYRIUM
1804 415 1864 476 S.
1901 417 2342 482 EUPHEMI/E.

3320 417 3426 480 722

185 543 283 598 ρος
320 524 554 591 ἐκϐᾶσα,
591 524 653 579 ού
688 524 850 596 μόνον
873 527 1062 598 ἄρτιός
1087 544 1148 582 τε
1179 531 1275 583 καὶ
1297 530 1478 598 ὑγιὴς,
1509 527 1645 584 ἀλλα
1667 530 1762 584 καὶ

1867 547 2084 601 egressa
2134 534 2369 604 gloriosa
2396 532 2679 598 certatrix,
2736 546 2844 586 non
2913 531 3087 586 solum
3133 543 3423 601 conspecta

184 619 518 687 φαιδροτέρα
545 618 642 689 τὴν
666 617 791 688 ὄψιν
811 620 1045 690 ἑωρᾶτο,
1090 619 1134 675 ὣ
1155 624 1253 693 τῆς
1285 621 1610 693 θαυμαστῆς
1642 641 1761 688 σου,

187 710 417 779 Χριστὲ,
454 709 760 778 δυνάμεως,
790 711 924 764 ὅπου
948 729 1010 781 γε
1049 713 1166 778 καὶ,
1197 715 1521 783 πασχόντων
1558 715 1757 782 ἄλλων,

186 802 466 870 κατήφεια
498 799 760 863 πολλάκις
790 805 858 873 τῇ
899 803 1019 873 ὄψει
1074 804 1184 859 τῶν
1228 804 1759 877 φιλανθρωποτέρων

183 893 489 961 ἐγγίνεται.

259 984 332 1040 Z'.
378 985 517 1038 Ἀλλ’
546 988 574 1040 ό
599 988 795 1059 Αἰθίοψ
828 989 928 1042 οὐκ
957 989 1306 1045 ὲλευκαίνετο
1329 1029 1346 1058 ,
1383 991 1480 1047 καὶ
1513 993 1572 1047 τὸ
1604 992 1762 1057 ξύλον

182 1070 249 1138 δὴ
279 1072 340 1124 τὺ
371 1072 629 1141 στρεϐλὸν
682 1076 780 1128 οὐκ
808 1075 1050 1145 ὠρθοῦτο
1071 1078 1208 1142 ,ικαὶ
1238 1080 1264 1131 ὁ
1294 1082 1552 1148 καρκῖνος
1585 1080 1762 1149 ὀρθῶς

187 1161 428 1230 βαδίζειν
467 1166 566 1219 ούκ
601 1167 932 1220 ὲδιδάσκετο.
981 1168 1038 1221 '0
1083 1170 1323 1241 Πρίσκος
1358 1170 1533 1224 ταῦτα
1571 1173 1601 1224 ὁ
1628 1189 1759 1241 μια-

190 1254 283 1324 ρὸς
315 1257 411 1309 καὶ
444 1258 543 1328 τὴν
569 1261 769 1313 κακίαν
797 1260 905 1312 οὐδ’
937 1261 1118 1316 ὁτιοῦν
1147 1264 1394 1332 ίάσιμος,
1452 1267 1547 1317 καὶ
1570 1263 1758 1316 τοιαύ-

186 1363 288 1416 της
320 1347 430 1418 γὰρ
459 1351 760 1418 γενομένης
789 1350 1116 1422 θεοσημείας
1140 1394 1156 1418 ,
1189 1356 1396 1415 ἐκεῖνος
1432 1355 1621 1427 ὥσπερ
1651 1358 1760 1411 τῶν

186 1438 356 1493 αὐτοῦ
391 1440 531 1494 θεῶν
559 1441 890 1511 τυφλότερος
918 1441 1014 1508 ὣν,
1046 1444 1106 1497 ού
1131 1447 1292 1516 μόνον
1321 1447 1472 1500 οὐδὲν
1504 1452 1758 1518 συνῆκεν,

184 1531 323 1586 ἀλλὰ
350 1533 444 1584 καὶ
466 1533 566 1601 τὴν
586 1533 840 1603 μάρτυρα
866 1535 1047 1599 ζῶσαν
1081 1538 1344 1608 ἠπείλησε
1367 1541 1756 1594 κατακαύσεινο

185 1625 220 1693 ὴ
256 1625 311 1675 δὲ
346 1624 498 1677 οὐδὲν
531 1625 972 1698 ὑποστειλαμὲνη
1003 1629 1064 1682 τὸ
1094 1630 1193 1700 μὲν
1226 1632 1561 1702 πρόσκαιρον
1582 1628 1754 1686 εἶπεν·

184 1711 256 1768 Ὦ
295 1715 553 1785 τύραννε,
584 1717 747 1771 τοῦτο
785 1721 844 1774 τὸ
886 1720 997 1791 πῦρ
1033 1722 1170 1794 ὅπερ
1217 1723 1342 1794 ὲμολ⁵
1370 1724 1464 1777 νῦν
1493 1726 1756 1791 ἀπειλεῖς,

181 1808 325 1876 ταχὺ
376 1806 478 1876 μὲν
529 1809 852 1873 ἀνάπτεται,
905 1814 1043 1883 ταχὺ
1085 1814 1141 1866 δὲ
1183 1817 1278 1868 καὶ
1327 1816 1406 1885 τῷ
1449 1818 1761 1890 βουλομένῳ

187 1897 508 1954 σϐέννυται.
564 1900 672 1955 Καὶ
701 1901 800 1970 οὐχ
832 1900 1006 1963 οὕτως
1039 1903 1152 1970 ἐγὼ
1196 1905 1295 1974 τὴν
1319 1905 1498 1977 ψυχὴν
1528 1909 1760 1978 ἀγεννὴς

186 1993 263 2055 ὡς
319 1993 456 2063 πρὸς
499 1993 742 2046 τοιοῦτον
795 1994 906 2066 πῦρ
956 1997 1358 2064 ἀποδειλιάσαι,
1415 2001 1476 2053 ού
1515 2003 1589 2072 μὰ
1634 2003 1763 2066 τοὺς

189 2083 370 2153 ίεροὺς
403 2084 624 2151 ἀγῶνας
654 2086 764 2139 τῶν
797 2087 884 2140 διὰ
926 2088 1164 2158 Χριστὸν
1213 2091 1477 2156 γενναίως
1507 2094 1763 2163 ἀνδρισα-

188 2177 394 2244 μένων,
456 2177 646 2230 οὐδένα
701 2179 963 2248 ὲμϐἀλλει
1011 2183 1172 2237 τοῦτο
1224 2185 1389 2254 φόϐον
1445 2187 1591 2257 ἐμοὶ,
1646 2189 1761 2242 ἀλλ’

185 2267 366 2320 ἐκεῖνο
403 2269 464 2320 τὸ
530 2270 641 2341 πῦρ
688 2272 928 2339 δέδοικα,
977 2278 1152 2329 ὲκεῖνό
1189 2295 1279 2346 μοι
1355 2279 1450 2332 καὶ
1503 2281 1584 2345 είς
1637 2280 1762 2335 νοῦν

187 2361 357 2429 μόνον
391 2364 688 2434 ἐρχόμενον
725 2367 1054 2424 καθίσταται
1091 2371 1346 2442 φοϐερὸν,
1399 2374 1428 2425 ὃ
1470 2375 1595 2438 τοὺς
1668 2376 1766 2444 ἁρ-

183 2455 492 2524 νουμένους
527 2456 619 2510 τὸν
672 2460 909 2529 Χριστὸν
966 2465 1298 2531 περιμένει,
1352 2466 1578 2518 αἰωνίαν
1638 2465 1764 2535 ἔχον

185 2547 284 2599 καὶ
315 2548 434 2601 οὐδὲ
468 2548 643 2618 βραχὺ
685 2551 960 2619 λήγουσαν
992 2553 1091 2623 τὴν
1120 2555 1426 2622 ἐνέργειαν.
1483 2557 1539 2610 '0
1567 2558 1766 2626 τύραν-

183 2656 277 2701 νος
337 2639 438 2708 μέν
493 2658 576 2692 τοι
628 2641 695 2694 τὰ
741 2643 1084 2712 ἡπειλημένα
1142 2646 1278 2716 πρὸς
1322 2645 1484 2717 ἔργον
1530 2648 1762 2715 ἐξάγων,

187 2731 428 2799 κάμινον
482 2733 782 2800 ὲξαφθῆναι
841 2736 1076 2803 κελεύει,
1136 2741 1309 2812 πίσσῃ
1367 2741 1460 2792 καὶ
1502 2739 1629 2807 θείῳ
1673 2741 1765 2792 καὶ

189 2819 438 2890 στυπείῳ
477 2822 570 2873 καὶ
608 2821 902 2890 κληματίδι
939 2824 1061 2878 λίαν
1095 2827 1531 2896 ἐκτρεφομένην,
1581 2829 1675 2881 καὶ
1733 2830 1766 2897 ὴ

189 2908 327 2976 φλὸξ
385 2910 466 2971 εἰς
529 2913 728 2978 πήχεις
773 2913 934 2964 πέντε
983 2915 1076 2966 καὶ
1123 2917 1542 2986 τεσσαράκοντα
1577 2918 1762 2987 ἡρετο.

203 2999 612 3066 Ἐμϐάλλεσθαι
643 3003 697 3053 δὲ
732 3005 768 3070 ἡ
800 3004 1013 3072 μάρτυς
1064 3005 1335 3074 μέλλουσα
1378 3008 1455 3078 τῷ
1504 3011 1658 3080 πυρὶ,
1707 3010 1769 3062 τὸ

187 3091 303 3143 τῶν
333 3091 498 3160 τριῶν
531 3093 740 3145 παίδων
785 3095 971 3160 ὅπλον,
1016 3096 1113 3166 τὴν
1158 3101 1466 3170 προσευχὴν
1509 3103 1769 3170 περιϐάλ-

1865 623 1969 677 fuit
2021 623 2231 696 integra
2266 634 2322 681 et
2350 641 2505 690 sana,
2561 625 2655 681 sed
2709 625 2875 680 etiam
2934 624 3081 677 vultu
3137 623 3332 678 alacris
3369 626 3425 692 (ο

1863 713 2240 769 admirabilem
2291 725 2460 780 tuam,
2510 715 2746 782 Christe,
2794 714 3079 784 virtutem)
3120 730 3271 778 curn,
3303 714 3426 768 aliis

1863 803 2025 856 etiam
2083 805 2420 873 patientibus
2496 821 2640 875 saepe
2689 805 2819 859 insit
2873 804 3093 859 tristitia
3169 803 3222 857 in
3275 803 3425 858 vultu

1863 911 2052 950 eorum
2089 897 2182 966 qui
2206 908 2527 967 spectantet
2555 907 2682 954 sunt
2710 898 3084 953 humaniores.

1934 985 2049 1042 νη.
2083 987 2191 1041 Sed
2236 986 2490 1058 Ethiops
2525 1004 2632 1043 non
2671 989 2977 1051 dealbatur,
3010 997 3064 1042 et
3099 987 3303 1056 lignum
3338 985 3424 1038 in-

1864 1093 2092 1134 curvum
2117 1095 2226 1133 non
2245 1079 2515 1150 dirigitur,
2545 1091 2602 1134 et
2631 1096 2830 1135 cancer
2864 1089 3010 1135 recte
3062 1077 3269 1149 ingredi
3313 1090 3420 1130 non

1863 1170 2108 1226 docetur.
2158 1171 2281 1228 Haec
2315 1170 2531 1227 Priscus
2585 1175 2907 1234 sceleratus,
2969 1181 3025 1226 et
3063 1171 3220 1240 cujus
3282 1165 3429 1220 nullo

1863 1265 2026 1318 modo
2061 1274 2272 1333 poterat
2315 1264 2496 1319 curari
2546 1264 2758 1318 vitium.
2805 1263 2939 1317 Nam
2984 1280 3109 1318 cum
3167 1260 3429 1316 divinitus

1863 1355 2064 1410 factum
2095 1366 2242 1412 esset
2298 1358 2404 1412 tale
2449 1357 2684 1428 signum,
2716 1359 2825 1420 ille,
2870 1365 2929 1410 ut
2980 1355 3072 1424 qui
3123 1359 3269 1407 esset
3319 1350 3434 1404 suis

1865 1446 1971 1501 diis
2020 1448 2239 1514 caecior,
2274 1465 2382 1504 non
2432 1450 2608 1503 solum
2644 1449 2779 1502 nihil
2829 1447 3118 1508 intellexit,
3140 1444 3236 1498 sed
3257 1456 3433 1497 mina-

1866 1548 1955 1592 tus
1993 1549 2076 1593 est
2103 1541 2265 1594 etiam
2297 1557 2354 1594 se
2401 1556 2524 1596 esse
2547 1541 2724 1595 vivam
2761 1549 3080 1594 exusturum
3118 1544 3430 1603 martyrem.

1864 1631 1959 1690 Illa
1990 1641 2168 1685 autem
2206 1647 2552 1703 nequaquam
2585 1648 2645 1687 se
2689 1633 2997 1702 reprimens
3041 1646 3052 1681 :
3090 1629 3169 1683 Ad
3216 1635 3433 1694 tempus

1865 1722 2082 1792 quidem
2111 1733 2214 1788 est,
2246 1725 2444 1794 inquit,
2491 1740 2524 1780 ο
2573 1733 2824 1796 tyranne,
2884 1722 3044 1794 ignis,
3096 1734 3257 1790 quem
3303 1715 3436 1768 mihi

1867 1833 2014 1872 nunc
2040 1818 2318 1873 minaris:
2365 1828 2422 1873 et
2464 1818 2574 1873 cito
2645 1816 2864 1886 quidem
2926 1811 3262 1872 accenditur,
3331 1806 3439 1861 cito

1863 1907 2025 1962 etiam
2059 1923 2087 1961 a
2109 1910 2325 1964 volente
2354 1907 2720 1978 exstinguitur
2752 1924 2768 1974 ;
2809 1919 2990 1972 neque
3011 1917 3111 1971 ego
3158 1914 3278 1952 sum
3330 1905 3436 1950 tam

1863 2000 2044 2068 pusilli
2068 2009 2124 2054 et
2144 2001 2339 2070 abjecti
2381 1999 2570 2061 animi,
2606 2008 2665 2052 ut
2717 1995 2863 2053 hunc
2896 1997 3076 2065 ignem
3123 1987 3433 2045 formidem.

1862 2090 2006 2156 Non,
2063 2108 2161 2160 per
2205 2109 2359 2147 sacra
2392 2093 2690 2147 certamina
2722 2106 2911 2146 eorum
2944 2088 3034 2157 qui
3071 2101 3128 2139 se
3161 2098 3258 2154 pro
3288 2079 3441 2137 Chri-

1867 2190 1954 2238 sto
2017 2188 2241 2240 strenue
2313 2193 2369 2240 et
2430 2185 2646 2240 fortiter
2707 2190 3013 2256 gesserunt,
3065 2180 3166 2232 hoc
3221 2173 3438 2244 quidem

1869 2275 2004 2329 mihi
2045 2277 2214 2330 ullum
2248 2278 2405 2332 affert
2451 2278 2702 2332 timorem
2741 2293 2754 2328 :
2795 2276 2888 2329 sed
2923 2264 3081 2328 illum'
3109 2271 3287 2340 ignem
3341 2280 3440 2318 cx—

1867 2367 2117 2433 timesco,
2152 2369 2242 2423 ille
2274 2369 2404 2423 mihi
2464 2369 2549 2424 vel
2600 2369 2776 2422 solum
2837 2366 2892 2420 in
2937 2373 3174 2418 mentem
3213 2355 3442 2411 veniens

1868 2457 2004 2528 ignis
2048 2469 2134 2513 est
2188 2459 2468 2522 terribilis,
2527 2459 2618 2528 qui
2653 2467 2837 2514 manet
2882 2469 2977 2511 eos
3020 2452 3109 2521 qui
3163 2448 3442 2503 Christum

1867 2561 2101 2622 negant,
2145 2563 2202 2607 ut
2230 2552 2321 2621 qui
2378 2561 2638 2607 aeternam
2687 2550 2888 2603 haheat
2931 2543 3328 2614 operationem,
3387 2543 3443 2589 et

1867 2661 1936 2699 ne
1967 2647 2239 2700 tantillum
2275 2646 2494 2715 quidem
2555 2644 2923 2699 desinentem.
2957 2639 3143 2705 Itaque
3177 2643 3442 2705 tyrannus

1866 2739 2084 2808 quidem
2135 2739 2200 2792 ad
2238 2739 2492 2792 effectum
2569 2737 2852 2790 deducens
2907 2748 2970 2785 ea
3031 2745 3151 2798 qua:
3203 2727 3445 2780 minatus

1870 2832 2076 2890 fuerat.
2122 2830 2282 2900 jubet
2315 2828 2542 2884 accendi
2579 2830 2883 2888 fornacem,
2918 2838 3039 2893 qua:
3080 2821 3234 2875 valde
3270 2818 3446 2872 alere-

1870 2933 1958 2978 tur
2013 2922 2154 2994 pice,
2214 2921 2449 2986 sulfure,
2515 2929 2715 2994 stuppa
2761 2927 2817 2972 et
2865 2913 3178 2971 sarmentis.
3217 2910 3281 2964 Et
3337 2910 3444 2964 alla

1868 3015 2086 3084 quidem
2129 3023 2246 3067 erat
2278 3013 2490 3066 ﬂamma
2521 3009 2880 3080 quadraginta
2912 3016 2968 3061 et
3000 3006 3248 3075 quinque
3290 3001 3448 3055 cubi-

1871 3113 1974 3161 tOs.
2009 3104 2066 3158 ln
2106 3105 2284 3175 ignem
2315 3115 2495 3157 autem
2526 3102 2817 3171 injicienda
2853 3109 3082 3170 martyr,
3145 3095 3324 3150 induit
3363 3109 3444 3146 ar-

186 3183 369 3244 λεται,
407 3184 500 3234 καὶ
531 3183 641 3252 πῦρ
671 3185 835 3252 εύχῆς
869 3186 1102 3238 ἀνάπτει
1130 3189 1270 3241 κατὰ
1302 3192 1490 3257 πυρὸς,
1526 3193 1584 3244 τὸ
1613 3193 1765 3262 ὄμμα

1873 3219 1956 3256 ma
1979 3202 2141 3256 trium
2169 3216 2486 3270 puerorum,
2509 3215 2706 3267 nempe
2729 3213 2918 3266 preces
2945 3205 3031 3261 ;et
3053 3202 3241 3248 contra
3261 3193 3444 3262 ignem

184 3292 250 3327 τε
289 3277 370 3335 είς
415 3277 680 3345 οὐρανοὺς
719 3276 924 3348 ἄρασα,
975 3278 1032 3330 '0
1061 3278 1196 3342 Θεὸς
1221 3322 1234 3344 ,
1270 3276 1444 3346 εἶπεν,
1479 3285 1506 3335 ὁ
1537 3284 1594 3333 ἐν
1625 3285 1764 3353 ὑψη-

186 3366 306 3430 λοῖς
351 3368 626 3421 κατοικῶν
672 3370 770 3422 καὶ
808 3369 876 3422 τὰ
925 3371 1156 3424 ταπεινὰ
1190 3371 1423 3442 ἐφορῶν,
1471 3375 1498 3425 ὁ
1529 3376 1654 3437 τοὺς
1709 3378 1766 3429 ἐν

190 3463 477 3517 Βαϐυλῶνι
502 3469 650 3536 τρεῖς
671 3467 860 3528 παῖδας
885 3467 972 3519 διὰ
1004 3467 1094 3521 τὸν
1132 3467 1222 3520 σὺν
1252 3469 1418 3538 νόμον
1448 3469 1767 3533 ἐκδοθέντας

189 3557 331 3624 πυρὶ
372 3557 438 3608 δι’
491 3559 646 3618 ἁγίου
680 3559 913 3626 ἀγγέλου
960 3578 1052 3614 σου
1085 3562 1272 3615 κακῶν
1307 3563 1541 3626 ἀπαθεῖς
1571 3580 1767 3634 συντη-

193 3648 392 3713 ρήσας,
425 3649 518 3698 καὶ
542 3649 734 3718 δρόσον
769 3652 952 3711 αὐτοῖς
983 3651 1191 3704 ἄνωθεν
1219 3653 1559 3722 ἐπιπέμψας,
1604 3656 1766 3719 αὐτὸς

191 3736 290 3790 καλ
324 3739 447 3807 ἐμοὶ
480 3742 547 3810 τῇ
585 3741 650 3811 σῇ
684 3739 845 3814 δούλῃ
883 3742 1194 3812 παράστηθι
1243 3743 1458 3814 βοηθὸς,
1487 3744 1585 3816 τῆς
1637 3747 1767 3816 σῆς,

190 3830 424 3900 Χριστὲ,
457 3832 613 3901 δόξης
639 3834 1046 3907 ὑπεραθλούσῃ.
1081 3835 1238 3890 Οὕτω
1265 3855 1324 3891 τε
1355 3837 1498 3905 εἷπε,
1558 3842 1651 3894 καὶ
1689 3843 1767 3911 τῷ

190 3923 352 3992 τύπῳ
377 3925 470 3976 τοῦ
500 3925 734 3993 σταυροῦ
761 3926 921 3977 πάλιν
943 3926 1016 3987 ὼς
1044 3928 1213 3996 ἑτέρῳ
1232 3929 1380 3997 ὅπλῳ
1410 3931 1610 4000 ἑαυτὴν
1632 3934 1765 3986 καθ·

191 4014 485 4074 οπλὶσασα,
539 4015 812 4086 εὐτρεπὴς
887 4016 1076 4070 ἵστατο
1129 4019 1192 4071 τὸ
1265 4022 1590 4089 τυραννικὸν
1643 4025 1764 4077 ἐπί-

191 4123 384 4173 ταγμα
416 4108 813 4177 περιμένουσα.

266 4197 350 4252 H'.
395 4199 481 4261 Ὠς
511 4199 567 4252 δὲ
621 4200 830 4263 ἐκεῖνος
861 4203 926 4272 τῇ
959 4202 1174 4274 καμίνῳ
1204 4206 1409 4275 ταύτην
1435 4207 1627 4271 ἐδίδου,
1667 4210 1759 4262 καὶ

191 4296 379 4365 χεῖρες
430 4293 603 4363 αὐτὴν
683 4293 912 4363 ἔμελλον
969 4296 1275 4361 συλλαϐεῖν,
1343 4298 1624 4367 Σωσθένης
1674 4303 1768 4354 καὶ

194 4387 417 4456 Βίκτωρ
454 4387 502 4438 οί
533 4387 937 4457 προηγούμενοι
978 4389 1086 4441 τῶν
1129 4389 1208 4451 είς
1241 4388 1412 4442 ταῦτα
1453 4390 1766 4446 διακονούν-

191 4495 326 4538 των,
367 4478 759 4547 προσελθόντες
784 4481 862 4549 τῷ
901 4482 1140 4551 Πρίσκῳ,
1168 4483 1249 4535 ὅτι
1280 4483 1398 4551 μὲν,
1430 4484 1658 4554 ἔφησαν,
1688 4480 1767 4547 οἷς

194 4567 555 4635 προστάττεις
623 4569 896 4638 πρόθυμοι
937 4572 1268 4639 λειτουργεῖν
1316 4577 1476 4644 ἡμεῖς
1523 4592 1535 4605 ο

194 4659 428 4719 πολλοὺς
465 4660 681 4730 ἔχοντες
713 4661 1020 4731 μάρτυρας,
1053 4664 1154 4717 οὐκ
1184 4665 1376 4728 ἄλλους
1408 4667 1438 4736 ἢ
1471 4667 1596 4728 τοὺς
1644 4670 1770 4733 σοὺς

196 4750 618 4822 προϐαλλόμεθα
671 4753 1006 4823 ὀφθαλμούς.
1093 4757 1228 4809 Νυνὶ
1276 4757 1332 4809 δὲ
1387 4760 1482 4828 οὐχ
1541 4755 1642 4812 οἷοί
1700 4763 1760 4813 τέ

196 4846 389 4912 ἐσμεν,
419 4844 514 4897 τοῦ
551 4846 648 4914 τῆς
678 4846 952 4913 παρθένου
986 4849 1187 4918 ταύτης
1219 4850 1457 4919 ἅψασθαι
1496 4853 1768 4922 σώματος,

194 4934 399 5002 ἄνδρας
455 4936 565 5004 γὰρ
625 4938 841 5007 ορῶμεν
883 4939 1149 5008 φοϐεροὺς
1200 4943 1297 5011 τὴν
1341 4942 1463 5008 ὄψιν
1507 4944 1767 5007 ἑστῶτας,

196 5025 346 5092 ἡμᾶς
386 5025 485 5095 μὲν
515 5027 680 5095 δριμὺ
721 5028 839 5079 λίαν
876 5031 967 5080 καὶ
1002 5029 1269 5098 βλοσυρὸν
1295 5032 1764 5099 προσϐλέποντας,

197 5115 454 5186 ἑτοίμους
503 5115 558 5168 δὲ
611 5117 772 5179 ὄντας
813 5120 913 5188 τῆς
951 5122 1224 5190 παρθένου
1282 5126 1627 5194 προστῆναι,
1676 5127 1770 5179 καὶ

198 5208 398 5274 φλογὸς
430 5207 599 5278 αὐτὴν
635 5209 924 5278 κρείττονα
959 5212 1154 5278 δεῖξαι.
1193 5214 1257 5266 Τί
1288 5215 1396 5283 γὰρ
1428 5218 1559 5270 ἄλλο
1583 5220 1769 5283 αὐτοῖς

199 5297 453 5367 βούλεται
481 5301 541 5352 τὸ
567 5301 984 5370 διασκορπίζειν
1019 5305 1148 5356 ἔνθα
1200 5310 1295 5360 καὶ
1336 5308 1459 5360 ἔνθα
1510 5311 1570 5361 τὸ
1616 5311 1766 5382 πῦρ;

209 5391 298 5455 Ὠς
321 5390 412 5444 οῦν
441 5393 469 5443 ό
503 5394 740 5464 Πρίσκος
775 5397 973 5465 ἢκουσε
1009 5397 1220 5463 ταῦτα,
1272 5401 1492 5461 τούτους
1532 5404 1630 5470 μὲν
1666 5406 1765 5475 ἤδη

197 5483 616 5556 μεταμαθόντας
644 5488 742 5556 τὴν
775 5489 1104 5553 θεοσέϐειαν,
1141 5496 1208 5560 τῇ
1253 5494 1443 5562 εἱρκτῆ
1475 5498 1769 5565 παραπέμο

196 5595 312 5642 πει,
358 5579 608 5648 Καίσαρα
654 5579 707 5630 δὲ
753 5581 847 5632 καὶ
897 5581 1150 5651 Βικάριον
1201 5583 1343 5637 οὕτω
1375 5587 1766 5656 καλουμένους,

195 5678 280 5735 είς
318 5675 417 5743 τὴν
459 5673 683 5727 ἐκείνων
715 5675 1134 5744 ἁντικαθίστησι
1170 5678 1534 5749 λειτουργίαν.
1579 5683 1684 5733 Καὶ
1717 5687 1765 5737 οξ

197 5766 319 5835 μὲν,
377 5765 675 5833 προθύμως
717 5765 813 5832 τὴν
861 5767 1296 5847 καλλιπάρθενον
1342 5771 1628 5840 Εὐφημίαν
1667 5775 1766 5841 τῆς

193 5858 301 5912 τῶν
327 5856 573 5923 ἀγγέλων
618 5856 761 5918 θείας
795 5861 1226 5931 παραχωρούσης
1252 5861 1548 5932 δυνάμεως·
1569 5867 1632 5916 οὑ
1658 5866 1762 5944 γὰρ

1871 3295 2122 3349 accendit
2155 3295 2331 3366 ignem
2359 3291 2649 3355 orationis,
2680 3299 2735 3345 et
2775 3290 2964 3345 oculos
3015 3288 3068 3341 in
3109 3287 3306 3340 Caelum
3343 3281 3445 3336 tol-

1870 3384 1986 3438 lens
2046 3387 2257 3448 :Deus,
2303 3385 2496 3454 inquit,
2555 3383 2647 3451 qui
2703 3384 2757 3434 in
2811 3379 3044 3434 excelsis
3106 3377 3336 3437 habitas,
3391 3381 3447 3424 et

1872 3473 2098 3529 humilia
2135 3473 2364 3527 intueris
2398 3489 2411 3526 :
2445 3472 2535 3541 qui
2568 3471 2841 3540 Babylone
2895 3479 3004 3521 tres
3061 3478 3282 3536 pueros,
3319 3477 3444 3532 pru-

1870 3578 1993 3640 pter
2022 3577 2168 3622 tuam
2183 3568 2356 3637 legem
2389 3565 2495 3636 igni
2531 3563 2780 3623 traditos,
2804 3576 2900 3630 per
2925 3567 3170 3612 sanctum
3190 3554 3440 3625 angelum

1872 3670 2027 3713 tuum
2061 3675 2090 3711 a
2153 3660 2309 3710 malis
2355 3657 2556 3710 illzusos
2611 3652 2970 3712 conservasti.
3043 3660 3099 3705 et
3144 3649 3223 3703 eis
3265 3661 3444 3700 rorem

1869 3749 2106 3818 desuper
2150 3745 2449 3803 immisisti.
2495 3758 2550 3799 tu
2615 3759 2831 3812 quoque
2882 3742 3013 3796 mihi
3068 3752 3171 3796 tuae
3233 3737 3446 3792 ancilla:

1870 3845 2015 3900 adsis
2070 3843 2307 3913 adjutor,
2361 3855 2482 3909 qua:
2544 3853 2644 3906 pro
2707 3846 2821 3896 tua,
2860 3848 2892 3889 ο
2934 3835 3170 3896 Christe,
3221 3834 3444 3887 decerto

1869 3936 2062 4005 gloria.
2103 3934 2191 3987 Sic
2212 3932 2345 3986 dixit
2374 3951 2384 3985 :
2425 3939 2480 3984 et
2507 3945 2632 3983 cum
2661 3928 2829 3999 figura
2854 3927 3034 3981 crucis
3070 3940 3284 3986 rursus,
3319 3934 3441 3976 tan-

1868 4041 2031 4095 quam
2065 4024 2187 4078 aliis
2215 4024 2406 4081 armis,
2436 4022 2674 4089 seipsam
2707 4027 2998 4081 armasset,
3027 4017 3206 4070 stabat
3233 4025 3440 4084 parata,

1869 4127 2191 4188 exspectans
2211 4115 2426 4186 jussum
2457 4108 2695 4180 tyranni.

1943 4209 2230 4265 Vlll.Cum
2264 4206 2550 4261 autemille
2586 4203 2974 4280 jussisseteam
3003 4201 3054 4255 in
3091 4203 3267 4272 ignem
3308 4218 3441 4257 con-

1865 4304 1980 4371 jici,
2007 4312 2059 4354 et
2083 4316 2200 4354 eam
2226 4314 2419 4352 manus
2446 4305 2629 4350 essent
2651 4296 2902 4348 lictorum
2936 4296 3440 4362 comprehensurw.

1872 4393 2058 4448 Victor
2095 4403 2149 4445 et
2193 4390 2524 4452 Sosthenes,
2553 4387 2644 4457 qui
2678 4394 2952 4457 praeerant
2984 4387 3052 4442 iis
3083 4388 3174 4456 qui
3231 4388 3298 4440 ad
3333 4389 3445 4442 haec
3532 4451 3539 4459 ,

1871 4484 2267 4545 inserviebam,
2311 4481 2377 4535 ad
2428 4480 2675 4535 Priscum
2740 4480 3070 4535 accedentes
3118 4496 3129 4529 :
3173 4479 3327 4544 Quod
3379 4480 3445 4533 iis

1592 4578 1769 4631 καίτοι
1801 4564 1846 4622 υ
1875 4579 2116 4651 quidem,
2152 4590 2271 4645 quae
2307 4575 2562 4641 imperas,
2625 4580 2878 4642 prompto
2931 4581 2987 4624 et
3038 4571 3202 4625 alacri
3263 4570 3444 4625 animo

1870 4671 2264 4726 iuserviamus,
2302 4665 2478 4724 aiunt,
2528 4668 2630 4717 etsi
2676 4664 2878 4715 multos
2919 4662 3216 4717 habeamus
3257 4670 3440 4722 testes.

1869 4779 1976 4819 non
2017 4762 2174 4822 alios,
2232 4774 2392 4829 quam
2435 4767 2557 4812 tuos
2603 4755 2793 4810 oculos
2851 4754 3222 4824 producimus.
3288 4753 3444 4808 Nune

1869 4867 2051 4911 autem
2089 4870 2196 4908 non
2221 4867 2513 4924 possumus
2559 4859 2780 4920 tangere
2816 4863 3016 4916 corpus
3078 4847 3242 4916 hujus
3281 4848 3441 4915 virgi-

1870 4951 1974 5002 nis.
2011 4947 2270 5000 Videmus
2289 4946 2432 4998 enim
2468 4944 2613 4995 viros
2659 4951 2871 4995 stantes
2907 4949 3133 5007 aspectu
3189 4939 3441 4993 formida-

1871 5040 2029 5103 biles,
2090 5053 2190 5093 uos
2232 5036 2452 5106 quidem
2501 5045 2654 5089 torve
2703 5033 2994 5087 admodum
3051 5031 3350 5094 intuentes,
3389 5042 3446 5086 et

1872 5141 2086 5201 paratos
2156 5129 2423 5200 virginem
2507 5125 2842 5189 defendere,
2907 5132 2964 5177 et
3036 5139 3153 5176 eam
3227 5123 3439 5177 etlicere

1870 5224 2082 5280 flamma
2146 5222 2506 5290 superiorem.
2555 5218 2701 5283 Quid
2755 5215 2901 5273 c'nim
2959 5217 3104 5270 aliud
3142 5215 3243 5269 sibi
3301 5219 3436 5275 vult,

1869 5315 2012 5382 quod
2065 5317 2246 5382 ignem
2303 5315 2408 5366 huc
2449 5323 2504 5366 et
2555 5313 2680 5365 illuc
2731 5309 3099 5378 dispergunt?
3151 5307 3442 5375 Postquam

1871 5418 2050 5462 autem
2112 5407 2222 5459 lucc
2279 5403 2485 5459 audivit
2548 5403 2782 5463 Priscus,
2813 5415 2907 5454 eos
2969 5401 3214 5468 quidem,
3259 5395 3442 5471 utqui

1865 5503 1976 5567 jam
2013 5516 2042 5551 a
2104 5499 2252 5551 cultu
2286 5503 2509 5551 deorum
2537 5496 2890 5556 defecissent,
2926 5494 3094 5547 mittit
3153 5493 3204 5545 in
3252 5507 3438 5544 carce-

1873 5607 1982 5642 rem
2020 5605 2032 5640 :
2079 5588 2344 5643 (ζειξδιιτριιι
2378 5597 2556 5639 autem
2607 5601 2667 5638 ac
2699 5585 2968 5640 Vicarium
3004 5587 3101 5651 (sic
3154 5585 3298 5637 enim
3350 5597 3437 5640 vo-

1869 5682 2152 5737 cabantur)
2202 5681 2400 5734 suﬂicit
2471 5681 2521 5730 in
2568 5693 2754 5731 eorum
2807 5679 3193 5732 ministerium.
3248 5678 3312 5728 Et
3364 5676 3435 5726 illi

1874 5776 2091 5842 quidem
2134 5783 2385 5841 prompto
2435 5786 2484 5824 et
2535 5772 2699 5826 alacri
2740 5771 2904 5823 animi
2949 5772 3128 5823 studio
3163 5769 3433 5836 egregiam

1879 5868 2136 5934 virginem
2173 5866 2538 5933 Euphemiam,
2594 5866 2820 5920 cedente
2879 5865 3058 5916 divtna
3106 5862 3305 5913 Virtute
3338 5873 3432 5910 an-
