4198 6438
754 425 862 490 723

1980 416 2264 479 MENSIS
2305 413 2784 481 SEPTEMBER.

3904 393 4013 459 ’724

757 543 1001 612 gelorurn
1054 540 1256 609 (neque
1308 539 1454 594 enim
1501 546 1760 610 poterant
1831 533 1934 604 ipsi
1966 530 2325 586 mutationem

2442 525 2599 581 αὐτοὶ
2630 521 2733 580 οἷοι
2767 543 2826 579 τε
2871 521 3013 595 ἦσαν
3053 518 3355 593 μεταϐολὴν
3397 513 3651 582 δέξασθαι
3687 513 3823 582 πρὸς
3855 510 4015 563 εὐσέο

757 633 1038 702 suscipere
1057 632 1125 685 ad
1164 630 1473 701 pietatem),
1521 629 1776 699 injiciunt
1807 627 1862 680 in
1895 625 2192 680 fornacem.
2219 620 2329 675 Sed

755 740 854 779 eos
879 724 1142 778 continuo
1175 723 1487 794 arguebant
1523 736 1612 775 res
1637 720 1914 778 inanimae.
1940 727 1993 770 et
2023 713 2325 784 punieban-

759 829 849 872 tur
879 818 1051 887 impii.
1082 816 1227 887 Ignis
1273 817 1421 870 enim
1456 826 1684 884 repente
1736 811 2128 872 eﬂ‘ervescens,
2181 816 2236 860 et
2273 805 2328 858 in

757 912 944 966 orbem
969 908 1362 970 circumfusus,
1379 905 1657 977 quomodo
1677 905 1829 975 prius
1852 903 2149 971 Babylone,
2182 899 2329 952 ultus

759 1011 844 1056 est
867 1016 985 1064 eos,
1017 1000 1110 1068 qui
1135 999 1438 1067 injecerant
1473 1015 1488 1063 ;
1537 995 1769 1065 gloriosa
1796 1002 1978 1046 autem
2033 990 2184 1058 virgo
2209 1002 2329 1056 per-

757 1095 886 1149 inde
933 1109 996 1148 ac
1023 1093 1070 1147 si
1101 1108 1207 1146 non
1231 1092 1297 1145 ad
1325 1089 1676 1160 supplicium,
1709 1087 1806 1141 sed
1833 1087 1899 1139 ad
1933 1082 2332 1138 recreationem

759 1186 962 1240 tradita
986 1192 1131 1238 esset
1158 1193 1213 1238 et
1239 1183 1486 1245 delicias,
1529 1181 1731 1234 mansit
1758 1178 1978 1247 quidem
2011 1173 2330 1244 aliquandiu

760 1278 829 1332 ab
859 1279 984 1348 igne
1015 1277 1180 1331 illaesa
1213 1292 1228 1338 ;
1257 1273 1607 1329 securissime
1648 1282 1829 1324 autem
1881 1268 2136 1323 movebat
2184 1266 2332 1319 labra

760 1370 826 1425 ad
879 1370 1112 1439 hymnos
1145 1367 1383 1431 divinos,
1450 1379 1581 1418 aura
1644 1362 1793 1418 molli
1853 1371 1909 1416 et
1952 1358 2164 1414 roscida
2213 1372 2331 1412 eam

759 1463 1145 1531 refrigerante.

831 1553 923 1607 IX.
962 1553 1257 1620 Postquam
1284 1561 1467 1606 autem
1507 1557 1562 1604 et
1595 1547 1812 1601 ﬂamma
1858 1544 2162 1607 contabuit,
2193 1552 2249 1597 et
2278 1542 2332 1596 in

759 1646 1022 1700 Caesarem
1047 1655 1101 1699 et
1117 1643 1389 1699 Vicarium
1409 1641 1669 1696 divinitus
1685 1639 1985 1694 immissum
2002 1636 2330 1706 supplicium

759 1739 897 1792 alios
930 1738 1214 1791 ministros
1246 1735 1435 1805 procul
1480 1734 1772 1803 dispersu;
1806 1731 2088 1802 egreditur
2130 1737 2334 1796 martyr

759 1829 898 1882 adeo
935 1829 1145 1898 integra
1186 1826 1449 1889 etillaasa,
1473 1835 1621 1879 utne
1644 1825 1696 1877 in
1735 1825 1919 1878 tunica
1944 1821 2162 1891 quidem
2195 1821 2334 1889 ignis

759 1921 930 1974 ullum
955 1927 1199 1974 servaret
1227 1917 1537 1988 vestigium.
1567 1915 1672 1969 Sed
1693 1917 1866 1984 ipsam
1899 1913 2118 1982 quidem
2140 1925 2332 1966 rursus

759 2016 998 2069 vinctam
1030 2013 1248 2067 tenebat
1273 2012 1543 2065 custodia.
1571 2011 1667 2065 Die
1699 2018 1884 2064 autem
1917 2007 2170 2076 sequenti
2202 2006 2331 2062 edu-

759 2107 836 2160 cit
864 2106 1157 2175 proconsul
1193 2103 1466 2156 Victorem
1504 2112 1558 2156 et
1586 2102 1938 2163 Sosthcnem,
1971 2109 2025 2152 et
2048 2098 2210 2168 jussit
2235 2112 2332 2152 eos

762 2196 1076 2252 sacriﬁcare
1108 2197 1216 2278 diis
1251 2194 1386 2249 suis.
1422 2195 1500 2249 Illi
1526 2204 1709 2248 autem
1749 2211 1762 2249 :
1825 2191 1955 2256 Nos,
2013 2191 2255 2255 aiebant,
2299 2205 2332 2244 0

764 2289 1084 2358 proconsul,
1132 2304 1327 2358 magno
1357 2288 1506 2357 prius
1532 2301 1719 2340 errore
1740 2285 2023 2353 implicati,
2057 2281 2334 2351 quomodo

767 2390 824 2434 tu
849 2395 1067 2450 quoque
1111 2381 1416 2448 hucusque,
1460 2392 1608 2431 nunc
1653 2377 1868 2430 tandem
1906 2375 2047 2429 bono
2083 2373 2175 2427 Dei
2200 2382 2334 2426 nutu

765 2473 1174 2542 resipiscentes,
1237 2471 1382 2541 digni
1427 2469 1597 2523 habiti
1650 2482 1860 2532 sumus,
1911 2466 2002 2535 qui
2050 2465 2333 2518 veritatem

766 2576 1192 2632 agnosceremus
1222 2576 1319 2630 per
1363 2561 1504 2614 banc
1551 2559 1839 2630 virginem.
1897 2557 2048 2612 Scias
2071 2571 2199 2627 ergo
2236 2570 2335 2610 nos

769 2664 950 2720 neque
978 2650 1080 2705 diis
1115 2651 1379 2704 inanimis
1403 2648 1811 2705 sacriﬁcaturos
1854 2647 2017 2716 (absit
2061 2655 2120 2699 ut
2166 2647 2338 2702 simus

767 2743 904 2798 adeo
927 2754 1121 2796 emotae
1142 2742 1387 2811 mentis),
1423 2756 1602 2810 neque
1647 2740 1758 2794 tuis
1786 2754 1910 2794 esse
1945 2754 2196 2793 cessuros
2222 2737 2338 2792 edi-

769 2833 895 2886 ctis.
930 2833 1224 2901 Postquam
1260 2833 1373 2886 haac
1395 2832 1680 2892 dixissent,
1713 2830 1933 2884 abducti
1976 2840 2105 2884 sunt
2142 2830 2196 2881 in
2227 2838 2338 2883 sta-

771 2926 946 2988 dium,
984 2933 1038 2978 et
1060 2924 1197 2993 jussi
1228 2932 1358 2977 sunt
1384 2938 1626 2993 pugnare
1657 2937 1778 2975 cum
1808 2921 2019 2976 bestiis.
2057 2919 2136 2972 illi
2155 2926 2338 2973 autem

771 3022 1102 3089 imperatum
1156 3019 1391 3071 libenter
1435 3018 1797 3086 accipiebant.
1856 3024 1911 3069 et
1973 3016 2338 3080 exsultabant,

773 3126 884 3165 non
936 3110 1110 3164 solum
1141 3108 1285 3179 quod
1317 3108 1694 3163 existimarent
1719 3121 1838 3161 esse
1865 3107 2037 3161 satius
2061 3105 2343 3161 decertare

2435 622 2616 684 ϐειαν,
2664 619 3030 689 ἐμϐάλλουσιν
3073 616 3153 676 είς
3201 611 3299 682 τὴν
3350 609 3605 678 κάμινον.
3663 603 3804 657 Ἀλλ’
3849 602 4016 664 εὐθὺς

2433 714 2730 783 ἠλέγχοντο
2762 714 2913 782 παρά
2937 708 3045 761 τῶν
3085 706 3336 776 ἀψύχων,
3367 701 3461 756 καὶ
3489 701 3538 752 oi
3571 696 3795 758 ἀσεϐεῖς
3820 694 4019 747 ἐκολάκ-

2435 807 2614 872 ζοντο.
2648 805 2722 858 Τδ
2751 805 2860 874 γὰρ
2895 801 3006 870 πῦρ
3041 798 3239 870 ἀθρόον
3267 793 3669 861 ἀναπαφλάσαν
3704 787 3799 842 καὶ
3827 787 4018 854 κύκλῳ

2433 896 2750 966 περιχυθὲν,
2784 895 2973 963 ὥσπερ
3004 897 3060 945 ἐν
3093 886 3412 951 Βαϐυλῶνι,
3450 885 3508 937 τὸ
3560 883 3836 953 πρότερον
3891 881 4020 940 τοὺς

2435 990 2778 1060 ἐμϐαλόντας
2807 987 3057 1057 ἠμύνατο
3078 1002 3092 1016 ο
3127 985 3160 1053 ἡ
3185 981 3241 1035 δέ
3277 997 3339 1048 γε
3367 976 3677 1036 καλλίνικος
3707 973 4016 1039 ἀθλοφόρος

2434 1083 2626 1150 ὥσπερ
2677 1081 2777 1132 οὐκ
2831 1081 2911 1141 είς
2964 1074 3263 1146 τιμωρίαν,
3313 1070 3429 1124 ἀλλ’
3473 1070 3552 1129 είς
3597 1064 3788 1120 ἄνεσίν
3823 1079 3884 1113 τε
3928 1061 4021 1113 καὶ

2433 1173 2644 1243 τρυφὴν
2666 1171 2969 1234 ἐκδοθεῖσα,
2998 1167 3084 1234 ἐφ’
3107 1165 3293 1218 ἱκανὸν
3319 1162 3418 1230 μὲν
3442 1158 3519 1227 τῷ
3543 1159 3676 1228 πυρὶ
3701 1155 4021 1223 παρέμενεν

2435 1267 2731 1336 ἄψαυστος.
2778 1263 2938 1317 Κατά
2965 1259 3168 1330 πολλὴν
3207 1255 3393 1324 δὲτὴν
3426 1254 3614 1308 ἄδειαν
3657 1248 3797 1318 πρὸς
3836 1244 4021 1304 θείους

2437 1357 2645 1427 ὓμνους
2681 1356 2851 1407 ἐκίνει
2883 1353 2950 1406 τὰ
2983 1353 3157 1422 χείλη,
3191 1348 3364 1420 αῦρας
3391 1346 3562 1416 αὐτὴν
3623 1338 4019 1410 ἀναψυχούσης

2439 1449 2693 1522 μαλακῆς
2721 1464 2778 1499 τε
2813 1445 2907 1498 καὶ
2943 1443 3232 1514 δροσερᾶς.

2507 1540 2581 1594 6'.
2625 1537 2776 1592 Ἐπεὶ
2807 1535 2864 1589 δέ
2912 1534 3006 1588 καὶ
3056 1535 3086 1601 ἡ
3139 1531 3267 1598 φλὸξ
3305 1527 3634 1598 ἐμαραίνετο
3665 1525 3758 1578 καὶ
3807 1525 3841 1591 ἠ
3887 1520 4020 1588 περὶ

2436 1639 2527 1686 τὸν
2562 1631 2818 1702 Καίσαρά
2851 1646 2909 1682 τε
2946 1628 3042 1681 καὶ
3075 1624 3335 1695 Βικάριον
3380 1619 3729 1687 θεόπεμπτος
3773 1613 4020 1683 τιμωρία

2435 1730 2544 1780 τῶν
2576 1724 2867 1795 ὑπηρετῶν
2899 1722 3026 1783 τοὺς
3061 1719 3257 1781 ἀλλους
3291 1715 3483 1786 πόρρω
3509 1729 3610 1764 που
3643 1709 4018 1769 διεσκέδασεν,

2439 1819 2640 1884 ἔξεισιν
2681 1818 2712 1886 ἠ
2751 1814 2983 1885 μάρτυς,
3025 1811 3203 1872 οὓτως
3255 1806 3522 1873 ἀδλαὸὴς,
3568 1802 3643 1862 ὼς
3687 1800 3813 1870 μηδ’
3847 1800 3905 1850 ἐν
3940 1797 4021 1864 τῷ

2389 1887 2628 1982 ἰχιτῶνι
2689 1908 2856 1979 μηδὲν
2899 1908 3046 1976 ῐχνος
3102 1901 3196 1955 τοῦ
3238 1900 3411 1968 πυρὸς
3453 1891 3844 1957 διασώζεσθαι,
3899 1887 4020 1940 ἀλλ’

2437 2004 2607 2069 αὐτὴν
2653 2001 2754 2070 μὲν
2806 1998 2898 2051 καὶ
2933 1991 3092 2056 αὖθις
3127 1995 3160 2063 ἠ
3207 1990 3428 2060 φυλακῆ
3485 1985 3754 2053 δεσμῶτιν
3804 1982 4032 2050 ἐτήρει(

2440 2100 2598 2164 Ἀγει
2646 2095 2700 2147 δὲ
2748 2096 2811 2163 τῇ
2848 2090 2973 2156 ἐξῆς
3018 2090 3045 2142 ό
3073 2085 3386 2145 ἀνθύπατος
3419 2081 3510 2134 τὸν
3540 2077 3799 2145 Βίκτωρά
3828 2090 3888 2124 τε
3925 2072 4022 2124 καὶ

2437 2191 2528 2243 τὸν
2561 2186 2872 2253 Σωσθένην,
2906 2183 3001 2234 καὶ
3035 2179 3186 2232 θύειν
3219 2175 3438 2230 ἐκέλευε
3483 2173 3596 2232 τοῖς
3637 2165 3806 2222 αὐτοῦ
3849 2165 4019 2228 θεοῖς,

2436 2284 2484 2333 οἱ
2514 2282 2591 2345 δέ,
2641 2277 2857 2348 Ἡμεῖς,
2896 2274 3129 2341 ἔφησαν,
3168 2265 3212 2323 ῶ
3255 2267 3562 2330 ἀνθύπατε,
3617 2261 3805 2332 μακρᾷ
3839 2256 4023 2324 πλάνῃ

2437 2373 2497 2426 τδ
2527 2346 2794 2440 πρότερον
2821 2363 3201 2438 χειρωθέντες,
3230 2359 3483 2426 καθάπερ
3514 2356 3577 2424 δὴ
3607 2353 3703 2406 καὶ
3726 2349 3910 2412 αὐτὸς,
3940 2346 4024 2407 εἰς

2438 2466 2518 2519 ἔτι
2551 2463 2667 2528 νῦν,
2705 2462 2856 2531 μόλις
2883 2456 3016 2511 Θεοῦ
3050 2454 3317 2524 νεύμασιν
3349 2450 3744 2519 ἀνανήψαντες,
3774 2439 4024 2507 ἐπιγνῶ-

2438 2577 2527 2612 ναι
2561 2557 2660 2626 τὴν
2693 2528 2956 2624 ἀλήθειαν
2990 2548 3076 2600 διὰ
3126 2547 3222 2614 τῆς
3270 2542 3543 2612 παρθένου
3584 2536 3814 2602 ταύτης,
3853 2528 4025 2626 ηξιῶ-

2442 2620 2795 2721 μεθαίἼσθί
2844 2638 2936 2696 οὖν
2993 2639 3069 2700 ὡς
3125 2638 3252 2691 οὐτε
3330 2635 3530 2702 θύομεν
3588 2628 3817 2696 ἀψύχοις
3873 2620 4026 2679 θεοῖς

2442 2712 2543 2813 ipsi}
2570 2739 2716 2791 οὐτω
2765 2735 2858 2788 νοῦ
2909 2752 2968 2787 τε
3013 2734 3106 2786 καὶ
3160 2726 3375 2798 φρενῶν
3409 2717 3848 2791 διαμάρτωμεν),
3891 2712 4026 2766 οὔτε

2633 2835 2747 2894 σοῖς
2813 2828 3119 2897 ὑπείχομεν
3205 2822 3600 2890 διατάγμασιν.
3692 2811 3847 2864 Ἐπεὶ
3890 2806 4028 2859 ταῦο

3587 2907 3862 2977 ἀπήγοντο
3927 2901 4028 2952 καὶ

2443 2853 2556 2896 τοις

2443 2944 2511 2980 τα
2559 2921 2737 2986 εἶπον,
2794 2923 2873 2985 εἰς
2951 2920 3012 2971 τδ
3077 2917 3296 2972 στάδιον
3347 2896 3521 2974 εὐθὺςδ

2445 3017 2802 3088 θηριομαχεῖν
2859 3011 3196 3066 ἐκελεύοντο,
3263 3009 3325 3060 Οἱ
3369 3004 3426 3058 at
3484 3000 3733 3070 ἁσμένως
3767 2995 3852 3088 Δτί)
3929 3009 4028 3088 κε-

2445 3082 2995 3168 λετύσθένήέδέχοντο
3062 3099 3157 3151 καὶ
3242 3093 3539 3162 ἠγάλλοντο
3591 3088 3648 3139 οὐ
3714 3083 3874 3153 μόνον
3943 3082 4026 3132 ὅτι

773 3219 901 3258 eum
952 3201 1106 3264 feris,
1141 3216 1302 3267 quam
1344 3217 1466 3254 cum
1527 3210 1633 3254 tam
1676 3201 1832 3254 malis
1865 3199 2198 3262 hominibus,
2248 3198 2340 3253 sed

2452 3196 2663 3266 βέλτιον
2702 3191 2935 3261 ἡγοῦντο
2969 3190 3030 3243 τὸ
3062 3188 3199 3257 πρὸς
3233 3186 3406 3256 θῆρας
3441 3179 3642 3251 μᾶλλον
3681 3177 3713 3244 ἢ
3741 3174 3885 3226 οῦτω

775 3295 940 3350 etiam
998 3291 1144 3363 quod
1209 3307 1307 3362 per
1366 3293 1557 3346 dentes
1608 3291 1847 3345 ferarum
1898 3300 2053 3344 erant
2089 3289 2164 3343 illi
2209 3305 2344 3343 con-

774 3387 1005 3442 fracturi
1034 3386 1278 3440 maxillas
1328 3385 1539 3448 bestiae,
1585 3401 1702 3453 qua:
1731 3394 1880 3438 caret
1933 3398 2119 3437 carne.
2188 3381 2345 3446 Quod

776 3478 1001 3549 quidem
1054 3492 1177 3530 cum
1235 3479 1440 3546 precati
1497 3487 1704 3539 essent,
1756 3475 2048 3528 audierunt
2097 3474 2164 3526 de
2209 3471 2348 3525 coelo

776 3583 998 3635 vocem,
1048 3583 1170 3638 quae
1228 3568 1567 3638 signiﬁcabat
1636 3567 1805 3619 fuisse
1859 3564 2099 3617 auditam
2155 3578 2346 3617 eorum

776 3656 1268 3716 orationem.Cum
1319 3671 1448 3726 ergo
1486 3655 1746 3709 immissa:
1792 3654 2028 3710 fuissent
2073 3653 2259 3707 bestiae
2291 3654 2343 3708 in

780 3759 1069 3821 martyres,
1095 3759 1150 3803 et
1177 3749 1229 3803 in
1275 3763 1370 3802 eos
1419 3747 1757 3812 insiliissent,
1784 3747 1932 3817 gravi
1959 3745 2166 3814 ﬂagello
2214 3744 2350 3796 inci-

778 3852 932 3906 tatae,
976 3855 1174 3908 nempe
1216 3839 1380 3899 fame,
1446 3847 1499 3890 et
1541 3853 1639 3892 eos
1678 3839 1852 3891 solum
1905 3835 2346 3898 momordissent,

770 3945 834 3991 et
869 3933 1137 3989 bibissent
1169 3929 1487 4000 sanguinem
1548 3927 1856 3999 (oportebat
1907 3927 2050 3980 enim
2088 3926 2155 3980 ad
2212 3925 2347 3980 clie-

775 4039 924 4090 ctum
960 4024 1155 4081 deduci
1207 4025 1420 4078 illorum
1467 4028 1705 4093 preces),
1741 4023 2133 4076 abstinuerunt
2163 4035 2192 4073 a
2231 4036 2348 4074 cor-

777 4121 1028 4191 poribus,
1061 4125 1115 4170 et
1156 4131 1218 4168 ea
1247 4116 1393 4168 nullo
1423 4116 1581 4168 modo
1606 4115 1958 4167 devorarunt.
1995 4110 2127 4162 Nam
2171 4125 2350 4178 neque

783 4228 916 4269 tunc
936 4212 1222 4280 negligens
1252 4216 1369 4262 erat
1415 4207 1612 4278 gratia,
1643 4220 1764 4275 qua:
1807 4203 1960 4274 prius
1996 4200 2206 4256 Danieli
2242 4200 2351 4254 fre-

777 4303 933 4358 navit
964 4315 1059 4355 ora
1093 4299 1332 4361 leonum,
1371 4308 1428 4352 et
1460 4298 1539 4351 sic
1587 4295 1751 4349 breve
1777 4310 1875 4364 pro
1918 4293 2140 4348 Christo
2202 4307 2349 4346 mar-

781 4394 983 4466 tyrium
1021 4388 1363 4457 pertulerunt
1394 4387 1633 4440 athletae.
1674 4385 1750 4438 De
1777 4384 1914 4453 ipsis
1963 4391 2144 4435 autem
2178 4383 2349 4436 sacris

780 4485 1110 4556 corporibus
1137 4497 1280 4536 cura
1306 4481 1410 4535 fuit
1452 4480 1519 4533 iis
1567 4477 1657 4548 qui
1710 4491 1774 4530 ex
1828 4476 1932 4546 piis
1975 4485 2131 4529 erant
2185 4475 2347 4544 paulo

2449 3287 2648 3356 νηρούς
2694 3282 3019 3345 ἀνθρώπους
3072 3276 3441 3333 διαπαλαίειν,
3493 3270 3608 3321 ἀλλ’
3667 3268 3747 3317 ὅτι
3807 3262 3904 3313 καὶ
3959 3255 4029 3309 δι’

2447 3378 2671 3429 ὀδόντων
2706 3372 2911 3440 θηρίων
2970 3368 3196 3436 ἔμελλον
3229 3365 3325 3426 τὰς
3354 3362 3525 3431 μύλας
3560 3354 3787 3424 συνθλᾷν
3807 3350 4026 3402 ἐκεξνου

2447 3466 2543 3521 τοῦ
2577 3439 2818 3533 ἀσάρκου
2851 3459 3038 3530 θηρός.
3077 3459 3142 3510 '0
3173 3457 3266 3509 καὶ
3297 3454 3361 3506 δι’
3395 3452 3559 3521 εὐχῆς
3591 3447 3808 3516 θέμενοι
3834 3439 4032 3510 φωνῆς

2447 3563 2646 3633 ἤκουον
2673 3555 2966 3626 οὐρανόθεν
2998 3549 3321 3619 διασαφοῦς,
3357 3542 3632 3612 ἀκουστὴν
3658 3538 3836 3593 αὐτῶν
3868 3535 4033 3602 γενέ-

2449 3629 2573 3707 σθαι
2610 3651 2707 3721 την
2739 3648 2976 3718 αἴτησιν.
3028 3646 3114 3706 Ὠς
3153 3641 3245 3694 οὐν
3278 3640 3348 3692 τά
3384 3637 3547 3708 θηρία
3596 3635 3706 3695 τοῖς
3751 3629 4033 3698 μάρτυσιν

2453 3746 2766 3813 ἐπαφείθη,
2823 3739 3102 3809 ἐφήλλατό
3149 3753 3208 3786 τε
3255 3735 3461 3794 αὐτοῖς,
3525 3728 3735 3797 χαλεπῇ
3795 3723 4031 3791 μάστιγι

2451 3835 2872 3908 παρορμώμενα
2929 3829 3008 3900 τῷ
3064 3826 3233 3896 λιμῷ,
3298 3823 3391 3875 καὶ
3427 3819 3718 3872 ἐνδακόντα
3773 3816 3862 3865 καὶ
3929 3815 4033 3878 ἐμω

2448 3932 2643 3984 πιόντα
2674 3927 2767 3982 τοῦ
2794 3926 3024 3996 αἵματος
3062 3921 3221 3992 μόνον
3255 3917 3384 3988 (ἔδει
3413 3914 3521 3983 γὰρ
3549 3911 3645 3981 τὴν
3677 3907 3905 3961 ἐκείνων
3943 3903 4033 3954 εὐ-

2449 4020 2553 4090 χὴν
2602 4021 2681 4080 είς
2732 4017 2909 4085 πέρας
2962 4010 3161 4078 ἐλθεῖν)
3191 4023 3203 4037 ³
3236 4006 3541 4074 ἀπέσχοντο
3570 3999 3678 4053 τῶν
3727 3996 4030 4066 σωμάτων,

2449 4086 2545 4166 καὶ
2591 4107 2847 4176 οὐδαμῶς
2893 4105 3034 4158 αὐτά
3077 4101 3245 4171 βορὰν
3287 4098 3494 4160 ἔθεντο,
3539 4092 3735 4163 Ι1ἰμέλει
3761 4089 3868 4158 γὰρ
3905 4086 4034 4139 οὐδὲ

2453 4204 2547 4256 νῦν
2579 4204 2611 4270 ἡ
2653 4202 2812 4271 χάρις
2842 4199 2875 4267 ἢ
2916 4197 2993 4266 τῷ
3022 4193 3224 4259 Δανιὴλ
3266 4191 3532 4259 πρότερον
3562 4185 3752 4236 δεινῶν
3794 4181 4033 4230 λεόντων

2454 4296 2703 4364 στόματα
2751 4289 3021 4360 ἐχαλίνου,
3078 4285 3172 4338 καὶ
3224 4282 3370 4335 οὓτω
3437 4279 3700 4344 σύντομον
3760 4274 3820 4322 τὸ
3882 4272 4034 4340 ὑπὲρ

2452 4385 2698 4459 Χριστοῦ
2739 4381 3043 4455 μαρτύριον
3089 4379 3137 4432 ot
3185 4375 3480 4444 d010;6p0t
3518 4370 3829 4442 διήνεγκαν.
3895 4363 4035 4432 Περὶ

2459 4483 2640 4550 μέντοι
2696 4477 2808 4530 τῶν
2873 4475 3034 4546 ἱερῶν
3092 4471 3361 4540 σωμάτων
3407 4464 3587 4519 αὐτῶν
3640 4460 3873 4530 ἐμέλησε
3927 4456 4037 4507 τῶν

781 4576 1162 4638 studiosiores,
1190 4585 1248 4628 ut
1272 4588 1333 4627 ea
1359 4573 1637 4633 tollerent,
1669 4544 2004 4640 psalmisque
2048 4578 2103 4623 et
2135 4568 2341 4639 hymnis

2455 4569 2698 4623 εὐσεϐῶν
2729 4569 2842 4629 τοῖς
2874 4563 3336 4630 σπουδαιοτέροις,
3365 4552 3652 4608 ἀνελέσθαι
3684 4567 3740 4602 τε
3767 4545 3915 4599 αὐτὰ
3947 4544 4037 4595 καὶ

779 4673 1106 4728 mandarent
1131 4668 1444 4736 sepultura}.

858 4763 925 4818 Χ.
962 4762 1057 4816 Die
1117 4771 1298 4815 autem
1335 4754 1590 4826 sequenti
1628 4771 1728 4826 pro
1762 4753 2053 4823 judiciario
2098 4751 2355 4807 tribunali

783 4855 1088 4927 praesidens
1130 4863 1411 4922 tyrannus,
1447 4849 1738 4919 gloriosam
1773 4847 2132 4915 Euphemiam
2170 4845 2357 4899 educit

783 4965 814 5004 e
853 4960 1094 5002 carcere.
1126 4945 1194 4998 Et
1216 4955 1333 4997 erat
1357 4943 1575 5011 quidem
1608 4940 1728 4993 laeta
1752 4939 1925 5002 vultu,
1960 4939 2140 4990 animo
2174 4949 2358 4991 autem

786 5041 978 5097 laetior.
1014 5037 1293 5092 Submisse
1314 5051 1442 5090 vero
1471 5033 1698 5089 canebat
1727 5033 1994 5086 accedens
2025 5030 2090 5083 ad
2120 5029 2357 5097 judicent

789 5138 910 5190 haec
953 5132 1163 5188 cantica
1235 5128 1539 5182 Davidica:
1595 5147 1611 5176 ι
1656 5125 1713 5178 In
1777 5125 1864 5203 via
1923 5123 2358 5177 testimoniorum

792 5235 1012 5277 tuorum
1044 5220 1306 5274 delectata
1335 5233 1476 5282 sum,
1499 5225 1753 5284 tanquam
1781 5213 2106 5266 inmunibus
2135 5212 2359 5267 dit'itiis.

788 5314 849 5367 In
877 5309 1352 5381 justiﬁeationibus
1386 5310 1491 5361 tuis
1521 5306 1840 5367 meditabor,
1901 5319 2006 5356 non
2067 5303 2357 5356 obliviscar

788 5404 925 5476 legis
961 5412 1067 5456 tua:
1101 5404 1144 5463 ',
1187 5419 1205 5452 ι
1239 5410 1295 5453 et
1328 5415 1448 5468 quae
1474 5399 1731 5465 deinceps
1757 5402 2182 5464 consequuntur.
2222 5393 2359 5447 Dicit

789 5496 1002 5573 crgoei
1037 5505 1297 5564 tyrannus
1333 5509 1344 5542 :
1379 5493 1670 5560 Quousque
1701 5500 1752 5544 te
1803 5489 1937 5542 adeo
1979 5488 2230 5544 amictam
2263 5489 2357 5540 de-

790 5588 982 5658 spicis,
1041 5596 1096 5640 et
1126 5586 1254 5639 deos
1286 5583 1503 5653 quidem
1547 5581 1790 5636 molestia
1842 5580 2026 5645 amcis,
2089 5588 2142 5632 et
2177 5578 2353 5648 ipsum

789 5682 857 5739 ad
918 5682 1052 5733 iram
1110 5692 1372 5747 provocas
1426 5667 1990 5748 imperatoremiFac
2041 5669 2240 5741 aliquid
2272 5686 2355 5727 sa-

901 5870 920 5898 '
949 5864 1088 5921 Psal.
1124 5882 1306 5934 cxvm,
1336 5864 1414 5925 l5.
1461 5863 1541 5919 16.

2453 4661 2693 4733 ψαλμοῖς
2722 4658 2817 4712 καὶ
2848 4657 3037 4725 ῦμνοις
3067 4655 3216 4720 ταφῇ
3248 4647 3614 4717 παραδοῦναι.

2527 4756 2582 4806 1’.
2621 4753 2713 4813 Εἰς
2743 4751 2844 4819 τὴν
2868 4745 3128 4798 ἐπιοῦσαν
3161 4742 3218 4793 δὲ
3258 4739 3351 4792 τοῦ
3385 4730 3702 4790 δικαστικοῦ
3731 4731 3986 4799 βήματος
4012 4729 4037 4777 ὁ

2459 4847 2722 4914 τύραννος
2760 4837 3119 4910 προκαθίσας,
3171 4833 3296 4900 ἄγει
3348 4828 3446 4900 τὴν
3504 4823 3810 4879 καλλίνικον
3845 4819 4036 4885 Εὔφη-

2463 4913 2591 5006 μῐαν
2618 4938 2682 4988 ἐκ
2718 4936 2816 5004 τῆς
2849 4927 3095 4998 εἱρκτῆς,
3125 4925 3219 4978 καὶ
3267 4920 3336 4995 ἦν
3381 4918 3589 4988 φαιδρά
3621 4915 3721 4982 μὲν
3752 4914 3849 4983 τὴν
3888 4913 4034 4982 ὄψιν,

2460 5027 2791 5097 φαιδροτέρα
2839 5024 2895 5076 δὲ
2931 5022 3029 5092 τὴν
3065 5018 3264 5090 ψυχὴν,
3316 5012 3588 5082 autem:
3637 5011 3694 5062 δὲ
3736 5009 3832 5058 καὶ
3865 5022 4036 5075 προσ-

2463 5120 2615 5172 ιοῦσα
2663 5117 2740 5186 τῷ
2783 5117 3010 5185 δικαστῇ
3057 5115 3123 5166 τὰ
3157 5109 3422 5163 Δαυιτικά
3447 5104 3604 5160 ταυτὶ
3641 5102 3899 5172 ᾀσματσο
3954 5099 4036 5150 Ἐν

2460 5215 2526 5282 τῇ
2561 5209 2664 5279 ὁδῷ
2698 5208 2804 5260 τῶν
2836 5205 3154 5277 μαρτυρίων
3184 5219 3278 5255 σου
3316 5198 3588 5269 ἐτέρφθην
3627 5194 3701 5256 ὠς
3745 5194 3840 5244 ἐπὶ
3873 5189 4037 5245 παντὶ

2465 5303 2699 5372 πλούτῳ.
2750 5300 2838 5353 Ἑν
2891 5300 3002 5360 τοῖς
3048 5293 3380 5364 δικαιώμασί
3437 5307 3530 5344 σου
3585 5286 3895 5357 μελετήσω,
3944 5284 4036 5336 οὐκ

2469 5394 2796 5462 ἐπιλήσομαι
2834 5389 2928 5443 τοῦ
2969 5389 3130 5458 μόνον
3185 5404 3301 5449 σου,
3345 5387 3438 5438 καὶ
3487 5384 3588 5435 ὅσα
3629 5380 3841 5441 τούτοις
3893 5377 4034 5444 ἑξῆς,

2473 5487 2617 5553 Ἔφη
2653 5483 2745 5535 οὖν
2773 5482 2909 5551 πρὸς
2942 5480 3110 5552 αὐτὴν
3159 5481 3185 5532 ό
3220 5473 3506 5547 τύραννος·
3544 5473 3724 5542 Μέχρι
3769 5470 3920 5530 τίνος
3951 5468 4035 5518 καὶ

2467 5575 2700 5645 σεαυτὴν
2754 5574 2896 5628 οὐτω
2946 5568 3402 5640 ταλαιπωροῦσαν
3438 5566 3737 5636 ὑπερορᾷς,
3793 5562 3888 5613 καὶ
3919 5558 4034 5616 τούς

2465 5671 2620 5735 θεοὺς
2657 5686 2757 5742 μεν
2785 5669 2994 5730 λυπεῖς,
3036 5661 3395 5735 παροργίζεις
3425 5661 3477 5713 6‘s
3515 5659 3604 5710 καὶ
3643 5656 3733 5706 τὸν
3769 5649 4032 5719 αὐτοκρά-
