  <div class='ocr_page' id='page_1' title='image "/cluster/home/n/w/nwhite01/storage/ocr_20150623/115/nnc1.0046980261/380.png"; bbox 0 0 4198 6438; ppageno 0'>
   <div class='ocr_carea' id='block_1_1' title="bbox 155 422 266 488">
    <p class='ocr_par' dir='ltr' id='par_1_1' title="bbox 155 422 266 488">
     <span class='ocr_line' id='line_1_1' title="bbox 155 422 266 488; baseline 0 -1"><span class='ocrx_word' id='word_1_1' title='bbox 155 422 266 488; x_wconf 71' lang='grc'><strong>’725</strong></span> 
     </span>
    </p>
   </div>
   <div class='ocr_carea' id='block_1_2' title="bbox 1265 410 2314 485">
    <p class='ocr_par' dir='ltr' id='par_1_2' title="bbox 1265 410 2314 485">
     <span class='ocr_line' id='line_1_2' title="bbox 1265 410 2314 485; baseline 0.004 -6"><span class='ocrx_word' id='word_1_2' title='bbox 1265 410 1730 482; x_wconf 72' lang='grc' dir='ltr'><strong>ΜΑΒἸῪΒΙΠΜ</strong></span> <span class='ocrx_word' id='word_1_3' title='bbox 1771 418 1828 480; x_wconf 89' lang='lat' dir='ltr'><strong>S.</strong></span> <span class='ocrx_word' id='word_1_4' title='bbox 1875 420 2314 485; x_wconf 73' lang='lat' dir='ltr'><strong>EUPHEMLE.</strong></span> 
     </span>
    </p>
   </div>
   <div class='ocr_carea' id='block_1_3' title="bbox 3297 423 3398 485">
    <p class='ocr_par' dir='ltr' id='par_1_3' title="bbox 3297 423 3398 485">
     <span class='ocr_line' id='line_1_3' title="bbox 3297 423 3398 485; baseline 0.01 -1"><span class='ocrx_word' id='word_1_5' title='bbox 3297 423 3398 485; x_wconf 74' lang='lat'><strong>726</strong></span> 
     </span>
    </p>
   </div>
   <div class='ocr_carea' id='block_1_4' title="bbox 156 536 1747 612">
    <p class='ocr_par' dir='ltr' id='par_1_4' title="bbox 156 539 1729 612">
     <span class='ocr_line' id='line_1_4' title="bbox 156 539 1729 612; baseline -0.004 -17"><span class='ocrx_word' id='word_1_6' title='bbox 156 559 328 612; x_wconf 86' lang='grc' dir='ltr'>τορα;</span> <span class='ocrx_word' id='word_1_7' title='bbox 369 539 580 612; x_wconf 78' lang='grc' dir='ltr'>πρᾶξόν</span> <span class='ocrx_word' id='word_1_8' title='bbox 617 558 668 593; x_wconf 86' lang='grc' dir='ltr'><strong>τι</strong></span> <span class='ocrx_word' id='word_1_9' title='bbox 717 539 959 605; x_wconf 64' lang='grc' dir='ltr'>συνετὸν,</span> <span class='ocrx_word' id='word_1_10' title='bbox 1007 540 1100 593; x_wconf 70' lang='grc' dir='ltr'>καὶ</span> <span class='ocrx_word' id='word_1_11' title='bbox 1146 542 1254 602; x_wconf 84' lang='grc' dir='ltr'>τοῖς</span> <span class='ocrx_word' id='word_1_12' title='bbox 1288 540 1432 602; x_wconf 80' lang='grc' dir='ltr'><strong>Θεοῖς</strong></span> <span class='ocrx_word' id='word_1_13' title='bbox 1476 539 1729 607; x_wconf 84' lang='grc' dir='ltr'>πείσθητι</span> 
     </span>
    </p>
   </div>
   <div class='ocr_carea' id='block_1_5' title="bbox 1833 536 3399 612">
    <p class='ocr_par' dir='ltr' id='par_1_5' title="bbox 1833 538 3399 612">
     <span class='ocr_line' id='line_1_5' title="bbox 1833 538 3399 612; baseline -0.003 -16"><span class='ocrx_word' id='word_1_14' title='bbox 1833 543 2061 609; x_wconf 86' lang='lat' dir='ltr'><strong>pienter,</strong></span> <span class='ocrx_word' id='word_1_15' title='bbox 2102 553 2154 596; x_wconf 88' lang='lat' dir='ltr'><strong>et</strong></span> <span class='ocrx_word' id='word_1_16' title='bbox 2182 541 2510 612; x_wconf 83' lang='lat' dir='ltr'><strong>persuadere</strong></span> <span class='ocrx_word' id='word_1_17' title='bbox 2545 539 2647 596; x_wconf 92' lang='lat' dir='ltr'><strong>diis</strong></span> <span class='ocrx_word' id='word_1_18' title='bbox 2679 539 2876 596; x_wconf 75' lang='lat' dir='ltr'><strong>oﬂ‘erre</strong></span> <span class='ocrx_word' id='word_1_19' title='bbox 2929 538 3280 594; x_wconf 83' lang='lat' dir='ltr'><strong>sacriﬁcium.</strong></span> <span class='ocrx_word' id='word_1_20' title='bbox 3309 539 3399 592; x_wconf 89' lang='lat' dir='ltr'><strong>llla</strong></span> 
     </span>
    </p>
   </div>
   <div class='ocr_carea' id='block_1_6' title="bbox 157 631 1724 702">
    <p class='ocr_par' dir='ltr' id='par_1_6' title="bbox 157 631 1724 702">
     <span class='ocr_line' id='line_1_6' title="bbox 157 631 1724 702; baseline -0.003 -17"><span class='ocrx_word' id='word_1_21' title='bbox 157 632 355 685; x_wconf 86' lang='grc' dir='ltr'>θυσίαν</span> <span class='ocrx_word' id='word_1_22' title='bbox 407 634 821 702; x_wconf 77' lang='grc' dir='ltr'>προσενεγκεῖν.</span> <span class='ocrx_word' id='word_1_23' title='bbox 869 634 930 685; x_wconf 86' lang='grc' dir='ltr'><strong><em>Ἡ</em></strong></span> <span class='ocrx_word' id='word_1_24' title='bbox 981 632 1066 698; x_wconf 76' lang='grc' dir='ltr'>δὲ,</span> <span class='ocrx_word' id='word_1_25' title='bbox 1119 632 1328 702; x_wconf 78' lang='grc' dir='ltr'>Πρᾶξαί</span> <span class='ocrx_word' id='word_1_26' title='bbox 1375 649 1426 686; x_wconf 87' lang='grc' dir='ltr'><strong>τι</strong></span> <span class='ocrx_word' id='word_1_27' title='bbox 1483 631 1724 695; x_wconf 79' lang='grc' dir='ltr'>συνετὸν,</span> 
     </span>
    </p>
   </div>
   <div class='ocr_carea' id='block_1_7' title="bbox 159 720 1728 794">
    <p class='ocr_par' dir='ltr' id='par_1_7' title="bbox 159 720 1728 794">
     <span class='ocr_line' id='line_1_7' title="bbox 159 720 1728 794; baseline -0.001 -16"><span class='ocrx_word' id='word_1_28' title='bbox 159 727 286 792; x_wconf 68' lang='grc' dir='ltr'>ἔφη,</span> <span class='ocrx_word' id='word_1_29' title='bbox 320 726 655 794; x_wconf 82' lang='grc' dir='ltr'>προτρέπεις</span> <span class='ocrx_word' id='word_1_30' title='bbox 689 726 857 794; x_wconf 77' lang='grc' dir='ltr'>ἡμᾶς,</span> <span class='ocrx_word' id='word_1_31' title='bbox 900 720 945 778; x_wconf 83' lang='grc' dir='ltr'><strong>ὦ</strong></span> <span class='ocrx_word' id='word_1_32' title='bbox 970 725 1234 790; x_wconf 87' lang='grc' dir='ltr'>δικαστά;</span> <span class='ocrx_word' id='word_1_33' title='bbox 1271 726 1365 778; x_wconf 79' lang='grc' dir='ltr'>καὶ</span> <span class='ocrx_word' id='word_1_34' title='bbox 1399 725 1450 778; x_wconf 90' lang='grc' dir='ltr'><strong>τί</strong></span> <span class='ocrx_word' id='word_1_35' title='bbox 1479 725 1524 778; x_wconf 78' lang='grc' dir='ltr'>δ’</span> <span class='ocrx_word' id='word_1_36' title='bbox 1549 726 1612 776; x_wconf 83' lang='grc' dir='ltr'>ἄν</span> <span class='ocrx_word' id='word_1_37' title='bbox 1647 742 1728 786; x_wconf 86' lang='grc' dir='ltr'><strong>τις</strong></span> 
     </span>
    </p>
   </div>
   <div class='ocr_carea' id='block_1_8' title="bbox 161 815 1728 892">
    <p class='ocr_par' dir='ltr' id='par_1_8' title="bbox 161 815 1728 892">
     <span class='ocr_line' id='line_1_8' title="bbox 161 815 1728 892; baseline 0.003 -27"><span class='ocrx_word' id='word_1_38' title='bbox 161 815 528 883; x_wconf 76' lang='grc' dir='ltr'><strong>συνετώτερον</strong></span> <span class='ocrx_word' id='word_1_39' title='bbox 579 817 847 886; x_wconf 81' lang='grc' dir='ltr'>δράσειεν,</span> <span class='ocrx_word' id='word_1_40' title='bbox 899 818 935 892; x_wconf 66' lang='grc' dir='ltr'><strong>(ἢ</strong></span> <span class='ocrx_word' id='word_1_41' title='bbox 993 815 1054 868; x_wconf 77' lang='grc' dir='ltr'><strong>τὸ</strong></span> <span class='ocrx_word' id='word_1_42' title='bbox 1093 816 1168 886; x_wconf 84' lang='grc' dir='ltr'>μὴ</span> <span class='ocrx_word' id='word_1_43' title='bbox 1214 817 1500 869; x_wconf 85' lang='grc' dir='ltr'>πείθεσθαι</span> <span class='ocrx_word' id='word_1_44' title='bbox 1548 817 1728 880; x_wconf 81' lang='grc' dir='ltr'>λίθους</span> 
     </span>
    </p>
   </div>
   <div class='ocr_carea' id='block_1_9' title="bbox 158 904 1732 977">
    <p class='ocr_par' dir='ltr' id='par_1_9' title="bbox 158 904 1732 977">
     <span class='ocr_line' id='line_1_9' title="bbox 158 904 1732 977; baseline 0.003 -21"><span class='ocrx_word' id='word_1_45' title='bbox 158 904 400 972; x_wconf 66' lang='grc' dir='ltr'>ἀψύχους</span> <span class='ocrx_word' id='word_1_46' title='bbox 435 924 491 958; x_wconf 86' lang='grc' dir='ltr'><strong>τε</strong></span> <span class='ocrx_word' id='word_1_47' title='bbox 520 907 614 959; x_wconf 79' lang='grc' dir='ltr'>καὶ</span> <span class='ocrx_word' id='word_1_48' title='bbox 643 909 856 974; x_wconf 76' lang='grc' dir='ltr'>κωφοὺς</span> <span class='ocrx_word' id='word_1_49' title='bbox 886 908 1138 975; x_wconf 83' lang='grc' dir='ltr'>ἡγεῖσθαι</span> <span class='ocrx_word' id='word_1_50' title='bbox 1167 907 1356 972; x_wconf 86' lang='grc' dir='ltr'>θεούς;</span> <span class='ocrx_word' id='word_1_51' title='bbox 1391 908 1579 977; x_wconf 83' lang='grc' dir='ltr'>ὥσπερ</span> <span class='ocrx_word' id='word_1_52' title='bbox 1605 911 1732 960; x_wconf 83' lang='grc' dir='ltr'>τοὺ-</span> 
     </span>
    </p>
   </div>
   <div class='ocr_carea' id='block_1_10' title="bbox 159 997 1731 1068">
    <p class='ocr_par' dir='ltr' id='par_1_10' title="bbox 159 997 1731 1068">
     <span class='ocr_line' id='line_1_10' title="bbox 159 997 1731 1068; baseline 0.002 -21"><span class='ocrx_word' id='word_1_53' title='bbox 159 998 374 1048; x_wconf 85' lang='grc' dir='ltr'>ναντίον</span> <span class='ocrx_word' id='word_1_54' title='bbox 422 998 480 1048; x_wconf 85' lang='grc' dir='ltr'><strong>τὸ</strong></span> <span class='ocrx_word' id='word_1_55' title='bbox 513 997 796 1049; x_wconf 81' lang='grc' dir='ltr'>πείθεσθαι</span> <span class='ocrx_word' id='word_1_56' title='bbox 847 999 1037 1061; x_wconf 81' lang='grc' dir='ltr'>ἀνοίας</span> <span class='ocrx_word' id='word_1_57' title='bbox 1080 1001 1198 1051; x_wconf 80' lang='grc' dir='ltr'>ἐστὶ</span> <span class='ocrx_word' id='word_1_58' title='bbox 1234 1000 1452 1068; x_wconf 67' lang='grc' dir='ltr'>μεστὸν,</span> <span class='ocrx_word' id='word_1_59' title='bbox 1487 1001 1578 1052; x_wconf 75' lang='grc' dir='ltr'>καὶ</span> <span class='ocrx_word' id='word_1_60' title='bbox 1611 999 1731 1052; x_wconf 63' lang='grc' dir='ltr'>οὐδὲ</span> 
     </span>
    </p>
   </div>
   <div class='ocr_carea' id='block_1_11' title="bbox 163 1088 1733 1158">
    <p class='ocr_par' dir='ltr' id='par_1_11' title="bbox 163 1088 1733 1158">
     <span class='ocr_line' id='line_1_11' title="bbox 163 1088 1733 1158; baseline 0.002 -20"><span class='ocrx_word' id='word_1_61' title='bbox 163 1088 366 1156; x_wconf 87' lang='grc' dir='ltr'>μανίας</span> <span class='ocrx_word' id='word_1_62' title='bbox 425 1090 728 1157; x_wconf 79' lang='grc' dir='ltr'>ἐλεύθερον.</span> <span class='ocrx_word' id='word_1_63' title='bbox 788 1089 1095 1157; x_wconf 77' lang='grc' dir='ltr'>Ὀργισθεὶς</span> <span class='ocrx_word' id='word_1_64' title='bbox 1149 1091 1239 1142; x_wconf 78' lang='grc' dir='ltr'>ἐπὶ</span> <span class='ocrx_word' id='word_1_65' title='bbox 1288 1093 1400 1152; x_wconf 84' lang='grc' dir='ltr'>τοῖς</span> <span class='ocrx_word' id='word_1_66' title='bbox 1435 1090 1733 1158; x_wconf 77' lang='grc' dir='ltr'>ρηθεῖσινὸ</span> 
     </span>
    </p>
   </div>
   <div class='ocr_carea' id='block_1_12' title="bbox 162 1179 1728 1250">
    <p class='ocr_par' dir='ltr' id='par_1_12' title="bbox 162 1179 1728 1250">
     <span class='ocr_line' id='line_1_12' title="bbox 162 1179 1728 1250; baseline 0.003 -21"><span class='ocrx_word' id='word_1_67' title='bbox 162 1179 474 1249; x_wconf 81' lang='grc' dir='ltr'>τύραννος,</span> <span class='ocrx_word' id='word_1_68' title='bbox 537 1181 673 1250; x_wconf 78' lang='grc' dir='ltr'>πρὸς</span> <span class='ocrx_word' id='word_1_69' title='bbox 724 1183 1046 1249; x_wconf 81' lang='grc' dir='ltr'>καινοτέραν</span> <span class='ocrx_word' id='word_1_70' title='bbox 1098 1182 1360 1250; x_wconf 86' lang='grc' dir='ltr'>τρέπεται</span> <span class='ocrx_word' id='word_1_71' title='bbox 1425 1183 1728 1248; x_wconf 82' lang='grc' dir='ltr'>τιμωρίαν·</span> 
     </span>
    </p>
   </div>
   <div class='ocr_carea' id='block_1_13' title="bbox 160 1267 1735 1340">
    <p class='ocr_par' dir='ltr' id='par_1_13' title="bbox 160 1267 1735 1340">
     <span class='ocr_line' id='line_1_13' title="bbox 160 1267 1735 1340; baseline 0.002 -21"><span class='ocrx_word' id='word_1_72' title='bbox 160 1267 305 1320; x_wconf 82' lang='grc' dir='ltr'>λίθοι</span> <span class='ocrx_word' id='word_1_73' title='bbox 342 1269 398 1322; x_wconf 87' lang='grc' dir='ltr'>δὲ</span> <span class='ocrx_word' id='word_1_74' title='bbox 425 1270 518 1321; x_wconf 76' lang='grc' dir='ltr'>καὶ</span> <span class='ocrx_word' id='word_1_75' title='bbox 548 1270 766 1338; x_wconf 86' lang='grc' dir='ltr'>σίδηρος</span> <span class='ocrx_word' id='word_1_76' title='bbox 795 1269 894 1338; x_wconf 78' lang='grc' dir='ltr'><strong>τὴν</strong></span> <span class='ocrx_word' id='word_1_77' title='bbox 916 1270 1172 1339; x_wconf 77' lang='grc' dir='ltr'>τοιαύτην</span> <span class='ocrx_word' id='word_1_78' title='bbox 1201 1271 1430 1340; x_wconf 78' lang='grc' dir='ltr'>βάσανον</span> <span class='ocrx_word' id='word_1_79' title='bbox 1456 1270 1735 1322; x_wconf 82' lang='grc' dir='ltr'>διεσκεύα-</span> 
     </span>
    </p>
   </div>
   <div class='ocr_carea' id='block_1_14' title="bbox 162 1359 1733 1431">
    <p class='ocr_par' dir='ltr' id='par_1_14' title="bbox 162 1359 1733 1431">
     <span class='ocr_line' id='line_1_14' title="bbox 162 1359 1733 1431; baseline 0.002 -20"><span class='ocrx_word' id='word_1_80' title='bbox 162 1359 280 1422; x_wconf 84' lang='grc' dir='ltr'>ζον,</span> <span class='ocrx_word' id='word_1_81' title='bbox 313 1362 360 1412; x_wconf 72' lang='lat' dir='ltr'><strong>oi</strong></span> <span class='ocrx_word' id='word_1_82' title='bbox 398 1362 494 1428; x_wconf 80' lang='grc' dir='ltr'>μὲν</span> <span class='ocrx_word' id='word_1_83' title='bbox 526 1360 632 1412; x_wconf 86' lang='grc' dir='ltr'><strong>τῶν</strong></span> <span class='ocrx_word' id='word_1_84' title='bbox 656 1360 1041 1429; x_wconf 84' lang='grc' dir='ltr'>τιμωρητικῶν</span> <span class='ocrx_word' id='word_1_85' title='bbox 1075 1363 1320 1431; x_wconf 83' lang='grc' dir='ltr'>ὀργάνων</span> <span class='ocrx_word' id='word_1_86' title='bbox 1347 1363 1485 1415; x_wconf 85' lang='grc' dir='ltr'>κατά</span> <span class='ocrx_word' id='word_1_87' title='bbox 1521 1381 1583 1431; x_wconf 89' lang='grc' dir='ltr'><strong>γε</strong></span> <span class='ocrx_word' id='word_1_88' title='bbox 1633 1364 1733 1424; x_wconf 82' lang='grc' dir='ltr'><strong>τάς</strong></span> 
     </span>
    </p>
   </div>
   <div class='ocr_carea' id='block_1_15' title="bbox 162 1450 1738 1524">
    <p class='ocr_par' dir='ltr' id='par_1_15' title="bbox 162 1450 1738 1524">
     <span class='ocr_line' id='line_1_15' title="bbox 162 1450 1738 1524; baseline 0.002 -22"><span class='ocrx_word' id='word_1_89' title='bbox 162 1452 370 1518; x_wconf 79' lang='grc' dir='ltr'>γωνίας</span> <span class='ocrx_word' id='word_1_90' title='bbox 405 1450 786 1520; x_wconf 79' lang='grc' dir='ltr'>ἐξηρτημένοι,</span> <span class='ocrx_word' id='word_1_91' title='bbox 822 1455 849 1505; x_wconf 98' lang='lat'><strong>6</strong></span> <span class='ocrx_word' id='word_1_92' title='bbox 886 1453 1103 1523; x_wconf 88' lang='grc' dir='ltr'>σίδηρος</span> <span class='ocrx_word' id='word_1_93' title='bbox 1139 1454 1194 1505; x_wconf 82' lang='grc' dir='ltr'>δὲ</span> <span class='ocrx_word' id='word_1_94' title='bbox 1225 1457 1288 1522; x_wconf 80' lang='grc' dir='ltr'>τῇ</span> <span class='ocrx_word' id='word_1_95' title='bbox 1320 1454 1426 1505; x_wconf 85' lang='grc' dir='ltr'>τῶν</span> <span class='ocrx_word' id='word_1_96' title='bbox 1458 1455 1620 1507; x_wconf 88' lang='grc' dir='ltr'>λίθων</span> <span class='ocrx_word' id='word_1_97' title='bbox 1648 1455 1738 1524; x_wconf 74' lang='grc' dir='ltr'>βίᾳ</span> 
     </span>
    </p>
   </div>
   <div class='ocr_carea' id='block_1_16' title="bbox 163 1543 1739 1614">
    <p class='ocr_par' dir='ltr' id='par_1_16' title="bbox 163 1543 1739 1614">
     <span class='ocr_line' id='line_1_16' title="bbox 163 1543 1739 1614; baseline 0.003 -18"><span class='ocrx_word' id='word_1_98' title='bbox 163 1543 281 1596; x_wconf 78' lang='grc' dir='ltr'>ἀνω</span> <span class='ocrx_word' id='word_1_99' title='bbox 316 1558 374 1592; x_wconf 86' lang='grc' dir='ltr'><strong>τε</strong></span> <span class='ocrx_word' id='word_1_100' title='bbox 425 1543 520 1594; x_wconf 70' lang='grc' dir='ltr'><strong>καὶ</strong></span> <span class='ocrx_word' id='word_1_101' title='bbox 573 1543 727 1595; x_wconf 88' lang='grc' dir='ltr'>κάτω</span> <span class='ocrx_word' id='word_1_102' title='bbox 764 1547 1003 1614; x_wconf 75' lang='grc' dir='ltr'>συνεχῶς</span> <span class='ocrx_word' id='word_1_103' title='bbox 1036 1545 1476 1614; x_wconf 77' lang='grc' dir='ltr'>περισπώμενος,</span> <span class='ocrx_word' id='word_1_104' title='bbox 1511 1549 1739 1600; x_wconf 80' lang='grc' dir='ltr'>κατατέ-</span> 
     </span>
    </p>
   </div>
   <div class='ocr_carea' id='block_1_17' title="bbox 169 1635 1742 1711">
    <p class='ocr_par' dir='ltr' id='par_1_17' title="bbox 169 1635 1742 1711">
     <span class='ocr_line' id='line_1_17' title="bbox 169 1635 1742 1711; baseline 0.007 -30"><span class='ocrx_word' id='word_1_105' title='bbox 169 1651 324 1702; x_wconf 79' lang='grc' dir='ltr'>μνειν</span> <span class='ocrx_word' id='word_1_106' title='bbox 345 1635 488 1687; x_wconf 73' lang='grc' dir='ltr'>οὔτω</span> <span class='ocrx_word' id='word_1_107' title='bbox 512 1637 604 1688; x_wconf 72' lang='grc' dir='ltr'>καὶ</span> <span class='ocrx_word' id='word_1_108' title='bbox 631 1638 964 1707; x_wconf 80' lang='grc' dir='ltr'>σπαράττειν</span> <span class='ocrx_word' id='word_1_109' title='bbox 998 1635 1108 1708; x_wconf 78' lang='grc' dir='ltr'>εἶχε</span> <span class='ocrx_word' id='word_1_110' title='bbox 1142 1639 1200 1690; x_wconf 84' lang='grc' dir='ltr'><strong>τὸ</strong></span> <span class='ocrx_word' id='word_1_111' title='bbox 1221 1641 1380 1709; x_wconf 84' lang='grc' dir='ltr'>σῶμα</span> <span class='ocrx_word' id='word_1_112' title='bbox 1409 1642 1504 1708; x_wconf 79' lang='grc' dir='ltr'>τῆς</span> <span class='ocrx_word' id='word_1_113' title='bbox 1536 1643 1742 1711; x_wconf 87' lang='grc' dir='ltr'>μάρτυ-</span> 
     </span>
    </p>
   </div>
   <div class='ocr_carea' id='block_1_18' title="bbox 166 1717 1743 1802">
    <p class='ocr_par' dir='ltr' id='par_1_18' title="bbox 166 1717 1743 1802">
     <span class='ocr_line' id='line_1_18' title="bbox 166 1717 1743 1802; baseline 0.006 -24"><span class='ocrx_word' id='word_1_114' title='bbox 166 1743 286 1796; x_wconf 82' lang='grc' dir='ltr'>ρος.</span> <span class='ocrx_word' id='word_1_115' title='bbox 325 1726 413 1790; x_wconf 88' lang='grc' dir='ltr'>Ὠς</span> <span class='ocrx_word' id='word_1_116' title='bbox 442 1729 498 1780; x_wconf 84' lang='grc' dir='ltr'><strong>δὲ</strong></span> <span class='ocrx_word' id='word_1_117' title='bbox 533 1732 627 1783; x_wconf 70' lang='grc' dir='ltr'><strong>καὶ</strong></span> <span class='ocrx_word' id='word_1_118' title='bbox 661 1735 693 1801; x_wconf 83' lang='grc' dir='ltr'><strong>ή</strong></span> <span class='ocrx_word' id='word_1_119' title='bbox 728 1731 948 1793; x_wconf 78' lang='grc' dir='ltr'>κόλασις</span> <span class='ocrx_word' id='word_1_120' title='bbox 982 1717 1119 1801; x_wconf 74' lang='grc' dir='ltr'>αὕτη</span> <span class='ocrx_word' id='word_1_121' title='bbox 1151 1733 1455 1802; x_wconf 80' lang='grc' dir='ltr'>παρείληφε</span> <span class='ocrx_word' id='word_1_122' title='bbox 1486 1736 1584 1801; x_wconf 72' lang='grc' dir='ltr'>τὴν</span> <span class='ocrx_word' id='word_1_123' title='bbox 1622 1753 1743 1802; x_wconf 82' lang='grc' dir='ltr'>γεν-</span> 
     </span>
    </p>
   </div>
   <div class='ocr_carea' id='block_1_19' title="bbox 1832 631 3396 704">
    <p class='ocr_par' dir='ltr' id='par_1_19' title="bbox 1832 631 3396 704">
     <span class='ocr_line' id='line_1_19' title="bbox 1832 631 3396 704; baseline -0.005 -14"><span class='ocrx_word' id='word_1_124' title='bbox 1832 646 2011 690; x_wconf 89' lang='lat' dir='ltr'><strong>autem</strong></span> <span class='ocrx_word' id='word_1_125' title='bbox 2044 653 2059 690; x_wconf 87' lang='lat'><strong>:</strong></span> <span class='ocrx_word' id='word_1_126' title='bbox 2091 635 2320 697; x_wconf 80' lang='lat' dir='ltr'><strong>Suades,</strong></span> <span class='ocrx_word' id='word_1_127' title='bbox 2349 635 2544 704; x_wconf 78' lang='lat' dir='ltr'><strong>inquit,</strong></span> <span class='ocrx_word' id='word_1_128' title='bbox 2587 635 2764 697; x_wconf 89' lang='lat' dir='ltr'><strong>nobis,</strong></span> <span class='ocrx_word' id='word_1_129' title='bbox 2796 648 2828 687; x_wconf 90' lang='lat'><strong>0</strong></span> <span class='ocrx_word' id='word_1_130' title='bbox 2868 631 3054 702; x_wconf 74' lang='lat' dir='ltr'><strong>iudex,</strong></span> <span class='ocrx_word' id='word_1_131' title='bbox 3093 641 3152 685; x_wconf 94' lang='lat' dir='ltr'><strong>ut</strong></span> <span class='ocrx_word' id='word_1_132' title='bbox 3197 631 3396 700; x_wconf 88' lang='lat' dir='ltr'><strong>aliquid</strong></span> 
     </span>
    </p>
   </div>
   <div class='ocr_carea' id='block_1_20' title="bbox 1834 723 3399 800">
    <p class='ocr_par' dir='ltr' id='par_1_20' title="bbox 1834 723 3399 800">
     <span class='ocr_line' id='line_1_20' title="bbox 1834 723 3399 800; baseline -0.006 -15"><span class='ocrx_word' id='word_1_133' title='bbox 1834 730 2106 800; x_wconf 84' lang='lat' dir='ltr'><strong>sapienter</strong></span> <span class='ocrx_word' id='word_1_134' title='bbox 2133 729 2400 784; x_wconf 80' lang='lat' dir='ltr'><strong>faciamus</strong></span> <span class='ocrx_word' id='word_1_135' title='bbox 2423 747 2449 784; x_wconf 76' lang='grc' dir='ltr'>ι·</span> <span class='ocrx_word' id='word_1_136' title='bbox 2470 739 2524 782; x_wconf 92' lang='lat' dir='ltr'><strong>et</strong></span> <span class='ocrx_word' id='word_1_137' title='bbox 2568 727 2829 797; x_wconf 82' lang='lat' dir='ltr'><strong>quidnam</strong></span> <span class='ocrx_word' id='word_1_138' title='bbox 2883 725 3073 781; x_wconf 84' lang='lat' dir='ltr'><strong>fecerit</strong></span> <span class='ocrx_word' id='word_1_139' title='bbox 3131 723 3399 792; x_wconf 82' lang='lat' dir='ltr'><strong>quispiam</strong></span> 
     </span>
    </p>
   </div>
   <div class='ocr_carea' id='block_1_21' title="bbox 1837 813 3402 891">
    <p class='ocr_par' dir='ltr' id='par_1_21' title="bbox 1837 813 3402 891">
     <span class='ocr_line' id='line_1_21' title="bbox 1837 813 3402 891; baseline -0.006 -15"><span class='ocrx_word' id='word_1_140' title='bbox 1837 821 2159 891; x_wconf 73' lang='lat' dir='ltr'><strong>sapientius,</strong></span> <span class='ocrx_word' id='word_1_141' title='bbox 2195 837 2354 890; x_wconf 89' lang='lat' dir='ltr'><strong>quam</strong></span> <span class='ocrx_word' id='word_1_142' title='bbox 2385 837 2492 874; x_wconf 91' lang='lat' dir='ltr'><strong>nou</strong></span> <span class='ocrx_word' id='word_1_143' title='bbox 2531 817 2874 890; x_wconf 83' lang='lat' dir='ltr'><strong>persuaderi,</strong></span> <span class='ocrx_word' id='word_1_144' title='bbox 2907 827 2966 871; x_wconf 92' lang='lat' dir='ltr'><strong>ut</strong></span> <span class='ocrx_word' id='word_1_145' title='bbox 2991 816 3198 886; x_wconf 87' lang='lat' dir='ltr'><strong>lapides</strong></span> <span class='ocrx_word' id='word_1_146' title='bbox 3230 813 3402 868; x_wconf 88' lang='lat' dir='ltr'><strong>inani-</strong></span> 
     </span>
    </p>
   </div>
   <div class='ocr_carea' id='block_1_22' title="bbox 1836 909 3402 979">
    <p class='ocr_par' dir='ltr' id='par_1_22' title="bbox 1836 909 3402 979">
     <span class='ocr_line' id='line_1_22' title="bbox 1836 909 3402 979; baseline -0.008 -9"><span class='ocrx_word' id='word_1_147' title='bbox 1836 930 1954 970; x_wconf 90' lang='lat' dir='ltr'><strong>mos</strong></span> <span class='ocrx_word' id='word_1_148' title='bbox 1998 922 2052 968; x_wconf 92' lang='lat' dir='ltr'><strong>et</strong></span> <span class='ocrx_word' id='word_1_149' title='bbox 2087 915 2302 977; x_wconf 90' lang='lat' dir='ltr'><strong>surdos,</strong></span> <span class='ocrx_word' id='word_1_150' title='bbox 2337 914 2470 968; x_wconf 84' lang='lat' dir='ltr'><strong>deos</strong></span> <span class='ocrx_word' id='word_1_151' title='bbox 2532 913 2804 966; x_wconf 75' lang='lat' dir='ltr'><strong>existimet</strong></span> <span class='ocrx_word' id='word_1_152' title='bbox 2837 909 3158 979; x_wconf 74' lang='lat' dir='ltr'><strong>iquomodo</strong></span> <span class='ocrx_word' id='word_1_153' title='bbox 3212 916 3402 960; x_wconf 86' lang='lat' dir='ltr'><strong>contra</strong></span> 
     </span>
    </p>
   </div>
   <div class='ocr_carea' id='block_1_23' title="bbox 1835 999 3406 1074">
    <p class='ocr_par' dir='ltr' id='par_1_23' title="bbox 1835 999 3406 1074">
     <span class='ocr_line' id='line_1_23' title="bbox 1835 999 3406 1074; baseline -0.005 -16"><span class='ocrx_word' id='word_1_154' title='bbox 1835 1003 2168 1074; x_wconf 86' lang='lat' dir='ltr'><strong>persuaderi,</strong></span> <span class='ocrx_word' id='word_1_155' title='bbox 2225 1004 2441 1073; x_wconf 89' lang='lat' dir='ltr'><strong>plenum</strong></span> <span class='ocrx_word' id='word_1_156' title='bbox 2505 1015 2588 1058; x_wconf 90' lang='lat' dir='ltr'><strong>est</strong></span> <span class='ocrx_word' id='word_1_157' title='bbox 2647 1002 2896 1064; x_wconf 85' lang='lat' dir='ltr'><strong>stultitia,</strong></span> <span class='ocrx_word' id='word_1_158' title='bbox 2934 1011 2987 1054; x_wconf 90' lang='lat' dir='ltr'><strong>et</strong></span> <span class='ocrx_word' id='word_1_159' title='bbox 3019 1015 3121 1054; x_wconf 92' lang='lat' dir='ltr'><strong>nec</strong></span> <span class='ocrx_word' id='word_1_160' title='bbox 3171 999 3406 1052; x_wconf 87' lang='lat' dir='ltr'><strong>liberum</strong></span> 
     </span>
    </p>
   </div>
   <div class='ocr_carea' id='block_1_24' title="bbox 1836 1091 3408 1164">
    <p class='ocr_par' dir='ltr' id='par_1_24' title="bbox 1836 1091 3408 1164">
     <span class='ocr_line' id='line_1_24' title="bbox 1836 1091 3408 1164; baseline -0.003 -16"><span class='ocrx_word' id='word_1_161' title='bbox 1836 1096 2053 1164; x_wconf 88' lang='lat' dir='ltr'><strong>quidem</strong></span> <span class='ocrx_word' id='word_1_162' title='bbox 2109 1096 2176 1150; x_wconf 89' lang='lat' dir='ltr'><strong>ab</strong></span> <span class='ocrx_word' id='word_1_163' title='bbox 2237 1096 2468 1151; x_wconf 88' lang='lat' dir='ltr'><strong>insania.</strong></span> <span class='ocrx_word' id='word_1_164' title='bbox 2533 1095 2626 1149; x_wconf 89' lang='lat' dir='ltr'><strong>His</strong></span> <span class='ocrx_word' id='word_1_165' title='bbox 2701 1095 2858 1149; x_wconf 91' lang='lat' dir='ltr'><strong>dictis</strong></span> <span class='ocrx_word' id='word_1_166' title='bbox 2917 1094 2995 1146; x_wconf 91' lang='lat' dir='ltr'><strong>ira</strong></span> <span class='ocrx_word' id='word_1_167' title='bbox 3047 1091 3283 1162; x_wconf 90' lang='lat' dir='ltr'><strong>percitus</strong></span> <span class='ocrx_word' id='word_1_168' title='bbox 3331 1100 3408 1162; x_wconf 85' lang='lat' dir='ltr'><strong>ty-</strong></span> 
     </span>
    </p>
   </div>
   <div class='ocr_carea' id='block_1_25' title="bbox 1837 1185 3409 1256">
    <p class='ocr_par' dir='ltr' id='par_1_25' title="bbox 1837 1185 3409 1256">
     <span class='ocr_line' id='line_1_25' title="bbox 1837 1185 3409 1256; baseline -0.001 -16"><span class='ocrx_word' id='word_1_169' title='bbox 1837 1203 2069 1251; x_wconf 89' lang='lat' dir='ltr'><strong>rannus,</strong></span> <span class='ocrx_word' id='word_1_170' title='bbox 2102 1189 2168 1242; x_wconf 82' lang='lat' dir='ltr'><strong>ad</strong></span> <span class='ocrx_word' id='word_1_171' title='bbox 2191 1203 2389 1242; x_wconf 88' lang='lat' dir='ltr'><strong>novum</strong></span> <span class='ocrx_word' id='word_1_172' title='bbox 2421 1189 2764 1242; x_wconf 76' lang='lat' dir='ltr'><strong>convertitur</strong></span> <span class='ocrx_word' id='word_1_173' title='bbox 2795 1186 3146 1256; x_wconf 84' lang='lat' dir='ltr'><strong>supplicium.</strong></span> <span class='ocrx_word' id='word_1_174' title='bbox 3175 1185 3409 1255; x_wconf 84' lang='lat' dir='ltr'><strong>Lapides</strong></span> 
     </span>
    </p>
   </div>
   <div class='ocr_carea' id='block_1_26' title="bbox 1837 1276 3408 1335">
    <p class='ocr_par' dir='ltr' id='par_1_26' title="bbox 1837 1276 3408 1335">
     <span class='ocr_line' id='line_1_26' title="bbox 1837 1276 3408 1335; baseline -0.003 -4"><span class='ocrx_word' id='word_1_175' title='bbox 1837 1289 2019 1332; x_wconf 89' lang='lat' dir='ltr'><strong>autem</strong></span> <span class='ocrx_word' id='word_1_176' title='bbox 2045 1289 2099 1333; x_wconf 91' lang='lat' dir='ltr'><strong>et</strong></span> <span class='ocrx_word' id='word_1_177' title='bbox 2131 1283 2335 1334; x_wconf 78' lang='lat' dir='ltr'><strong>ferrum</strong></span> <span class='ocrx_word' id='word_1_178' title='bbox 2365 1282 2469 1334; x_wconf 87' lang='lat' dir='ltr'><strong>tale</strong></span> <span class='ocrx_word' id='word_1_179' title='bbox 2514 1289 2846 1335; x_wconf 90' lang='lat' dir='ltr'><strong>tormentum</strong></span> <span class='ocrx_word' id='word_1_180' title='bbox 2886 1280 3286 1333; x_wconf 86' lang='lat' dir='ltr'><strong>instruxerunt.</strong></span> <span class='ocrx_word' id='word_1_181' title='bbox 3328 1276 3408 1331; x_wconf 90' lang='lat' dir='ltr'><strong>llli</strong></span> 
     </span>
    </p>
   </div>
   <div class='ocr_carea' id='block_1_27' title="bbox 1838 1370 3411 1440">
    <p class='ocr_par' dir='ltr' id='par_1_27' title="bbox 1838 1370 3411 1440">
     <span class='ocr_line' id='line_1_27' title="bbox 1838 1370 3411 1440; baseline 0 -18"><span class='ocrx_word' id='word_1_182' title='bbox 1838 1372 2054 1439; x_wconf 86' lang='lat' dir='ltr'><strong>quidem</strong></span> <span class='ocrx_word' id='word_1_183' title='bbox 2100 1388 2128 1425; x_wconf 90' lang='lat' dir='ltr'><strong>a</strong></span> <span class='ocrx_word' id='word_1_184' title='bbox 2172 1383 2569 1426; x_wconf 86' lang='lat' dir='ltr'><strong>tormentorum</strong></span> <span class='ocrx_word' id='word_1_185' title='bbox 2605 1373 2988 1425; x_wconf 86' lang='lat' dir='ltr'><strong>instrumentis</strong></span> <span class='ocrx_word' id='word_1_186' title='bbox 3032 1370 3282 1440; x_wconf 86' lang='lat' dir='ltr'><strong>suspensi</strong></span> <span class='ocrx_word' id='word_1_187' title='bbox 3314 1384 3411 1438; x_wconf 86' lang='lat' dir='ltr'><strong>per</strong></span> 
     </span>
    </p>
   </div>
   <div class='ocr_carea' id='block_1_28' title="bbox 1839 1462 3413 1531">
    <p class='ocr_par' dir='ltr' id='par_1_28' title="bbox 1839 1462 3413 1531">
     <span class='ocr_line' id='line_1_28' title="bbox 1839 1462 3413 1531; baseline -0.001 -17"><span class='ocrx_word' id='word_1_188' title='bbox 1839 1463 2084 1531; x_wconf 83' lang='lat' dir='ltr'><strong>angulos,</strong></span> <span class='ocrx_word' id='word_1_189' title='bbox 2139 1462 2342 1516; x_wconf 80' lang='lat' dir='ltr'><strong>ferrum</strong></span> <span class='ocrx_word' id='word_1_190' title='bbox 2398 1473 2579 1517; x_wconf 91' lang='lat' dir='ltr'><strong>autem</strong></span> <span class='ocrx_word' id='word_1_191' title='bbox 2640 1462 2897 1517; x_wconf 84' lang='lat' dir='ltr'><strong>violentia</strong></span> <span class='ocrx_word' id='word_1_192' title='bbox 2935 1463 3176 1530; x_wconf 86' lang='lat' dir='ltr'><strong>lapidum</strong></span> <span class='ocrx_word' id='word_1_193' title='bbox 3212 1474 3413 1530; x_wconf 90' lang='lat' dir='ltr'><strong>susque</strong></span> 
     </span>
    </p>
   </div>
   <div class='ocr_carea' id='block_1_29' title="bbox 1841 1553 3414 1623">
    <p class='ocr_par' dir='ltr' id='par_1_29' title="bbox 1841 1553 3414 1623">
     <span class='ocr_line' id='line_1_29' title="bbox 1841 1553 3414 1623; baseline -0.001 -15"><span class='ocrx_word' id='word_1_194' title='bbox 1841 1556 2015 1623; x_wconf 89' lang='lat' dir='ltr'><strong>deque</strong></span> <span class='ocrx_word' id='word_1_195' title='bbox 2064 1556 2281 1610; x_wconf 90' lang='lat' dir='ltr'><strong>assidue</strong></span> <span class='ocrx_word' id='word_1_196' title='bbox 2329 1564 2644 1620; x_wconf 85' lang='lat' dir='ltr'><strong>attractum,</strong></span> <span class='ocrx_word' id='word_1_197' title='bbox 2690 1555 2765 1608; x_wconf 93' lang='lat' dir='ltr'><strong>sic</strong></span> <span class='ocrx_word' id='word_1_198' title='bbox 2847 1553 3156 1607; x_wconf 84' lang='lat' dir='ltr'><strong>lacerabant</strong></span> <span class='ocrx_word' id='word_1_199' title='bbox 3213 1567 3414 1620; x_wconf 83' lang='lat' dir='ltr'><strong>corpus</strong></span> 
     </span>
    </p>
   </div>
   <div class='ocr_carea' id='block_1_30' title="bbox 1843 1645 3412 1715">
    <p class='ocr_par' dir='ltr' id='par_1_30' title="bbox 1843 1645 3412 1715">
     <span class='ocr_line' id='line_1_30' title="bbox 1843 1645 3412 1715; baseline 0 -17"><span class='ocrx_word' id='word_1_200' title='bbox 1843 1646 2086 1715; x_wconf 78' lang='lat' dir='ltr'><strong>virginis.</strong></span> <span class='ocrx_word' id='word_1_201' title='bbox 2121 1645 2257 1699; x_wconf 89' lang='lat' dir='ltr'><strong>Cum</strong></span> <span class='ocrx_word' id='word_1_202' title='bbox 2313 1656 2492 1700; x_wconf 90' lang='lat' dir='ltr'><strong>autem</strong></span> <span class='ocrx_word' id='word_1_203' title='bbox 2537 1647 2618 1700; x_wconf 87' lang='lat' dir='ltr'><strong>sic</strong></span> <span class='ocrx_word' id='word_1_204' title='bbox 2684 1645 3023 1699; x_wconf 79' lang='lat' dir='ltr'><strong>cruciaretur</strong></span> <span class='ocrx_word' id='word_1_205' title='bbox 3074 1645 3245 1712; x_wconf 87' lang='lat' dir='ltr'><strong>virgo,</strong></span> <span class='ocrx_word' id='word_1_206' title='bbox 3308 1659 3412 1698; x_wconf 90' lang='lat' dir='ltr'><strong>nec</strong></span> 
     </span>
    </p>
   </div>
   <div class='ocr_carea' id='block_1_31' title="bbox 1846 1736 3412 1805">
    <p class='ocr_par' dir='ltr' id='par_1_31' title="bbox 1846 1736 3412 1805">
     <span class='ocr_line' id='line_1_31' title="bbox 1846 1736 3412 1805; baseline 0.001 -16"><span class='ocrx_word' id='word_1_207' title='bbox 1846 1737 2107 1790; x_wconf 87' lang='lat' dir='ltr'><strong>muliebre</strong></span> <span class='ocrx_word' id='word_1_208' title='bbox 2143 1736 2346 1805; x_wconf 87' lang='lat' dir='ltr'><strong>aliquid</strong></span> <span class='ocrx_word' id='word_1_209' title='bbox 2381 1752 2491 1805; x_wconf 71' lang='lat' dir='ltr'><strong>prae</strong></span> <span class='ocrx_word' id='word_1_210' title='bbox 2526 1753 2582 1789; x_wconf 90' lang='lat' dir='ltr'><strong>sc</strong></span> <span class='ocrx_word' id='word_1_211' title='bbox 2616 1737 2784 1791; x_wconf 74' lang='lat' dir='ltr'><strong>terret</strong></span> <span class='ocrx_word' id='word_1_212' title='bbox 2837 1745 2927 1790; x_wconf 90' lang='lat' dir='ltr'><strong>aut</strong></span> <span class='ocrx_word' id='word_1_213' title='bbox 2982 1736 3267 1801; x_wconf 88' lang='lat' dir='ltr'><strong>illiberale,</strong></span> <span class='ocrx_word' id='word_1_214' title='bbox 3316 1736 3412 1790; x_wconf 89' lang='lat' dir='ltr'><strong>sed</strong></span> 
     </span>
    </p>
   </div>
   <div class='ocr_carea' id='block_1_32' title="bbox 165 1818 1747 1926">
    <p class='ocr_par' dir='ltr' id='par_1_32' title="bbox 165 1818 1738 1926">
     <span class='ocr_line' id='line_1_32' title="bbox 165 1818 1738 1893; baseline 0.007 -26"><span class='ocrx_word' id='word_1_215' title='bbox 165 1818 352 1882; x_wconf 88' lang='grc' dir='ltr'>ναίαν,</span> <span class='ocrx_word' id='word_1_216' title='bbox 394 1819 545 1871; x_wconf 74' lang='grc' dir='ltr'>οὐδὲν</span> <span class='ocrx_word' id='word_1_217' title='bbox 603 1823 917 1890; x_wconf 84' lang='grc' dir='ltr'>πάσχουσαν</span> <span class='ocrx_word' id='word_1_218' title='bbox 962 1825 1272 1891; x_wconf 81' lang='grc' dir='ltr'>γυναικεῖον</span> <span class='ocrx_word' id='word_1_219' title='bbox 1326 1825 1436 1877; x_wconf 77' lang='grc' dir='ltr'>οὐδ’</span> <span class='ocrx_word' id='word_1_220' title='bbox 1491 1829 1738 1893; x_wconf 83' lang='grc' dir='ltr'>ἀγεννὲς,</span> 
     </span>
     <span class='ocr_line' id='line_1_33' title="bbox 176 1908 1664 1926; baseline 0.003 -5"><span class='ocrx_word' id='word_1_221' title='bbox 709 1911 732 1922; x_wconf 84' lang='grc'><strong>-</strong></span> <span class='ocrx_word' id='word_1_222' title='bbox 925 1915 936 1926; x_wconf 91' lang='grc'><strong><em>,</em></strong></span> <span class='ocrx_word' id='word_1_223' title='bbox 1119 1917 1397 1926; x_wconf 74' lang='grc'><strong>--.--</strong></span> <span class='ocrx_word' id='word_1_224' title='bbox 1642 1919 1664 1926; x_wconf 85' lang='grc'><strong>-</strong></span> 
     </span>
    </p>
   </div>
   <div class='ocr_carea' id='block_1_33' title="bbox 1833 1818 3414 1926">
    <p class='ocr_par' dir='ltr' id='par_1_33' title="bbox 1848 1825 3414 1895">
     <span class='ocr_line' id='line_1_34' title="bbox 1848 1825 3414 1895; baseline 0.001 -17"><span class='ocrx_word' id='word_1_225' title='bbox 1848 1827 1957 1880; x_wconf 89' lang='lat' dir='ltr'><strong>Deo</strong></span> <span class='ocrx_word' id='word_1_226' title='bbox 1989 1826 2152 1880; x_wconf 90' lang='lat' dir='ltr'><strong>etiam</strong></span> <span class='ocrx_word' id='word_1_227' title='bbox 2187 1833 2372 1894; x_wconf 77' lang='lat' dir='ltr'><strong>ageret</strong></span> <span class='ocrx_word' id='word_1_228' title='bbox 2424 1828 2643 1895; x_wconf 77' lang='lat' dir='ltr'><strong>gratias,</strong></span> <span class='ocrx_word' id='word_1_229' title='bbox 2682 1837 2906 1895; x_wconf 88' lang='lat' dir='ltr'><strong>propter</strong></span> <span class='ocrx_word' id='word_1_230' title='bbox 2935 1841 3094 1894; x_wconf 89' lang='lat' dir='ltr'><strong>quem</strong></span> <span class='ocrx_word' id='word_1_231' title='bbox 3131 1826 3244 1881; x_wconf 67' lang='lat' dir='ltr'><strong>haec</strong></span> <span class='ocrx_word' id='word_1_232' title='bbox 3272 1825 3414 1880; x_wconf 75' lang='lat' dir='ltr'><strong>fere-</strong></span> 
     </span>
    </p>
   </div>
   <div class='ocr_carea' id='block_1_34' title="bbox 163 1908 1739 1987">
    <p class='ocr_par' dir='ltr' id='par_1_34' title="bbox 163 1908 1739 1987">
     <span class='ocr_line' id='line_1_35' title="bbox 163 1908 1739 1987; baseline 0.006 -27"><span class='ocrx_word' id='word_1_233' title='bbox 163 1908 307 1960; x_wconf 82' lang='grc' dir='ltr'><strong>ἀλλά</strong></span> <span class='ocrx_word' id='word_1_234' title='bbox 344 1910 437 1961; x_wconf 72' lang='grc' dir='ltr'><strong>καὶ</strong></span> <span class='ocrx_word' id='word_1_235' title='bbox 467 1911 842 1977; x_wconf 77' lang='grc' dir='ltr'>ὁμολογοῦσαν</span> <span class='ocrx_word' id='word_1_236' title='bbox 875 1915 1034 1983; x_wconf 87' lang='grc' dir='ltr'>χάριν</span> <span class='ocrx_word' id='word_1_237' title='bbox 1075 1917 1151 1985; x_wconf 82' lang='grc' dir='ltr'><strong>τῷ</strong></span> <span class='ocrx_word' id='word_1_238' title='bbox 1181 1918 1249 1970; x_wconf 87' lang='grc' dir='ltr'>δι’</span> <span class='ocrx_word' id='word_1_239' title='bbox 1272 1918 1330 1970; x_wconf 84' lang='grc' dir='ltr'>ὃν</span> <span class='ocrx_word' id='word_1_240' title='bbox 1374 1918 1533 1987; x_wconf 79' lang='grc' dir='ltr'>ἔφερε</span> <span class='ocrx_word' id='word_1_241' title='bbox 1569 1919 1739 1970; x_wconf 76' lang='grc' dir='ltr'>ταῦτα</span> 
     </span>
    </p>
   </div>
   <div class='ocr_carea' id='block_1_35' title="bbox 165 1999 1736 2081">
    <p class='ocr_par' dir='ltr' id='par_1_35' title="bbox 165 1999 1736 2081">
     <span class='ocr_line' id='line_1_36' title="bbox 165 1999 1736 2081; baseline 0.006 -28"><span class='ocrx_word' id='word_1_242' title='bbox 165 1999 311 2069; x_wconf 82' lang='grc' dir='ltr'>Θεῷ,</span> <span class='ocrx_word' id='word_1_243' title='bbox 353 2003 410 2053; x_wconf 85' lang='grc' dir='ltr'><strong>αί</strong></span> <span class='ocrx_word' id='word_1_244' title='bbox 446 2003 543 2070; x_wconf 85' lang='grc' dir='ltr'>μὲν</span> <span class='ocrx_word' id='word_1_245' title='bbox 565 2003 674 2054; x_wconf 88' lang='grc' dir='ltr'><strong>τῶν</strong></span> <span class='ocrx_word' id='word_1_246' title='bbox 707 2002 917 2071; x_wconf 84' lang='grc' dir='ltr'>δημίων</span> <span class='ocrx_word' id='word_1_247' title='bbox 957 2005 1163 2073; x_wconf 76' lang='grc' dir='ltr'>ἔκαμον</span> <span class='ocrx_word' id='word_1_248' title='bbox 1201 2011 1382 2079; x_wconf 81' lang='grc' dir='ltr'>χεῖρες</span> <span class='ocrx_word' id='word_1_249' title='bbox 1419 2013 1480 2079; x_wconf 84' lang='grc' dir='ltr'>τῇ</span> <span class='ocrx_word' id='word_1_250' title='bbox 1519 2017 1736 2081; x_wconf 79' lang='grc' dir='ltr'>μηχανῇ</span> 
     </span>
    </p>
   </div>
   <div class='ocr_carea' id='block_1_36' title="bbox 165 2091 1740 2170">
    <p class='ocr_par' dir='ltr' id='par_1_36' title="bbox 165 2091 1740 2170">
     <span class='ocr_line' id='line_1_37' title="bbox 165 2091 1740 2170; baseline 0.006 -26"><span class='ocrx_word' id='word_1_251' title='bbox 165 2091 298 2153; x_wconf 81' lang='grc' dir='ltr'>τοὺς</span> <span class='ocrx_word' id='word_1_252' title='bbox 352 2091 533 2157; x_wconf 87' lang='grc' dir='ltr'>λίθους</span> <span class='ocrx_word' id='word_1_253' title='bbox 576 2095 892 2158; x_wconf 81' lang='grc' dir='ltr'>ὲλκύουσαι,</span> <span class='ocrx_word' id='word_1_254' title='bbox 925 2100 976 2149; x_wconf 84' lang='grc' dir='ltr'><strong>οί</strong></span> <span class='ocrx_word' id='word_1_255' title='bbox 1029 2098 1165 2152; x_wconf 87' lang='grc' dir='ltr'>λίθοι</span> <span class='ocrx_word' id='word_1_256' title='bbox 1215 2100 1269 2153; x_wconf 83' lang='grc' dir='ltr'>δὲ</span> <span class='ocrx_word' id='word_1_257' title='bbox 1306 2101 1464 2154; x_wconf 86' lang='grc' dir='ltr'>πάλιν</span> <span class='ocrx_word' id='word_1_258' title='bbox 1518 2104 1580 2154; x_wconf 84' lang='grc' dir='ltr'>ἐκ</span> <span class='ocrx_word' id='word_1_259' title='bbox 1621 2104 1740 2170; x_wconf 81' lang='grc' dir='ltr'>βίας</span> 
     </span>
    </p>
   </div>
   <div class='ocr_carea' id='block_1_37' title="bbox 166 2181 1740 2261">
    <p class='ocr_par' dir='ltr' id='par_1_37' title="bbox 166 2181 1740 2261">
     <span class='ocr_line' id='line_1_38' title="bbox 166 2181 1740 2261; baseline 0.006 -26"><span class='ocrx_word' id='word_1_260' title='bbox 166 2181 480 2251; x_wconf 65' lang='grc' dir='ltr'>ἑλκόμενοι,</span> <span class='ocrx_word' id='word_1_261' title='bbox 524 2187 926 2256; x_wconf 76' lang='grc' dir='ltr'>συνετρίϐησάν</span> <span class='ocrx_word' id='word_1_262' title='bbox 958 2206 1015 2241; x_wconf 92' lang='grc' dir='ltr'><strong>τε</strong></span> <span class='ocrx_word' id='word_1_263' title='bbox 1055 2193 1148 2242; x_wconf 71' lang='grc' dir='ltr'><strong>καὶ</strong></span> <span class='ocrx_word' id='word_1_264' title='bbox 1181 2193 1262 2253; x_wconf 85' lang='grc' dir='ltr'>εἰς</span> <span class='ocrx_word' id='word_1_265' title='bbox 1298 2192 1469 2261; x_wconf 83' lang='grc' dir='ltr'>μικρὰ</span> <span class='ocrx_word' id='word_1_266' title='bbox 1494 2192 1740 2260; x_wconf 85' lang='grc' dir='ltr'>διελύθη-</span> 
     </span>
    </p>
   </div>
   <div class='ocr_carea' id='block_1_38' title="bbox 170 2273 1742 2350">
    <p class='ocr_par' dir='ltr' id='par_1_38' title="bbox 170 2273 1742 2350">
     <span class='ocr_line' id='line_1_39' title="bbox 170 2273 1742 2350; baseline 0.008 -26"><span class='ocrx_word' id='word_1_267' title='bbox 170 2290 297 2329; x_wconf 91' lang='grc' dir='ltr'>σαν.</span> <span class='ocrx_word' id='word_1_268' title='bbox 335 2273 483 2327; x_wconf 81' lang='grc' dir='ltr'><strong>Ἡδὲ</strong></span> <span class='ocrx_word' id='word_1_269' title='bbox 520 2277 733 2347; x_wconf 82' lang='grc' dir='ltr'>μάρτυς</span> <span class='ocrx_word' id='word_1_270' title='bbox 792 2280 1007 2350; x_wconf 78' lang='grc' dir='ltr'>ἀπαθὴς</span> <span class='ocrx_word' id='word_1_271' title='bbox 1071 2281 1205 2345; x_wconf 81' lang='grc' dir='ltr'>ὅλως</span> <span class='ocrx_word' id='word_1_272' title='bbox 1265 2285 1323 2335; x_wconf 80' lang='grc' dir='ltr'>ὲν</span> <span class='ocrx_word' id='word_1_273' title='bbox 1379 2284 1587 2347; x_wconf 75' lang='grc' dir='ltr'>τούτοις</span> <span class='ocrx_word' id='word_1_274' title='bbox 1644 2286 1742 2336; x_wconf 84' lang='grc' dir='ltr'><strong>ὲω-</strong></span> 
     </span>
    </p>
   </div>
   <div class='ocr_carea' id='block_1_39' title="bbox 169 2367 330 2434">
    <p class='ocr_par' dir='ltr' id='par_1_39' title="bbox 169 2367 330 2434">
     <span class='ocr_line' id='line_1_40' title="bbox 169 2367 330 2434; baseline 0.012 -17"><span class='ocrx_word' id='word_1_275' title='bbox 169 2367 330 2434; x_wconf 66' lang='lat' dir='ltr'><strong>piro.</strong></span> 
     </span>
    </p>
   </div>
   <div class='ocr_carea' id='block_1_40' title="bbox 248 2459 1746 2540">
    <p class='ocr_par' dir='ltr' id='par_1_40' title="bbox 248 2459 1746 2540">
     <span class='ocr_line' id='line_1_41' title="bbox 248 2459 1746 2540; baseline 0.009 -31"><span class='ocrx_word' id='word_1_276' title='bbox 248 2459 349 2512; x_wconf 79' lang='lat' dir='ltr'><strong>IA&#39;.</strong></span> <span class='ocrx_word' id='word_1_277' title='bbox 398 2459 535 2511; x_wconf 81' lang='grc' dir='ltr'>Ἀλλ’</span> <span class='ocrx_word' id='word_1_278' title='bbox 569 2459 689 2512; x_wconf 64' lang='grc' dir='ltr'>οὐδὲ</span> <span class='ocrx_word' id='word_1_279' title='bbox 724 2461 892 2524; x_wconf 74' lang='grc' dir='ltr'>οὕτως</span> <span class='ocrx_word' id='word_1_280' title='bbox 923 2465 949 2516; x_wconf 93' lang='lat'><strong>6</strong></span> <span class='ocrx_word' id='word_1_281' title='bbox 975 2466 1215 2535; x_wconf 85' lang='grc' dir='ltr'>Πρίσκος</span> <span class='ocrx_word' id='word_1_282' title='bbox 1242 2469 1340 2537; x_wconf 80' lang='grc' dir='ltr'>τῆς</span> <span class='ocrx_word' id='word_1_283' title='bbox 1363 2471 1529 2539; x_wconf 78' lang='grc' dir='ltr'>ὀργῆς</span> <span class='ocrx_word' id='word_1_284' title='bbox 1561 2470 1746 2540; x_wconf 90' lang='grc' dir='ltr'>κρείσ-</span> 
     </span>
    </p>
   </div>
   <div class='ocr_carea' id='block_1_41' title="bbox 168 2546 1744 2628">
    <p class='ocr_par' dir='ltr' id='par_1_41' title="bbox 168 2546 1744 2628">
     <span class='ocr_line' id='line_1_42' title="bbox 168 2546 1744 2628; baseline 0.008 -27"><span class='ocrx_word' id='word_1_285' title='bbox 168 2566 284 2602; x_wconf 86' lang='grc' dir='ltr'><strong>σων</strong></span> <span class='ocrx_word' id='word_1_286' title='bbox 327 2546 393 2620; x_wconf 80' lang='grc' dir='ltr'>ἦν</span> <span class='ocrx_word' id='word_1_287' title='bbox 429 2550 522 2602; x_wconf 82' lang='grc' dir='ltr'><strong>καὶ</strong></span> <span class='ocrx_word' id='word_1_288' title='bbox 553 2552 661 2602; x_wconf 82' lang='grc' dir='ltr'><strong>τῶν</strong></span> <span class='ocrx_word' id='word_1_289' title='bbox 692 2552 988 2618; x_wconf 80' lang='grc' dir='ltr'>κολάσεων,</span> <span class='ocrx_word' id='word_1_290' title='bbox 1019 2557 1192 2610; x_wconf 83' lang='grc' dir='ltr'>δεινὸν</span> <span class='ocrx_word' id='word_1_291' title='bbox 1223 2559 1319 2628; x_wconf 82' lang='grc' dir='ltr'>μὲν</span> <span class='ocrx_word' id='word_1_292' title='bbox 1351 2557 1492 2612; x_wconf 81' lang='grc' dir='ltr'>εἶναι</span> <span class='ocrx_word' id='word_1_293' title='bbox 1535 2562 1628 2612; x_wconf 80' lang='grc' dir='ltr'><strong>καὶ</strong></span> <span class='ocrx_word' id='word_1_294' title='bbox 1657 2580 1744 2628; x_wconf 82' lang='grc' dir='ltr'>γε-</span> 
     </span>
    </p>
   </div>
   <div class='ocr_carea' id='block_1_42' title="bbox 167 2639 1745 2719">
    <p class='ocr_par' dir='ltr' id='par_1_42' title="bbox 167 2639 1745 2719">
     <span class='ocr_line' id='line_1_43' title="bbox 167 2639 1745 2719; baseline 0.008 -29"><span class='ocrx_word' id='word_1_295' title='bbox 167 2639 318 2692; x_wconf 82' lang='grc' dir='ltr'>λοῖον</span> <span class='ocrx_word' id='word_1_296' title='bbox 347 2639 668 2709; x_wconf 80' lang='grc' dir='ltr'>ἡγούμενος,</span> <span class='ocrx_word' id='word_1_297' title='bbox 695 2645 740 2695; x_wconf 81' lang='grc' dir='ltr'>εἰ</span> <span class='ocrx_word' id='word_1_298' title='bbox 765 2647 1025 2711; x_wconf 67' lang='grc' dir='ltr'>γυναικὸς</span> <span class='ocrx_word' id='word_1_299' title='bbox 1047 2647 1225 2716; x_wconf 79' lang='grc' dir='ltr'>ἥττων</span> <span class='ocrx_word' id='word_1_300' title='bbox 1252 2649 1463 2719; x_wconf 82' lang='grc' dir='ltr'>ὀφθείη.</span> <span class='ocrx_word' id='word_1_301' title='bbox 1509 2651 1745 2719; x_wconf 82' lang='grc' dir='ltr'>Ἀγνοῶν</span> 
     </span>
    </p>
   </div>
   <div class='ocr_carea' id='block_1_43' title="bbox 169 2730 1746 2811">
    <p class='ocr_par' dir='ltr' id='par_1_43' title="bbox 169 2730 1746 2811">
     <span class='ocr_line' id='line_1_44' title="bbox 169 2730 1746 2811; baseline 0.01 -31"><span class='ocrx_word' id='word_1_302' title='bbox 169 2730 230 2781; x_wconf 75' lang='grc' dir='ltr'>δὲ</span> <span class='ocrx_word' id='word_1_303' title='bbox 260 2731 578 2801; x_wconf 83' lang='grc' dir='ltr'>παράφορος</span> <span class='ocrx_word' id='word_1_304' title='bbox 612 2733 687 2795; x_wconf 84' lang='grc' dir='ltr'>ὡς</span> <span class='ocrx_word' id='word_1_305' title='bbox 717 2736 836 2805; x_wconf 72' lang='grc' dir='ltr'>οὐχὶ</span> <span class='ocrx_word' id='word_1_306' title='bbox 873 2737 950 2806; x_wconf 82' lang='grc' dir='ltr'>τῷ</span> <span class='ocrx_word' id='word_1_307' title='bbox 976 2738 1260 2807; x_wconf 78' lang='grc' dir='ltr'>βιάζεσθαι</span> <span class='ocrx_word' id='word_1_308' title='bbox 1297 2742 1582 2811; x_wconf 82' lang='grc' dir='ltr'>κρείττων,</span> <span class='ocrx_word' id='word_1_309' title='bbox 1612 2743 1746 2796; x_wconf 81' lang='grc' dir='ltr'><strong>ἁλλά</strong></span> 
     </span>
    </p>
   </div>
   <div class='ocr_carea' id='block_1_44' title="bbox 171 2819 1747 2903">
    <p class='ocr_par' dir='ltr' id='par_1_44' title="bbox 171 2819 1747 2903">
     <span class='ocr_line' id='line_1_45' title="bbox 171 2819 1747 2903; baseline 0.011 -34"><span class='ocrx_word' id='word_1_310' title='bbox 171 2819 251 2886; x_wconf 78' lang='grc' dir='ltr'><strong>τῷ</strong></span> <span class='ocrx_word' id='word_1_311' title='bbox 285 2821 361 2889; x_wconf 79' lang='grc' dir='ltr'><strong>μὴ</strong></span> <span class='ocrx_word' id='word_1_312' title='bbox 410 2823 618 2878; x_wconf 88' lang='grc' dir='ltr'>πείθειν</span> <span class='ocrx_word' id='word_1_313' title='bbox 671 2828 870 2896; x_wconf 81' lang='grc' dir='ltr'>μᾶλλον</span> <span class='ocrx_word' id='word_1_314' title='bbox 903 2830 1114 2899; x_wconf 76' lang='grc' dir='ltr'>ἑωρᾶτο</span> <span class='ocrx_word' id='word_1_315' title='bbox 1149 2834 1524 2900; x_wconf 85' lang='grc' dir='ltr'>νενικημένος,</span> <span class='ocrx_word' id='word_1_316' title='bbox 1558 2834 1747 2903; x_wconf 83' lang='grc' dir='ltr'>ὥσπερ</span> 
     </span>
    </p>
   </div>
   <div class='ocr_carea' id='block_1_45' title="bbox 169 2911 1744 2994">
    <p class='ocr_par' dir='ltr' id='par_1_45' title="bbox 169 2911 1744 2994">
     <span class='ocr_line' id='line_1_46' title="bbox 169 2911 1744 2994; baseline 0.01 -33"><span class='ocrx_word' id='word_1_317' title='bbox 169 2911 484 2968; x_wconf 83' lang='grc' dir='ltr'>τούναντίον</span> <span class='ocrx_word' id='word_1_318' title='bbox 516 2917 547 2984; x_wconf 78' lang='grc' dir='ltr'><strong>ἠ</strong></span> <span class='ocrx_word' id='word_1_319' title='bbox 575 2917 783 2988; x_wconf 83' lang='grc' dir='ltr'>μάρτυς</span> <span class='ocrx_word' id='word_1_320' title='bbox 828 2921 906 2990; x_wconf 82' lang='grc' dir='ltr'>τῷ</span> <span class='ocrx_word' id='word_1_321' title='bbox 936 2920 1009 2991; x_wconf 82' lang='grc' dir='ltr'>μὴ</span> <span class='ocrx_word' id='word_1_322' title='bbox 1048 2922 1152 2973; x_wconf 85' lang='grc' dir='ltr'><strong>τῶν</strong></span> <span class='ocrx_word' id='word_1_323' title='bbox 1188 2923 1438 2991; x_wconf 84' lang='grc' dir='ltr'>βασάνων</span> <span class='ocrx_word' id='word_1_324' title='bbox 1461 2925 1744 2994; x_wconf 78' lang='grc' dir='ltr'>ἡττᾶσθαι,</span> 
     </span>
    </p>
   </div>
   <div class='ocr_carea' id='block_1_46' title="bbox 170 3004 1748 3084">
    <p class='ocr_par' dir='ltr' id='par_1_46' title="bbox 170 3004 1748 3084">
     <span class='ocr_line' id='line_1_47' title="bbox 170 3004 1748 3084; baseline 0.01 -28"><span class='ocrx_word' id='word_1_325' title='bbox 170 3004 275 3074; x_wconf 77' lang='grc' dir='ltr'>τὴν</span> <span class='ocrx_word' id='word_1_326' title='bbox 321 3007 478 3074; x_wconf 89' lang='grc' dir='ltr'>νίκην</span> <span class='ocrx_word' id='word_1_327' title='bbox 523 3010 711 3077; x_wconf 76' lang='grc' dir='ltr'>ἤρατο.</span> <span class='ocrx_word' id='word_1_328' title='bbox 768 3013 1110 3080; x_wconf 86' lang='grc' dir='ltr'>Προστάττει</span> <span class='ocrx_word' id='word_1_329' title='bbox 1164 3015 1455 3084; x_wconf 78' lang='grc' dir='ltr'>τοιγαροῦν</span> <span class='ocrx_word' id='word_1_330' title='bbox 1513 3018 1653 3070; x_wconf 75' lang='grc' dir='ltr'>κατὰ</span> <span class='ocrx_word' id='word_1_331' title='bbox 1690 3020 1748 3070; x_wconf 80' lang='grc' dir='ltr'>τὺ</span> 
     </span>
    </p>
   </div>
   <div class='ocr_carea' id='block_1_47' title="bbox 172 3098 1746 3181">
    <p class='ocr_par' dir='ltr' id='par_1_47' title="bbox 172 3098 1746 3181">
     <span class='ocr_line' id='line_1_48' title="bbox 172 3098 1746 3181; baseline 0.011 -33"><span class='ocrx_word' id='word_1_332' title='bbox 172 3098 274 3150; x_wconf 82' lang='grc' dir='ltr'>τοῦ</span> <span class='ocrx_word' id='word_1_333' title='bbox 317 3099 532 3150; x_wconf 82' lang='grc' dir='ltr'>σταδίου</span> <span class='ocrx_word' id='word_1_334' title='bbox 581 3104 936 3170; x_wconf 81' lang='grc' dir='ltr'>μεσαίτατον,</span> <span class='ocrx_word' id='word_1_335' title='bbox 989 3106 1191 3159; x_wconf 85' lang='grc' dir='ltr'>λάκκον</span> <span class='ocrx_word' id='word_1_336' title='bbox 1240 3109 1502 3180; x_wconf 78' lang='grc' dir='ltr'>όρυγῆναι</span> <span class='ocrx_word' id='word_1_337' title='bbox 1552 3113 1746 3181; x_wconf 87' lang='grc' dir='ltr'>μέγαν,</span> 
     </span>
    </p>
   </div>
   <div class='ocr_carea' id='block_1_48' title="bbox 173 3189 1751 3272">
    <p class='ocr_par' dir='ltr' id='par_1_48' title="bbox 173 3189 1751 3272">
     <span class='ocr_line' id='line_1_49' title="bbox 173 3189 1751 3272; baseline 0.01 -33"><span class='ocrx_word' id='word_1_338' title='bbox 173 3189 377 3252; x_wconf 79' lang='grc' dir='ltr'>ὕδατός</span> <span class='ocrx_word' id='word_1_339' title='bbox 422 3208 479 3243; x_wconf 89' lang='grc' dir='ltr'><strong>τε</strong></span> <span class='ocrx_word' id='word_1_340' title='bbox 532 3196 840 3265; x_wconf 77' lang='grc' dir='ltr'>πλησθῆναι</span> <span class='ocrx_word' id='word_1_341' title='bbox 878 3202 969 3250; x_wconf 79' lang='grc' dir='ltr'><strong>καὶ</strong></span> <span class='ocrx_word' id='word_1_342' title='bbox 997 3200 1162 3268; x_wconf 81' lang='grc' dir='ltr'>θηρία</span> <span class='ocrx_word' id='word_1_343' title='bbox 1203 3203 1377 3270; x_wconf 84' lang='grc' dir='ltr'>τούτῳ</span> <span class='ocrx_word' id='word_1_344' title='bbox 1408 3204 1751 3272; x_wconf 76' lang='grc' dir='ltr'>ἐμϐληθῆναι</span> 
     </span>
    </p>
   </div>
   <div class='ocr_carea' id='block_1_49' title="bbox 172 3281 1752 3359">
    <p class='ocr_par' dir='ltr' id='par_1_49' title="bbox 172 3281 1752 3359">
     <span class='ocr_line' id='line_1_50' title="bbox 172 3281 1752 3359; baseline 0.008 -26"><span class='ocrx_word' id='word_1_345' title='bbox 172 3282 281 3334; x_wconf 81' lang='grc' dir='ltr'>ὅσα</span> <span class='ocrx_word' id='word_1_346' title='bbox 313 3281 376 3353; x_wconf 76' lang='grc' dir='ltr'>δὴ</span> <span class='ocrx_word' id='word_1_347' title='bbox 411 3288 723 3356; x_wconf 78' lang='grc' dir='ltr'>σαρκοϐόρα</span> <span class='ocrx_word' id='word_1_348' title='bbox 756 3288 998 3340; x_wconf 80' lang='grc' dir='ltr'>Θάλασσα</span> <span class='ocrx_word' id='word_1_349' title='bbox 1023 3293 1231 3359; x_wconf 77' lang='grc' dir='ltr'>τρέφει,</span> <span class='ocrx_word' id='word_1_350' title='bbox 1283 3287 1384 3344; x_wconf 78' lang='grc' dir='ltr'>εἷθ’</span> <span class='ocrx_word' id='word_1_351' title='bbox 1417 3291 1588 3356; x_wconf 72' lang='grc' dir='ltr'>οὕτως</span> <span class='ocrx_word' id='word_1_352' title='bbox 1615 3295 1752 3346; x_wconf 84' lang='grc' dir='ltr'><strong>’ἐκέ-</strong></span> 
     </span>
    </p>
   </div>
   <div class='ocr_carea' id='block_1_50' title="bbox 174 3374 1750 3454">
    <p class='ocr_par' dir='ltr' id='par_1_50' title="bbox 174 3374 1750 3454">
     <span class='ocr_line' id='line_1_51' title="bbox 174 3374 1750 3454; baseline 0.009 -29"><span class='ocrx_word' id='word_1_353' title='bbox 174 3374 305 3426; x_wconf 83' lang='grc' dir='ltr'>λευε</span> <span class='ocrx_word' id='word_1_354' title='bbox 332 3377 440 3438; x_wconf 86' lang='grc' dir='ltr'>τοῖς</span> <span class='ocrx_word' id='word_1_355' title='bbox 477 3380 904 3444; x_wconf 77' lang='grc' dir='ltr'>παρισταμένοις</span> <span class='ocrx_word' id='word_1_356' title='bbox 930 3381 1160 3450; x_wconf 80' lang='grc' dir='ltr'>ἀγαγεῖν</span> <span class='ocrx_word' id='word_1_357' title='bbox 1193 3400 1250 3436; x_wconf 92' lang='grc' dir='ltr'><strong>τε</strong></span> <span class='ocrx_word' id='word_1_358' title='bbox 1280 3385 1354 3446; x_wconf 82' lang='grc' dir='ltr'>ὡς</span> <span class='ocrx_word' id='word_1_359' title='bbox 1378 3386 1537 3454; x_wconf 85' lang='grc' dir='ltr'>τάχος</span> <span class='ocrx_word' id='word_1_360' title='bbox 1572 3388 1663 3440; x_wconf 71' lang='grc' dir='ltr'><strong>καὶ</strong></span> <span class='ocrx_word' id='word_1_361' title='bbox 1694 3390 1750 3441; x_wconf 85' lang='grc' dir='ltr'>ὲν</span> 
     </span>
    </p>
   </div>
   <div class='ocr_carea' id='block_1_51' title="bbox 175 3465 1750 3544">
    <p class='ocr_par' dir='ltr' id='par_1_51' title="bbox 175 3465 1750 3544">
     <span class='ocr_line' id='line_1_52' title="bbox 175 3465 1750 3544; baseline 0.01 -28"><span class='ocrx_word' id='word_1_362' title='bbox 175 3465 333 3537; x_wconf 81' lang='grc' dir='ltr'>αὐτῷ</span> <span class='ocrx_word' id='word_1_363' title='bbox 387 3466 634 3520; x_wconf 81' lang='grc' dir='ltr'>καθεῖναι</span> <span class='ocrx_word' id='word_1_364' title='bbox 687 3469 787 3539; x_wconf 77' lang='grc' dir='ltr'>τὴν</span> <span class='ocrx_word' id='word_1_365' title='bbox 847 3471 1121 3542; x_wconf 84' lang='grc' dir='ltr'>μάρτυρα,</span> <span class='ocrx_word' id='word_1_366' title='bbox 1177 3474 1383 3544; x_wconf 80' lang='grc' dir='ltr'>βρῶσιν</span> <span class='ocrx_word' id='word_1_367' title='bbox 1446 3475 1588 3530; x_wconf 76' lang='grc' dir='ltr'>οὕτω</span> <span class='ocrx_word' id='word_1_368' title='bbox 1641 3482 1750 3542; x_wconf 79' lang='grc' dir='ltr'>τοῖς</span> 
     </span>
    </p>
   </div>
   <div class='ocr_carea' id='block_1_52' title="bbox 175 3559 1750 3638">
    <p class='ocr_par' dir='ltr' id='par_1_52' title="bbox 175 3559 1750 3638">
     <span class='ocr_line' id='line_1_53' title="bbox 175 3559 1750 3638; baseline 0.008 -29"><span class='ocrx_word' id='word_1_369' title='bbox 175 3559 396 3627; x_wconf 82' lang='grc' dir='ltr'>θηρίοις</span> <span class='ocrx_word' id='word_1_370' title='bbox 420 3560 638 3630; x_wconf 79' lang='grc' dir='ltr'>ἕτοιμον</span> <span class='ocrx_word' id='word_1_371' title='bbox 667 3563 948 3632; x_wconf 82' lang='grc' dir='ltr'>ἐσομένην.</span> <span class='ocrx_word' id='word_1_372' title='bbox 973 3565 1057 3625; x_wconf 84' lang='grc' dir='ltr'>Ὠς</span> <span class='ocrx_word' id='word_1_373' title='bbox 1093 3565 1186 3617; x_wconf 76' lang='grc' dir='ltr'><strong>οὖν</strong></span> <span class='ocrx_word' id='word_1_374' title='bbox 1212 3567 1352 3633; x_wconf 81' lang='grc' dir='ltr'>ἔγνω</span> <span class='ocrx_word' id='word_1_375' title='bbox 1389 3568 1545 3620; x_wconf 82' lang='grc' dir='ltr'>τοῦτο</span> <span class='ocrx_word' id='word_1_376' title='bbox 1580 3571 1611 3638; x_wconf 81' lang='grc' dir='ltr'><strong>η</strong></span> <span class='ocrx_word' id='word_1_377' title='bbox 1642 3589 1750 3638; x_wconf 87' lang='grc' dir='ltr'>μα-</span> 
     </span>
    </p>
   </div>
   <div class='ocr_carea' id='block_1_53' title="bbox 177 3651 1750 3729">
    <p class='ocr_par' dir='ltr' id='par_1_53' title="bbox 177 3651 1750 3729">
     <span class='ocr_line' id='line_1_54' title="bbox 177 3651 1750 3729; baseline 0.007 -26"><span class='ocrx_word' id='word_1_378' title='bbox 177 3651 352 3720; x_wconf 85' lang='grc' dir='ltr'>καρία</span> <span class='ocrx_word' id='word_1_379' title='bbox 376 3652 705 3722; x_wconf 83' lang='grc' dir='ltr'>αὐτόκλητος</span> <span class='ocrx_word' id='word_1_380' title='bbox 721 3658 1069 3722; x_wconf 81' lang='grc' dir='ltr'>παραστᾶσα,</span> <span class='ocrx_word' id='word_1_381' title='bbox 1096 3655 1340 3719; x_wconf 74' lang='grc' dir='ltr'>ὠνείδιζέ</span> <span class='ocrx_word' id='word_1_382' title='bbox 1359 3673 1416 3710; x_wconf 84' lang='grc' dir='ltr'><strong>τε</strong></span> <span class='ocrx_word' id='word_1_383' title='bbox 1440 3659 1530 3712; x_wconf 84' lang='grc' dir='ltr'><strong>τὸν</strong></span> <span class='ocrx_word' id='word_1_384' title='bbox 1553 3661 1750 3729; x_wconf 77' lang='grc' dir='ltr'>τύρσιν·</span> 
     </span>
    </p>
   </div>
   <div class='ocr_carea' id='block_1_54' title="bbox 176 3739 1752 3818">
    <p class='ocr_par' dir='ltr' id='par_1_54' title="bbox 176 3739 1752 3818">
     <span class='ocr_line' id='line_1_55' title="bbox 176 3739 1752 3818; baseline 0.005 -22"><span class='ocrx_word' id='word_1_385' title='bbox 176 3760 272 3796; x_wconf 87' lang='grc' dir='ltr'><strong>νον</strong></span> <span class='ocrx_word' id='word_1_386' title='bbox 304 3745 388 3810; x_wconf 77' lang='grc' dir='ltr'><strong>ἐφ’</strong></span> <span class='ocrx_word' id='word_1_387' title='bbox 418 3739 495 3805; x_wconf 77' lang='grc' dir='ltr'><strong>οἷς</strong></span> <span class='ocrx_word' id='word_1_388' title='bbox 521 3742 696 3808; x_wconf 80' lang='grc' dir='ltr'>οὕτως</span> <span class='ocrx_word' id='word_1_389' title='bbox 725 3745 1010 3814; x_wconf 81' lang='grc' dir='ltr'>ἀνηνύτοις</span> <span class='ocrx_word' id='word_1_390' title='bbox 1038 3746 1315 3818; x_wconf 79' lang='grc' dir='ltr'>ἐπεχείρει</span> <span class='ocrx_word' id='word_1_391' title='bbox 1356 3749 1498 3802; x_wconf 79' lang='grc' dir='ltr'>κατὰ</span> <span class='ocrx_word' id='word_1_392' title='bbox 1525 3751 1632 3803; x_wconf 84' lang='grc' dir='ltr'><strong>τῶν</strong></span> <span class='ocrx_word' id='word_1_393' title='bbox 1659 3751 1752 3804; x_wconf 82' lang='grc' dir='ltr'><strong>τοῦ</strong></span> 
     </span>
    </p>
   </div>
   <div class='ocr_carea' id='block_1_55' title="bbox 177 3835 1754 3910">
    <p class='ocr_par' dir='ltr' id='par_1_55' title="bbox 177 3835 1754 3910">
     <span class='ocr_line' id='line_1_56' title="bbox 177 3835 1754 3910; baseline 0.006 -25"><span class='ocrx_word' id='word_1_394' title='bbox 177 3835 426 3900; x_wconf 81' lang='grc' dir='ltr'>Χριστοῦ</span> <span class='ocrx_word' id='word_1_395' title='bbox 451 3836 676 3900; x_wconf 80' lang='grc' dir='ltr'>δούλων,</span> <span class='ocrx_word' id='word_1_396' title='bbox 721 3840 858 3906; x_wconf 78' lang='grc' dir='ltr'>μετὰ</span> <span class='ocrx_word' id='word_1_397' title='bbox 886 3838 980 3891; x_wconf 81' lang='grc' dir='ltr'>τοῦ</span> <span class='ocrx_word' id='word_1_398' title='bbox 1013 3841 1180 3902; x_wconf 82' lang='grc' dir='ltr'>κακὸς</span> <span class='ocrx_word' id='word_1_399' title='bbox 1212 3840 1500 3908; x_wconf 80' lang='grc' dir='ltr'>φαίνεσθαι</span> <span class='ocrx_word' id='word_1_400' title='bbox 1537 3844 1630 3895; x_wconf 71' lang='grc' dir='ltr'><strong>καὶ</strong></span> <span class='ocrx_word' id='word_1_401' title='bbox 1661 3843 1754 3910; x_wconf 79' lang='grc' dir='ltr'>γέ-</span> 
     </span>
    </p>
   </div>
   <div class='ocr_carea' id='block_1_56' title="bbox 178 3923 1755 4004">
    <p class='ocr_par' dir='ltr' id='par_1_56' title="bbox 178 3923 1755 4004">
     <span class='ocr_line' id='line_1_57' title="bbox 178 3923 1755 4004; baseline 0.004 -28"><span class='ocrx_word' id='word_1_402' title='bbox 178 3926 332 3977; x_wconf 85' lang='grc' dir='ltr'>λωτα</span> <span class='ocrx_word' id='word_1_403' title='bbox 381 3925 587 3994; x_wconf 76' lang='grc' dir='ltr'>δφλειν,</span> <span class='ocrx_word' id='word_1_404' title='bbox 637 3923 757 3979; x_wconf 80' lang='grc' dir='ltr'>εἶτα</span> <span class='ocrx_word' id='word_1_405' title='bbox 810 3929 907 3992; x_wconf 83' lang='grc' dir='ltr'>τὰς</span> <span class='ocrx_word' id='word_1_406' title='bbox 941 3934 1128 4000; x_wconf 77' lang='grc' dir='ltr'>χεῖρας</span> <span class='ocrx_word' id='word_1_407' title='bbox 1171 3932 1249 3993; x_wconf 85' lang='grc' dir='ltr'><strong>είς</strong></span> <span class='ocrx_word' id='word_1_408' title='bbox 1279 3934 1512 4004; x_wconf 78' lang='grc' dir='ltr'>οὐρανὸν</span> <span class='ocrx_word' id='word_1_409' title='bbox 1544 3935 1755 3986; x_wconf 83' lang='grc' dir='ltr'>ἀνατεί-</span> 
     </span>
    </p>
   </div>
   <div class='ocr_carea' id='block_1_57' title="bbox 180 4019 1755 4095">
    <p class='ocr_par' dir='ltr' id='par_1_57' title="bbox 180 4019 1755 4095">
     <span class='ocr_line' id='line_1_58' title="bbox 180 4019 1755 4095; baseline 0.003 -24"><span class='ocrx_word' id='word_1_410' title='bbox 180 4035 346 4083; x_wconf 86' lang='grc' dir='ltr'>νασα,</span> <span class='ocrx_word' id='word_1_411' title='bbox 404 4019 500 4095; x_wconf 64' lang='grc' dir='ltr'><strong>καὶ</strong></span> <span class='ocrx_word' id='word_1_412' title='bbox 551 4019 802 4086; x_wconf 87' lang='grc' dir='ltr'>δακρύων</span> <span class='ocrx_word' id='word_1_413' title='bbox 843 4021 969 4082; x_wconf 83' lang='grc' dir='ltr'>τοὺς</span> <span class='ocrx_word' id='word_1_414' title='bbox 1021 4020 1335 4092; x_wconf 78' lang='grc' dir='ltr'>ὀφθαλμοὺς</span> <span class='ocrx_word' id='word_1_415' title='bbox 1385 4023 1657 4094; x_wconf 77' lang='grc' dir='ltr'>πλήσασα,</span> <span class='ocrx_word' id='word_1_416' title='bbox 1685 4026 1755 4077; x_wconf 81' lang='grc' dir='ltr'>Τὸ</span> 
     </span>
    </p>
   </div>
   <div class='ocr_carea' id='block_1_58' title="bbox 181 4108 1748 4190">
    <p class='ocr_par' dir='ltr' id='par_1_58' title="bbox 181 4108 1748 4190">
     <span class='ocr_line' id='line_1_59' title="bbox 181 4108 1748 4190; baseline 0.004 -28"><span class='ocrx_word' id='word_1_417' title='bbox 181 4113 301 4178; x_wconf 79' lang='grc' dir='ltr'><strong>φῶς</strong></span> <span class='ocrx_word' id='word_1_418' title='bbox 343 4127 441 4177; x_wconf 82' lang='grc' dir='ltr'><strong>μου</strong></span> <span class='ocrx_word' id='word_1_419' title='bbox 473 4108 678 4178; x_wconf 77' lang='grc' dir='ltr'>ἔλεγεν,</span> <span class='ocrx_word' id='word_1_420' title='bbox 720 4111 916 4180; x_wconf 82' lang='grc' dir='ltr'>Ἰησοῦ,</span> <span class='ocrx_word' id='word_1_421' title='bbox 963 4113 1023 4164; x_wconf 72' lang='grc' dir='ltr'>τὸ</span> <span class='ocrx_word' id='word_1_422' title='bbox 1071 4114 1203 4184; x_wconf 72' lang='grc' dir='ltr'>ἐμὸν</span> <span class='ocrx_word' id='word_1_423' title='bbox 1259 4116 1539 4186; x_wconf 83' lang='grc' dir='ltr'>καύχημα,</span> <span class='ocrx_word' id='word_1_424' title='bbox 1575 4120 1608 4186; x_wconf 78' lang='grc' dir='ltr'><strong>ὴ</strong></span> <span class='ocrx_word' id='word_1_425' title='bbox 1643 4119 1748 4190; x_wconf 75' lang='grc' dir='ltr'><strong>ἐμὴ</strong></span> 
     </span>
    </p>
   </div>
   <div class='ocr_carea' id='block_1_59' title="bbox 182 4206 1755 4283">
    <p class='ocr_par' dir='ltr' id='par_1_59' title="bbox 182 4206 1755 4283">
     <span class='ocr_line' id='line_1_60' title="bbox 182 4206 1755 4283; baseline 0.005 -25"><span class='ocrx_word' id='word_1_426' title='bbox 182 4206 323 4270; x_wconf 78' lang='grc' dir='ltr'>ζωὴ,</span> <span class='ocrx_word' id='word_1_427' title='bbox 356 4208 382 4258; x_wconf 92' lang='lat'><strong>6</strong></span> <span class='ocrx_word' id='word_1_428' title='bbox 409 4207 506 4275; x_wconf 84' lang='grc' dir='ltr'>τῆς</span> <span class='ocrx_word' id='word_1_429' title='bbox 542 4207 680 4275; x_wconf 80' lang='grc' dir='ltr'>ἐμῆς</span> <span class='ocrx_word' id='word_1_430' title='bbox 717 4208 999 4271; x_wconf 85' lang='grc' dir='ltr'>ἀσθενείας</span> <span class='ocrx_word' id='word_1_431' title='bbox 1029 4209 1339 4281; x_wconf 75' lang='grc' dir='ltr'>ἐπίκουρος,</span> <span class='ocrx_word' id='word_1_432' title='bbox 1373 4213 1400 4263; x_wconf 90' lang='lat'><strong>6</strong></span> <span class='ocrx_word' id='word_1_433' title='bbox 1440 4214 1497 4264; x_wconf 80' lang='grc' dir='ltr'>ὲν</span> <span class='ocrx_word' id='word_1_434' title='bbox 1529 4213 1755 4283; x_wconf 82' lang='grc' dir='ltr'>ἀπόροις</span> 
     </span>
    </p>
   </div>
   <div class='ocr_carea' id='block_1_60' title="bbox 182 4298 1755 4375">
    <p class='ocr_par' dir='ltr' id='par_1_60' title="bbox 182 4298 1755 4375">
     <span class='ocr_line' id='line_1_61' title="bbox 182 4298 1755 4375; baseline 0.004 -25"><span class='ocrx_word' id='word_1_435' title='bbox 182 4298 514 4368; x_wconf 73' lang='grc' dir='ltr'>εὐμήχανος,</span> <span class='ocrx_word' id='word_1_436' title='bbox 553 4300 581 4350; x_wconf 89' lang='lat'><strong>6</strong></span> <span class='ocrx_word' id='word_1_437' title='bbox 616 4301 856 4369; x_wconf 83' lang='grc' dir='ltr'>γαστέρα</span> <span class='ocrx_word' id='word_1_438' title='bbox 906 4303 1002 4368; x_wconf 84' lang='grc' dir='ltr'><strong>μὲν</strong></span> <span class='ocrx_word' id='word_1_439' title='bbox 1047 4302 1211 4372; x_wconf 78' lang='grc' dir='ltr'>θηρὸς</span> <span class='ocrx_word' id='word_1_440' title='bbox 1259 4304 1456 4370; x_wconf 82' lang='grc' dir='ltr'>δείξας,</span> <span class='ocrx_word' id='word_1_441' title='bbox 1494 4305 1656 4357; x_wconf 82' lang='grc' dir='ltr'>καλὸν</span> <span class='ocrx_word' id='word_1_442' title='bbox 1681 4305 1755 4375; x_wconf 84' lang='grc' dir='ltr'>τῷ</span> 
     </span>
    </p>
   </div>
   <div class='ocr_carea' id='block_1_61' title="bbox 201 4391 1758 4466">
    <p class='ocr_par' dir='ltr' id='par_1_61' title="bbox 201 4391 1758 4466">
     <span class='ocr_line' id='line_1_62' title="bbox 201 4391 1758 4466; baseline 0.004 -23"><span class='ocrx_word' id='word_1_443' title='bbox 201 4392 355 4461; x_wconf 82' lang='grc' dir='ltr'>Ίωνᾷ</span> <span class='ocrx_word' id='word_1_444' title='bbox 410 4391 674 4460; x_wconf 84' lang='grc' dir='ltr'>θάλαμον,</span> <span class='ocrx_word' id='word_1_445' title='bbox 736 4394 966 4445; x_wconf 73' lang='grc' dir='ltr'>λεόντων</span> <span class='ocrx_word' id='word_1_446' title='bbox 1020 4393 1075 4445; x_wconf 77' lang='grc' dir='ltr'>δὲ</span> <span class='ocrx_word' id='word_1_447' title='bbox 1132 4396 1375 4464; x_wconf 84' lang='grc' dir='ltr'>στόματα</span> <span class='ocrx_word' id='word_1_448' title='bbox 1422 4398 1512 4448; x_wconf 69' lang='grc' dir='ltr'><strong>τὸν</strong></span> <span class='ocrx_word' id='word_1_449' title='bbox 1560 4397 1758 4466; x_wconf 81' lang='grc' dir='ltr'>Δανιὴλ</span> 
     </span>
    </p>
   </div>
   <div class='ocr_carea' id='block_1_62' title="bbox 183 4483 1758 4559">
    <p class='ocr_par' dir='ltr' id='par_1_62' title="bbox 183 4483 1758 4559">
     <span class='ocr_line' id='line_1_63' title="bbox 183 4483 1758 4559; baseline 0.018 -25"><span class='ocrx_word' id='word_1_450' title='bbox 183 4483 606 4549; x_wconf 78' lang='grc' dir='ltr'>δυσωπούμενα,</span> <span class='ocrx_word' id='word_1_451' title='bbox 659 4485 821 4543; x_wconf 75' lang='grc' dir='ltr'>αὑτός</span> <span class='ocrx_word' id='word_1_452' title='bbox 870 4503 956 4552; x_wconf 84' lang='grc' dir='ltr'><strong>με.</strong></span> <span class='ocrx_word' id='word_1_453' title='bbox 989 4488 1249 4550; x_wconf 72' lang='grc' dir='ltr'><strong>Δέσπρταν</strong></span> <span class='ocrx_word' id='word_1_454' title='bbox 1279 4490 1343 4558; x_wconf 73' lang='grc' dir='ltr'><strong>τῇ</strong></span> <span class='ocrx_word' id='word_1_455' title='bbox 1379 4492 1611 4559; x_wconf 73' lang='grc' dir='ltr'>κραταιᾷ</span> <span class='ocrx_word' id='word_1_456' title='bbox 1657 4491 1758 4551; x_wconf 51' lang='grc' dir='ltr'>ικ³ὶ</span> 
     </span>
    </p>
   </div>
   <div class='ocr_carea' id='block_1_63' title="bbox 186 4574 1761 4652">
    <p class='ocr_par' dir='ltr' id='par_1_63' title="bbox 186 4574 1761 4652">
     <span class='ocr_line' id='line_1_64' title="bbox 186 4574 1761 4652; baseline 0.005 -25"><span class='ocrx_word' id='word_1_457' title='bbox 186 4574 390 4644; x_wconf 82' lang='grc' dir='ltr'>ἀμάχῳ</span> <span class='ocrx_word' id='word_1_458' title='bbox 429 4591 522 4628; x_wconf 90' lang='grc' dir='ltr'><strong>σου</strong></span> <span class='ocrx_word' id='word_1_459' title='bbox 579 4574 725 4640; x_wconf 78' lang='grc' dir='ltr'>δεξιᾶ</span> <span class='ocrx_word' id='word_1_460' title='bbox 783 4578 1071 4641; x_wconf 80' lang='grc' dir='ltr'>διάσωσον,</span> <span class='ocrx_word' id='word_1_461' title='bbox 1132 4580 1290 4652; x_wconf 83' lang='grc' dir='ltr'>δόξης</span> <span class='ocrx_word' id='word_1_462' title='bbox 1351 4582 1448 4651; x_wconf 85' lang='grc' dir='ltr'>μὲν</span> <span class='ocrx_word' id='word_1_463' title='bbox 1504 4583 1761 4635; x_wconf 83' lang='grc' dir='ltr'>ὑπόθεσιν</span> 
     </span>
    </p>
   </div>
   <div class='ocr_carea' id='block_1_64' title="bbox 187 4666 1759 4745">
    <p class='ocr_par' dir='ltr' id='par_1_64' title="bbox 187 4666 1759 4745">
     <span class='ocr_line' id='line_1_65' title="bbox 187 4666 1759 4745; baseline 0.007 -27"><span class='ocrx_word' id='word_1_464' title='bbox 187 4667 484 4737; x_wconf 82' lang='grc' dir='ltr'>γινομένην</span> <span class='ocrx_word' id='word_1_465' title='bbox 514 4666 621 4720; x_wconf 81' lang='grc' dir='ltr'><strong>τῶν</strong></span> <span class='ocrx_word' id='word_1_466' title='bbox 658 4669 964 4738; x_wconf 56' lang='grc' dir='ltr'>σεϐομένων</span> <span class='ocrx_word' id='word_1_467' title='bbox 998 4671 1056 4721; x_wconf 76' lang='grc' dir='ltr'>τὸ</span> <span class='ocrx_word' id='word_1_468' title='bbox 1091 4672 1292 4740; x_wconf 84' lang='grc' dir='ltr'>κράτος</span> <span class='ocrx_word' id='word_1_469' title='bbox 1337 4691 1455 4739; x_wconf 89' lang='grc' dir='ltr'>σου,</span> <span class='ocrx_word' id='word_1_470' title='bbox 1496 4676 1759 4745; x_wconf 78' lang='grc' dir='ltr'>αἰσχύνης</span> 
     </span>
    </p>
   </div>
   <div class='ocr_carea' id='block_1_65' title="bbox 186 4761 1756 4834">
    <p class='ocr_par' dir='ltr' id='par_1_65' title="bbox 186 4761 1756 4834">
     <span class='ocr_line' id='line_1_66' title="bbox 186 4761 1756 4834; baseline 0.004 -19"><span class='ocrx_word' id='word_1_471' title='bbox 186 4763 247 4816; x_wconf 78' lang='grc' dir='ltr'>δὲ</span> <span class='ocrx_word' id='word_1_472' title='bbox 279 4764 371 4814; x_wconf 72' lang='grc' dir='ltr'><strong>καὶ</strong></span> <span class='ocrx_word' id='word_1_473' title='bbox 395 4763 615 4830; x_wconf 82' lang='grc' dir='ltr'>ἀτιμίας</span> <span class='ocrx_word' id='word_1_474' title='bbox 648 4761 756 4814; x_wconf 86' lang='grc' dir='ltr'><strong>τῶν</strong></span> <span class='ocrx_word' id='word_1_475' title='bbox 790 4763 999 4814; x_wconf 72' lang='grc' dir='ltr'>ἀσεὸὡν</span> <span class='ocrx_word' id='word_1_476' title='bbox 1034 4764 1343 4832; x_wconf 74' lang='grc' dir='ltr'>πληροῦσαν</span> <span class='ocrx_word' id='word_1_477' title='bbox 1372 4767 1438 4818; x_wconf 76' lang='grc' dir='ltr'><strong>τά</strong></span> <span class='ocrx_word' id='word_1_478' title='bbox 1466 4769 1756 4834; x_wconf 77' lang='grc' dir='ltr'>πρόσωπα.</span> 
     </span>
    </p>
   </div>
   <div class='ocr_carea' id='block_1_66' title="bbox 188 4853 1760 4927">
    <p class='ocr_par' dir='ltr' id='par_1_66' title="bbox 188 4853 1760 4927">
     <span class='ocr_line' id='line_1_67' title="bbox 188 4853 1760 4927; baseline 0.003 -23"><span class='ocrx_word' id='word_1_479' title='bbox 188 4853 363 4923; x_wconf 53' lang='grc' dir='ltr'>οὕτω,</span> <span class='ocrx_word' id='word_1_480' title='bbox 409 4853 859 4922; x_wconf 80' lang='grc' dir='ltr'>προσευξαμένη,</span> <span class='ocrx_word' id='word_1_481' title='bbox 919 4855 1013 4905; x_wconf 66' lang='grc' dir='ltr'><strong>καὶ</strong></span> <span class='ocrx_word' id='word_1_482' title='bbox 1066 4858 1482 4927; x_wconf 72' lang='grc' dir='ltr'>σφραγισαμένη</span> <span class='ocrx_word' id='word_1_483' title='bbox 1528 4860 1631 4925; x_wconf 80' lang='grc' dir='ltr'><strong>ὅλῳ</strong></span> <span class='ocrx_word' id='word_1_484' title='bbox 1685 4861 1760 4927; x_wconf 80' lang='grc' dir='ltr'>τῷ</span> 
     </span>
    </p>
   </div>
   <div class='ocr_carea' id='block_1_67' title="bbox 193 4944 1761 5016">
    <p class='ocr_par' dir='ltr' id='par_1_67' title="bbox 193 4944 1761 5016">
     <span class='ocr_line' id='line_1_68' title="bbox 193 4944 1761 5016; baseline 0.005 -20"><span class='ocrx_word' id='word_1_485' title='bbox 193 4944 431 5011; x_wconf 79' lang='grc' dir='ltr'>σώματι,</span> <span class='ocrx_word' id='word_1_486' title='bbox 473 4946 697 5013; x_wconf 71' lang='grc' dir='ltr'>ἐνήλατο</span> <span class='ocrx_word' id='word_1_487' title='bbox 747 4944 824 5014; x_wconf 80' lang='grc' dir='ltr'><strong>τῷ</strong></span> <span class='ocrx_word' id='word_1_488' title='bbox 871 4944 1022 4998; x_wconf 77' lang='grc' dir='ltr'>ὕδατι</span> <span class='ocrx_word' id='word_1_489' title='bbox 1081 4949 1224 5016; x_wconf 88' lang='grc' dir='ltr'>μάλα</span> <span class='ocrx_word' id='word_1_490' title='bbox 1271 4950 1551 5015; x_wconf 80' lang='grc' dir='ltr'>γενναίως,</span> <span class='ocrx_word' id='word_1_491' title='bbox 1600 4955 1664 5003; x_wconf 86' lang='grc' dir='ltr'>τὰ</span> <span class='ocrx_word' id='word_1_492' title='bbox 1707 4954 1761 5004; x_wconf 72' lang='grc' dir='ltr'>δὲ</span> 
     </span>
    </p>
   </div>
   <div class='ocr_carea' id='block_1_68' title="bbox 191 5033 1758 5111">
    <p class='ocr_par' dir='ltr' id='par_1_68' title="bbox 191 5033 1758 5111">
     <span class='ocr_line' id='line_1_69' title="bbox 191 5033 1758 5111; baseline 0.006 -24"><span class='ocrx_word' id='word_1_493' title='bbox 191 5033 362 5105; x_wconf 71' lang='grc' dir='ltr'>θηρία</span> <span class='ocrx_word' id='word_1_494' title='bbox 393 5034 624 5104; x_wconf 84' lang='grc' dir='ltr'>προσῄει</span> <span class='ocrx_word' id='word_1_495' title='bbox 671 5037 768 5103; x_wconf 84' lang='grc' dir='ltr'><strong>μὲν</strong></span> <span class='ocrx_word' id='word_1_496' title='bbox 801 5036 962 5098; x_wconf 70' lang='grc' dir='ltr'>εὐθὺς</span> <span class='ocrx_word' id='word_1_497' title='bbox 1021 5039 1159 5105; x_wconf 76' lang='grc' dir='ltr'>μετὰ</span> <span class='ocrx_word' id='word_1_498' title='bbox 1197 5040 1525 5111; x_wconf 82' lang='grc' dir='ltr'>πολλῆς’τῆς</span> <span class='ocrx_word' id='word_1_499' title='bbox 1561 5044 1758 5111; x_wconf 76' lang='grc' dir='ltr'>ὁρμῆς.</span> 
     </span>
    </p>
   </div>
   <div class='ocr_carea' id='block_1_69' title="bbox 207 5125 1761 5201">
    <p class='ocr_par' dir='ltr' id='par_1_69' title="bbox 207 5125 1761 5201">
     <span class='ocr_line' id='line_1_70' title="bbox 207 5125 1761 5201; baseline 0.007 -25"><span class='ocrx_word' id='word_1_500' title='bbox 207 5126 297 5188; x_wconf 86' lang='grc' dir='ltr'>Ὠς</span> <span class='ocrx_word' id='word_1_501' title='bbox 342 5125 396 5177; x_wconf 71' lang='grc' dir='ltr'>δὲ</span> <span class='ocrx_word' id='word_1_502' title='bbox 444 5127 534 5177; x_wconf 71' lang='grc' dir='ltr'><strong>καὶ</strong></span> <span class='ocrx_word' id='word_1_503' title='bbox 563 5125 727 5191; x_wconf 77' lang='grc' dir='ltr'>ἐγγὺς</span> <span class='ocrx_word' id='word_1_504' title='bbox 768 5127 862 5177; x_wconf 81' lang='grc' dir='ltr'><strong>τοῦ</strong></span> <span class='ocrx_word' id='word_1_505' title='bbox 917 5128 1254 5196; x_wconf 81' lang='grc' dir='ltr'>μαρτυρικοῦ</span> <span class='ocrx_word' id='word_1_506' title='bbox 1289 5132 1496 5199; x_wconf 74' lang='grc' dir='ltr'>χρωτὸς</span> <span class='ocrx_word' id='word_1_507' title='bbox 1534 5134 1761 5201; x_wconf 81' lang='grc' dir='ltr'>γένοιτο,</span> 
     </span>
    </p>
   </div>
   <div class='ocr_carea' id='block_1_70' title="bbox 191 5217 1764 5295">
    <p class='ocr_par' dir='ltr' id='par_1_70' title="bbox 191 5217 1764 5295">
     <span class='ocr_line' id='line_1_71' title="bbox 191 5217 1764 5295; baseline 0.007 -28"><span class='ocrx_word' id='word_1_508' title='bbox 191 5219 400 5284; x_wconf 78' lang='grc' dir='ltr'>τροφῆς</span> <span class='ocrx_word' id='word_1_509' title='bbox 430 5217 563 5279; x_wconf 85' lang='grc' dir='ltr'>ὅλως</span> <span class='ocrx_word' id='word_1_510' title='bbox 603 5217 1016 5284; x_wconf 78' lang='grc' dir='ltr'>ἐπελανθάνετο,</span> <span class='ocrx_word' id='word_1_511' title='bbox 1050 5222 1140 5272; x_wconf 78' lang='grc' dir='ltr'><strong>καὶ</strong></span> <span class='ocrx_word' id='word_1_512' title='bbox 1168 5221 1482 5291; x_wconf 67' lang='grc' dir='ltr'>δορυςιόρων</span> <span class='ocrx_word' id='word_1_513' title='bbox 1513 5227 1764 5295; x_wconf 74' lang='grc' dir='ltr'>ἀπεπλή-</span> 
     </span>
    </p>
   </div>
   <div class='ocr_carea' id='block_1_71' title="bbox 197 5307 1764 5380">
    <p class='ocr_par' dir='ltr' id='par_1_71' title="bbox 197 5307 1764 5380">
     <span class='ocr_line' id='line_1_72' title="bbox 197 5307 1764 5380; baseline 0.007 -23"><span class='ocrx_word' id='word_1_514' title='bbox 197 5323 296 5375; x_wconf 74' lang='grc' dir='ltr'><strong>ρου</strong></span> <span class='ocrx_word' id='word_1_515' title='bbox 322 5307 494 5373; x_wconf 74' lang='grc' dir='ltr'>τάξιν.</span> <span class='ocrx_word' id='word_1_516' title='bbox 527 5309 635 5359; x_wconf 77' lang='grc' dir='ltr'>Καὶ</span> <span class='ocrx_word' id='word_1_517' title='bbox 658 5308 994 5361; x_wconf 77' lang='grc' dir='ltr'>ὑπολαϐόντα</span> <span class='ocrx_word' id='word_1_518' title='bbox 1020 5311 1116 5379; x_wconf 81' lang='grc' dir='ltr'><strong>τὴν</strong></span> <span class='ocrx_word' id='word_1_519' title='bbox 1144 5314 1417 5380; x_wconf 84' lang='grc' dir='ltr'>μάρτυρα,</span> <span class='ocrx_word' id='word_1_520' title='bbox 1446 5315 1631 5378; x_wconf 80' lang='grc' dir='ltr'>νώτοις</span> <span class='ocrx_word' id='word_1_521' title='bbox 1654 5321 1764 5379; x_wconf 82' lang='grc' dir='ltr'>τοῖς</span> 
     </span>
    </p>
   </div>
   <div class='ocr_carea' id='block_1_72' title="bbox 194 5397 1762 5473">
    <p class='ocr_par' dir='ltr' id='par_1_72' title="bbox 194 5397 1762 5473">
     <span class='ocr_line' id='line_1_73' title="bbox 194 5397 1762 5473; baseline 0.007 -28"><span class='ocrx_word' id='word_1_522' title='bbox 194 5397 409 5447; x_wconf 76' lang='grc' dir='ltr'>ἑαυτῶν</span> <span class='ocrx_word' id='word_1_523' title='bbox 438 5399 648 5466; x_wconf 81' lang='grc' dir='ltr'>ἀνεῖχον</span> <span class='ocrx_word' id='word_1_524' title='bbox 678 5401 838 5449; x_wconf 74' lang='grc' dir='ltr'>οἱονεὶ</span> <span class='ocrx_word' id='word_1_525' title='bbox 880 5402 1136 5466; x_wconf 79' lang='grc' dir='ltr'>πρόνοιαν</span> <span class='ocrx_word' id='word_1_526' title='bbox 1159 5400 1328 5465; x_wconf 70' lang='grc' dir='ltr'>αὐτῆς</span> <span class='ocrx_word' id='word_1_527' title='bbox 1356 5401 1566 5470; x_wconf 81' lang='grc' dir='ltr'>ἔχοντα,</span> <span class='ocrx_word' id='word_1_528' title='bbox 1613 5407 1684 5473; x_wconf 83' lang='grc' dir='ltr'>μή</span> <span class='ocrx_word' id='word_1_529' title='bbox 1715 5424 1762 5457; x_wconf 87' lang='grc' dir='ltr'><strong>τι</strong></span> 
     </span>
    </p>
   </div>
   <div class='ocr_carea' id='block_1_73' title="bbox 200 5487 1567 5557">
    <p class='ocr_par' dir='ltr' id='par_1_73' title="bbox 200 5487 1567 5557">
     <span class='ocr_line' id='line_1_74' title="bbox 200 5487 1567 5557; baseline 0.005 -18"><span class='ocrx_word' id='word_1_530' title='bbox 200 5487 294 5539; x_wconf 77' lang='grc' dir='ltr'>καὶ</span> <span class='ocrx_word' id='word_1_531' title='bbox 318 5487 489 5539; x_wconf 73' lang='grc' dir='ltr'>δεινὸν</span> <span class='ocrx_word' id='word_1_532' title='bbox 523 5490 787 5556; x_wconf 83' lang='grc' dir='ltr'>ὑποσταίη</span> <span class='ocrx_word' id='word_1_533' title='bbox 822 5492 1256 5557; x_wconf 65' lang='grc' dir='ltr'>προσκαταὸᾶσα</span> <span class='ocrx_word' id='word_1_534' title='bbox 1289 5493 1362 5556; x_wconf 85' lang='grc' dir='ltr'><strong>τῷ</strong></span> <span class='ocrx_word' id='word_1_535' title='bbox 1396 5495 1567 5547; x_wconf 73' lang='grc' dir='ltr'>ὕδατι.</span> 
     </span>
    </p>
   </div>
   <div class='ocr_carea' id='block_1_74' title="bbox 269 5579 1767 5654">
    <p class='ocr_par' dir='ltr' id='par_1_74' title="bbox 269 5579 1767 5654">
     <span class='ocr_line' id='line_1_75' title="bbox 269 5579 1767 5654; baseline 0.004 -21"><span class='ocrx_word' id='word_1_536' title='bbox 269 5579 367 5633; x_wconf 87' lang='lat' dir='ltr'><strong>IB&#39;.</strong></span> <span class='ocrx_word' id='word_1_537' title='bbox 415 5581 471 5628; x_wconf 84' lang='grc' dir='ltr'>ὐ</span> <span class='ocrx_word' id='word_1_538' title='bbox 503 5583 555 5632; x_wconf 78' lang='grc' dir='ltr'><strong>δὲ</strong></span> <span class='ocrx_word' id='word_1_539' title='bbox 595 5583 849 5651; x_wconf 79' lang='grc' dir='ltr'>Πρίσκος,</span> <span class='ocrx_word' id='word_1_540' title='bbox 886 5583 1210 5650; x_wconf 75' lang='grc' dir='ltr'>συμϐάλλων</span> <span class='ocrx_word' id='word_1_541' title='bbox 1236 5587 1291 5636; x_wconf 82' lang='grc' dir='ltr'>ὲν</span> <span class='ocrx_word' id='word_1_542' title='bbox 1338 5587 1512 5654; x_wconf 79' lang='grc' dir='ltr'>ἑαυτῷ</span> <span class='ocrx_word' id='word_1_543' title='bbox 1566 5587 1630 5639; x_wconf 77' lang='grc' dir='ltr'><strong>τά</strong></span> <span class='ocrx_word' id='word_1_544' title='bbox 1664 5605 1767 5639; x_wconf 81' lang='grc' dir='ltr'>πα·</span> 
     </span>
    </p>
   </div>
   <div class='ocr_carea' id='block_1_75' title="bbox 199 5673 1760 5749">
    <p class='ocr_par' dir='ltr' id='par_1_75' title="bbox 199 5673 1760 5749">
     <span class='ocr_line' id='line_1_76' title="bbox 199 5673 1760 5749; baseline 0.003 -22"><span class='ocrx_word' id='word_1_545' title='bbox 199 5673 439 5742; x_wconf 79' lang='grc' dir='ltr'>ραδὸξως</span> <span class='ocrx_word' id='word_1_546' title='bbox 468 5674 793 5741; x_wconf 78' lang='grc' dir='ltr'>τελούμενα,</span> <span class='ocrx_word' id='word_1_547' title='bbox 830 5675 1142 5746; x_wconf 74' lang='grc' dir='ltr'>διηπορεῖτο</span> <span class='ocrx_word' id='word_1_548' title='bbox 1177 5676 1276 5745; x_wconf 78' lang='grc' dir='ltr'><strong>μὲν</strong></span> <span class='ocrx_word' id='word_1_549' title='bbox 1306 5680 1396 5732; x_wconf 81' lang='grc' dir='ltr'><strong>καὶ</strong></span> <span class='ocrx_word' id='word_1_550' title='bbox 1434 5679 1707 5749; x_wconf 77' lang='grc' dir='ltr'>ἐθαύμαζε</span> <span class='ocrx_word' id='word_1_551' title='bbox 1724 5700 1760 5731; x_wconf 69' lang='grc' dir='ltr'><strong>λ.</strong></span> 
     </span>
    </p>
   </div>
   <div class='ocr_carea' id='block_1_76' title="bbox 209 5765 1764 5841">
    <p class='ocr_par' dir='ltr' id='par_1_76' title="bbox 209 5765 1764 5841">
     <span class='ocr_line' id='line_1_77' title="bbox 209 5765 1764 5841; baseline 0.002 -22"><span class='ocrx_word' id='word_1_552' title='bbox 209 5765 536 5833; x_wconf 64' lang='grc' dir='ltr'>Ἀναὸλέψαι</span> <span class='ocrx_word' id='word_1_553' title='bbox 587 5765 642 5817; x_wconf 83' lang='grc' dir='ltr'><strong>δὲ</strong></span> <span class='ocrx_word' id='word_1_554' title='bbox 695 5769 828 5837; x_wconf 80' lang='grc' dir='ltr'>πρὸς</span> <span class='ocrx_word' id='word_1_555' title='bbox 864 5769 922 5820; x_wconf 84' lang='grc' dir='ltr'><strong>τὸ</strong></span> <span class='ocrx_word' id='word_1_556' title='bbox 985 5769 1188 5839; x_wconf 83' lang='grc' dir='ltr'>φέγγος</span> <span class='ocrx_word' id='word_1_557' title='bbox 1237 5768 1334 5838; x_wconf 75' lang='grc' dir='ltr'>τῆς</span> <span class='ocrx_word' id='word_1_558' title='bbox 1365 5770 1642 5841; x_wconf 72' lang='grc' dir='ltr'>ἀληθείας,</span> <span class='ocrx_word' id='word_1_559' title='bbox 1674 5776 1764 5824; x_wconf 71' lang='grc' dir='ltr'><strong>καὶ</strong></span> 
     </span>
    </p>
   </div>
   <div class='ocr_carea' id='block_1_77' title="bbox 200 5861 1754 5938">
    <p class='ocr_par' dir='ltr' id='par_1_77' title="bbox 200 5861 1754 5938">
     <span class='ocr_line' id='line_1_78' title="bbox 200 5861 1754 5938; baseline 0.001 -22"><span class='ocrx_word' id='word_1_560' title='bbox 200 5865 438 5916; x_wconf 77' lang='grc' dir='ltr'>συνεῖναι</span> <span class='ocrx_word' id='word_1_561' title='bbox 483 5862 563 5926; x_wconf 85' lang='grc' dir='ltr'><strong>τίς</strong></span> <span class='ocrx_word' id='word_1_562' title='bbox 595 5863 626 5933; x_wconf 74' lang='grc' dir='ltr'><strong>ἡ</strong></span> <span class='ocrx_word' id='word_1_563' title='bbox 660 5861 765 5915; x_wconf 84' lang='grc' dir='ltr'>τῶν</span> <span class='ocrx_word' id='word_1_564' title='bbox 805 5866 1104 5933; x_wconf 79' lang='grc' dir='ltr'>γινομένων</span> <span class='ocrx_word' id='word_1_565' title='bbox 1153 5864 1375 5934; x_wconf 69' lang='grc' dir='ltr'>δύναμις</span> <span class='ocrx_word' id='word_1_566' title='bbox 1413 5865 1515 5938; x_wconf 73' lang='grc' dir='ltr'><strong>οὐχ</strong></span> <span class='ocrx_word' id='word_1_567' title='bbox 1555 5862 1663 5931; x_wconf 65' lang='grc' dir='ltr'>οἰός</span> <span class='ocrx_word' id='word_1_568' title='bbox 1701 5884 1754 5919; x_wconf 71' lang='grc' dir='ltr'><strong>τε</strong></span> 
     </span>
    </p>
   </div>
   <div class='ocr_carea' id='block_1_78' title="bbox 1845 1923 3416 1992">
    <p class='ocr_par' dir='ltr' id='par_1_78' title="bbox 1845 1923 3416 1992">
     <span class='ocr_line' id='line_1_79' title="bbox 1845 1923 3416 1992; baseline -0.002 -16"><span class='ocrx_word' id='word_1_569' title='bbox 1845 1923 1957 1981; x_wconf 82' lang='lat' dir='ltr'><strong>bat.</strong></span> <span class='ocrx_word' id='word_1_570' title='bbox 1993 1923 2221 1978; x_wconf 74' lang='lat' dir='ltr'><strong>defessa:</strong></span> <span class='ocrx_word' id='word_1_571' title='bbox 2271 1923 2487 1992; x_wconf 84' lang='lat' dir='ltr'><strong>quidem</strong></span> <span class='ocrx_word' id='word_1_572' title='bbox 2553 1934 2709 1978; x_wconf 90' lang='lat' dir='ltr'><strong>erant</strong></span> <span class='ocrx_word' id='word_1_573' title='bbox 2761 1924 3013 1977; x_wconf 88' lang='lat' dir='ltr'><strong>lictorum</strong></span> <span class='ocrx_word' id='word_1_574' title='bbox 3047 1937 3260 1987; x_wconf 88' lang='lat' dir='ltr'><strong>manus,</strong></span> <span class='ocrx_word' id='word_1_575' title='bbox 3293 1935 3416 1974; x_wconf 87' lang='lat' dir='ltr'><strong>ma-</strong></span> 
     </span>
    </p>
   </div>
   <div class='ocr_carea' id='block_1_79' title="bbox 1843 2013 3416 2084">
    <p class='ocr_par' dir='ltr' id='par_1_79' title="bbox 1843 2013 3416 2084">
     <span class='ocr_line' id='line_1_80' title="bbox 1843 2013 3416 2084; baseline -0.001 -17"><span class='ocrx_word' id='word_1_576' title='bbox 1843 2013 2004 2067; x_wconf 88' lang='lat' dir='ltr'><strong>china</strong></span> <span class='ocrx_word' id='word_1_577' title='bbox 2040 2013 2320 2068; x_wconf 87' lang='lat' dir='ltr'><strong>trahentes</strong></span> <span class='ocrx_word' id='word_1_578' title='bbox 2350 2015 2580 2084; x_wconf 86' lang='lat' dir='ltr'><strong>lapides,</strong></span> <span class='ocrx_word' id='word_1_579' title='bbox 2635 2031 2829 2070; x_wconf 89' lang='lat' dir='ltr'><strong>rursus</strong></span> <span class='ocrx_word' id='word_1_580' title='bbox 2869 2030 2997 2069; x_wconf 88' lang='lat' dir='ltr'><strong>vero</strong></span> <span class='ocrx_word' id='word_1_581' title='bbox 3031 2014 3262 2083; x_wconf 88' lang='lat' dir='ltr'><strong>lapides,</strong></span> <span class='ocrx_word' id='word_1_582' title='bbox 3321 2013 3416 2080; x_wconf 91' lang='lat' dir='ltr'><strong>qui</strong></span> 
     </span>
    </p>
   </div>
   <div class='ocr_carea' id='block_1_80' title="bbox 1842 2101 3419 2167">
    <p class='ocr_par' dir='ltr' id='par_1_80' title="bbox 1842 2101 3419 2167">
     <span class='ocr_line' id='line_1_81' title="bbox 1842 2101 3419 2167; baseline 0 -12"><span class='ocrx_word' id='word_1_583' title='bbox 1842 2101 1894 2155; x_wconf 89' lang='lat' dir='ltr'><strong>vi</strong></span> <span class='ocrx_word' id='word_1_584' title='bbox 1927 2101 2300 2167; x_wconf 83' lang='lat' dir='ltr'><strong>trahebantur,</strong></span> <span class='ocrx_word' id='word_1_585' title='bbox 2335 2104 2558 2157; x_wconf 89' lang='lat' dir='ltr'><strong>contriti</strong></span> <span class='ocrx_word' id='word_1_586' title='bbox 2605 2113 2802 2166; x_wconf 88' lang='lat' dir='ltr'><strong>erant,</strong></span> <span class='ocrx_word' id='word_1_587' title='bbox 2843 2113 2898 2157; x_wconf 89' lang='lat' dir='ltr'><strong>et</strong></span> <span class='ocrx_word' id='word_1_588' title='bbox 2955 2105 3008 2155; x_wconf 91' lang='lat' dir='ltr'><strong>in</strong></span> <span class='ocrx_word' id='word_1_589' title='bbox 3044 2104 3252 2156; x_wconf 89' lang='lat' dir='ltr'><strong>minuta</strong></span> <span class='ocrx_word' id='word_1_590' title='bbox 3312 2102 3419 2156; x_wconf 82' lang='lat' dir='ltr'><strong>fra-</strong></span> 
     </span>
    </p>
   </div>
   <div class='ocr_carea' id='block_1_81' title="bbox 1840 2193 3419 2264">
    <p class='ocr_par' dir='ltr' id='par_1_81' title="bbox 1840 2193 3419 2264">
     <span class='ocr_line' id='line_1_82' title="bbox 1840 2193 3419 2264; baseline 0.001 -20"><span class='ocrx_word' id='word_1_591' title='bbox 1840 2200 2055 2262; x_wconf 85' lang='lat' dir='ltr'><strong>gmenta</strong></span> <span class='ocrx_word' id='word_1_592' title='bbox 2094 2193 2362 2247; x_wconf 83' lang='lat' dir='ltr'><strong>dissoluti.</strong></span> <span class='ocrx_word' id='word_1_593' title='bbox 2396 2194 2596 2264; x_wconf 81' lang='lat' dir='ltr'><strong>Martyr</strong></span> <span class='ocrx_word' id='word_1_594' title='bbox 2633 2204 2812 2250; x_wconf 90' lang='lat' dir='ltr'><strong>autem</strong></span> <span class='ocrx_word' id='word_1_595' title='bbox 2838 2195 2892 2249; x_wconf 91' lang='lat' dir='ltr'><strong>in</strong></span> <span class='ocrx_word' id='word_1_596' title='bbox 2935 2194 3021 2249; x_wconf 91' lang='lat' dir='ltr'><strong>his</strong></span> <span class='ocrx_word' id='word_1_597' title='bbox 3049 2193 3269 2248; x_wconf 89' lang='lat' dir='ltr'><strong>omnino</strong></span> <span class='ocrx_word' id='word_1_598' title='bbox 3303 2208 3419 2247; x_wconf 84' lang='lat' dir='ltr'><strong>cer-</strong></span> 
     </span>
    </p>
   </div>
   <div class='ocr_carea' id='block_1_82' title="bbox 1843 2283 2291 2342">
    <p class='ocr_par' dir='ltr' id='par_1_82' title="bbox 1843 2283 2291 2342">
     <span class='ocr_line' id='line_1_83' title="bbox 1843 2283 2291 2342; baseline 0.007 -6"><span class='ocrx_word' id='word_1_599' title='bbox 1843 2283 2074 2342; x_wconf 88' lang='lat' dir='ltr'><strong>nebatur</strong></span> <span class='ocrx_word' id='word_1_600' title='bbox 2103 2283 2291 2340; x_wconf 80' lang='lat' dir='ltr'><strong>illaesa.</strong></span> 
     </span>
    </p>
   </div>
   <div class='ocr_carea' id='block_1_83' title="bbox 1917 2464 3420 2537">
    <p class='ocr_par' dir='ltr' id='par_1_83' title="bbox 1917 2464 3420 2537">
     <span class='ocr_line' id='line_1_84' title="bbox 1917 2464 3420 2537; baseline -0.001 -15"><span class='ocrx_word' id='word_1_601' title='bbox 1917 2469 2008 2523; x_wconf 77' lang='lat' dir='ltr'><strong>Xl.</strong></span> <span class='ocrx_word' id='word_1_602' title='bbox 2041 2464 2146 2522; x_wconf 88' lang='lat' dir='ltr'><strong>Sed</strong></span> <span class='ocrx_word' id='word_1_603' title='bbox 2181 2483 2248 2522; x_wconf 88' lang='lat' dir='ltr'><strong>ne</strong></span> <span class='ocrx_word' id='word_1_604' title='bbox 2281 2468 2356 2523; x_wconf 92' lang='lat' dir='ltr'><strong>sic</strong></span> <span class='ocrx_word' id='word_1_605' title='bbox 2402 2469 2624 2537; x_wconf 89' lang='lat' dir='ltr'><strong>quidem</strong></span> <span class='ocrx_word' id='word_1_606' title='bbox 2670 2466 2888 2523; x_wconf 88' lang='lat' dir='ltr'><strong>Priscus</strong></span> <span class='ocrx_word' id='word_1_607' title='bbox 2935 2468 3069 2522; x_wconf 92' lang='lat' dir='ltr'><strong>iram</strong></span> <span class='ocrx_word' id='word_1_608' title='bbox 3119 2467 3327 2521; x_wconf 90' lang='lat' dir='ltr'><strong>remisit</strong></span> <span class='ocrx_word' id='word_1_609' title='bbox 3369 2478 3420 2522; x_wconf 89' lang='lat' dir='ltr'><strong>et</strong></span> 
     </span>
    </p>
   </div>
   <div class='ocr_carea' id='block_1_84' title="bbox 1847 2559 3427 2628">
    <p class='ocr_par' dir='ltr' id='par_1_84' title="bbox 1847 2559 3427 2628">
     <span class='ocr_line' id='line_1_85' title="bbox 1847 2559 3427 2628; baseline 0.001 -17"><span class='ocrx_word' id='word_1_610' title='bbox 1847 2561 2139 2628; x_wconf 87' lang='lat' dir='ltr'><strong>supplicia,</strong></span> <span class='ocrx_word' id='word_1_611' title='bbox 2177 2576 2342 2628; x_wconf 87' lang='lat' dir='ltr'><strong>grave</strong></span> <span class='ocrx_word' id='word_1_612' title='bbox 2402 2561 2622 2628; x_wconf 88' lang='lat' dir='ltr'><strong>quidem</strong></span> <span class='ocrx_word' id='word_1_613' title='bbox 2654 2576 2775 2614; x_wconf 88' lang='lat' dir='ltr'><strong>esse</strong></span> <span class='ocrx_word' id='word_1_614' title='bbox 2810 2560 3082 2614; x_wconf 87' lang='lat' dir='ltr'><strong>arbitrans</strong></span> <span class='ocrx_word' id='word_1_615' title='bbox 3137 2571 3191 2613; x_wconf 89' lang='lat' dir='ltr'><strong>et</strong></span> <span class='ocrx_word' id='word_1_616' title='bbox 3220 2559 3427 2612; x_wconf 88' lang='lat' dir='ltr'><strong>ridicu-</strong></span> 
     </span>
    </p>
   </div>
   <div class='ocr_carea' id='block_1_85' title="bbox 1846 2649 3423 2719">
    <p class='ocr_par' dir='ltr' id='par_1_85' title="bbox 1846 2649 3423 2719">
     <span class='ocr_line' id='line_1_86' title="bbox 1846 2649 3423 2719; baseline -0.002 -14"><span class='ocrx_word' id='word_1_617' title='bbox 1846 2651 1981 2713; x_wconf 88' lang='lat' dir='ltr'><strong>lum,</strong></span> <span class='ocrx_word' id='word_1_618' title='bbox 2013 2650 2055 2704; x_wconf 90' lang='lat' dir='ltr'><strong>si</strong></span> <span class='ocrx_word' id='word_1_619' title='bbox 2088 2651 2366 2703; x_wconf 80' lang='lat' dir='ltr'><strong>videretur</strong></span> <span class='ocrx_word' id='word_1_620' title='bbox 2400 2650 2647 2719; x_wconf 87' lang='lat' dir='ltr'><strong>superari</strong></span> <span class='ocrx_word' id='word_1_621' title='bbox 2683 2665 2712 2704; x_wconf 78' lang='grc' dir='ltr'><strong>ιι</strong></span> <span class='ocrx_word' id='word_1_622' title='bbox 2740 2651 2961 2704; x_wconf 81' lang='lat' dir='ltr'><strong>femina.</strong></span> <span class='ocrx_word' id='word_1_623' title='bbox 2994 2649 3101 2705; x_wconf 87' lang='lat' dir='ltr'><strong>Sed</strong></span> <span class='ocrx_word' id='word_1_624' title='bbox 3131 2649 3423 2718; x_wconf 77' lang='lat' dir='ltr'><strong>ignorabat</strong></span> 
     </span>
    </p>
   </div>
   <div class='ocr_carea' id='block_1_86' title="bbox 1849 2742 3420 2812">
    <p class='ocr_par' dir='ltr' id='par_1_86' title="bbox 1849 2742 3420 2812">
     <span class='ocr_line' id='line_1_87' title="bbox 1849 2742 3420 2812; baseline -0.003 -13"><span class='ocrx_word' id='word_1_625' title='bbox 1849 2743 2096 2807; x_wconf 90' lang='lat' dir='ltr'><strong>stolidus,</strong></span> <span class='ocrx_word' id='word_1_626' title='bbox 2120 2743 2262 2812; x_wconf 93' lang='lat' dir='ltr'><strong>quod</strong></span> <span class='ocrx_word' id='word_1_627' title='bbox 2298 2758 2403 2795; x_wconf 92' lang='lat' dir='ltr'><strong>non</strong></span> <span class='ocrx_word' id='word_1_628' title='bbox 2435 2758 2499 2796; x_wconf 88' lang='lat' dir='ltr'><strong>eo</strong></span> <span class='ocrx_word' id='word_1_629' title='bbox 2540 2743 2680 2811; x_wconf 89' lang='lat' dir='ltr'><strong>quod</strong></span> <span class='ocrx_word' id='word_1_630' title='bbox 2718 2743 2826 2796; x_wconf 85' lang='lat' dir='ltr'><strong>vim</strong></span> <span class='ocrx_word' id='word_1_631' title='bbox 2854 2743 3099 2808; x_wconf 81' lang='lat' dir='ltr'><strong>atIerret,</strong></span> <span class='ocrx_word' id='word_1_632' title='bbox 3149 2742 3420 2811; x_wconf 86' lang='lat' dir='ltr'><strong>superior,</strong></span> 
     </span>
    </p>
   </div>
   <div class='ocr_carea' id='block_1_87' title="bbox 1850 2833 3424 2904">
    <p class='ocr_par' dir='ltr' id='par_1_87' title="bbox 1850 2833 3424 2904">
     <span class='ocr_line' id='line_1_88' title="bbox 1850 2833 3424 2904; baseline -0.002 -15"><span class='ocrx_word' id='word_1_633' title='bbox 1850 2836 1943 2889; x_wconf 89' lang='lat' dir='ltr'><strong>sed</strong></span> <span class='ocrx_word' id='word_1_634' title='bbox 1971 2850 2035 2890; x_wconf 89' lang='lat' dir='ltr'><strong>eo</strong></span> <span class='ocrx_word' id='word_1_635' title='bbox 2063 2835 2204 2904; x_wconf 91' lang='lat' dir='ltr'><strong>quod</strong></span> <span class='ocrx_word' id='word_1_636' title='bbox 2240 2851 2349 2888; x_wconf 87' lang='lat' dir='ltr'><strong>non</strong></span> <span class='ocrx_word' id='word_1_637' title='bbox 2391 2835 2768 2904; x_wconf 87' lang='lat' dir='ltr'><strong>persuaderet,</strong></span> <span class='ocrx_word' id='word_1_638' title='bbox 2833 2835 3008 2888; x_wconf 86' lang='lat' dir='ltr'><strong>victus</strong></span> <span class='ocrx_word' id='word_1_639' title='bbox 3060 2837 3242 2904; x_wconf 86' lang='lat' dir='ltr'><strong>potius</strong></span> <span class='ocrx_word' id='word_1_640' title='bbox 3269 2833 3424 2888; x_wconf 83' lang='lat' dir='ltr'><strong>vide-</strong></span> 
     </span>
    </p>
   </div>
   <div class='ocr_carea' id='block_1_88' title="bbox 1850 2924 3422 2996">
    <p class='ocr_par' dir='ltr' id='par_1_88' title="bbox 1850 2924 3422 2996">
     <span class='ocr_line' id='line_1_89' title="bbox 1850 2924 3422 2996; baseline 0.001 -18"><span class='ocrx_word' id='word_1_641' title='bbox 1850 2937 2020 2980; x_wconf 84' lang='lat' dir='ltr'><strong>retur.</strong></span> <span class='ocrx_word' id='word_1_642' title='bbox 2056 2924 2219 2982; x_wconf 85' lang='lat' dir='ltr'><strong>Jubet</strong></span> <span class='ocrx_word' id='word_1_643' title='bbox 2249 2941 2380 2995; x_wconf 85' lang='lat' dir='ltr'><strong>ergo</strong></span> <span class='ocrx_word' id='word_1_644' title='bbox 2431 2927 2484 2979; x_wconf 93' lang='lat' dir='ltr'><strong>in</strong></span> <span class='ocrx_word' id='word_1_645' title='bbox 2520 2926 2699 2980; x_wconf 90' lang='lat' dir='ltr'><strong>medio</strong></span> <span class='ocrx_word' id='word_1_646' title='bbox 2739 2928 2915 2982; x_wconf 89' lang='lat' dir='ltr'><strong>stadio</strong></span> <span class='ocrx_word' id='word_1_647' title='bbox 2946 2927 3105 2982; x_wconf 77' lang='lat' dir='ltr'><strong>eti‘odi</strong></span> <span class='ocrx_word' id='word_1_648' title='bbox 3171 2941 3422 2996; x_wconf 87' lang='lat' dir='ltr'><strong>magnam</strong></span> 
     </span>
    </p>
   </div>
   <div class='ocr_carea' id='block_1_89' title="bbox 1851 3017 3421 3086">
    <p class='ocr_par' dir='ltr' id='par_1_89' title="bbox 1851 3017 3421 3086">
     <span class='ocr_line' id='line_1_90' title="bbox 1851 3017 3421 3086; baseline 0.002 -18"><span class='ocrx_word' id='word_1_649' title='bbox 1851 3018 2168 3080; x_wconf 79' lang='lat' dir='ltr'><strong>cisternam,</strong></span> <span class='ocrx_word' id='word_1_650' title='bbox 2196 3032 2336 3083; x_wconf 90' lang='lat' dir='ltr'><strong>aqua</strong></span> <span class='ocrx_word' id='word_1_651' title='bbox 2370 3026 2549 3068; x_wconf 90' lang='lat' dir='ltr'><strong>autem</strong></span> <span class='ocrx_word' id='word_1_652' title='bbox 2589 3017 2821 3084; x_wconf 87' lang='lat' dir='ltr'><strong>impleri,</strong></span> <span class='ocrx_word' id='word_1_653' title='bbox 2865 3025 2920 3070; x_wconf 91' lang='lat' dir='ltr'><strong>et</strong></span> <span class='ocrx_word' id='word_1_654' title='bbox 2964 3019 3017 3070; x_wconf 93' lang='lat' dir='ltr'><strong>in</strong></span> <span class='ocrx_word' id='word_1_655' title='bbox 3074 3034 3190 3071; x_wconf 90' lang='lat' dir='ltr'><strong>cam</strong></span> <span class='ocrx_word' id='word_1_656' title='bbox 3250 3018 3421 3086; x_wconf 84' lang='lat' dir='ltr'><strong>injici,</strong></span> 
     </span>
    </p>
   </div>
   <div class='ocr_carea' id='block_1_90' title="bbox 1851 3106 3423 3175">
    <p class='ocr_par' dir='ltr' id='par_1_90' title="bbox 1851 3106 3423 3175">
     <span class='ocr_line' id='line_1_91' title="bbox 1851 3106 3423 3175; baseline 0.001 -17"><span class='ocrx_word' id='word_1_657' title='bbox 1851 3121 2187 3175; x_wconf 64' lang='lat' dir='ltr'><strong>quaecunque</strong></span> <span class='ocrx_word' id='word_1_658' title='bbox 2220 3106 2520 3159; x_wconf 88' lang='lat' dir='ltr'><strong>animantia</strong></span> <span class='ocrx_word' id='word_1_659' title='bbox 2548 3107 2836 3160; x_wconf 89' lang='lat' dir='ltr'><strong>carnivora</strong></span> <span class='ocrx_word' id='word_1_660' title='bbox 2865 3107 2962 3161; x_wconf 89' lang='lat' dir='ltr'><strong>alit</strong></span> <span class='ocrx_word' id='word_1_661' title='bbox 3017 3124 3185 3161; x_wconf 90' lang='lat' dir='ltr'><strong>mare.</strong></span> <span class='ocrx_word' id='word_1_662' title='bbox 3222 3107 3423 3161; x_wconf 87' lang='lat' dir='ltr'><strong>Deinde</strong></span> 
     </span>
    </p>
   </div>
   <div class='ocr_carea' id='block_1_91' title="bbox 1784 3195 3424 3275">
    <p class='ocr_par' dir='ltr' id='par_1_91' title="bbox 1784 3195 3424 3275">
     <span class='ocr_line' id='line_1_92' title="bbox 1784 3195 3424 3275; baseline 0.001 -27"><span class='ocrx_word' id='word_1_663' title='bbox 1784 3219 1821 3275; x_wconf 71' lang='grc' dir='ltr'><strong>ς</strong></span> <span class='ocrx_word' id='word_1_664' title='bbox 1851 3196 2017 3262; x_wconf 82' lang='lat' dir='ltr'><strong>jussit</strong></span> <span class='ocrx_word' id='word_1_665' title='bbox 2053 3195 2118 3249; x_wconf 92' lang='lat' dir='ltr'><strong>iis</strong></span> <span class='ocrx_word' id='word_1_666' title='bbox 2151 3196 2241 3264; x_wconf 93' lang='lat' dir='ltr'><strong>qui</strong></span> <span class='ocrx_word' id='word_1_667' title='bbox 2297 3197 2542 3256; x_wconf 89' lang='lat' dir='ltr'><strong>aderant,</strong></span> <span class='ocrx_word' id='word_1_668' title='bbox 2595 3205 2654 3248; x_wconf 90' lang='lat' dir='ltr'><strong>ut</strong></span> <span class='ocrx_word' id='word_1_669' title='bbox 2693 3205 2980 3265; x_wconf 82' lang='lat' dir='ltr'><strong>martyrem</strong></span> <span class='ocrx_word' id='word_1_670' title='bbox 3021 3195 3424 3264; x_wconf 86' lang='lat' dir='ltr'><strong>quamprimum</strong></span> 
     </span>
    </p>
   </div>
   <div class='ocr_carea' id='block_1_92' title="bbox 1859 3286 3429 3358">
    <p class='ocr_par' dir='ltr' id='par_1_92' title="bbox 1859 3286 3429 3358">
     <span class='ocr_line' id='line_1_93' title="bbox 1859 3286 3429 3358; baseline 0 -18"><span class='ocrx_word' id='word_1_671' title='bbox 1859 3288 2214 3351; x_wconf 80' lang='lat' dir='ltr'><strong>adducerent,</strong></span> <span class='ocrx_word' id='word_1_672' title='bbox 2247 3296 2300 3341; x_wconf 91' lang='lat' dir='ltr'><strong>et</strong></span> <span class='ocrx_word' id='word_1_673' title='bbox 2329 3289 2380 3340; x_wconf 93' lang='lat' dir='ltr'><strong>in</strong></span> <span class='ocrx_word' id='word_1_674' title='bbox 2412 3305 2529 3341; x_wconf 90' lang='lat' dir='ltr'><strong>eam</strong></span> <span class='ocrx_word' id='word_1_675' title='bbox 2564 3286 2874 3356; x_wconf 86' lang='lat' dir='ltr'><strong>injicerent,</strong></span> <span class='ocrx_word' id='word_1_676' title='bbox 2901 3289 2977 3342; x_wconf 91' lang='lat' dir='ltr'><strong>sic</strong></span> <span class='ocrx_word' id='word_1_677' title='bbox 3039 3290 3287 3358; x_wconf 89' lang='lat' dir='ltr'><strong>protinus</strong></span> <span class='ocrx_word' id='word_1_678' title='bbox 3335 3303 3429 3342; x_wconf 81' lang='lat' dir='ltr'><strong>ex-</strong></span> 
     </span>
    </p>
   </div>
   <div class='ocr_carea' id='block_1_93' title="bbox 1857 3377 3429 3447">
    <p class='ocr_par' dir='ltr' id='par_1_93' title="bbox 1857 3377 3429 3447">
     <span class='ocr_line' id='line_1_94' title="bbox 1857 3377 3429 3447; baseline 0 -15"><span class='ocrx_word' id='word_1_679' title='bbox 1857 3378 2121 3432; x_wconf 87' lang='lat' dir='ltr'><strong>edendam</strong></span> <span class='ocrx_word' id='word_1_680' title='bbox 2177 3393 2206 3429; x_wconf 89' lang='lat' dir='ltr'><strong>a</strong></span> <span class='ocrx_word' id='word_1_681' title='bbox 2251 3378 2458 3430; x_wconf 88' lang='lat' dir='ltr'><strong>bestiis.</strong></span> <span class='ocrx_word' id='word_1_682' title='bbox 2512 3377 2799 3445; x_wconf 79' lang='lat' dir='ltr'><strong>Pastquam</strong></span> <span class='ocrx_word' id='word_1_683' title='bbox 2846 3393 2974 3445; x_wconf 90' lang='lat' dir='ltr'><strong>ergo</strong></span> <span class='ocrx_word' id='word_1_684' title='bbox 3024 3379 3277 3447; x_wconf 77' lang='lat' dir='ltr'><strong>cognovit</strong></span> <span class='ocrx_word' id='word_1_685' title='bbox 3327 3378 3429 3432; x_wconf 88' lang='lat' dir='ltr'><strong>hoc</strong></span> 
     </span>
    </p>
   </div>
   <div class='ocr_carea' id='block_1_94' title="bbox 1858 3469 3426 3539">
    <p class='ocr_par' dir='ltr' id='par_1_94' title="bbox 1858 3469 3426 3539">
     <span class='ocr_line' id='line_1_95' title="bbox 1858 3469 3426 3539; baseline 0.001 -16"><span class='ocrx_word' id='word_1_686' title='bbox 1858 3471 2035 3533; x_wconf 74' lang='lat' dir='ltr'><strong>beata,</strong></span> <span class='ocrx_word' id='word_1_687' title='bbox 2088 3483 2184 3523; x_wconf 87' lang='lat' dir='ltr'><strong>sua</strong></span> <span class='ocrx_word' id='word_1_688' title='bbox 2242 3479 2437 3538; x_wconf 89' lang='lat' dir='ltr'><strong>sponte</strong></span> <span class='ocrx_word' id='word_1_689' title='bbox 2488 3477 2692 3530; x_wconf 87' lang='lat' dir='ltr'><strong>astans,</strong></span> <span class='ocrx_word' id='word_1_690' title='bbox 2757 3469 3118 3539; x_wconf 80' lang='lat' dir='ltr'><strong>exprobrabat</strong></span> <span class='ocrx_word' id='word_1_691' title='bbox 3181 3482 3426 3539; x_wconf 80' lang='lat' dir='ltr'><strong>tyranno,</strong></span> 
     </span>
    </p>
   </div>
   <div class='ocr_carea' id='block_1_95' title="bbox 1857 3559 3432 3630">
    <p class='ocr_par' dir='ltr' id='par_1_95' title="bbox 1857 3559 3432 3630">
     <span class='ocr_line' id='line_1_96' title="bbox 1857 3559 3432 3630; baseline 0.001 -17"><span class='ocrx_word' id='word_1_692' title='bbox 1857 3562 2000 3629; x_wconf 89' lang='lat' dir='ltr'><strong>quod</strong></span> <span class='ocrx_word' id='word_1_693' title='bbox 2051 3577 2137 3616; x_wconf 86' lang='lat' dir='ltr'><strong>res</strong></span> <span class='ocrx_word' id='word_1_694' title='bbox 2196 3560 2581 3630; x_wconf 81' lang='lat' dir='ltr'><strong>aggrederetur</strong></span> <span class='ocrx_word' id='word_1_695' title='bbox 2634 3560 2768 3614; x_wconf 89' lang='lat' dir='ltr'><strong>adeo</strong></span> <span class='ocrx_word' id='word_1_696' title='bbox 2828 3559 3129 3614; x_wconf 81' lang='lat' dir='ltr'><strong>inemcaces</strong></span> <span class='ocrx_word' id='word_1_697' title='bbox 3168 3560 3432 3615; x_wconf 81' lang='lat' dir='ltr'><strong>adversus</strong></span> 
     </span>
    </p>
   </div>
   <div class='ocr_carea' id='block_1_96' title="bbox 1855 3652 3430 3721">
    <p class='ocr_par' dir='ltr' id='par_1_96' title="bbox 1855 3652 3430 3721">
     <span class='ocr_line' id='line_1_97' title="bbox 1855 3652 3430 3721; baseline 0 -16"><span class='ocrx_word' id='word_1_698' title='bbox 1855 3652 2060 3705; x_wconf 72' lang='lat' dir='ltr'><strong>Christi</strong></span> <span class='ocrx_word' id='word_1_699' title='bbox 2122 3666 2310 3705; x_wconf 85' lang='lat' dir='ltr'><strong>servos</strong></span> <span class='ocrx_word' id='word_1_700' title='bbox 2352 3667 2365 3703; x_wconf 90' lang='lat'><strong>:</strong></span> <span class='ocrx_word' id='word_1_701' title='bbox 2417 3660 2472 3703; x_wconf 87' lang='lat' dir='ltr'><strong>et</strong></span> <span class='ocrx_word' id='word_1_702' title='bbox 2505 3652 2646 3718; x_wconf 92' lang='lat' dir='ltr'><strong>quod</strong></span> <span class='ocrx_word' id='word_1_703' title='bbox 2705 3652 2978 3706; x_wconf 88' lang='lat' dir='ltr'><strong>videretur</strong></span> <span class='ocrx_word' id='word_1_704' title='bbox 3035 3653 3334 3721; x_wconf 89' lang='lat' dir='ltr'><strong>improbus,</strong></span> <span class='ocrx_word' id='word_1_705' title='bbox 3375 3661 3430 3705; x_wconf 84' lang='lat' dir='ltr'><strong>et</strong></span> 
     </span>
    </p>
   </div>
   <div class='ocr_carea' id='block_1_97' title="bbox 1859 3740 3427 3797">
    <p class='ocr_par' dir='ltr' id='par_1_97' title="bbox 1859 3740 3427 3797">
     <span class='ocr_line' id='line_1_98' title="bbox 1859 3740 3427 3797; baseline -0.001 -1"><span class='ocrx_word' id='word_1_706' title='bbox 1859 3745 2151 3797; x_wconf 88' lang='lat' dir='ltr'><strong>haberetur</strong></span> <span class='ocrx_word' id='word_1_707' title='bbox 2177 3741 2430 3796; x_wconf 87' lang='lat' dir='ltr'><strong>ludibrio.</strong></span> <span class='ocrx_word' id='word_1_708' title='bbox 2474 3740 2679 3795; x_wconf 90' lang='lat' dir='ltr'><strong>Deinde</strong></span> <span class='ocrx_word' id='word_1_709' title='bbox 2733 3760 2853 3795; x_wconf 90' lang='lat' dir='ltr'><strong>cum</strong></span> <span class='ocrx_word' id='word_1_710' title='bbox 2889 3758 3080 3795; x_wconf 89' lang='lat' dir='ltr'><strong>manus</strong></span> <span class='ocrx_word' id='word_1_711' title='bbox 3113 3744 3167 3795; x_wconf 92' lang='lat' dir='ltr'><strong>in</strong></span> <span class='ocrx_word' id='word_1_712' title='bbox 3229 3744 3427 3796; x_wconf 73' lang='lat' dir='ltr'><strong>cmlum</strong></span> 
     </span>
    </p>
   </div>
   <div class='ocr_carea' id='block_1_98' title="bbox 1857 3834 3429 3904">
    <p class='ocr_par' dir='ltr' id='par_1_98' title="bbox 1857 3834 3429 3904">
     <span class='ocr_line' id='line_1_99' title="bbox 1857 3834 3429 3904; baseline -0.001 -15"><span class='ocrx_word' id='word_1_713' title='bbox 1857 3836 2193 3896; x_wconf 87' lang='lat' dir='ltr'><strong>sustulisset,</strong></span> <span class='ocrx_word' id='word_1_714' title='bbox 2256 3843 2311 3888; x_wconf 86' lang='lat' dir='ltr'><strong>et</strong></span> <span class='ocrx_word' id='word_1_715' title='bbox 2358 3835 2546 3892; x_wconf 80' lang='lat' dir='ltr'><strong>oculos</strong></span> <span class='ocrx_word' id='word_1_716' title='bbox 2621 3834 2904 3902; x_wconf 86' lang='lat' dir='ltr'><strong>implesset</strong></span> <span class='ocrx_word' id='word_1_717' title='bbox 2951 3834 3199 3904; x_wconf 80' lang='lat' dir='ltr'><strong>lacrymis</strong></span> <span class='ocrx_word' id='word_1_718' title='bbox 3259 3835 3429 3888; x_wconf 72' lang='lat' dir='ltr'><strong>:l.ux</strong></span> 
     </span>
    </p>
   </div>
   <div class='ocr_carea' id='block_1_99' title="bbox 1859 3927 3429 4002">
    <p class='ocr_par' dir='ltr' id='par_1_99' title="bbox 1859 3927 3429 4002">
     <span class='ocr_line' id='line_1_100' title="bbox 1859 3927 3429 4002; baseline -0.001 -22"><span class='ocrx_word' id='word_1_719' title='bbox 1859 3943 1996 3991; x_wconf 86' lang='lat' dir='ltr'><strong>mea,</strong></span> <span class='ocrx_word' id='word_1_720' title='bbox 2048 3929 2203 3987; x_wconf 88' lang='lat' dir='ltr'><strong>dixit,</strong></span> <span class='ocrx_word' id='word_1_721' title='bbox 2242 3927 2389 3990; x_wconf 81' lang='lat' dir='ltr'><strong>Jesu,</strong></span> <span class='ocrx_word' id='word_1_722' title='bbox 2421 3944 2534 3980; x_wconf 90' lang='lat' dir='ltr'><strong>mea</strong></span> <span class='ocrx_word' id='word_1_723' title='bbox 2567 3927 2840 3998; x_wconf 82' lang='lat' dir='ltr'><strong>gloriatio,</strong></span> <span class='ocrx_word' id='word_1_724' title='bbox 2873 3943 2992 3981; x_wconf 87' lang='lat' dir='ltr'><strong>mea</strong></span> <span class='ocrx_word' id='word_1_725' title='bbox 3030 3928 3157 3989; x_wconf 86' lang='lat' dir='ltr'><strong>vita,</strong></span> <span class='ocrx_word' id='word_1_726' title='bbox 3215 3929 3429 4002; x_wconf 83' lang='lat' dir='ltr'><strong>adjutor</strong></span> 
     </span>
    </p>
   </div>
   <div class='ocr_carea' id='block_1_100' title="bbox 1859 4018 3428 4086">
    <p class='ocr_par' dir='ltr' id='par_1_100' title="bbox 1859 4018 3428 4086">
     <span class='ocr_line' id='line_1_101' title="bbox 1859 4018 3428 4086; baseline -0.002 -13"><span class='ocrx_word' id='word_1_727' title='bbox 1859 4033 1990 4075; x_wconf 61' lang='lat' dir='ltr'><strong>mere</strong></span> <span class='ocrx_word' id='word_1_728' title='bbox 2039 4019 2448 4079; x_wconf 87' lang='lat' dir='ltr'><strong>imbecillitatis,</strong></span> <span class='ocrx_word' id='word_1_729' title='bbox 2495 4020 2588 4086; x_wconf 89' lang='lat' dir='ltr'><strong>qui</strong></span> <span class='ocrx_word' id='word_1_730' title='bbox 2653 4019 2706 4070; x_wconf 92' lang='lat' dir='ltr'><strong>in</strong></span> <span class='ocrx_word' id='word_1_731' title='bbox 2765 4020 2926 4072; x_wconf 90' lang='lat' dir='ltr'><strong>rebus</strong></span> <span class='ocrx_word' id='word_1_732' title='bbox 2987 4019 3166 4071; x_wconf 91' lang='lat' dir='ltr'><strong>dubiis</strong></span> <span class='ocrx_word' id='word_1_733' title='bbox 3218 4018 3428 4071; x_wconf 83' lang='lat' dir='ltr'><strong>facilem</strong></span> 
     </span>
    </p>
   </div>
   <div class='ocr_carea' id='block_1_101' title="bbox 1857 4109 3426 4179">
    <p class='ocr_par' dir='ltr' id='par_1_101' title="bbox 1857 4109 3426 4179">
     <span class='ocr_line' id='line_1_102' title="bbox 1857 4109 3426 4179; baseline -0.002 -15"><span class='ocrx_word' id='word_1_734' title='bbox 1857 4117 2060 4165; x_wconf 76' lang='lat' dir='ltr'><strong>exitum</strong></span> <span class='ocrx_word' id='word_1_735' title='bbox 2120 4111 2333 4164; x_wconf 86' lang='lat' dir='ltr'><strong>invenis</strong></span> <span class='ocrx_word' id='word_1_736' title='bbox 2398 4128 2410 4164; x_wconf 91' lang='lat'><strong>:</strong></span> <span class='ocrx_word' id='word_1_737' title='bbox 2467 4111 2557 4179; x_wconf 90' lang='lat' dir='ltr'><strong>qui</strong></span> <span class='ocrx_word' id='word_1_738' title='bbox 2632 4111 2822 4165; x_wconf 64' lang='lat' dir='ltr'><strong>bellua:</strong></span> <span class='ocrx_word' id='word_1_739' title='bbox 2876 4109 3090 4178; x_wconf 85' lang='lat' dir='ltr'><strong>quidem</strong></span> <span class='ocrx_word' id='word_1_740' title='bbox 3159 4120 3426 4172; x_wconf 81' lang='lat' dir='ltr'><strong>ventrem,</strong></span> 
     </span>
    </p>
   </div>
   <div class='ocr_carea' id='block_1_102' title="bbox 1859 4199 3427 4269">
    <p class='ocr_par' dir='ltr' id='par_1_102' title="bbox 1859 4199 3427 4269">
     <span class='ocr_line' id='line_1_103' title="bbox 1859 4199 3427 4269; baseline -0.003 -15"><span class='ocrx_word' id='word_1_741' title='bbox 1859 4199 2009 4256; x_wconf 81' lang='lat' dir='ltr'><strong>Jome</strong></span> <span class='ocrx_word' id='word_1_742' title='bbox 2039 4200 2325 4269; x_wconf 90' lang='lat' dir='ltr'><strong>pulchrum</strong></span> <span class='ocrx_word' id='word_1_743' title='bbox 2391 4201 2566 4254; x_wconf 79' lang='lat' dir='ltr'><strong>fecisti</strong></span> <span class='ocrx_word' id='word_1_744' title='bbox 2615 4201 2938 4264; x_wconf 88' lang='lat' dir='ltr'><strong>thalamum,</strong></span> <span class='ocrx_word' id='word_1_745' title='bbox 2981 4200 3195 4252; x_wconf 89' lang='lat' dir='ltr'><strong>leonum</strong></span> <span class='ocrx_word' id='word_1_746' title='bbox 3249 4208 3427 4251; x_wconf 88' lang='lat' dir='ltr'><strong>autem</strong></span> 
     </span>
    </p>
   </div>
   <div class='ocr_carea' id='block_1_103' title="bbox 1859 4286 3431 4350">
    <p class='ocr_par' dir='ltr' id='par_1_103' title="bbox 1859 4286 3431 4350">
     <span class='ocr_line' id='line_1_104' title="bbox 1859 4286 3431 4350; baseline -0.002 -9"><span class='ocrx_word' id='word_1_747' title='bbox 1859 4304 1950 4341; x_wconf 91' lang='lat' dir='ltr'><strong>ora</strong></span> <span class='ocrx_word' id='word_1_748' title='bbox 1982 4289 2215 4342; x_wconf 86' lang='lat' dir='ltr'><strong>revereri</strong></span> <span class='ocrx_word' id='word_1_749' title='bbox 2250 4287 2546 4348; x_wconf 89' lang='lat' dir='ltr'><strong>Danielem,</strong></span> <span class='ocrx_word' id='word_1_750' title='bbox 2580 4297 2635 4339; x_wconf 88' lang='lat' dir='ltr'><strong>tu</strong></span> <span class='ocrx_word' id='word_1_751' title='bbox 2686 4302 2791 4350; x_wconf 90' lang='lat' dir='ltr'><strong>me,</strong></span> <span class='ocrx_word' id='word_1_752' title='bbox 2850 4286 3098 4349; x_wconf 86' lang='lat' dir='ltr'><strong>Domine,</strong></span> <span class='ocrx_word' id='word_1_753' title='bbox 3136 4288 3308 4338; x_wconf 84' lang='lat' dir='ltr'><strong>valida</strong></span> <span class='ocrx_word' id='word_1_754' title='bbox 3376 4298 3431 4338; x_wconf 86' lang='lat' dir='ltr'><strong>et</strong></span> 
     </span>
    </p>
   </div>
   <div class='ocr_carea' id='block_1_104' title="bbox 1863 4379 3428 4447">
    <p class='ocr_par' dir='ltr' id='par_1_104' title="bbox 1863 4379 3428 4447">
     <span class='ocr_line' id='line_1_105' title="bbox 1863 4379 3428 4447; baseline -0.002 -13"><span class='ocrx_word' id='word_1_755' title='bbox 1863 4381 2063 4435; x_wconf 87' lang='lat' dir='ltr'><strong>invicta</strong></span> <span class='ocrx_word' id='word_1_756' title='bbox 2092 4390 2186 4435; x_wconf 89' lang='lat' dir='ltr'><strong>tua</strong></span> <span class='ocrx_word' id='word_1_757' title='bbox 2218 4394 2482 4435; x_wconf 89' lang='lat' dir='ltr'><strong>conserva</strong></span> <span class='ocrx_word' id='word_1_758' title='bbox 2512 4379 2758 4441; x_wconf 80' lang='lat' dir='ltr'><strong>dextera,</strong></span> <span class='ocrx_word' id='word_1_759' title='bbox 2797 4387 2858 4432; x_wconf 91' lang='lat' dir='ltr'><strong>ut</strong></span> <span class='ocrx_word' id='word_1_760' title='bbox 2892 4379 2990 4432; x_wconf 86' lang='lat' dir='ltr'><strong>sim</strong></span> <span class='ocrx_word' id='word_1_761' title='bbox 3025 4379 3242 4447; x_wconf 86' lang='lat' dir='ltr'><strong>quidem</strong></span> <span class='ocrx_word' id='word_1_762' title='bbox 3272 4394 3428 4447; x_wconf 84' lang='lat' dir='ltr'><strong>argu-</strong></span> 
     </span>
    </p>
   </div>
   <div class='ocr_carea' id='block_1_105' title="bbox 1865 4472 3427 4544">
    <p class='ocr_par' dir='ltr' id='par_1_105' title="bbox 1865 4472 3427 4544">
     <span class='ocr_line' id='line_1_106' title="bbox 1865 4472 3427 4544; baseline -0.004 -16"><span class='ocrx_word' id='word_1_763' title='bbox 1865 4483 2103 4528; x_wconf 89' lang='lat' dir='ltr'><strong>mentum</strong></span> <span class='ocrx_word' id='word_1_764' title='bbox 2136 4474 2319 4544; x_wconf 71' lang='lat' dir='ltr'><strong>gloriae</strong></span> <span class='ocrx_word' id='word_1_765' title='bbox 2353 4474 2438 4536; x_wconf 92' lang='lat' dir='ltr'><strong>iis,</strong></span> <span class='ocrx_word' id='word_1_766' title='bbox 2485 4473 2576 4541; x_wconf 93' lang='lat' dir='ltr'><strong>qui</strong></span> <span class='ocrx_word' id='word_1_767' title='bbox 2637 4481 2784 4526; x_wconf 90' lang='lat' dir='ltr'><strong>tuam</strong></span> <span class='ocrx_word' id='word_1_768' title='bbox 2823 4472 3010 4531; x_wconf 85' lang='lat' dir='ltr'><strong>colunt</strong></span> <span class='ocrx_word' id='word_1_769' title='bbox 3063 4472 3357 4540; x_wconf 85' lang='lat' dir='ltr'><strong>potentiam</strong></span> <span class='ocrx_word' id='word_1_770' title='bbox 3415 4487 3427 4522; x_wconf 91' lang='lat'><strong>:</strong></span> 
     </span>
    </p>
   </div>
   <div class='ocr_carea' id='block_1_106' title="bbox 1798 4549 3430 4642">
    <p class='ocr_par' dir='ltr' id='par_1_106' title="bbox 1798 4549 3430 4642">
     <span class='ocr_line' id='line_1_107' title="bbox 1798 4549 3430 4642; baseline -0.002 -23"><span class='ocrx_word' id='word_1_771' title='bbox 1798 4549 1835 4599; x_wconf 76' lang='grc' dir='ltr'>ί)</span> <span class='ocrx_word' id='word_1_772' title='bbox 1867 4568 2046 4621; x_wconf 82' lang='lat' dir='ltr'><strong>vultus</strong></span> <span class='ocrx_word' id='word_1_773' title='bbox 2070 4576 2257 4620; x_wconf 90' lang='lat' dir='ltr'><strong>autem</strong></span> <span class='ocrx_word' id='word_1_774' title='bbox 2291 4566 2605 4633; x_wconf 87' lang='lat' dir='ltr'><strong>impiorum,</strong></span> <span class='ocrx_word' id='word_1_775' title='bbox 2633 4563 2901 4618; x_wconf 90' lang='lat' dir='ltr'><strong>dedecore</strong></span> <span class='ocrx_word' id='word_1_776' title='bbox 2923 4564 3174 4631; x_wconf 86' lang='lat' dir='ltr'><strong>impleam</strong></span> <span class='ocrx_word' id='word_1_777' title='bbox 3195 4573 3248 4615; x_wconf 85' lang='lat' dir='ltr'><strong>et</strong></span> <span class='ocrx_word' id='word_1_778' title='bbox 3279 4563 3430 4642; x_wconf 74' lang='lat' dir='ltr'><strong>igno-</strong></span> 
     </span>
    </p>
   </div>
   <div class='ocr_carea' id='block_1_107' title="bbox 1865 4655 3430 4724">
    <p class='ocr_par' dir='ltr' id='par_1_107' title="bbox 1865 4655 3430 4724">
     <span class='ocr_line' id='line_1_108' title="bbox 1865 4655 3430 4724; baseline -0.003 -11"><span class='ocrx_word' id='word_1_779' title='bbox 1865 4660 2052 4713; x_wconf 87' lang='lat' dir='ltr'><strong>minia.</strong></span> <span class='ocrx_word' id='word_1_780' title='bbox 2086 4659 2218 4712; x_wconf 89' lang='lat' dir='ltr'><strong>Cum</strong></span> <span class='ocrx_word' id='word_1_781' title='bbox 2250 4657 2329 4710; x_wconf 90' lang='lat' dir='ltr'><strong>sic</strong></span> <span class='ocrx_word' id='word_1_782' title='bbox 2361 4663 2578 4724; x_wconf 82' lang='lat' dir='ltr'><strong>precata</strong></span> <span class='ocrx_word' id='word_1_783' title='bbox 2613 4663 2851 4719; x_wconf 82' lang='lat' dir='ltr'><strong>esset,et</strong></span> <span class='ocrx_word' id='word_1_784' title='bbox 2909 4669 2968 4709; x_wconf 89' lang='lat' dir='ltr'><strong>se</strong></span> <span class='ocrx_word' id='word_1_785' title='bbox 3023 4663 3135 4711; x_wconf 82' lang='lat' dir='ltr'><strong>tato</strong></span> <span class='ocrx_word' id='word_1_786' title='bbox 3168 4655 3430 4724; x_wconf 68' lang='lat' dir='ltr'><strong>signasset</strong></span> 
     </span>
    </p>
   </div>
   <div class='ocr_carea' id='block_1_108' title="bbox 1863 4745 3429 4818">
    <p class='ocr_par' dir='ltr' id='par_1_108' title="bbox 1863 4745 3429 4818">
     <span class='ocr_line' id='line_1_109' title="bbox 1863 4745 3429 4818; baseline -0.001 -16"><span class='ocrx_word' id='word_1_787' title='bbox 1863 4763 2112 4818; x_wconf 87' lang='lat' dir='ltr'><strong>corpore,</strong></span> <span class='ocrx_word' id='word_1_788' title='bbox 2140 4749 2194 4799; x_wconf 89' lang='lat' dir='ltr'><strong>in</strong></span> <span class='ocrx_word' id='word_1_789' title='bbox 2228 4758 2424 4815; x_wconf 88' lang='lat' dir='ltr'><strong>aquam</strong></span> <span class='ocrx_word' id='word_1_790' title='bbox 2458 4745 2580 4800; x_wconf 77' lang='lat' dir='ltr'><strong>forti</strong></span> <span class='ocrx_word' id='word_1_791' title='bbox 2613 4755 2666 4799; x_wconf 92' lang='lat' dir='ltr'><strong>et</strong></span> <span class='ocrx_word' id='word_1_792' title='bbox 2694 4761 2960 4814; x_wconf 86' lang='lat' dir='ltr'><strong>generoso</strong></span> <span class='ocrx_word' id='word_1_793' title='bbox 2989 4748 3172 4800; x_wconf 88' lang='lat' dir='ltr'><strong>animo</strong></span> <span class='ocrx_word' id='word_1_794' title='bbox 3203 4749 3429 4800; x_wconf 70' lang='lat' dir='ltr'><strong>insiluit.</strong></span> 
     </span>
    </p>
   </div>
   <div class='ocr_carea' id='block_1_109' title="bbox 1864 4838 3430 4909">
    <p class='ocr_par' dir='ltr' id='par_1_109' title="bbox 1864 4838 3430 4909">
     <span class='ocr_line' id='line_1_110' title="bbox 1864 4838 3430 4909; baseline -0.001 -14"><span class='ocrx_word' id='word_1_795' title='bbox 1864 4841 2058 4896; x_wconf 64' lang='lat' dir='ltr'><strong>Bestiae</strong></span> <span class='ocrx_word' id='word_1_796' title='bbox 2082 4849 2261 4893; x_wconf 88' lang='lat' dir='ltr'><strong>autem</strong></span> <span class='ocrx_word' id='word_1_797' title='bbox 2296 4839 2546 4909; x_wconf 85' lang='lat' dir='ltr'><strong>protinus</strong></span> <span class='ocrx_word' id='word_1_798' title='bbox 2585 4838 2804 4905; x_wconf 87' lang='lat' dir='ltr'><strong>quidem</strong></span> <span class='ocrx_word' id='word_1_799' title='bbox 2831 4852 2954 4891; x_wconf 92' lang='lat' dir='ltr'><strong>cum</strong></span> <span class='ocrx_word' id='word_1_800' title='bbox 2981 4854 3172 4907; x_wconf 87' lang='lat' dir='ltr'><strong>magno</strong></span> <span class='ocrx_word' id='word_1_801' title='bbox 3228 4838 3430 4908; x_wconf 89' lang='lat' dir='ltr'><strong>impetu</strong></span> 
     </span>
    </p>
   </div>
   <div class='ocr_carea' id='block_1_110' title="bbox 1864 4928 3434 4999">
    <p class='ocr_par' dir='ltr' id='par_1_110' title="bbox 1864 4928 3434 4999">
     <span class='ocr_line' id='line_1_111' title="bbox 1864 4928 3434 4999; baseline -0.003 -12"><span class='ocrx_word' id='word_1_802' title='bbox 1864 4939 2556 4999; x_wconf 69' lang='lat' dir='ltr'><strong>ait-cesserunt;postquam</strong></span> <span class='ocrx_word' id='word_1_803' title='bbox 2610 4943 2736 4981; x_wconf 83' lang='lat' dir='ltr'><strong>vero</strong></span> <span class='ocrx_word' id='word_1_804' title='bbox 2766 4928 2986 4981; x_wconf 79' lang='lat' dir='ltr'><strong>fuerunt</strong></span> <span class='ocrx_word' id='word_1_805' title='bbox 3019 4943 3188 4997; x_wconf 87' lang='lat' dir='ltr'><strong>prope</strong></span> <span class='ocrx_word' id='word_1_806' title='bbox 3235 4945 3434 4999; x_wconf 81' lang='lat' dir='ltr'><strong>corpus</strong></span> 
     </span>
    </p>
   </div>
   <div class='ocr_carea' id='block_1_111' title="bbox 1868 5021 3434 5097">
    <p class='ocr_par' dir='ltr' id='par_1_111' title="bbox 1868 5021 3434 5097">
     <span class='ocr_line' id='line_1_112' title="bbox 1868 5021 3434 5097; baseline -0.006 -15"><span class='ocrx_word' id='word_1_807' title='bbox 1868 5028 2137 5097; x_wconf 83' lang='lat' dir='ltr'><strong>martyris,</strong></span> <span class='ocrx_word' id='word_1_808' title='bbox 2167 5025 2268 5078; x_wconf 90' lang='lat' dir='ltr'><strong>cibi</strong></span> <span class='ocrx_word' id='word_1_809' title='bbox 2294 5022 2517 5075; x_wconf 88' lang='lat' dir='ltr'><strong>omnino</strong></span> <span class='ocrx_word' id='word_1_810' title='bbox 2554 5030 2681 5075; x_wconf 89' lang='lat' dir='ltr'><strong>sunt</strong></span> <span class='ocrx_word' id='word_1_811' title='bbox 2729 5021 2929 5084; x_wconf 53' lang='lat' dir='ltr'><strong>oblita»,</strong></span> <span class='ocrx_word' id='word_1_812' title='bbox 2960 5029 3013 5072; x_wconf 88' lang='lat' dir='ltr'><strong>et</strong></span> <span class='ocrx_word' id='word_1_813' title='bbox 3065 5021 3264 5072; x_wconf 64' lang='lat' dir='ltr'><strong>functae</strong></span> <span class='ocrx_word' id='word_1_814' title='bbox 3309 5034 3434 5074; x_wconf 87' lang='lat' dir='ltr'><strong>sunt</strong></span> 
     </span>
    </p>
   </div>
   <div class='ocr_carea' id='block_1_112' title="bbox 1866 5113 3430 5182">
    <p class='ocr_par' dir='ltr' id='par_1_112' title="bbox 1866 5113 3430 5182">
     <span class='ocr_line' id='line_1_113' title="bbox 1866 5113 3430 5182; baseline -0.006 -8"><span class='ocrx_word' id='word_1_815' title='bbox 1866 5136 2088 5174; x_wconf 79' lang='lat' dir='ltr'><strong>munere</strong></span> <span class='ocrx_word' id='word_1_816' title='bbox 2122 5117 2412 5170; x_wconf 85' lang='lat' dir='ltr'><strong>satellitum</strong></span> <span class='ocrx_word' id='word_1_817' title='bbox 2443 5130 2457 5166; x_wconf 89' lang='lat'><strong>:</strong></span> <span class='ocrx_word' id='word_1_818' title='bbox 2501 5123 2557 5168; x_wconf 91' lang='lat' dir='ltr'><strong>et</strong></span> <span class='ocrx_word' id='word_1_819' title='bbox 2589 5121 2875 5182; x_wconf 89' lang='lat' dir='ltr'><strong>martyrem</strong></span> <span class='ocrx_word' id='word_1_820' title='bbox 2909 5113 3266 5180; x_wconf 73' lang='lat' dir='ltr'><strong>excipientes,</strong></span> <span class='ocrx_word' id='word_1_821' title='bbox 3313 5128 3430 5165; x_wconf 86' lang='lat' dir='ltr'><strong>eam</strong></span> 
     </span>
    </p>
   </div>
   <div class='ocr_carea' id='block_1_113' title="bbox 1865 5207 3434 5276">
    <p class='ocr_par' dir='ltr' id='par_1_113' title="bbox 1865 5207 3434 5276">
     <span class='ocr_line' id='line_1_114' title="bbox 1865 5207 3434 5276; baseline -0.003 -11"><span class='ocrx_word' id='word_1_822' title='bbox 1865 5213 2039 5266; x_wconf 78' lang='lat' dir='ltr'><strong>dorsis</strong></span> <span class='ocrx_word' id='word_1_823' title='bbox 2077 5209 2189 5262; x_wconf 85' lang='lat' dir='ltr'><strong>suis</strong></span> <span class='ocrx_word' id='word_1_824' title='bbox 2218 5209 2579 5270; x_wconf 86' lang='lat' dir='ltr'><strong>sustinebant,</strong></span> <span class='ocrx_word' id='word_1_825' title='bbox 2619 5207 2843 5276; x_wconf 87' lang='lat' dir='ltr'><strong>perinde</strong></span> <span class='ocrx_word' id='word_1_826' title='bbox 2880 5223 2943 5261; x_wconf 90' lang='lat' dir='ltr'><strong>ac</strong></span> <span class='ocrx_word' id='word_1_827' title='bbox 2981 5209 3024 5259; x_wconf 87' lang='lat' dir='ltr'><strong>si</strong></span> <span class='ocrx_word' id='word_1_828' title='bbox 3078 5207 3198 5274; x_wconf 86' lang='lat' dir='ltr'><strong>ejus</strong></span> <span class='ocrx_word' id='word_1_829' title='bbox 3247 5223 3434 5261; x_wconf 76' lang='lat' dir='ltr'><strong>cumm</strong></span> 
     </span>
    </p>
   </div>
   <div class='ocr_carea' id='block_1_114' title="bbox 1865 5300 3432 5372">
    <p class='ocr_par' dir='ltr' id='par_1_114' title="bbox 1865 5300 3432 5372">
     <span class='ocr_line' id='line_1_115' title="bbox 1865 5300 3432 5372; baseline -0.003 -16"><span class='ocrx_word' id='word_1_830' title='bbox 1865 5311 2138 5372; x_wconf 83' lang='lat' dir='ltr'><strong>gererent,</strong></span> <span class='ocrx_word' id='word_1_831' title='bbox 2172 5319 2241 5356; x_wconf 89' lang='lat' dir='ltr'><strong>ne</strong></span> <span class='ocrx_word' id='word_1_832' title='bbox 2277 5301 2404 5369; x_wconf 90' lang='lat' dir='ltr'><strong>quid</strong></span> <span class='ocrx_word' id='word_1_833' title='bbox 2445 5300 2494 5352; x_wconf 91' lang='lat' dir='ltr'><strong>ei</strong></span> <span class='ocrx_word' id='word_1_834' title='bbox 2529 5317 2692 5369; x_wconf 87' lang='lat' dir='ltr'><strong>grave</strong></span> <span class='ocrx_word' id='word_1_835' title='bbox 2728 5300 2973 5354; x_wconf 85' lang='lat' dir='ltr'><strong>eveniret</strong></span> <span class='ocrx_word' id='word_1_836' title='bbox 3024 5300 3076 5352; x_wconf 90' lang='lat' dir='ltr'><strong>in</strong></span> <span class='ocrx_word' id='word_1_837' title='bbox 3112 5313 3304 5367; x_wconf 87' lang='lat' dir='ltr'><strong>aquam</strong></span> <span class='ocrx_word' id='word_1_838' title='bbox 3336 5300 3432 5351; x_wconf 88' lang='lat' dir='ltr'><strong>de-</strong></span> 
     </span>
    </p>
   </div>
   <div class='ocr_carea' id='block_1_115' title="bbox 1867 5394 2170 5448">
    <p class='ocr_par' dir='ltr' id='par_1_115' title="bbox 1867 5394 2170 5448">
     <span class='ocr_line' id='line_1_116' title="bbox 1867 5394 2170 5448; baseline 0.003 -1"><span class='ocrx_word' id='word_1_839' title='bbox 1867 5394 2170 5448; x_wconf 81' lang='lat' dir='ltr'><strong>scendcntt.</strong></span> 
     </span>
    </p>
   </div>
   <div class='ocr_carea' id='block_1_116' title="bbox 1938 5583 3426 5654">
    <p class='ocr_par' dir='ltr' id='par_1_116' title="bbox 1938 5583 3426 5654">
     <span class='ocr_line' id='line_1_117' title="bbox 1938 5583 3426 5654; baseline -0.006 -10"><span class='ocrx_word' id='word_1_840' title='bbox 1938 5590 2055 5645; x_wconf 77' lang='lat' dir='ltr'><strong>XII.</strong></span> <span class='ocrx_word' id='word_1_841' title='bbox 2089 5588 2302 5643; x_wconf 81' lang='lat' dir='ltr'><strong>Priscus</strong></span> <span class='ocrx_word' id='word_1_842' title='bbox 2342 5599 2522 5641; x_wconf 89' lang='lat' dir='ltr'><strong>autem</strong></span> <span class='ocrx_word' id='word_1_843' title='bbox 2560 5585 2699 5654; x_wconf 86' lang='lat' dir='ltr'><strong>apud</strong></span> <span class='ocrx_word' id='word_1_844' title='bbox 2732 5601 2788 5639; x_wconf 83' lang='lat' dir='ltr'><strong>se</strong></span> <span class='ocrx_word' id='word_1_845' title='bbox 2819 5583 3140 5653; x_wconf 82' lang='lat' dir='ltr'><strong>conjicieus,</strong></span> <span class='ocrx_word' id='word_1_846' title='bbox 3184 5599 3302 5650; x_wconf 72' lang='lat' dir='ltr'><strong>quae</strong></span> <span class='ocrx_word' id='word_1_847' title='bbox 3336 5583 3426 5636; x_wconf 79' lang='lat' dir='ltr'><strong>tie-</strong></span> 
     </span>
    </p>
   </div>
   <div class='ocr_carea' id='block_1_117' title="bbox 1868 5674 3434 5746">
    <p class='ocr_par' dir='ltr' id='par_1_117' title="bbox 1868 5674 3434 5746">
     <span class='ocr_line' id='line_1_118' title="bbox 1868 5674 3434 5746; baseline -0.005 -12"><span class='ocrx_word' id='word_1_848' title='bbox 1868 5684 1997 5736; x_wconf 84' lang='lat' dir='ltr'><strong>bant</strong></span> <span class='ocrx_word' id='word_1_849' title='bbox 2033 5681 2443 5743; x_wconf 85' lang='lat' dir='ltr'><strong>admirabiliter,</strong></span> <span class='ocrx_word' id='word_1_850' title='bbox 2476 5687 2592 5731; x_wconf 89' lang='lat' dir='ltr'><strong>erat</strong></span> <span class='ocrx_word' id='word_1_851' title='bbox 2655 5678 2872 5746; x_wconf 86' lang='lat' dir='ltr'><strong>quidem</strong></span> <span class='ocrx_word' id='word_1_852' title='bbox 2920 5677 3085 5729; x_wconf 88' lang='lat' dir='ltr'><strong>animi</strong></span> <span class='ocrx_word' id='word_1_853' title='bbox 3120 5674 3333 5738; x_wconf 86' lang='lat' dir='ltr'><strong>dubius,</strong></span> <span class='ocrx_word' id='word_1_854' title='bbox 3380 5683 3434 5728; x_wconf 82' lang='lat' dir='ltr'><strong>et</strong></span> 
     </span>
    </p>
   </div>
   <div class='ocr_carea' id='block_1_118' title="bbox 1869 5767 3430 5839">
    <p class='ocr_par' dir='ltr' id='par_1_118' title="bbox 1869 5767 3430 5839">
     <span class='ocr_line' id='line_1_119' title="bbox 1869 5767 3430 5839; baseline -0.007 -13"><span class='ocrx_word' id='word_1_855' title='bbox 1869 5773 2240 5828; x_wconf 78' lang='lat' dir='ltr'><strong>admirabatur</strong></span> <span class='ocrx_word' id='word_1_856' title='bbox 2275 5787 2288 5823; x_wconf 89' lang='lat'><strong>:</strong></span> <span class='ocrx_word' id='word_1_857' title='bbox 2320 5786 2440 5824; x_wconf 87' lang='lat' dir='ltr'><strong>cum</strong></span> <span class='ocrx_word' id='word_1_858' title='bbox 2481 5771 2724 5839; x_wconf 86' lang='lat' dir='ltr'><strong>aspicere</strong></span> <span class='ocrx_word' id='word_1_859' title='bbox 2759 5777 2940 5822; x_wconf 87' lang='lat' dir='ltr'><strong>autem</strong></span> <span class='ocrx_word' id='word_1_860' title='bbox 2969 5768 3035 5819; x_wconf 87' lang='lat' dir='ltr'><strong>ad</strong></span> <span class='ocrx_word' id='word_1_861' title='bbox 3073 5767 3249 5819; x_wconf 81' lang='lat' dir='ltr'><strong>lucem</strong></span> <span class='ocrx_word' id='word_1_862' title='bbox 3286 5782 3430 5818; x_wconf 79' lang='lat' dir='ltr'><strong>veri-</strong></span> 
     </span>
    </p>
   </div>
   <div class='ocr_carea' id='block_1_119' title="bbox 1871 5858 3427 5934">
    <p class='ocr_par' dir='ltr' id='par_1_119' title="bbox 1871 5858 3427 5934">
     <span class='ocr_line' id='line_1_120' title="bbox 1871 5858 3427 5934; baseline -0.01 -13"><span class='ocrx_word' id='word_1_863' title='bbox 1871 5867 2016 5932; x_wconf 85' lang='lat' dir='ltr'><strong>tatis,</strong></span> <span class='ocrx_word' id='word_1_864' title='bbox 2050 5876 2101 5922; x_wconf 85' lang='lat' dir='ltr'><strong>et</strong></span> <span class='ocrx_word' id='word_1_865' title='bbox 2137 5861 2435 5934; x_wconf 81' lang='lat' dir='ltr'><strong>intelligere</strong></span> <span class='ocrx_word' id='word_1_866' title='bbox 2455 5877 2697 5931; x_wconf 67' lang='lat' dir='ltr'><strong>quaenam</strong></span> <span class='ocrx_word' id='word_1_867' title='bbox 2729 5870 2872 5916; x_wconf 84' lang='lat' dir='ltr'><strong>esset</strong></span> <span class='ocrx_word' id='word_1_868' title='bbox 2908 5874 3094 5913; x_wconf 85' lang='lat' dir='ltr'><strong>eorum</strong></span> <span class='ocrx_word' id='word_1_869' title='bbox 3133 5872 3250 5927; x_wconf 76' lang='lat' dir='ltr'><strong>quae</strong></span> <span class='ocrx_word' id='word_1_870' title='bbox 3274 5858 3427 5908; x_wconf 85' lang='lat' dir='ltr'><strong>tluut.</strong></span> 
     </span>
    </p>
   </div>
  </div>
