4198 6438
780 368 883 432 7ἳ7

2012 383 2298 450 MENSIS
2339 388 2813 458 SEPTEMBEB.

3956 408 4066 470 728

776 483 971 545 virtus,
1007 498 1114 539 non
1171 493 1378 557 posset,
1443 490 1712 548 undenam
1758 494 1863 552 hoc
1898 508 2067 563 esset,
2135 501 2364 573 rogabat

2468 505 2563 571 ὢν,
2582 507 2748 560 πόθεν
2780 508 2845 562 ἂν
2868 509 2953 580 εἴη
2987 508 3148 565 τοῦτο
3181 513 3316 582 πρὸς
3366 514 3456 569 τδν
3494 515 3846 574 Ἀπελλιανδν
3888 521 4064 574 ὲπυν·

776 573 1145 641 Apellianum.
1193 575 1332 634 Ecce
1388 581 1557 649 enim,
1612 595 1670 639 ut
1721 586 1893 653 vides,
1963 599 2019 644 ct
2069 590 2234 664 ignis,
2303 600 2357 646 et

777 665 966 735 plagae.
992 671 1046 720 et
1078 678 1231 733 rotae,
1264 674 1318 725 et
1350 672 1556 740 bestiae,
1581 675 1648 730 ab
1681 693 1788 733 una
1821 678 2023 735 femina
2053 682 2194 742 victa
2229 693 2359 738 sunt

777 756 982 810 omnia.
1026 757 1119 814 ille
1155 771 1336 816 autem
1370 764 1519 834 (quid
1577 768 1725 821 enim
1789 768 1932 826 aliud
1990 775 2361 831 existimasset

780 848 1014 903 scelesta
1060 852 1266 918 anima,
1307 862 1364 910 et
1395 857 1461 910 ad
1495 858 1736 914 divinam
1768 863 1946 918 lucem
1979 864 2138 935 plane
2185 883 2360 922 caecu-

779 941 976 1012 tiens?)
1009 945 1296 1016 praestigiis
1323 958 1377 1002 et
1416 950 1627 1007 artibus
1655 954 1876 1022 magicis
1896 957 2209 1012 ascribebat
2237 958 2361 1013 uni-

779 1045 1024 1098 versum,
1073 1044 1129 1088 et
1159 1051 1278 1089 eam
1314 1038 1394 1092 sic
1430 1039 1641 1096 dicebat
1693 1039 1928 1110 edicere,
1960 1056 2020 1099 ut
2078 1056 2223 1102 esset
2265 1064 2359 1103 su-

780 1125 990 1193 perior.
1021 1127 1118 1181 Cui
1151 1131 1474 1198 proconsul,
1503 1133 1732 1202 perinde
1760 1151 1825 1190 ac
1852 1138 2055 1191 mentis
2089 1138 2360 1207 profunda

781 1229 1105 1285 penetrans,
1143 1233 1197 1276 et
1229 1223 1481 1278 altiorem
1511 1226 1778 1282 inducens
1813 1229 2297 1300 interrogationem
2344 1250 2357 1287 :

783 1307 896 1362 Cur
934 1317 1142 1375 autem,
1205 1313 1403 1381 inquit,
1454 1331 1564 1370 non
1619 1317 1716 1371 ulti
1767 1327 1893 1373 sunt
1939 1335 2056 1374 eam
2095 1321 2196 1386 dii,
2237 1338 2362 1378 cum

784 1400 961 1454 malos
1001 1402 1129 1457 odio
1182 1404 1457 1460 habeant?
1516 1407 1607 1462 llle
1647 1424 1776 1464 vero
1829 1427 1950 1465 cum
2009 1429 2118 1466 non
2176 1427 2366 1483 posset

781 1510 969 1548 veram
1009 1498 1234 1553 reddere
1270 1500 1564 1566 rationem,
1591 1501 2016 1558 imbecillitatem
2046 1506 2364 1563 nominabat

781 1585 1171 1657 benignitatem
1219 1606 1233 1644 :
1293 1590 1429 1644 Cum
1480 1591 1606 1656 sint,
1683 1594 1878 1663 inquit,
1925 1596 2247 1662 clementes,
2314 1599 2364 1654 ei

781 1688 1175 1747 pepercerunt.
1202 1678 1426 1734 Interim
1452 1693 1675 1755 martyr,
1711 1700 1835 1739 cum
1869 1687 2080 1756 integra
2099 1699 2152 1744 ct
2199 1692 2363 1746 illaesa

779 1770 1095 1825 emersisset
1153 1787 1217 1826 ex
1275 1789 1433 1844 aqua,
1487 1776 1798 1832 videntibus
1882 1780 2159 1846 omnibus,
2191 1783 2367 1839 astitit

780 1877 967 1916 coram
1000 1866 1352 1933 proconsule.
1389 1866 1630 1938 Tyranni
1693 1878 1876 1923 autem
1918 1871 2082 1924 simul
2133 1874 2277 1926 inter
2306 1891 2364 1930 se
2393 1847 2439 1906 Β

782 1953 1154 2018 disserebant,
1183 1971 1290 2008 non
1320 1957 1372 2009 in
1417 1960 1654 2025 occulto,
1686 1960 1778 2014 scd
1821 1962 2039 2030 palam:
2077 1963 2148 2017 ita
2185 1975 2241 2019 ut
2270 1966 2362 2035 qui

782 2047 1036 2112 aderant,
1076 2049 1352 2117 audirent,
1391 2061 1445 2106 et
1480 2053 1684 2122 aliquid
1734 2055 2122 2112 lucrifacerent
2177 2075 2240 2114 ex
2298 2062 2363 2117 iis

779 2154 901 2207 qua:
936 2139 1284 2205 dicebantur,
1319 2157 1449 2198 suos
1472 2145 1605 2200 deos
1632 2156 1726 2201 aut
1759 2148 2036 2204 daemones
2059 2150 2364 2211 defenden-

783 2241 890 2297 tes,
927 2243 979 2288 et
1003 2237 1304 2308 praestigias
1339 2245 1394 2289 et
1448 2249 1619 2292 artem
1660 2243 1926 2310 magicam
1989 2245 2366 2301 attribuebant

783 2325 1031 2394 martyri,
1069 2334 1122 2380 et
1170 2342 1231 2380 ea
1281 2327 1540 2382 dicebant
1603 2329 1774 2398 ipsam
1841 2347 2010 2400 aquas
2053 2351 2363 2403 superasse.

783 2413 1015 2486 Propter
1079 2419 1193 2472 haec
1234 2433 1355 2473 cum
1406 2416 1627 2474 Priscus
1691 2421 1854 2475 simul
1911 2438 2032 2477 cum
2093 2439 2368 2482 assessore

782 2511 1046 2580 perplexo
1078 2522 1265 2567 essent
1295 2514 1501 2580 animo,
1533 2525 1586 2570 et
1617 2515 1894 2571 nescirent
1925 2518 2184 2587 quidnam
2227 2519 2369 2577 face-

784 2604 910 2656 rent
941 2603 1198 2673 amplius,
1247 2615 1504 2675 tanquam
1537 2609 1592 2660 in
1650 2609 1940 2663 consilium
1995 2625 2148 2669 suam
2210 2614 2369 2668 adhi-

785 2694 982 2751 bentes
1016 2696 1305 2758 saevitiam,
1349 2697 1416 2752 ad
1467 2699 1805 2768 puniendum
1839 2717 2033 2758 rursus
2070 2719 2127 2758 se
2171 2717 2367 2761 contu-

782 2783 988 2842 lerunt.
1026 2788 1166 2854 Quid
1201 2791 1345 2846 enim
1366 2804 1591 2862 possent
1632 2796 1778 2850 aliud
1808 2798 2007 2860 facere,
2036 2813 2158 2855 cum
2181 2809 2371 2855 essent

783 2879 1039 2949 discipuli
1074 2881 1213 2951 ejus,
1260 2881 1350 2951 qui
1409 2881 1510 2938 fuit
1541 2884 1811 2939 homicida
1865 2886 1932 2940 ab
1989 2886 2148 2942 initio
2181 2887 2240 2941 ⁸7
2289 2887 2367 2941 llli

785 2986 916 3043 ergo
953 2988 1145 3028 rursus
1201 2975 1621 3041 exsculpserunt
1677 2977 1905 3048 lapides,
1950 2988 2004 3033 et
2067 2978 2370 3035 cﬂ'ecerunt

784 3077 976 3122 acutos
1005 3067 1325 3137 ferreosque
1356 3070 1651 3138 obeliscos,
1697 3080 1752 3126 et
1783 3088 1965 3128 serras
2013 3083 2144 3131 sunt
2202 3073 2369 3129 fabri-

2465 596 2672 652 θάνετο.
2691 600 2821 654 Ἰδοὺ
2856 601 2988 671 γὰρ,
3019 602 3094 664 ὼς
3124 604 3279 674 ὁρᾷς,
3303 605 3397 659 καὶ
3424 605 3556 676 πῦρ,
3579 609 3671 662 καὶ
3703 611 3950 681 πληγαὶ.
3977 611 4067 664 καὶ

2459 692 2668 762 τροχοὶ,
2700 692 2795 744 καὶ
2830 692 3017 760 θηρία,
3043 696 3172 762 μιᾶς
3223 701 3484 764 γυναικὸς
3520 702 3784 771 ἥττηνται
3852 704 4062 760 πάντα.

2474 781 2531 836 '0
2561 783 2618 838 δὲ
2669 785 2782 854 (καὶ
2849 786 2904 838 τί
2947 787 3056 859 γὰρ
3088 788 3237 853 ἄλλο,
3282 791 3427 861 ψυχὴ
3463 794 3632 865 μιαρὰ
3662 795 3757 848 καὶ
3816 799 3970 866 πρὸς
4005 799 4063 850 τὸ

2463 877 2604 931 θεῖον
2654 877 3040 947 τυφλώττουσα
3111 882 3226 951 φῶς
3280 884 3546 936 ὑπέλαϐεν
3581 886 3716 954 ἀνς)
3767 889 4062 958 γοητείαις

2462 973 2632 1026 ἐδίδου
2667 973 2728 1025 τὸ
2770 975 2902 1036 πᾶν,
2930 975 3026 1028 καὶ
3047 970 3221 1038 οὕτως
3272 977 3460 1041 ἔλεγεν
3488 977 3622 1048 αὐτῇ
3659 980 4056 1045 περιγίνεσθαι

2463 1067 2530 1120 τὰ
2590 1067 2730 1120 κατὰ
2775 1066 3002 1136 γνώμην
3067 1067 3273 1122 ἀνύειν.
3337 1070 3484 1140 Πρός
3538 1073 3596 1124 ὃν
3634 1073 3661 1124 δ
3714 1072 4064 1135 ἀνθύπατος.

2463 1157 2652 1232 ὥσπερ
2681 1162 2760 1224 εἰς
2793 1158 2920 1213 νοῦν
2953 1159 3176 1230 βάπτων
3209 1161 3304 1214 καὶ
3339 1161 3646 1232 βαθυτέρας
3678 1167 3886 1235 φρενὸς
3921 1168 4061 1219 ἐπά-

2463 1269 2576 1319 γων
2606 1251 2964 1323 ἐρωτήματα,
2990 1253 3054 1304 Τί
3080 1252 3137 1305 δὲ
3171 1253 3245 1322 μὴ
3271 1252 3550 1323 ἠμύναντο
3583 1255 3792 1324 ταύτην
3824 1259 3873 1308 οἱ
3924 1258 4059 1315 θεοί,

2464 1345 2590 1413 ἐφη,
2615 1345 2968 1414 μισοπόνηροι
2995 1344 3174 1408 ὅντες;
3203 1346 3310 1397 Καὶ
3359 1345 3419 1408 ὃς
3464 1342 3564 1398 οὐκ
3596 1346 3738 1415 ἔχων
3793 1348 3910 1400 ἀπὸ
3965 1349 4064 1414 τῆς

2463 1434 2722 1506 ἀληθείας
2757 1436 2954 1496 εἰπεῖν,
2986 1434 3402 1505 φιλανθρωπίαν
3431 1435 3685 1506 ὠνόμαζε
3733 1439 3839 1509 τὴν
3890 1439 4061 1492 ἁσθέο

2465 1543 2634 1589 νειαν,
2665 1525 2928 1594 Εὐμενεῖς
2958 1529 3133 1589 ὄντες,
3157 1526 3355 1594 λέγων,
3382 1528 3666 1595 ἐφείσαντο
3695 1529 3932 1598 ταύτης.
3973 1529 4064 1580 Ἐν

2463 1614 2637 1685 τούτῳ
2672 1615 2794 1686 δὲή
2841 1615 3072 1687 μάρτυς,
3103 1616 3348 1684 ἀϐλαϐὴς
3395 1617 3488 1670 τοῦ
3545 1617 3735 1681 ὕδατος
3789 1619 4061 1682 ἀναδῦσα,

2466 1707 2685 1761 πάντων
2708 1708 2986 1778 ὁρώντων,
3013 1710 3263 1780 παρέστη
3288 1710 3369 1780 τῷ
3417 1710 3715 1781 ἀνθυπάτῳ
3739 1728 3753 1742 ·
3787 1714 3886 1765 καὶ
3943 1714 4063 1782 ἅμα

2477 1800 2612 1870 πρὸς
2647 1799 2918 1870 ἀλλήλους
2950 1803 2999 1855 οἱ
3039 1803 3295 1873 τύραννοι
3321 1802 3421 1857 οὐκ
3453 1805 3514 1856 ἐν
3547 1803 3908 1874 παραϐύστῳ,
3943 1803 4062 1856 ἀλλ’

2467 1892 2524 1944 ἐν
2554 1891 2630 1958 τῷ
2662 1894 2934 1963 προφανεῖ
2958 1893 3281 1961 διελέγοντο,
3306 1895 3381 1964 τῷ
3416 1895 3658 1957 καὶτοὺς
3687 1897 4062 1965 παρεστῶτας

2466 1981 2704 2047 ἀκούειν,
2736 1985 2829 2037 καὶ
2859 1985 3316 2054 παρακερδαίνειν
3343 2005 3396 2040 τι
3443 1988 3550 2039 τῶν
3600 1988 3940 2058 λεγομένων.
3974 1985 4061 2055 ἐφ’

2466 2067 2547 2135 οἷς
2589 2074 2728 2144 ὑπὲρ
2777 2075 2885 2126 τῶν
2921 2075 3140 2128 οἰκείων
3198 2076 3337 2128 θεῶν
3370 2075 3402 2147 ἢ
3441 2077 3714 2145 δαιμόνων
3749 2077 4058 2146 ἀπολογού-

2471 2179 2624 2229 μενοι
2654 2165 2912 2233 γοητείαν
3045 2165 3282 2238 μάρτυρι
3327 2167 3632 2237 περιῆπτον
3672 2185 3688 2200 ·
3723 2171 3818 2222 καὶ
3876 2169 4062 2238 ταύτῃ

2467 2255 2652 2322 ἔλεγον
2708 2255 2984 2326 κρατῆσαι
3033 2257 3272 2310 καὶτῶν
3331 2259 3566 2315 ὑδάτων.
3608 2260 3729 2312 Ἑπὶ
3783 2260 4004 2322 τούτοις
4035 2261 4064 2314 ὁ

2469 2346 2704 2415 Πρίσκος
2751 2348 2866 2416 ἃμα
2904 2348 2981 2418 τῷ
3041 2349 3415 2420 συμπαρέδρῳ
3476 2352 3925 2422 διαπορούμενοι,
3958 2354 4056 2406 καὶ

2472 2437 2547 2508 μὴ
2582 2437 2794 2507 ἔχοντες
2821 2441 2957 2509 ὅπερ
2998 2440 3064 2493 ἂν
3090 2441 3332 2510 δράσωσι
3380 2442 3563 2506 πλέον,
3591 2444 3896 2512 σύμδουλον
3954 2441 4062 2498 ὦσ-

2470 2547 2575 2600 περ
2607 2531 2704 2599 τὴν
2748 2531 2955 2584 οἰκείαν
2992 2532 3406 2601 παραλαϐόντες
3444 2529 3724 2604 ὠμότητα,
3752 2537 3846 2587 καὶ
3897 2533 4063 2599 αὖθις

2469 2620 2606 2687 πρὸς
2635 2619 2694 2672 τὸ
2722 2619 2971 2684 κολάζειν
3027 2623 3287 2694 ἐχώρουν.
3321 2623 3428 2677 Καὶ
3459 2626 3512 2677 τί
3566 2626 3672 2695 γὰρ
3725 2627 3851 2680 ἄλλο
3908 2624 4063 2697 εἶχον

2470 2716 2667 2776 ποιεῖν,
2700 2714 2943 2782 μαθηταὶ
2976 2715 3068 2768 τοῦ
3102 2716 3160 2780 ἐξ
3197 2717 3372 2787 ἀρχῆς
3417 2718 3866 2790 ἀνθρωποκτόνου
3923 2740 4061 2787 τυγο

2469 2804 2724 2872 χάνοντες
2749 2819 2763 2869 ;
2787 2804 2935 2857 Λίθοι
2959 2805 3050 2858 οὖν
3067 2807 3228 2860 πάλιν
3254 2808 3438 2872 αὐτοῖς
3463 2812 3541 2872 είς
3563 2810 3655 2874 ὀξὺ
3676 2812 4066 2883 διεγλύφοντος

2469 2895 2742 2949 ὀϐελίσκοι
2776 2914 2834 2949 τε
2874 2897 3096 2967 σιδήρου
3134 2899 3230 2952 καὶ
3262 2901 3479 2965 πρίονες
3532 2904 3910 2973 ἐχαλκεύοντο,
3938 2901 4060 2959 εἶτα

2470 2991 2564 3040 καὶ
2597 2988 2790 3058 βόθρον
2821 2990 3089 3059 ὀρυγῆναι
3120 2990 3508 3059 διεκελεύοντο,
3530 2995 3589 3058 ὃς
3645 2995 3864 3064 ἔμελλεν
3902 2997 4059 3048 ἔνδον

2469 3079 2594 3142 τοὺς
2622 3079 2762 3143 ὀξεῖς
2793 3081 3014 3142 τούτους
3049 3081 3229 3145 λίθους
3264 3086 3360 3137 καὶ
3385 3085 3702 3146 ὀϐελίσκους
3740 3086 3834 3137 καὶ
3891 3088 4058 3155 πρίο-

784 3161 893 3215 cati
928 3180 941 3216 :
975 3161 1174 3217 deinde
1230 3161 1518 3233 jusserunt
1580 3165 1742 3219 etiam
1799 3165 1904 3220 fodi
1962 3166 2182 3231 fossam,
2251 3185 2368 3238 quae

2473 3189 2565 3232 νας
2608 3172 2836 3240 ἀφανεῖς
2867 3171 3009 3241 ἔχειν
3036 3173 3456 3244 ἐμπεπηγότας,
3499 3176 3686 3244 ὀλίγης
3735 3177 3887 3246 αὑτῷ
3952 3179 4052 3245 γῆς

784 3256 976 3305 acutos
1003 3249 1105 3306 hos
1167 3250 1374 3322 lapides
1430 3263 1483 3308 et
1527 3254 1795 3310 obeliscos
1830 3267 1883 3311 et
1917 3272 2096 3313 serras
2135 3259 2368 3318 latentes

2468 3265 2822 3336 ἐπιχυθείσης
2850 3264 3238 3330 ἀνωθεν,ὢστε
3272 3269 3369 3340 τὴν
3399 3270 3649 3341 μάρτυρα
3681 3271 3926 3324 διιοῦσαν
3961 3274 4059 3341 ὲμο

783 3337 982 3394 inﬁxas
1017 3351 1163 3395 esset
1189 3342 1466 3408 habitura,
1501 3360 1674 3414 pauca
1721 3359 1866 3402 terra
1899 3348 1948 3403 ei
2017 3349 2254 3418 desuper
2289 3351 2371 3404 in-

783 3429 930 3496 fusa,
969 3441 1029 3485 ut
1061 3434 1368 3502 procedens
1408 3444 1634 3506 martyr,
1670 3436 1723 3489 in
1761 3452 1881 3490 eam
1928 3438 2247 3507 imprudens
2279 3441 2367 3493 in-

783 3520 1017 3588 cideret,
1052 3532 1106 3577 et
1165 3524 1245 3578 sic
1295 3525 1566 3582 interiret.
1620 3527 2014 3585 Existimabam
2061 3533 2207 3588 enim
2260 3543 2369 3589 sto.

784 3608 903 3681 lidi,
944 3631 1062 3670 eam
1096 3616 1185 3672 illa
1241 3620 1414 3673 solum
1470 3636 1631 3689 posse
1683 3622 1904 3676 vincere
1962 3634 2077 3678 arte
2130 3627 2361 3695 magica,

788 3722 1022 3778 quorum
1055 3710 1161 3776 iam
1194 3711 1495 3780 accepisset
1536 3713 1687 3780 prius
1718 3714 2108 3783 cognitionem,
2148 3724 2202 3771 et
2241 3718 2365 3774 ideo

786 3802 1082 3857 studebant
1110 3801 1345 3867 efficere,
1383 3812 1438 3858 ut
1473 3819 1582 3859 non
1615 3816 1760 3861 esset
1810 3808 2160 3869 manifestum
2211 3813 2364 3882 peri-

790 3895 996 3950 culum.
1040 3894 1144 3949 Eos
1179 3905 1359 3949 autem
1399 3897 1625 3960 latebat,
1665 3899 1810 3965 quod
1845 3908 1922 3964 tu,
1965 3899 2214 3966 Domine,
2263 3906 2358 3973 qui

788 3985 953 4040 corda
991 3985 1278 4041 hominum
1333 4001 1584 4042 seorsum
1644 3988 1868 4055 tinxisti,
1932 4007 1991 4046 es
2033 4008 2156 4048 cum
2210 3995 2360 4066 ipsis,

787 4087 843 4133 et
875 4077 1132 4148 intelligis
1163 4080 1344 4134 omnia
1380 4097 1546 4148 opera
1581 4081 1823 4149 ipsorum
1862 4083 1904 4137 ⁸.

861 4171 1002 4226 ΧΙΙΙ.
1029 4174 1188 4227 Certe
1216 4188 1339 4226 cum
1369 4188 1490 4228 eam
1552 4185 1813 4245 urgerent
1863 4177 2120 4241 ministri,
2178 4188 2238 4233 ut
2281 4196 2375 4250 per

787 4282 912 4321 eum
945 4266 1123 4320 locum
1165 4266 1443 4331 transiret,
1481 4267 1535 4321 in
1593 4283 1701 4338 quo
1759 4269 1903 4326 fossa
1972 4271 2114 4327 facta
2172 4273 2372 4337 fuerat,

787 4360 879 4413 illa
906 4358 1150 4428 quidem,
1184 4374 1307 4413 cum
1355 4359 1493 4414 nihil
1547 4361 1770 4417 omnino
1835 4364 2196 4432 praevidisset,
2250 4382 2370 4436 quae

2471 3359 2656 3410 πεσεῖν
2684 3355 2835 3425 αὐτῷ
2876 3359 3018 3411 κατὰ
3043 3361 3103 3411 τὸ
3129 3359 3409 3425 λανθάνον,
3437 3364 3529 3415 καὶ
3574 3363 3716 3416 οὕτω
3749 3363 4061 3432 διαφθαρῆ-

2470 3466 2578 3501 ναι.
2618 3448 2899 3517 Ἐνόμιζον
2941 3450 3048 3518 γάρ
3074 3452 3122 3504 οἱ
3153 3451 3385 3520 ἄφρονες
3447 3455 3672 3506 ἐκείνων
3732 3455 3891 3523 μόνον
3940 3458 4057 3508 ἑπι-

2470 3540 2845 3610 κρατεστέραν
2893 3539 3141 3608 γίνεσθαι
3191 3540 3280 3594 διὰ
3311 3543 3586 3612 γοητείας,
3615 3536 3691 3597 ὧν
3721 3545 3820 3614 ἤδη
3850 3546 4058 3612 φθάσει

2471 3633 2569 3701 τὴν
2605 3633 2810 3700 γνῶσιν
2867 3634 3230 3704 παραλαϐεῖν.
3285 3636 3393 3688 Καὶ
3425 3637 3515 3690 διὰ
3568 3637 3726 3691 τοῦτο
3777 3639 4058 3694 ἔσπευσαν

2473 3723 2666 3792 ἄδηλον
2697 3725 2834 3795 αὐτῇ
2868 3728 2961 3780 τὸν
2991 3728 3237 3783 κίνδυνον
3262 3730 3523 3783 διαθεῖναι
3545 3747 3560 3763 ⁸
3587 3732 3841 3785 ἐλάνθανε
3871 3735 3935 3784 δὲ
3961 3734 4057 3787 αὖ·

2475 3817 2601 3882 τοὺς
2633 3819 2713 3872 ὁτι
2738 3820 2823 3881 σὺ,
2844 3819 3035 3890 Κύριε,
3067 3820 3184 3891 μετ’
3210 3821 3376 3891 αὐτῆς
3403 3820 3474 3886 εἴ,
3501 3825 3527 3876 ὁ
3559 3823 3701 3882 κατὰ
3722 3825 3892 3894 μόνας
3922 3824 4059 3878 πλά-

2481 3927 2576 3974 σας
2605 3911 2703 3970 τάς
2732 3913 2958 3982 καρδίας
2985 3913 3094 3968 τῶν
3118 3913 3444 3986 ἀνθρώπων.

2546 4185 2643 4239 ΙΓ’.
2678 4187 2895 4255 ’Λμέλει
2928 4188 3022 4242 καὶ
3053 4188 3438 4244 συνωθούντων
3477 4191 3650 4261 αὐτὴν
3696 4193 3808 4247 τῶν
3849 4193 4056 4266 eam.

2474 4275 2582 4327 τῶν
2613 4276 2682 4329 δι’
2726 4278 2893 4346 αὐτῆς
2937 4279 3186 4342 διελθεῖν,
3216 4280 3345 4333 ἔνθα
3383 4279 3448 4350 δὴ
3478 4283 3573 4333 καὶ
3602 4284 3629 4333 ό
3655 4281 3848 4349 βόθρος
3902 4287 4057 4351 ὲτύγ·

2477 4383 2606 4436 χανε
2639 4365 3072 4437 ρᾳδιουργηθεὶς,
3101 4369 3282 4438 ἐκείνη
3311 4371 3474 4440 μηδὲν
3500 4371 3633 4433 ὅλως
3669 4375 4054 4445 προειδομένη,

793 4451 1362 4506 autemcohabitabat
1403 4452 1595 4522 gratia,
1632 4454 1803 4524 ipsam
1864 4457 2192 4525 sublevaret,
2250 4475 2368 4528 per-

2475 4461 2571 4529 τῆς
2605 4460 2855 4513 συνοίκου
2888 4461 2943 4514 δὲ
2974 4461 3196 4530 χάριτος
3224 4463 3394 4532 αὐτὴν
3420 4463 3930 4536 ὕποκουφιζούσης,
3957 4469 4056 4522 622'-

791 4544 964 4598 currit
1018 4558 1182 4613 supra
1233 4554 1603 4600 constructam
1663 4547 1888 4610 fossam,
1946 4550 2171 4617 perinde
2219 4567 2281 4605 ac
2328 4551 2372 4605 si

793 4646 994 4691 terram
1022 4653 1130 4691 non
1179 4646 1449 4707 tangeret,
1506 4639 1602 4692 sed
1655 4639 1794 4694 alata
1849 4641 2082 4697 sublime
2121 4642 2372 4697 ferretur.

795 4730 1001 4785 Deinde
1024 4731 1154 4800 quid
1194 4731 1294 4786 fit?
1326 4731 1436 4786 Res
1468 4731 1636 4801 justa,
1679 4741 1733 4787 et
1767 4749 1860 4802 per
1891 4749 2053 4804 quam
2089 4737 2374 4806 cognosci-

793 4832 884 4877 tur
907 4825 1051 4879 Deus
1087 4824 1297 4895 judicia
1332 4825 1560 4888 faciens,
1597 4836 1652 4880 et
1686 4825 1889 4880 factum
1927 4844 2116 4882 revera
2149 4829 2370 4898 dignum

790 4932 854 4972 ea
908 4932 1028 4984 quae
1056 4917 1241 4971 omnia
1273 4920 1538 4980 intuetur,
1573 4914 1940 4972 Providentia.
1969 4917 2200 4984 Quidam
2223 4922 2370 4975 enim

793 5023 862 5061 ex
901 5008 966 5060 iis
991 5008 1082 5075 qui
1123 5019 1417 5079 martyrem
1448 5009 1829 5071 traducebant,
1880 5009 2014 5064 forte
2057 5010 2372 5079 ignorantes

796 5107 1016 5168 paratas
1064 5098 1309 5164 insidias,
1344 5108 1398 5153 et
1474 5101 1744 5166 volentes,
1784 5107 2070 5170 postquam
2107 5101 2195 5155 illa
2256 5102 2373 5157 sine

795 5195 951 5262 lapsu
994 5191 1232 5253 transiit,
1283 5193 1474 5247 eodem
1508 5194 1583 5247 uti
1632 5193 1865 5247 transitu
1910 5213 1921 5248 :
1960 5204 2018 5248 ut
2088 5196 2136 5249 id
2177 5206 2371 5260 totum,

791 5286 938 5351 quod
966 5301 994 5338 a
1031 5285 1216 5340 divino
1249 5284 1448 5340 Davide
1488 5287 1693 5341 dictum
1727 5289 1868 5353 est',
1907 5298 2053 5343 esset
2096 5288 2374 5357 prmdictio

799 5382 940 5445 ejus,
967 5377 1107 5446 quod
1142 5386 1271 5432 tunc
1328 5377 1530 5431 factum
1567 5389 1646 5433 est
1685 5397 1697 5430 :
1748 5396 1941 5449 nempe
1989 5380 2112 5434 illos
2147 5380 2368 5446 quidem

795 5469 997 5524 fodisse
1029 5468 1259 5533 foveam,
1301 5479 1356 5523 et
1396 5469 1448 5524 in
1487 5485 1608 5524 eam
1647 5470 1866 5535 fossam,
1906 5487 2066 5541 quam
2104 5472 2368 5536 fecerant;

797 5560 1101 5615 cecidisse:
1135 5574 1258 5612 cum
1294 5571 1522 5627 repente
1549 5560 1719 5614 fracta
1749 5571 1914 5621 esset,
1950 5577 2070 5630 qum
2107 5560 2159 5613 in
2182 5576 2373 5630 super-

798 5649 1168 5718 ﬁcledisjecta
1207 5659 1323 5706 erat
1383 5661 1545 5716 terra,
1589 5650 1900 5707 inciderunt
1940 5653 1992 5706 in
2037 5652 2247 5707 foveam
2284 5664 2376 5706 :et

901 5827 1100 5888 ‘Joari.
1151 5849 1262 5894 vm.
1295 5834 1382 5888 44.
1499 5833 1516 5867 ⁴
1557 5832 1692 5891 Psal.
1730 5851 1894 5905 nx“,
1934 5837 2014 5890 l5.

2474 4550 2575 4618 δρα
2625 4552 2722 4619 μὲν
2779 4552 3034 4624 ὑπεράνω
3073 4552 3165 4605 τοῦ
3227 4555 3663 4622 σκαιωρηθέντος
3714 4556 4050 4626 ὀρύγματος.

2473 4637 2661 4709 ὥσπερ
2700 4641 2758 4692 οὐ
2791 4640 2894 4709 γῆς
2948 4641 3252 4711 ἁπτομένη,
3300 4640 3437 4694 ἀλλὰ
3488 4643 3764 4713 μετέωρός
3815 4663 3900 4708 τις
3967 4648 4054 4699 καὶ

2473 4728 2779 4801 ὑπόπτερος
2840 4734 3134 4803 φερομένη.
3165 4729 3299 4788 Εἶτα
3331 4734 3383 4785 τί
3419 4736 3663 4801 vivatur;
3696 4737 3947 4805 Πρᾶγμα
3979 4739 4050 4790 δί-

2474 4837 2627 4875 καιον
2655 4823 2749 4875 καὶ
2783 4822 2850 4875 δι’
2877 4818 2951 4877 ὧν
2985 4825 3310 4889 γινώσκεται
3344 4825 3543 4895 Κύριος
3572 4827 3818 4896 κρίματα
3863 4831 4049 4885 ποιῶν.

2473 4916 2565 4969 καὶ
2604 4915 2765 4986 ἔργον
2812 4916 2908 4987 τῆς
2963 4916 3139 4968 πάντα
3189 4917 3479 4989 ἐφορώσης
3513 4919 3783 4990 Προνοίας
3818 4921 4050 4992 ἀληθοῦς

2471 5007 2640 5070 ἄξιον.
2673 5008 2792 5061 Τῶν
2827 5009 2934 5079 γάρ
2961 5007 3059 5080 τὴν
3121 5007 3376 5080 μάρτυρα
3434 5011 3863 5074 διαϐιϐαζόντων
3892 5016 4047 5072 τινὲς,

2471 5101 2695 5170 ἄγνοιαν
2724 5103 2852 5163 ἴσως
2884 5102 3100 5172 ἔχοντες
3155 5101 3251 5154 τοῦ
3284 5103 3619 5171 πραχθέντος
3649 5103 3900 5173 ὲνέδρου,
3935 5105 4048 5173 βου·

2472 5193 2732 5264 ληθέντες
2775 5193 2912 5262 μετά
2936 5195 2996 5246 τὸ
3025 5193 3239 5264 ἐκείνην
3265 5193 3517 5248 ἄπτωτον
3547 5193 3781 5251 διελθεῖν
3812 5200 3882 5269 τῇ
3920 5199 4046 5267 αὐτῇ

2476 5283 2784 5355 χρήσασθαι
2828 5284 3002 5356 διόδῳ,
3047 5284 3114 5338 ἵν’
3150 5285 3270 5339 ὅλον
3321 5284 3381 5338 τὺ
3421 5287 3524 5338 ὑπὸ
3580 5286 3675 5339 τοῦ
3705 5288 3854 5339 θείου
3899 5289 4048 5340 Δαυῖδ

2474 5376 2762 5448 εἰρημένον
2827 5375 3288 5450 προαγόρευσιςῇ
3332 5378 3422 5431 τοῦ
3456 5379 3576 5432 τότε
3628 5380 3956 5448 γενομένου,
3996 5380 4048 5432 τδ

2477 5471 2678 5522 λάκκον
2713 5470 2905 5541 ὀρύξαι
2949 5470 3049 5539 μὲν
3084 5472 3327 5532 ἐκείνους
3377 5472 3471 5525 καλ⁵
3507 5473 3845 5542 ἀνασκάψαι,
3884 5476 4044 5544 ἐμπε-

2478 5565 2589 5614 σεῖν
2618 5562 2674 5614 δὲ
2708 5562 3027 5631 παραδόξως
3061 5566 3139 5624 είς
3180 5563 3369 5632 βόθρον
3396 5564 3455 5616 ὃν
3501 5565 3853 5634 εἰργάσαντο,
3887 5569 4048 5635 insop-

2481 5655 2746 5723 ραγεὲσης
2778 5655 2944 5725 αὐτῆς
2979 5655 3174 5737 ἁθρόον
3209 5657 3300 5723 τῆς
3349 5657 3405 5722 ἐξ
3451 5658 3715 5727 ἐπιπολῆς
3770 5659 3882 5711 ἅνω
3941 5655 4044 5708 8t:-

2127 5836 2143 5865 ’⁵
2169 5837 2309 5893 Psal.
2343 5851 2449 5900 LVI,
2473 5837 2524 5890 7.
