4198 6438
254 387 361 456 729

1353 400 1821 471 MARTYRIUM
1855 411 1916 474 S.
1952 414 2399 484 EUPHEMLE.

3402 431 3507 498 730

255 506 559 578 τμηθείσης
581 510 703 580 γῆς.
738 511 1170 582 Ἐμπεπτὼκασί
1201 535 1258 572 τε
1284 521 1357 590 τῷ
1386 523 1584 596 βόθρῳ,
1611 525 1706 580 καὶ
1731 523 1823 581 ὑπέ

1943 543 2063 588 cum
2091 535 2142 590 in
2179 537 2268 592 illa
2298 547 2454 593 acuta
2489 539 2811 598 incidissent
2834 541 3219 609 instrumenta,
3255 546 3508 602 celeriter

400 601 682 671 τμητικῶν
712 605 934 658 ἐκείνων
967 607 1234 678 ὀργάνων,
1257 611 1427 676 ὀξέως
1479 616 1835 693 ἐμπεσόντες,

255 686 511 757 ὀξύτερον
567 691 957 764 διεφθάρησαν.
1026 698 1092 750 Ἥ
1138 701 1266 766 ἁγία
1321 701 1378 754 δὲ
1443 686 1838 776 χαριστηρίους

257 777 459 848 ὕμνους
488 785 724 854 προσῇδε
754 787 832 856 τῷ
885 790 1143 842 σεσωκότι
1175 790 1315 862 Θεῷ,
1341 794 1436 858 Τίς
1489 796 1710 867 λαλήσει
1740 799 1838 860 τὰς

254 869 575 936 δυναστείας
630 893 745 942 σου,
778 877 1032 944 λέγουσα,
1072 883 1344 946 ἀκουστάς
1401 888 1619 955 ποιήσει
1655 888 1835 952 πάσας

255 961 353 1021 τὰς
381 964 618 1028 αἰνέσεις
676 984 793 1031 σου,
828 971 998 1040 Κύριε
1027 988 1041 1036 ;
1071 973 1153 1025 ὅτι
1194 980 1693 1047 μεμαστιγωμένην
1736 979 1836 1047 τὴν

252 1048 448 1120 δούλην
500 1071 591 1107 σου
668 1059 951 1126 μαστίγων
998 1063 1295 1132 ἀπείρατον
1359 1065 1706 1135 διεφύλαξαςο
1753 1069 1833 1120 ὅτι

258 1144 434 1210 πυρὸς
468 1145 748 1213 ἥρπασας·
776 1150 857 1200 ὅτι
890 1150 1092 1219 θηρῶν,
1121 1154 1216 1204 καὶ
1245 1153 1458 1219 ὓδατος,
1501 1157 1594 1208 καὶ
1620 1157 1830 1226 τροχῶν

253 1231 601 1303 διετήρησας,
630 1240 723 1290 καὶ
752 1239 945 1308 βόθρου
981 1243 1267 1307 διέσωσας.
1302 1247 1409 1298 Καὶ
1439 1246 1554 1312 νῦν,
1586 1248 1832 1300 Δέσποτα

254 1322 717 1396 πολυέλεε,ρὖαι
748 1332 847 1398 τὴν
886 1333 1064 1401 ψυχήν
1105 1352 1205 1404 μου
1265 1338 1330 1390 ἐκ
1383 1338 1566 1407 χειρὸς
1619 1339 1713 1391 τοῦ
1769 1342 1832 1392 ἔκ

254 1417 536 1482 προγόνων
561 1436 649 1487 μοι
681 1422 946 1490 πολεμίου
973 1427 1069 1495 τῆς
1098 1427 1335 1494 φύσεως.
1374 1430 1674 1500 ’Λμαρτίας
1714 1434 1830 1485 νεό-

251 1506 412 1572 τητός
445 1524 546 1574 μου
575 1509 668 1561 καὶ
699 1512 921 1579 ἀγνοίας
957 1533 1058 1584 μου
1107 1519 1182 1587 μὴ
1220 1520 1486 1589 μνησθῇς⁶
1520 1522 1656 1575 ἀλλά
1710 1526 1831 1586 ταῖς

248 1596 360 1647 τῶν
399 1599 540 1668 ὑπὲρ
577 1601 668 1654 σοῦ
705 1605 938 1670 ῥυέντων
961 1608 1206 1677 αἱμάτων
1232 1629 1334 1681 μου
1363 1612 1567 1681 ῥανίσι,
1591 1614 1831 1684 καθαρόν

253 1701 356 1780 μ-ου
390 1688 482 1780 τὸν
511 1692 787 1762 μολυσμὸν
813 1700 1015 1768 σαρκός
1046 1717 1103 1753 τε
1137 1703 1230 1754 καὶ
1255 1704 1589 1774 πνεύματος.
1618 1708 1688 1759 Σὺ
1723 1710 1830 1780 γὰρ

248 1774 302 1828 εἴ
335 1779 623 1847 κάθαρσις,
650 1788 922 1857 ἁγιασμὸς
952 1808 1008 1842 τε
1035 1794 1127 1843 καὶ
1161 1796 1440 1864 φωτισμὸς
1467 1798 1576 1851 τῶν
1629 1774 1830 1854 δούλων

252 1883 368 1923 σου.
410 1874 518 1925 Καὶ
546 1877 578 1944 ἡ
611 1877 708 1944 μὲν
729 1879 902 1932 ταῦτα
932 1879 1154 1950 ηὔξατο,
1183 1886 1276 1937 καὶ
1301 1888 1399 1957 τῆς
1431 1889 1595 1960 εὐχῆς
1619 1891 1678 1944 οὐ
1708 1893 1833 1962 διή.

252 1973 331 2024 μα
342 1977 484 2027 ρτεν.

320 2047 432 2142 ΙΝ.Δ
579 2052 818 2123 Πρίσκος
859 2058 916 2111 δὲ
948 2060 1108 2115 ἄλλον
1156 2065 1363 2118 ἐπινοεῖ
1389 2069 1552 2122 πάλιν
1587 2073 1650 2141 τῇ
1688 2073 1831 2142 μάρ-

245 2137 620 2234 τυρι-βόθρον,
645 2146 703 2197 ού
745 2147 996 2219 σώματος
1031 2155 1329 2221 ἀπώλειαν,
1363 2159 1498 2213 ἀλλά
1519 2137 1700 2232 ψυχέιξ
1733 2137 1831 2234 Ei).-

246 2227 526 2295 ποιοῦντα,
557 2236 649 2285 καὶ
690 2241 816 2307 περὶ
850 2243 1034 2297 πίστιν
1064 2246 1153 2297 τὸν
1185 2248 1430 2302 κίνδυνον
1459 2253 1816 2324 ἐπιφέροντα.

244 2315 774 2414 Μετακαλεσάμενος
837 2331 945 2399 γὰρ
994 2335 1186 2403 αὐτὴν,
1239 2340 1426 2393 καὶτὸ
1461 2315 1581 2410 μὲν-
1610 2315 1829 2414 δργίλον

244 2410 348 2508 καὶ¹
373 2409 742 2508 ύπεροπτικδν
771 2420 1126 2490 ἀποθέμενος,
1155 2426 1257 2480 ὑπὸ
1290 2432 1443 2483 δασεῖ
1461 2409 1520 2487 δὲ
1543 2435 1620 2504 τῷ
1644 2409 1826 2508 κωδίῳ

245 2501 461 2571 κρύψας
510 2506 600 2556 τὸν
635 2507 820 2572 λύκον,
848 2512 990 2566 πάνυ
1024 2531 1082 2567 τε
1133 2518 1223 2572 τὸν
1269 2522 1445 2592 πρᾶον
1479 2523 1820 2594 ὑποκριθεὶς,

244 2593 441 2690 23m
462 2598 758 2670 ἠπάτησαιν
786 2604 910 2676 ἔφη·
940 2610 1030 2660 καὶ
1047 2609 1098 2661 τί
1117 2611 1224 2680 γὰρ
1243 2613 1555 2682 θαυμαστδν
1576 2619 1622 2670 εί
1648 2623 1782 2690 γυνή
1805 2593 1820 2688 i

243 2686 386 2757 πλὴν
417 2691 548 2744 ἀλλά
583 2696 676 2746 καὶ
710 2697 871 2766 ἡμεῖς
905 2699 980 2763 ὠς
1042 2704 1141 2756 οὐκ
1187 2705 1293 2758 ἔδει
1333 2686 1820 2784 πεπαρῳνήκαμεν

246 2780 328 2840 είς
355 2782 416 2876 σὲ
445 2783 549 2876 τὴν
570 2789 840 2851 γενναίαν.
874 2793 991 2859 Ἐφ’
1024 2789 1102 2858 οἷς
1125 2799 1456 2870 συγγνώμην
1481 2780 1822 2876 ήμῖννπαρα-

249 2872 455 2939 σχοῦσα
501 2875 660 2929 θῦσον
698 2879 774 2948 τῷ
814 2885 1031 2954 μεγάλῳ
1073 2887 1178 2952 θεῷ
1215 2892 1393 2960 Ἄρει,
1423 2872 1531 2948 καί
1567 2872 1820 2964 τοσοῦ-τός

248 2978 309 3058 σε
335 2965 564 3030 πλοῦτος
596 2970 688 3020 καὶ
721 2970 846 3036 δόξα
878 2977 970 3028 καὶ
1005 2978 1221 3044 ἀγαθῶν
1248 2984 1522 3047 ἐκδέξεται
1548 2988 1815 3058 θάλασσα,

239 3053 570 3148 ὠς-παντων
604 3061 827 3116 ἐκείνων
865 3067 1330 3141 ἀμνημονησασαν
1364 3076 1526 3146 ζῆσαι
1582 3081 1643 3132 τὸ
1675 3053 1816 3148 μετά

239 3145 416 3199 ταῦτα
446 3149 624 3214 καλῶς
654 3157 746 3215 καὶ
778 3157 968 3225 ἡδέως,
1014 3160 1202 3232 ὥσπερ
1234 3165 1342 3234 ἄρα

241 3235 396 3290 θένον
434 3242 714 3314 τοιαύτην,
771 3247 912 3299 οὕτω
973 3253 1071 3319 μὲν
1133 3254 1326 3325 καλὴν,
1353 3256 1493 3310 οὕτω
1528 3260 1582 3312 δὲ
1620 3261 1812 3328 γένους

239 3329 340 3382 καὶ
365 3337 715 3401 περιῳανείας
748 3336 999 3405 ἔχουσαν.
1033 3342 1098 3396 Ἡ
1121 3344 1175 3397 δὲ
1209 3347 1566 3420 πανεύφημος
1596 3352 1813 3425 ἀληθῶς

239 3421 502 3519 Εὑφημία
536 3429 782 3519 γενναῖόν
807 3448 859 3484 τι
895 3433 991 3486 καὶ
1046 3436 1319 3508 ἀνδρῶδες
1376 3421 1698 3514 ἐμϐλέψασα
1736 3449 1814 3519 τῷ

236 3511 510 3610 τυράννῳ,
538 3511 608 3568 Ὦ
635 3519 783 3590 ψυχὴ
835 3527 1186 3598 κακότεχνος,
1210 3531 1339 3599 ἔφη,
1396 3511 1571 3587 δόλουγ
1607 3511 1812 3610 δηλαδῆ

235 3601 486 3669 γέμουσα
546 3612 642 3662 καὶ
692 3615 919 3682 πικρίας
943 3631 956 3645 °
990 3612 1034 3669 ὦ
1071 3619 1322 3688 δαιμονία
1365 3623 1560 3695 γνώμη
1596 3601 1813 3699 div—0pr

237 3696 404 3792 πείαν
433 3699 552 3769 ὄψιν
593 3709 996 3778 μεμιμημένη,
1044 3711 1103 3763 οὐ
1159 3713 1344 3788 παύσῃ
1375 3720 1503 3772 ποτὲ
1542 3696 1726 3792 ληρῶν
1753 3743 1812 3779 τε

241 3788 700 3884 καὶ-κακουργῶν
747 3799 1026 3869 ἄπρακτα,
1079 3806 1172 3858 καὶ
1225 3809 1364 3862 κατὰ
1387 3811 1496 3865 τῶν
1528 3788 1628 3868 τού.
1675 3817 1813 3884 Χρι-

241 3882 370 3931 στοῦ
389 3883 586 3936 δούλων
609 3890 810 3956 μυρίας
827 3895 1241 3965 τεκταινόμενος
1264 3901 1360 3962 τὰς
1385 3905 1647 3972 παγίδαςς
1669 3908 1813 3977 Ἐγὼ

237 3969 393 4066 θύῌσω
439 3977 571 4028 ποτὲ
625 3978 844 4051 δαίμοσι
897 3987 992 4038 καὶ
1039 3988 1282 4055 εἰδώλοις
1331 3969 1484 4063 μετὰ.
1542 3969 1810 4066 τοσαύτας

239 4062 478 4161 μάλιστα
507 4068 600 4122 τοῦ
649 4074 781 4143 ἐμοῦ
812 4080 1086 4133 Δεσπότου
1137 4083 1236 4145 τάς
1294 4062 1641 4157 ἀντιλήψειςς
1675 4062 1811 4161 μετά

232 4154 337 4224 τὴν
373 4159 436 4212 ὲκ
465 4162 802 4232 τηλικούτων
840 4170 1019 4238 ἔργων
1066 4176 1165 4242 τῆς
1200 4154 1808 4250 ἀληθείας-ἀπὸδνειξινς

237 4251 381 4318 μετά
407 4254 484 4346 ’τὸ
514 4260 764 4328 φανερῶς
793 4263 895 4331 ἐμὲ
929 4266 1022 4318 καὶ
1063 4268 1475 4342 ἀναντιῤῥήτως
1509 4277 1810 4346 καταισχῦ-

235 4358 329 4395 ναι
363 4344 461 4413 μὲν
492 4347 645 4416 ὑμῶν
673 4353 771 4421 τὴν
795 4355 1133 4426 ἀλαζονείαν,
1156 4363 1452 4432 ἀπελέγξαι
1489 4366 1544 4417 δὲ
1572 4367 1670 4436 τὴν

236 4436 599 4507 σεδασμάτων
637 4445 926 4500 ἀσθένειαν
959 4452 1052 4502 καὶ
1097 4455 1338 4525 μεγάλην
1366 4457 1506 4509 οὕτω
1541 4463 1680 4514 κατὰ
1711 4465 1810 4533 τῆς

1941 625 2291 684 interierunt.
2325 633 2524 687 Sancta
2549 643 2728 688 autem
2759 635 2961 690 cecinit
3007 635 3256 707 hymnos,
3310 639 3512 707 quibus

1940 715 2050 772 Deo
2075 720 2266 788 agebat
2291 723 2492 790 gratias
2520 742 2533 778 :
2571 745 2587 777 ι
2629 724 3056 795 Quisloquetur,
3090 727 3299 790 dicens.
3323 739 3512 797 poten-

1939 810 2043 864 tias
2119 812 2355 877 Domini,
2412 818 2625 871 auditas
2683 819 2842 874 l‘aciet
2883 835 3071 874 omnes
3127 821 3315 875 laudes
3367 829 3508 886 tuas,

1938 900 2167 957 Domine
2206 904 2270 956 ‘?
2311 924 2328 955 ι
2365 906 2633 971 Quoniam
2663 909 2980 980 ﬂagellatam
3011 911 3258 965 ancillam
3289 921 3432 965 tuam
3479 928 3508 966 a

1936 992 2120 1064 ﬂagris
2161 997 2380 1050 illaesam
2421 1003 2786 1064 conservasti;
2828 1003 3082 1069 quoniam
3137 1003 3204 1056 ab
3240 1003 3361 1071 igne
3425 1017 3510 1057 ra-

1936 1085 2125 1152 puisti.
2152 1085 2419 1152 Quoniam
2451 1104 2479 1141 a
2509 1089 2719 1151 bestiis,
2765 1100 2818 1144 et
2848 1108 3007 1157 aqua,
3046 1101 3099 1146 et
3139 1094 3270 1148 rotis
3319 1103 3508 1147 custoo

1936 1175 2101 1238 diisti,
2151 1189 2205 1231 et
2236 1195 2262 1230 a
2292 1178 2442 1234 fossa
2475 1183 2829 1236 conservasti.
2858 1183 2921 1234 Et
2950 1200 3120 1246 nunc,
3154 1183 3383 1237 Domine
3403 1185 3506 1237 mi-

1934 1269 2192 1334 serieors,
2222 1270 2389 1324 libera
2425 1272 2660 1326 animam
2703 1289 2876 1326 meam
2903 1290 2932 1328 e
2969 1290 3130 1327 manu
3189 1275 3308 1344 ejus
3340 1277 3431 1344 qui
3477 1293 3506 1330 a

1933 1356 2128 1424 priscis
2159 1361 2500 1428 temporibus
2565 1373 2649 1416 est
2685 1362 2862 1416 hostis
2922 1372 3153 1417 naturae.
3215 1381 3232 1414 ι
3279 1365 3507 1419 Pceeata

1927 1445 2234 1513 iuventutis
2267 1466 2420 1514 meas,
2491 1462 2546 1505 et
2585 1452 2920 1522 ignorantias
2951 1469 3098 1507 meas
3133 1469 3200 1507 ne
3241 1455 3509 1508 memine-

1932 1541 2007 1595 ris
2030 1541 2072 1602 ',
2105 1559 2122 1590 ›
2161 1541 2252 1595 sed
2286 1543 2452 1610 guttis
2504 1543 2578 1596 tui
2632 1545 2933 1614 sanguinis,
2987 1561 3105 1614 qum
3152 1561 3249 1614 pro
3287 1563 3370 1600 me
3406 1547 3506 1599 llu-

1932 1641 2158 1696 xerunt,
2223 1649 2462 1702 expurga
2509 1635 2698 1689 sordes
2742 1652 2874 1688 mea:
2919 1637 3100 1690 carnis
3158 1649 3211 1691 et
3263 1638 3504 1706 Spiritus.

1933 1723 2014 1778 Tu
2068 1739 2127 1779 es
2158 1725 2302 1779 enim
2343 1728 2611 1797 purgatio,
2669 1729 3034 1782 sanctiﬁcatio
3065 1737 3119 1782 et
3171 1730 3501 1783 illuminatio

1932 1833 2215 1872 servorum
2296 1829 2536 1873 tuorum.
2611 1821 2674 1874 Et
2767 1821 2853 1873 illa
2922 1822 3139 1890 quidem
3222 1823 3340 1877 haec
3425 1831 3509 1875 est

1933 1921 2176 1980 precata,
2215 1920 2266 1965 ct
2308 1928 2416 1965 non
2459 1912 2559 1964 fuit
2591 1912 2835 1966 fraudata
2869 1929 2964 1966 sua
3008 1914 3297 1982 petitione.

2001 2087 2144 2142 XIV.
2181 2089 2400 2143 Priscus
2430 2100 2612 2144 autem
2649 2107 2844 2146 rursus
2892 2092 3054 2144 aliam
3111 2092 3313 2146 fossam
3359 2109 3504 2146 mar-

1929 2180 2031 2250 tyri
2060 2182 2350 2251 excogitat,
2378 2197 2497 2250 qum.
2529 2198 2637 2235 non
2672 2183 2937 2236 afferebat
2992 2185 3275 2236 interitum
3311 2201 3507 2252 corpo-

1930 2272 2026 2337 ris,
2061 2271 2154 2325 scd
2185 2273 2402 2336 anima,
2433 2281 2487 2326 et
2514 2273 2658 2329 circa
2689 2272 2848 2326 ﬁdem
2918 2273 3132 2326 creabat
3172 2274 3500 2341 periculum.

1930 2362 2060 2416 Nam
2091 2379 2214 2418 cum
2235 2379 2352 2416 eam
2387 2363 2792 2425 accersivisset,
2833 2373 2887 2416 et
2920 2363 3253 2418 iracundiam
3279 2363 3500 2432 quidem

1928 2461 1984 2505 et
2014 2452 2324 2520 superbiam
2394 2452 2768 2521 deposuisset,
2827 2452 2999 2505 denso
3064 2462 3245 2505 autem
3307 2452 3504 2504 vellere

1926 2541 2112 2609 lupum
2147 2543 2400 2602 texisset.
2423 2551 2476 2594 et
2501 2545 2790 2595 maximam
2825 2543 3136 2597 simulasset
3174 2543 3448 2597 lenitatem
3484 2564 3500 2601 :

1927 2632 2006 2686 Tu
2043 2633 2283 2702 quidem,
2325 2634 2519 2701 inquit.
2554 2633 2684 2688 falsa
2725 2649 2802 2688 es.
2868 2634 2978 2690 Nec
3025 2643 3108 2689 est
3156 2636 3387 2699 mirum;
3445 2652 3504 2692 es

1927 2727 2073 2780 enim
2110 2724 2329 2778 femina.
2361 2722 2466 2777 Sed
2499 2740 2600 2777 nos
2641 2741 2859 2792 quoque
2935 2726 2987 2778 in
3055 2735 3106 2780 te
3186 2728 3501 2795 praeclaram

1925 2819 2187 2888 virginem
2218 2817 2380 2886 (quod
2409 2816 2617 2869 utiham
2650 2815 2849 2874 factum
2908 2832 3016 2869 non
3086 2830 3226 2872 esset
3260 2820 3296 2888 ἵ)
3340 2820 3504 2873 nimis

1924 2910 2129 2964 fuimus
2163 2909 2494 2978 petulantes.
2559 2908 2803 2973 Quorum
2860 2909 3018 2962 nobis
3073 2909 3208 2964 dans
3263 2911 3498 2973 veniam.

1924 3001 2169 3059 sacriﬁca
2212 2990 2410 3070 magno
2443 3003 2545 3054 deo
2575 3001 2770 3053 Marti:
2806 3012 2860 3054 et
2917 3012 2968 3054 te
3011 2986 3174 3055 tarita?
3225 3004 3502 3073 excipient

1924 3095 2146 3155 divitiae,
2180 3102 2234 3147 et
2292 3100 2503 3146 tantum
2557 3108 2706 3148 mare
2787 3092 3081 3156 bonorum,
3138 3104 3198 3147 ut
3255 3097 3499 3150 omnium

1383 3169 1478 3261 ξαὶ
1513 3172 1619 3261 χρὴ
1670 3189 1816 3241 παρ’
1845 3206 1886 3261 c
1922 3187 2136 3241 illorum
2166 3185 2350 3248 oblita,
2383 3185 2611 3239 honeste
2657 3183 2915 3254 deinceps
2959 3186 3108 3238 vivas
3136 3196 3189 3241 et
3234 3187 3500 3256 jucunde,

1920 3288 1978 3329 ut
2009 3279 2165 3330 talem
2196 3280 2355 3331 decet
2385 3278 2671 3345 virginem,
2740 3289 2845 3334 tam
2897 3280 3202 3346 pulchram,
3267 3289 3321 3333 et
3387 3292 3496 3335 tam

1917 3367 2117 3420 claram
2137 3381 2353 3437 genere.
2388 3364 2598 3418 Revera
2639 3375 2820 3418 autem
2872 3367 3157 3422 benedicta
3197 3367 3495 3439 Euphemia

1921 3468 2210 3530 tyrannum
2243 3472 2507 3529 generose
2543 3456 2854 3512 etviriliter
2910 3460 3132 3514 intuens
3172 3479 3186 3514 ε
3221 3461 3265 3515 Ο
3319 3463 3492 3528 vafra,

1917 3550 2111 3617 inquit,
2146 3551 2348 3614 anima,
2391 3548 2517 3605 dolo
2554 3549 2711 3618 plena
2750 3550 3230 3605 etamaritudinel
3264 3551 3306 3605 O
3341 3568 3495 3608 mens

1915 3640 2267 3702 dtemoniaca,
2299 3640 2589 3693 humanam
2651 3642 2855 3693 imitata
2907 3643 3165 3710 speciem,
3216 3660 3492 3712 nunquam

1916 3729 2153 3785 cessabis
2186 3730 2408 3801 nugari,
2439 3739 2494 3783 et
2519 3729 2723 3783 frustra
2769 3731 3032 3785 scelerata
3068 3733 3208 3785 inire
3241 3735 3488 3796 consilia,

1915 3833 1968 3878 et
1995 3824 2258 3878 adversus
2312 3822 2517 3876 Christi
2571 3838 2759 3876 servos
2796 3823 3021 3892 laqueos
3085 3825 3307 3879 tendere
3333 3825 3494 3878 innu-

1915 3916 2205 3973 merabiles
2238 3914 2396 3984 iEgo
2429 3932 2710 3983 nunquam
2781 3917 3098 3969 sacriﬁcabo
3154 3918 3492 3974 daemonibus

1914 4021 1968 4065 et
2024 4008 2352 4072 simulacris,
2387 4009 2622 4062 maxime
2686 4025 2810 4063 eum
2875 4024 2960 4061 me
3019 4008 3277 4064 Dominus
3332 4011 3492 4066 toties

1913 4102 2236 4165 defenderit,
2272 4115 2396 4154 cum
2440 4109 2548 4153 tam
2579 4100 2767 4153 multis
2800 4100 3059 4168 operibus
3103 4099 3494 4156 demonstrarit

1912 4194 2217 4254 veritatem,
2250 4207 2372 4243 cum
2405 4199 2510 4243 tam
2537 4201 2726 4259 aperte
2761 4199 2816 4243 et
2851 4191 2986 4244 citra
3035 4191 3197 4243 ullam
3267 4200 3492 4245 contro-

1913 4289 2171 4352 versiam,
2210 4295 2443 4339 vestram
2485 4283 2857 4354 arrogantiam
2890 4284 3156 4337 dedecore
3190 4283 3487 4348 aﬂ‘ecerim.

1914 4391 1969 4435 et
2002 4395 2189 4434 eorum
2221 4395 2340 4446 quae
2363 4378 2566 4440 colitis,
2595 4379 2868 4446 arguerim
2927 4377 3379 4437 imbecillitatem,
3412 4386 3492 4429 at-

1913 4479 2020 4540 que
2045 4471 2305 4524 adversus
2332 4481 2573 4520 errorem
2636 4475 2746 4518 tam
2819 4465 3132 4534 praeclaram
3166 4465 3360 4533 adepta
3387 4465 3488 4517 sim

234 4528 449 4630 πλάχης
487 4532 587 4604 τὴν
622 4537 779 4609 νίκην
821 4541 1093 4610 ἀρασθαι;
1122 4546 1324 4600 Πολλοῦ
1357 4548 1422 4601 ἄν
1449 4568 1532 4604 σοι
1569 4528 1804 4621 γέλωτος

1917 4528 2216 4617 victoriam.
2245 4560 2528 4615 Judicarer
2566 4574 2667 4630 ego
2704 4558 2804 4612 tibi
2863 4558 3024 4629 plane
3077 4556 3332 4622 ridicula,
3407 4557 3489 4610 vel

232 4620 462 4716 ἐκρίθην
493 4624 643 4689 ἀξία,
668 4628 918 4701 δακρύων
944 4633 999 4685 δὲ
1040 4635 1239 4704 μᾶλλον
1273 4642 1426 4710 παρά
1451 4645 1564 4706 τοῖς
1582 4620 1647 4698 εὖ
1675 4664 1807 4716 φρο-

231 4710 389 4765 νοῦσι
425 4717 520 4768 καὶ
554 4719 915 4791 φοϐουμένοις
959 4726 1050 4779 τὸν
1088 4728 1316 4800 Κύριον.
1346 4733 1532 4799 Λύσας
1569 4732 1662 4789 οὖν
1706 4739 1806 4808 τὴν

234 4807 446 4898 σκηνὴν
474 4809 569 4862 καὶ
599 4812 690 4864 τὸν
723 4817 981 4883 τεχνητὸν
1036 4823 1176 4889 ἄρνα
1227 4824 1321 4876 καὶ
1361 4826 1459 4895 τὴν
1492 4807 1806 4898 επίχριστον

233 4896 562 4961 ἐπιείκειαν,
579 4901 741 4954 αὐτὸν
758 4907 890 4972 ἡμῖν
920 4908 1009 4961 τὸν
1030 4911 1234 4981 συνήθη
1263 4913 1496 4981 Πρίσκον
1520 4896 1808 4987 επίδειξον,

236 4989 377 5054 μετά
404 4990 498 5059 τῆς
528 4991 685 5060 φίλης
715 4993 997 5064 ὠμότητος
1026 5003 1118 5054 καὶ
1151 5003 1245 5057 τοῦ
1281 5005 1547 5074 θράσουςο
1575 5010 1806 5066 κάκεῖνα.

230 5078 298 5148 δὴ
331 5078 560 5151 πρᾶττε,
608 5085 710 5137 ὅσα
767 5104 850 5139 σοι
907 5092 1047 5143 κατὰ
1095 5093 1322 5164 γνώμην
1372 5099 1491 5149 ἐστὶ
1549 5104 1802 5176 ποιεῖν,ἥ

234 5173 440 5240 μᾶλλον
479 5177 687 5248 ὅσαπερ
752 5183 778 5233 ὁ
837 5181 1160 5249 διδάσκαλός
1216 5205 1308 5240 σου
1368 5192 1461 5242 καὶ
1513 5173 1806 5266 παιδευτὴς

226 5263 478 5329 διάϐολος
510 5268 852 5340 ὑποτίθησιν.

301 5353 402 5406 IE'.
455 5358 652 5429 Ὀργῆς
684 5361 776 5413 ἐπὶ
826 5364 1038 5429 τούτοις
1078 5369 1105 5420 ὁ
1145 5369 1384 5438 Πρίσκος
1434 5374 1802 5446 ὑποπλησθεὶς

229 5446 499 5519 (ἠλέγχθη
531 5454 639 5520 γὰρ
667 5454 944 5526 ἐν“βραχεῖ
979 5461 1040 5512 τὸ
1071 5466 1463 5534 προσποιητὸν,
1501 5469 1596 5520 καὶ
1630 5470 1801 5523 ἀπέδυ

225 5543 320 5592 τὸν
351 5547 626 5607 κροκωτὸν
653 5550 683 5615 ἡ
708 5550 891 5619 γαλῆ),
925 5553 1140 5627 ῥάϐδοις
1164 5557 1262 5626 τὴν
1287 5558 1538 5631 μάρτυρα
1560 5561 1799 5634 βαρυτὰ-

224 5652 348 5697 ταις
366 5635 574 5688 κελεύει
597 5637 915 5701 τύπτεσθαι.
951 5644 1104 5698 Ἐπεὶ
1121 5646 1175 5700 δὲ
1196 5650 1557 5724 ραὁδιζομὲνη
1581 5654 1798 5708 καὶτῶν

298 5817 315 5843 ⁸
351 5815 490 5874 Psal.
519 5835 604 5889 ev,
630 5821 682 5875 2.
759 5821 777 5854 ⁷
815 5820 956 5878 Psal.
988 5841 1131 5894 xxiv,
1165 5831 1213 5883 7.

1913 4655 2096 4726 potius
2131 4653 2294 4722 digna
2320 4652 2568 4721 lacrymis
2596 4652 2738 4719 apud
2766 4667 2860 4704 eos
2895 4653 2986 4719 qui
3040 4660 3184 4705 recte
3222 4650 3484 4713 sentiunt,

1913 4756 1968 4801 et
2003 4747 2197 4800 timent
2225 4745 2536 4798 Dominum.
2570 4742 2761 4795 Ablata
2787 4757 2916 4817 ergo
2984 4756 3168 4803 scena,
3223 4749 3278 4793 et
3322 4755 3483 4809 agno,

1912 4853 2074 4908 quem
2104 4848 2219 4890 arte
2253 4835 2571 4903 suscepisti,
2628 4843 2682 4889 et
2749 4835 2997 4888 simulata
3035 4832 3483 4895 mansuetudine,

1911 4932 2094 5000 ipsum
2123 4929 2343 4983 solitum
2375 4928 2536 4981 nobis
2563 4927 2811 4980 Priscum
2865 4927 3114 4988 ostende,
3183 4940 3329 4986 cum,
3364 4941 3485 4993 quae

1909 5029 1993 5076 est
2019 5022 2064 5074 ei
2091 5029 2269 5089 grata,
2300 5018 2503 5072 saevitia
2541 5026 2595 5071 et
2627 5017 2854 5071 audacia
2890 5033 2904 5069 :
2934 5026 2988 5070 et
3049 5016 3138 5068 illa
3201 5016 3310 5074 fac.
3363 5031 3483 5084 quae

1907 5123 2036 5167 sunt
2070 5091 2573 5172 tibi'cordit‘acere,
2629 5121 2725 5163 aut
2784 5108 2987 5179 potius,
3039 5125 3161 5178 quae
3220 5110 3483 5179 magister

1905 5216 1960 5260 et
2011 5216 2311 5275 praeceptor
2331 5213 2455 5256 tuus
2497 5201 2590 5256 tibi
2637 5205 2881 5271 suggerit
2916 5202 3184 5255 diabolus.

1972 5382 2089 5438 XV.
2121 5383 2336 5440 Priscus
2376 5393 2599 5452 propter
2647 5381 2761 5436 haec
2853 5381 2929 5434 ira
2987 5380 3227 5450 repletus
3303 5379 3474 5449 (brevi

1901 5477 2045 5530 enim
2095 5475 2437 5545 deprehensa
2494 5476 2596 5530 fuit
2669 5474 2962 5537 simulatio,
3034 5483 3087 5526 et
3137 5471 3259 5527 felis
3324 5470 3492 5526 exuit

1901 5568 2206 5635 crocoton),
2230 5567 2383 5635 jubet
2407 5576 2701 5636 martyrem
2727 5565 2892 5635 virgis
2952 5563 3229 5618 verberari
3262 5563 3476 5632 gravis-

1903 5658 2075 5717 simis.
2109 5657 2242 5712 Cum
2271 5667 2449 5713 autem
2485 5657 2649 5729 virgis
2680 5672 2839 5723 czesa,
2909 5654 3092 5726 plagas
3142 5654 3303 5710 siuml
3345 5652 3468 5708 irri-
