4198 6438
750 391 846 454 731

750 596 1002 664 proponit
1035 596 1256 665 quidem
1297 611 1480 652 serras
1511 610 1718 662 acutas,
1782 609 1838 654 et
1893 602 2094 655 ferreas
2147 612 2323 656 sarta-

747 686 941 754 gines!
975 685 1138 742 Jubet
1172 698 1354 742 autem
1384 689 1546 744 ferris
1578 691 1794 760 quidem
1831 692 1882 744 in
1942 693 2078 746 duas
2142 706 2324 762 partes

747 779 921 833 secari
951 794 1151 849 corpus
1181 782 1457 851 martyris,
1494 783 1858 854 sartaginibus
1892 801 2022 840 vero
2054 786 2324 840 dissectas

747 887 942 926 carnes
974 874 1133 928 valde
1156 874 1409 942 eliquari,
1441 885 1497 928 ut
1525 892 1695 945 usque
1725 877 1792 931 ad
1833 877 1945 946 ipsa
1975 894 2097 932 ossa
2127 878 2324 930 dissol-

748 974 1008 1018 verentur
1036 965 1088 1017 in
1130 965 1393 1019 cinerem.
1425 966 1560 1020 Cum
1619 977 1799 1021 autem
1855 985 2020 1022 serrae
2090 969 2326 1023 adduce-

749 1068 942 1111 rentur
969 1058 1034 1111 ad
1072 1073 1270 1126 corpus
1298 1058 1582 1128 virginale,
1619 1061 1848 1128 perinde
1877 1072 2039 1130 atque
2096 1063 2140 1116 si
2189 1063 2323 1116 ada-

748 1144 1045 1197 mantinam
1075 1145 1313 1213 aliquam
1355 1155 1640 1216 tangerent
1707 1150 2012 1212 materiam,
2073 1152 2151 1206 eis
2197 1156 2321 1221 qui-

746 1237 865 1290 dem
902 1235 1305 1288 obtundebatur
1331 1235 1498 1294 acies,
1531 1245 1584 1289 et
1611 1236 1832 1290 secandi
1911 1239 1960 1290 vi
2027 1241 2320 1309 privaban-

749 1337 871 1390 tur;
911 1327 1051 1395 ignis
1089 1335 1269 1379 autem
1302 1328 1777 1395 exstinguebatur,
1853 1338 1906 1383 et
1965 1343 2166 1402 martyr
2197 1349 2322 1387 cou-

746 1417 1269 1471 servabaturillwsa.
1311 1417 1417 1470 Sed
1450 1418 1580 1485 quid
1614 1419 1727 1472 haec
1775 1420 1840 1473 ad
1903 1422 2163 1485 animam,
2200 1439 2321 1492 quae

745 1517 830 1560 est
853 1523 951 1562 sua
977 1517 1172 1576 sponte
1205 1508 1392 1570 surda,
1429 1518 1484 1560 et
1540 1524 1645 1560 non
1714 1520 1892 1578 potest
1948 1513 2112 1566 ullam
2175 1516 2318 1584 piam

748 1601 1030 1670 suscipere
1061 1600 1454 1668 cogitationem
1489 1601 1510 1653 ?
1551 1600 1759 1655 Etenim
1806 1618 1928 1656 cum
1964 1605 2077 1657 haec
2105 1606 2316 1672 ﬁerent,

747 1695 966 1747 Priscus
1006 1692 1146 1745 idem
1183 1708 1306 1745 esse
1340 1694 1597 1761 pergebat
1629 1704 1819 1746 etnon
1855 1697 2102 1749 cessabat
2130 1697 2319 1752 adver—

744 1801 838 1842 sus
875 1786 1040 1839 Deum
1065 1783 1266 1837 bellum
1300 1799 1511 1851 gerere.
1547 1786 1675 1835 Nam
1707 1784 1794 1838 lux
1823 1801 2060 1854 quoque,
2088 1803 2206 1856 qua:
2235 1800 2320 1843 est

746 1877 920 1930 amica
958 1876 1233 1931 omnibus.
1273 1891 1379 1927 non
1420 1884 1502 1929 est
1535 1876 1732 1938 amica,
1767 1879 1861 1930 sed
1897 1878 2115 1933 inimica
2163 1883 2319 1951 aegris

740 1968 932 2023 oculis.
968 1967 1330 2032 Quamobrem
1365 1983 1556 2020 rursus
1594 1969 1846 2036 producit
1873 1970 1923 2021 in
1959 1972 2191 2025 stadium
2229 1975 2320 2027 be-

743 2058 1010 2117 nedielam
1030 2057 1406 2125 Euphemiam,
1425 2057 1641 2123 etjubet
1661 2074 1776 2111 eam
1795 2061 2072 2114 decertare
2092 2079 2211 2116 cum
2232 2067 2320 2122 be—

742 2152 884 2205 stiis.
920 2151 1011 2204 llla
1059 2161 1263 2212 autem,
1307 2159 1365 2202 ut
1394 2165 1511 2218 quae
1538 2151 1680 2217 quod
1720 2169 1827 2204 non
1871 2155 2032 2209 citius
2063 2156 2129 2209 ad
2162 2171 2317 2210 suum

745 2259 1007 2313 sponsum
1037 2243 1348 2306 excederet,
1414 2243 1506 2296 sed
1569 2243 1779 2296 vincula
1839 2247 2085 2313 corporis
2144 2250 2320 2303 adhuc

743 2334 933 2394 ferret,
970 2348 1109 2400 aegre
1139 2332 1341 2394 ferens,
1383 2346 1576 2385 manus
1629 2333 1811 2392 simul,
1854 2343 1909 2387 et
1951 2347 2210 2399 mentem,
2267 2351 2320 2391 ct

741 2427 930 2479 oculos
967 2425 1160 2477 tollens
1190 2425 1256 2475 ad
1277 2422 1555 2476 Christum
1590 2442 1602 2476 :
1659 2426 1906 2484 Domine.
1965 2429 2162 2496 inquit,
2199 2444 2319 2484 om-

743 2518 826 2568 nis
862 2515 1219 2583 principatus,
1272 2514 1560 2567 ostendisti
1631 2515 1684 2568 in
1739 2533 1825 2570 me
1867 2527 2012 2571 tuam
2065 2521 2317 2577 invictam

741 2609 1063 2676 potentiam,
1099 2617 1153 2659 et
1197 2606 1478 2659 dexteram
1534 2607 2007 2675 inexpugnabilem
2042 2630 2055 2676 ;
2097 2617 2315 2683 argnisti

739 2701 1046 2754 daemonum
1105 2697 1554 2761 imbecillitatem,
1602 2706 1952 2766 tyrannorum
1993 2707 2315 2772 amentiam;

741 2805 829 2843 me
864 2789 1148 2842 tormentis
1184 2797 1236 2840 et
1275 2789 1442 2858 plagis
1499 2789 1725 2844 eﬂecisti
1779 2792 2096 2857 fortiorem;
2175 2816 2320 2857 nunc

743 2895 962 2948 quoque
1022 2881 1163 2932 sicut
1225 2895 1412 2932 eorum
1488 2880 1581 2948 qui
1625 2896 2050 2949 praecesserunt,
2113 2892 2318 2944 eaedem

745 2971 1031 3039 suscepisti
1060 2979 1113 3024 et
1154 2972 1498 3039 sanguinem,
1570 2987 1748 3024 meum
1811 2990 2027 3044 quoqne
2104 2983 2320 3050 suscipe

743 3063 1068 3118 sacriﬁcium
1101 3063 1362 3115 inanima
1399 3061 1637 3117 contrita
1680 3065 1775 3119 tibi
1831 3067 2094 3134 oblatum,
2163 3082 2218 3126 et
2263 3074 2316 3127 in

744 3156 941 3224 spiritu
979 3155 1304 3208 humilitatis
1338 3164 1431 3221 ;et
1469 3155 1524 3208 in
1583 3156 1951 3213 tabernaculis
2009 3174 2317 3219 sanctorum

2427 3155 2744 3251 προσλαϐὼν
2796 3184 2939 3235 dwelt:

741 3255 797 3302 et
831 3246 1014 3301 choris
1055 3255 1353 3315 martyrum
1385 3263 1561 3302 meam
1617 3263 1894 3320 acceptam
1959 3255 2190 3309 animam
2235 3258 2319 3314 fac

742 3337 1104 3408 requiescere,
1155 3338 1411 3406 quoniam
1439 3353 1498 3393 es
1558 3339 1877 3397 benedictus
1920 3345 1973 3398 in
2011 3349 2230 3401 smeala.

816 3429 958 3484 XVI.
1007 3427 1083 3482 Ea
1142 3430 1222 3484 sic
1279 3442 1562 3499 precante,
1624 3435 1680 3488 in
1751 3436 1921 3506 ipsam
1953 3439 2322 3496 immittuntur

743 3533 982 3592 quatuor
1015 3525 1223 3587 leones,
1261 3535 1312 3578 et
1345 3534 1453 3578 tres
1485 3541 1649 3580 ursae.
1687 3527 1818 3592 Quae
1849 3519 2065 3585 divisim
2103 3543 2156 3588 et
2195 3551 2320 3604 pre-

742 3631 835 3668 ces
869 3615 1013 3667 illius
1063 3615 1346 3669 exauditas
1381 3616 1570 3683 fuisse,
1613 3628 1667 3671 et
1704 3635 1956 3689 magnum
2010 3640 2038 3674 a
2099 3627 2204 3680 Deo
2242 3630 2322 3682 fa-

741 3716 890 3760 ctum
928 3705 980 3758 in
1013 3721 1073 3759 ea
1097 3706 1414 3762 miraculum
1446 3710 1823 3765 ostenderunt.
1841 3712 1974 3766 Nam
2000 3715 2182 3771 leones
2201 3721 2321 3786 qui-

741 3799 864 3853 dem
891 3798 1083 3851 etduaa
1116 3812 1274 3862 ursae,
1306 3809 1464 3852 caute
1496 3803 1658 3854 simul
1692 3814 2077 3862 etreverenter
2109 3814 2172 3864 ad
2201 3790 2325 3865 eam,

742 3891 1090 3954 accedentes,
1128 3891 1339 3959 plantas
1368 3891 1488 3959 ejus
1513 3895 1709 3961 pedum
1758 3897 1993 3950 humane
2045 3902 2323 3956 deoscula-

745 3984 947 4036 bantur
978 4001 990 4045 ;
1033 3983 1193 4034 tertia
1217 3999 1347 4037 vero
1375 4001 1440 4037 ex
1482 3986 1644 4051 ursis,
1704 4004 1827 4041 cum
1880 4003 2072 4058 parum
2103 3993 2320 4060 quidem

745 4072 1133 4127 momordisset
1172 4074 1547 4136 carunculam,
1585 4077 1779 4131 vulnus
1835 4080 2052 4146 quidem
2111 4099 2324 4152 nequa-

743 4179 908 4231 quam
941 4163 1091 4227 fecit,
1129 4162 1231 4216 fuit
1264 4173 1446 4217 tamen
1477 4167 1695 4220 occasio
1722 4169 1840 4236 ejus
1887 4172 1952 4223 ad
1996 4172 2165 4225 Deum
2225 4176 2323 4229 de-

747 4268 936 4308 cessus
967 4265 1120 4308 sexto
1147 4255 1359 4308 decimo
1385 4257 1742 4324 Septembris.
1793 4258 1903 4314 Vox
1934 4271 2114 4316 autem
2152 4280 2181 4318 e
2214 4281 2323 4321 ca:-

747 4349 809 4401 lis
844 4364 1126 4411 resonans,
1155 4348 1528 4402 admirabilem
1585 4352 1832 4406 vocabat'
1867 4355 2223 4422 Euphemiam
2256 4362 2321 4415 ad

745 4439 926 4492 divina
956 4439 1304 4492 tabernacula
1341 4457 1354 4491 :
1390 4448 1646 4504 Accurre,
1680 4441 1890 4506 dicens,
1938 4446 2004 4498 ad
2070 4448 2312 4503 datorem

1976 405 2259 467 MENSIS
2301 406 2772 479 SEPTEMBER.

749 508 905 560 deret
942 513 996 558 et
1030 512 1342 574 tyrannum,
1381 505 1426 561 is
1462 505 1529 561 ad
1563 505 1824 576 majorem
1877 508 2008 563 iram
2038 527 2322 579 accensus,

2431 519 2656 589 πληγῶν
2712 522 2828 594 ἅμα
2889 527 3108 583 καὶτοῦ
3142 549 3204 584 τυ

3909 442 4020 503 73¹ἳ

3214 533 3406 597 ρὰννου
3455 556 3584 592 κατε
3594 546 3818 611 μωκᾶτο
3869 552 4017 619 πρὸς

2428 610 2646 711 πλείονα
2672 617 2772 686 τὴν
2795 618 2965 690 ὀργὴν
2995 616 3151 687 οὗτος
3189 610 3603 702 ἁνακαιόμενος,
3639 640 3872 706 πρίονας

2427 704 2752 776 προτίθησιν
2806 711 2970 778 ὀξεῖς,
3010 717 3104 768 καὶ
3166 719 3357 790 σιδηρᾶ
3405 731 3641 791 τήγανα.
3677 704 3923 785 Κελεύεί
3960 736 4014 786 δὲ

2425 796 2537 856 τοῖς
2565 797 2662 866 μὲν
2691 801 2878 868 πρίοσι
2923 805 3230 876 διχοτομεῖν
3266 812 3323 864 τὸ
3357 815 3513 882 σῶμα
3562 822 3659 887 τῆς
3695 822 4012 891 μάρτυρος,

2426 889 2537 948 τοῖς
2567 891 2824 958 τηγάνοις
2854 894 2908 947 δὲ
2939 897 3008 949 τὰ
3049 898 3484 972 διχοτομούμενα
3508 909 3615 960 τῶν
3663 915 3891 981 σαρκῶν
3923 917 4014 968 ἐκ·

2423 979 2610 1045 τήκειν
2641 983 2784 1050 μάλα
2823 988 3184 1057 σφοδρῶς,ὠς
3213 995 3397 1057 αὐτοῖς
3430 997 3641 1062 ὀστέοις
3680 1006 3763 1066 εἰς
3804 1008 4010 1060 σποδὶν

2427 1068 2665 1127 λύεσθαι.
2701 1076 2858 1129 Ἐπεὶ
2903 1079 2959 1130 δὲ
3016 1085 3063 1134 οί
3107 1085 3328 1153 πρίονες
3360 1089 3437 1157 τῷ
3493 1094 3809 1164 παρθενικῷ
3870 1101 4008 1165 ἐπῆ-

2423 1180 2581 1231 γοντο
2617 1169 2852 1236 σώματι,
2879 1167 2967 1223 οἷα
3006 1172 3064 1238 δή
3093 1191 3238 1239 τινος
3269 1179 3648 1250 ἀδαμαντίνης
3699 1187 4008 1255 ἁπτόμενοι

2424 1255 2657 1321 φύσεως,
2681 1259 2833 1311 αὐτοὶ
2866 1262 2966 1329 μὲν
2998 1264 3338 1332 ἡμὸλύνοντο
3363 1272 3458 1331 τὰς
3501 1274 3824 1339 ἀκμὰς,καὶ
3862 1279 4009 1348 ἀεξη-

2426 1349 2613 1416 ροῦντο
2645 1351 2744 1419 τὴν
2763 1355 3036 1424 τμητικην
3067 1355 3330 1427 δύναμιψ
3362 1363 3420 1413 τὸ
3451 1363 3559 1432 πῦρ
3592 1365 3644 1416 6‘;
3685 1368 4004 1425 ἐσῦἐννιιτο.

2422 1446 2518 1496 καὶ
2572 1447 2602 1515 ἡ
2647 1447 2856 1518 μάρτυς
2888 1449 3107 1519 ἀπαθὴς
3172 1453 3483 1518 διεσώζετο.
3548 1461 3709 1513 Ἀλλὰ
3745 1464 3799 1512 τί
3832 1463 4007 1515 ταῦτα

2422 1535 2556 1604 πρὸς
2586 1540 3030 1608 ὲθελοκωφοῦσαν
3061 1544 3260 1612 ψυχὴν,
3283 1551 3374 1598 καὶ
3420 1549 3657 1613 διανοίας
3696 1555 3885 1618 πάσης
3922 1556 4006 1605 εἰμ-

2424 1628 2612 1689 σεΰοῦς
2650 1632 3060 1700 ἀπαράδεκτον;
3095 1637 3202 1686 Καὶ
3249 1639 3453 1691 τούτων
3495 1643 3598 1708 γὰρ
3676 1647 4002 1710 γινομένω-ιι,

2421 1722 2447 1772 ὁ
2477 1721 2712 1788 Πρῖσκος
2746 1723 2825 1776 ἔτι
2864 1725 2970 1777 τῶν
3008 1728 3186 1780 αὐτῶν
3235 1730 3428 1797 εἴχετο,
3462 1736 3549 1784 καὶ
3582 1735 3670 1785 τοῦ
3708 1736 4008 1804 θεομαχεῖν

2356 1845 2392 1899 Β
2425 1812 2520 1862 οὐκ
2551 1812 2835 1880 ἀφίστατο.
2884 1815 3034 1868 Ἐπεὶ
3066 1820 3156 1870 καὶ
3189 1821 3247 1871 rb
3272 1822 3423 1888 φίλον
3451 1826 3580 1876 πᾶσι
3610 1827 3724 1890 φῶς
3754 1829 4008 1879 νοσοῦσι-ι

2423 1901 2712 1970 ὀφθαλμοῖς
2744 1906 2804 1955 οὗ
2841 1905 3010 1972 φίλον,
3057 1911 3190 1962 ἀλλὰ
3240 1914 3515 1980 πολέμιον.
3577 1916 3741 1968 ’Ὁθεν
3801 1921 3880 1980 είς
3954 1923 4010 1970 τὸ

2425 1992 2637 2043 στάδιον
2667 1994 2825 2046 πάλιν
2852 1996 2947 2065 τὴν
2972 2000 3329 2069 πανεύφημον
3364 2004 3511 2069 ἄγει.
3534 2008 3627 2064 καῖ
3657 2010 3793 2075 πρδς
3838 2009 4005 2078 θηρία

2424 2080 2721 2135 πυκτεῦσαι
2758 2085 3146 2140 διακελεύεται.
3184 2088 3250 2141 ’11
3273 2091 3348 2156 δὲ,
3376 2091 3563 2162 ὥσπερ
3594 2095 3669 2161 τῷ
3702 2097 3778 2163 μὴ
3821 2099 4004 2164 τάχιον

2422 2171 2726 2241 ἐκδημῆσαι
2751 2176 2886 2245 πρὸς
2922 2178 3011 2230 τὸν
3063 2181 3230 2247 αὐτῆς
3284 2184 3536 2251 νυμφίον,
3570 2185 3702 2236 ἀλλὰ
3731 2188 3800 2236 τὰ
3831 2187 4003 2250 δεσμὰ

2420 2262 2513 2313 τιλῦ
2547 2264 2795 2333 σώματος
2826 2268 2902 2319 ἔτι
2931 2270 3115 2338 φέρειν
3148 2272 3514 2343 βαρυνομένη,
3538 2279 3726 2346 χεῖρας
3755 2280 3875 2346 ἅμα
3911 2281 4002 2330 καὶ

2424 2355 2623 2422 φρένας
2653 2361 2744 2409 καὶ
2782 2358 3004 2428 ὄμματα
3035 2362 3168 2430 πρὸς
3201 2363 3434 2429 Χριστὸν
3492 2366 3692 2435 ἄρασα,
3726 2370 4001 2433 Δέσποτα,

2423 2446 2546 2513 ἔφη,
2573 2447 2664 2498 καὶ
2690 2447 2857 2517 Κύριε
2884 2450 3062 2518 πάσης
3095 2451 3286 2519 ἀρχῆς,
3313 2451 3516 2516 ἔδειξας
3545 2457 3600 2505 ἐν
3626 2457 3751 2524 ἐμοὶ
3773 2460 3875 2524 τὴν
3909 2460 4000 2524 σὴν

2421 2537 2688 2605 ἀήττητόν
2740 2556 2796 2591 τε
2828 2541 2920 2592 καὶ
2953 2541 3163 2609 ἄμαχον
3220 2542 3398 2605 δεξιάν
3421 2560 3432 2571 ·
3461 2546 3692 2614 ἤλεγξας
3725 2549 3998 2616 δαιμόνων

2420 2630 2722 2693 ἀδθένειανδ
2778 2632 3130 2700 ἰσλίυρθτέρτλν
3185 2636 3281 2701 ἐμὲ
3337 2635 3583 2704 βασάνων
3631 2640 3723 2690 καὶ
3777 2641 4000 2706 πληγῶν

2425 2721 2842 2791 παρεσκεύασας
2865 2738 2876 2750 ·
2923 2724 3013 2773 καὶ
3043 2722 3135 2773 νῦν
3165 2722 3237 2786 ὡς
3275 2726 3582 2794 προσεδέξω
3612 2729 3720 2779 τῶν
3763 2729 4002 2796 ςρθασαν.

2421 2829 2527 2868 των
2564 2815 2662 2885 ἤδη
2696 2816 2986 2885 μαρτύρων
3019 2817 3115 2876 τὰς
3158 2820 3374 2885 σφαγὰς
3406 2822 3499 2871 καὶ
3545 2821 3612 2872 τὰ
3645 2824 3882 2890 αἵματα,
3909 2824 3998 2874 καὶ

2421 2905 2516 2976 τὴν
2553 2906 2690 2975 ἐμὴν
2718 2907 3008 2975 πρόσδεξαι
3040 2906 3251 2970 θυσίαν,
3277 2908 3335 2958 ὲν
3375 2909 3519 2978 ψυχῇ
3552 2911 3994 2978 συντετριμμένης]

2423 2998 2516 3048 καὶ
2557 2998 2824 3066 πνεύματι
2855 2997 3234 3058 ταπεινώσεως
3268 3015 3350 3048 σοι
3395 3002 3878 3071 προσφερομένην,
3905 3002 3997 3052 καὶ

2425 3091 2648 3158 σκηναῖς
2675 3089 2844 3157 ἁγίων
2870 3091 2958 3142 καὶ
2993 3090 3284 3161 μαρτύρων
3315 3095 3491 3160 χοροῖς
3522 3093 3618 3164 τὴν
3641 3094 3783 3164 ἐμὴν
3824 3093 3998 3162 ψυχὴν

2927 3197 3144 3235 εαυσον·
3179 3183 3259 3236 ὅτι
3312 3174 3600 3254 ἓύλογητὸς
3655 3183 3708 3239 εἴ
3756 3188 3838 3249 εἰς
3877 3188 3998 3246 τοὺς

2420 3275 2646 3335 αἰῶνας.

2493 3449 2610 3518 κζ’.
2636 3450 2794 3504 Οὕτω
2823 3454 3284 3522 προσευχομένης,
3311 3454 3634 3521 ὲπαφίενται
3666 3452 3845 3523 ταύτῃ
3875 3453 4001 3503 τέσ-

2423 3560 2588 3616 σαρες
2619 3545 2718 3614 μὲν
2755 3543 2986 3610 λέοντες,
3016 3545 3205 3616 ἄρκτοι
3242 3547 3298 3599 δὲ
3323 3549 3490 3618 τρεῖς.
3518 3547 3842 3618 Περίζονται
3872 3545 4002 3612 γοῦν

2420 3640 2489 3690 τὰ
2520 3638 2682 3708 θηρία
2712 3640 2811 3710 τὴν
2850 3639 3013 3708 εὐχήν
3047 3656 3104 3691 τε
3137 3640 3251 3710 ἅμα
3290 3642 3384 3692 καὶ
3414 3641 3474 3694 τὸ
3512 3641 3698 3708 θαῦμα
3728 3641 3832 3707 τῆς
3861 3640 4002 3707 μάρ-

2423 3745 2602 3798 τυρος·
2651 3733 2742 3781 καὶ
2777 3732 2826 3781 οἱ
2884 3732 2980 3799 μὲν
3029 3731 3234 3791 λέοντες
3286 3733 3379 3782 καὶ
3406 3732 3513 3781 τῶν
3563 3734 3784 3800 ἄρκτων
3821 3734 3876 3784 αἱ
3911 3732 4000 3785 δύο

2424 3819 2665 3882 εὐλαϐῶς
2725 3818 2841 3889 ἅμα
2877 3823 2967 3873 καὶ
3010 3821 3388 3890 πεφεισμένως
3434 3821 3723 3887 ὲγγίσασαι
3759 3823 3829 3878 τὰ
3878 3824 3995 3891 [χνη

2422 3910 2624 3980 ταύτης
2645 3909 3003 3979 ἀνθρωπικῶς
3039 3912 3383 3979 κατεφίλουνο
3410 3913 3506 3981 μία
3544 3912 3600 3964 δὲ
3629 3912 3739 3964 τῶν
3779 3914 3997 3982 ἄρκτων

2425 4003 2724 4056 ἑνδακοῦσά
2787 4021 2890 4054 που
2935 4004 3027 4055 τοῦ
3059 4005 3308 4072 σαρκίου,
3348 4005 3559 4073 πληγὴν
3605 4005 3701 4073 μὲν
3745 4007 4000 4074 ἐνέτεμεν

2424 4097 2694 4164 οὐδαμῶς,
2724 4099 2944 4168 ἀφορμὴ
2999 4099 3054 4150 δὲ
3104 4100 3253 4167 ὅμως
3303 4098 3492 4166 γέγονε
3537 4097 3635 4166 τῆς
3688 4095 3825 4166 πρὸς
3870 4097 4002 4148 Θεὸν

2427 4187 2595 4259 αὐτῆς
2624 4189 2907 4257 ἐκδημίας,
2933 4193 3100 4262 ἕκτην
3140 4193 3231 4245 ἐπὶ
3257 4193 3460 4260 δεκάτῃ
3479 4189 3594 4244 τότε
3631 4190 3724 4241 τοῦ
3753 4191 4002 4258 Σεπτεμ-

2426 4280 2578 4351 ϐρίου
2634 4279 2799 4350 μηνὸς
2857 4282 3101 4346 ἄγοντος.
3164 4284 3317 4351 Φωνὴ
3385 4283 3677 4352 οὐρανόθεν
3751 4283 4000 4349 ἀπηκον-

2430 4375 2565 4440 μένη
2585 4376 2682 4443 τὴν
2712 4372 3031 4442 θαυμαστὴν
3055 4373 3235 4427 ἐκάλει
3283 4375 3420 4445 πρὸς
3475 4374 3572 4436 τὰς
3612 4373 3764 4436 θείας
3826 4372 3996 4433 αὐλὰς

2430 4465 2579 4534 Εὺφη
2590 4465 2737 4534 μίαν,
2756 4465 3076 4535 Ἀνάδραμε,
3101 4464 3352 4534 λέγουσα,
3384 4467 3515 4536 πρὸς
3539 4466 3627 4517 τὸν
3654 4466 3998 4532 στεφοδότην,

747 4543 1094 4593 coronarum,
1153 4544 1272 4595 qua:
1325 4529 1611 4596 pulchrum
1672 4543 1946 4586 certamen
2007 4536 2320 4603 deeertasti,

2427 4559 2458 4627 ἡ
2496 4529 2781 4610 τὸν-καλδν
2822 4529 3007 4625 ἀγωνα
3039 4529 3387 4628 ηγωνισμένη
3416 4529 3509 4610 καὶ
3544 4560 3632 4609 τὸν
3660 4529 3865 4625 δρόμον
3899 4529 3994 4627 ήδη

748 4629 800 4674 et
823 4619 934 4687 jam
975 4635 1195 4678 cursum
1251 4620 1554 4687 perfecisti,
1615 4636 1905 4692 acceptura
1949 4631 2168 4694 praemia
2208 4642 2326 4685 tuo-

751 4726 871 4764 rum
906 4711 1288 4764 certaminum.
1342 4710 1484 4765 Voce
1516 4711 1694 4766 adhuc
1736 4726 2047 4779 resonante,
2102 4736 2327 4791 magnus

751 4812 1092 4869 termmetus
1117 4806 1513 4871 conquassabat
1543 4808 1843 4875 civitatem,
1864 4821 1916 4864 et
1947 4814 2135 4882 magis,
2167 4831 2326 4884 quam

753 4894 887 4948 ullas
917 4911 1001 4948 res
1025 4906 1260 4960 creatas,
1294 4899 1457 4950 corda
1522 4917 1710 4952 eorum
1779 4904 1869 4969 qui
1931 4905 2324 4963 inhabitabant.

751 4985 905 5040 Unde
936 4988 1097 5038 etiam
1127 4988 1271 5041 illius
1303 5003 1557 5056 parentes
1615 4994 2036 5060 oportunitatem
2092 5001 2235 5052 nacti
2277 5013 2329 5054 et

753 5085 1106 5146 potestatem,
1144 5092 1252 5128 non
1283 5080 1502 5144 ﬂentes,
1535 5082 1629 5136 sed
1689 5084 1959 5148 laatautes,
2016 5086 2147 5140 illud
2189 5103 2330 5139 mar-

752 5174 980 5238 tyricum
1008 5178 1062 5222 et
1099 5170 1401 5238 pretiosum
1433 5189 1654 5242 corpus,
1677 5191 1783 5227 non
1808 5177 2034 5231 aliorum
2056 5181 2325 5245 manibus,

752 5265 848 5317 sed
887 5265 1001 5316 suis
1027 5265 1338 5327 credentes,
1378 5264 1428 5315 in
1464 5266 1583 5319 loco
1639 5269 1873 5336 quodam
1918 5286 2023 5322 non
2091 5275 2325 5338 prncuI-a

754 5342 974 5408 civitate
996 5355 1361 5418 Chalcedone,
1395 5356 1690 5412 honoriﬁce
1719 5361 1884 5414 simul
1917 5372 1968 5415 et
2038 5362 2124 5430 pie
2175 5379 2328 5432 sepe-

757 5447 960 5499 lierunt
989 5462 1003 5498 :
1038 5449 1320 5512 pulchram
1363 5449 1696 5518 accipientes
1720 5455 2022 5508 mercedem
2051 5456 2169 5524 ejus
2205 5460 2330 5512 cdu-

756 5539 1008 5605 cationis,
1042 5543 1183 5607 quod
1219 5542 1532 5597 dicerentur
1564 5553 1748 5613 patres
1776 5547 1893 5599 talis
1923 5548 2066 5608 ﬁlim.
2123 5559 2179 5603 et
2232 5552 2330 5604 da-

761 5643 884 5687 rent
904 5634 1014 5688 Deo
1042 5634 1307 5695 fructum,
1342 5635 1727 5691 benedictione
1755 5644 1808 5690 et
1835 5637 2108 5694 oblatione
2138 5643 2328 5711 quavis

760 5725 1428 5788 sacraliorem.Quoniam
1487 5741 1609 5780 eum
1673 5730 1832 5783 decet
1903 5733 2075 5786 onmis
2132 5736 2324 5800 honor,

761 5818 930 5892 gloria
963 5828 1017 5872 et
1043 5819 1286 5874 adoraliu
1325 5819 1374 5872 in
1411 5822 1626 5876 saecula.
1660 5823 1851 5878 Amen.

2426 4648 2715 4711 τελέσασα,
2745 4649 2813 4700 τὰ
2844 4647 2952 4699 τῶν
2984 4647 3210 4714 ἀγώνων
3237 4649 3376 4714 γέρα
3408 4664 3499 4699 σου
3547 4648 3851 4716 ληψομένη.
3882 4647 3998 4698 Ἔτι

2427 4738 2527 4806 τῆς
2554 4739 2736 4806 φωνῆς
2767 4736 3102 4804 ἠχουμένης,
3126 4739 3217 4787 καὶ
3258 4739 3482 4806 σεισμὸς
3509 4739 3680 4806 μέγας
3709 4739 3884 4788 ὲδένει
3906 4738 4001 4802 τὴν

2430 4827 2606 4891 πόλιν,
2632 4826 2723 4877 καὶ
2761 4825 2959 4894 μᾶλλον
2990 4825 3020 4895 ἢ
3052 4825 3119 4878 τὰ
3153 4825 3428 4892 κτίσματα
3479 4828 3576 4889 τὰς
3613 4826 3844 4896 καρδίας
3899 4828 4002 4879 τῶν

2429 4917 2848 4972 κατοικούντων.
2873 4917 3036 4968 Ὅθεν
3061 4919 3154 4969 καὶ
3177 4919 3224 4968 οί
3251 4919 3349 4986 τῆς
3369 4919 3620 4985 γενναίας
3648 4921 3854 4988 ταύτης
3881 4936 4002 4986 γεν-

2429 5015 2672 5080 νήτορες,
2701 5005 2787 5060 οἶα
2819 5009 3012 5078 καιροῦ
3057 5011 3152 5061 καὶ
3200 5010 3382 5071 ἀδείας
3429 5010 3849 5078 ἐπειλημμένοι,
3891 5012 4002 5062 οὔτι

2429 5103 2726 5167 κλαίοντες,
2780 5103 2914 5155 ἀλλὰ
2974 5103 3280 5172 χαίροντες,
3323 5105 3382 5155 τὺ
3433 5102 3773 5172 μαρτυρικὺν
3830 5106 4003 5155 ἐκεῖνο

2431 5196 2523 5248 καὶ
2548 5195 2842 5264 πολύτιμον
2883 5197 3044 5264 σῶμα
3077 5199 3263 5265 χερσὶν
3316 5197 3415 5248 οὐκ
3465 5195 3641 5248 ἄλλων
3688 5197 3831 5247 ἀλλὰ
3890 5201 4003 5258 ταῖς

2429 5289 2656 5350 οἰκείαις
2693 5287 3098 5352 πιστεύσαντες,
3122 5290 3180 5340 ὲν
3219 5287 3367 5357 τόπῳ
3406 5295 3513 5338 τινὶ
3548 5289 3607 5337 οὑ
3646 5289 3870 5358 μακρὰν
3897 5290 4000 5340 δντι

2430 5381 2524 5448 τῆς
2561 5381 2767 5441 πόλεως
2814 5380 3152 5447 Χαλκηδόνος
3186 5379 3422 5448 ἐντίμως
3472 5378 3587 5446 ἅμα
3618 5381 3714 5430 καὶ
3763 5381 3998 5436 εὐλαὸυκ

2430 5471 2834 5534 κατατίθενται,
2885 5472 3025 5523 καλὰ
3054 5473 3276 5547 τροφεῖα
3305 5469 3506 5547 ταύτης
3543 5474 3915 5547 ἀπολαβόντες
3948 5470 3999 5547 τρ

2431 5543 2620 5604 παιδὸς
2651 5543 2908 5608 τοιαύτης
2959 5541 3191 5593 ἀκούσαι
3223 5543 3457 5610 πατέρες
3518 5545 3611 5593 καὶ
3659 5542 3846 5595 δοῦναι
3892 5541 3999 5606 Θεῷ

2434 5631 2645 5700 καρπὸν
2687 5633 2958 5700 εὐλογίας,
2989 5632 3082 5683 καὶ
3111 5631 3290 5699 πάσης
3323 5635 3639 5702 προσφορᾶς
3689 5633 3993 5699 ίερὼτατον,

2433 5729 2510 5779 ὅτι
2553 5726 2701 5796 αὐτῷ
2746 5726 2947 5797 πρέπει
2985 5726 3131 5778 πᾶσα
3161 5726 3306 5792 δόξα,
3335 5726 3467 5797 τιμὴ
3503 5731 3596 5779 καὶ
3636 5724 3994 5794 προσκύνησις

2435 5825 2511 5886 εἰς
2538 5822 2660 5887 τοὺς
2697 5824 2915 5883 αἰῶνας.
2948 5824 3136 5892 Ἀμήν.
