4198 6438
178 429 308 494 733
1035 429 1501 492 MARTYRIUM
1541 431 1600 490 s.
1642 423 2031 492 TROPHIMI
2072 411 2167 491 ΕΤ
2209 430 2615 494 SOCIORUM.
3331 435 3434 497 731

1259 588 1916 605 ‘m‘n—o

815 737 1443 831 ΜΑΡΤΥΡΙΟΝ
1514 741 1742 826 ΤΩΝ
1814 739 2150 828 ΑΓΙΩΝ
2223 741 2809 828 ΜΑΡΤΥΡΩΝ

1354 987 2277 1144 ΤΡΟΦΙΜΟΥ,

513 1275 1350 1393 ΣΑΒΒΑΤΙΟΥ
1457 1275 1734 1389 ΚΑΙ
1861 1277 3124 1397 ΔΟΡΥΜΕΔΟΝΤΟΣ.

1305 589 1662 603 om

935 1685 1662 1826 MARTYBIUM
1758 1736 1913 1826 ss.
2037 1734 2708 1826 MARTYBUM

1306 1997 2241 2154 TROPHIMI
2294 2107 2341 2190 ,

667 2330 1310 2445 SABBATII
1469 2335 1650 2445 ET
1794 2329 2976 2446 DOBYMEDONTIS.

397 2554 582 2618 (Greca
602 2567 731 2604 nunc
754 2556 960 2617 primum
983 2553 1226 2616 prodeunt
1247 2565 1308 2604 ex
1339 2554 1448 2602 cod.
1474 2567 1564 2604 ms.
1590 2552 1744 2604 Paris.
1772 2567 1820 2603 ιι.
1854 2553 1995 2613 H92;
2024 2552 2194 2601 Latina
2221 2553 2376 2602 edidit
2402 2552 2578 2602 Surius
2598 2553 2656 2602 ad
2681 2555 2810 2602 diem
2849 2552 2904 2602 19
2927 2550 3280 2616 Septembris.)

284 2965 361 3022 A'.
389 2964 598 3034 Προεου
655 2963 747 3015 τοῦ
782 2961 1075 3025 δυσσεϐοῦς
1103 2963 1162 3013 τὸ
1193 2963 1462 3031 βασίλειον
1499 2962 1777 3032 σκῆπτρον
1810 2966 1858 3022 Λ

1810 2966 1858 3022 Λ
1957 2961 1999 3015 1.
2031 2961 2198 3032 lmpio
2221 2963 2395 3017 Probo
2439 2971 2655 3016 tenente
2692 2973 2900 3030 sceptra
2935 2963 3142 3030 imperii
3184 2961 3455 3014 Romano-

217 3058 516 3128 Ῥωμαίοις
539 3058 835 3121 διέποντος,
858 3058 955 3125 τὴν
981 3056 1089 3109 τῶν
1123 3055 1388 3126 βικαρίων
1411 3056 1606 3127 ἀρχὴν,
1639 3058 1781 3110 κατὰ

1886 3072 2026 3118 rum,
2064 3057 2249 3110 vicarii
2277 3057 2588 3127 magistratu
2638 3056 2936 3108 Antiochia:
2973 3055 3294 3124 fungebatur
3318 3055 3457 3108 Atti-

205 3149 309 3220 τὴν
364 3148 693 3217 Ἀντιόχειαν
733 3146 973 3210 Ἀττικὸς
1008 3148 1203 3218 ἤνυενο
1231 3146 1289 3199 ὃν
1323 3147 1494 3214 δήπου
1533 3149 1624 3198 καὶ
1655 3149 1784 3199 ἐκά-

1885 3165 2178 3220 0us,quem
2207 3150 2370 3204 etiam
2401 3148 2665 3203 vocabant
2692 3148 3039 3201 Heliodorum
3063 3146 3106 3216 (l
3125 3147 3307 3211 ).Cum
3331 3160 3455 3212 pcr-

207 3243 339 3294 λουν
377 3241 717 3310 Ἦλιόδωρον.
747 3240 866 3292 Τῶν
911 3237 1198 3308 γενεθλίων
1225 3239 1279 3290 δὲ
1311 3238 1654 3308 φθοροποιῶν
1689 3255 1782 3304 γεο

1884 3253 2135 3311 ageretur
2178 3252 2358 3294 autem
2397 3242 2627 3295 exitialis
2649 3241 2839 3292 natalis
2873 3239 3129 3304 Daphmei
3155 3237 3418 3307 Apollinis
3442 3275 3459 3302 ,

207 3333 453 3401 νομένων
479 3331 570 3385 τοῦ
603 3331 870 3400 Δαφναίου
919 3329 1253 3392 Ἀπόλλωνος
1270 3330 1340 3398 ;ή
1367 3329 1465 3398 μὲν
1508 3327 1781 3397 ’Λντιόχου

1884 3332 2171 3387 Antiochia
2202 3332 2440 3400 quidem,
2477 3340 2534 3384 ut
2577 3340 2660 3384 est
2692 3341 3138 3391 consentaneum,
3168 3331 3219 3382 in
3271 3331 3448 3396 tripu-

207 3427 270 3476 ὲν
301 3426 512 3492 κρότοις
540 3425 633 3475 καὶ
677 3423 873 3491 μέθαις
915 3425 1006 3474 καὶ
1039 3422 1252 3485 θυσίαις
1288 3422 1379 3475 καὶ
1415 3421 1625 3489 κώμοις
1673 3421 1784 3487 6m-

1887 3426 2010 3489 diis,
2035 3423 2391 3478 ebrietatibus
2426 3430 2480 3476 et
2531 3421 2815 3478 sacriﬁciis
2875 3432 3047 3475 totum
3083 3424 3225 3477 diem
3258 3421 3455 3474 transi-

209 3515 461 3584 μέρευεψ
494 3514 614 3565 κατ’
647 3514 859 3582 ἐκείνην
887 3515 942 3566 δὲ
997 3514 1095 3582 τὴν
1127 3515 1345 3583 ἡμέραν
1392 3513 1449 3577 ἐξ
1482 3514 1785 3581 ἀλλοδαπῆς

1886 3520 2066 3586 gebat.
2100 3518 2192 3571 lllo
2217 3527 2397 3570 autem
2433 3516 2520 3569 die
2555 3531 2616 3569 ex
2648 3525 2872 3568 externa
2911 3515 3125 3583 regione
3159 3514 3454 3568 advenien-

211 3605 539 3666 ἔπιστάντες
565 3603 840 3674 Τρόφιμος
872 3605 966 3656 καὶ
1012 3604 1330 3665 Σαϐϐάτιος,
1357 3605 1546 3672 ἄνδρες
1600 3605 1782 3654 Θεοσε-

1887 3619 1965 3660 tes
2005 3608 2334 3674 Trophimus
2362 3618 2413 3658 et
2453 3606 2762 3667 Sabbatius,
2800 3606 2896 3656 viri
2923 3607 2996 3672 pii
3048 3615 3099 3657 et
3137 3606 3456 3658 adoratores

209 3697 329 3759 δεῖς
387 3698 476 3748 καὶ
531 3697 628 3766 τῆς
684 3694 940 3765 ἀληθείας
1007 3694 1398 3765 προσκυνηταὶ,
1443 3694 1574 3746 ὅπου
1605 3693 1660 3744 δὲ
1693 3693 1786 3744 καὶ

1889 3699 2150 3759 veritatis,
2183 3695 2274 3751 sed
2297 3711 2524 3765 quorum
2546 3696 2788 3749 nondum
2814 3705 2928 3749 erat
2953 3694 3236 3749 manifesta
3258 3696 3451 3762 pietas.

211 3791 441 3859 φανεροὶ
475 3791 573 3856 τὴν
627 3789 1022 3854 εὺσέδειαν,ὼ;
1057 3789 1391 3858 τηλικαύτην
1442 3788 1552 3839 τῶν
1597 3786 1784 3855 ψυχῶν

1887 3809 2008 3847 Cum
2045 3792 2348 3844 animarum
2408 3798 2608 3843 tantam
2670 3789 3011 3858 aSpexissent
3055 3787 3452 3855 captivitatem,

211 3881 592 3948 αἰχμαλωσίαν
621 3880 932 3930 ἐθεάσαντο.
959 3878 1096 3948 βαρύ
1128 3897 1176 3930 τι
1211 3881 1304 3930 καὶ
1356 3880 1640 3948 ἐγκάρδιον
1671 3897 1787 3930 στε-

1885 3882 2119 3951 graviter
2149 3891 2200 3933 et
2230 3897 2297 3932 cx
2344 3881 2450 3932 imo
2490 3889 2706 3946 pectore
2750 3881 3030 3946 suspirans
3063 3877 3394 3944 Trophimus
3437 3896 3448 3929 :

208 3971 381 4034 νάξας
414 3969 438 4019 ὁ
468 3969 763 4038 Τρόφιμος,
803 3970 860 4020 Ὀ
890 3968 1042 4031 Θεὸς,
1076 3966 1348 4036 ἐνεϐόησε,
1385 3971 1447 4036 τῇ
1489 3971 1638 4036 φωνῇ
1687 3985 1782 4019 κε-

1887 3975 2050 4036 Deus,
2075 3969 2394 4025 exclamavit
2424 3969 2562 4039 (voci
2589 3983 2808 4038 quoque
2834 3967 3134 4021 commistis
3155 3969 3454 4040 lacrymis),

216 4066 390 4133 ρὰσας
424 4062 515 4114 καὶ
546 4062 782 4131 δάκρυον
806 4102 820 4122 ,
850 4061 877 4111 ὁ
897 4061 1039 4128 λόγῳ
1064 4061 1159 4128 μὲν
1184 4060 1242 4111 τὸ
1270 4060 1375 4111 πᾶν
1407 4061 1467 4110 ἐκ
1505 4058 1579 4129 μὴ
1612 4057 1782 4111 ὄντων

1885 4067 1975 4135 qui
2014 4066 2176 4118 verbo
2213 4064 2430 4132 quidem
2454 4079 2517 4116 ex
2550 4064 2615 4116 iis
2643 4078 2762 4130 quae
2791 4076 2898 4114 non
2929 4071 3109 4123 erant,
3139 4062 3450 4116 universum

215 4156 667 4223 ὑποστησάμενος
692 4192 705 4213 ,
767 4152 856 4203 τὸν
906 4151 1188 4222 ἄνθρωπον
1224 4151 1276 4202 δὲ
1317 4147 1435 4200 κατ’
1468 4150 1650 4201 εἰκόνα
1688 4147 1784 4218 σὴν

1886 4158 2238 4220 constituisti,
2295 4156 2564 4206 hominem
2605 4165 2784 4206 autem
2843 4153 2908 4206 ad
2974 4152 3259 4222 imaginem
3307 4161 3451 4206 tuam

215 4249 364 4316 χειρὶ
392 4245 566 4313 οἰκείᾳ
591 4243 1026 4311 δημιουργήσας,
1063 4242 1228 4301 αὐτὸς
1264 4241 1413 4291 ἔπιδε
1449 4240 1541 4290 καὶ
1567 4239 1661 4289 νῦν
1691 4240 1783 4289 καὶ
1817 4304 1855 4317 ἢ

1817 4304 1855 4317 ﬁ
1887 4248 2101 4317 propria
2149 4261 2310 4298 manu
2345 4260 2402 4298 es
2443 4244 2757 4306 fabricatus,
2801 4251 2855 4295 tu
2907 4241 3142 4310 benigne
3183 4257 3326 4295 nunc
3369 4258 3457 4296 as.-

215 4339 316 4404 τῆς
367 4337 460 4389 τοῦ
499 4333 880 4403 ἀντικειμένου
923 4331 1105 4401 χειρὸς
1138 4332 1332 4387 αὐτοὺς
1370 4329 1573 4395 ἐξελοῦ.
1597 4328 1781 4381 Ταῦτα
1817 4304 1856 4357 Β

1817 4304 1856 4357 Β
1888 4342 2037 4410 pice,
2076 4349 2130 4392 et
2164 4339 2313 4405 eripe
2355 4337 2488 4390 istos
2539 4351 2567 4388 a
2611 4351 2772 4388 manu
2811 4334 3128 4389 adversarii.
3184 4333 3304 4387 Hrec
3346 4334 3454 4388 Deo

212 4429 242 4480 ὁ
277 4429 550 4496 Τρόφιμος
601 4427 752 4493 ἔλεγε
807 4425 942 4494 πρὸς
978 4425 1068 4476 τὸν
1100 4424 1230 4475 Θεόν
1252 4440 1264 4452 ο
1296 4426 1388 4474 καὶ
1432 4421 1787 4484 συλλαϐόντες

1886 4433 2021 4486 dixit
2043 4429 2386 4497 Trophimus.
2418 4428 2660 4497 Repente
2687 4437 2866 4480 autem
2899 4442 3023 4478 enm
3051 4443 3172 4479 cum
3199 4425 3455 4480 Sabbatio

213 4519 410 4580 αὐτούς
467 4536 609 4592 τινες
682 4519 788 4568 τῶν
832 4516 1192 4584 Ἑλληνιστῶν
1247 4517 1439 4581 ἄγουσι
1490 4516 1640 4585 παρὰ
1695 4516 1786 4565 τὸν

1885 4521 2354 4589 comprehendunt
2403 4520 2618 4586 quidam
2668 4534 2730 4570 ex
2791 4518 3108 4587 gentilibus,
3154 4530 3209 4572 et
3247 4518 3456 4571 ducunt

213 4611 486 4682 βικάριον.
518 4607 629 4661 Καὶ
668 4607 724 4668 ὃς
757 4606 900 4658 κατὰ
921 4603 1212 4673 προσώπου
1244 4603 1463 4664 τούτους
1493 4618 1779 4672 παραστη-

1884 4616 1949 4668 ad
1981 4616 2261 4669 vicarium.
2297 4614 2395 4679 Qui
2439 4629 2560 4667 cum
2593 4628 2714 4666 eum
2745 4628 2926 4666 coram
2982 4622 3227 4665 curasset
3259 4611 3457 4664 sisten-

214 4707 448 4774 σάμενος
483 4703 714 4772 διίστησι
744 4699 839 4769 μὲν
865 4698 957 4750 τοῦ
996 4698 1158 4749 τόπου
1184 4696 1342 4758 εὐθὺς
1380 4697 1472 4748 ἀπ’
1504 4695 1780 4764 ἀλλήλω-ι’

1885 4709 2035 4768 dum,
2065 4709 2182 4762 loco
2204 4707 2419 4772 quidem
2440 4707 2620 4758 statim
2648 4713 2915 4770 separata
2949 4718 3006 4754 se
3040 4703 3296 4764 invicem,
3319 4717 3455 4770 quos

211 4797 303 4859 οὓς
334 4799 431 4848 οὐκ
462 4793 527 4865 ἦν
567 4794 852 4859 δαστῆσαι
880 4791 955 4860 τῷ
987 4789 1289 4858 πνεύματι·
1329 4790 1579 4857 ἐπερωτᾷ
1608 4788 1660 4838 δὲ
1693 4786 1781 4837 τοῦ

1885 4818 1992 4856 non
2025 4810 2236 4869 poterat
2272 4799 2461 4867 spiritu
2504 4797 2813 4864 sejungere.
2862 4793 3039 4864 Rogat
3080 4804 3258 4846 autem
3303 4793 3454 4861 prius

211 4889 497 4957 'l'po;ipou
544 4885 812 4954 πρότερον
854 4884 1068 4948 κλῆσιν,
1112 4883 1204 4933 καὶ
1255 4879 1442 4949 τύχην,
1480 4881 1571 4930 καὶ
1601 4880 1782 4930 ὁποῖον

1885 4890 2261 4957 Trophimum,
2316 4886 2588 4954 quodnam
2630 4896 2776 4938 esset
2807 4886 2856 4938 ei
2909 4900 3127 4943 nomen,
3171 4898 3289 4950 qua:
3331 4885 3453 4936 vita:

211 4979 362 5048 αὑτῴ
387 4979 442 5030 τὸ
467 4977 649 5039 σέὗας.
681 4974 740 5027 Ὀ
775 4975 828 5026 δὲ
857 4974 1024 5034 δεινὸς
1046 4973 1200 5040 ἀνὴρ,
1233 4974 1440 5039 Ὀνομα
1472 4971 1779 5039 μὲν,ἕλεγε,

1884 4981 2118 5036 conditio
2150 4990 2200 5033 el
2228 4996 2344 5048 quae
2373 4980 2580 5048 religio.
2616 4979 2704 5032 Vir
2741 4987 2922 5030 autem
2955 4977 3170 5030 divinus
3198 4993 3209 5029 :
3241 4976 3450 5030 Nomen

211 5074 272 5124 τὸ
305 5074 433 5141 ἐμὸν
475 5069 531 5134 ἐξ
578 5067 746 5133 αὐτῆς
800 5068 1067 5131 γενέσεως
1114 5062 1390 5130 Τρόφιμος
1420 5079 1431 5090 ·
1467 5062 1689 5129 εὐγενὴς
1727 5063 1781 5114 δὲ

1885 5076 2100 5144 quidem
2139 5089 2341 5136 meum,
2373 5074 2524 5133 dixit,
2555 5073 2621 5123 ab
2659 5073 2775 5138 ipso
2807 5079 2927 5122 ortu
2972 5082 3054 5122 est
3097 5068 3447 5136 Trophimus.

211 5163 287 5215 ῶν
316 5157 408 5212 ἀπ’
459 5159 630 5226 ἀρχῆς
682 5157 963 5224 ὲλεὺοερος
994 5153 1292 5220 ὲδουλώοην
1321 5155 1379 5216 ἐξ
1419 5153 1677 5222 ἐπηρείας
1711 5156 1772 5222 τῇ

1887 5167 2019 5221 Cum
2055 5183 2179 5218 vero
2208 5166 2274 5218 ab
2313 5167 2464 5216 initio
2499 5165 2766 5232 ingenuus
2798 5175 2973 5214 essem
3007 5170 3059 5212 et
3088 5161 3224 5212 liber
3270 5170 3450 5224 natus,

211 5251 490 5323 ἁμαρτίᾳ·
538 5248 672 5300 ἀλλὰ
718 5248 793 5316 τῷ
825 5247 916 5299 τοῦ
951 5247 1084 5316 ἐμοῦ
1138 5244 1340 5313 Κυρίου
1373 5246 1532 5296 πάλιν
1585 5243 1778 5313 βαπτί·

1892 5276 1996 5312 non
2039 5259 2156 5313 sine
2202 5259 2399 5326 probro
2435 5265 2489 5307 ct
2529 5255 2798 5308 dedecore
2843 5252 3002 5306 scrvii
3047 5260 3306 5319 peccato;
3356 5251 3451 5305 sed

214 5363 402 5414 σμασι.
453 5343 551 5411 τὴν
596 5339 813 5408 πρώτην
840 5341 1052 5408 ἐκείνην
1081 5340 1356 5406 εὐγένειαν
1391 5339 1482 5389 καὶ
1502 5339 1597 5406 τὴν
1628 5338 1780 5390 ἐλευ-

1891 5368 2079 5404 rursus
2111 5350 2212 5402 mei
2249 5348 2446 5402 Christi
2481 5347 2802 5414 baptismate
2839 5343 3013 5411 recepi
3045 5343 3276 5411 primam
3308 5341 3450 5394 illam

213 5438 398 5502 θερίαν
439 5435 727 5486 ἀπέλαϐον.

1828 5511 1844 5513 Α
1893 5444 2274 5513 ingenuitatem
2311 5451 2365 5493 et
2405 5441 2727 5492 libertatem.

289 5531 361 5586 [ἴ.
409 5534 516 5585 Καὶ
546 5533 578 5582 ὃ
607 5532 872 5600 βικὰριος,
911 5530 1044 5582 Τίνα
1081 5531 1212 5597 γοῦν
1266 5530 1455 5598 τιμᾷς,
1495 5525 1779 5596 5.95091}-
1810 5511 1852 5573 C

1810 5511 1852 5573 C
1965 5533 2027 5586 ll.
2057 5533 2300 5587 Vicarius
2338 5546 2508 5584 vero:
2554 5528 2853 5592 Quamnam
2891 5536 3096 5589 autem,
3137 5523 3332 5594 inquit,
3371 5537 3453 5577 se-

291 5713 806 5788 (lirl‘robiAngusti
841 5712 1192 5788 temper-itura,
1222 5709 1677 5788 licet‘persecutio
1709 5711 1776 5764 ab
1886 5719 2144 5788 gerentis,
2171 5717 2222 5769 in
2249 5714 2602 5788 Trophinuun
2647 5722 2700 5763 et
2725 5709 3040 5788 Sabbatium
3091 5704 3448 5788 nova‘oblata

215 5785 508 5835 Aureliano
564 5784 614 5834 in
663 5775 1000 5835 Christianas
1044 5783 1239 5840 indicta
1275 5775 1562 5847 quieverit,
1588 5791 1765 5832 tamen
1886 5775 2190 5851 ὅςρθδίοιίρ,
2238 5775 2529 5846 recruduit,
2561 5792 2614 5833 ut
2646 5791 2796 5834 notat
2822 5780 3082 5831 Baronius
3112 5793 3199 5830 an.
3231 5775 3358 5828 “28L

216 5854 537 5915 Antiochiae,
577 5855 754 5906 lurore
787 5852 1076 5917 Heliodori,
1115 5851 1366 5903 vicariam
1397 5852 1765 5917 prmlecturam
