4198 6438
724 404 831 467 ’735

1974 399 2261 461 MENSIS
2302 398 2593 460 SEPTEM
2604 401 2773 462 BER.

3925 408 4023 469 7556

725 514 912 587 queris
934 509 1297 583 religionem?
1330 509 1449 565 Jam
1471 508 1693 580 quidem
1721 508 1853 576 dixi,
1875 510 2052 581 inquit
2078 510 2319 580 Trophi-

2434 513 2609 565 ςκείαν
2629 512 2791 584 ;Ἥδη
2820 511 2940 584 μὲν,
2968 512 3133 585 φησὶν
3152 514 3181 569 6
3203 515 3502 587 Τρόφιμος,
3524 512 3697 583 εἷπον,
3727 517 3807 571 ἔτι
3842 518 4020 586 σαφές

726 624 868 663 mus.
898 604 1003 661 Sed
1048 604 1174 658 audi
1205 604 1386 659 adhuc
1416 603 1661 672 apertius
1714 621 1727 653 :
1772 602 1903 657 Sum
1949 603 2316 668 Christianus,

724 699 930 756 Christi
982 713 1207 763 servus;
1252 706 1306 751 et
1343 696 1555 751 utinam
1593 694 1797 751 Christi
1855 710 2029 750 essem
2074 697 2316 751 victima.

726 791 819 846 Ille
848 799 1029 845 autem
1061 806 1073 844 :
1114 789 1396 859 Hospesne
1420 804 1499 853 es,
1538 788 1733 857 inquit,
1773 804 1841 842 an
1892 788 2188 859 indigena?
2217 790 2320 844 Ho-

725 896 872 949 spes,
906 881 996 949 qui
1026 889 1144 933 erat
1173 895 1301 933 vere
1329 879 1512 932 mundi
1542 880 1764 948 hospes,
1803 880 2102 948 respondit.
2160 879 2321 950 Legi-

725 972 814 1037 sti,
851 971 1046 1040 inquit,
1084 987 1307 1040 praeses,
1327 987 1447 1040 qua:
1473 971 1817 1040 imperatoria
1846 972 2091 1026 decrevit
2120 981 2318 1042 poten-

728 1064 841 1118 tia?
870 1064 1020 1134 Legi,
1058 1066 1233 1133 inquit
1268 1063 1627 1134 Trophimus;
1649 1066 1742 1119 sed
1766 1068 1881 1120 haec
1913 1064 2051 1119 nihil
2079 1066 2142 1119 ad
2176 1080 2317 1131 nos;

727 1172 853 1211 nam
892 1158 1031 1211 inter
1065 1158 1371 1212 daemonum
1401 1160 1784 1226 deceptionem
1818 1168 1873 1213 et
1896 1159 2153 1228 pietatem
2182 1159 2323 1213 mul-

728 1258 839 1303 tum
876 1249 1103 1303 interest
1139 1266 1152 1305 :
1190 1259 1245 1303 et
1274 1258 1506 1315 tantum,
1540 1258 1829 1319 quantum,
1865 1250 2202 1314 utarbitror,
2239 1252 2323 1305 in—

729 1349 810 1395 ter
837 1341 981 1395 diem
1004 1350 1057 1395 et
1084 1352 1319 1397 noctem.
1371 1340 1495 1396 Haec
1547 1344 1625 1395 ira
1679 1344 1891 1412 replent
1920 1342 2319 1409 Heliodorum;

726 1445 782 1490 et
805 1434 988 1488 statim
1032 1435 1189 1503 jubet
1232 1452 1357 1489 eum
1414 1436 1703 1498 nudatum,
1740 1451 1768 1489 a
1808 1447 2046 1506 quatuor
2095 1438 2320 1493 extendi

727 1537 783 1581 et
817 1528 1087 1582 verberari
1132 1529 1538 1583 vehementius.
1587 1531 1765 1599 Atque
1812 1532 1861 1585 ei
1905 1530 2149 1600 quidem,
2206 1531 2321 1586 fera

727 1618 918 1686 quavis
962 1618 1237 1671 crudelius
1278 1634 1481 1688 corpus
1522 1619 1748 1690 ﬂagellis
1791 1623 2118 1687 exedebant,
2171 1625 2323 1678 illinc

728 1721 910 1764 autem
946 1711 1176 1765 ﬂuentes
1199 1711 1297 1765 rivi
1337 1713 1620 1783 sanguinis
1654 1714 1962 1782 subjectum
1993 1714 2167 1768 solum
2195 1724 2321 1769 ante

730 1804 1033 1859 reddebant
1066 1819 1439 1873 purpureum;
1485 1816 1540 1858 et
1568 1806 1787 1859 interim
1816 1824 1828 1860 :
1858 1807 2139 1872 Sacrifica,
2179 1807 2321 1860 infe-

730 1898 821 1959 iix,
868 1898 1084 1951 dicebat
1135 1897 1485 1960 Heliodorus,
1540 1913 1719 1967 neque
1760 1899 2071 1951 maledictis
2106 1899 2323 1953 incesse

727 1992 860 2047 deos
898 2002 952 2045 et
1012 1993 1423 2061 imperatorem.
1475 1994 1632 2046 Anne
1690 2008 1884 2047 carnes
1936 1992 2153 2061 quidem
2202 2003 2323 2048 tuas

728 2086 882 2138 vides
920 2086 1181 2154 paulatim
1229 2087 1451 2139 dissolvi
1517 2095 1573 2139 et
1611 2085 1895 2139 difﬂuere?
1942 2085 2034 2138 llle
2085 2095 2317 2141 autem:

729 2177 827 2239 Te,
855 2177 1055 2246 inquit,
1087 2178 1331 2241 intuens,
1360 2177 1529 2247 magis
1561 2178 1826 2231 misereor
1862 2186 1968 2232 tua:
1998 2178 2322 2233 calamitatis

728 2270 873 2337 quod
900 2285 1022 2323 cum
1055 2270 1129 2322 sis
1162 2270 1347 2334 homo,
1379 2270 1551 2322 habes
1580 2268 1819 2321 animam
1864 2268 1997 2321 feris
2047 2268 2326 2337 agrestio-

733 2379 869 2425 rem,
896 2366 1098 2418 nullam
1127 2365 1179 2416 in
1214 2373 1361 2417 tuam
1392 2364 1773 2431 cognationem
1808 2360 2107 2415 ostendens
2134 2360 2329 2414 huma-

731 2458 984 2512 nitatem.
1034 2458 1144 2527 Ego
1195 2466 1379 2509 autem
1428 2454 1703 2523 quomodo
1755 2454 1907 2522 potui
1963 2452 2169 2507 Christi
2218 2454 2327 2507 mei

732 2552 933 2604 virtute
983 2549 1125 2604 ferre
1164 2550 1347 2619 plagas
1382 2549 1515 2602 citra
1550 2548 1881 2611 molestiam,
1921 2554 1979 2601 et
2015 2561 2137 2600 cum
2192 2562 2326 2618 gau-

731 2644 852 2705 dio;
894 2645 965 2698 ita
1012 2645 1177 2698 etiam
1231 2642 1427 2696 horum
1484 2641 1859 2710 spectaculum
1905 2640 2161 2693 existimo
2205 2656 2326 2693 esse

731 2738 1013 2792 oculorum
1053 2736 1295 2797 delicias,
1346 2749 1558 2798 eorum,
1595 2745 1717 2803 quae
1776 2744 2088 2803 sperantur,
2125 2750 2323 2801 exspe-

731 2832 968 2886 ctatione
991 2844 1211 2883 sensum
1240 2827 1486 2882 dolorum
1518 2827 1826 2880 auferente.
1865 2826 1931 2879 Et
1957 2825 2160 2893 alioqui
2211 2825 2329 2876 ani-

732 2938 874 2975 mam
912 2921 1015 2974 scit
1048 2934 1353 2989 expurgare
1392 2919 1461 2971 ab
1493 2918 1642 2971 omni
1681 2917 1893 2970 macula
1941 2917 2031 2969 hic
2076 2917 2323 2985 Sanguis,

732 3017 827 3084 qui
877 3025 1102 3083 propter
1136 3014 1419 3066 Christum
1458 3012 1779 3075 effunditur,
1809 3011 1900 3079 qui
1944 3019 2028 3065 est
2055 3012 2105 3064 ei
2154 3010 2325 3064 veluti

731 3107 1005 3179 quoddam
1040 3106 1283 3161 divinum
1315 3105 1609 3158 lavacrum.
1641 3102 1767 3161 llaec
1799 3120 1921 3158 cum
1957 3105 2010 3157 in
2047 3106 2163 3174 ipso
2194 3112 2329 3157 tem-

2425 620 2618 674 στερον
2681 605 2848 658 ἀκουε
2880 620 2895 635 ·
2946 608 3275 677 Χριστιανός
3316 609 3456 678 εἰμι,
3506 610 3746 679 Χριστοῦ
3798 609 4017 674 δοῦλος,

2421 694 2661 765 Χριστοῦ
2691 698 2922 766 σφάγιον
2952 699 3163 767 γένοιτό
3190 718 3279 769 μοι
3302 702 3313 754 l
3353 700 3412 754 '0
3436 701 3515 767 δὲ,
3537 703 3695 766 Ξένος
3713 701 3783 765 εἴ,
3816 703 4015 769 τρειςετὶν⁹

2421 787 2454 858 ἢ
2509 788 2838 859 ἐπιχώριοςς
2872 791 3053 855 Ξένος,
3080 793 3108 845 6
3159 791 3254 846 τοῦ
3306 793 3512 860 κόσμου
3556 792 3730 857 ξένος,
3772 796 3853 855 ὡς
3892 794 4021 862 ali;-

2424 880 2557 945 θῶς,
2615 882 2974 951 ἀπεκρίνατο.
3052 882 3347 951 ’Ᾱνέγνως,
3404 881 3559 937 εἶπεν
3593 888 3619 937 6
3658 886 3874 954 ἄρχων,
3915 889 3943 938 ὅ
3975 903 4018 936 τι

2423 974 2707 1045 βασιλικὸν
2737 975 2992 1029 ἐθέσπισε
3031 977 3264 1046 κράτοςς
3314 978 3604 1044 Ἀνέγνων,
3627 997 3698 1046 φη
3713 981 3793 1031 σἰν
3827 980 3859 1029 6
3886 980 4019 1047 τρε.

2423 1083 2613 1137 φιμος,
2646 1066 2760 1120 ἀλλ’
2794 1066 2947 1119 οὐδὲν
2993 1067 3166 1120 ταῦτα
3224 1069 3359 1139 πρὸς
3392 1070 3558 1139 ἡμᾶς.
3584 1070 3881 1137 Δαιμὸνων
3917 1072 4018 1137 γὰρ

2423 1159 2641 1229 ἀπάτης
2673 1159 2767 1211 καὶ
2806 1157 3093 1220 εὐσεϐείας
3151 1158 3286 1211 πολὺ
3318 1160 3378 1211 τὸ
3412 1161 3595 1229 μέσον,
3641 1162 3734 1211 καὶ
3789 1148 4018 1210 τοςοίτο

2422 1252 2570 1316 ὅσον,
2598 1246 2989 1320 οἶμαι,ννκτὸς
3022 1250 3117 1304 καὶ
3179 1250 3351 1319 ἡλίου.
3398 1251 3596 1322 Ὀργῆς
3629 1254 4019 1320 ὑποπῖμπὶγρι

2422 1343 2595 1396 ταῦτα
2610 1344 2700 1396 τὸν
2723 1341 3065 1413 Ἣλιόδωρον.
3090 1344 3185 1396 καὶ
3202 1343 3400 1396 αύτίγα
3425 1343 3631 1396 κελεύει
3651 1362 3717 1410 γυ
3730 1341 4015 1410 uvidas-.21

2423 1435 2613 1489 τοῦτον
2672 1439 2736 1490 ἐκ
2779 1440 3063 1505 τεσσάρων
3124 1436 3473 1506 διαταθῆναι,
3511 1438 3605 1490 καὶ
3656 1436 4017 1502 σφοδρότερον

2425 1526 2746 1581 τύπτεσθαι.
2777 1528 2966 1595 Τούτῳ
3005 1528 3104 1596 μὲν
3137 1524 3230 1580 οὖν
3273 1528 3551 1597 ὠμότερον
3583 1528 3772 1596 θηρίου
3814 1528 4017 1587 παντὸς

2426 1623 2482 1674 αἱ
2514 1622 2777 1690 μάστιγες
2804 1622 2865 1673 τὸ
2899 1621 3060 1698 σῶμα
3086 1620 3416 1688 κατήσθιον·
3454 1624 3687 1689 αἵματος
3718 1622 3774 1674 δέ
3808 1621 4016 1690 63122,-

2426 1715 2635 1767 ἐκεῖθεν
2677 1716 2967 1784 φερόμενοι
2999 1714 3134 1785 πρὸς
3169 1714 3330 1785 βάθος
3368 1714 3673 1779 ἐφοίνισσον
3702 1715 3762 1766 τὸ
3791 1715 4018 1766 ύποκεέο

2431 1825 2590 1878 μενον
2627 1808 2846 1877 ἔδαφος·
2876 1808 2994 1873 καὶ,
3028 1806 3224 1872 Θῦσον,
3259 1808 3287 1859 6
3320 1806 3649 1875 Ἡλιόδωρος
3680 1809 3734 1857 ἐν
3771 1807 4017 1873 τοσούτῳ

2428 1900 2639 1965 ἔλεγεν,
2670 1900 2843 1961 ἄθλιε,
2875 1898 3011 1969 μηδὲ
3048 1899 3233 1962 κακῶς
3278 1899 3409 1966 λέγε
3448 1899 3572 1960 τοὺς
3608 1897 3766 1959 θεοὺς
3800 1902 3896 1949 καὶ
3932 1900 4020 1948 τὶν

2428 1990 2812 2062 αὐτοκράτορα
2839 2008 2853 2022 ·
2888 1992 2920 2059 ἢ
2949 1991 3069 2043 οὐδὲ
3101 1992 3199 2052 τάς
3230 1991 3436 2054 οἰκείας
3470 1993 3678 2061 σάρκας
3718 1993 3854 2059 ὁρᾷς
3904 1991 4021 2041 ius.

2431 2086 2598 2155 μένας
2622 2085 2940 2155 καταϐραχῦ
2972 2086 3065 2136 καὶ
3091 2084 3464 2155 ύπορῤεούσας
3488 2101 3502 2151 ;
3540 2083 3599 2137 Ὀ
3621 2084 3697 2149 δὲ,
3724 2084 3793 2134 Σὲ
3820 2084 4021 2151 μᾶλλον

2427 2178 2589 2247 δρῶν,
2625 2178 2754 2251 ἔηφη,
2780 2178 2999 2230 πλείονα
3020 2177 3117 2245 τῆς
3151 2179 3436 2245 συμφορᾶς
3481 2178 3579 2245 τῆς
3621 2178 3720 2245 σῆς
3751 2174 4018 2244 λαμϐάω

2428 2271 2518 2321 τὸν
2545 2270 2725 2321 ἔλεον·
2760 2269 2907 2331 ὅπως
2942 2268 3228 2337 ἄνθρωπος
3257 2268 3332 2320 ὣν
3367 2268 3573 2337 θηρίων
3604 2269 4020 2337 ἀπεχθεστέραν

2432 2362 2576 2430 ἔχεις
2616 2360 2817 2429 ψυχὴν,
2849 2361 3123 2431 μηδεμίαν
3153 2362 3278 2432 περὶ
3308 2361 3368 2414 τὸ
3412 2362 3675 2429 συγγενὲς
3710 2362 4023 2432 φιλανθρωο

2432 2453 2560 2507 πίαν
2591 2454 3053 2523 ἐπιδεικνύμενος.
3086 2453 3243 2524 Ἐμοὶ
3270 2455 3326 2508 δὲ
3358 2455 3546 2525 ὥσπερ
3576 2456 3793 2523 ὑπῆρξε
3836 2460 3903 2524 τῇ
3930 2455 4018 2507 τοῦ

2432 2546 2568 2615 ἐμοῦ
2595 2546 2833 2616 Χριστοῦ
2869 2547 3101 2617 δυνάμει
3126 2548 3225 2608 τὰς
3258 2548 3476 2613 πληγάς
3508 2547 3753 2608 ἀλύπους
3789 2549 3886 2598 καὶ
3932 2552 4019 2597 σὺν

2429 2640 2591 2710 ἡδονῇ
2623 2640 2832 2708 φέρειν,
2856 2639 3007 2690 οὕτω
3038 2641 3129 2690 καὶ
3174 2639 3271 2707 τὴν
3311 2640 3516 2689 τούτων
3550 2638 3698 2696 θέαν,
3728 2638 4024 2706 ὀφθαλμῶν

2430 2735 2642 2800 τρυφὴν
2676 2731 2929 2799 ἥγημαι,
2959 2730 3059 2796 τῆς
3092 2728 3199 2780 τῶν
3254 2730 3631 2799 ἐλπιζομένων
3670 2732 4021 2799 προσδοκας,

2430 2824 2539 2875 τῶν
2599 2822 2800 2874 ὀδυνῶν
2852 2822 3191 2890 κλεπτούσης
3242 2824 3338 2891 τὴν
3399 2822 3693 2894 αἴσθησιν·
3750 2824 3929 2884 ἄλλως
3963 2841 4017 2875 τε

2434 2917 2525 2971 καὶ
2554 2906 2842 2985 καθαιρεῖν
2874 2912 2981 2969 οἶδε
3023 2917 3236 2987 κηλῖδος
3262 2917 3361 2987 τὴν
3383 2918 3561 2988 ψυχὴν
3593 2918 3818 2987 ἀπάσης
3873 2915 4026 2969 ταυτὶ

2431 3013 2499 3064 τὰ
2530 3011 2619 3063 διὰ
2652 3010 2888 3081 Χριστὸν
2939 3011 3170 3079 αἵματα,
3215 3011 3377 3062 οἱονεὶ
3432 3010 3657 3079 λουτρὸν
3711 3011 3857 3079 αὐτῇ
3892 3011 4026 3063 θεῖον

2435 3104 2724 3170 γενόμενα.
2754 3101 2943 3154 Ταῦτα
2973 3102 3164 3171 ἐπειδὴ
3191 3102 3320 3170 παρ’
3346 3104 3509 3154 αὑτὸν
3534 3103 3629 3154 τὸν
3658 3102 3759 3172 τῆς
3790 3104 4026 3171 βασάνου

734 3218 866 3268 pore
899 3199 1154 3255 tormenti
1188 3198 1323 3253 vidit
1347 3197 1585 3251 vicarius
1613 3194 2094 3265 philosoiihantem
2124 3205 2322 3264 marty-

2436 3194 2629 3263 καιρὶν
2664 3196 2691 3247 6
2724 3194 2973 3264 βικάριος
3033 3196 3436 3267 φιλοσοφοῦντα
3486 3195 3592 3250 εἶδε
3622 3200 3714 3250 τὸν
3752 3199 4026 3267 μάρτυρα,

736 3310 871 3355 rem,
908 3308 1031 3347 eum
1058 3293 1278 3360 quidem
1313 3291 1367 3341 in
1399 3289 1686 3357 prmsentia
1717 3288 1911 3356 punire
1941 3290 2131 3341 statuit
2159 3288 2331 3341 inter-

734 3388 957 3442 mittere
985 3430 998 3452 ,
1029 3383 1291 3443 suasione
1318 3391 1502 3435 autem
1530 3380 1713 3451 potius
1745 3395 1868 3435 eum
1906 3380 2125 3452 aggredi
2159 3391 2210 3436 et
2236 3382 2333 3437 ad-

732 3477 1163 3535 hortationibus.

806 3571 891 3625 lll.
923 3569 1061 3623 Cum
1095 3568 1280 3633 itaque
1307 3577 1432 3616 eum
1465 3571 1713 3619 curasset
1752 3577 1934 3615 coram
1978 3565 2097 3630 ipso
2124 3566 2331 3617 siste“-

730 3665 864 3721 dum
904 3682 917 3717 :
953 3661 1063 3715 Diis
1092 3657 1359 3722 sacrifica,
1396 3655 1638 3719 dicebat,
1672 3652 2007 3725 Trophime;
2036 3656 2236 3727 alioqui
2279 3666 2333 3713 te

733 3761 802 3815 ad
826 3756 1141 3827 Dionysium
1172 3750 1526 3811 Perennium,
1571 3747 1811 3819 Phrygia:
1847 3748 2109 3804 Salutaris
2140 3751 2334 3816 praesi-

735 3856 884 3915 dem,
911 3847 1304 3904 transmittam.
1334 3843 1462 3897 Erat
1489 3843 1631 3898 enim
1664 3844 1710 3898 is
1734 3845 2057 3900 crudelitate
2082 3845 2331 3917 insignis.

733 3945 855 4000 Non
891 3960 1010 3999 mea
1051 3940 1241 4004 refert,
1272 3938 1450 4007 inquit
1482 3937 1838 4007 TrOphimus,
1879 3954 1908 3992 a
1961 3949 2108 3999 tene,
2147 3955 2215 3992 an
2265 3940 2335 3994 ab

736 4040 829 4095 illo
880 4036 1187 4091 interimar.
1223 4031 1357 4084 Nam
1386 4046 1483 4083 seu
1512 4030 1865 4092 Heliodorus,
1899 4044 1992 4081 seu
2041 4028 2336 4098 Dionysius

735 4146 825 4185 me
852 4128 1063 4198 puniat,
1097 4121 1286 4175 eadem
1316 4134 1459 4174 mors
1481 4136 1565 4175 me
1590 4126 1794 4174 manet.
1820 4117 1964 4172 idem
1990 4119 2136 4172 enim
2161 4128 2243 4172 est
2275 4135 2337 4172 u-

738 4222 948 4290 trisque
995 4231 1194 4288 scopus
1231 4227 1285 4269 et
1318 4214 1647 4275 institutum,
1695 4212 1893 4283 punire
1937 4222 1991 4265 et
2036 4214 2103 4266 de
2158 4213 2337 4267 medio

740 4317 930 4373 tollere
964 4328 1081 4374 eos,
1127 4310 1220 4380 qui
1262 4308 1675 4364 constituerunt
1714 4305 1895 4359 colere
1932 4305 2212 4371 pietatem.
2241 4305 2337 4362 His

743 4406 1101 4462 vehementer
1124 4406 1436 4451 commotus
1468 4395 1817 4456 Heliodorus,
1843 4395 1897 4448 in
1926 4395 2073 4465 ligno
2098 4410 2335 4463 suspen-

746 4496 827 4551 dit
859 4492 1242 4563 Trophimum,
1284 4497 1341 4543 et
1382 4502 1508 4543 eum
1555 4488 2025 4541 circumsistentes
2078 4487 2337 4556 protinus

2436 3289 2496 3341 τὸ
2530 3288 2628 3357 μὲν
2670 3289 2926 3353 κολάζειν
2978 3292 3035 3342 ἐν
3076 3290 3153 3359 τῷ
3216 3291 3443 3359 παρόντι
3477 3291 3806 3342 καταλιπεῖν
3855 3292 4026 3355 ἔγνω,

2438 3383 2617 3435 πειθοί
2647 3382 2703 3434 δέ
2735 3382 2936 3452 μᾶλλον
2978 3381 3143 3433 αὑτοῦ
3208 3384 3303 3433 καὶ
3351 3382 3672 3447 παραινέσει
3729 3384 4028 3450 μετελθεῖν.

2510 3541 2583 3591 Γ’.
2632 3538 2876 3609 Πλησίον
2944 3554 3040 3591 ουν
3092 3536 3199 3606 τδνξ
3246 3537 3415 3607 ἄνδρα

2438 3631 2631 3698 Θῦσον,
2660 3632 2836 3702 ἔλεγε,
2875 3632 3145 3703 Τρόφιμε,
3182 3633 3295 3695 τοῖς
3342 3632 3505 3697 θεοῖς,
3532 3630 3723 3701 ἐπειδὴ
3763 3634 4029 3700 Διονυσίῳ

3509 3539 4028 3608 παραστησάμενος,

2440 3730 2714 3800 Περεννίῳ
2745 3728 2820 3796 τῷ
2850 3728 3088 3799 Φρυγίας
3119 3729 3494 3797 Σαλουταρίας
3528 3727 3762 3797 ἡγεμόνι
3823 3743 3882 3779 σε
3936 3746 4032 3778 πα-

2441 3822 2745 3890 ραπέμψω’
2778 3817 2845 3889 ἦν
2912 3822 3020 3888 γὰρ
3069 3817 3221 3884 οὗτος
3276 3826 3340 3891 τῇ
3413 3822 3657 3890 ὠμοτητή
3714 3821 4026 3892 διαῦοητος.

2437 3914 2605 3969 Οὐδὲν
2646 3913 2832 3984 ἔμοιγε
2863 3910 3077 3973 διοίσει,
3106 3913 3273 3981 φησὶν
3305 3916 3330 3964 6
3366 3912 3673 3983 Τρόςὶιμος,
3697 3916 3807 3967 ὑπὸ
3854 3916 3946 3967 σιῦ
3976 3934 4026 3967 τε

2438 4010 2529 4060 καὶ
2558 4005 2649 4060 ὑπ’
2697 4007 2903 4060 ἐκείνου
2942 4005 3278 4078 ἀνῃρῆσθαι·
3316 4004 3381 4057 ἄν
3413 4021 3469 4056 τε
3505 4004 3789 4065 Διονύσιος
3816 4010 3842 4057 6
3871 4009 4027 4059 κολά-

2440 4101 2547 4169 ζων
2597 4098 2651 4172 ᾖ,
2686 4101 2713 4151 6
2754 4099 2915 4160 αὐτός
2965 4117 3033 4166 με
3083 4102 3371 4169 περιμένει
3434 4097 3697 4161 θάνατος·
3751 4100 3882 4151 ἐπεὶ
3939 4103 4031 4153 καὶ

2441 4193 2639 4255 σκοπος
2672 4192 2873 4261 ἀμφοῖν
2897 4191 2923 4242 6
2948 4191 3133 4252 αὐτὸς,
3161 4191 3412 4254 κολάζειν
3467 4194 3563 4244 καὶ
3600 4195 3858 4264 ἀναιρεῖν
3909 4197 4031 4257 τοὺς

2440 4288 2727 4356 ἑλομένους
2784 4287 2951 4356 τιμᾷν
3015 4286 3116 4352 τὴν
3171 4284 3482 4338 εὐτέόειαν.
3521 4286 3743 4349 Τούτοις
3782 4289 4030 4352 ὀξυνθεὶς

2451 4379 2774 4450 Ἡλιόδωρος
2826 4381 2918 4431 ἐπὶ
2980 4376 3141 4441 ξύλον
3177 4392 3235 4428 τε
3273 4375 3365 4428 τὸν
3394 4377 3717 4447 ’Τρόφιμον
3777 4384 4025 4451 ἀναρτῷ

2442 4474 2545 4522 καὶ·
2612 4470 2972 4540 περιστάντες
3052 4467 3212 4531 εὐθὺς
3273 4468 3320 4521 οι
3399 4467 3585 4538 δήμιοι
3654 4470 3756 4531 τάς
3822 4473 4029 4527 ἐκείνου

744 4561 1031 4645 carnifices
1076 4586 1219 4642 illius
1250 4585 1417 4639 latera
1464 4582 1779 4636 immaniter
1814 4581 2198 4649 discerpebant
2228 4599 2240 4634 :
2278 4590 2330 4635 et

2442 4566 2677 4634 πλευρὰς
2728 4563 2971 4630 ἀνηλεῶς
3024 4561 3195 4626 ἔξεον,
3257 4564 3348 4615 καὶ
3379 4563 3515 4632 πρὸς
3582 4563 3723 4615 αὐτὰ
3787 4567 3920 4618 εἵσω
3962 4570 4021 4618 τὰ

742 4683 1005 4739 subibant
1030 4680 1095 4733 ad
1128 4678 1245 4746 ipsa
1302 4690 1475 4743 usque
1508 4674 1722 4727 interna
1753 4676 1983 4728 viscera.
2028 4673 2125 4727 llle
2151 4684 2334 4727 autem

748 4776 923 4845 magis
958 4770 1319 4826 conservabat
1363 4777 1678 4823 accuratum
1699 4767 2068 4822 characterem
2102 4768 2340 4836 philoso-

747 4868 887 4940 phiae
913 4886 925 4923 :
956 4864 1199 4929 Domine,
1225 4862 1304 4916 fer
1322 4877 1477 4931 opem
1502 4861 1703 4915 famulo
1734 4871 1845 4923 tuo,
1866 4860 2263 4915 leuiterdiccns
2292 4870 2344 4914 et

748 4961 981 5032 placide.
1018 4957 1224 5011 Prreses
1259 4955 1444 5023 itaque
1473 4954 1795 5009 lleliodorus
1830 4955 2019 5007 videns
2069 4953 2340 5021 insignem

752 5055 968 5109 athleta:
996 5049 1405 5109 fortitudinem,
1437 5063 1561 5101 cum
1590 5063 1699 5101 non
1744 5058 1929 5116 posset
1968 5047 2143 5100 lucem
2191 5047 2341 5099 illius

754 5148 1047 5202 verborum
1078 5144 1306 5199 intueri.
1348 5148 1409 5195 ut
1435 5140 1527 5209 qui
1571 5140 1767 5192 animm
1806 5140 2087 5194 crecutiret
2117 5138 2289 5191 oculis
2328 5156 2339 5190 :

756 5240 853 5295 Ubi
879 5247 984 5300 est,
1010 5236 1247 5297 dicebat,
1276 5250 1309 5288 ο
1330 5233 1646 5301 Τιόνιιίῐηθ,
1671 5231 1919 5288 Christus
1949 5231 2113 5285 tuus?
2144 5231 2233 5284 llle
2256 5246 2348 5282 au-

758 5338 864 5389 tem
902 5349 914 5383 :
945 5329 1120 5389 Meus,
1145 5327 1384 5388 dicebat,
1424 5326 1682 5380 Christus
1708 5340 1883 5393 neque
1910 5341 1938 5377 a
1969 5339 2056 5376 me
2085 5322 2341 5384 discedit,

762 5435 812 5482 et
835 5436 1055 5491 semper
1085 5420 1240 5473 adest
1290 5419 1570 5482 omnibus,
1594 5417 1687 5485 qui
1718 5431 1842 5469 eum
1880 5416 2135 5469 invocant
2167 5415 2218 5467 in
2252 5430 2346 5468 ve-

764 5518 952 5572 ritate:
980 5522 1064 5567 est
1095 5521 1279 5570 autem
1322 5510 1423 5563 hoc
1458 5524 1674 5579 quoque
1722 5525 1786 5563 ex
1822 5526 1888 5563 eo
1920 5509 2167 5573 evidens,
2201 5507 2347 5579 quod

767 5625 863 5662 nos
900 5607 1053 5661 facile
1087 5604 1325 5659 feramus
1356 5603 1590 5658 dolores.
1625 5595 1726 5668 Qui
1761 5604 1906 5655 enim
1943 5604 2116 5665 ﬁeret,
2166 5612 2222 5653 ut
2247 5602 2349 5654 hu-

768 5718 924 5755 mana
966 5708 1162 5752 natura
1202 5698 1371 5751 ferret
1406 5707 1509 5749 tam
1540 5712 1733 5762 graves
1756 5697 2054 5760 cruciatus,
2082 5696 2126 5750 si
2163 5712 2269 5748 non
2298 5694 2347 5748 ei

770 5796 1011 5849 divinum
1040 5793 1254 5846 adesset
1281 5791 1575 5845 auxilium"
1610 5790 1731 5849 Haec
1755 5807 1878 5846 cum
1897 5792 2145 5856 dixisset,
2175 5788 2349 5843 athle-

778 5896 883 5942 tam
917 5901 1101 5941 carcer
1133 5885 1377 5955 suscipit,
1412 5886 1466 5938 in
1504 5901 1609 5953 quo
1644 5896 1756 5940 tum
1789 5886 1890 5939 alia
1921 5884 2192 5939 cruciatur
2218 5881 2351 5935 allli-

2449 4660 2729 4725 σπλάγχνα
2764 4658 3028 4721 ὲῢάδιζον,
3083 4658 3139 4709 ὐ
3175 4658 3231 4707 δὲ
3266 4658 3470 4725 ἀκριϐῆ
3518 4658 3721 4725 μᾶλλον
3779 4661 3874 4711 τὸν
3935 4661 4026 4726 τῆς

2446 4750 2651 4810 οἰκείας
2716 4749 3035 4816 φιλοσοφίας
3091 4747 3319 4807 διέσωζε
3400 4751 3747 4818 χαρακτῆρα,
3810 4752 4028 4818 Χριστὲ,

2448 4841 2633 4911 βοήθει
2663 4842 2739 4910 τῷ
2765 4842 2839 4908 σῷ
2875 4840 3067 4906 δούλῳ,
3102 4837 3277 4907 ἡσυχῆ
3314 4840 3411 4891 καὶ
3460 4841 3647 4910 πράως
3690 4842 4027 4911 ὑποφθεγξά,

2451 4951 2628 5001 μενος.
2680 4934 2736 4985 σο
2792 4931 2974 5000 ἄρχων
3018 4929 3200 4979 τοίνυν
3265 4928 3588 5000 Ἡλιόδωρος
3633 4934 3731 5004 τὴν
3777 4936 4025 5006 ιδπερμῆ

2450 5027 2661 5093 βλέπων
2719 5024 2811 5078 τοῦ
2856 5021 3093 5091 ἀθλητοῦ
3136 5024 3472 5093 καρτερίαν,
3508 5026 3696 5094 ἐπειδὴ
3758 5031 3864 5081 οὐκ
3924 5025 4025 5097 εἶχε

2448 5122 2581 5189 πρὸς
2607 5121 2666 5172 τὺ
2700 5117 2809 5171 τῶν
2842 5116 3051 5168 ἐκείνου
3099 5116 3364 5187 ῥημάτων
3418 5116 3532 5180 φῶς
3578 5117 3873 5187 διαϐλέψαι
3901 5160 3916 5185 ν
3943 5140 4026 5172 τυ-

2448 5216 2705 5280 φλώττων
2729 5211 2859 5274 τοὺς
2880 5212 2975 5280 τῆς
3011 5210 3190 5279 ψυχῆς
3246 5210 3584 5276 ὀφθαλμοὺς,
3610 5210 3745 5273 Ποῦ,
3778 5214 4027 5276 ἔλεγενιό

2448 5308 2679 5378 Χριστός
2710 5306 3132 5375 σου,’1“ρὲφιμε;
3164 5305 3222 5354 '0
3254 5304 3332 5368 δὲ,
3370 5303 3426 5355 Ὀ
3452 5303 3601 5372 ἐμὸς,
3634 5305 3762 5374 ἔφη,
3804 5308 4025 5374 Χριστὸς

2449 5405 2572 5455 οῦτε
2613 5400 2747 5471 ἐμοῦ
2776 5402 3095 5468 ἀφίσταται,
3121 5406 3213 5450 καὶ
3266 5399 3399 5450 πᾶσι
3430 5400 3541 5461 τοῖς
3582 5400 3638 5449 ἐν
3673 5400 3907 5469 ἀληθεία
3940 5417 4028 5450 κα-

2450 5496 2634 5548 λοῦσιν
2666 5493 2829 5547 αὑτὸν
2863 5495 2941 5554 εἰς
2975 5493 3058 5543 ἀεὶ
3082 5492 3316 5557 πάρεστι
3345 5508 3357 5520 ·
3395 5490 3487 5540 καὶ
3518 5490 3678 5557 δῆλον
3711 5491 3774 5541 ἐκ
3816 5492 3911 5544 τοῦ
3944 5487 4025 5541 καὶ

2451 5594 2547 5654 τὰς
2588 5588 2882 5658 ἀλγηδόνας
2933 5587 3062 5655 ῥᾷον
3098 5588 3286 5652 φέρειν
3326 5583 3513 5649 τιμάς.
3544 5580 3651 5633 ιιοῦ
3690 5585 3800 5653 γάρ
3851 5585 3915 5635 iv
3947 5584 4029 5633 άν-

2454 5684 2697 5758 Θρωπεία
2751 5682 2908 5751 φύσις
2946 5679 3085 5732 οὕτω
3110 5677 3499 5749 χαλεπωτάτην
3543 5677 3815 5747 ὑπένεγκε
3868 5678 4026 5744 βάσα-

2454 5800 2559 5845 νον,
2615 5781 2688 5849 μὴ
2756 5777 3033 5849 θειοτέρας
3094 5771 3449 5827 ἀπολαύσασα
3502 5770 3797 5841 βοηθείας;

2456 5876 2677 5929 εἰπόντα
2717 5872 2805 5925 τὸν
2849 5869 3084 5939 ἀθλητὴν
3137 5864 3511 5933 δεσμωτήριον
3554 5863 3961 5931 suamnam
3988 5856 4027 5926 ᾧ

3852 5771 4024 5823 Ταῦτα
