4198 6438
751 388 859 450 ’139

1990 385 2279 444 MENSIS
2321 385 2796 450 SEPTEMBER.

3928 390 4026 452 740

749 501 892 571 quod
930 501 1215 555 tormentis
1246 501 1312 555 ab
1339 515 1404 555 eo
1437 499 1718 568 subjectus
1755 507 1898 554 esset
1921 498 2249 567 scripsisset,
2283 505 2338 551 et

2442 500 2593 562 ὅσαις
2633 518 2690 552 τε
2728 499 2984 567 βασάνοις
3037 499 3128 551 ὑπ’
3185 498 3352 552 αὐτοῦ
3388 500 3723 571 παραδοθείη
3757 503 3905 568 πρὸς
3939 505 4023 553 τον

748 593 1206 664 quemadmodum
1235 593 1523 648 lictoribus
1546 593 1702 662 longe
1726 592 1993 646 evasisset
2032 590 2246 653 fortior,
2277 597 2331 643 et

749 688 894 756 quod
923 687 1092 740 solum
1133 688 1410 740 Christum
1453 688 1657 751 colens,
1701 686 1913 738 illorum
1955 685 2088 738 deos
2128 684 2333 736 rideret

751 793 806 834 et
867 782 1014 833 nihili
1047 781 1287 844 faceret;
1341 794 1576 846 cumque
1626 777 1836 830 calceos
1897 777 2106 830 ferreos
2165 773 2333 827 clavis

753 875 924 926 acutis
951 881 1004 926 et
1043 873 1255 932 subtus,
1289 880 1340 923 et
1367 886 1431 922 ex
1464 870 1682 937 obliquo
1713 870 1979 930 confixos,
2029 865 2332 935 martyricis

751 963 856 1017 illis
882 964 1158 1032 Trephimi
1191 963 1414 1031 pedibus
1439 964 1587 1030 prius
1617 960 1807 1028 subjici
1829 960 2103 1029 jussisset,
2129 969 2182 1011 et
2217 957 2331 1011 cla-

753 1070 852 1108 vos
906 1071 998 1123 per
1040 1056 1202 1124 pedes
1265 1054 1634 1122 transegisset,
1678 1054 1832 1122 jubet
1877 1051 2075 1104 deinde
2133 1050 2216 1119 agi
2275 1051 2329 1102 in

754 1143 1062 1214 Phrygiam.
1117 1143 1211 1198 Hic
1256 1144 1400 1196 enim
1441 1143 1723 1195 dicebatur
1773 1139 1975 1193 vers-ari
2025 1139 2328 1208 Dionysius.

755 1234 845 1288 Ille
879 1245 1059 1289 autem
1089 1235 1339 1298 libenter,
1369 1243 1420 1287 et
1445 1250 1569 1288 cum
1595 1233 1789 1303 gaudio
1819 1232 2000 1285 clavos
2025 1231 2125 1284 sibi
2157 1230 2331 1300 subji-

753 1326 927 1391 ciens,
973 1327 1127 1395 longe
1168 1325 1506 1392 praecedebat
1564 1331 1964 1390 consequentes
1996 1320 2224 1388 pedites,
2279 1329 2332 1374 et

756 1417 914 1471 simul
968 1424 1248 1470 currentes
1299 1417 1534 1483 equites.
1581 1413 1699 1466 Non
1740 1414 1883 1467 enim
1926 1413 2080 1466 dolor
2129 1412 2332 1481 pedum

754 1513 929 1580 potuit
959 1523 1284 1579 generosum
1328 1508 1472 1560 illius
1510 1508 1750 1560 animum
1782 1508 2034 1560 vincere:
2067 1505 2160 1558 sed
2189 1505 2332 1560 leves

755 1604 935 1673 potius
967 1603 1016 1654 ei
1066 1601 1296 1654 addebat
1347 1599 1478 1665 alas,
1525 1600 1934 1667 ﬁrmioremque
1993 1597 2256 1652 reddebat
2281 1606 2335 1652 et

755 1695 1204 1748 constantiorem.

829 1959 943 2014 VH.
975 1957 1238 2012 Confecto
1287 1959 1466 2028 itaque
1498 1957 1658 2010 trium
1716 1957 1928 2011 dierum
1979 1958 2198 2022 itinere,
2237 1972 2332 2011 vc-

754 2051 918 2105 niunt
943 2050 1208 2121 Synadam
1238 2051 1477 2122 Phrygiae
1509 2051 1813 2105 civitatem.
1861 2051 1960 2103 llic
1998 2065 2124 2103 cum
2155 2050 2336 2103 llelio-

756 2143 874 2198 dori
936 2145 1144 2196 litteras
1202 2143 1422 2213 legisset
1479 2144 1801 2213 Dionysius,
1870 2154 1922 2196 et
1976 2144 2336 2197 intellexisset

760 2234 1216 2302 quemadmodum
1244 2249 1300 2286 se
1332 2232 1596 2286 haberent
1621 2233 1853 2301 singula,
1873 2234 2130 2298 jussisset
2153 2243 2332 2287 autem

757 2335 1051 2393 martyrem
1104 2321 1218 2374 sisti
1248 2321 1314 2375 ad
1352 2338 1509 2375 suum
1545 2321 1781 2374 tribunal
1815 2319 1937 2374 :Tu
1985 2337 2066 2384 es,
2137 2323 2334 2390 inquit,

759 2410 1126 2478 Trophimus?
1163 2409 1360 2478 Μαι-ιδ’(
1407 2425 1573 2462 vero:
1609 2409 1742 2478 Ego,
1775 2410 1973 2477 inquit,
2012 2409 2340 2478 Trophimus

759 2516 945 2567 vecor,
989 2516 1216 2570 sumque
1247 2516 1436 2554 servus
1482 2500 1685 2554 Christi
1738 2503 1846 2554 veri
1898 2501 2015 2565 Dei,
2069 2503 2123 2555 in
2179 2519 2339 2570 quem

758 2594 849 2661 qui
912 2593 1284 2658 crediderunt,
1337 2608 1680 2662 nequaquam
1747 2593 2050 2647 alﬁcientur
2109 2596 2337 2664 pudore.

759 2685 901 2750 Quid
932 2699 1006 2751 tu,
1039 2686 1212 2754 inquit
1238 2685 1345 2751 ille,
1368 2686 1420 2738 in
1451 2688 1535 2740 his
1557 2689 1735 2740 adhuc
1771 2688 2037 2756 persistis,
2092 2687 2337 2740 inanem-

761 2793 866 2845 que
896 2788 949 2831 et
981 2793 1174 2830 vanqu
1219 2779 1364 2831 hunc
1405 2781 1628 2832 invocas
1659 2780 1962 2844 Christum,
2010 2781 2101 2848 qui
2158 2781 2343 2833 multis

763 2869 866 2923 fuit
896 2885 1057 2922 causa
1081 2870 1315 2922 mortis?
1348 2871 1452 2923 Sed
1486 2871 1589 2924 etsi
1638 2885 1742 2923 non
1783 2873 1953 2940 prius,
1977 2881 2030 2925 at
2061 2887 2205 2924 nunc
2237 2872 2343 2924 sal-

766 2971 894 3020 tem,
926 2959 1143 3013 diinissa
1173 2959 1224 3011 in
1258 2961 1432 3029 ipsum
1462 2961 1661 3013 iiducia
1693 2960 1795 3017 diis
1822 2961 2088 3021 sacriﬁca,
2116 2970 2343 3014 mortem

762 3052 1030 3120 ell'ugiens
1059 3069 1072 3104 :
1106 3061 1160 3104 et
1202 3051 1415 3104 lucrare
1446 3054 1608 3106 vitam
1655 3065 2001 3121 praesenrem.
2034 3052 2344 3106 Generosos

764 3151 945 3196 autem
976 3143 1253 3211 excipiens
1313 3143 1643 3210 Trophimus
1675 3162 1688 3197 :
1735 3144 1959 3196 Mortem
1991 3145 2233 3210 quidem,
2262 3145 2345 3196 in-

764 3243 904 3302 quit,
937 3248 1039 3286 nec
1072 3236 1113 3286 si
1154 3233 1309 3286 velim
1342 3234 1650 3304 ellug'erim.
1682 3232 1816 3287 Nam
1844 3235 1942 3287 etsi
1977 3249 2084 3287 non
2119 3244 2170 3287 tu
2201 3250 2342 3301 eam,

764 3337 819 3379 at
852 3336 1048 3378 natura
1091 3327 1312 3379 omnino
1348 3326 1554 3391 alieret,
1585 3338 1638 3380 et
1663 3328 1733 3389 ei,
1779 3343 1898 3396 qua:
1926 3328 2213 3389 debentur,
2247 3344 2345 3379 ex-

765 3419 991 3482 solvam,
1038 3434 1160 3471 cuin
1217 3418 1316 3471 sim
1377 3420 1560 3472 homo.
1620 3418 1766 3473 Licet
1827 3428 2006 3472 autem
2066 3434 2128 3470 ea
2180 3420 2347 3471 vitam

765 3525 1083 3577 comparare
1115 3518 1458 3577 perpetuam,
1488 3526 1607 3576 qua:
1635 3509 1796 3578 longo
1821 3510 2107 3562 intervallo
2126 3521 2349 3579 superat

767 3605 907 3656 hanc
941 3599 1137 3654 ﬂuxam
1180 3609 1235 3653 et
1263 3600 1542 3667 caducam,
1579 3602 1723 3670 quod
1752 3602 1818 3655 ad
1851 3602 2186 3672 voluptatem
2217 3605 2346 3658 atti—

768 3705 858 3750 net
885 3704 940 3749 et
965 3695 1358 3751 beatitudinem
1396 3713 1408 3747 :
1451 3696 1586 3749 adeo
1619 3705 1677 3749 ut
1709 3710 1827 3764 quae
1861 3706 1986 3749 sunt
2015 3696 2164 3751 illius
2200 3698 2344 3760 vitae,

770 3802 875 3840 nec
900 3787 1113 3857 possint
1140 3788 1288 3839 cerni
1323 3788 1515 3849 oculis,
1551 3803 1651 3840 nec
1676 3789 1852 3841 audiri
1878 3790 2121 3854 auribus,
2158 3806 2259 3842 nec
2295 3791 2347 3842 in

768 3895 861 3932 cor
900 3879 1134 3933 hominis
1166 3878 1482 3932 ascendere.
1522 3878 1698 3948 Hujus
1726 3896 1824 3950 ego
1861 3881 1987 3935 vitae
2042 3896 2159 3935 sum
2202 3898 2350 3939 nunc

770 3986 963 4038 magno
993 3984 1178 4025 amore
1207 3979 1417 4036 captus,
1450 3979 1503 4022 et
1530 3985 1753 4039 magnas
1781 3971 1874 4023 tibi
1915 3972 2087 4026 habeo
2121 3975 2343 4042 gratias,

771 4061 914 4128 quod
964 4076 1049 4114 me
1098 4061 1226 4113 illuc
1282 4060 1515 4113 transire
1563 4071 1970 4130 properantem,
2023 4079 2213 4132 urgeas
2259 4081 2352 4132 per

770 4166 914 4218 eain,
943 4163 1104 4221 quam
1139 4151 1428 4215 minitaris,
1463 4161 1715 4207 mortem.

849 4351 980 4406 Vlll.
1016 4349 1170 4403 Tunc
1203 4358 1347 4403 totus
1381 4349 1434 4401 in
1466 4364 1589 4402 eum
1621 4350 1753 4402 iram
1793 4350 2009 4419 spirans
2043 4352 2350 4422 Dionysius,

769 4448 921 4516 jubet
955 4462 983 4498 a
1013 4453 1247 4513 quatuor
1277 4453 1559 4497 extensum
1596 4443 1782 4498 crudis
1815 4444 1978 4498 boum
2011 4447 2193 4499 nervis
2229 4463 2352 4499 ver-

2435 590 2708 641 Διονύσιον
2733 590 2969 658 γράψας,
3014 591 3161 653 ὅπως
3190 608 3250 642 τε
3289 593 3638 660 ἰσχυρότερος
3691 592 3887 660 πολλῷ
3919 593 4026 644 τῶν

2433 682 2641 750 δημίων
2665 683 2893 749 γένοιτο,
2915 686 3006 734 καὶ
3031 684 3183 744 ὅπως
3211 686 3353 751 μόνῳ
3373 684 3593 752 Χριστῷ
3634 685 4020 752 προσανέχων.

2432 774 2558 833 τοῦς
2589 773 2766 824 αὐτῶν
2792 790 2849 824 τε
2887 773 3062 844 γελῴη
3101 775 3275 839 θεοὺς,
3326 777 3419 826 καὶ
3455 775 3580 842 παρ’
3611 777 3765 827 οὐδὲν
3794 778 4025 837 τούτους

2435 866 2661 915 ποιοῖτο.
2695 862 3047 932 ’Υποδήματα
3074 865 3250 918 τοίνυν
3279 867 3470 933 σιδηρᾶ
3494 866 3642 934 ἣλοις
3667 867 3821 930 ὀξέσι
3851 872 4025 920 xim-

2435 955 2525 1007 θέν
2557 973 2612 1007 τε
2645 958 2736 1009 καὶ
2768 959 2830 1009 ἐκ
2869 958 3100 1026 πλαγίου
3129 959 3548 1029 διαπεπαρμένα
3579 964 3706 1022 τοὺς
3746 980 4023 1032 μαρτυρι-

2436 1047 2563 1108 κοὺς
2597 1046 2864 1108 ἐλεεινοὺς
2914 1048 3007 1099 τοῦ
3042 1049 3323 1117 Τροιρίμου
3375 1052 3540 1113 πόδας
3577 1055 3856 1120 πρότερον
3900 1056 4026 1105 ὑπε,

2433 1139 2647 1207 δεθῆναι
2694 1139 2882 1204 εἰπὼν,
2936 1141 3029 1193 καὶ
3076 1141 3363 1210 διαπείρας
3421 1145 3544 1203 τοὺς
3600 1146 3768 1212 ἥλους
3803 1146 3897 1198 διὰ
3924 1147 4026 1197 τῶν

2435 1229 2630 1292 ποδῶν,
2664 1226 2782 1283 εἶτα
2826 1233 2916 1284 ἐπὶ
2949 1233 3187 1301 Φρυγίαν
3234 1234 3557 1286 ἐλαύνεσθαι
3608 1238 3831 1288 κελεύει
3856 1253 3871 1267 ·
3908 1239 4024 1306 τῇδε

2435 1323 2543 1390 γὰρ
2575 1323 2851 1386 Διονύσιος
2908 1325 3146 1390 ἐλέγετου
3174 1326 3491 1396 διατρίϐειν.
3558 1329 3616 1379 ’0
3650 1330 3726 1390 δέ,
3785 1332 4021 1397 ἄσμενος

2438 1416 2531 1466 καὶ
2567 1415 2688 1482 μεθ’
2728 1416 2918 1482 ἡδονῆς
2950 1418 3073 1479 τοῦς
3097 1418 3260 1486 ἥλους
3291 1420 3753 1488 ὑποὸαλλὸμενος,
3817 1422 4027 1491 ἔμπρο-

2440 1510 2563 1563 σθεν
2595 1506 2695 1579 ἦγε
2745 1529 2815 1562 πα
2831 1512 3035 1582 ραπολῦ
3070 1513 3176 1563 τῶν
3205 1530 3262 1564 τε
3303 1515 3660 1583 ἐφεπομένων
3694 1516 3884 1579 πεζῶν
3939 1519 4026 1569 καὶ

2438 1603 2544 1652 τῶν
2576 1605 3074 1673 συμπαραθεόντων
3111 1605 3320 1656 ἱππέων
3345 1623 3356 1633 ·
3392 1608 3449 1657 οῦ
3491 1610 3598 1676 γὰρ
3634 1611 3665 1677 ἡ
3696 1608 3811 1658 τῶν
3852 1609 4025 1659 ποδῶν

2439 1692 2597 1762 ὀδύνη
2631 1693 2846 1760 ἐλέγξαι
2870 1697 2966 1762 την
2993 1696 3087 1763 τῆς
3116 1696 3326 1746 ἐκείνου
3354 1695 3531 1763 ψυχῆς
3568 1697 3753 1764 ἰσχύος
3815 1715 4027 1765 γενναι-

2440 1785 2627 1852 ότητα,
2655 1785 2789 1836 ἀλλὰ
2837 1787 3038 1854 κοῦφον
3081 1790 3216 1856 αύτῇ
3247 1789 3445 1855 μᾶλλον
3474 1792 3772 1858 εἰργάσατο
3815 1793 3876 1843 τὸ
3907 1809 4028 1846 πτε-

2371 1867 2412 1923 Β
2449 1874 2562 1943 ρον,
2593 1877 2686 1926 καὶ
2727 1877 3085 1946 εὐτονώτερον
3115 1879 3329 1930 ἐποίει.’

2512 1968 2584 2018 Z'.
2644 1967 2824 2036 Τριών
2883 1969 3064 2019 τοίνυν
3109 1973 3335 2040 ἡμερῶν
3390 1973 3487 2043 τὴν
3541 1975 3750 2042 μεταξὺ
3805 1976 4029 2043 πορείαν

2438 2059 2534 2111 ἁνύ
2548 2075 2759 2123 σαντες,
2780 2061 2857 2122 εἰς
2881 2060 3086 2112 Σύναδα
3114 2063 3266 2114 πόλιν
3285 2064 3377 2132 τῆς
3401 2066 3640 2133 Φρυγίας
3671 2071 4026 2133 κατάγονται.

2452 2151 2716 2202 Ἐνταῦθα
2751 2153 2816 2202 τα
2851 2153 3174 2221 ’Πλιοξώρου
3230 2158 3533 2223 γράμματα
3585 2160 3869 2222 Διονύσιος
3907 2163 4031 2211 ἁνα-

2442 2241 2621 2308 γνοῦς,
2644 2240 2736 2291 καὶ
2758 2240 2903 2302 ὅπως
2929 2241 3130 2294 ἕκαστα
3155 2242 3264 2313 εἶχε
3287 2246 3495 2314 μαθὼν,
3520 2248 3592 2315 τῷ
3612 2251 3804 2316 οἰκείῳ
3829 2250 4030 2318 βήματι

2440 2334 2529 2384 τιν
2566 2332 2816 2402 μάρτυρα
2868 2338 3246 2404 παραστήσας,
3272 2338 3339 2388 Συ
3391 2334 3457 2402 εἴ,
3496 2342 3649 2408 φησὶ,
3711 2341 4028 2408 Τρόφιμοςς

2445 2422 2549 2472 Καὶ
2585 2423 2608 2470 ὁ
2638 2427 2869 2491 μάρτυς,
2907 2424 3064 2490 Ἐγὼ,
3091 2427 3466 2493 ἀποκρίνεται,
3496 2429 3681 2491 δοῦλος
3715 2430 3772 2482 δε
3793 2431 3885 2482 τοῦ
3908 2432 4033 2496 Χριο

2447 2514 2612 2583 σρτοῦ
2645 2514 2737 2567 τοῦ
2761 2516 3014 2585 ἀληθινοῦ
3034 2516 3186 2580 Θεοῦ,
3225 2535 3300 2581 εις
3330 2520 3386 2570 ὃν
3419 2522 3468 2571 οἱ
3505 2524 3938 2582 πεπιστευκότες
3973 2524 4030 2572 οὐ

2446 2608 2919 2674 καταισχύνοντας.
2941 2609 3005 2660 Τί
3027 2605 3115 2660 οὖν
3137 2612 3409 2678 ἐπιμένεις
3434 2616 3509 2662 ἔτι
3530 2616 3643 2673 τοῖς
3674 2613 3884 2676 αὐτοῖς,
3910 2614 4029 2684 ἔφη,

2447 2699 2539 2748 καὶ
2574 2702 2802 2764 μάταιον
2856 2699 3045 2751 τοῦτον
3079 2703 3370 2763 ἀνακαλεῖς
3421 2703 3677 2773 Χριστὸν,
3705 2703 3767 2766 ὅς
3821 2705 4030 2766 πολλοῖς

2448 2785 2624 2856 αἴτιος
2650 2788 2880 2838 Θανάτου
2903 2790 3197 2858 γεγένηται
3222 2806 3234 2852 ;
3279 2790 3418 2843 Ἀλλ’
3445 2794 3492 2843 εἰ
3518 2793 3611 2844 καὶ¹
3641 2794 3715 2862 μὴ
3743 2796 4028 2861 πρότερον,

2448 2876 2539 2929 νῦν
2580 2878 2711 2944 γοῦν
2761 2876 2859 2948 τῆς
2916 2879 3001 2932 ἐπ’
3060 2881 3221 2932 αὑτὸν
3276 2883 3569 2949 ἀφειμένος
3621 2884 4025 2951 πεποιθήσεως.

2449 2969 2610 3022 θῦσον
2646 2974 2754 3032 τοῖς
2796 2973 2960 3038 Θεοῖς,
2988 2975 3079 3024 τον
3109 2975 3336 3024 θάνατον
3369 2974 3674 3041 διαφυγὼν,
3710 2978 3809 3026 καὶ
3841 2977 4029 3044 κέρδη·

2452 3078 2541 3112 σον
2573 3064 2671 3129 τὴν
2704 3063 2982 3131 παροῦσαν
3030 3063 3194 3132 ζωήν.
3224 3065 3282 3115 ’0
3314 3069 3558 3130 γενναῖος
3608 3069 3794 3118 τοίνυν
3831 3069 4024 3118 ὑπολα-

2451 3153 2557 3205 ϐὼν
2595 3155 2895 3224 Τρόφιμος,
2919 3156 3158 3210 Θάνατον
3188 3158 3285 3225 μὲν
3316 3158 3420 3209 οὐδ’
3450 3158 3514 3210 ἂν
3538 3160 3745 3228 σφόδρα
3776 3160 4027 3228 βουλόμε-

2451 3266 2536 3309 νος
2569 3249 2943 3319 φύγοιμι,ἓφη
2975 3267 2986 3278 ·
3017 3252 3061 3301 εἰ
3098 3250 3198 3316 γὰρ
3234 3252 3326 3300 καὶ
3370 3249 3442 3317 μὴ
3502 3252 3563 3300 σὺ
3597 3252 3811 3311 τοῦτον,
3861 3253 3969 3302 ἀλλ’
4001 3255 4028 3319 ὴ

2453 3341 2614 3406 φύσις
2675 3342 2865 3402 ἐπάξει
2925 3344 3160 3401 πάντως,
3197 3343 3287 3390 καὶ
3347 3342 3519 3409 ταύτῃ
3568 3342 3635 3391 τὰ
3696 3344 4028 3412 ὀζειλᾴμενα

2454 3433 2825 3501 λειτουργήσω
2847 3433 3130 3502 ἅνθρωπος
3163 3433 3239 3485 ὢν
3269 3451 3280 3464 ’
3308 3434 3482 3497 ἔξεστι
3513 3435 3564 3486 δὲ
3587 3437 3735 3505 ζωὴν
3758 3438 4028 3507 ἐμπορεύ-

2454 3527 2649 3574 σασθαι
2678 3523 2866 3575 τούτου
2899 3523 3143 3593 διηνεκῆ,
3176 3525 3351 3592 πολλῷ
3379 3527 3454 3591 τῷ
3495 3526 3700 3593 μεταξῦ
3740 3529 3841 3596 την
3869 3533 4028 3598 προσ-

2452 3631 2642 3679 καιρον
2672 3615 2876 3680 ταύτην
2911 3619 3003 3666 καὶ
3040 3617 3273 3681 ῥέουσαν
3301 3618 3532 3682 κατάγει
3569 3620 3660 3668 τον
3686 3622 3787 3687 τῆς
3847 3623 4028 3689 ἡδονῆς

2453 3707 2611 3773 λόγον
2644 3707 2737 3759 καὶ
2767 3709 2864 3777 τῆς
2909 3708 3314 3779 μακαριότητος
3342 3709 3791 3780 ὑπερϐαίνουσαν
3836 3716 3930 3764 καὶ
3953 3733 4031 3768 τε·

2456 3797 2662 3861 σοῦτον,
2702 3798 2811 3866 ὅσῳ
2869 3797 3004 3868 μηδέ
3061 3797 3325 3866 ὀφθαλμῴ
3369 3799 3432 3848 τὰ
3483 3799 3699 3867 ἐκείνης
3756 3799 3859 3868 τῆς
3895 3801 4029 3867 ζωῆς

2453 3891 2645 3958 ὁρατὰ,
2675 3891 2808 3959 μηδὲ
2841 3890 2973 3942 ὠσὶν
3005 3892 3270 3952 ἀκουστὰ,
3302 3890 3421 3959 μηδ’
3442 3893 3531 3941 ἐπὶ
3565 3891 3798 3960 καρδίαν
3829 3893 4030 3962 ανθρώ-

2454 3999 2557 4033 που
2589 3982 2855 4048 ἀναϐῆναι
2903 3984 3202 4050 δυνάμενα.
3240 3983 3452 4051 Ταύτης
3514 3984 3625 4034 ἔσοι
3698 3986 3870 4036 τανῦν
3930 3988 4030 4052 ἐγὼ

2457 4074 2764 4141 θερμότατα
2798 4075 2926 4145 ἐρᾷν
2960 4077 3056 4144 τῆς
3088 4074 3232 4143 ζωῆς
3258 4090 3270 4104 ·
3305 4077 3398 4127 καὶ
3427 4075 3628 4144 πολλὴν
3667 4078 3730 4128 ἄν
3767 4095 3848 4130 σοι
3881 4081 4029 4148 χάριν

2457 4165 2682 4235 εἰδείην,
2708 4167 2848 4218 οὕτω
2883 4183 2948 4236 με
3001 4167 3323 4232 σπεύδοντα,
3352 4169 3446 4219 καὶ
3485 4168 3651 4220 αὑτὸν
3691 4173 3812 4220 ἐκεῖ
3844 4174 4031 4238 6116?.-

2456 4277 2562 4321 ναι,
2589 4259 2649 4310 δι’
2684 4255 2854 4324 οὗπερ
2888 4259 3130 4318 ἀπειλεῖς
3167 4259 3394 4310 Θανάτου
3423 4261 3718 4324 ἐπείγοντι.

2527 4351 2608 4401 11’.
2645 4349 2904 4400 Ἐνταῦθα
2957 4350 3072 4409 ὅλος
3107 4350 3227 4399 κατ’
3259 4349 3422 4400 αὑτοῦ
3462 4352 3585 4402 πνεῖ
3608 4351 3924 4415 Διονύσιος·
3949 4359 4031 4406 καὶ

2458 4439 2668 4492 κελεύει
2718 4440 2782 4492 ἐκ
2819 4440 3100 4510 τεσσάρων
3136 4439 3461 4493 διαταθέντα
3519 4442 3674 4510 ἱμᾶσι
3710 4444 3839 4512 βοὸς
3891 4450 4028 4516 ὡμό-

775 4537 956 4592 berari
990 4555 1002 4589 :
1032 4548 1083 4591 et
1117 4537 1378 4590 continuo
1409 4537 1536 4588 dum
1570 4536 1952 4589 verberaretur
1979 4538 2176 4604 (nescit
2205 4543 2343 4591 enim

2460 4550 2615 4602 τερον
2658 4531 2980 4597 τύπτεσθαι,
3011 4534 3099 4584 καὶ
3127 4533 3450 4603 τυπτομένῳ
3477 4533 3636 4597 εὐθὺς
3663 4537 3746 4603 (οὑ
3772 4539 3882 4606 γὰρ
3912 4544 4030 4590 ἁνα-

775 4630 966 4683 vitium
1001 4627 1224 4681 dilIerre
1266 4636 1320 4679 et
1360 4627 1626 4694 cunctari)
1680 4644 1692 4679 :
1754 4626 1849 4680 Dic
1894 4628 2092 4692 solum,
2149 4630 2351 4692 aiebat,

776 4718 1096 4790 Trophime,
1125 4717 1229 4772 diis
1260 4718 1600 4782 sacrilicabo,
1634 4727 1689 4771 et
1738 4718 1880 4772 illico
1907 4735 1934 4771 a
1967 4721 2108 4772 malo
2161 4721 2354 4775 libera-

777 4817 942 4870 beris.
973 4815 1066 4867 Ille
1104 4821 1286 4866 autem
1321 4814 1481 4865 verba
1512 4813 1658 4865 illius
1689 4812 2057 4874 existimabat,
2096 4823 2352 4882 tanquam

779 4923 967 4962 vocem
1001 4907 1280 4975 spinarum
1328 4905 1428 4958 sub
1475 4904 1673 4958 lebete.
1722 4904 1938 4958 Sciebat
1995 4904 2160 4967 enim,
2212 4908 2355 4976 quod

778 5009 983 5070 quanto
1011 5000 1258 5068 graviora
1294 5004 1480 5051 essent
1515 5013 1610 5049 sua
1645 4998 1967 5061 certamina,
2001 5003 2152 5052 tanto
2175 5014 2233 5051 se
2279 5000 2357 5051 vi-

779 5103 985 5145 ctorem
1022 5089 1264 5142 futurum
1288 5089 1596 5148 clariorem,
1631 5097 1684 5140 et
1714 5103 1777 5140 eo
1805 5088 2227 5156 splendidiorem
2257 5091 2355 5142 ha-

781 5183 1021 5236 biturum
1045 5193 1326 5235 coronam.
1357 5181 1494 5243 Quid
1518 5196 1643 5247 ergo
1668 5179 1795 5232 facit
1826 5181 1946 5232 ille?
1971 5181 2024 5233 lu
2046 5197 2164 5234 eum
2199 5197 2355 5236 exco-

781 5272 914 5342 gitat
959 5287 1156 5324 novum
1191 5269 1410 5326 modum
1448 5268 1785 5330 insidiarum,
1833 5277 1886 5320 ut
1934 5267 2188 5322 inusitato
2226 5285 2354 5337 sup-

782 5365 944 5433 plicio
984 5361 1330 5433 perturbaret
1378 5362 1656 5414 athletam.
1719 5359 1852 5413 Cum
1906 5369 2116 5413 acetum
2185 5361 2358 5431 sinapi

783 5463 1268 5523 contemperasset,
1356 5453 1592 5504 infundit
1661 5451 1886 5506 naribus
1937 5451 2199 5520 martyris.
2267 5454 2358 5507 Ille

781 5557 962 5601 autem
989 5557 1174 5614 aperte
1206 5545 1443 5601 ostendit
1468 5560 1524 5598 se
1569 5544 1770 5596 nullam
1821 5546 2045 5598 omnino
2087 5546 2359 5613 accepisse

783 5635 1136 5691 mulationem
1167 5651 1231 5689 ex
1258 5635 1609 5689 acerbissima
1641 5633 1727 5684 illa
1783 5634 2203 5699 temperatione.
2253 5632 2358 5687 De-

784 5731 951 5782 decus
992 5742 1120 5798 ergo
1170 5741 1278 5779 non
1341 5727 1519 5780 ferens
1576 5724 1860 5785 scelestus,
1925 5723 2069 5792 ligno
2127 5725 2361 5793 alligavit

791 5822 1047 5875 athletam
1078 5837 1173 5891 per
1204 5833 1318 5886 eos,
1350 5819 1440 5887 qui
1492 5818 1859 5875 inserviebam
1904 5818 2018 5887 ejus
2065 5817 2357 5887 iniquitati,

2459 4624 2750 4675 ϐάλλεσθαι
2809 4621 2951 4676 οἶδεν
3105 4625 3275 4678 κακία
3333 4628 3427 4678 καὶ
3479 4628 4029 4698 διαμέλλειν),Θῦσον

2461 4714 2645 4781 μόνον,
2678 4713 2945 4782 Τρόφιμε,
2984 4716 3074 4764 ἐπὶ
3097 4719 3203 4775 τοῖς
3255 4716 3414 4778 Θεοῖς,
3467 4720 3492 4767 ὀ
3541 4720 3766 4784 ἡγεμὼν
3802 4722 4026 4783 ἐπεὸὁα,

2460 4805 2553 4856 καὶ
2586 4804 2678 4855 τοῦ
2707 4803 2876 4855 κακοῦ
2907 4805 3268 4874 ἀπαλλαγησῃ
3315 4806 3538 4860 αὐτίκα.
3575 4809 3632 4858 ὐ
3664 4809 3717 4859 δὲ
3749 4810 3827 4873 ὡς
3861 4812 4026 4880 φωνὴν

2461 4898 2712 4950 ἀκανθῶν
2766 4897 2870 4948 ὑπὸ
2919 4897 3141 4967 λέϐητα,
3191 4899 3332 4952 οὕτω
3391 4902 3516 4962 τοὺς
3578 4903 3792 4954 ἐκείνου
3849 4906 4025 4970 λόγους

2425 5039 2429 5044 ,
2460 4989 2664 5056 ὴγεῐτω
2688 4987 2802 5057 ᾔδει
2827 4987 2933 5055 γὰρ
2951 4989 3059 5053 ὅσῳ
3080 4986 3478 5056 χαλεπωτέροις
3500 4988 3727 5039 ἐπάλαιε
3744 5029 3759 5052 ,
3791 4991 4023 5057 λαμπρὸο

2459 5098 2611 5150 τερος
2650 5082 2890 5131 τοσούτω
2933 5082 3221 5146 γενόμενος
3275 5081 3619 5149 στεφανίτης.
3649 5078 3714 5131 Τί
3773 5076 3866 5133 οῦν
3899 5085 4024 5133 ἐκεῖ·

2460 5191 2549 5232 νος
2582 5175 2758 5234 ποιεῖ;
2794 5170 2990 5222 Καινὸν
3043 5171 3334 5240 ἐπιϐουλῆς
3376 5174 3579 5224 ἐπινοεῖ
3629 5174 3836 5239 τρόπον
3869 5175 4020 5240 αὐτῷ,

2464 5267 2550 5317 ἵνα
2590 5264 2665 5332 τῷ
2721 5265 3042 5332 ἀμελετήτῳ
3099 5266 3192 5314 καὶ
3226 5264 3384 5333 ἀήθει
3425 5264 3518 5331 τῆς
3561 5268 3837 5335 τιμωρίας
3885 5267 4025 5335 θορν-

2463 5357 2607 5426 εήσῃ
2645 5357 2733 5406 τὸν
2778 5355 3055 5422 ἀθλητήνο
3106 5355 3224 5417 ὅξος
3272 5355 3452 5405 τοίνυν
3496 5357 3738 5426 κεράσας
3791 5361 3903 5420 τοῖς
3939 5356 4020 5409 τοῦ

2466 5449 2740 5517 μάρτυρος
2769 5450 2943 5516 ἐπιχεῖ
2977 5450 3284 5518 μυκτῆρσιν
3308 5463 3320 5476 ⁸
3349 5448 3376 5498 ὁ
3400 5446 3457 5499 δὲ
3487 5453 3576 5500 καὶ
3601 5448 3746 5498 οὕτω
3776 5449 3932 5519 δῆλος
3970 5445 4023 5514 ἦν

2467 5538 2588 5608 μηδ’
2652 5538 2936 5605 ἡντιναοῦν
2995 5537 3295 5606 μεταϐολὴν
3365 5537 3470 5591 ὑπὸ
3555 5536 3647 5587 τοῦ
3705 5537 4022 5608 δριμύτατον

2465 5633 2746 5696 κράματος
2779 5630 2990 5681 ἐκείνου
3046 5627 3254 5682 παθών.
3301 5631 3414 5682 Οὐκ
3451 5627 3693 5694 ἐνεγκὼν
3729 5632 3912 5682 τοίνυν
3941 5627 4020 5699 τὴν

2465 5721 2725 5790 αἰσχύνην
2756 5724 2781 5772 ὁ
2819 5719 3047 5788 πονηρὸς
3085 5721 3223 5790 ξύλῳ
3258 5722 3348 5772 τὸν
3379 5708 3618 5791 suum;
3648 5723 3733 5773 oti
3771 5722 3878 5772 τῶν
3900 5719 4020 5786 ὑπη-

2471 5815 2806 5884 ρετουμένων
2875 5813 3037 5866 αὑτοῦ
3061 5816 3126 5884 τῇ
3190 5811 3506 5885 παρανομία
3564 5814 3889 5892 προσέδησε,
3945 5815 4018 5864 καὶ
