  <div class='ocr_page' id='page_1' title='image "/cluster/home/n/w/nwhite01/storage/ocr_20150623/115/nnc1.0046980261/388.png"; bbox 0 0 4198 6438; ppageno 0'>
   <div class='ocr_carea' id='block_1_1' title="bbox 258 375 360 440">
    <p class='ocr_par' dir='ltr' id='par_1_1' title="bbox 258 375 360 440">
     <span class='ocr_line' id='line_1_1' title="bbox 258 375 360 440; baseline 0.039 -4"><span class='ocrx_word' id='word_1_1' title='bbox 258 375 360 440; x_wconf 71' lang='lat' dir='ltr'><strong>7M</strong></span> 
     </span>
    </p>
   </div>
   <div class='ocr_carea' id='block_1_2' title="bbox 1078 366 2655 447">
    <p class='ocr_par' dir='ltr' id='par_1_2' title="bbox 1078 366 2655 447">
     <span class='ocr_line' id='line_1_2' title="bbox 1078 366 2655 447; baseline 0.006 -9"><span class='ocrx_word' id='word_1_2' title='bbox 1078 379 1539 442; x_wconf 79' lang='lat' dir='ltr'><strong>MARTYRIUM</strong></span> <span class='ocrx_word' id='word_1_3' title='bbox 1574 379 1636 440; x_wconf 91' lang='lat' dir='ltr'><strong>S.</strong></span> <span class='ocrx_word' id='word_1_4' title='bbox 1677 366 2070 441; x_wconf 75' lang='lat' dir='ltr'><strong>TROPHIMI</strong></span> <span class='ocrx_word' id='word_1_5' title='bbox 2110 383 2204 443; x_wconf 85' lang='lat' dir='ltr'><strong>ET</strong></span> <span class='ocrx_word' id='word_1_6' title='bbox 2245 383 2655 447; x_wconf 80' lang='lat' dir='ltr'><strong>SOCIORUM.</strong></span> 
     </span>
    </p>
   </div>
   <div class='ocr_carea' id='block_1_3' title="bbox 3396 395 3501 459">
    <p class='ocr_par' dir='ltr' id='par_1_3' title="bbox 3396 395 3501 459">
     <span class='ocr_line' id='line_1_3' title="bbox 3396 395 3501 459; baseline 0.029 -4"><span class='ocrx_word' id='word_1_7' title='bbox 3396 395 3501 459; x_wconf 68' lang='grc'><strong>742</strong></span> 
     </span>
    </p>
   </div>
   <div class='ocr_carea' id='block_1_4' title="bbox 255 485 1846 568">
    <p class='ocr_par' dir='ltr' id='par_1_4' title="bbox 255 485 1821 560">
     <span class='ocr_line' id='line_1_4' title="bbox 255 485 1821 560; baseline 0.003 -22"><span class='ocrx_word' id='word_1_8' title='bbox 255 485 563 550; x_wconf 81' lang='grc' dir='ltr'>καταξάνας</span> <span class='ocrx_word' id='word_1_9' title='bbox 599 488 696 550; x_wconf 80' lang='grc' dir='ltr'>τὰς</span> <span class='ocrx_word' id='word_1_10' title='bbox 738 488 998 558; x_wconf 82' lang='grc' dir='ltr'>πλευρὰς,</span> <span class='ocrx_word' id='word_1_11' title='bbox 1043 491 1138 545; x_wconf 78' lang='grc' dir='ltr'>καὶ</span> <span class='ocrx_word' id='word_1_12' title='bbox 1171 491 1390 560; x_wconf 80' lang='grc' dir='ltr'><strong>βαθείας</strong></span> <span class='ocrx_word' id='word_1_13' title='bbox 1422 493 1477 544; x_wconf 81' lang='grc' dir='ltr'><strong>ἐν</strong></span> <span class='ocrx_word' id='word_1_14' title='bbox 1507 488 1698 550; x_wconf 79' lang='grc' dir='ltr'>αὐταῖς</span> <span class='ocrx_word' id='word_1_15' title='bbox 1730 506 1821 542; x_wconf 82' lang='grc' dir='ltr'>τε·</span> 
     </span>
    </p>
   </div>
   <div class='ocr_carea' id='block_1_5' title="bbox 1915 485 3503 568">
    <p class='ocr_par' dir='ltr' id='par_1_5' title="bbox 1923 492 3503 568">
     <span class='ocr_line' id='line_1_5' title="bbox 1923 492 3503 568; baseline 0.011 -24"><span class='ocrx_word' id='word_1_16' title='bbox 1923 501 1976 546; x_wconf 89' lang='lat' dir='ltr'><strong>et</strong></span> <span class='ocrx_word' id='word_1_17' title='bbox 2002 492 2166 547; x_wconf 92' lang='lat' dir='ltr'><strong>latera</strong></span> <span class='ocrx_word' id='word_1_18' title='bbox 2195 494 2476 550; x_wconf 87' lang='lat' dir='ltr'><strong>dilaniavit</strong></span> <span class='ocrx_word' id='word_1_19' title='bbox 2509 514 2522 550; x_wconf 93' lang='lat'><strong>:</strong></span> <span class='ocrx_word' id='word_1_20' title='bbox 2556 504 2611 550; x_wconf 89' lang='lat' dir='ltr'><strong>et</strong></span> <span class='ocrx_word' id='word_1_21' title='bbox 2643 512 2763 551; x_wconf 91' lang='lat' dir='ltr'><strong>cum</strong></span> <span class='ocrx_word' id='word_1_22' title='bbox 2796 497 2850 551; x_wconf 91' lang='lat' dir='ltr'><strong>in</strong></span> <span class='ocrx_word' id='word_1_23' title='bbox 2879 498 2957 552; x_wconf 89' lang='lat' dir='ltr'><strong>eis</strong></span> <span class='ocrx_word' id='word_1_24' title='bbox 2998 498 3294 568; x_wconf 85' lang='lat' dir='ltr'><strong>profundos</strong></span> <span class='ocrx_word' id='word_1_25' title='bbox 3321 506 3503 561; x_wconf 81' lang='lat' dir='ltr'><strong>sulcos</strong></span> 
     </span>
    </p>
   </div>
   <div class='ocr_carea' id='block_1_6' title="bbox 257 577 1825 653">
    <p class='ocr_par' dir='ltr' id='par_1_6' title="bbox 257 577 1825 653">
     <span class='ocr_line' id='line_1_6' title="bbox 257 577 1825 653; baseline 0.006 -25"><span class='ocrx_word' id='word_1_26' title='bbox 257 579 374 647; x_wconf 75' lang='grc' dir='ltr'><strong>μων</strong></span> <span class='ocrx_word' id='word_1_27' title='bbox 402 577 668 641; x_wconf 81' lang='grc' dir='ltr'>αὖλακας,</span> <span class='ocrx_word' id='word_1_28' title='bbox 693 580 940 650; x_wconf 80' lang='grc' dir='ltr'><strong>αἱμάτων</strong></span> <span class='ocrx_word' id='word_1_29' title='bbox 979 585 1275 653; x_wconf 64' lang='grc' dir='ltr'>ςκατήγαγε</span> <span class='ocrx_word' id='word_1_30' title='bbox 1329 584 1630 653; x_wconf 74' lang='grc' dir='ltr'>ποταμούς.</span> <span class='ocrx_word' id='word_1_31' title='bbox 1678 584 1737 635; x_wconf 86' lang='grc'><strong>’0</strong></span> <span class='ocrx_word' id='word_1_32' title='bbox 1769 584 1825 637; x_wconf 79' lang='grc' dir='ltr'>δὲ</span> 
     </span>
    </p>
   </div>
   <div class='ocr_carea' id='block_1_7' title="bbox 251 670 1820 744">
    <p class='ocr_par' dir='ltr' id='par_1_7' title="bbox 251 670 1820 744">
     <span class='ocr_line' id='line_1_7' title="bbox 251 670 1820 744; baseline 0.004 -23"><span class='ocrx_word' id='word_1_33' title='bbox 251 671 364 737; x_wconf 82' lang='grc' dir='ltr'><strong>ὅσῳ</strong></span> <span class='ocrx_word' id='word_1_34' title='bbox 393 670 592 738; x_wconf 81' lang='grc' dir='ltr'>μᾶλλον</span> <span class='ocrx_word' id='word_1_35' title='bbox 623 671 765 740; x_wconf 71' lang='grc' dir='ltr'>ἧρθη</span> <span class='ocrx_word' id='word_1_36' title='bbox 798 672 896 740; x_wconf 79' lang='grc' dir='ltr'>τῆς</span> <span class='ocrx_word' id='word_1_37' title='bbox 936 677 1058 744; x_wconf 82' lang='grc' dir='ltr'>γῆς,</span> <span class='ocrx_word' id='word_1_38' title='bbox 1089 677 1330 742; x_wconf 86' lang='grc' dir='ltr'>τοσούτῳ</span> <span class='ocrx_word' id='word_1_39' title='bbox 1359 676 1543 729; x_wconf 88' lang='grc' dir='ltr'>πλεῖον</span> <span class='ocrx_word' id='word_1_40' title='bbox 1579 675 1820 744; x_wconf 75' lang='grc' dir='ltr'><strong>ἐγγίζειν</strong></span> 
     </span>
    </p>
   </div>
   <div class='ocr_carea' id='block_1_8' title="bbox 1928 584 3497 658">
    <p class='ocr_par' dir='ltr' id='par_1_8' title="bbox 1928 584 3497 658">
     <span class='ocr_line' id='line_1_8' title="bbox 1928 584 3497 658; baseline 0.008 -20"><span class='ocrx_word' id='word_1_41' title='bbox 1928 584 2298 645; x_wconf 86' lang='lat' dir='ltr'><strong>dissecuisset.</strong></span> <span class='ocrx_word' id='word_1_42' title='bbox 2340 589 2619 658; x_wconf 77' lang='lat' dir='ltr'><strong>sanguinis</strong></span> <span class='ocrx_word' id='word_1_43' title='bbox 2656 589 2877 643; x_wconf 80' lang='lat' dir='ltr'><strong>deduxit</strong></span> <span class='ocrx_word' id='word_1_44' title='bbox 2919 590 3135 646; x_wconf 85' lang='lat' dir='ltr'><strong>ﬂuvios.</strong></span> <span class='ocrx_word' id='word_1_45' title='bbox 3190 593 3281 648; x_wconf 91' lang='lat' dir='ltr'><strong>Ille</strong></span> <span class='ocrx_word' id='word_1_46' title='bbox 3315 607 3497 651; x_wconf 88' lang='lat' dir='ltr'><strong>autem</strong></span> 
     </span>
    </p>
   </div>
   <div class='ocr_carea' id='block_1_9' title="bbox 1924 676 3499 754">
    <p class='ocr_par' dir='ltr' id='par_1_9' title="bbox 1924 676 3499 754">
     <span class='ocr_line' id='line_1_9' title="bbox 1924 676 3499 754; baseline 0.01 -27"><span class='ocrx_word' id='word_1_47' title='bbox 1924 689 2034 742; x_wconf 91' lang='lat' dir='ltr'><strong>quo</strong></span> <span class='ocrx_word' id='word_1_48' title='bbox 2059 676 2220 730; x_wconf 85' lang='lat' dir='ltr'><strong>altius</strong></span> <span class='ocrx_word' id='word_1_49' title='bbox 2248 679 2498 734; x_wconf 88' lang='lat' dir='ltr'><strong>sublatus</strong></span> <span class='ocrx_word' id='word_1_50' title='bbox 2525 689 2639 734; x_wconf 91' lang='lat' dir='ltr'><strong>erat</strong></span> <span class='ocrx_word' id='word_1_51' title='bbox 2662 696 2691 735; x_wconf 91' lang='lat' dir='ltr'><strong>e</strong></span> <span class='ocrx_word' id='word_1_52' title='bbox 2726 692 2888 745; x_wconf 91' lang='lat' dir='ltr'><strong>terra,</strong></span> <span class='ocrx_word' id='word_1_53' title='bbox 2915 699 2977 736; x_wconf 86' lang='lat' dir='ltr'><strong>eo</strong></span> <span class='ocrx_word' id='word_1_54' title='bbox 3009 686 3180 754; x_wconf 80' lang='lat' dir='ltr'><strong>magis</strong></span> <span class='ocrx_word' id='word_1_55' title='bbox 3217 688 3499 744; x_wconf 78' lang='lat' dir='ltr'><strong>videbatur</strong></span> 
     </span>
    </p>
   </div>
   <div class='ocr_carea' id='block_1_10' title="bbox 251 760 1846 840">
    <p class='ocr_par' dir='ltr' id='par_1_10' title="bbox 251 760 1827 834">
     <span class='ocr_line' id='line_1_10' title="bbox 251 760 1827 834; baseline 0.004 -23"><span class='ocrx_word' id='word_1_56' title='bbox 251 760 429 813; x_wconf 83' lang='grc' dir='ltr'>ἐδόκει</span> <span class='ocrx_word' id='word_1_57' title='bbox 462 761 583 830; x_wconf 82' lang='grc' dir='ltr'><strong>Θεῷ</strong></span> <span class='ocrx_word' id='word_1_58' title='bbox 609 778 621 792; x_wconf 81' lang='lat'>&#39;</span> <span class='ocrx_word' id='word_1_59' title='bbox 655 765 769 826; x_wconf 74' lang='grc' dir='ltr'>καὶ,</span> <span class='ocrx_word' id='word_1_60' title='bbox 808 763 1007 816; x_wconf 75' lang='grc' dir='ltr'>Πολλαὶ</span> <span class='ocrx_word' id='word_1_61' title='bbox 1037 766 1092 817; x_wconf 81' lang='lat' dir='ltr'><strong>al</strong></span> <span class='ocrx_word' id='word_1_62' title='bbox 1127 766 1359 833; x_wconf 70' lang='grc' dir='ltr'>θλίψεις,</span> <span class='ocrx_word' id='word_1_63' title='bbox 1405 768 1578 834; x_wconf 78' lang='grc' dir='ltr'>ἔλεγε,</span> <span class='ocrx_word' id='word_1_64' title='bbox 1609 768 1719 820; x_wconf 84' lang='grc' dir='ltr'><strong>τῶν</strong></span> <span class='ocrx_word' id='word_1_65' title='bbox 1749 767 1827 818; x_wconf 76' lang='grc' dir='ltr'>δι-</span> 
     </span>
    </p>
   </div>
   <div class='ocr_carea' id='block_1_11' title="bbox 1915 760 3497 840">
    <p class='ocr_par' dir='ltr' id='par_1_11' title="bbox 1927 764 3497 840">
     <span class='ocr_line' id='line_1_11' title="bbox 1927 764 3497 840; baseline 0.011 -22"><span class='ocrx_word' id='word_1_66' title='bbox 1927 764 2035 819; x_wconf 91' lang='lat' dir='ltr'><strong>Deo</strong></span> <span class='ocrx_word' id='word_1_67' title='bbox 2059 782 2177 821; x_wconf 82' lang='lat' dir='ltr'><strong>esse</strong></span> <span class='ocrx_word' id='word_1_68' title='bbox 2196 770 2530 839; x_wconf 89' lang='lat' dir='ltr'><strong>propinquus</strong></span> <span class='ocrx_word' id='word_1_69' title='bbox 2556 789 2567 824; x_wconf 93' lang='lat'>:</span> <span class='ocrx_word' id='word_1_70' title='bbox 2590 780 2664 836; x_wconf 91' lang='lat' dir='ltr'><strong>et,</strong></span> <span class='ocrx_word' id='word_1_71' title='bbox 2693 771 2891 838; x_wconf 68' lang='lat' dir='ltr'><strong>Multae,</strong></span> <span class='ocrx_word' id='word_1_72' title='bbox 2918 775 3154 840; x_wconf 87' lang='lat' dir='ltr'><strong>dicebat,</strong></span> <span class='ocrx_word' id='word_1_73' title='bbox 3178 777 3497 836; x_wconf 78' lang='lat' dir='ltr'><strong>alﬂictiones</strong></span> 
     </span>
    </p>
   </div>
   <div class='ocr_carea' id='block_1_12' title="bbox 253 851 1824 925">
    <p class='ocr_par' dir='ltr' id='par_1_12' title="bbox 253 851 1824 925">
     <span class='ocr_line' id='line_1_12' title="bbox 253 851 1824 925; baseline 0.004 -21"><span class='ocrx_word' id='word_1_74' title='bbox 253 851 449 916; x_wconf 82' lang='grc' dir='ltr'><strong>καίων,</strong></span> <span class='ocrx_word' id='word_1_75' title='bbox 482 854 576 905; x_wconf 75' lang='grc' dir='ltr'>καὶ</span> <span class='ocrx_word' id='word_1_76' title='bbox 614 855 678 906; x_wconf 88' lang='grc' dir='ltr'><strong>ἐκ</strong></span> <span class='ocrx_word' id='word_1_77' title='bbox 710 853 899 907; x_wconf 83' lang='grc' dir='ltr'>πασῶν</span> <span class='ocrx_word' id='word_1_78' title='bbox 943 856 1122 908; x_wconf 82' lang='grc' dir='ltr'>αὐτῶν</span> <span class='ocrx_word' id='word_1_79' title='bbox 1154 857 1378 925; x_wconf 76' lang='grc' dir='ltr'>ῥύσεται</span> <span class='ocrx_word' id='word_1_80' title='bbox 1412 859 1607 920; x_wconf 81' lang='grc' dir='ltr'>αὐτοὺς</span> <span class='ocrx_word' id='word_1_81' title='bbox 1635 860 1662 910; x_wconf 99' lang='lat'><strong>6</strong></span> <span class='ocrx_word' id='word_1_82' title='bbox 1709 859 1824 910; x_wconf 82' lang='grc' dir='ltr'><strong>Κύ-</strong></span> 
     </span>
    </p>
   </div>
   <div class='ocr_carea' id='block_1_13' title="bbox 254 944 1818 1019">
    <p class='ocr_par' dir='ltr' id='par_1_13' title="bbox 254 944 1818 1019">
     <span class='ocr_line' id='line_1_13' title="bbox 254 944 1818 1019; baseline 0.004 -23"><span class='ocrx_word' id='word_1_83' title='bbox 254 961 394 1014; x_wconf 84' lang='grc' dir='ltr'>ριος.</span> <span class='ocrx_word' id='word_1_84' title='bbox 438 944 711 1009; x_wconf 84' lang='grc' dir='ltr'>Διονύσιος</span> <span class='ocrx_word' id='word_1_85' title='bbox 740 947 822 1013; x_wconf 83' lang='grc' dir='ltr'>δὲ,</span> <span class='ocrx_word' id='word_1_86' title='bbox 867 948 1067 1000; x_wconf 86' lang='grc' dir='ltr'>τούτων</span> <span class='ocrx_word' id='word_1_87' title='bbox 1091 948 1330 1012; x_wconf 81' lang='grc' dir='ltr'>ἀκούσας</span> <span class='ocrx_word' id='word_1_88' title='bbox 1357 991 1372 1016; x_wconf 94' lang='grc'><strong>,</strong></span> <span class='ocrx_word' id='word_1_89' title='bbox 1417 949 1481 1004; x_wconf 85' lang='grc' dir='ltr'><strong>Ἦ</strong></span> <span class='ocrx_word' id='word_1_90' title='bbox 1525 950 1727 1019; x_wconf 87' lang='grc' dir='ltr'>ματαία</span> <span class='ocrx_word' id='word_1_91' title='bbox 1763 966 1818 1002; x_wconf 92' lang='grc' dir='ltr'><strong>σε</strong></span> 
     </span>
    </p>
   </div>
   <div class='ocr_carea' id='block_1_14' title="bbox 250 1036 1820 1111">
    <p class='ocr_par' dir='ltr' id='par_1_14' title="bbox 250 1036 1820 1111">
     <span class='ocr_line' id='line_1_14' title="bbox 250 1036 1820 1111; baseline 0.004 -23"><span class='ocrx_word' id='word_1_92' title='bbox 250 1036 393 1105; x_wconf 78' lang='grc' dir='ltr'>αὕτη</span> <span class='ocrx_word' id='word_1_93' title='bbox 425 1039 600 1106; x_wconf 70' lang='grc' dir='ltr'>ἐλπὶς,</span> <span class='ocrx_word' id='word_1_94' title='bbox 634 1038 773 1105; x_wconf 77' lang='grc' dir='ltr'>εἷπε,</span> <span class='ocrx_word' id='word_1_95' title='bbox 812 1043 1112 1111; x_wconf 79' lang='grc' dir='ltr'><strong>Τρόφιμος,</strong></span> <span class='ocrx_word' id='word_1_96' title='bbox 1145 1043 1243 1094; x_wconf 79' lang='grc' dir='ltr'><strong>καὶ</strong></span> <span class='ocrx_word' id='word_1_97' title='bbox 1281 1043 1605 1110; x_wconf 85' lang='grc' dir='ltr'>κουφολογία</span> <span class='ocrx_word' id='word_1_98' title='bbox 1633 1045 1820 1106; x_wconf 81' lang='grc' dir='ltr'>κακῶς</span> 
     </span>
    </p>
   </div>
   <div class='ocr_carea' id='block_1_15' title="bbox 248 1127 1818 1201">
    <p class='ocr_par' dir='ltr' id='par_1_15' title="bbox 248 1127 1818 1201">
     <span class='ocr_line' id='line_1_15' title="bbox 248 1127 1818 1201; baseline 0.003 -21"><span class='ocrx_word' id='word_1_99' title='bbox 248 1127 462 1180; x_wconf 71' lang='grc' dir='ltr'>ἀπολεῖ*</span> <span class='ocrx_word' id='word_1_100' title='bbox 487 1131 569 1191; x_wconf 87' lang='grc' dir='ltr'><strong>τίς</strong></span> <span class='ocrx_word' id='word_1_101' title='bbox 609 1132 718 1201; x_wconf 85' lang='grc' dir='ltr'><strong>γάρ</strong></span> <span class='ocrx_word' id='word_1_102' title='bbox 746 1149 824 1185; x_wconf 85' lang='grc' dir='ltr'><strong>σοι</strong></span> <span class='ocrx_word' id='word_1_103' title='bbox 877 1132 967 1182; x_wconf 79' lang='grc' dir='ltr'>καὶ</span> <span class='ocrx_word' id='word_1_104' title='bbox 999 1132 1104 1183; x_wconf 57' lang='lat' dir='ltr'><strong>anu</strong></span> <span class='ocrx_word' id='word_1_105' title='bbox 1141 1132 1250 1184; x_wconf 88' lang='grc' dir='ltr'><strong>τῶν</strong></span> <span class='ocrx_word' id='word_1_106' title='bbox 1301 1131 1504 1183; x_wconf 74' lang='grc' dir='ltr'>ὀδυνῶν</span> <span class='ocrx_word' id='word_1_107' title='bbox 1548 1132 1667 1200; x_wconf 79' lang='grc' dir='ltr'>ἣξει</span> <span class='ocrx_word' id='word_1_108' title='bbox 1707 1132 1818 1184; x_wconf 81' lang='grc' dir='ltr'>τῶν</span> 
     </span>
    </p>
   </div>
   <div class='ocr_carea' id='block_1_16' title="bbox 248 1221 1814 1294">
    <p class='ocr_par' dir='ltr' id='par_1_16' title="bbox 248 1221 1814 1294">
     <span class='ocr_line' id='line_1_16' title="bbox 248 1221 1814 1294; baseline 0.003 -22"><span class='ocrx_word' id='word_1_109' title='bbox 248 1222 534 1287; x_wconf 87' lang='grc' dir='ltr'>παρόντων</span> <span class='ocrx_word' id='word_1_110' title='bbox 555 1226 850 1294; x_wconf 70' lang='grc' dir='ltr'><strong>ῥυσάμενος</strong></span> <span class='ocrx_word' id='word_1_111' title='bbox 869 1240 884 1290; x_wconf 88' lang='grc'><strong>;</strong></span> <span class='ocrx_word' id='word_1_112' title='bbox 902 1221 1018 1276; x_wconf 83' lang='grc' dir='ltr'>ἀλλ’</span> <span class='ocrx_word' id='word_1_113' title='bbox 1043 1223 1230 1286; x_wconf 83' lang='grc' dir='ltr'>ἐάσας,</span> <span class='ocrx_word' id='word_1_114' title='bbox 1252 1224 1522 1293; x_wconf 83' lang='grc' dir='ltr'><strong>παραινῶ,</strong></span> <span class='ocrx_word' id='word_1_115' title='bbox 1543 1224 1610 1276; x_wconf 84' lang='grc' dir='ltr'><strong>τὰ</strong></span> <span class='ocrx_word' id='word_1_116' title='bbox 1626 1224 1814 1289; x_wconf 81' lang='grc' dir='ltr'>πολλὰ,</span> 
     </span>
    </p>
   </div>
   <div class='ocr_carea' id='block_1_17' title="bbox 243 1312 1820 1384">
    <p class='ocr_par' dir='ltr' id='par_1_17' title="bbox 243 1312 1820 1384">
     <span class='ocr_line' id='line_1_17' title="bbox 243 1312 1820 1384; baseline 0.002 -21"><span class='ocrx_word' id='word_1_117' title='bbox 243 1313 341 1364; x_wconf 78' lang='grc' dir='ltr'>καὶ</span> <span class='ocrx_word' id='word_1_118' title='bbox 403 1315 501 1384; x_wconf 80' lang='grc' dir='ltr'><strong>τὴν</strong></span> <span class='ocrx_word' id='word_1_119' title='bbox 546 1315 708 1384; x_wconf 81' lang='grc' dir='ltr'>κενὴν</span> <span class='ocrx_word' id='word_1_120' title='bbox 739 1315 804 1383; x_wconf 80' lang='grc' dir='ltr'>ἢν</span> <span class='ocrx_word' id='word_1_121' title='bbox 840 1314 1016 1380; x_wconf 79' lang='grc' dir='ltr'>λέγεις</span> <span class='ocrx_word' id='word_1_122' title='bbox 1049 1312 1426 1383; x_wconf 81' lang='grc' dir='ltr'>εὐδαιμονίαν,</span> <span class='ocrx_word' id='word_1_123' title='bbox 1455 1313 1616 1365; x_wconf 78' lang='grc' dir='ltr'>θῦσον</span> <span class='ocrx_word' id='word_1_124' title='bbox 1650 1331 1820 1383; x_wconf 85' lang='grc' dir='ltr'>προσ-</span> 
     </span>
    </p>
   </div>
   <div class='ocr_carea' id='block_1_18' title="bbox 243 1403 1819 1477">
    <p class='ocr_par' dir='ltr' id='par_1_18' title="bbox 243 1403 1819 1477">
     <span class='ocr_line' id='line_1_18' title="bbox 243 1403 1819 1477; baseline 0.002 -22"><span class='ocrx_word' id='word_1_125' title='bbox 243 1403 416 1456; x_wconf 78' lang='grc' dir='ltr'>ελθὼν</span> <span class='ocrx_word' id='word_1_126' title='bbox 462 1408 569 1467; x_wconf 75' lang='grc' dir='ltr'>τοῖς</span> <span class='ocrx_word' id='word_1_127' title='bbox 604 1407 747 1469; x_wconf 81' lang='grc' dir='ltr'>θεοῖς</span> <span class='ocrx_word' id='word_1_128' title='bbox 779 1420 793 1433; x_wconf 86' lang='grc'>⁶</span> <span class='ocrx_word' id='word_1_129' title='bbox 821 1407 962 1459; x_wconf 73' lang='grc' dir='ltr'>οὕτω</span> <span class='ocrx_word' id='word_1_130' title='bbox 1001 1408 1109 1477; x_wconf 84' lang='grc' dir='ltr'><strong>γάρ</strong></span> <span class='ocrx_word' id='word_1_131' title='bbox 1169 1407 1233 1460; x_wconf 85' lang='grc' dir='ltr'><strong>ἂν</strong></span> <span class='ocrx_word' id='word_1_132' title='bbox 1271 1406 1439 1476; x_wconf 80' lang='grc' dir='ltr'>ὀνήσῃ</span> <span class='ocrx_word' id='word_1_133' title='bbox 1496 1408 1688 1459; x_wconf 81' lang='grc' dir='ltr'>σαυτὸν</span> <span class='ocrx_word' id='word_1_134' title='bbox 1725 1408 1819 1459; x_wconf 79' lang='grc' dir='ltr'><strong>καὶ</strong></span> 
     </span>
    </p>
   </div>
   <div class='ocr_carea' id='block_1_19' title="bbox 242 1498 1818 1569">
    <p class='ocr_par' dir='ltr' id='par_1_19' title="bbox 242 1498 1818 1569">
     <span class='ocr_line' id='line_1_19' title="bbox 242 1498 1818 1569; baseline 0.001 -19"><span class='ocrx_word' id='word_1_135' title='bbox 242 1499 346 1550; x_wconf 79' lang='grc' dir='ltr'>οὐκ</span> <span class='ocrx_word' id='word_1_136' title='bbox 398 1499 616 1561; x_wconf 75' lang='grc' dir='ltr'>ἄλλως,</span> <span class='ocrx_word' id='word_1_137' title='bbox 662 1500 817 1551; x_wconf 76' lang='grc' dir='ltr'>Ἐπεὶ</span> <span class='ocrx_word' id='word_1_138' title='bbox 890 1501 1062 1552; x_wconf 75' lang='grc' dir='ltr'>ταῦτα</span> <span class='ocrx_word' id='word_1_139' title='bbox 1126 1499 1289 1569; x_wconf 74' lang='grc' dir='ltr'>ψόφοι</span> <span class='ocrx_word' id='word_1_140' title='bbox 1346 1501 1504 1569; x_wconf 83' lang='grc' dir='ltr'>μόνον</span> <span class='ocrx_word' id='word_1_141' title='bbox 1554 1499 1660 1551; x_wconf 74' lang='grc' dir='ltr'>εἰσὶ</span> <span class='ocrx_word' id='word_1_142' title='bbox 1709 1498 1818 1551; x_wconf 81' lang='grc' dir='ltr'>τῶν</span> 
     </span>
    </p>
   </div>
   <div class='ocr_carea' id='block_1_20' title="bbox 1918 856 3486 928">
    <p class='ocr_par' dir='ltr' id='par_1_20' title="bbox 1918 856 3486 928">
     <span class='ocr_line' id='line_1_20' title="bbox 1918 856 3486 928; baseline 0.012 -19"><span class='ocrx_word' id='word_1_143' title='bbox 1918 856 2211 925; x_wconf 89' lang='lat' dir='ltr'><strong>justorum,</strong></span> <span class='ocrx_word' id='word_1_144' title='bbox 2235 868 2287 912; x_wconf 87' lang='lat' dir='ltr'><strong>et</strong></span> <span class='ocrx_word' id='word_1_145' title='bbox 2304 875 2369 913; x_wconf 77' lang='lat' dir='ltr'><strong>ex</strong></span> <span class='ocrx_word' id='word_1_146' title='bbox 2393 861 2470 914; x_wconf 88' lang='lat' dir='ltr'><strong>eis</strong></span> <span class='ocrx_word' id='word_1_147' title='bbox 2492 864 2745 917; x_wconf 92' lang='lat' dir='ltr'><strong>omnibus</strong></span> <span class='ocrx_word' id='word_1_148' title='bbox 2768 865 3018 919; x_wconf 90' lang='lat' dir='ltr'><strong>liberabit</strong></span> <span class='ocrx_word' id='word_1_149' title='bbox 3044 883 3137 921; x_wconf 92' lang='lat' dir='ltr'><strong>eos</strong></span> <span class='ocrx_word' id='word_1_150' title='bbox 3160 868 3420 925; x_wconf 86' lang='lat' dir='ltr'><strong>Dominus</strong></span> <span class='ocrx_word' id='word_1_151' title='bbox 3443 876 3486 928; x_wconf 84' lang='grc'><strong>¹.</strong></span> 
     </span>
    </p>
   </div>
   <div class='ocr_carea' id='block_1_21' title="bbox 1923 947 3495 1030">
    <p class='ocr_par' dir='ltr' id='par_1_21' title="bbox 1923 947 3495 1030">
     <span class='ocr_line' id='line_1_21' title="bbox 1923 947 3495 1030; baseline 0.01 -30"><span class='ocrx_word' id='word_1_152' title='bbox 1923 947 2213 1018; x_wconf 86' lang='lat' dir='ltr'><strong>Dionysius</strong></span> <span class='ocrx_word' id='word_1_153' title='bbox 2233 959 2410 1003; x_wconf 89' lang='lat' dir='ltr'><strong>autem</strong></span> <span class='ocrx_word' id='word_1_154' title='bbox 2435 966 2556 1006; x_wconf 90' lang='lat' dir='ltr'><strong>cum</strong></span> <span class='ocrx_word' id='word_1_155' title='bbox 2584 953 2698 1008; x_wconf 45' lang='lat' dir='ltr'><strong>haec</strong></span> <span class='ocrx_word' id='word_1_156' title='bbox 2723 955 3022 1010; x_wconf 82' lang='lat' dir='ltr'><strong>audivisset</strong></span> <span class='ocrx_word' id='word_1_157' title='bbox 3051 976 3063 1012; x_wconf 93' lang='lat'>:</span> <span class='ocrx_word' id='word_1_158' title='bbox 3095 959 3239 1012; x_wconf 85' lang='lat' dir='ltr'><strong>Vana</strong></span> <span class='ocrx_word' id='word_1_159' title='bbox 3268 970 3320 1014; x_wconf 88' lang='lat' dir='ltr'><strong>te</strong></span> <span class='ocrx_word' id='word_1_160' title='bbox 3347 977 3495 1030; x_wconf 86' lang='lat' dir='ltr'><strong>spes,</strong></span> 
     </span>
    </p>
   </div>
   <div class='ocr_carea' id='block_1_22' title="bbox 1923 1035 3485 1118">
    <p class='ocr_par' dir='ltr' id='par_1_22' title="bbox 1923 1035 3485 1118">
     <span class='ocr_line' id='line_1_22' title="bbox 1923 1035 3485 1118; baseline 0.011 -29"><span class='ocrx_word' id='word_1_161' title='bbox 1923 1035 2118 1106; x_wconf 88' lang='lat' dir='ltr'><strong>inquit,</strong></span> <span class='ocrx_word' id='word_1_162' title='bbox 2151 1039 2468 1109; x_wconf 87' lang='lat' dir='ltr'><strong>Trophime,</strong></span> <span class='ocrx_word' id='word_1_163' title='bbox 2500 1050 2554 1096; x_wconf 91' lang='lat' dir='ltr'><strong>et</strong></span> <span class='ocrx_word' id='word_1_164' title='bbox 2594 1042 2729 1098; x_wconf 87' lang='lat' dir='ltr'><strong>levis</strong></span> <span class='ocrx_word' id='word_1_165' title='bbox 2754 1045 3010 1112; x_wconf 81' lang='lat' dir='ltr'><strong>cogitatio</strong></span> <span class='ocrx_word' id='word_1_166' title='bbox 3037 1050 3176 1103; x_wconf 88' lang='lat' dir='ltr'><strong>male</strong></span> <span class='ocrx_word' id='word_1_167' title='bbox 3219 1053 3485 1118; x_wconf 88' lang='lat' dir='ltr'><strong>perdunt.</strong></span> 
     </span>
    </p>
   </div>
   <div class='ocr_carea' id='block_1_23' title="bbox 1921 1125 3498 1205">
    <p class='ocr_par' dir='ltr' id='par_1_23' title="bbox 1921 1125 3498 1205">
     <span class='ocr_line' id='line_1_23' title="bbox 1921 1125 3498 1205; baseline 0.011 -25"><span class='ocrx_word' id='word_1_168' title='bbox 1921 1125 2051 1188; x_wconf 85' lang='lat' dir='ltr'><strong>Quis</strong></span> <span class='ocrx_word' id='word_1_169' title='bbox 2080 1130 2226 1182; x_wconf 90' lang='lat' dir='ltr'><strong>enim</strong></span> <span class='ocrx_word' id='word_1_170' title='bbox 2258 1131 2323 1183; x_wconf 90' lang='lat' dir='ltr'><strong>ad</strong></span> <span class='ocrx_word' id='word_1_171' title='bbox 2349 1139 2400 1184; x_wconf 91' lang='lat' dir='ltr'><strong>te</strong></span> <span class='ocrx_word' id='word_1_172' title='bbox 2431 1131 2611 1186; x_wconf 84' lang='lat' dir='ltr'><strong>veniet</strong></span> <span class='ocrx_word' id='word_1_173' title='bbox 2633 1148 2662 1186; x_wconf 89' lang='lat' dir='ltr'><strong>e</strong></span> <span class='ocrx_word' id='word_1_174' title='bbox 2687 1135 2859 1199; x_wconf 72' lang='lat' dir='ltr'><strong>cmlis,</strong></span> <span class='ocrx_word' id='word_1_175' title='bbox 2888 1151 2916 1189; x_wconf 91' lang='lat' dir='ltr'><strong>a</strong></span> <span class='ocrx_word' id='word_1_176' title='bbox 2947 1140 3308 1205; x_wconf 64' lang='lat' dir='ltr'><strong>praesentibus</strong></span> <span class='ocrx_word' id='word_1_177' title='bbox 3342 1143 3498 1197; x_wconf 84' lang='lat' dir='ltr'><strong>malis</strong></span> 
     </span>
    </p>
   </div>
   <div class='ocr_carea' id='block_1_24' title="bbox 1919 1218 3496 1293">
    <p class='ocr_par' dir='ltr' id='par_1_24' title="bbox 1919 1218 3496 1293">
     <span class='ocr_line' id='line_1_24' title="bbox 1919 1218 3496 1293; baseline 0.011 -23"><span class='ocrx_word' id='word_1_178' title='bbox 1919 1218 2284 1275; x_wconf 85' lang='lat' dir='ltr'><strong>liberaturus?</strong></span> <span class='ocrx_word' id='word_1_179' title='bbox 2310 1220 2415 1277; x_wconf 90' lang='lat' dir='ltr'><strong>Sed</strong></span> <span class='ocrx_word' id='word_1_180' title='bbox 2461 1229 2652 1289; x_wconf 85' lang='lat' dir='ltr'><strong>multa,</strong></span> <span class='ocrx_word' id='word_1_181' title='bbox 2695 1226 2787 1279; x_wconf 89' lang='lat' dir='ltr'><strong>tibi</strong></span> <span class='ocrx_word' id='word_1_182' title='bbox 2828 1229 3048 1293; x_wconf 80' lang='lat' dir='ltr'><strong>suadeo,</strong></span> <span class='ocrx_word' id='word_1_183' title='bbox 3104 1235 3266 1285; x_wconf 88' lang='lat' dir='ltr'><strong>verba</strong></span> <span class='ocrx_word' id='word_1_184' title='bbox 3307 1233 3496 1288; x_wconf 90' lang='lat' dir='ltr'><strong>dimit-</strong></span> 
     </span>
    </p>
   </div>
   <div class='ocr_carea' id='block_1_25' title="bbox 1921 1318 3496 1386">
    <p class='ocr_par' dir='ltr' id='par_1_25' title="bbox 1921 1318 3496 1386">
     <span class='ocr_line' id='line_1_25' title="bbox 1921 1318 3496 1386; baseline 0.011 -24"><span class='ocrx_word' id='word_1_185' title='bbox 1921 1318 2063 1374; x_wconf 89' lang='lat' dir='ltr'><strong>tens,</strong></span> <span class='ocrx_word' id='word_1_186' title='bbox 2110 1320 2165 1366; x_wconf 89' lang='lat' dir='ltr'><strong>et</strong></span> <span class='ocrx_word' id='word_1_187' title='bbox 2199 1329 2416 1377; x_wconf 89' lang='lat' dir='ltr'><strong>vanam,</strong></span> <span class='ocrx_word' id='word_1_188' title='bbox 2447 1331 2606 1384; x_wconf 91' lang='lat' dir='ltr'><strong>quam</strong></span> <span class='ocrx_word' id='word_1_189' title='bbox 2650 1318 2807 1384; x_wconf 90' lang='lat' dir='ltr'><strong>dicis,</strong></span> <span class='ocrx_word' id='word_1_190' title='bbox 2850 1319 3184 1386; x_wconf 80' lang='lat' dir='ltr'><strong>felicitatem,</strong></span> <span class='ocrx_word' id='word_1_191' title='bbox 3229 1325 3496 1381; x_wconf 83' lang='lat' dir='ltr'><strong>accedens</strong></span> 
     </span>
    </p>
   </div>
   <div class='ocr_carea' id='block_1_26' title="bbox 1921 1400 3491 1478">
    <p class='ocr_par' dir='ltr' id='par_1_26' title="bbox 1921 1400 3491 1478">
     <span class='ocr_line' id='line_1_26' title="bbox 1921 1400 3491 1478; baseline 0.01 -24"><span class='ocrx_word' id='word_1_192' title='bbox 1921 1400 2021 1454; x_wconf 88' lang='lat' dir='ltr'><strong>diis</strong></span> <span class='ocrx_word' id='word_1_193' title='bbox 2060 1403 2326 1460; x_wconf 83' lang='lat' dir='ltr'><strong>sacrifica.</strong></span> <span class='ocrx_word' id='word_1_194' title='bbox 2361 1404 2450 1459; x_wconf 90' lang='lat' dir='ltr'><strong>Sic</strong></span> <span class='ocrx_word' id='word_1_195' title='bbox 2483 1407 2629 1461; x_wconf 91' lang='lat' dir='ltr'><strong>enim</strong></span> <span class='ocrx_word' id='word_1_196' title='bbox 2662 1409 2756 1462; x_wconf 91' lang='lat' dir='ltr'><strong>tibi</strong></span> <span class='ocrx_word' id='word_1_197' title='bbox 2789 1411 3057 1478; x_wconf 89' lang='lat' dir='ltr'><strong>proderis,</strong></span> <span class='ocrx_word' id='word_1_198' title='bbox 3086 1424 3140 1468; x_wconf 82' lang='lat' dir='ltr'><strong>et</strong></span> <span class='ocrx_word' id='word_1_199' title='bbox 3167 1430 3275 1467; x_wconf 91' lang='lat' dir='ltr'><strong>non</strong></span> <span class='ocrx_word' id='word_1_200' title='bbox 3312 1417 3491 1471; x_wconf 88' lang='lat' dir='ltr'><strong>aliter.</strong></span> 
     </span>
    </p>
   </div>
   <div class='ocr_carea' id='block_1_27' title="bbox 1915 1489 3497 1571">
    <p class='ocr_par' dir='ltr' id='par_1_27' title="bbox 1915 1489 3497 1571">
     <span class='ocr_line' id='line_1_27' title="bbox 1915 1489 3497 1571; baseline 0.013 -28"><span class='ocrx_word' id='word_1_201' title='bbox 1915 1489 2051 1546; x_wconf 86' lang='lat' dir='ltr'><strong>Nam</strong></span> <span class='ocrx_word' id='word_1_202' title='bbox 2087 1494 2200 1548; x_wconf 65' lang='lat' dir='ltr'><strong>hanc</strong></span> <span class='ocrx_word' id='word_1_203' title='bbox 2227 1504 2355 1552; x_wconf 83' lang='lat' dir='ltr'><strong>sunt</strong></span> <span class='ocrx_word' id='word_1_204' title='bbox 2394 1498 2573 1552; x_wconf 92' lang='lat' dir='ltr'><strong>solum</strong></span> <span class='ocrx_word' id='word_1_205' title='bbox 2609 1502 2890 1568; x_wconf 85' lang='lat' dir='ltr'><strong>strepitus,</strong></span> <span class='ocrx_word' id='word_1_206' title='bbox 2929 1505 3018 1571; x_wconf 88' lang='lat' dir='ltr'><strong>qui</strong></span> <span class='ocrx_word' id='word_1_207' title='bbox 3052 1505 3413 1561; x_wconf 73' lang='lat' dir='ltr'><strong>effunduntur</strong></span> <span class='ocrx_word' id='word_1_208' title='bbox 3441 1509 3497 1563; x_wconf 88' lang='lat' dir='ltr'><strong>in</strong></span> 
     </span>
    </p>
   </div>
   <div class='ocr_carea' id='block_1_28' title="bbox 242 1585 1846 1666">
    <p class='ocr_par' dir='ltr' id='par_1_28' title="bbox 242 1586 1815 1658">
     <span class='ocr_line' id='line_1_28' title="bbox 242 1586 1815 1658; baseline 0.003 -21"><span class='ocrx_word' id='word_1_209' title='bbox 242 1586 398 1638; x_wconf 83' lang='grc' dir='ltr'>ὢτων</span> <span class='ocrx_word' id='word_1_210' title='bbox 430 1589 844 1658; x_wconf 75' lang='grc' dir='ltr'>καταχεόμενοι.</span> <span class='ocrx_word' id='word_1_211' title='bbox 878 1589 1110 1643; x_wconf 86' lang='grc' dir='ltr'>Τούτων</span> <span class='ocrx_word' id='word_1_212' title='bbox 1169 1593 1374 1651; x_wconf 80' lang='grc' dir='ltr'>ἐκεῖνος</span> <span class='ocrx_word' id='word_1_213' title='bbox 1408 1588 1623 1642; x_wconf 82' lang='grc' dir='ltr'>ἀκούων</span> <span class='ocrx_word' id='word_1_214' title='bbox 1651 1607 1815 1642; x_wconf 87' lang='grc' dir='ltr'>κατε-</span> 
     </span>
    </p>
   </div>
   <div class='ocr_carea' id='block_1_29' title="bbox 1915 1585 3495 1666">
    <p class='ocr_par' dir='ltr' id='par_1_29' title="bbox 1915 1585 3495 1666">
     <span class='ocr_line' id='line_1_29' title="bbox 1915 1585 3495 1666; baseline 0.011 -30"><span class='ocrx_word' id='word_1_215' title='bbox 1915 1597 2092 1637; x_wconf 88' lang='lat' dir='ltr'><strong>aures.</strong></span> <span class='ocrx_word' id='word_1_216' title='bbox 2124 1585 2217 1638; x_wconf 86' lang='lat' dir='ltr'><strong>His</strong></span> <span class='ocrx_word' id='word_1_217' title='bbox 2249 1585 2337 1639; x_wconf 89' lang='lat' dir='ltr'><strong>ille</strong></span> <span class='ocrx_word' id='word_1_218' title='bbox 2386 1588 2608 1651; x_wconf 78' lang='lat' dir='ltr'><strong>auditis,</strong></span> <span class='ocrx_word' id='word_1_219' title='bbox 2646 1590 2905 1646; x_wconf 84' lang='lat' dir='ltr'><strong>irridebat</strong></span> <span class='ocrx_word' id='word_1_220' title='bbox 2953 1595 3198 1662; x_wconf 65' lang='lat' dir='ltr'><strong>praesidis</strong></span> <span class='ocrx_word' id='word_1_221' title='bbox 3230 1598 3495 1666; x_wconf 83' lang='lat' dir='ltr'><strong>improbi-</strong></span> 
     </span>
    </p>
   </div>
   <div class='ocr_carea' id='block_1_30' title="bbox 240 1675 1846 1760">
    <p class='ocr_par' dir='ltr' id='par_1_30' title="bbox 240 1678 1814 1751">
     <span class='ocr_line' id='line_1_30' title="bbox 240 1678 1814 1751; baseline 0.003 -21"><span class='ocrx_word' id='word_1_222' title='bbox 240 1678 377 1746; x_wconf 80' lang='grc' dir='ltr'>γέλα</span> <span class='ocrx_word' id='word_1_223' title='bbox 403 1681 499 1748; x_wconf 77' lang='grc' dir='ltr'><strong>τῆς</strong></span> <span class='ocrx_word' id='word_1_224' title='bbox 525 1681 618 1733; x_wconf 84' lang='grc' dir='ltr'><strong>τού</strong></span> <span class='ocrx_word' id='word_1_225' title='bbox 636 1681 906 1751; x_wconf 76' lang='grc' dir='ltr'>ἡγεμόνος</span> <span class='ocrx_word' id='word_1_226' title='bbox 931 1682 1282 1749; x_wconf 86' lang='grc' dir='ltr'>κακουργίας.</span> <span class='ocrx_word' id='word_1_227' title='bbox 1311 1681 1418 1734; x_wconf 79' lang='grc' dir='ltr'>Καὶ</span> <span class='ocrx_word' id='word_1_228' title='bbox 1443 1685 1544 1733; x_wconf 79' lang='grc' dir='ltr'>οὑκ</span> <span class='ocrx_word' id='word_1_229' title='bbox 1574 1681 1638 1734; x_wconf 83' lang='grc' dir='ltr'>ἄν</span> <span class='ocrx_word' id='word_1_230' title='bbox 1666 1699 1814 1748; x_wconf 90' lang='grc' dir='ltr'>ποτε,</span> 
     </span>
    </p>
   </div>
   <div class='ocr_carea' id='block_1_31' title="bbox 1915 1675 3494 1760">
    <p class='ocr_par' dir='ltr' id='par_1_31' title="bbox 1918 1675 3494 1760">
     <span class='ocr_line' id='line_1_31' title="bbox 1918 1675 3494 1760; baseline 0.012 -34"><span class='ocrx_word' id='word_1_231' title='bbox 1918 1681 2102 1738; x_wconf 85' lang='lat' dir='ltr'><strong>tatem,</strong></span> <span class='ocrx_word' id='word_1_232' title='bbox 2124 1687 2180 1730; x_wconf 91' lang='lat' dir='ltr'><strong>et</strong></span> <span class='ocrx_word' id='word_1_233' title='bbox 2199 1696 2211 1730; x_wconf 87' lang='lat'><strong>:</strong></span> <span class='ocrx_word' id='word_1_234' title='bbox 2229 1675 2536 1748; x_wconf 79' lang='lat' dir='ltr'><strong>Nunquam,</strong></span> <span class='ocrx_word' id='word_1_235' title='bbox 2560 1681 2757 1744; x_wconf 88' lang='lat' dir='ltr'><strong>aiebat,</strong></span> <span class='ocrx_word' id='word_1_236' title='bbox 2780 1700 2811 1736; x_wconf 90' lang='grc' dir='ltr'><strong>ο</strong></span> <span class='ocrx_word' id='word_1_237' title='bbox 2831 1684 3073 1756; x_wconf 85' lang='lat' dir='ltr'><strong>Dionysi,</strong></span> <span class='ocrx_word' id='word_1_238' title='bbox 3094 1688 3218 1741; x_wconf 91' lang='lat' dir='ltr'><strong>dum</strong></span> <span class='ocrx_word' id='word_1_239' title='bbox 3242 1703 3336 1743; x_wconf 86' lang='lat' dir='ltr'><strong>ero</strong></span> <span class='ocrx_word' id='word_1_240' title='bbox 3353 1692 3494 1760; x_wconf 83' lang='lat' dir='ltr'><strong>apud</strong></span> 
     </span>
    </p>
   </div>
   <div class='ocr_carea' id='block_1_32' title="bbox 240 1767 1846 1851">
    <p class='ocr_par' dir='ltr' id='par_1_32' title="bbox 240 1767 1816 1842">
     <span class='ocr_line' id='line_1_32' title="bbox 240 1767 1816 1842; baseline 0.004 -21"><span class='ocrx_word' id='word_1_241' title='bbox 240 1767 413 1834; x_wconf 83' lang='grc' dir='ltr'>εἶπεν,</span> <span class='ocrx_word' id='word_1_242' title='bbox 448 1775 504 1823; x_wconf 75' lang='grc' dir='ltr'><strong>ἐν</strong></span> <span class='ocrx_word' id='word_1_243' title='bbox 531 1773 775 1842; x_wconf 79' lang='grc' dir='ltr'>ἐμαυτῷ,</span> <span class='ocrx_word' id='word_1_244' title='bbox 806 1773 1070 1836; x_wconf 84' lang='grc' dir='ltr'>Διονύσιε,</span> <span class='ocrx_word' id='word_1_245' title='bbox 1099 1771 1193 1835; x_wconf 82' lang='grc' dir='ltr'><strong>ὢν,</strong></span> <span class='ocrx_word' id='word_1_246' title='bbox 1223 1773 1314 1823; x_wconf 86' lang='grc' dir='ltr'><strong>τὸν</strong></span> <span class='ocrx_word' id='word_1_247' title='bbox 1349 1773 1480 1841; x_wconf 80' lang='grc' dir='ltr'>ἐμὸν</span> <span class='ocrx_word' id='word_1_248' title='bbox 1539 1773 1693 1839; x_wconf 80' lang='grc' dir='ltr'>Θεὸν,</span> <span class='ocrx_word' id='word_1_249' title='bbox 1725 1774 1816 1828; x_wconf 83' lang='grc' dir='ltr'><strong>τὸν</strong></span> 
     </span>
    </p>
   </div>
   <div class='ocr_carea' id='block_1_33' title="bbox 1915 1767 3492 1851">
    <p class='ocr_par' dir='ltr' id='par_1_33' title="bbox 1915 1771 3492 1851">
     <span class='ocr_line' id='line_1_33' title="bbox 1915 1771 3492 1851; baseline 0.011 -31"><span class='ocrx_word' id='word_1_250' title='bbox 1915 1782 2025 1831; x_wconf 89' lang='lat' dir='ltr'><strong>me,</strong></span> <span class='ocrx_word' id='word_1_251' title='bbox 2054 1784 2233 1823; x_wconf 91' lang='lat' dir='ltr'><strong>meum</strong></span> <span class='ocrx_word' id='word_1_252' title='bbox 2260 1771 2449 1835; x_wconf 89' lang='lat' dir='ltr'><strong>Deum,</strong></span> <span class='ocrx_word' id='word_1_253' title='bbox 2477 1774 2566 1841; x_wconf 86' lang='lat' dir='ltr'><strong>qui</strong></span> <span class='ocrx_word' id='word_1_254' title='bbox 2591 1785 2671 1828; x_wconf 90' lang='lat' dir='ltr'><strong>est</strong></span> <span class='ocrx_word' id='word_1_255' title='bbox 2696 1792 2856 1828; x_wconf 86' lang='lat' dir='ltr'><strong>verus</strong></span> <span class='ocrx_word' id='word_1_256' title='bbox 2883 1785 2936 1829; x_wconf 86' lang='lat' dir='ltr'><strong>et</strong></span> <span class='ocrx_word' id='word_1_257' title='bbox 2957 1781 3131 1844; x_wconf 89' lang='lat' dir='ltr'><strong>vivus,</strong></span> <span class='ocrx_word' id='word_1_258' title='bbox 3158 1785 3492 1851; x_wconf 76' lang='lat' dir='ltr'><strong>negaverim.</strong></span> 
     </span>
    </p>
   </div>
   <div class='ocr_carea' id='block_1_34' title="bbox 239 1855 1846 1938">
    <p class='ocr_par' dir='ltr' id='par_1_34' title="bbox 239 1858 1814 1934">
     <span class='ocr_line' id='line_1_34' title="bbox 239 1858 1814 1934; baseline 0.001 -21"><span class='ocrx_word' id='word_1_259' title='bbox 239 1862 442 1928; x_wconf 77' lang='grc' dir='ltr'>ζῶντα,</span> <span class='ocrx_word' id='word_1_260' title='bbox 471 1864 561 1915; x_wconf 86' lang='grc' dir='ltr'><strong>τὸν</strong></span> <span class='ocrx_word' id='word_1_261' title='bbox 585 1865 780 1934; x_wconf 80' lang='grc' dir='ltr'>ἀληθῆ,</span> <span class='ocrx_word' id='word_1_262' title='bbox 806 1862 1169 1933; x_wconf 82' lang='grc' dir='ltr'>ἀρνησαίμην.</span> <span class='ocrx_word' id='word_1_263' title='bbox 1207 1863 1378 1931; x_wconf 80' lang='grc' dir='ltr'>Εἴπερ</span> <span class='ocrx_word' id='word_1_264' title='bbox 1432 1858 1526 1915; x_wconf 79' lang='grc' dir='ltr'>οὖν</span> <span class='ocrx_word' id='word_1_265' title='bbox 1581 1880 1663 1915; x_wconf 84' lang='grc' dir='ltr'><strong>σοι</strong></span> <span class='ocrx_word' id='word_1_266' title='bbox 1721 1864 1814 1916; x_wconf 78' lang='grc' dir='ltr'><strong>καὶ</strong></span> 
     </span>
    </p>
   </div>
   <div class='ocr_carea' id='block_1_35' title="bbox 1915 1855 3496 1938">
    <p class='ocr_par' dir='ltr' id='par_1_35' title="bbox 1917 1855 3496 1938">
     <span class='ocr_line' id='line_1_35' title="bbox 1917 1855 3496 1938; baseline 0.014 -30"><span class='ocrx_word' id='word_1_267' title='bbox 1917 1855 1970 1908; x_wconf 88' lang='lat' dir='ltr'><strong>Si</strong></span> <span class='ocrx_word' id='word_1_268' title='bbox 1995 1865 2076 1911; x_wconf 85' lang='lat' dir='ltr'><strong>est</strong></span> <span class='ocrx_word' id='word_1_269' title='bbox 2103 1861 2346 1928; x_wconf 82' lang='lat' dir='ltr'><strong>ergotibi</strong></span> <span class='ocrx_word' id='word_1_270' title='bbox 2375 1861 2532 1918; x_wconf 80' lang='lat' dir='ltr'><strong>facile</strong></span> <span class='ocrx_word' id='word_1_271' title='bbox 2556 1866 2947 1921; x_wconf 86' lang='lat' dir='ltr'><strong>transformare</strong></span> <span class='ocrx_word' id='word_1_272' title='bbox 2974 1869 3244 1938; x_wconf 87' lang='lat' dir='ltr'><strong>homines,</strong></span> <span class='ocrx_word' id='word_1_273' title='bbox 3273 1884 3329 1927; x_wconf 91' lang='lat' dir='ltr'><strong>et</strong></span> <span class='ocrx_word' id='word_1_274' title='bbox 3363 1874 3496 1931; x_wconf 84' lang='lat' dir='ltr'><strong>alios</strong></span> 
     </span>
    </p>
   </div>
   <div class='ocr_carea' id='block_1_36' title="bbox 241 1954 1815 2025">
    <p class='ocr_par' dir='ltr' id='par_1_36' title="bbox 241 1954 1815 2025">
     <span class='ocr_line' id='line_1_36' title="bbox 241 1954 1815 2025; baseline -0.001 -18"><span class='ocrx_word' id='word_1_275' title='bbox 241 1956 582 2024; x_wconf 77' lang='grc' dir='ltr'>μεταπλάττε</span> <span class='ocrx_word' id='word_1_276' title='bbox 596 1973 643 2007; x_wconf 88' lang='grc' dir='ltr'><strong>ιν</strong></span> <span class='ocrx_word' id='word_1_277' title='bbox 662 1954 978 2025; x_wconf 76' lang='grc' dir='ltr'>ἀνθρώπους</span> <span class='ocrx_word' id='word_1_278' title='bbox 1006 1955 1186 2025; x_wconf 73' lang='grc' dir='ltr'>ῥᾴδιον</span> <span class='ocrx_word' id='word_1_279' title='bbox 1202 1994 1217 2020; x_wconf 87' lang='grc'><strong>,</strong></span> <span class='ocrx_word' id='word_1_280' title='bbox 1241 1957 1334 2007; x_wconf 70' lang='grc' dir='ltr'><strong>καὶ</strong></span> <span class='ocrx_word' id='word_1_281' title='bbox 1355 1954 1545 2018; x_wconf 74' lang='grc' dir='ltr'>ἄλλους</span> <span class='ocrx_word' id='word_1_282' title='bbox 1566 1954 1625 2018; x_wconf 76' lang='grc' dir='ltr'><strong>ἐξ</strong></span> <span class='ocrx_word' id='word_1_283' title='bbox 1643 1954 1815 2006; x_wconf 75' lang='grc' dir='ltr'>ἄλλων</span> 
     </span>
    </p>
   </div>
   <div class='ocr_carea' id='block_1_37' title="bbox 238 2044 1815 2116">
    <p class='ocr_par' dir='ltr' id='par_1_37' title="bbox 238 2044 1815 2116">
     <span class='ocr_line' id='line_1_37' title="bbox 238 2044 1815 2116; baseline 0.001 -20"><span class='ocrx_word' id='word_1_284' title='bbox 238 2049 433 2110; x_wconf 79' lang='grc' dir='ltr'>ποιεῖν,</span> <span class='ocrx_word' id='word_1_285' title='bbox 469 2047 740 2116; x_wconf 78' lang='grc' dir='ltr'>προσδόκα</span> <span class='ocrx_word' id='word_1_286' title='bbox 791 2063 844 2098; x_wconf 89' lang='grc' dir='ltr'><strong>τι</strong></span> <span class='ocrx_word' id='word_1_287' title='bbox 887 2044 1015 2116; x_wconf 76' lang='grc' dir='ltr'>παρ’</span> <span class='ocrx_word' id='word_1_288' title='bbox 1072 2045 1206 2116; x_wconf 81' lang='grc' dir='ltr'>ἐμοῦ</span> <span class='ocrx_word' id='word_1_289' title='bbox 1239 2047 1332 2099; x_wconf 74' lang='grc' dir='ltr'><strong>καὶ</strong></span> <span class='ocrx_word' id='word_1_290' title='bbox 1392 2047 1500 2098; x_wconf 80' lang='grc' dir='ltr'><strong>τῶν</strong></span> <span class='ocrx_word' id='word_1_291' title='bbox 1555 2046 1815 2098; x_wconf 73' lang='grc' dir='ltr'>ἐναντίων</span> 
     </span>
    </p>
   </div>
   <div class='ocr_carea' id='block_1_38' title="bbox 239 2138 1813 2210">
    <p class='ocr_par' dir='ltr' id='par_1_38' title="bbox 239 2138 1813 2210">
     <span class='ocr_line' id='line_1_38' title="bbox 239 2138 1813 2210; baseline -0.002 -17"><span class='ocrx_word' id='word_1_292' title='bbox 239 2140 368 2202; x_wconf 75' lang='grc' dir='ltr'>ἴσως</span> <span class='ocrx_word' id='word_1_293' title='bbox 397 2140 647 2191; x_wconf 67' lang='grc' dir='ltr'>ἀκοῦσαν</span> <span class='ocrx_word' id='word_1_294' title='bbox 678 2139 751 2202; x_wconf 85' lang='grc' dir='ltr'>ὡς</span> <span class='ocrx_word' id='word_1_295' title='bbox 779 2139 952 2208; x_wconf 72' lang='grc' dir='ltr'>ἔγωγε</span> <span class='ocrx_word' id='word_1_296' title='bbox 979 2143 1005 2192; x_wconf 90' lang='lat'><strong>6</strong></span> <span class='ocrx_word' id='word_1_297' title='bbox 1033 2139 1194 2203; x_wconf 72' lang='grc' dir='ltr'>αὐτὸς</span> <span class='ocrx_word' id='word_1_298' title='bbox 1223 2139 1501 2210; x_wconf 80' lang='grc' dir='ltr'>Τρόφιμος</span> <span class='ocrx_word' id='word_1_299' title='bbox 1527 2138 1813 2210; x_wconf 81' lang='grc' dir='ltr'>ὑπάρχων,</span> 
     </span>
    </p>
   </div>
   <div class='ocr_carea' id='block_1_39' title="bbox 234 2228 1814 2300">
    <p class='ocr_par' dir='ltr' id='par_1_39' title="bbox 234 2228 1814 2300">
     <span class='ocr_line' id='line_1_39' title="bbox 234 2228 1814 2300; baseline -0.001 -18"><span class='ocrx_word' id='word_1_300' title='bbox 234 2229 427 2300; x_wconf 82' lang='grc' dir='ltr'>ὥσπερ</span> <span class='ocrx_word' id='word_1_301' title='bbox 459 2229 522 2299; x_wconf 79' lang='grc' dir='ltr'>δὴ</span> <span class='ocrx_word' id='word_1_302' title='bbox 554 2235 648 2282; x_wconf 74' lang='grc' dir='ltr'><strong>καὶ</strong></span> <span class='ocrx_word' id='word_1_303' title='bbox 685 2228 781 2283; x_wconf 80' lang='grc' dir='ltr'>νῦν</span> <span class='ocrx_word' id='word_1_304' title='bbox 807 2233 946 2300; x_wconf 76' lang='grc' dir='ltr'>εἰμι,</span> <span class='ocrx_word' id='word_1_305' title='bbox 993 2232 1184 2284; x_wconf 80' lang='grc' dir='ltr'>θᾶττον</span> <span class='ocrx_word' id='word_1_306' title='bbox 1216 2231 1557 2300; x_wconf 83' lang='grc' dir='ltr'>ἐπιλάθωμαι</span> <span class='ocrx_word' id='word_1_307' title='bbox 1590 2231 1683 2284; x_wconf 75' lang='grc' dir='ltr'>τοῦ</span> <span class='ocrx_word' id='word_1_308' title='bbox 1722 2231 1814 2284; x_wconf 81' lang='grc' dir='ltr'>άν-</span> 
     </span>
    </p>
   </div>
   <div class='ocr_carea' id='block_1_40' title="bbox 237 2317 1813 2394">
    <p class='ocr_par' dir='ltr' id='par_1_40' title="bbox 237 2317 1813 2394">
     <span class='ocr_line' id='line_1_40' title="bbox 237 2317 1813 2394; baseline 0.001 -20"><span class='ocrx_word' id='word_1_309' title='bbox 237 2323 457 2392; x_wconf 89' lang='grc' dir='ltr'>θρωπος</span> <span class='ocrx_word' id='word_1_310' title='bbox 485 2317 623 2374; x_wconf 83' lang='grc' dir='ltr'>εἰναι</span> <span class='ocrx_word' id='word_1_311' title='bbox 650 2321 683 2391; x_wconf 86' lang='grc' dir='ltr'>ἢ</span> <span class='ocrx_word' id='word_1_312' title='bbox 713 2323 802 2377; x_wconf 85' lang='grc' dir='ltr'><strong>τὸν</strong></span> <span class='ocrx_word' id='word_1_313' title='bbox 830 2324 1026 2376; x_wconf 82' lang='grc' dir='ltr'>οίκεῖον</span> <span class='ocrx_word' id='word_1_314' title='bbox 1078 2323 1354 2392; x_wconf 86' lang='grc' dir='ltr'>Δεσπότην</span> <span class='ocrx_word' id='word_1_315' title='bbox 1413 2324 1508 2376; x_wconf 73' lang='grc' dir='ltr'><strong>καὶ</strong></span> <span class='ocrx_word' id='word_1_316' title='bbox 1541 2328 1813 2394; x_wconf 69' lang='grc' dir='ltr'>Δημιουρ-</span> 
     </span>
    </p>
   </div>
   <div class='ocr_carea' id='block_1_41' title="bbox 236 2415 717 2483">
    <p class='ocr_par' dir='ltr' id='par_1_41' title="bbox 236 2415 717 2483">
     <span class='ocr_line' id='line_1_41' title="bbox 236 2415 717 2483; baseline 0.002 -18"><span class='ocrx_word' id='word_1_317' title='bbox 236 2415 335 2482; x_wconf 82' lang='grc' dir='ltr'><strong>γδν</strong></span> <span class='ocrx_word' id='word_1_318' title='bbox 366 2415 531 2483; x_wconf 84' lang='grc' dir='ltr'>άγνοή</span> <span class='ocrx_word' id='word_1_319' title='bbox 541 2429 717 2482; x_wconf 73' lang='grc' dir='ltr'>σαιμι.</span> 
     </span>
    </p>
   </div>
   <div class='ocr_carea' id='block_1_42' title="bbox 309 2503 1809 2575">
    <p class='ocr_par' dir='ltr' id='par_1_42' title="bbox 309 2503 1809 2575">
     <span class='ocr_line' id='line_1_42' title="bbox 309 2503 1809 2575; baseline 0.001 -19"><span class='ocrx_word' id='word_1_320' title='bbox 309 2503 388 2558; x_wconf 86' lang='grc' dir='ltr'><strong>Θ’.</strong></span> <span class='ocrx_word' id='word_1_321' title='bbox 409 2507 517 2556; x_wconf 70' lang='grc' dir='ltr'>Καὶ</span> <span class='ocrx_word' id='word_1_322' title='bbox 547 2506 574 2557; x_wconf 88' lang='lat'><strong>6</strong></span> <span class='ocrx_word' id='word_1_323' title='bbox 603 2503 825 2574; x_wconf 82' lang='grc' dir='ltr'>ἡγεμών</span> <span class='ocrx_word' id='word_1_324' title='bbox 845 2520 857 2534; x_wconf 87' lang='grc'><strong>·</strong></span> <span class='ocrx_word' id='word_1_325' title='bbox 889 2504 1100 2572; x_wconf 83' lang='grc' dir='ltr'>Ὥσπερ</span> <span class='ocrx_word' id='word_1_326' title='bbox 1129 2505 1178 2556; x_wconf 85' lang='grc' dir='ltr'><strong>εί</strong></span> <span class='ocrx_word' id='word_1_327' title='bbox 1203 2505 1579 2574; x_wconf 83' lang='grc' dir='ltr'>παρῃνοῦμεν,</span> <span class='ocrx_word' id='word_1_328' title='bbox 1606 2505 1809 2575; x_wconf 68' lang='grc' dir='ltr'><strong>Τρῦφι-</strong></span> 
     </span>
    </p>
   </div>
   <div class='ocr_carea' id='block_1_43' title="bbox 238 2596 1813 2669">
    <p class='ocr_par' dir='ltr' id='par_1_43' title="bbox 238 2596 1813 2669">
     <span class='ocr_line' id='line_1_43' title="bbox 238 2596 1813 2669; baseline -0.001 -17"><span class='ocrx_word' id='word_1_329' title='bbox 238 2615 362 2668; x_wconf 86' lang='grc' dir='ltr'>μος,</span> <span class='ocrx_word' id='word_1_330' title='bbox 395 2599 469 2669; x_wconf 78' lang='grc' dir='ltr'>μὴ</span> <span class='ocrx_word' id='word_1_331' title='bbox 502 2597 806 2668; x_wconf 80' lang='grc' dir='ltr'>ἀποστῆναί</span> <span class='ocrx_word' id='word_1_332' title='bbox 850 2615 909 2649; x_wconf 91' lang='grc' dir='ltr'><strong>σε</strong></span> <span class='ocrx_word' id='word_1_333' title='bbox 944 2597 1042 2668; x_wconf 80' lang='grc' dir='ltr'>τῆς</span> <span class='ocrx_word' id='word_1_334' title='bbox 1073 2596 1382 2667; x_wconf 81' lang='grc' dir='ltr'>ὁμολογίας,</span> <span class='ocrx_word' id='word_1_335' title='bbox 1407 2597 1543 2650; x_wconf 80' lang='grc' dir='ltr'>ἀλλὰ</span> <span class='ocrx_word' id='word_1_336' title='bbox 1570 2601 1680 2656; x_wconf 85' lang='grc' dir='ltr'>τοῖς</span> <span class='ocrx_word' id='word_1_337' title='bbox 1714 2599 1813 2650; x_wconf 86' lang='grc' dir='ltr'>αύ-</span> 
     </span>
    </p>
   </div>
   <div class='ocr_carea' id='block_1_44' title="bbox 235 2688 1808 2760">
    <p class='ocr_par' dir='ltr' id='par_1_44' title="bbox 235 2688 1808 2760">
     <span class='ocr_line' id='line_1_44' title="bbox 235 2688 1808 2760; baseline -0.001 -16"><span class='ocrx_word' id='word_1_338' title='bbox 235 2695 349 2754; x_wconf 82' lang='grc' dir='ltr'>τοῖς</span> <span class='ocrx_word' id='word_1_339' title='bbox 381 2691 644 2759; x_wconf 85' lang='grc' dir='ltr'>ἐμμένειν</span> <span class='ocrx_word' id='word_1_340' title='bbox 675 2691 769 2742; x_wconf 78' lang='grc' dir='ltr'>καὶ</span> <span class='ocrx_word' id='word_1_341' title='bbox 798 2689 891 2743; x_wconf 77' lang='grc' dir='ltr'>τοῦ</span> <span class='ocrx_word' id='word_1_342' title='bbox 947 2688 1385 2760; x_wconf 79' lang='grc' dir='ltr'>Χριστιανισμοῦ</span> <span class='ocrx_word' id='word_1_343' title='bbox 1428 2689 1808 2760; x_wconf 84' lang='grc' dir='ltr'>περίσχεσθαι,</span> 
     </span>
    </p>
   </div>
   <div class='ocr_carea' id='block_1_45' title="bbox 233 2775 1810 2849">
    <p class='ocr_par' dir='ltr' id='par_1_45' title="bbox 233 2775 1810 2849">
     <span class='ocr_line' id='line_1_45' title="bbox 233 2775 1810 2849; baseline 0.001 -21"><span class='ocrx_word' id='word_1_344' title='bbox 233 2775 381 2830; x_wconf 79' lang='grc' dir='ltr'>οὕτω</span> <span class='ocrx_word' id='word_1_345' title='bbox 416 2777 551 2846; x_wconf 90' lang='grc' dir='ltr'>πρὸς</span> <span class='ocrx_word' id='word_1_346' title='bbox 583 2779 731 2845; x_wconf 79' lang='grc' dir='ltr'>ἡμᾶς</span> <span class='ocrx_word' id='word_1_347' title='bbox 765 2778 1059 2848; x_wconf 78' lang='grc' dir='ltr'>ἀποκρίνῃ.</span> <span class='ocrx_word' id='word_1_348' title='bbox 1094 2779 1204 2832; x_wconf 74' lang='grc' dir='ltr'>Καὶ</span> <span class='ocrx_word' id='word_1_349' title='bbox 1242 2783 1367 2841; x_wconf 85' lang='grc' dir='ltr'>τοὺς</span> <span class='ocrx_word' id='word_1_350' title='bbox 1412 2777 1640 2849; x_wconf 84' lang='grc' dir='ltr'>δημίους</span> <span class='ocrx_word' id='word_1_351' title='bbox 1685 2782 1810 2832; x_wconf 88' lang='grc' dir='ltr'>ἐπι-</span> 
     </span>
    </p>
   </div>
   <div class='ocr_carea' id='block_1_46' title="bbox 237 2869 1810 2940">
    <p class='ocr_par' dir='ltr' id='par_1_46' title="bbox 237 2869 1810 2940">
     <span class='ocr_line' id='line_1_46' title="bbox 237 2869 1810 2940; baseline -0.001 -18"><span class='ocrx_word' id='word_1_352' title='bbox 237 2871 525 2939; x_wconf 70' lang='grc' dir='ltr'>στραφεὶς,</span> <span class='ocrx_word' id='word_1_353' title='bbox 554 2869 940 2938; x_wconf 69' lang='grc' dir='ltr'>Σφοδρότερον,</span> <span class='ocrx_word' id='word_1_354' title='bbox 967 2870 1171 2939; x_wconf 77' lang='grc' dir='ltr'>ἔλεγεν,</span> <span class='ocrx_word' id='word_1_355' title='bbox 1196 2870 1247 2922; x_wconf 76' lang='grc' dir='ltr'>εἴ</span> <span class='ocrx_word' id='word_1_356' title='bbox 1268 2889 1385 2934; x_wconf 88' lang='grc' dir='ltr'><strong>πως</strong></span> <span class='ocrx_word' id='word_1_357' title='bbox 1414 2871 1510 2940; x_wconf 68' lang='grc' dir='ltr'><strong>ὀψὲ</strong></span> <span class='ocrx_word' id='word_1_358' title='bbox 1530 2870 1658 2939; x_wconf 74' lang='grc' dir='ltr'>γοῦν</span> <span class='ocrx_word' id='word_1_359' title='bbox 1680 2871 1810 2922; x_wconf 81' lang='grc' dir='ltr'>ταύ-</span> 
     </span>
    </p>
   </div>
   <div class='ocr_carea' id='block_1_47' title="bbox 233 2958 1812 3033">
    <p class='ocr_par' dir='ltr' id='par_1_47' title="bbox 233 2958 1812 3033">
     <span class='ocr_line' id='line_1_47' title="bbox 233 2958 1812 3033; baseline 0.001 -20"><span class='ocrx_word' id='word_1_360' title='bbox 233 2978 338 3030; x_wconf 82' lang='grc' dir='ltr'><strong>της</strong></span> <span class='ocrx_word' id='word_1_361' title='bbox 363 2959 638 3028; x_wconf 79' lang='grc' dir='ltr'>ἀποσταίη</span> <span class='ocrx_word' id='word_1_362' title='bbox 669 2960 764 3028; x_wconf 75' lang='grc' dir='ltr'><strong>τῆς</strong></span> <span class='ocrx_word' id='word_1_363' title='bbox 784 2958 1069 3030; x_wconf 78' lang='grc' dir='ltr'>φλυαρίας.</span> <span class='ocrx_word' id='word_1_364' title='bbox 1111 2960 1168 3013; x_wconf 86' lang='lat'>&#39;0</span> <span class='ocrx_word' id='word_1_365' title='bbox 1191 2962 1246 3013; x_wconf 82' lang='grc' dir='ltr'><strong>δὲ</strong></span> <span class='ocrx_word' id='word_1_366' title='bbox 1277 2963 1483 3033; x_wconf 80' lang='grc' dir='ltr'>ἔπασχε</span> <span class='ocrx_word' id='word_1_367' title='bbox 1506 2964 1605 3033; x_wconf 88' lang='grc' dir='ltr'><strong>μέν</strong></span> <span class='ocrx_word' id='word_1_368' title='bbox 1633 2964 1725 3015; x_wconf 82' lang='grc' dir='ltr'><strong>καὶ</strong></span> <span class='ocrx_word' id='word_1_369' title='bbox 1753 2961 1812 3014; x_wconf 81' lang='grc' dir='ltr'>τὸ</span> 
     </span>
    </p>
   </div>
   <div class='ocr_carea' id='block_1_48' title="bbox 237 3051 1812 3125">
    <p class='ocr_par' dir='ltr' id='par_1_48' title="bbox 237 3051 1812 3125">
     <span class='ocr_line' id='line_1_48' title="bbox 237 3051 1812 3125; baseline 0.001 -22"><span class='ocrx_word' id='word_1_370' title='bbox 237 3052 400 3121; x_wconf 82' lang='grc' dir='ltr'>σῶμα</span> <span class='ocrx_word' id='word_1_371' title='bbox 422 3053 726 3104; x_wconf 84' lang='grc' dir='ltr'>ἐδαπανᾶτο</span> <span class='ocrx_word' id='word_1_372' title='bbox 751 3067 763 3082; x_wconf 76' lang='grc' dir='ltr'><strong>ο</strong></span> <span class='ocrx_word' id='word_1_373' title='bbox 797 3051 1011 3121; x_wconf 74' lang='grc' dir='ltr'>ἠκμαζε</span> <span class='ocrx_word' id='word_1_374' title='bbox 1041 3053 1094 3104; x_wconf 83' lang='grc' dir='ltr'>δὲ</span> <span class='ocrx_word' id='word_1_375' title='bbox 1142 3053 1236 3104; x_wconf 76' lang='grc' dir='ltr'><strong>καὶ</strong></span> <span class='ocrx_word' id='word_1_376' title='bbox 1286 3053 1543 3106; x_wconf 80' lang='grc' dir='ltr'>άνέοαλλε</span> <span class='ocrx_word' id='word_1_377' title='bbox 1578 3056 1643 3125; x_wconf 76' lang='grc' dir='ltr'>τῇ</span> <span class='ocrx_word' id='word_1_378' title='bbox 1677 3071 1812 3123; x_wconf 88' lang='grc' dir='ltr'>προ-</span> 
     </span>
    </p>
   </div>
   <div class='ocr_carea' id='block_1_49' title="bbox 233 3136 1810 3215">
    <p class='ocr_par' dir='ltr' id='par_1_49' title="bbox 233 3136 1810 3215">
     <span class='ocr_line' id='line_1_49' title="bbox 233 3136 1810 3215; baseline -0.002 -19"><span class='ocrx_word' id='word_1_379' title='bbox 233 3143 438 3215; x_wconf 77' lang='grc' dir='ltr'>θυμίᾳ·</span> <span class='ocrx_word' id='word_1_380' title='bbox 472 3144 566 3197; x_wconf 83' lang='grc' dir='ltr'><strong>καὶ</strong></span> <span class='ocrx_word' id='word_1_381' title='bbox 594 3143 794 3213; x_wconf 79' lang='grc' dir='ltr'>θερμὸν</span> <span class='ocrx_word' id='word_1_382' title='bbox 823 3136 935 3195; x_wconf 75' lang='grc' dir='ltr'>οἷον</span> <span class='ocrx_word' id='word_1_383' title='bbox 971 3143 1108 3214; x_wconf 79' lang='grc' dir='ltr'>ὑπὲρ</span> <span class='ocrx_word' id='word_1_384' title='bbox 1137 3143 1416 3203; x_wconf 76' lang='grc' dir='ltr'>εὐσεὸείας</span> <span class='ocrx_word' id='word_1_385' title='bbox 1461 3143 1636 3196; x_wconf 71' lang='grc' dir='ltr'>ἔπνει.</span> <span class='ocrx_word' id='word_1_386' title='bbox 1682 3146 1810 3194; x_wconf 89' lang='grc' dir='ltr'><strong>Δια-</strong></span> 
     </span>
    </p>
   </div>
   <div class='ocr_carea' id='block_1_50' title="bbox 234 3235 1807 3308">
    <p class='ocr_par' dir='ltr' id='par_1_50' title="bbox 234 3235 1807 3308">
     <span class='ocr_line' id='line_1_50' title="bbox 234 3235 1807 3308; baseline -0.003 -18"><span class='ocrx_word' id='word_1_387' title='bbox 234 3238 451 3303; x_wconf 76' lang='grc' dir='ltr'>παίζων</span> <span class='ocrx_word' id='word_1_388' title='bbox 505 3239 685 3290; x_wconf 83' lang='grc' dir='ltr'>τοίνυν</span> <span class='ocrx_word' id='word_1_389' title='bbox 736 3238 828 3290; x_wconf 69' lang='grc' dir='ltr'><strong>τὸν</strong></span> <span class='ocrx_word' id='word_1_390' title='bbox 886 3239 1106 3308; x_wconf 76' lang='grc' dir='ltr'>ἄνδραό</span> <span class='ocrx_word' id='word_1_391' title='bbox 1141 3235 1384 3307; x_wconf 74' lang='grc' dir='ltr'>ἡγεμὼν,</span> <span class='ocrx_word' id='word_1_392' title='bbox 1425 3235 1611 3297; x_wconf 75' lang='grc' dir='ltr'>Οὔπω,</span> <span class='ocrx_word' id='word_1_393' title='bbox 1651 3239 1807 3306; x_wconf 81' lang='grc' dir='ltr'>φησὶ,</span> 
     </span>
    </p>
   </div>
   <div class='ocr_carea' id='block_1_51' title="bbox 233 3330 1826 3409">
    <p class='ocr_par' dir='ltr' id='par_1_51' title="bbox 233 3330 1826 3409">
     <span class='ocr_line' id='line_1_51' title="bbox 233 3330 1826 3409; baseline -0.001 -26"><span class='ocrx_word' id='word_1_394' title='bbox 233 3333 427 3402; x_wconf 69' lang='grc' dir='ltr'>ᾔσθου,</span> <span class='ocrx_word' id='word_1_395' title='bbox 446 3333 715 3402; x_wconf 81' lang='grc' dir='ltr'>Τρόφιμε,</span> <span class='ocrx_word' id='word_1_396' title='bbox 745 3331 852 3409; x_wconf 75' lang='grc' dir='ltr'>τῷν</span> <span class='ocrx_word' id='word_1_397' title='bbox 879 3330 1125 3399; x_wconf 82' lang='grc' dir='ltr'>βασάνων</span> <span class='ocrx_word' id='word_1_398' title='bbox 1148 3348 1161 3396; x_wconf 87' lang='lat'><strong>;</strong></span> <span class='ocrx_word' id='word_1_399' title='bbox 1184 3331 1292 3383; x_wconf 77' lang='grc' dir='ltr'><strong>Καὶ</strong></span> <span class='ocrx_word' id='word_1_400' title='bbox 1313 3333 1338 3382; x_wconf 90' lang='lat'><strong>6</strong></span> <span class='ocrx_word' id='word_1_401' title='bbox 1361 3330 1567 3400; x_wconf 82' lang='grc' dir='ltr'>μάρτυς</span> <span class='ocrx_word' id='word_1_402' title='bbox 1591 3330 1826 3396; x_wconf 70' lang='grc' dir='ltr'>αὐτίκα,</span> 
     </span>
    </p>
   </div>
   <div class='ocr_carea' id='block_1_52' title="bbox 231 3420 1812 3494">
    <p class='ocr_par' dir='ltr' id='par_1_52' title="bbox 231 3420 1812 3494">
     <span class='ocr_line' id='line_1_52' title="bbox 231 3420 1812 3494; baseline -0.003 -16"><span class='ocrx_word' id='word_1_403' title='bbox 231 3427 301 3479; x_wconf 83' lang='grc' dir='ltr'><strong>Σὲ</strong></span> <span class='ocrx_word' id='word_1_404' title='bbox 337 3425 538 3494; x_wconf 82' lang='grc' dir='ltr'>μᾶλλον</span> <span class='ocrx_word' id='word_1_405' title='bbox 559 3420 696 3485; x_wconf 83' lang='grc' dir='ltr'>οἶδα,</span> <span class='ocrx_word' id='word_1_406' title='bbox 725 3424 854 3492; x_wconf 76' lang='grc' dir='ltr'>ἔφη,</span> <span class='ocrx_word' id='word_1_407' title='bbox 887 3422 981 3474; x_wconf 80' lang='grc' dir='ltr'>τοῦ</span> <span class='ocrx_word' id='word_1_408' title='bbox 1009 3421 1214 3484; x_wconf 82' lang='grc' dir='ltr'>πάθους</span> <span class='ocrx_word' id='word_1_409' title='bbox 1236 3421 1620 3476; x_wconf 79' lang='grc' dir='ltr'>αἰσθάνεσθαι·</span> <span class='ocrx_word' id='word_1_410' title='bbox 1653 3423 1812 3490; x_wconf 76' lang='grc' dir='ltr'>δῆλος</span> 
     </span>
    </p>
   </div>
   <div class='ocr_carea' id='block_1_53' title="bbox 231 3511 1810 3583">
    <p class='ocr_par' dir='ltr' id='par_1_53' title="bbox 231 3511 1810 3583">
     <span class='ocr_line' id='line_1_53' title="bbox 231 3511 1810 3583; baseline -0.001 -19"><span class='ocrx_word' id='word_1_411' title='bbox 231 3518 343 3583; x_wconf 73' lang='grc' dir='ltr'><strong>γὰρ</strong></span> <span class='ocrx_word' id='word_1_412' title='bbox 372 3511 420 3564; x_wconf 82' lang='grc' dir='ltr'><strong>εί</strong></span> <span class='ocrx_word' id='word_1_413' title='bbox 460 3513 577 3563; x_wconf 82' lang='grc' dir='ltr'>λίαν</span> <span class='ocrx_word' id='word_1_414' title='bbox 613 3511 715 3562; x_wconf 82' lang='grc' dir='ltr'><strong>ὑπὸ</strong></span> <span class='ocrx_word' id='word_1_415' title='bbox 744 3511 835 3562; x_wconf 78' lang='grc' dir='ltr'>τοῦ</span> <span class='ocrx_word' id='word_1_416' title='bbox 866 3512 1043 3577; x_wconf 79' lang='grc' dir='ltr'>θυμοῦ</span> <span class='ocrx_word' id='word_1_417' title='bbox 1095 3512 1529 3579; x_wconf 90' lang='grc' dir='ltr'>τυραννούμενος</span> <span class='ocrx_word' id='word_1_418' title='bbox 1551 3528 1562 3539; x_wconf 92' lang='grc'>·</span> <span class='ocrx_word' id='word_1_419' title='bbox 1594 3512 1719 3578; x_wconf 79' lang='grc' dir='ltr'>ἐμοὶ</span> <span class='ocrx_word' id='word_1_420' title='bbox 1753 3512 1810 3562; x_wconf 77' lang='grc' dir='ltr'>δὲ</span> 
     </span>
    </p>
   </div>
   <div class='ocr_carea' id='block_1_54' title="bbox 229 3601 1808 3674">
    <p class='ocr_par' dir='ltr' id='par_1_54' title="bbox 229 3601 1808 3674">
     <span class='ocr_line' id='line_1_54' title="bbox 229 3601 1808 3674; baseline -0.002 -16"><span class='ocrx_word' id='word_1_421' title='bbox 229 3608 343 3674; x_wconf 79' lang='grc' dir='ltr'>ὅσῳ</span> <span class='ocrx_word' id='word_1_422' title='bbox 388 3606 447 3657; x_wconf 84' lang='grc' dir='ltr'><strong>τὸ</strong></span> <span class='ocrx_word' id='word_1_423' title='bbox 499 3606 657 3674; x_wconf 83' lang='grc' dir='ltr'>σῶμα</span> <span class='ocrx_word' id='word_1_424' title='bbox 705 3602 1118 3666; x_wconf 82' lang='grc' dir='ltr'>καταναλοῦται,</span> <span class='ocrx_word' id='word_1_425' title='bbox 1156 3601 1396 3669; x_wconf 83' lang='grc' dir='ltr'>τοσούτῳ</span> <span class='ocrx_word' id='word_1_426' title='bbox 1466 3602 1651 3655; x_wconf 81' lang='grc' dir='ltr'>λύεται</span> <span class='ocrx_word' id='word_1_427' title='bbox 1700 3601 1808 3655; x_wconf 83' lang='grc' dir='ltr'><strong>τῶν</strong></span> 
     </span>
    </p>
   </div>
   <div class='ocr_carea' id='block_1_55' title="bbox 231 3693 1808 3768">
    <p class='ocr_par' dir='ltr' id='par_1_55' title="bbox 231 3693 1808 3768">
     <span class='ocr_line' id='line_1_55' title="bbox 231 3693 1808 3768; baseline -0.003 -17"><span class='ocrx_word' id='word_1_428' title='bbox 231 3697 448 3768; x_wconf 84' lang='grc' dir='ltr'>δεσμῶν</span> <span class='ocrx_word' id='word_1_429' title='bbox 471 3698 567 3750; x_wconf 76' lang='grc' dir='ltr'>καὶ</span> <span class='ocrx_word' id='word_1_430' title='bbox 603 3696 661 3748; x_wconf 84' lang='grc' dir='ltr'><strong>τὸ</strong></span> <span class='ocrx_word' id='word_1_431' title='bbox 696 3697 813 3748; x_wconf 76' lang='grc' dir='ltr'>ὅλον</span> <span class='ocrx_word' id='word_1_432' title='bbox 845 3694 1254 3765; x_wconf 73' lang='grc' dir='ltr'>ἐλευθεροῦται,</span> <span class='ocrx_word' id='word_1_433' title='bbox 1280 3695 1374 3746; x_wconf 66' lang='grc' dir='ltr'><strong>καὶ</strong></span> <span class='ocrx_word' id='word_1_434' title='bbox 1419 3693 1669 3762; x_wconf 80' lang='grc' dir='ltr'>θειοτέρα</span> <span class='ocrx_word' id='word_1_435' title='bbox 1723 3694 1808 3762; x_wconf 86' lang='grc' dir='ltr'>γί-</span> 
     </span>
    </p>
   </div>
   <div class='ocr_carea' id='block_1_56' title="bbox 231 3784 1810 3860">
    <p class='ocr_par' dir='ltr' id='par_1_56' title="bbox 231 3784 1810 3860">
     <span class='ocr_line' id='line_1_56' title="bbox 231 3784 1810 3860; baseline -0.004 -18"><span class='ocrx_word' id='word_1_436' title='bbox 231 3807 386 3843; x_wconf 87' lang='grc' dir='ltr'>νεται</span> <span class='ocrx_word' id='word_1_437' title='bbox 438 3792 472 3860; x_wconf 83' lang='grc' dir='ltr'><strong>ἡ</strong></span> <span class='ocrx_word' id='word_1_438' title='bbox 501 3790 666 3858; x_wconf 75' lang='grc' dir='ltr'>ψυχή.</span> <span class='ocrx_word' id='word_1_439' title='bbox 689 3789 764 3839; x_wconf 74' lang='grc' dir='ltr'><strong>Οὐ</strong></span> <span class='ocrx_word' id='word_1_440' title='bbox 798 3794 904 3856; x_wconf 74' lang='grc' dir='ltr'>γὰρ</span> <span class='ocrx_word' id='word_1_441' title='bbox 938 3791 1174 3855; x_wconf 80' lang='grc' dir='ltr'>μένουσα</span> <span class='ocrx_word' id='word_1_442' title='bbox 1221 3791 1278 3837; x_wconf 79' lang='grc' dir='ltr'><strong>ἐν</strong></span> <span class='ocrx_word' id='word_1_443' title='bbox 1307 3786 1384 3854; x_wconf 80' lang='grc' dir='ltr'>τῷ</span> <span class='ocrx_word' id='word_1_444' title='bbox 1419 3784 1630 3853; x_wconf 85' lang='grc' dir='ltr'>σώματι</span> <span class='ocrx_word' id='word_1_445' title='bbox 1686 3802 1810 3837; x_wconf 89' lang='grc' dir='ltr'>συν-</span> 
     </span>
    </p>
   </div>
   <div class='ocr_carea' id='block_1_57' title="bbox 235 3877 1809 3951">
    <p class='ocr_par' dir='ltr' id='par_1_57' title="bbox 235 3877 1809 3951">
     <span class='ocr_line' id='line_1_57' title="bbox 235 3877 1809 3951; baseline -0.004 -16"><span class='ocrx_word' id='word_1_446' title='bbox 235 3882 593 3951; x_wconf 78' lang='grc' dir='ltr'>αποθνησκει,</span> <span class='ocrx_word' id='word_1_447' title='bbox 615 3881 747 3933; x_wconf 80' lang='grc' dir='ltr'>αλλά</span> <span class='ocrx_word' id='word_1_448' title='bbox 790 3884 926 3946; x_wconf 76' lang='grc' dir='ltr'>πρὸς</span> <span class='ocrx_word' id='word_1_449' title='bbox 956 3881 1023 3930; x_wconf 88' lang='grc' dir='ltr'>τὰ</span> <span class='ocrx_word' id='word_1_450' title='bbox 1057 3877 1364 3945; x_wconf 81' lang='grc' dir='ltr'>ποθούμενα</span> <span class='ocrx_word' id='word_1_451' title='bbox 1403 3877 1684 3940; x_wconf 71' lang='grc' dir='ltr'>διαϐαίνει,</span> <span class='ocrx_word' id='word_1_452' title='bbox 1717 3877 1809 3928; x_wconf 80' lang='grc' dir='ltr'>καὶ</span> 
     </span>
    </p>
   </div>
   <div class='ocr_carea' id='block_1_58' title="bbox 229 3964 1807 4038">
    <p class='ocr_par' dir='ltr' id='par_1_58' title="bbox 229 3964 1807 4038">
     <span class='ocr_line' id='line_1_58' title="bbox 229 3964 1807 4038; baseline -0.005 -9"><span class='ocrx_word' id='word_1_453' title='bbox 229 3978 324 4029; x_wconf 66' lang='grc' dir='ltr'>τὸν</span> <span class='ocrx_word' id='word_1_454' title='bbox 357 3975 552 4025; x_wconf 83' lang='grc' dir='ltr'>οίκεῐον</span> <span class='ocrx_word' id='word_1_455' title='bbox 589 3971 968 4038; x_wconf 69' lang='grc' dir='ltr'>ἀπολαμϐάνει</span> <span class='ocrx_word' id='word_1_456' title='bbox 1000 3968 1218 4037; x_wconf 82' lang='grc' dir='ltr'>κλῆρον.</span> <span class='ocrx_word' id='word_1_457' title='bbox 1258 3965 1315 4021; x_wconf 82' lang='grc' dir='ltr'><strong>Ὀ</strong></span> <span class='ocrx_word' id='word_1_458' title='bbox 1351 3969 1448 4037; x_wconf 80' lang='grc' dir='ltr'><strong>μὲν</strong></span> <span class='ocrx_word' id='word_1_459' title='bbox 1501 3964 1594 4021; x_wconf 79' lang='grc' dir='ltr'><strong>οὖν</strong></span> <span class='ocrx_word' id='word_1_460' title='bbox 1634 3967 1807 4021; x_wconf 82' lang='grc' dir='ltr'>ταῦτα</span> 
     </span>
    </p>
   </div>
   <div class='ocr_carea' id='block_1_59' title="bbox 232 4061 1807 4135">
    <p class='ocr_par' dir='ltr' id='par_1_59' title="bbox 232 4061 1807 4135">
     <span class='ocr_line' id='line_1_59' title="bbox 232 4061 1807 4135; baseline -0.006 -15"><span class='ocrx_word' id='word_1_461' title='bbox 232 4068 422 4135; x_wconf 74' lang='grc' dir='ltr'>ἕλε-(εν</span> <span class='ocrx_word' id='word_1_462' title='bbox 446 4082 458 4095; x_wconf 76' lang='grc' dir='ltr'><strong><em>ο</em></strong></span> <span class='ocrx_word' id='word_1_463' title='bbox 496 4066 545 4116; x_wconf 80' lang='lat' dir='ltr'><strong>oi.</strong></span> <span class='ocrx_word' id='word_1_464' title='bbox 585 4063 768 4134; x_wconf 70' lang='grc' dir='ltr'>δήμιοι</span> <span class='ocrx_word' id='word_1_465' title='bbox 793 4063 847 4115; x_wconf 81' lang='grc' dir='ltr'>δὲ</span> <span class='ocrx_word' id='word_1_466' title='bbox 877 4061 1146 4132; x_wconf 76' lang='grc' dir='ltr'>ἀλλήλους</span> <span class='ocrx_word' id='word_1_467' title='bbox 1182 4062 1238 4114; x_wconf 85' lang='grc' dir='ltr'><strong>ἐν</strong></span> <span class='ocrx_word' id='word_1_468' title='bbox 1266 4062 1343 4131; x_wconf 84' lang='grc' dir='ltr'>τῷ</span> <span class='ocrx_word' id='word_1_469' title='bbox 1370 4061 1510 4126; x_wconf 81' lang='grc' dir='ltr'>ξέειν</span> <span class='ocrx_word' id='word_1_470' title='bbox 1564 4061 1807 4131; x_wconf 83' lang='grc' dir='ltr'>διαδεχό-</span> 
     </span>
    </p>
   </div>
   <div class='ocr_carea' id='block_1_60' title="bbox 235 4154 1805 4231">
    <p class='ocr_par' dir='ltr' id='par_1_60' title="bbox 235 4154 1805 4231">
     <span class='ocr_line' id='line_1_60' title="bbox 235 4154 1805 4231; baseline -0.005 -19"><span class='ocrx_word' id='word_1_471' title='bbox 235 4178 411 4231; x_wconf 85' lang='grc' dir='ltr'>μενοι,</span> <span class='ocrx_word' id='word_1_472' title='bbox 437 4159 744 4231; x_wconf 81' lang='grc' dir='ltr'>βαρυτέρας</span> <span class='ocrx_word' id='word_1_473' title='bbox 796 4158 944 4225; x_wconf 84' lang='grc' dir='ltr'><strong>αὑτῴ</strong></span> <span class='ocrx_word' id='word_1_474' title='bbox 999 4157 1091 4216; x_wconf 79' lang='grc' dir='ltr'>τὰς</span> <span class='ocrx_word' id='word_1_475' title='bbox 1142 4155 1331 4216; x_wconf 78' lang='grc' dir='ltr'>ὀδύνας</span> <span class='ocrx_word' id='word_1_476' title='bbox 1382 4154 1627 4222; x_wconf 82' lang='grc' dir='ltr'>ἐπῆγον;</span> <span class='ocrx_word' id='word_1_477' title='bbox 1669 4157 1696 4205; x_wconf 91' lang='lat'><strong>6</strong></span> <span class='ocrx_word' id='word_1_478' title='bbox 1730 4155 1805 4218; x_wconf 85' lang='grc' dir='ltr'><strong>δὲ,</strong></span> 
     </span>
    </p>
   </div>
   <div class='ocr_carea' id='block_1_61' title="bbox 245 4242 1803 4320">
    <p class='ocr_par' dir='ltr' id='par_1_61' title="bbox 245 4242 1803 4320">
     <span class='ocr_line' id='line_1_61' title="bbox 245 4242 1803 4320; baseline -0.009 -14"><span class='ocrx_word' id='word_1_479' title='bbox 245 4251 572 4320; x_wconf 68' lang='grc' dir='ltr'>Ἐπίὸλεψον</span> <span class='ocrx_word' id='word_1_480' title='bbox 590 4249 649 4313; x_wconf 85' lang='grc' dir='ltr'><strong>ἐξ</strong></span> <span class='ocrx_word' id='word_1_481' title='bbox 685 4247 915 4314; x_wconf 71' lang='grc' dir='ltr'>ούρανοῦ</span> <span class='ocrx_word' id='word_1_482' title='bbox 946 4246 1038 4296; x_wconf 74' lang='grc' dir='ltr'><strong>καὶ</strong></span> <span class='ocrx_word' id='word_1_483' title='bbox 1065 4242 1224 4313; x_wconf 75' lang='grc' dir='ltr'>ῥῦσαί</span> <span class='ocrx_word' id='word_1_484' title='bbox 1251 4260 1341 4312; x_wconf 86' lang='grc' dir='ltr'><strong>με,</strong></span> <span class='ocrx_word' id='word_1_485' title='bbox 1365 4245 1391 4294; x_wconf 89' lang='lat'><strong>6</strong></span> <span class='ocrx_word' id='word_1_486' title='bbox 1420 4242 1569 4307; x_wconf 79' lang='grc' dir='ltr'>Θεὸς,</span> <span class='ocrx_word' id='word_1_487' title='bbox 1596 4242 1803 4308; x_wconf 74' lang='grc' dir='ltr'>ἔλεγεν,</span> 
     </span>
    </p>
   </div>
   <div class='ocr_carea' id='block_1_62' title="bbox 231 4332 1804 4411">
    <p class='ocr_par' dir='ltr' id='par_1_62' title="bbox 231 4332 1804 4411">
     <span class='ocr_line' id='line_1_62' title="bbox 231 4332 1804 4411; baseline -0.007 -15"><span class='ocrx_word' id='word_1_488' title='bbox 231 4346 300 4397; x_wconf 79' lang='grc' dir='ltr'>ἐκ</span> <span class='ocrx_word' id='word_1_489' title='bbox 331 4346 424 4411; x_wconf 82' lang='grc' dir='ltr'>τῆς</span> <span class='ocrx_word' id='word_1_490' title='bbox 461 4342 684 4409; x_wconf 85' lang='grc' dir='ltr'>παγίδος</span> <span class='ocrx_word' id='word_1_491' title='bbox 733 4340 842 4392; x_wconf 79' lang='grc' dir='ltr'>τῶν</span> <span class='ocrx_word' id='word_1_492' title='bbox 892 4338 1260 4407; x_wconf 69' lang='grc' dir='ltr'>θηρεύοντωνο</span> <span class='ocrx_word' id='word_1_493' title='bbox 1306 4337 1390 4386; x_wconf 79' lang='grc' dir='ltr'><strong>ὃτι</strong></span> <span class='ocrx_word' id='word_1_494' title='bbox 1428 4335 1490 4386; x_wconf 80' lang='grc' dir='ltr'><strong>σὺ</strong></span> <span class='ocrx_word' id='word_1_495' title='bbox 1523 4332 1571 4386; x_wconf 79' lang='grc' dir='ltr'><strong>εί</strong></span> <span class='ocrx_word' id='word_1_496' title='bbox 1608 4336 1640 4403; x_wconf 75' lang='grc' dir='ltr'><strong>ἡ</strong></span> <span class='ocrx_word' id='word_1_497' title='bbox 1670 4334 1804 4385; x_wconf 83' lang='grc' dir='ltr'>ὑπο-</span> 
     </span>
    </p>
   </div>
   <div class='ocr_carea' id='block_1_63' title="bbox 234 4426 1802 4504">
    <p class='ocr_par' dir='ltr' id='par_1_63' title="bbox 234 4426 1802 4504">
     <span class='ocr_line' id='line_1_63' title="bbox 234 4426 1802 4504; baseline -0.005 -19"><span class='ocrx_word' id='word_1_498' title='bbox 234 4437 370 4504; x_wconf 80' lang='grc' dir='ltr'>μονή</span> <span class='ocrx_word' id='word_1_499' title='bbox 426 4450 550 4502; x_wconf 84' lang='grc' dir='ltr'>μου,</span> <span class='ocrx_word' id='word_1_500' title='bbox 602 4434 795 4500; x_wconf 79' lang='grc' dir='ltr'>Κύριε.</span> <span class='ocrx_word' id='word_1_501' title='bbox 863 4431 974 4481; x_wconf 80' lang='grc' dir='ltr'><strong>Καὶ</strong></span> <span class='ocrx_word' id='word_1_502' title='bbox 1033 4429 1205 4495; x_wconf 79' lang='grc' dir='ltr'>τούτῳ</span> <span class='ocrx_word' id='word_1_503' title='bbox 1262 4426 1402 4496; x_wconf 66' lang='grc' dir='ltr'>ψιλῷ</span> <span class='ocrx_word' id='word_1_504' title='bbox 1475 4427 1550 4495; x_wconf 86' lang='grc' dir='ltr'>τῷ</span> <span class='ocrx_word' id='word_1_505' title='bbox 1599 4430 1802 4496; x_wconf 77' lang='grc' dir='ltr'>ῥήματι</span> 
     </span>
    </p>
   </div>
   <div class='ocr_carea' id='block_1_64' title="bbox 1919 1946 3496 2033">
    <p class='ocr_par' dir='ltr' id='par_1_64' title="bbox 1919 1946 3496 2033">
     <span class='ocr_line' id='line_1_64' title="bbox 1919 1946 3496 2033; baseline 0.014 -33"><span class='ocrx_word' id='word_1_506' title='bbox 1919 1946 2099 2002; x_wconf 87' lang='lat' dir='ltr'><strong>facere</strong></span> <span class='ocrx_word' id='word_1_507' title='bbox 2125 1965 2188 2004; x_wconf 82' lang='lat' dir='ltr'><strong>ex</strong></span> <span class='ocrx_word' id='word_1_508' title='bbox 2220 1951 2359 2016; x_wconf 90' lang='lat' dir='ltr'><strong>aliis,</strong></span> <span class='ocrx_word' id='word_1_509' title='bbox 2385 1967 2638 2024; x_wconf 83' lang='lat' dir='ltr'><strong>exspecta</strong></span> <span class='ocrx_word' id='word_1_510' title='bbox 2670 1957 2805 2024; x_wconf 87' lang='lat' dir='ltr'><strong>fore,</strong></span> <span class='ocrx_word' id='word_1_511' title='bbox 2825 1969 2881 2012; x_wconf 94' lang='lat' dir='ltr'><strong>ut</strong></span> <span class='ocrx_word' id='word_1_512' title='bbox 2912 1977 2977 2015; x_wconf 82' lang='lat' dir='ltr'><strong>ex</strong></span> <span class='ocrx_word' id='word_1_513' title='bbox 3017 1979 3102 2016; x_wconf 91' lang='lat' dir='ltr'><strong>me</strong></span> <span class='ocrx_word' id='word_1_514' title='bbox 3133 1965 3334 2033; x_wconf 88' lang='lat' dir='ltr'><strong>aliquid</strong></span> <span class='ocrx_word' id='word_1_515' title='bbox 3357 1967 3496 2023; x_wconf 83' lang='lat' dir='ltr'><strong>forte</strong></span> 
     </span>
    </p>
   </div>
   <div class='ocr_carea' id='block_1_65' title="bbox 1915 2038 3490 2121">
    <p class='ocr_par' dir='ltr' id='par_1_65' title="bbox 1915 2038 3490 2121">
     <span class='ocr_line' id='line_1_65' title="bbox 1915 2038 3490 2121; baseline 0.013 -31"><span class='ocrx_word' id='word_1_516' title='bbox 1915 2038 2106 2093; x_wconf 88' lang='lat' dir='ltr'><strong>audias</strong></span> <span class='ocrx_word' id='word_1_517' title='bbox 2125 2045 2477 2098; x_wconf 85' lang='lat' dir='ltr'><strong>contrarium.</strong></span> <span class='ocrx_word' id='word_1_518' title='bbox 2504 2046 2634 2101; x_wconf 87' lang='lat' dir='ltr'><strong>Nam</strong></span> <span class='ocrx_word' id='word_1_519' title='bbox 2660 2064 2762 2117; x_wconf 81' lang='lat' dir='ltr'><strong>ego</strong></span> <span class='ocrx_word' id='word_1_520' title='bbox 2784 2051 3000 2118; x_wconf 81' lang='lat' dir='ltr'><strong>quidem</strong></span> <span class='ocrx_word' id='word_1_521' title='bbox 3019 2053 3148 2107; x_wconf 91' lang='lat' dir='ltr'><strong>dum</strong></span> <span class='ocrx_word' id='word_1_522' title='bbox 3172 2072 3291 2108; x_wconf 92' lang='lat' dir='ltr'><strong>sum</strong></span> <span class='ocrx_word' id='word_1_523' title='bbox 3322 2057 3490 2121; x_wconf 89' lang='lat' dir='ltr'><strong>idem,</strong></span> 
     </span>
    </p>
   </div>
   <div class='ocr_carea' id='block_1_66' title="bbox 1917 2132 3492 2214">
    <p class='ocr_par' dir='ltr' id='par_1_66' title="bbox 1917 2132 3492 2214">
     <span class='ocr_line' id='line_1_66' title="bbox 1917 2132 3492 2214; baseline 0.013 -31"><span class='ocrx_word' id='word_1_524' title='bbox 1917 2132 2007 2201; x_wconf 89' lang='lat' dir='ltr'><strong>qui</strong></span> <span class='ocrx_word' id='word_1_525' title='bbox 2043 2147 2208 2199; x_wconf 89' lang='lat' dir='ltr'><strong>nunc,</strong></span> <span class='ocrx_word' id='word_1_526' title='bbox 2242 2135 2590 2206; x_wconf 85' lang='lat' dir='ltr'><strong>Trophimns,</strong></span> <span class='ocrx_word' id='word_1_527' title='bbox 2626 2141 2918 2196; x_wconf 83' lang='lat' dir='ltr'><strong>obliviscar</strong></span> <span class='ocrx_word' id='word_1_528' title='bbox 2949 2145 3111 2198; x_wconf 90' lang='lat' dir='ltr'><strong>citius</strong></span> <span class='ocrx_word' id='word_1_529' title='bbox 3150 2161 3273 2201; x_wconf 90' lang='lat' dir='ltr'><strong>esse</strong></span> <span class='ocrx_word' id='word_1_530' title='bbox 3304 2148 3492 2214; x_wconf 85' lang='lat' dir='ltr'><strong>homo,</strong></span> 
     </span>
    </p>
   </div>
   <div class='ocr_carea' id='block_1_67' title="bbox 1916 2229 3490 2298">
    <p class='ocr_par' dir='ltr' id='par_1_67' title="bbox 1916 2229 3490 2298">
     <span class='ocr_line' id='line_1_67' title="bbox 1916 2229 3490 2298; baseline 0.011 -22"><span class='ocrx_word' id='word_1_531' title='bbox 1916 2238 2077 2291; x_wconf 86' lang='lat' dir='ltr'><strong>quam</strong></span> <span class='ocrx_word' id='word_1_532' title='bbox 2125 2241 2304 2280; x_wconf 89' lang='lat' dir='ltr'><strong>meum</strong></span> <span class='ocrx_word' id='word_1_533' title='bbox 2346 2229 2704 2298; x_wconf 79' lang='lat' dir='ltr'><strong>ignoraverim</strong></span> <span class='ocrx_word' id='word_1_534' title='bbox 2748 2234 3034 2290; x_wconf 90' lang='lat' dir='ltr'><strong>Dominum</strong></span> <span class='ocrx_word' id='word_1_535' title='bbox 3072 2246 3123 2290; x_wconf 90' lang='lat' dir='ltr'><strong>et</strong></span> <span class='ocrx_word' id='word_1_536' title='bbox 3161 2237 3490 2297; x_wconf 85' lang='lat' dir='ltr'><strong>Creatorem.</strong></span> 
     </span>
    </p>
   </div>
   <div class='ocr_carea' id='block_1_68' title="bbox 1986 2512 3492 2594">
    <p class='ocr_par' dir='ltr' id='par_1_68' title="bbox 1986 2512 3492 2594">
     <span class='ocr_line' id='line_1_68' title="bbox 1986 2512 3492 2594; baseline 0.01 -26"><span class='ocrx_word' id='word_1_537' title='bbox 1986 2512 2078 2569; x_wconf 74' lang='lat' dir='ltr'><strong>lx.</strong></span> <span class='ocrx_word' id='word_1_538' title='bbox 2125 2515 2327 2571; x_wconf 78' lang='lat' dir='ltr'><strong>Praeses</strong></span> <span class='ocrx_word' id='word_1_539' title='bbox 2362 2527 2542 2572; x_wconf 88' lang='lat' dir='ltr'><strong>autem</strong></span> <span class='ocrx_word' id='word_1_540' title='bbox 2580 2535 2595 2574; x_wconf 76' lang='grc' dir='ltr'><strong>ε</strong></span> <span class='ocrx_word' id='word_1_541' title='bbox 2633 2517 2867 2575; x_wconf 86' lang='lat' dir='ltr'><strong>Perinde</strong></span> <span class='ocrx_word' id='word_1_542' title='bbox 2909 2523 3066 2577; x_wconf 92' lang='lat' dir='ltr'><strong>nobis</strong></span> <span class='ocrx_word' id='word_1_543' title='bbox 3102 2527 3423 2594; x_wconf 82' lang='lat' dir='ltr'><strong>respondes,</strong></span> <span class='ocrx_word' id='word_1_544' title='bbox 3458 2545 3492 2583; x_wconf 93' lang='lat' dir='ltr'><strong>o</strong></span> 
     </span>
    </p>
   </div>
   <div class='ocr_carea' id='block_1_69' title="bbox 1915 2604 3488 2680">
    <p class='ocr_par' dir='ltr' id='par_1_69' title="bbox 1915 2604 3488 2680">
     <span class='ocr_line' id='line_1_69' title="bbox 1915 2604 3488 2680; baseline 0.01 -22"><span class='ocrx_word' id='word_1_545' title='bbox 1915 2604 2233 2676; x_wconf 90' lang='lat' dir='ltr'><strong>Trophime,</strong></span> <span class='ocrx_word' id='word_1_546' title='bbox 2261 2617 2422 2677; x_wconf 87' lang='lat' dir='ltr'><strong>atque</strong></span> <span class='ocrx_word' id='word_1_547' title='bbox 2449 2609 2492 2662; x_wconf 90' lang='lat' dir='ltr'><strong>si</strong></span> <span class='ocrx_word' id='word_1_548' title='bbox 2533 2610 2626 2663; x_wconf 89' lang='lat' dir='ltr'><strong>tibi</strong></span> <span class='ocrx_word' id='word_1_549' title='bbox 2655 2613 3039 2680; x_wconf 86' lang='lat' dir='ltr'><strong>suaderemus,</strong></span> <span class='ocrx_word' id='word_1_550' title='bbox 3079 2631 3188 2670; x_wconf 91' lang='lat' dir='ltr'><strong>non</strong></span> <span class='ocrx_word' id='word_1_551' title='bbox 3223 2618 3488 2676; x_wconf 85' lang='lat' dir='ltr'><strong>desistere</strong></span> 
     </span>
    </p>
   </div>
   <div class='ocr_carea' id='block_1_70' title="bbox 1914 2699 3488 2775">
    <p class='ocr_par' dir='ltr' id='par_1_70' title="bbox 1914 2699 3488 2775">
     <span class='ocr_line' id='line_1_70' title="bbox 1914 2699 3488 2775; baseline 0.009 -22"><span class='ocrx_word' id='word_1_552' title='bbox 1914 2714 1943 2753; x_wconf 88' lang='lat' dir='ltr'><strong>a</strong></span> <span class='ocrx_word' id='word_1_553' title='bbox 1974 2699 2341 2763; x_wconf 80' lang='lat' dir='ltr'><strong>confessione,</strong></span> <span class='ocrx_word' id='word_1_554' title='bbox 2392 2702 2487 2754; x_wconf 89' lang='lat' dir='ltr'><strong>sed</strong></span> <span class='ocrx_word' id='word_1_555' title='bbox 2538 2701 2591 2755; x_wconf 91' lang='lat' dir='ltr'><strong>in</strong></span> <span class='ocrx_word' id='word_1_556' title='bbox 2631 2704 2840 2758; x_wconf 90' lang='lat' dir='ltr'><strong>eisdem</strong></span> <span class='ocrx_word' id='word_1_557' title='bbox 2872 2722 3244 2775; x_wconf 83' lang='lat' dir='ltr'><strong>perseverare,</strong></span> <span class='ocrx_word' id='word_1_558' title='bbox 3272 2721 3328 2765; x_wconf 89' lang='lat' dir='ltr'><strong>et</strong></span> <span class='ocrx_word' id='word_1_559' title='bbox 3368 2725 3488 2766; x_wconf 84' lang='lat' dir='ltr'><strong>am-</strong></span> 
     </span>
    </p>
   </div>
   <div class='ocr_carea' id='block_1_71' title="bbox 1913 2789 3484 2859">
    <p class='ocr_par' dir='ltr' id='par_1_71' title="bbox 1913 2789 3484 2859">
     <span class='ocr_line' id='line_1_71' title="bbox 1913 2789 3484 2859; baseline 0.006 -16"><span class='ocrx_word' id='word_1_560' title='bbox 1913 2790 2074 2859; x_wconf 84' lang='lat' dir='ltr'><strong>plecti</strong></span> <span class='ocrx_word' id='word_1_561' title='bbox 2105 2789 2602 2845; x_wconf 88' lang='lat' dir='ltr'><strong>Christianismum.</strong></span> <span class='ocrx_word' id='word_1_562' title='bbox 2639 2793 2708 2846; x_wconf 88' lang='lat' dir='ltr'><strong>Et</strong></span> <span class='ocrx_word' id='word_1_563' title='bbox 2753 2810 3052 2849; x_wconf 83' lang='lat' dir='ltr'><strong>conversus</strong></span> <span class='ocrx_word' id='word_1_564' title='bbox 3100 2797 3166 2850; x_wconf 84' lang='lat' dir='ltr'><strong>ad</strong></span> <span class='ocrx_word' id='word_1_565' title='bbox 3218 2797 3484 2853; x_wconf 86' lang='lat' dir='ltr'><strong>lictores:</strong></span> 
     </span>
    </p>
   </div>
   <div class='ocr_carea' id='block_1_72' title="bbox 1913 2881 3488 2953">
    <p class='ocr_par' dir='ltr' id='par_1_72' title="bbox 1913 2881 3488 2953">
     <span class='ocr_line' id='line_1_72' title="bbox 1913 2881 3488 2953; baseline 0.006 -17"><span class='ocrx_word' id='word_1_566' title='bbox 1913 2881 2322 2944; x_wconf 85' lang='lat' dir='ltr'><strong>Vehementius,</strong></span> <span class='ocrx_word' id='word_1_567' title='bbox 2352 2883 2548 2952; x_wconf 85' lang='lat' dir='ltr'><strong>inquit,</strong></span> <span class='ocrx_word' id='word_1_568' title='bbox 2578 2885 2622 2938; x_wconf 92' lang='lat' dir='ltr'><strong>si</strong></span> <span class='ocrx_word' id='word_1_569' title='bbox 2653 2889 2924 2953; x_wconf 86' lang='lat' dir='ltr'><strong>quomodo</strong></span> <span class='ocrx_word' id='word_1_570' title='bbox 2954 2889 3168 2942; x_wconf 85' lang='lat' dir='ltr'><strong>tandem</strong></span> <span class='ocrx_word' id='word_1_571' title='bbox 3194 2890 3262 2943; x_wconf 89' lang='lat' dir='ltr'><strong>ab</strong></span> <span class='ocrx_word' id='word_1_572' title='bbox 3288 2891 3372 2944; x_wconf 92' lang='lat' dir='ltr'><strong>his</strong></span> <span class='ocrx_word' id='word_1_573' title='bbox 3393 2891 3488 2945; x_wconf 82' lang='lat' dir='ltr'><strong>de-</strong></span> 
     </span>
    </p>
   </div>
   <div class='ocr_carea' id='block_1_73' title="bbox 1911 2977 3486 3053">
    <p class='ocr_par' dir='ltr' id='par_1_73' title="bbox 1911 2977 3486 3053">
     <span class='ocr_line' id='line_1_73' title="bbox 1911 2977 3486 3053; baseline 0.006 -23"><span class='ocrx_word' id='word_1_574' title='bbox 1911 2977 2062 3030; x_wconf 84' lang='lat' dir='ltr'><strong>sistat</strong></span> <span class='ocrx_word' id='word_1_575' title='bbox 2089 2977 2264 3046; x_wconf 82' lang='lat' dir='ltr'><strong>nugis.</strong></span> <span class='ocrx_word' id='word_1_576' title='bbox 2295 2977 2384 3029; x_wconf 89' lang='lat' dir='ltr'><strong>llle</strong></span> <span class='ocrx_word' id='word_1_577' title='bbox 2411 2989 2591 3031; x_wconf 85' lang='lat' dir='ltr'><strong>autem</strong></span> <span class='ocrx_word' id='word_1_578' title='bbox 2624 2979 2931 3048; x_wconf 84' lang='lat' dir='ltr'><strong>patiebatur</strong></span> <span class='ocrx_word' id='word_1_579' title='bbox 2949 2983 3188 3050; x_wconf 86' lang='lat' dir='ltr'><strong>quidem,</strong></span> <span class='ocrx_word' id='word_1_580' title='bbox 3213 2994 3265 3037; x_wconf 91' lang='lat' dir='ltr'><strong>et</strong></span> <span class='ocrx_word' id='word_1_581' title='bbox 3287 2999 3486 3053; x_wconf 87' lang='lat' dir='ltr'><strong>corpus</strong></span> 
     </span>
    </p>
   </div>
   <div class='ocr_carea' id='block_1_74' title="bbox 1911 3067 3482 3140">
    <p class='ocr_par' dir='ltr' id='par_1_74' title="bbox 1911 3067 3482 3140">
     <span class='ocr_line' id='line_1_74' title="bbox 1911 3067 3482 3140; baseline 0.007 -21"><span class='ocrx_word' id='word_1_582' title='bbox 1911 3068 1959 3120; x_wconf 93' lang='lat' dir='ltr'><strong>ei</strong></span> <span class='ocrx_word' id='word_1_583' title='bbox 2009 3067 2485 3123; x_wconf 85' lang='lat' dir='ltr'><strong>consumebatur:</strong></span> <span class='ocrx_word' id='word_1_584' title='bbox 2518 3069 2729 3140; x_wconf 77' lang='lat' dir='ltr'><strong>vigebat</strong></span> <span class='ocrx_word' id='word_1_585' title='bbox 2763 3085 2890 3124; x_wconf 84' lang='lat' dir='ltr'><strong>vero</strong></span> <span class='ocrx_word' id='word_1_586' title='bbox 2932 3087 2996 3125; x_wconf 89' lang='lat' dir='ltr'><strong>ac</strong></span> <span class='ocrx_word' id='word_1_587' title='bbox 3045 3072 3272 3128; x_wconf 84' lang='lat' dir='ltr'><strong>florebat</strong></span> <span class='ocrx_word' id='word_1_588' title='bbox 3316 3077 3482 3130; x_wconf 90' lang='lat' dir='ltr'><strong>alacri</strong></span> 
     </span>
    </p>
   </div>
   <div class='ocr_carea' id='block_1_75' title="bbox 1911 3161 3486 3235">
    <p class='ocr_par' dir='ltr' id='par_1_75' title="bbox 1911 3161 3486 3235">
     <span class='ocr_line' id='line_1_75' title="bbox 1911 3161 3486 3235; baseline 0.006 -23"><span class='ocrx_word' id='word_1_589' title='bbox 1911 3172 2270 3230; x_wconf 82' lang='lat' dir='ltr'><strong>promptoque</strong></span> <span class='ocrx_word' id='word_1_590' title='bbox 2302 3161 2466 3216; x_wconf 89' lang='lat' dir='ltr'><strong>animi</strong></span> <span class='ocrx_word' id='word_1_591' title='bbox 2518 3163 2721 3229; x_wconf 84' lang='lat' dir='ltr'><strong>studio,</strong></span> <span class='ocrx_word' id='word_1_592' title='bbox 2752 3166 2805 3218; x_wconf 71' lang='lat' dir='ltr'><strong>et</strong></span> <span class='ocrx_word' id='word_1_593' title='bbox 2841 3181 2937 3234; x_wconf 92' lang='lat' dir='ltr'><strong>pro</strong></span> <span class='ocrx_word' id='word_1_594' title='bbox 2984 3166 3187 3235; x_wconf 82' lang='lat' dir='ltr'><strong>pietate</strong></span> <span class='ocrx_word' id='word_1_595' title='bbox 3235 3168 3486 3223; x_wconf 50' lang='lat' dir='ltr'><strong>decerni-</strong></span> 
     </span>
    </p>
   </div>
   <div class='ocr_carea' id='block_1_76' title="bbox 1913 3252 3484 3328">
    <p class='ocr_par' dir='ltr' id='par_1_76' title="bbox 1913 3252 3484 3328">
     <span class='ocr_line' id='line_1_76' title="bbox 1913 3252 3484 3328; baseline 0.008 -25"><span class='ocrx_word' id='word_1_596' title='bbox 1913 3252 2006 3304; x_wconf 85' lang='lat' dir='ltr'><strong>bat</strong></span> <span class='ocrx_word' id='word_1_597' title='bbox 2058 3254 2433 3307; x_wconf 87' lang='lat' dir='ltr'><strong>vehementer.</strong></span> <span class='ocrx_word' id='word_1_598' title='bbox 2489 3254 2630 3309; x_wconf 85' lang='lat' dir='ltr'><strong>Eum</strong></span> <span class='ocrx_word' id='word_1_599' title='bbox 2673 3267 2854 3310; x_wconf 89' lang='lat' dir='ltr'><strong>autem</strong></span> <span class='ocrx_word' id='word_1_600' title='bbox 2901 3257 3182 3312; x_wconf 66' lang='lat' dir='ltr'><strong>ludiftcans</strong></span> <span class='ocrx_word' id='word_1_601' title='bbox 3223 3275 3423 3328; x_wconf 73' lang='lat' dir='ltr'><strong>praeses</strong></span> <span class='ocrx_word' id='word_1_602' title='bbox 3473 3281 3484 3314; x_wconf 91' lang='lat'><strong>:</strong></span> 
     </span>
    </p>
   </div>
   <div class='ocr_carea' id='block_1_77' title="bbox 1912 3345 3489 3416">
    <p class='ocr_par' dir='ltr' id='par_1_77' title="bbox 1912 3345 3489 3416">
     <span class='ocr_line' id='line_1_77' title="bbox 1912 3345 3489 3416; baseline 0.003 -18"><span class='ocrx_word' id='word_1_603' title='bbox 1912 3345 2185 3406; x_wconf 86' lang='lat' dir='ltr'><strong>Nondum,</strong></span> <span class='ocrx_word' id='word_1_604' title='bbox 2222 3346 2420 3415; x_wconf 90' lang='lat' dir='ltr'><strong>inquit,</strong></span> <span class='ocrx_word' id='word_1_605' title='bbox 2472 3348 2715 3408; x_wconf 82' lang='lat' dir='ltr'><strong>sensisti,</strong></span> <span class='ocrx_word' id='word_1_606' title='bbox 2747 3365 2781 3401; x_wconf 89' lang='grc' dir='ltr'><strong>ο</strong></span> <span class='ocrx_word' id='word_1_607' title='bbox 2821 3347 3140 3416; x_wconf 89' lang='lat' dir='ltr'><strong>Trophime,</strong></span> <span class='ocrx_word' id='word_1_608' title='bbox 3175 3352 3489 3404; x_wconf 89' lang='lat' dir='ltr'><strong>tormenta?</strong></span> 
     </span>
    </p>
   </div>
   <div class='ocr_carea' id='block_1_78' title="bbox 1913 3435 3486 3511">
    <p class='ocr_par' dir='ltr' id='par_1_78' title="bbox 1913 3435 3486 3511">
     <span class='ocr_line' id='line_1_78' title="bbox 1913 3435 3486 3511; baseline 0.003 -18"><span class='ocrx_word' id='word_1_609' title='bbox 1913 3437 2112 3506; x_wconf 79' lang='lat' dir='ltr'><strong>Martyr</strong></span> <span class='ocrx_word' id='word_1_610' title='bbox 2141 3451 2321 3492; x_wconf 87' lang='lat' dir='ltr'><strong>autem</strong></span> <span class='ocrx_word' id='word_1_611' title='bbox 2355 3453 2369 3490; x_wconf 78' lang='grc' dir='ltr'><strong>ε</strong></span> <span class='ocrx_word' id='word_1_612' title='bbox 2401 3435 2538 3501; x_wconf 83' lang='lat' dir='ltr'><strong>Jam,</strong></span> <span class='ocrx_word' id='word_1_613' title='bbox 2572 3437 2770 3506; x_wconf 90' lang='lat' dir='ltr'><strong>inquit,</strong></span> <span class='ocrx_word' id='word_1_614' title='bbox 2803 3439 2916 3492; x_wconf 89' lang='lat' dir='ltr'><strong>scio</strong></span> <span class='ocrx_word' id='word_1_615' title='bbox 2951 3447 3004 3492; x_wconf 91' lang='lat' dir='ltr'><strong>te</strong></span> <span class='ocrx_word' id='word_1_616' title='bbox 3058 3441 3226 3511; x_wconf 87' lang='lat' dir='ltr'><strong>magis</strong></span> <span class='ocrx_word' id='word_1_617' title='bbox 3279 3444 3486 3497; x_wconf 87' lang='lat' dir='ltr'><strong>sentire</strong></span> 
     </span>
    </p>
   </div>
   <div class='ocr_carea' id='block_1_79' title="bbox 1911 3529 3489 3598">
    <p class='ocr_par' dir='ltr' id='par_1_79' title="bbox 1911 3529 3489 3598">
     <span class='ocr_line' id='line_1_79' title="bbox 1911 3529 3489 3598; baseline 0.006 -18"><span class='ocrx_word' id='word_1_618' title='bbox 1911 3529 2317 3596; x_wconf 87' lang='lat' dir='ltr'><strong>perpessionem</strong></span> <span class='ocrx_word' id='word_1_619' title='bbox 2357 3544 2372 3582; x_wconf 90' lang='lat'>:</span> <span class='ocrx_word' id='word_1_620' title='bbox 2426 3537 2611 3598; x_wconf 89' lang='lat' dir='ltr'><strong>aperte</strong></span> <span class='ocrx_word' id='word_1_621' title='bbox 2651 3531 2798 3584; x_wconf 88' lang='lat' dir='ltr'><strong>enim</strong></span> <span class='ocrx_word' id='word_1_622' title='bbox 2844 3531 3108 3594; x_wconf 87' lang='lat' dir='ltr'><strong>ostendis.</strong></span> <span class='ocrx_word' id='word_1_623' title='bbox 3141 3533 3273 3587; x_wconf 90' lang='lat' dir='ltr'><strong>iram</strong></span> <span class='ocrx_word' id='word_1_624' title='bbox 3328 3535 3384 3588; x_wconf 93' lang='lat' dir='ltr'><strong>in</strong></span> <span class='ocrx_word' id='word_1_625' title='bbox 3435 3545 3489 3590; x_wconf 88' lang='lat' dir='ltr'><strong>te</strong></span> 
     </span>
    </p>
   </div>
   <div class='ocr_carea' id='block_1_80' title="bbox 1912 3622 3487 3698">
    <p class='ocr_par' dir='ltr' id='par_1_80' title="bbox 1912 3622 3487 3698">
     <span class='ocr_line' id='line_1_80' title="bbox 1912 3622 3487 3698; baseline 0.006 -26"><span class='ocrx_word' id='word_1_626' title='bbox 1912 3633 2158 3689; x_wconf 89' lang='lat' dir='ltr'><strong>magnam</strong></span> <span class='ocrx_word' id='word_1_627' title='bbox 2181 3634 2433 3673; x_wconf 81' lang='lat' dir='ltr'><strong>exercere</strong></span> <span class='ocrx_word' id='word_1_628' title='bbox 2459 3622 2822 3688; x_wconf 89' lang='lat' dir='ltr'><strong>tyrannidem.</strong></span> <span class='ocrx_word' id='word_1_629' title='bbox 2857 3624 2986 3676; x_wconf 80' lang='lat' dir='ltr'><strong>Mihi</strong></span> <span class='ocrx_word' id='word_1_630' title='bbox 3021 3641 3147 3677; x_wconf 92' lang='lat' dir='ltr'><strong>vero</strong></span> <span class='ocrx_word' id='word_1_631' title='bbox 3171 3642 3282 3695; x_wconf 89' lang='lat' dir='ltr'><strong>quo</strong></span> <span class='ocrx_word' id='word_1_632' title='bbox 3319 3631 3487 3698; x_wconf 84' lang='lat' dir='ltr'><strong>magis</strong></span> 
     </span>
    </p>
   </div>
   <div class='ocr_carea' id='block_1_81' title="bbox 1912 3709 3481 3781">
    <p class='ocr_par' dir='ltr' id='par_1_81' title="bbox 1912 3709 3481 3781">
     <span class='ocr_line' id='line_1_81' title="bbox 1912 3709 3481 3781; baseline 0.005 -18"><span class='ocrx_word' id='word_1_633' title='bbox 1912 3722 2112 3778; x_wconf 91' lang='lat' dir='ltr'><strong>corpus</strong></span> <span class='ocrx_word' id='word_1_634' title='bbox 2158 3709 2516 3774; x_wconf 87' lang='lat' dir='ltr'><strong>consumitur,</strong></span> <span class='ocrx_word' id='word_1_635' title='bbox 2562 3725 2628 3762; x_wconf 93' lang='lat' dir='ltr'><strong>eo</strong></span> <span class='ocrx_word' id='word_1_636' title='bbox 2682 3711 2850 3781; x_wconf 82' lang='lat' dir='ltr'><strong>magis</strong></span> <span class='ocrx_word' id='word_1_637' title='bbox 2900 3712 3128 3766; x_wconf 83' lang='lat' dir='ltr'><strong>solvitur</strong></span> <span class='ocrx_word' id='word_1_638' title='bbox 3162 3730 3191 3767; x_wconf 89' lang='lat' dir='ltr'><strong>a</strong></span> <span class='ocrx_word' id='word_1_639' title='bbox 3228 3719 3481 3778; x_wconf 88' lang='lat' dir='ltr'><strong>vinculis.</strong></span> 
     </span>
    </p>
   </div>
   <div class='ocr_carea' id='block_1_82' title="bbox 1912 3800 3485 3870">
    <p class='ocr_par' dir='ltr' id='par_1_82' title="bbox 1912 3800 3485 3870">
     <span class='ocr_line' id='line_1_82' title="bbox 1912 3800 3485 3870; baseline 0.004 -16"><span class='ocrx_word' id='word_1_640' title='bbox 1912 3800 2283 3870; x_wconf 91' lang='lat' dir='ltr'><strong>liberaturque</strong></span> <span class='ocrx_word' id='word_1_641' title='bbox 2304 3801 2549 3865; x_wconf 88' lang='lat' dir='ltr'><strong>omnino,</strong></span> <span class='ocrx_word' id='word_1_642' title='bbox 2573 3810 2626 3855; x_wconf 92' lang='lat' dir='ltr'><strong>et</strong></span> <span class='ocrx_word' id='word_1_643' title='bbox 2650 3800 2708 3854; x_wconf 87' lang='lat' dir='ltr'><strong>fit</strong></span> <span class='ocrx_word' id='word_1_644' title='bbox 2724 3804 2902 3854; x_wconf 90' lang='lat' dir='ltr'><strong>anima</strong></span> <span class='ocrx_word' id='word_1_645' title='bbox 2923 3803 3178 3857; x_wconf 91' lang='lat' dir='ltr'><strong>divinior.</strong></span> <span class='ocrx_word' id='word_1_646' title='bbox 3201 3804 3316 3859; x_wconf 88' lang='lat' dir='ltr'><strong>Non</strong></span> <span class='ocrx_word' id='word_1_647' title='bbox 3341 3808 3485 3860; x_wconf 88' lang='lat' dir='ltr'><strong>enim</strong></span> 
     </span>
    </p>
   </div>
   <div class='ocr_carea' id='block_1_83' title="bbox 1911 3891 3486 3959">
    <p class='ocr_par' dir='ltr' id='par_1_83' title="bbox 1911 3891 3486 3959">
     <span class='ocr_line' id='line_1_83' title="bbox 1911 3891 3486 3959; baseline 0.006 -17"><span class='ocrx_word' id='word_1_648' title='bbox 1911 3905 2136 3942; x_wconf 85' lang='lat' dir='ltr'><strong>manens</strong></span> <span class='ocrx_word' id='word_1_649' title='bbox 2189 3891 2244 3942; x_wconf 89' lang='lat' dir='ltr'><strong>in</strong></span> <span class='ocrx_word' id='word_1_650' title='bbox 2297 3906 2523 3959; x_wconf 89' lang='lat' dir='ltr'><strong>corpore</strong></span> <span class='ocrx_word' id='word_1_651' title='bbox 2573 3909 2676 3944; x_wconf 89' lang='lat' dir='ltr'><strong>una</strong></span> <span class='ocrx_word' id='word_1_652' title='bbox 2722 3909 2843 3944; x_wconf 90' lang='lat' dir='ltr'><strong>cum</strong></span> <span class='ocrx_word' id='word_1_653' title='bbox 2889 3909 2953 3948; x_wconf 90' lang='lat' dir='ltr'><strong>eo</strong></span> <span class='ocrx_word' id='word_1_654' title='bbox 3006 3897 3237 3947; x_wconf 91' lang='lat' dir='ltr'><strong>moritur</strong></span> <span class='ocrx_word' id='word_1_655' title='bbox 3310 3915 3322 3949; x_wconf 89' lang='lat'><strong>:</strong></span> <span class='ocrx_word' id='word_1_656' title='bbox 3390 3899 3486 3952; x_wconf 86' lang='lat' dir='ltr'><strong>sed</strong></span> 
     </span>
    </p>
   </div>
   <div class='ocr_carea' id='block_1_84' title="bbox 1911 3977 3477 4053">
    <p class='ocr_par' dir='ltr' id='par_1_84' title="bbox 1911 3977 3477 4053">
     <span class='ocr_line' id='line_1_84' title="bbox 1911 3977 3477 4053; baseline 0.004 -21"><span class='ocrx_word' id='word_1_657' title='bbox 1911 3978 2109 4033; x_wconf 86' lang='lat' dir='ltr'><strong>transit</strong></span> <span class='ocrx_word' id='word_1_658' title='bbox 2138 3977 2204 4032; x_wconf 89' lang='lat' dir='ltr'><strong>ad</strong></span> <span class='ocrx_word' id='word_1_659' title='bbox 2235 3992 2300 4031; x_wconf 90' lang='lat' dir='ltr'><strong>ea</strong></span> <span class='ocrx_word' id='word_1_660' title='bbox 2348 3993 2468 4047; x_wconf 70' lang='lat' dir='ltr'><strong>quze</strong></span> <span class='ocrx_word' id='word_1_661' title='bbox 2502 3978 2808 4043; x_wconf 87' lang='lat' dir='ltr'><strong>desiderat,</strong></span> <span class='ocrx_word' id='word_1_662' title='bbox 2842 3988 2894 4032; x_wconf 91' lang='lat' dir='ltr'><strong>et</strong></span> <span class='ocrx_word' id='word_1_663' title='bbox 2953 3981 3222 4049; x_wconf 80' lang='lat' dir='ltr'><strong>propriam</strong></span> <span class='ocrx_word' id='word_1_664' title='bbox 3286 3984 3477 4053; x_wconf 88' lang='lat' dir='ltr'><strong>recipit</strong></span> 
     </span>
    </p>
   </div>
   <div class='ocr_carea' id='block_1_85' title="bbox 1912 4069 3484 4139">
    <p class='ocr_par' dir='ltr' id='par_1_85' title="bbox 1912 4069 3484 4139">
     <span class='ocr_line' id='line_1_85' title="bbox 1912 4069 3484 4139; baseline 0.004 -16"><span class='ocrx_word' id='word_1_665' title='bbox 1912 4071 2307 4126; x_wconf 77' lang='lat' dir='ltr'><strong>Inereditatem.</strong></span> <span class='ocrx_word' id='word_1_666' title='bbox 2358 4069 2450 4124; x_wconf 88' lang='lat' dir='ltr'><strong>llle</strong></span> <span class='ocrx_word' id='word_1_667' title='bbox 2498 4071 2716 4139; x_wconf 87' lang='lat' dir='ltr'><strong>quidem</strong></span> <span class='ocrx_word' id='word_1_668' title='bbox 2778 4071 2893 4124; x_wconf 70' lang='lat' dir='ltr'><strong>haec</strong></span> <span class='ocrx_word' id='word_1_669' title='bbox 2944 4072 3159 4126; x_wconf 86' lang='lat' dir='ltr'><strong>dicebat</strong></span> <span class='ocrx_word' id='word_1_670' title='bbox 3205 4089 3218 4137; x_wconf 88' lang='lat'><strong>;</strong></span> <span class='ocrx_word' id='word_1_671' title='bbox 3263 4073 3484 4130; x_wconf 86' lang='lat' dir='ltr'><strong>lictores</strong></span> 
     </span>
    </p>
   </div>
   <div class='ocr_carea' id='block_1_86' title="bbox 1910 4162 3482 4235">
    <p class='ocr_par' dir='ltr' id='par_1_86' title="bbox 1910 4162 3482 4235">
     <span class='ocr_line' id='line_1_86' title="bbox 1910 4162 3482 4235; baseline 0.002 -19"><span class='ocrx_word' id='word_1_672' title='bbox 1910 4173 2089 4216; x_wconf 90' lang='lat' dir='ltr'><strong>autem</strong></span> <span class='ocrx_word' id='word_1_673' title='bbox 2121 4178 2179 4217; x_wconf 84' lang='lat' dir='ltr'><strong>se</strong></span> <span class='ocrx_word' id='word_1_674' title='bbox 2207 4162 2439 4216; x_wconf 87' lang='lat' dir='ltr'><strong>invicem</strong></span> <span class='ocrx_word' id='word_1_675' title='bbox 2475 4164 2612 4216; x_wconf 89' lang='lat' dir='ltr'><strong>alter</strong></span> <span class='ocrx_word' id='word_1_676' title='bbox 2638 4162 2865 4216; x_wconf 88' lang='lat' dir='ltr'><strong>alterum</strong></span> <span class='ocrx_word' id='word_1_677' title='bbox 2896 4164 3250 4231; x_wconf 75' lang='lat' dir='ltr'><strong>excipientes,</strong></span> <span class='ocrx_word' id='word_1_678' title='bbox 3281 4165 3329 4218; x_wconf 94' lang='lat' dir='ltr'><strong>ei</strong></span> <span class='ocrx_word' id='word_1_679' title='bbox 3360 4181 3482 4235; x_wconf 83' lang='lat' dir='ltr'><strong>gra-</strong></span> 
     </span>
    </p>
   </div>
   <div class='ocr_carea' id='block_1_87' title="bbox 1909 4250 3480 4323">
    <p class='ocr_par' dir='ltr' id='par_1_87' title="bbox 1909 4250 3480 4323">
     <span class='ocr_line' id='line_1_87' title="bbox 1909 4250 3480 4323; baseline 0.003 -17"><span class='ocrx_word' id='word_1_680' title='bbox 1909 4256 2088 4308; x_wconf 89' lang='lat' dir='ltr'><strong>viores</strong></span> <span class='ocrx_word' id='word_1_681' title='bbox 2131 4253 2346 4318; x_wconf 78' lang='lat' dir='ltr'><strong>dolores</strong></span> <span class='ocrx_word' id='word_1_682' title='bbox 2390 4254 2710 4305; x_wconf 80' lang='lat' dir='ltr'><strong>aﬂercbant.</strong></span> <span class='ocrx_word' id='word_1_683' title='bbox 2753 4250 2844 4306; x_wconf 93' lang='lat' dir='ltr'><strong>Ille</strong></span> <span class='ocrx_word' id='word_1_684' title='bbox 2892 4263 3072 4307; x_wconf 87' lang='lat' dir='ltr'><strong>autem</strong></span> <span class='ocrx_word' id='word_1_685' title='bbox 3113 4271 3125 4307; x_wconf 91' lang='lat'><strong>:</strong></span> <span class='ocrx_word' id='word_1_686' title='bbox 3173 4255 3373 4323; x_wconf 84' lang='lat' dir='ltr'><strong>Aspice</strong></span> <span class='ocrx_word' id='word_1_687' title='bbox 3411 4258 3480 4311; x_wconf 90' lang='lat' dir='ltr'><strong>de</strong></span> 
     </span>
    </p>
   </div>
   <div class='ocr_carea' id='block_1_88' title="bbox 1909 4343 3478 4416">
    <p class='ocr_par' dir='ltr' id='par_1_88' title="bbox 1909 4343 3478 4416">
     <span class='ocr_line' id='line_1_88' title="bbox 1909 4343 3478 4416; baseline 0.001 -16"><span class='ocrx_word' id='word_1_688' title='bbox 1909 4346 2068 4410; x_wconf 68' lang='lat' dir='ltr'><strong>caelo,</strong></span> <span class='ocrx_word' id='word_1_689' title='bbox 2095 4354 2149 4399; x_wconf 89' lang='lat' dir='ltr'><strong>et</strong></span> <span class='ocrx_word' id='word_1_690' title='bbox 2172 4359 2257 4398; x_wconf 86' lang='lat' dir='ltr'><strong>me</strong></span> <span class='ocrx_word' id='word_1_691' title='bbox 2285 4343 2474 4406; x_wconf 87' lang='lat' dir='ltr'><strong>libera,</strong></span> <span class='ocrx_word' id='word_1_692' title='bbox 2503 4343 2736 4410; x_wconf 83' lang='lat' dir='ltr'><strong>dicebat,</strong></span> <span class='ocrx_word' id='word_1_693' title='bbox 2766 4343 2927 4411; x_wconf 89' lang='lat' dir='ltr'><strong>Deus,</strong></span> <span class='ocrx_word' id='word_1_694' title='bbox 2955 4346 3020 4400; x_wconf 80' lang='lat' dir='ltr'><strong>de</strong></span> <span class='ocrx_word' id='word_1_695' title='bbox 3049 4345 3245 4416; x_wconf 83' lang='lat' dir='ltr'><strong>laqueo</strong></span> <span class='ocrx_word' id='word_1_696' title='bbox 3275 4364 3478 4402; x_wconf 79' lang='lat' dir='ltr'><strong>venan-</strong></span> 
     </span>
    </p>
   </div>
   <div class='ocr_carea' id='block_1_89' title="bbox 1908 4435 3481 4505">
    <p class='ocr_par' dir='ltr' id='par_1_89' title="bbox 1908 4435 3481 4505">
     <span class='ocr_line' id='line_1_89' title="bbox 1908 4435 3481 4505; baseline 0.003 -16"><span class='ocrx_word' id='word_1_697' title='bbox 1908 4437 2063 4490; x_wconf 91' lang='lat' dir='ltr'><strong>tium.</strong></span> <span class='ocrx_word' id='word_1_698' title='bbox 2112 4435 2375 4500; x_wconf 83' lang='lat' dir='ltr'><strong>Quoniam</strong></span> <span class='ocrx_word' id='word_1_699' title='bbox 2410 4447 2464 4488; x_wconf 75' lang='grc' dir='ltr'><strong>ιιι</strong></span> <span class='ocrx_word' id='word_1_700' title='bbox 2513 4451 2572 4490; x_wconf 90' lang='lat' dir='ltr'><strong>es</strong></span> <span class='ocrx_word' id='word_1_701' title='bbox 2606 4437 2867 4505; x_wconf 88' lang='lat' dir='ltr'><strong>patientia</strong></span> <span class='ocrx_word' id='word_1_702' title='bbox 2903 4452 3044 4500; x_wconf 85' lang='lat' dir='ltr'><strong>mea,</strong></span> <span class='ocrx_word' id='word_1_703' title='bbox 3087 4437 3371 4492; x_wconf 86' lang='lat' dir='ltr'><strong>Domine&#39;.</strong></span> <span class='ocrx_word' id='word_1_704' title='bbox 3417 4439 3481 4493; x_wconf 81' lang='lat' dir='ltr'><strong>Et</strong></span> 
     </span>
    </p>
   </div>
   <div class='ocr_carea' id='block_1_90' title="bbox 230 4522 1846 4597">
    <p class='ocr_par' dir='ltr' id='par_1_90' title="bbox 230 4522 1846 4596">
     <span class='ocr_line' id='line_1_90' title="bbox 230 4522 1846 4596; baseline -0.009 -11"><span class='ocrx_word' id='word_1_705' title='bbox 230 4532 398 4584; x_wconf 78' lang='grc' dir='ltr'>πολλα</span> <span class='ocrx_word' id='word_1_706' title='bbox 431 4529 524 4596; x_wconf 81' lang='grc' dir='ltr'>τὴν</span> <span class='ocrx_word' id='word_1_707' title='bbox 552 4527 644 4578; x_wconf 80' lang='grc' dir='ltr'>τοῦ</span> <span class='ocrx_word' id='word_1_708' title='bbox 671 4524 936 4594; x_wconf 72' lang='grc' dir='ltr'>ἡγεμόνος</span> <span class='ocrx_word' id='word_1_709' title='bbox 969 4523 1199 4589; x_wconf 79' lang='grc' dir='ltr'>ἐπληττε</span> <span class='ocrx_word' id='word_1_710' title='bbox 1249 4522 1513 4588; x_wconf 68' lang='grc' dir='ltr'>κεφαλὴν,</span> <span class='ocrx_word' id='word_1_711' title='bbox 1534 4523 1628 4571; x_wconf 79' lang='grc' dir='ltr'><strong>καὶ</strong></span> <span class='ocrx_word' id='word_1_712' title='bbox 1661 4522 1799 4572; x_wconf 75' lang='grc' dir='ltr'>κατὰ</span> <span class='ocrx_word' id='word_1_713' title='bbox 1835 4535 1846 4590; x_wconf 82' lang='grc' dir='ltr'><strong>ι</strong></span> 
     </span>
    </p>
   </div>
   <div class='ocr_carea' id='block_1_91' title="bbox 1915 4522 3478 4597">
    <p class='ocr_par' dir='ltr' id='par_1_91' title="bbox 1915 4526 3478 4597">
     <span class='ocr_line' id='line_1_91' title="bbox 1915 4526 3478 4597; baseline 0.001 -17"><span class='ocrx_word' id='word_1_714' title='bbox 1915 4529 2008 4582; x_wconf 79' lang='lat' dir='ltr'><strong>hoc</strong></span> <span class='ocrx_word' id='word_1_715' title='bbox 2039 4527 2152 4582; x_wconf 89' lang='lat' dir='ltr'><strong>solo</strong></span> <span class='ocrx_word' id='word_1_716' title='bbox 2187 4528 2353 4582; x_wconf 83' lang='lat' dir='ltr'><strong>verbo</strong></span> <span class='ocrx_word' id='word_1_717' title='bbox 2381 4527 2531 4579; x_wconf 86' lang='lat' dir='ltr'><strong>valde</strong></span> <span class='ocrx_word' id='word_1_718' title='bbox 2561 4526 3008 4596; x_wconf 88' lang='lat' dir='ltr'><strong>percussitcaput</strong></span> <span class='ocrx_word' id='word_1_719' title='bbox 3043 4527 3311 4597; x_wconf 69' lang='lat' dir='ltr'><strong>praesidis,</strong></span> <span class='ocrx_word' id='word_1_720' title='bbox 3341 4536 3394 4583; x_wconf 88' lang='lat' dir='ltr'><strong>et</strong></span> <span class='ocrx_word' id='word_1_721' title='bbox 3423 4529 3478 4582; x_wconf 86' lang='lat' dir='ltr'><strong>in</strong></span> 
     </span>
    </p>
   </div>
   <div class='ocr_carea' id='block_1_92' title="bbox 227 4612 1846 4693">
    <p class='ocr_par' dir='ltr' id='par_1_92' title="bbox 227 4612 1806 4693">
     <span class='ocr_line' id='line_1_92' title="bbox 227 4612 1806 4693; baseline -0.007 -19"><span class='ocrx_word' id='word_1_722' title='bbox 227 4625 327 4693; x_wconf 76' lang='grc' dir='ltr'>τῆς</span> <span class='ocrx_word' id='word_1_723' title='bbox 359 4621 634 4690; x_wconf 79' lang='grc' dir='ltr'>μακαρίας</span> <span class='ocrx_word' id='word_1_724' title='bbox 671 4616 862 4669; x_wconf 78' lang='grc' dir='ltr'>ἐαυτοῦ</span> <span class='ocrx_word' id='word_1_725' title='bbox 894 4616 1134 4683; x_wconf 76' lang='grc' dir='ltr'>κεφαλῆς</span> <span class='ocrx_word' id='word_1_726' title='bbox 1179 4614 1306 4683; x_wconf 83' lang='grc' dir='ltr'>ὃλην</span> <span class='ocrx_word' id='word_1_727' title='bbox 1338 4612 1550 4664; x_wconf 87' lang='grc' dir='ltr'>ἐκείνου</span> <span class='ocrx_word' id='word_1_728' title='bbox 1585 4612 1682 4681; x_wconf 81' lang='grc' dir='ltr'>τὴν</span> <span class='ocrx_word' id='word_1_729' title='bbox 1719 4612 1806 4663; x_wconf 78' lang='grc' dir='ltr'><strong>δύο</strong></span> 
     </span>
    </p>
   </div>
   <div class='ocr_carea' id='block_1_93' title="bbox 1915 4612 3477 4693">
    <p class='ocr_par' dir='ltr' id='par_1_93' title="bbox 1915 4618 3477 4685">
     <span class='ocr_line' id='line_1_93' title="bbox 1915 4618 3477 4685; baseline 0 -10"><span class='ocrx_word' id='word_1_730' title='bbox 1915 4622 2119 4675; x_wconf 82' lang='lat' dir='ltr'><strong>beatum</strong></span> <span class='ocrx_word' id='word_1_731' title='bbox 2154 4635 2310 4673; x_wconf 91' lang='lat' dir='ltr'><strong>suum</strong></span> <span class='ocrx_word' id='word_1_732' title='bbox 2344 4629 2503 4685; x_wconf 87' lang='lat' dir='ltr'><strong>caput</strong></span> <span class='ocrx_word' id='word_1_733' title='bbox 2535 4618 2842 4674; x_wconf 79' lang='lat' dir='ltr'><strong>universam</strong></span> <span class='ocrx_word' id='word_1_734' title='bbox 2874 4619 2980 4672; x_wconf 88' lang='lat' dir='ltr'><strong>vim</strong></span> <span class='ocrx_word' id='word_1_735' title='bbox 3013 4618 3158 4672; x_wconf 88' lang='lat' dir='ltr'><strong>illius</strong></span> <span class='ocrx_word' id='word_1_736' title='bbox 3202 4621 3370 4674; x_wconf 82' lang='lat' dir='ltr'><strong>movit</strong></span> <span class='ocrx_word' id='word_1_737' title='bbox 3420 4630 3477 4675; x_wconf 88' lang='lat' dir='ltr'><strong>et</strong></span> 
     </span>
    </p>
   </div>
   <div class='ocr_carea' id='block_1_94' title="bbox 231 4704 1846 4785">
    <p class='ocr_par' dir='ltr' id='par_1_94' title="bbox 231 4704 1805 4785">
     <span class='ocr_line' id='line_1_94' title="bbox 231 4704 1805 4785; baseline -0.009 -16"><span class='ocrx_word' id='word_1_738' title='bbox 231 4733 399 4785; x_wconf 88' lang='grc' dir='ltr'>ναμιν</span> <span class='ocrx_word' id='word_1_739' title='bbox 427 4718 519 4765; x_wconf 85' lang='grc' dir='ltr'>καί</span> <span class='ocrx_word' id='word_1_740' title='bbox 551 4713 647 4780; x_wconf 80' lang='grc' dir='ltr'>τὴν</span> <span class='ocrx_word' id='word_1_741' title='bbox 684 4709 880 4780; x_wconf 84' lang='grc' dir='ltr'>μανίαν</span> <span class='ocrx_word' id='word_1_742' title='bbox 913 4709 1099 4761; x_wconf 78' lang='grc' dir='ltr'>ἐκίνει.</span> <span class='ocrx_word' id='word_1_743' title='bbox 1133 4707 1350 4776; x_wconf 83' lang='grc' dir='ltr'>Ἀμέλει</span> <span class='ocrx_word' id='word_1_744' title='bbox 1398 4707 1489 4760; x_wconf 78' lang='grc' dir='ltr'>καὶ</span> <span class='ocrx_word' id='word_1_745' title='bbox 1531 4704 1660 4768; x_wconf 74' lang='grc' dir='ltr'>ἃλας</span> <span class='ocrx_word' id='word_1_746' title='bbox 1723 4707 1805 4769; x_wconf 88' lang='grc' dir='ltr'><strong>είς</strong></span> 
     </span>
    </p>
   </div>
   <div class='ocr_carea' id='block_1_95' title="bbox 1915 4704 3476 4785">
    <p class='ocr_par' dir='ltr' id='par_1_95' title="bbox 1915 4707 3476 4778">
     <span class='ocr_line' id='line_1_95' title="bbox 1915 4707 3476 4778; baseline -0.001 -13"><span class='ocrx_word' id='word_1_747' title='bbox 1915 4711 2190 4765; x_wconf 78' lang='lat' dir='ltr'><strong>insaniam.</strong></span> <span class='ocrx_word' id='word_1_748' title='bbox 2224 4708 2410 4778; x_wconf 86' lang='lat' dir='ltr'><strong>Itaque</strong></span> <span class='ocrx_word' id='word_1_749' title='bbox 2443 4724 2565 4763; x_wconf 91' lang='lat' dir='ltr'><strong>cum</strong></span> <span class='ocrx_word' id='word_1_750' title='bbox 2603 4710 2769 4762; x_wconf 88' lang='lat' dir='ltr'><strong>salem</strong></span> <span class='ocrx_word' id='word_1_751' title='bbox 2816 4707 3097 4775; x_wconf 79' lang='lat' dir='ltr'><strong>iniecisset</strong></span> <span class='ocrx_word' id='word_1_752' title='bbox 3143 4709 3194 4761; x_wconf 93' lang='lat' dir='ltr'><strong>in</strong></span> <span class='ocrx_word' id='word_1_753' title='bbox 3238 4719 3476 4773; x_wconf 87' lang='lat' dir='ltr'><strong>acetum,</strong></span> 
     </span>
    </p>
   </div>
   <div class='ocr_carea' id='block_1_96' title="bbox 227 4797 1846 4872">
    <p class='ocr_par' dir='ltr' id='par_1_96' title="bbox 227 4797 1806 4872">
     <span class='ocr_line' id='line_1_96' title="bbox 227 4797 1806 4872; baseline -0.008 -14"><span class='ocrx_word' id='word_1_754' title='bbox 227 4808 348 4871; x_wconf 68' lang='grc' dir='ltr'>ὅξος</span> <span class='ocrx_word' id='word_1_755' title='bbox 379 4802 652 4872; x_wconf 77' lang='grc' dir='ltr'>ἐμϐαλὼν,</span> <span class='ocrx_word' id='word_1_756' title='bbox 684 4803 777 4852; x_wconf 76' lang='grc' dir='ltr'><strong>καὶ</strong></span> <span class='ocrx_word' id='word_1_757' title='bbox 799 4801 898 4868; x_wconf 78' lang='grc' dir='ltr'>τὴν</span> <span class='ocrx_word' id='word_1_758' title='bbox 947 4800 1152 4849; x_wconf 82' lang='grc' dir='ltr'>ἐκείνου</span> <span class='ocrx_word' id='word_1_759' title='bbox 1182 4798 1486 4866; x_wconf 84' lang='grc' dir='ltr'>δριμύτητα</span> <span class='ocrx_word' id='word_1_760' title='bbox 1509 4799 1572 4865; x_wconf 73' lang='grc' dir='ltr'><strong>τῇ</strong></span> <span class='ocrx_word' id='word_1_761' title='bbox 1602 4797 1806 4847; x_wconf 89' lang='grc' dir='ltr'>τούτων</span> 
     </span>
    </p>
   </div>
   <div class='ocr_carea' id='block_1_97' title="bbox 1915 4797 3476 4872">
    <p class='ocr_par' dir='ltr' id='par_1_97' title="bbox 1915 4799 3476 4870">
     <span class='ocr_line' id='line_1_97' title="bbox 1915 4799 3476 4870; baseline -0.001 -15"><span class='ocrx_word' id='word_1_762' title='bbox 1915 4811 1950 4855; x_wconf 72' lang='lat' dir='ltr'><strong>et</strong></span> <span class='ocrx_word' id='word_1_763' title='bbox 1994 4801 2156 4870; x_wconf 86' lang='lat' dir='ltr'><strong>hujus</strong></span> <span class='ocrx_word' id='word_1_764' title='bbox 2195 4802 2550 4855; x_wconf 86' lang='lat' dir='ltr'><strong>acrimoniam</strong></span> <span class='ocrx_word' id='word_1_765' title='bbox 2593 4799 2739 4853; x_wconf 79' lang='lat' dir='ltr'><strong>illius</strong></span> <span class='ocrx_word' id='word_1_766' title='bbox 2774 4807 3138 4869; x_wconf 86' lang='lat' dir='ltr'><strong>temperasset</strong></span> <span class='ocrx_word' id='word_1_767' title='bbox 3184 4803 3476 4865; x_wconf 84' lang='lat' dir='ltr'><strong>salsedine,</strong></span> 
     </span>
    </p>
   </div>
   <div class='ocr_carea' id='block_1_98' title="bbox 227 4887 1846 4964">
    <p class='ocr_par' dir='ltr' id='par_1_98' title="bbox 227 4887 1804 4964">
     <span class='ocr_line' id='line_1_98' title="bbox 227 4887 1804 4964; baseline -0.008 -16"><span class='ocrx_word' id='word_1_768' title='bbox 227 4899 378 4964; x_wconf 81' lang='grc' dir='ltr'>ἂλμῃ</span> <span class='ocrx_word' id='word_1_769' title='bbox 410 4895 672 4962; x_wconf 82' lang='grc' dir='ltr'>κεράσας.</span> <span class='ocrx_word' id='word_1_770' title='bbox 700 4892 809 4941; x_wconf 85' lang='grc' dir='ltr'>τῶν</span> <span class='ocrx_word' id='word_1_771' title='bbox 844 4889 936 4940; x_wconf 80' lang='grc' dir='ltr'>τοῦ</span> <span class='ocrx_word' id='word_1_772' title='bbox 968 4890 1243 4957; x_wconf 80' lang='grc' dir='ltr'>μάρτυρος</span> <span class='ocrx_word' id='word_1_773' title='bbox 1271 4889 1487 4939; x_wconf 81' lang='grc' dir='ltr'>ἐκέλευε</span> <span class='ocrx_word' id='word_1_774' title='bbox 1518 4887 1804 4954; x_wconf 71' lang='grc' dir='ltr'>καταχέειν</span> 
     </span>
    </p>
   </div>
   <div class='ocr_carea' id='block_1_99' title="bbox 1915 4887 3479 4964">
    <p class='ocr_par' dir='ltr' id='par_1_99' title="bbox 1915 4890 3479 4961">
     <span class='ocr_line' id='line_1_99' title="bbox 1915 4890 3479 4961; baseline -0.001 -14"><span class='ocrx_word' id='word_1_775' title='bbox 1915 4897 2138 4955; x_wconf 62' lang='lat' dir='ltr'><strong>iussitea</strong></span> <span class='ocrx_word' id='word_1_776' title='bbox 2171 4893 2460 4948; x_wconf 82' lang='lat' dir='ltr'><strong>infundere</strong></span> <span class='ocrx_word' id='word_1_777' title='bbox 2485 4890 2536 4942; x_wconf 92' lang='lat' dir='ltr'><strong>iu</strong></span> <span class='ocrx_word' id='word_1_778' title='bbox 2558 4891 2780 4946; x_wconf 85' lang='lat' dir='ltr'><strong>vulnera</strong></span> <span class='ocrx_word' id='word_1_779' title='bbox 2805 4891 3076 4961; x_wconf 86' lang='lat' dir='ltr'><strong>martyris,</strong></span> <span class='ocrx_word' id='word_1_780' title='bbox 3104 4891 3182 4944; x_wconf 86' lang='lat' dir='ltr'><strong>sic</strong></span> <span class='ocrx_word' id='word_1_781' title='bbox 3202 4891 3479 4946; x_wconf 76' lang='lat' dir='ltr'><strong>arbitrans</strong></span> 
     </span>
    </p>
   </div>
   <div class='ocr_carea' id='block_1_100' title="bbox 227 4978 1804 5058">
    <p class='ocr_par' dir='ltr' id='par_1_100' title="bbox 227 4978 1804 5058">
     <span class='ocr_line' id='line_1_100' title="bbox 227 4978 1804 5058; baseline -0.006 -18"><span class='ocrx_word' id='word_1_782' title='bbox 227 4990 555 5058; x_wconf 66' lang='grc' dir='ltr'>τραυμάτων</span> <span class='ocrx_word' id='word_1_783' title='bbox 580 5023 594 5048; x_wconf 93' lang='grc'><strong>,</strong></span> <span class='ocrx_word' id='word_1_784' title='bbox 623 4983 794 5052; x_wconf 81' lang='grc' dir='ltr'>ταύτῃ</span> <span class='ocrx_word' id='word_1_785' title='bbox 828 4982 966 5034; x_wconf 85' lang='grc' dir='ltr'>ἐλείν</span> <span class='ocrx_word' id='word_1_786' title='bbox 1006 4982 1097 5034; x_wconf 75' lang='grc' dir='ltr'><strong>τὸν</strong></span> <span class='ocrx_word' id='word_1_787' title='bbox 1145 4981 1246 5050; x_wconf 81' lang='grc' dir='ltr'>τῆς</span> <span class='ocrx_word' id='word_1_788' title='bbox 1272 4978 1568 5047; x_wconf 64' lang='grc' dir='ltr'>τεύσεὸείας</span> <span class='ocrx_word' id='word_1_789' title='bbox 1603 4980 1804 5045; x_wconf 77' lang='grc' dir='ltr'>άγωνι·</span> 
     </span>
    </p>
   </div>
   <div class='ocr_carea' id='block_1_101' title="bbox 229 5073 1804 5149">
    <p class='ocr_par' dir='ltr' id='par_1_101' title="bbox 229 5073 1804 5149">
     <span class='ocr_line' id='line_1_101' title="bbox 229 5073 1804 5149; baseline -0.005 -17"><span class='ocrx_word' id='word_1_790' title='bbox 229 5083 362 5149; x_wconf 77' lang='grc' dir='ltr'>στὴν</span> <span class='ocrx_word' id='word_1_791' title='bbox 395 5082 661 5149; x_wconf 82' lang='grc' dir='ltr'>οἰόμενος.</span> <span class='ocrx_word' id='word_1_792' title='bbox 689 5076 786 5127; x_wconf 70' lang='grc' dir='ltr'><strong>’Ἂν</strong></span> <span class='ocrx_word' id='word_1_793' title='bbox 807 5075 862 5125; x_wconf 75' lang='grc' dir='ltr'>δὲ</span> <span class='ocrx_word' id='word_1_794' title='bbox 898 5077 990 5126; x_wconf 80' lang='grc' dir='ltr'>καὶ</span> <span class='ocrx_word' id='word_1_795' title='bbox 1013 5076 1088 5144; x_wconf 82' lang='grc' dir='ltr'>μὴ</span> <span class='ocrx_word' id='word_1_796' title='bbox 1115 5075 1240 5138; x_wconf 73' lang='grc' dir='ltr'>ἕλω,</span> <span class='ocrx_word' id='word_1_797' title='bbox 1270 5074 1456 5143; x_wconf 74' lang='grc' dir='ltr'>φησὶν,</span> <span class='ocrx_word' id='word_1_798' title='bbox 1481 5073 1770 5125; x_wconf 83' lang='grc' dir='ltr'>άσθενέστε</span> <span class='ocrx_word' id='word_1_799' title='bbox 1790 5100 1804 5112; x_wconf 77' lang='grc' dir='ltr'><strong>ο</strong></span> 
     </span>
    </p>
   </div>
   <div class='ocr_carea' id='block_1_102' title="bbox 229 5164 1801 5243">
    <p class='ocr_par' dir='ltr' id='par_1_102' title="bbox 229 5164 1801 5243">
     <span class='ocr_line' id='line_1_102' title="bbox 229 5164 1801 5243; baseline -0.004 -19"><span class='ocrx_word' id='word_1_800' title='bbox 229 5190 322 5243; x_wconf 85' lang='grc' dir='ltr'><strong>ρον</strong></span> <span class='ocrx_word' id='word_1_801' title='bbox 359 5173 400 5224; x_wconf 82' lang='grc' dir='ltr'>δ’</span> <span class='ocrx_word' id='word_1_802' title='bbox 429 5171 519 5222; x_wconf 70' lang='grc' dir='ltr'><strong>οὖν</strong></span> <span class='ocrx_word' id='word_1_803' title='bbox 560 5175 706 5239; x_wconf 80' lang='grc' dir='ltr'>ὅμως</span> <span class='ocrx_word' id='word_1_804' title='bbox 738 5165 1044 5238; x_wconf 76' lang='grc' dir='ltr'>παρέξομαι</span> <span class='ocrx_word' id='word_1_805' title='bbox 1082 5166 1216 5234; x_wconf 85' lang='grc' dir='ltr'>πρὸς</span> <span class='ocrx_word' id='word_1_806' title='bbox 1248 5169 1314 5218; x_wconf 76' lang='grc' dir='ltr'><strong>τα</strong></span> <span class='ocrx_word' id='word_1_807' title='bbox 1353 5164 1801 5235; x_wconf 81' lang='grc' dir='ltr'>μέλλοντα.³Αλλ’</span> 
     </span>
    </p>
   </div>
   <div class='ocr_carea' id='block_1_103' title="bbox 225 5257 1798 5336">
    <p class='ocr_par' dir='ltr' id='par_1_103' title="bbox 225 5257 1798 5336">
     <span class='ocr_line' id='line_1_103' title="bbox 225 5257 1798 5336; baseline -0.006 -17"><span class='ocrx_word' id='word_1_808' title='bbox 225 5271 254 5319; x_wconf 78' lang='grc' dir='ltr'>ὁ</span> <span class='ocrx_word' id='word_1_809' title='bbox 283 5263 649 5336; x_wconf 78' lang='grc' dir='ltr'>δρασσόμενος</span> <span class='ocrx_word' id='word_1_810' title='bbox 678 5264 804 5324; x_wconf 83' lang='grc' dir='ltr'>τοὺς</span> <span class='ocrx_word' id='word_1_811' title='bbox 837 5260 1033 5328; x_wconf 69' lang='grc' dir='ltr'>σοφοὺς</span> <span class='ocrx_word' id='word_1_812' title='bbox 1064 5260 1121 5310; x_wconf 80' lang='grc' dir='ltr'><strong>ἐν</strong></span> <span class='ocrx_word' id='word_1_813' title='bbox 1151 5260 1217 5328; x_wconf 78' lang='grc' dir='ltr'>τῇ</span> <span class='ocrx_word' id='word_1_814' title='bbox 1255 5259 1564 5329; x_wconf 80' lang='grc' dir='ltr'>πανουργίᾳ</span> <span class='ocrx_word' id='word_1_815' title='bbox 1597 5257 1798 5321; x_wconf 78' lang='grc' dir='ltr'>αὐτῶν,</span> 
     </span>
    </p>
   </div>
   <div class='ocr_carea' id='block_1_104' title="bbox 224 5351 1800 5428">
    <p class='ocr_par' dir='ltr' id='par_1_104' title="bbox 224 5351 1800 5428">
     <span class='ocr_line' id='line_1_104' title="bbox 224 5351 1800 5428; baseline -0.006 -15"><span class='ocrx_word' id='word_1_816' title='bbox 224 5366 369 5413; x_wconf 77' lang='grc' dir='ltr'>κατὰ</span> <span class='ocrx_word' id='word_1_817' title='bbox 397 5360 493 5428; x_wconf 79' lang='grc' dir='ltr'>τῆς</span> <span class='ocrx_word' id='word_1_818' title='bbox 517 5355 724 5407; x_wconf 71' lang='grc' dir='ltr'>ἐκείνου</span> <span class='ocrx_word' id='word_1_819' title='bbox 758 5355 958 5422; x_wconf 82' lang='grc' dir='ltr'>μᾶλλον</span> <span class='ocrx_word' id='word_1_820' title='bbox 983 5352 1178 5416; x_wconf 76' lang='grc' dir='ltr'>κακίας</span> <span class='ocrx_word' id='word_1_821' title='bbox 1219 5351 1280 5405; x_wconf 82' lang='grc' dir='ltr'>τὺ</span> <span class='ocrx_word' id='word_1_822' title='bbox 1317 5351 1557 5420; x_wconf 84' lang='grc' dir='ltr'>σόφισμα</span> <span class='ocrx_word' id='word_1_823' title='bbox 1610 5354 1800 5420; x_wconf 82' lang='grc' dir='ltr'>περιέ-</span> 
     </span>
    </p>
   </div>
   <div class='ocr_carea' id='block_1_105' title="bbox 224 5439 1798 5520">
    <p class='ocr_par' dir='ltr' id='par_1_105' title="bbox 224 5439 1798 5520">
     <span class='ocr_line' id='line_1_105' title="bbox 224 5439 1798 5520; baseline -0.006 -16"><span class='ocrx_word' id='word_1_824' title='bbox 224 5467 416 5520; x_wconf 82' lang='grc' dir='ltr'>τρεπε.</span> <span class='ocrx_word' id='word_1_825' title='bbox 445 5451 555 5502; x_wconf 73' lang='grc' dir='ltr'><strong>Καὶ</strong></span> <span class='ocrx_word' id='word_1_826' title='bbox 589 5451 616 5501; x_wconf 89' lang='lat'><strong>6</strong></span> <span class='ocrx_word' id='word_1_827' title='bbox 659 5448 888 5516; x_wconf 84' lang='grc' dir='ltr'>μάρτυς,</span> <span class='ocrx_word' id='word_1_828' title='bbox 929 5447 1086 5499; x_wconf 76' lang='grc' dir='ltr'>Οὕτω</span> <span class='ocrx_word' id='word_1_829' title='bbox 1119 5445 1321 5509; x_wconf 89' lang='grc' dir='ltr'>τοίνυν,</span> <span class='ocrx_word' id='word_1_830' title='bbox 1341 5439 1385 5499; x_wconf 81' lang='grc' dir='ltr'><strong>ὦ</strong></span> <span class='ocrx_word' id='word_1_831' title='bbox 1409 5443 1655 5513; x_wconf 75' lang='grc' dir='ltr'>ἡγεμὼν,</span> <span class='ocrx_word' id='word_1_832' title='bbox 1683 5443 1798 5495; x_wconf 81' lang='grc' dir='ltr'>ἐλε-</span> 
     </span>
    </p>
   </div>
   <div class='ocr_carea' id='block_1_106' title="bbox 227 5540 1795 5616">
    <p class='ocr_par' dir='ltr' id='par_1_106' title="bbox 227 5540 1795 5616">
     <span class='ocr_line' id='line_1_106' title="bbox 227 5540 1795 5616; baseline -0.006 -17"><span class='ocrx_word' id='word_1_833' title='bbox 227 5565 343 5616; x_wconf 86' lang='grc' dir='ltr'>γεν,</span> <span class='ocrx_word' id='word_1_834' title='bbox 369 5546 429 5597; x_wconf 88' lang='grc' dir='ltr'><strong>οὑ</strong></span> <span class='ocrx_word' id='word_1_835' title='bbox 466 5543 862 5616; x_wconf 76' lang='grc' dir='ltr'>διαρρυήσεταί</span> <span class='ocrx_word' id='word_1_836' title='bbox 906 5559 996 5610; x_wconf 86' lang='grc' dir='ltr'><strong>μοι</strong></span> <span class='ocrx_word' id='word_1_837' title='bbox 1025 5543 1085 5594; x_wconf 83' lang='grc' dir='ltr'>τὸ</span> <span class='ocrx_word' id='word_1_838' title='bbox 1115 5541 1296 5611; x_wconf 86' lang='grc' dir='ltr'>σῶμα,</span> <span class='ocrx_word' id='word_1_839' title='bbox 1334 5541 1456 5594; x_wconf 84' lang='grc' dir='ltr'><strong>οὑδέ</strong></span> <span class='ocrx_word' id='word_1_840' title='bbox 1481 5540 1762 5609; x_wconf 75' lang='grc' dir='ltr'>οἰχήσεται</span> <span class='ocrx_word' id='word_1_841' title='bbox 1782 5553 1795 5569; x_wconf 76' lang='grc' dir='ltr'><strong><em>ο</em></strong></span> 
     </span>
    </p>
   </div>
   <div class='ocr_carea' id='block_1_107' title="bbox 222 5629 1798 5705">
    <p class='ocr_par' dir='ltr' id='par_1_107' title="bbox 222 5629 1798 5705">
     <span class='ocr_line' id='line_1_107' title="bbox 222 5629 1798 5705; baseline -0.006 -13"><span class='ocrx_word' id='word_1_842' title='bbox 222 5641 284 5692; x_wconf 85' lang='grc' dir='ltr'><strong>τὸ</strong></span> <span class='ocrx_word' id='word_1_843' title='bbox 323 5637 565 5691; x_wconf 86' lang='grc' dir='ltr'>ἐναντίον</span> <span class='ocrx_word' id='word_1_844' title='bbox 593 5638 690 5705; x_wconf 77' lang='grc' dir='ltr'><strong>μὲν</strong></span> <span class='ocrx_word' id='word_1_845' title='bbox 717 5630 806 5688; x_wconf 81' lang='grc' dir='ltr'><strong>οὖν</strong></span> <span class='ocrx_word' id='word_1_846' title='bbox 837 5633 984 5687; x_wconf 76' lang='grc' dir='ltr'>ἆπαν</span> <span class='ocrx_word' id='word_1_847' title='bbox 1026 5635 1120 5688; x_wconf 77' lang='grc' dir='ltr'>καὶ</span> <span class='ocrx_word' id='word_1_848' title='bbox 1167 5635 1317 5702; x_wconf 77' lang='grc' dir='ltr'>ὑγιὲς</span> <span class='ocrx_word' id='word_1_849' title='bbox 1351 5633 1481 5687; x_wconf 75' lang='grc' dir='ltr'>αὐτὸ</span> <span class='ocrx_word' id='word_1_850' title='bbox 1524 5629 1722 5701; x_wconf 73' lang='grc' dir='ltr'>μᾶλλον</span> <span class='ocrx_word' id='word_1_851' title='bbox 1751 5631 1798 5684; x_wconf 79' lang='lat' dir='ltr'><strong>oi</strong></span> 
     </span>
    </p>
   </div>
   <div class='ocr_carea' id='block_1_108' title="bbox 300 5809 1311 5877">
    <p class='ocr_par' dir='ltr' id='par_1_108' title="bbox 300 5809 1311 5877">
     <span class='ocr_line' id='line_1_108' title="bbox 300 5809 1311 5877; baseline -0.005 -8"><span class='ocrx_word' id='word_1_852' title='bbox 300 5817 315 5846; x_wconf 83' lang='grc'>⁸</span> <span class='ocrx_word' id='word_1_853' title='bbox 343 5813 486 5872; x_wconf 77' lang='lat' dir='ltr'><strong>Psal.</strong></span> <span class='ocrx_word' id='word_1_854' title='bbox 521 5827 710 5877; x_wconf 72' lang='lat' dir='ltr'><strong>nun,</strong></span> <span class='ocrx_word' id='word_1_855' title='bbox 737 5811 828 5864; x_wconf 75' lang='grc'><strong>20.</strong></span> <span class='ocrx_word' id='word_1_856' title='bbox 905 5810 924 5840; x_wconf 89' lang='grc'>¹</span> <span class='ocrx_word' id='word_1_857' title='bbox 955 5809 1097 5863; x_wconf 82' lang='lat' dir='ltr'><strong>Psal.</strong></span> <span class='ocrx_word' id='word_1_858' title='bbox 1129 5824 1213 5876; x_wconf 83' lang='lat' dir='ltr'><strong>xc,</strong></span> <span class='ocrx_word' id='word_1_859' title='bbox 1258 5811 1311 5864; x_wconf 78' lang='grc'><strong>5.</strong></span> 
     </span>
    </p>
   </div>
   <div class='ocr_carea' id='block_1_109' title="bbox 1903 4981 3474 5053">
    <p class='ocr_par' dir='ltr' id='par_1_109' title="bbox 1903 4981 3474 5053">
     <span class='ocr_line' id='line_1_109' title="bbox 1903 4981 3474 5053; baseline -0.003 -14"><span class='ocrx_word' id='word_1_860' title='bbox 1903 4999 1961 5039; x_wconf 89' lang='lat' dir='ltr'><strong>se</strong></span> <span class='ocrx_word' id='word_1_861' title='bbox 1993 4993 2426 5053; x_wconf 81' lang='lat' dir='ltr'><strong>expugnaturum</strong></span> <span class='ocrx_word' id='word_1_862' title='bbox 2461 4982 2720 5036; x_wconf 87' lang='lat' dir='ltr'><strong>athletam</strong></span> <span class='ocrx_word' id='word_1_863' title='bbox 2772 4983 3009 5052; x_wconf 87' lang='lat' dir='ltr'><strong>pietatis.</strong></span> <span class='ocrx_word' id='word_1_864' title='bbox 3057 4981 3211 5045; x_wconf 82' lang='lat' dir='ltr'><strong>Quod</strong></span> <span class='ocrx_word' id='word_1_865' title='bbox 3263 4982 3306 5036; x_wconf 90' lang='lat' dir='ltr'><strong>si</strong></span> <span class='ocrx_word' id='word_1_866' title='bbox 3364 4997 3474 5035; x_wconf 87' lang='lat' dir='ltr'><strong>non</strong></span> 
     </span>
    </p>
   </div>
   <div class='ocr_carea' id='block_1_110' title="bbox 1903 5073 3476 5146">
    <p class='ocr_par' dir='ltr' id='par_1_110' title="bbox 1903 5073 3476 5146">
     <span class='ocr_line' id='line_1_110' title="bbox 1903 5073 3476 5146; baseline -0.004 -15"><span class='ocrx_word' id='word_1_867' title='bbox 1903 5090 2307 5146; x_wconf 77' lang='lat' dir='ltr'><strong>expugnavero,</strong></span> <span class='ocrx_word' id='word_1_868' title='bbox 2329 5075 2528 5138; x_wconf 88' lang='lat' dir='ltr'><strong>aiebat,</strong></span> <span class='ocrx_word' id='word_1_869' title='bbox 2552 5083 2645 5127; x_wconf 88' lang='lat' dir='ltr'><strong>aut</strong></span> <span class='ocrx_word' id='word_1_870' title='bbox 2673 5073 3078 5127; x_wconf 87' lang='lat' dir='ltr'><strong>imbecilliorem</strong></span> <span class='ocrx_word' id='word_1_871' title='bbox 3105 5088 3228 5127; x_wconf 90' lang='lat' dir='ltr'><strong>eum</strong></span> <span class='ocrx_word' id='word_1_872' title='bbox 3257 5075 3476 5128; x_wconf 88' lang='lat' dir='ltr'><strong>reddam</strong></span> 
     </span>
    </p>
   </div>
   <div class='ocr_carea' id='block_1_111' title="bbox 1902 5164 3474 5235">
    <p class='ocr_par' dir='ltr' id='par_1_111' title="bbox 1902 5164 3474 5235">
     <span class='ocr_line' id='line_1_111' title="bbox 1902 5164 3474 5235; baseline -0.004 -12"><span class='ocrx_word' id='word_1_873' title='bbox 1902 5169 1969 5223; x_wconf 86' lang='lat' dir='ltr'><strong>ad</strong></span> <span class='ocrx_word' id='word_1_874' title='bbox 1994 5167 2198 5222; x_wconf 86' lang='lat' dir='ltr'><strong>futura.</strong></span> <span class='ocrx_word' id='word_1_875' title='bbox 2222 5166 2326 5221; x_wconf 87' lang='lat' dir='ltr'><strong>Sed</strong></span> <span class='ocrx_word' id='word_1_876' title='bbox 2354 5169 2443 5234; x_wconf 92' lang='lat' dir='ltr'><strong>qui</strong></span> <span class='ocrx_word' id='word_1_877' title='bbox 2489 5164 2904 5235; x_wconf 88' lang='lat' dir='ltr'><strong>comprehendit</strong></span> <span class='ocrx_word' id='word_1_878' title='bbox 2931 5165 3204 5234; x_wconf 86' lang='lat' dir='ltr'><strong>sapientes</strong></span> <span class='ocrx_word' id='word_1_879' title='bbox 3236 5166 3289 5216; x_wconf 90' lang='lat' dir='ltr'><strong>in</strong></span> <span class='ocrx_word' id='word_1_880' title='bbox 3325 5173 3474 5218; x_wconf 91' lang='lat' dir='ltr'><strong>astu-</strong></span> 
     </span>
    </p>
   </div>
   <div class='ocr_carea' id='block_1_112' title="bbox 1904 5256 3478 5329">
    <p class='ocr_par' dir='ltr' id='par_1_112' title="bbox 1904 5256 3478 5329">
     <span class='ocr_line' id='line_1_112' title="bbox 1904 5256 3478 5329; baseline -0.004 -14"><span class='ocrx_word' id='word_1_881' title='bbox 1904 5261 1974 5315; x_wconf 89' lang='lat' dir='ltr'><strong>tia</strong></span> <span class='ocrx_word' id='word_1_882' title='bbox 2011 5275 2225 5324; x_wconf 90' lang='lat' dir='ltr'><strong>eorum,</strong></span> <span class='ocrx_word' id='word_1_883' title='bbox 2267 5258 2341 5321; x_wconf 90' lang='lat' dir='ltr'><strong>id,</strong></span> <span class='ocrx_word' id='word_1_884' title='bbox 2381 5260 2524 5328; x_wconf 85' lang='lat' dir='ltr'><strong>quod</strong></span> <span class='ocrx_word' id='word_1_885' title='bbox 2553 5259 2969 5329; x_wconf 77' lang='lat' dir='ltr'><strong>excogitaverat,</strong></span> <span class='ocrx_word' id='word_1_886' title='bbox 3002 5256 3266 5312; x_wconf 84' lang='lat' dir='ltr'><strong>convertit</strong></span> <span class='ocrx_word' id='word_1_887' title='bbox 3286 5256 3478 5310; x_wconf 82' lang='lat' dir='ltr'><strong>adver-</strong></span> 
     </span>
    </p>
   </div>
   <div class='ocr_carea' id='block_1_113' title="bbox 1907 5349 3476 5422">
    <p class='ocr_par' dir='ltr' id='par_1_113' title="bbox 1907 5349 3476 5422">
     <span class='ocr_line' id='line_1_113' title="bbox 1907 5349 3476 5422; baseline -0.004 -13"><span class='ocrx_word' id='word_1_888' title='bbox 1907 5369 2001 5409; x_wconf 85' lang='lat' dir='ltr'><strong>sus</strong></span> <span class='ocrx_word' id='word_1_889' title='bbox 2031 5354 2173 5407; x_wconf 80' lang='lat' dir='ltr'><strong>illius</strong></span> <span class='ocrx_word' id='word_1_890' title='bbox 2203 5352 2480 5406; x_wconf 88' lang='lat' dir='ltr'><strong>malitiam.</strong></span> <span class='ocrx_word' id='word_1_891' title='bbox 2515 5353 2581 5405; x_wconf 84' lang='lat' dir='ltr'><strong>Et</strong></span> <span class='ocrx_word' id='word_1_892' title='bbox 2613 5361 2854 5422; x_wconf 86' lang='lat' dir='ltr'><strong>martyr;</strong></span> <span class='ocrx_word' id='word_1_893' title='bbox 2884 5349 2992 5414; x_wconf 89' lang='lat' dir='ltr'><strong>Sic,</strong></span> <span class='ocrx_word' id='word_1_894' title='bbox 3016 5349 3172 5412; x_wconf 79' lang='lat' dir='ltr'><strong>dixit,</strong></span> <span class='ocrx_word' id='word_1_895' title='bbox 3195 5362 3230 5403; x_wconf 93' lang='lat' dir='ltr'><strong>o</strong></span> <span class='ocrx_word' id='word_1_896' title='bbox 3258 5363 3476 5418; x_wconf 71' lang='lat' dir='ltr'><strong>praeses,</strong></span> 
     </span>
    </p>
   </div>
   <div class='ocr_carea' id='block_1_114' title="bbox 1908 5441 3473 5516">
    <p class='ocr_par' dir='ltr' id='par_1_114' title="bbox 1908 5441 3473 5516">
     <span class='ocr_line' id='line_1_114' title="bbox 1908 5441 3473 5516; baseline -0.005 -14"><span class='ocrx_word' id='word_1_897' title='bbox 1908 5461 2104 5516; x_wconf 86' lang='lat' dir='ltr'><strong>corpus</strong></span> <span class='ocrx_word' id='word_1_898' title='bbox 2134 5459 2313 5499; x_wconf 86' lang='lat' dir='ltr'><strong>meum</strong></span> <span class='ocrx_word' id='word_1_899' title='bbox 2347 5459 2457 5498; x_wconf 92' lang='lat' dir='ltr'><strong>non</strong></span> <span class='ocrx_word' id='word_1_900' title='bbox 2481 5443 2707 5508; x_wconf 79' lang='lat' dir='ltr'><strong>difﬂuet,</strong></span> <span class='ocrx_word' id='word_1_901' title='bbox 2737 5457 2839 5499; x_wconf 89' lang='lat' dir='ltr'><strong>nec</strong></span> <span class='ocrx_word' id='word_1_902' title='bbox 2867 5441 3102 5512; x_wconf 85' lang='lat' dir='ltr'><strong>peribit;</strong></span> <span class='ocrx_word' id='word_1_903' title='bbox 3134 5441 3243 5497; x_wconf 87' lang='lat' dir='ltr'><strong>imo</strong></span> <span class='ocrx_word' id='word_1_904' title='bbox 3262 5451 3473 5508; x_wconf 85' lang='lat' dir='ltr'><strong>contra,</strong></span> 
     </span>
    </p>
   </div>
   <div class='ocr_carea' id='block_1_115' title="bbox 1906 5533 3476 5609">
    <p class='ocr_par' dir='ltr' id='par_1_115' title="bbox 1906 5533 3476 5609">
     <span class='ocr_line' id='line_1_115' title="bbox 1906 5533 3476 5609; baseline -0.004 -15"><span class='ocrx_word' id='word_1_905' title='bbox 1906 5540 1987 5595; x_wconf 87' lang='lat' dir='ltr'><strong>sal</strong></span> <span class='ocrx_word' id='word_1_906' title='bbox 2020 5537 2240 5609; x_wconf 88' lang='lat' dir='ltr'><strong>quidem</strong></span> <span class='ocrx_word' id='word_1_907' title='bbox 2272 5537 2448 5608; x_wconf 89' lang='lat' dir='ltr'><strong>ipsum</strong></span> <span class='ocrx_word' id='word_1_908' title='bbox 2491 5536 2835 5592; x_wconf 85' lang='lat' dir='ltr'><strong>conservabit</strong></span> <span class='ocrx_word' id='word_1_909' title='bbox 2885 5548 3080 5589; x_wconf 82' lang='lat' dir='ltr'><strong>sanum</strong></span> <span class='ocrx_word' id='word_1_910' title='bbox 3107 5542 3163 5589; x_wconf 90' lang='lat' dir='ltr'><strong>et</strong></span> <span class='ocrx_word' id='word_1_911' title='bbox 3190 5533 3476 5589; x_wconf 84' lang='lat' dir='ltr'><strong>confirma-</strong></span> 
     </span>
    </p>
   </div>
   <div class='ocr_carea' id='block_1_116' title="bbox 1906 5626 3470 5698">
    <p class='ocr_par' dir='ltr' id='par_1_116' title="bbox 1906 5626 3470 5698">
     <span class='ocr_line' id='line_1_116' title="bbox 1906 5626 3470 5698; baseline -0.002 -13"><span class='ocrx_word' id='word_1_912' title='bbox 1906 5629 1988 5685; x_wconf 92' lang='lat' dir='ltr'><strong>bit</strong></span> <span class='ocrx_word' id='word_1_913' title='bbox 2026 5639 2080 5686; x_wconf 91' lang='lat' dir='ltr'><strong>et</strong></span> <span class='ocrx_word' id='word_1_914' title='bbox 2115 5629 2491 5686; x_wconf 86' lang='lat' dir='ltr'><strong>corroborabit</strong></span> <span class='ocrx_word' id='word_1_915' title='bbox 2526 5629 2789 5684; x_wconf 81' lang='lat' dir='ltr'><strong>adversus</strong></span> <span class='ocrx_word' id='word_1_916' title='bbox 2821 5635 2948 5684; x_wconf 80' lang='lat' dir='ltr'><strong>tuos</strong></span> <span class='ocrx_word' id='word_1_917' title='bbox 2973 5627 3232 5698; x_wconf 82' lang='lat' dir='ltr'><strong>insultus,</strong></span> <span class='ocrx_word' id='word_1_918' title='bbox 3255 5626 3392 5681; x_wconf 83' lang='lat' dir='ltr'><strong>adeo</strong></span> <span class='ocrx_word' id='word_1_919' title='bbox 3412 5635 3470 5682; x_wconf 88' lang='lat' dir='ltr'><strong>ut</strong></span> 
     </span>
    </p>
   </div>
  </div>
