4198 6438
725 373 836 435 743

1961 369 2245 430 MENSIS
2276 367 2746 430 SEPTEMBER.

3893 365 4011 428 7H.

728 482 874 550 ipsos
898 486 1137 549 superet,
1158 489 1212 534 et
1235 479 1591 534 calliditatem
1614 479 1792 533 vincat
1812 480 2129 538 adversarii.
2153 480 2309 535 Tunc

2423 478 2540 543 ἅλες
2595 481 2982 551 διατηρήσουσι
3033 482 3124 535 καὶ
3184 482 3420 552 ρὡουσι
3482 482 3616 551 πρὸς
3695 480 3793 541 τάς
3836 482 4010 548 παρὰ

727 588 847 625 cum
878 572 1245 642 seipsojudex
1286 572 1551 627 evasisset
1599 573 1808 635 szevior,
1846 573 1996 642 jubet
2037 573 2310 644 lampades

727 664 1003 718 admoveri
1026 664 1283 718 lateribus
1303 663 1504 734 egregii
1524 665 1802 731 martyris:
1826 664 1898 719 Ut
1927 681 2048 734 qua:
2074 675 2305 730 restant,

728 755 931 818 aiebat,
960 770 1154 808 carnes
1198 755 1336 824 ignis
1375 764 1682 809 consumat.
1709 755 1883 824 Atque
1915 757 2035 826 igne
2086 757 2306 825 quidem

734 843 1076 897 minuebatur
1119 853 1173 899 et
1203 846 1629 899 consumebatur
1664 859 1812 908 caro,
1855 847 2079 916 martyri
2119 858 2304 904 autem

732 934 904 1003 magis
943 935 1155 1004 vigebat
1210 936 1599 1005 crescebatque
1655 936 1824 990 animi
1873 936 2204 992 institutum.
2243 938 2307 992 Et

729 1025 1014 1079 videbatur
1050 1027 1267 1094 quidem
1310 1028 1512 1082 sentire
1560 1039 1839 1081 externam
1880 1027 2176 1093 ﬂammam,
2211 1028 2309 1086 ﬂa-

733 1119 927 1188 grabat
959 1128 1139 1174 autem
1176 1134 1270 1174 cor
1292 1120 1410 1190 ejus
1446 1120 1652 1191 majore
1684 1118 1885 1176 Christi
1909 1119 2200 1176 desiderio.

801 1473 870 1525 Χ.
903 1469 1027 1526 Haec
1075 1481 1360 1542 postquam
1402 1473 1584 1528 omnia
1634 1473 1796 1527 simul
1843 1473 2050 1529 fortiter
2098 1475 2313 1531 tulisset

733 1564 1092 1634 Trophimus.
1151 1567 1619 1633 admirationeque
1642 1583 1704 1620 ac
1734 1576 1956 1636 stupore
1978 1579 2148 1621 totum
2180 1567 2314 1622 atie-

733 1657 896 1710 cisset
922 1657 1255 1727 Dionysium,
1280 1673 1310 1711 e
1348 1658 1492 1728 ligno
1521 1659 1740 1727 quidem
1768 1659 2063 1726 deponitur
2089 1675 2101 1722 ;
2143 1659 2311 1712 tradi-

736 1757 819 1801 tur
848 1757 1025 1800 autem
1059 1749 1287 1812 carceri,
1315 1762 1381 1802 ne
1418 1765 1542 1802 eum
1572 1751 1790 1818 quidem
1834 1749 2130 1818 benignum
2157 1765 2309 1804 asse-

734 1849 912 1904 cutus,
955 1840 1046 1892 sed
1081 1839 1134 1892 in
1172 1841 1321 1909 ligno
1362 1840 1626 1902 inclusus,
1662 1851 1716 1893 et
1758 1856 1858 1894 nec
1899 1840 2058 1894 tibias
2089 1841 2310 1909 quidem

732 1930 918 1982 valens
955 1931 1269 1984 extendere.
1312 1931 1544 1996 Quidam
1593 1941 1774 1985 autem
1805 1930 2170 2001 Dorymedon,
2230 1931 2314 1985 vir

735 2020 826 2089 qui
855 2031 911 2075 et
950 2023 1160 2076 colebat
1194 2024 1470 2093 pietatem,
1519 2035 1572 2077 et
1613 2024 1900 2077 exercebat
1933 2023 2209 2086 virtutem,
2261 2032 2316 2077 et

735 2113 876 2166 inter
905 2123 1186 2172 senatores
1230 2116 1463 2182 primum
1496 2117 1716 2167 tenebat
1762 2114 1962 2177 locum,
2006 2113 2315 2186 ingrediens

735 2219 1028 2267 carcerem,
1062 2216 1116 2258 et
1143 2221 1330 2260 curam
1370 2211 1590 2275 gerebat
1617 2206 1889 2275 martyris,
1923 2215 1974 2258 et
2029 2207 2316 2276 absterge-

734 2297 823 2351 bat
860 2301 1103 2361 vulnera,
1147 2309 1198 2353 et
1239 2300 1445 2353 saniem
1478 2300 1811 2352 emundabat
1847 2317 1858 2350 :
1893 2300 2089 2351 deinde
2138 2300 2318 2355 linteis

738 2391 1055 2444 involvebat
1087 2402 1141 2445 et
1181 2393 1455 2460 alligabat,
1481 2401 1644 2459 atque
1676 2393 1721 2443 ei
1754 2405 1970 2444 omnem
2013 2393 2171 2446 aliam
2219 2395 2320 2447 ad-

737 2481 962 2541 hibebat
1005 2483 1369 2546 curationem,
1409 2493 1462 2536 et
1494 2483 1673 2551 aliquo
1705 2484 1928 2552 quidem
1967 2496 2205 2555 tempore
2244 2487 2320 2539 la—

739 2575 888 2628 tebat
943 2577 1056 2629 hac
1108 2576 1334 2631 faciens.
1393 2575 1586 2630 Postea
1635 2587 1818 2630 autem
1872 2593 1996 2630 cum
2044 2579 2319 2633 venissent

739 2664 1042 2728 Dioscoria,
1077 2668 1128 2722 id
1169 2679 1272 2732 est,
1329 2669 1526 2722 festum
1573 2669 1810 2723 Castoris
1856 2678 1908 2722 et
1958 2668 2214 2735 Pollucis,
2267 2681 2321 2726 et

741 2758 953 2828 Synadc
997 2759 1115 2814 dies
1149 2759 1318 2813 festus
1340 2761 1596 2829 praeclare
1619 2760 2006 2822 celebraretur,
2037 2761 2174 2814 festo
2199 2762 2320 2829 qui-

739 2852 860 2904 dem
896 2854 1155 2906 intererat
1187 2857 1474 2906 universus
1514 2863 1760 2916 senatus,
1795 2854 1942 2905 solus
1983 2863 2166 2906 autem
2223 2853 2320 2906 ab-

738 2953 852 2996 erat
872 2943 1227 3012 Doryniedon.
1255 2943 1456 2997 Deinde
1478 2961 1599 2997 cum
1619 2959 1815 3011 praeses
1839 2959 1960 2996 eum
1986 2929 2320 3008 accersisset,

741 3050 809 3088 ne
837 3037 911 3090 sic
937 3038 1154 3103 quidem
1189 3040 1439 3100 accessit,
1471 3036 1779 3105 signiﬁcans
1813 3035 1974 3104 quod,
2019 3051 2144 3090 cum
2177 3046 2324 3090 esset

2411 571 2502 623 σοῦ
2536 571 2848 637 ὲπιὸουλᾶις,
2875 572 3016 626 ὥστε
3071 576 3162 626 καὶ
3225 574 3608 643 περιγενέσθαι
3661 572 3871 632 αὐτῶν,
3907 570 4010 622 καὶ

2409 664 2682 732 κρατῆσαι
2730 665 2827 731 τῆς
2879 665 2972 717 τοῦ
3033 666 3414 735 ἀντικειμένου
3454 665 3832 734 κακοτεχνίας.
3879 665 4008 714 Ἐνο

2406 753 2579 806 ταῦθα
2601 754 2978 826 χαλεπώτερος
3009 757 3170 819 αὐτὸς
3194 757 3388 810 ἑαυτοῦ
3418 757 3657 824 γεγονὼς
3678 759 3702 807 ό
3723 756 4001 819 δικάζων,

2407 846 2696 915 λαμπάδας
2731 848 2900 916 πυρὸς
2934 847 3149 900 κελεύει
3182 848 3556 918 προσάγεσθαι
3591 849 3709 909 ταῖς
3739 848 3834 900 τοῦ
3862 864 3998 914 γεν-

2418 937 2569 991 ναίου
2598 939 2859 1009 πλευραῖς
2880 957 2892 971 ·
2942 940 3028 1002 Ὠς
3055 940 3119 992 ἂν
3147 940 3215 991 τὰ
3240 957 3304 991 πε
3317 920 3680 1008 ριλειφθέἶίτα,
3709 939 3870 1007 φησὶ,
3892 940 4005 990 τῶν

2421 1030 2641 1100 σαρκῶν
2693 1031 2754 1085 τὸ
2809 1030 2919 1100 πῦρ
2973 1029 3350 1098 ὲπινεμηθείη.
3384 1031 3585 1100 Ἐληγε
3642 1031 3739 1097 μὲν
3793 1025 3894 1081 οὖν
3930 1023 4008 1097 τῷ

2419 1119 2551 1188 πυρὶ
2587 1119 2680 1172 καὶ
2706 1118 3026 1188 ἀναλοῦτοή
3061 1119 3218 1190 σὰρξ,
3255 1122 3286 1189 ἡ
3322 1122 3637 1188 προαίρεσις
3662 1119 3715 1170 δὲ
3741 1118 3817 1187 τῷ
3856 1119 4009 1187 μάρ-

2429 1228 2558 1280 τυρι
2595 1211 2800 1280 μᾶλλον
2851 1211 3001 1279 ἤνθει
3040 1228 3052 1240 ·
3088 1215 3180 1264 καὶ
3240 1211 3401 1280 ὲκῲει
3466 1212 3628 1280 μηδὲν
3672 1211 3770 1279 τῆς
3800 1210 4008 1274 ἔξωθεν

2425 1303 2623 1370 φλογὸς
2664 1302 3110 1356 ὲπαισθάνεσθαι·
3177 1302 3496 1372 θερμοτέρῳ
3551 1303 3660 1371 γὰρ
3715 1300 3870 1371 πόθῳ
3927 1300 4007 1368 τῷ

2413 1396 2554 1464 πρὸς
2591 1397 2828 1466 Χριστὸν
2857 1397 3122 1449 ὲκέκαυτο
3148 1397 3244 1466 τὴν
3272 1400 3521 1465 καρδίαν.

2484 1487 2542 1541 I'.
2568 1489 2753 1542 Ταῦτα
2784 1488 2971 1557 ἐπειδὴ
3005 1490 3100 1541 καὶ
3131 1489 3265 1558 ἐμοῦ
3319 1494 3495 1543 πάντα
3531 1490 3797 1557 γενναίως
3832 1491 4005 1560 ἤνεγ-

2412 1593 2474 1628 κε
2535 1576 2837 1647 Τρόφιμος,
2879 1580 2972 1628 καὶ
2996 1575 3117 1629 ὅλον
3157 1581 3236 1640 εἰς
3271 1577 3528 1645 ἔκπληξιν
3580 1579 3757 1648 ἤγαγε
3815 1580 4007 1630 Διονύ-

2414 1683 2548 1730 σιον,
2586 1669 2885 1733 κατάγεται
2929 1670 3028 1736 μὲν
3080 1666 3172 1720 τοῦ
3219 1667 3436 1732 ξύλον-ὁ
3479 1669 3720 1736 ἀθλητής
3751 1685 3767 1700 ³
3813 1671 3894 1738 τῷ
3926 1671 4008 1722 δί-

2418 1760 2724 1828 σμωτηρίω
2749 1760 2802 1811 δὲ
2839 1760 3210 1828 παραδίδοται,
3237 1760 3356 1814 οὐδὲ
3377 1761 3564 1814 τούτου
3607 1761 3888 1829 ἐπιτυχὼν
3922 1780 4006 1828 ξι-

2421 1847 2767 1919 λανθρώπου,
2820 1852 2958 1903 ἀλλὰ
3017 1853 3436 1915 κατακλεισθεὶς
3485 1855 3540 1904 ὲν
3575 1852 3652 1920 τῷ
3705 1852 3849 1920 ξύλῳ
3917 1855 4009 1902 καὶ

2427 1939 2564 2010 μηδὲ
2597 1941 2905 1994 ἀποτείνειν
2971 1940 3039 1992 τά
3084 1944 3249 2010 σκέλη
3292 1942 3612 2010 δυνάμενος.
3677 1941 4009 2009 Δορυμέόων

2420 2029 2478 2082 δέ
2516 2046 2600 2092 τις
2631 2030 2770 2099 ἀνὴρ
2807 2030 3092 2083 εὐσέϐειάν
3127 2048 3185 2082 τε
3220 2031 3392 2100 τιμῶν
3429 2033 3522 2082 καὶ
3565 2031 3768 2100 ἀρετὴν
3792 2030 4003 2098 μετιὼν

2423 2124 2519 2173 καὶ
2554 2123 2704 2189 παρὰ
2747 2122 3062 2189 βουλευταῖς
3091 2123 3199 2175 τῶν
3252 2123 3540 2192 πρωτείων
3569 2121 3906 2192 ἠξιωμένος,
3930 2124 4006 2184 εἰς

2422 2212 2481 2262 τδ
2516 2211 2890 2280 δεσμωτήριον
2943 2211 3150 2274 εισιὼν,
3207 2214 3530 2282 ὲπεμελεῖτό
3574 2231 3630 2266 τε
3672 2214 3767 2266 τοῦ
3799 2215 4010 2282 μάρτυ-

2430 2319 2542 2370 ρος,
2571 2303 2752 2353 καὶτὰ
2790 2303 3086 2371 τραύματα
3142 2307 3399 2373 περίεστε,
3451 2307 3543 2357 καὶ
3605 2305 3737 2366 τοὺς
3803 2305 4010 2372 ἰχῶρας

2427 2396 2781 2464 ἁπέματτεν,
2814 2392 2932 2447 εἶτα
2978 2398 3068 2448 καὶ
3118 2396 3356 2458 ὁθονίους
3392 2397 3657 2467 περιείλει
3737 2399 3835 2449 καὶ
3879 2413 4010 2447 κατ-

2427 2485 2648 2555 εδέσμει
2675 2528 2686 2548 ,
2729 2489 2822 2539 καὶ
2859 2491 3038 2540 πᾶσαν
3064 2489 3230 2558 ἄλλην
3261 2489 3562 2558 θεραπείαν
3617 2489 3894 2556 προσῆγε,
3923 2486 4011 2536 καὶ

2426 2581 2618 2649 χρόνον
2650 2581 2750 2645 μέν
2768 2597 2892 2630 τινα
2927 2580 3098 2632 ποιῶν
3159 2580 3353 2644 οὕτως,
3393 2580 3689 2631 ἐλάνθανεν
3725 2595 3738 2606 ·
3776 2579 4008 2645 ὕστερον

3813 2670 4010 2739 ἑορτῆς

2429 2763 2655 2832 περὶτὰ
2695 2764 2902 2835 Σύειαδα
2934 2763 3193 2833 λαμπρᾶς
3226 2765 3521 2833 ἀγομένης,
3581 2765 3612 2832 ἡ
3685 2764 3787 2832 μὲν
3850 2764 4007 2834 βουλὴ

2431 2857 2579 2908 πᾶσα
2626 2859 2689 2926 τῇ
2728 2855 3031 2926 πανηγύρει
3068 2857 3326 2925 παρῆσαν
3367 2872 3379 2885 ·
3414 2858 3573 2925 μόνος
3604 2857 3662 2907 δὲ
3715 2858 4005 2908 ἀπολέλει-

2424 2670 2609 2722 δετῶν
2673 2672 3007 2741 Διοσκορίων
3071 2673 3436 2731 ἐπιστάντων,
3497 2672 3591 2722 καὶ
3636 2670 3738 2737 τῆς

2430 2965 2533 3001 ⁴κτο
2557 2950 2879 3018 Δορομέδων
2911 2967 2922 2980 ·
2962 2945 3082 3003 εἶτα
3103 2951 3196 3003 καὶ
3233 2951 3759 3019 μετακαλεσαμὲνου
3817 2952 4006 3004 τούτου

2430 3041 2522 3092 τοῦ
2556 3042 2844 3109 ἡγεμόνος,
2880 3042 3002 3094 οὐδὲ
3029 3041 3174 3094 οὕτω
3209 3042 3434 3111 παρῄει,
3469 3043 3717 3111 δηλώσας
3752 3046 3840 3094 ὅτι
3876 3044 4003 3112 Χρι-

742 3121 1083 3178 Christianus
1125 3125 1345 3176 minime
1386 3139 1511 3176 eum
1563 3135 1838 3192 oporteret
1892 3125 2204 3178 sacriﬁcare
2248 3124 2319 3177 si-

2435 3135 2647 3186 στιανὸν
2678 3133 2803 3186 ὄντα
2833 3152 2922 3203 με,
2953 3135 3154 3206 ἥκιστα
3179 3135 3328 3187 θύειν
3355 3136 3597 3196 εἰδώλοις
3653 3137 3752 3185 καὶ
3783 3135 4000 3203 δαίμοσι

745 3215 996 3270 mulacris
1041 3225 1093 3270 et
1137 3216 1495 3270 dlBlliOltibUS.
1550 3214 1684 3270 Cum
1738 3233 1866 3287 ergo
1922 3217 2151 3270 fuissent
2207 3217 2320 3271 hac

745 3310 1055 3360 renuntiata
1095 3309 1371 3376 Dionysio,
1408 3309 1490 3361 vel
1533 3309 1760 3362 invitum
1793 3325 1918 3362 eum
1954 3310 2176 3363 adducit
2225 3325 2320 3376 per

743 3393 1027 3454 satellites,
1063 3402 1115 3446 et
1146 3402 1299 3461 regat
1340 3409 1583 3458 causam,
1625 3407 1847 3465 propter
1880 3411 2042 3462 quam
2090 3409 2198 3451 non
2231 3410 2324 3448 ve-

742 3483 914 3536 nisset
935 3487 998 3538 ad
1029 3485 1249 3548 festum,
1280 3487 1441 3553 idque
1468 3488 1534 3538 ab
1557 3501 1623 3538 eo
1647 3487 1966 3540 accersitus.
1996 3487 2086 3540 ille
2108 3498 2320 3547 autem:

744 3574 824 3628 Ad
856 3575 957 3625 alia
993 3576 1234 3641 quidem,
1278 3575 1492 3644 inquit,
1527 3593 1558 3629 ο
1604 3593 1826 3646 praeses,
1873 3578 1926 3631 in
1957 3579 2152 3648 quibus
2188 3581 2322 3633 nihil

745 3665 1058 3719 detrimenti
1087 3676 1372 3736 acceptura
1393 3677 1475 3721 est
1495 3669 1698 3732 anima,
1727 3685 2007 3737 nunquam
2034 3684 2141 3720 non
2173 3670 2320 3733 veni,

741 3757 786 3810 si
820 3767 872 3809 tu
908 3772 992 3809 ine
1023 3761 1244 3818 vocasti,
1275 3776 1452 3825 neque
1485 3759 1644 3809 ullam
1679 3759 1829 3809 attuli
1865 3760 2271 3814 excusationem
2306 3777 2320 3814 :

746 3850 838 3901 ubi
872 3859 1049 3901 autem
1096 3864 1182 3902 res
1213 3857 1423 3916 Spectat
1471 3849 1535 3901 ad
1577 3849 1964 3903 detrimentum
2008 3851 2228 3918 animae,
2262 3860 2322 3906 et

746 3957 773 3992 a
811 3938 917 3992 Deo
941 3942 1344 4004 alienationem,
1375 3958 1482 3994 non
1511 3958 1631 4011 ego,
1663 3943 1755 4009 qui
1801 3958 1910 3995 non
1946 3946 2175 4008 accessi,
2203 3960 2323 3998 sum

746 4048 911 4086 causa
942 4035 1084 4101 quod
1121 4050 1228 4084 non
1262 4035 1609 4093 accesserim,
1642 4034 1734 4084 sed
1764 4035 1808 4086 is
1835 4035 1925 4101 qui
1956 4035 2022 4086 ad
2055 4049 2116 4088 ea
2146 4046 2322 4089 vocat.

820 4121 915 4174 XI.
959 4125 1094 4174 Cum
1137 4123 1250 4175 haec
1287 4131 1470 4176 autem
1501 4123 1760 4176 audiisset
1823 4139 2044 4194 prteses,
2087 4141 2207 4195 qua:
2259 4125 2328 4180 de

750 4215 1148 4285 Dorymedonte
1189 4230 1256 4268 ne
1295 4229 1568 4285 sperasset
1601 4216 1823 4284 quidem
1877 4233 2135 4284 unquam,
2169 4235 2238 4273 ne
2279 4218 2326 4273 si

744 4309 886 4362 Deus
919 4308 1137 4375 quidem
1166 4307 1526 4374 praedixisset,
1561 4309 1716 4360 valde
1749 4307 1972 4374 quidem
2009 4309 2112 4362 fuit
2139 4311 2327 4365 obstu-

745 4400 1016 4469 pefactus.
1052 4398 1116 4449 Et
1143 4413 1267 4450 cum
1298 4403 1521 4466 propter
1550 4413 1662 4451 rem
1688 4398 2024 4468 iitOpinatam
2053 4416 2120 4455 ne
2145 4402 2326 4470 plures

743 4491 960 4560 quidem
995 4492 1261 4560 patuisset
1285 4507 1407 4544 cum
1435 4507 1500 4545 eo
1529 4492 1778 4546 conferre
1817 4508 2096 4548 sermones

744 4585 870 4645 rim,
901 4584 1096 4650 inquit,
1130 4598 1254 4635 eum
1294 4593 1472 4636 teneat
1502 4584 1771 4636 custodia.
1807 4585 1939 4639 Cras
1985 4601 2114 4641 vero
2149 4587 2331 4640 consi-

746 4674 1079 4737 derabimus,
1123 4672 1396 4740 quomodo
1448 4688 1534 4726 rcs
1582 4673 1700 4742 ejus
1742 4689 1800 4727 se
1842 4675 2099 4730 habeant.
2143 4678 2324 4746 Atque

744 4765 836 4820 ille
874 4766 1094 4834 quidem
1124 4767 1274 4819 venit
1310 4766 1365 4817 in
1399 4781 1694 4830 carcerem,
1731 4775 1984 4840 tanquam
2026 4768 2081 4821 in
2138 4785 2329 4836 quani-

743 4857 868 4912 dam
915 4856 1220 4925 palaestram
1255 4872 1268 4909 :
1313 4854 1600 4926 Dionysius
1639 4868 1842 4923 autem,
1877 4859 2209 4927 quibusdam
2252 4876 2320 4916 ex

749 4949 864 5002 suis
903 4948 968 5000 ad
1019 4962 1142 5000 eum
1183 4947 1385 5011 missis,
1429 4948 1732 5004 conabatur
1769 4952 2041 5005 adducere
2087 4968 2211 5005 eum
2258 4952 2325 5006 ad

748 5038 1149 5108 ptenitentiam.
1202 5040 1348 5104 Quos
1402 5051 1554 5097 torve
1603 5051 1658 5095 et
1719 5044 2063 5098 truculcnter
2118 5055 2325 5114 martyr

749 5131 1004 5184 intuens:
1040 5149 1059 5184 ι
1102 5132 1370 5192 Discedite
1409 5149 1435 5185 a
1473 5149 1582 5199 me,
1609 5135 1763 5199 dixit,
1787 5145 1976 5187 omnes
1998 5136 2089 5203 qui
2131 5151 2327 5207 opera-

750 5222 879 5276 mini
912 5223 1278 5292 iniquitatem'
1336 5244 1347 5277 :
1388 5245 1404 5276 ι
1444 5235 1498 5280 et
1531 5228 1794 5280 continuo
1831 5227 2028 5288 tacuit,
2066 5246 2082 5278 ι
2123 5237 2176 5280 et
2205 5237 2328 5280 erat

751 5322 1006 5382 tanquam
1052 5316 1215 5371 homo
1252 5331 1359 5371 non
1401 5317 1654 5381 audiens,
1687 5327 1743 5372 et
1773 5334 1880 5372 non
1912 5320 2119 5374 habens
2146 5319 2201 5372 in
2233 5337 2326 5376 ore

750 5420 850 5465 suo
870 5406 1276 5476 redargutiones
1295 5411 1367 5467 ⁸.»
1400 5410 1493 5463 Die
1518 5419 1699 5464 autem
1728 5413 1974 5480 sequenti
1998 5427 2119 5466 cum
2143 5412 2324 5470 sedem

753 5497 1056 5553 iudicialem
1089 5502 1422 5554 ascendisset
1457 5502 1763 5572 Dionysius,
1797 5505 2031 5558 accersit
2065 5504 2326 5574 Doryme-

754 5592 1001 5656 dentem,
1061 5601 1117 5645 et
1160 5609 1172 5646 :
1224 5591 1467 5662 lndigne,
1531 5595 1724 5663 inquit,
1781 5604 2020 5660 senator,
2065 5597 2327 5666 quidnam

836 5768 853 5796 ³
875 5769 1065 5822 Matth.
1089 5785 1186 5832 vii,
1215 5771 1305 5822 23.
1380 5773 1398 5801 δ
1429 5770 1567 5822 Psal.
1603 5787 1800 5832 xxxv”,
1833 5771 1918 5821 15.

2423 3229 2549 3298 χρή.
2599 3228 2685 3288 Ὠς
2703 3226 2795 3278 οὖν
2828 3228 3115 3294 ἀπηγγέλη
3159 3227 3342 3278 ταῦτα’
3395 3225 3678 3294 Διονυσίῳ,
3749 3227 3873 3292 ἄγει
3913 3228 4002 3281 καὶ

2423 3319 2628 3370 ἄκοντα
2651 3318 2738 3368 διὰ
2792 3317 2900 3368 τῶν
2929 3318 3245 3386 δορυφόρων
3307 3317 3490 3378 αὑτὸν,
3559 3320 3651 3368 καὶ
3692 3318 3791 3387 τὴν
3834 3321 4004 3371 αἰτίαν

2424 3408 2779 3471 πυνθάνεται,
2817 3406 2884 3460 δι’
2921 3409 2986 3476 ἣν
3016 3407 3115 3458 οὐκ
3140 3408 3394 3474 ἀφίκοιτο
3449 3410 3582 3476 πρὸς
3639 3411 3737 3479 τὴν
3790 3413 4004 3480 ἑορτὴν.

2424 3500 2519 3552 καὶ
2547 3500 2722 3552 ταῦτα
2763 3498 3128 3568 μετακληθεὶς
3161 3499 3252 3553 ὑπ’
3284 3501 3470 3553 αὐτοῦ.
3511 3502 3572 3554 Ὀ
3603 3503 3680 3567 δὲ,
3729 3503 3852 3554 Ἐπ’
3875 3505 4005 3555 ἄλλα

2429 3591 2548 3660 μὲν,
2587 3591 2712 3657 ἔφη,
2748 3586 2791 3642 ὦ
2821 3593 3064 3659 ἡγεμὼν,
3099 3595 3234 3646 ὅπου
3277 3595 3353 3662 μὴ
3375 3596 3735 3659 λυμαίνεσθαι
3770 3601 3835 3663 τῇ

2429 3684 2565 3751 μηδὲ
2605 3683 2864 3750 βλάπτειν
2908 3686 3080 3746 ἔστιν,
3118 3684 3406 3735 οὐπώποτε
3438 3688 3539 3753 ἤδη
3575 3686 3699 3735 οὗτε
3735 3688 4006 3737 καλέσαν-

2426 3777 2515 3838 τός
2557 3792 2649 3828 σου
2684 3776 2782 3828 οὐκ
2813 3771 2975 3847 ἦλθον
3012 3791 3024 3806 ο
3051 3776 3176 3826 οὕτε
3240 3777 3496 3844 ἀσχολίαν
3533 3777 3613 3828 σοί
3677 3793 3804 3830 τινα
3838 3795 4008 3845 προε-

2428 3869 2751 3938 φασισάμην
2779 3885 2792 3898 °
2838 3869 3036 3921 ἕνθαδὲ
3077 3871 3214 3938 πρὸς
3266 3868 3462 3938 βλάϐος
3494 3869 3604 3940 6ρῶ
3663 3870 3722 3920 τὸ
3777 3872 4009 3940 πρᾶγμ-ι

2424 3960 2625 4030 ψυχῆς,
2649 3965 2743 4012 καὶ
2783 3960 2915 4013 Θεοῦ
2957 3963 3337 4031 ἀλλοτρίωσιν»
3396 3965 3492 4031 οὐχ
3520 3966 3546 4015 ὁ
3577 3963 3651 4034 μὴ
3688 3981 4009 4032 παρατίὙο·

2430 4053 2536 4113 νὼς
2560 4049 2694 4120 ἐγὼ,
2719 4053 2811 4104 τοῦ
2836 4053 3219 4123 μὴάφικέσθαι
3243 4055 3415 4116 αἴτιος
3445 4057 3470 4104 ὁ
3492 4056 3578 4105 ἐπὶ
3607 4054 3782 4107 ταῦτα
3808 4057 4009 4109 καλῶν.

2501 4145 2601 4197 lA'.
2644 4146 2907 4208 Ἀκούσας
2940 4146 3115 4198 ταῦτα.
3146 4148 3172 4197 ὁ
3209 4146 3431 4214 ἡγεμὼν
3473 4142 3560 4197 οἷα
3605 4149 3728 4213 μηδ’
3761 4149 3827 4198 ἂι
3874 4150 4006 4200 Θιο]

2430 4230 2791 4298 προειπόντος
2839 4231 2966 4297 περὶ
3011 4231 3412 4297 Δορυμέδοντός
3447 4247 3574 4281 ποτε
3624 4234 3887 4297 ἤλπισεν,
3927 4239 4012 4288 εκ-

2430 4319 2624 4390 πλὴξει
2663 4338 2722 4372 τε
2763 4324 2939 4391 εἴχετο
2960 4321 3145 4383 δεινῶς
3179 4323 3272 4372 καὶ
3316 4322 3391 4389 τῷ
3425 4321 3672 4390 ἀδοκήτῳ
3720 4324 3815 4374 τοῦ
3878 4330 4013 4394 πρα-

2431 4429 2638 4482 γματος
2679 4414 2816 4482 μηδὲ
2854 4413 2934 4476 είς
2970 4413 3225 4476 πλείονας
3270 4414 3419 4482 αὐτῷ
3454 4415 3644 4482 λόγους
3687 4417 3871 4468 ἐλθεῖν
3931 4421 4014 4470 δυ-

2135 4511 2147 4546 :
2185 4495 2324 4548 lnte—
2357 4504 2402 4560 ι)
2430 4501 2638 4572 νηθεὶς,
2680 4503 2829 4564 Τέως
2861 4501 2979 4570 μὲν,
3021 4505 3206 4571 φησὶν,
3247 4503 3413 4555 αὑτὸν
3444 4506 3614 4573 ὲχέτω
3650 4508 3872 4576 φρουρά
3895 4527 3906 4537 ι
3941 4511 4012 4571 είς

2427 4593 2614 4663 αὔριον
2643 4594 2699 4646 δὲ
2741 4596 2807 4646 τὰ
2852 4597 2973 4647 κατ’
3006 4595 3168 4646 αὑτὸν
3205 4597 3352 4655 ὅπως
3403 4596 3516 4662 ἔχει
3578 4599 3923 4666 σκεψόμεθα.
3962 4600 4011 4651 ’0

2430 4685 2530 4753 μὲν
2561 4679 2656 4736 οὖν
2705 4686 2765 4734 τὸ
2831 4684 3214 4755 δεσμωτήριον
3259 4683 3449 4754 ὥσπερ
3499 4688 3619 4736 τινὰ
3683 4691 4010 4757 κατειλήφει

2424 4776 2771 4845 παλαίστραν
2806 4790 2819 4804 °
2863 4776 2890 4826 6
2927 4774 3204 4838 Διονύσιος
3258 4776 3314 4828 δὲ
3356 4777 3466 4828 τῶν
3511 4778 3601 4828 ὑπ’
3640 4780 3807 4831 αὐτόν
3860 4799 4008 4841 τινας

2425 4865 2776 4926 ἀποστείλας,
2840 4864 3149 4933 μετάμελον
3215 4866 3376 4918 αὐτὸν
3461 4871 3636 4919 ποιεῖν
3707 4870 4007 4937 ἐπεχείρει.

2429 4951 2523 5017 Οἷς
2557 4956 2830 5023 αὐστηρὸν
2879 4955 3157 5023 ἐμϐλέψας
3219 4960 3246 5007 ὁ
3340 4958 3554 5027 μάρτυς
3617 4959 3714 5008 καὶ
3775 4961 4006 5026 ἄγριον

2443 5047 2746 5114 ’Λπόστητε
2775 5043 2868 5098 ἀπ’
2903 5046 3059 5113 ἐμοῦ,
3090 5047 3261 5113 ἔλεγε,
3309 5049 3508 5106 πάντες
3562 5048 3611 5098 οἱ
3651 5048 4008 5117 ἐργαζόμενοι

2433 5137 2696 5203 ἀνομίαν·
2739 5136 2832 5188 καὶ
2873 5135 3036 5199 εὐθὺς
3069 5137 3421 5200 ὲσιώπα,καὶ
3485 5135 3776 5214 ἄνθρωπος
3823 5133 3891 5207 ἦν
3918 5139 4008 5188 clx

2435 5227 2650 5280 ἁκούων
2681 5229 2775 5278 καὶ
2801 5227 2902 5279 οὐκ
2930 5228 3068 5297 ἔχων
3093 5229 3148 5281 ἐν
3167 5228 3243 5297 τῷ
3273 5229 3504 5297 στόματι
3524 5228 3689 5280 αὑτοῦ
3721 5229 4005 5294 ελεγμούς’

2444 5325 2545 5388 τῆς
2595 5320 2638 5371 δ’
2670 5321 2908 5389 ἑπούσης
2937 5322 3029 5372 ἐπὶ
3064 5321 3152 5373 τὸν
3196 5320 3512 5374 δικαστικὸν
3563 5321 3753 5390 θρόνον
3807 5323 4007 5381 ἀναϐάς

2433 5408 2710 5471 Διονύσιος
2763 5409 3193 5478 μεταπέμπεται
3262 5408 3350 5461 τὸν
3415 5410 3817 5478 Δορυμέδοντα,
3894 5411 4001 5468 κατ,

2446 5500 2658 5565 Ἀνάξιε
2687 5501 2783 5571 τῆς
2810 5501 3032 5572 βουλῆς,
3056 5502 3244 5571 φησὶν,
3299 5501 3349 5554 τί
3381 5501 3570 5554 παθὼν
3627 5502 3777 5569 χθὲς,
3831 5503 3863 5570 ἦ
3902 5503 4005 5550 δια-

2438 5595 2676 5662 νοηθεὶς,
2726 5595 2818 5648 καὶ
2853 5595 2977 5658 τοὺς
3014 5594 3167 5658 θεοὺς
3193 5593 3495 5666 ἐξιῦμνυσο,
3523 5596 3618 5647 καί
3655 5599 3723 5647 τὰ
3759 5593 4002 5664 βασιλικὰ
