4198 6438
205 412 314 475 719

205 529 433 590 ἀναιδῶς
509 529 778 599 ἐφήλατο,
834 531 933 582 οὐκ
995 530 1185 600 ἄγριον
1233 521 1407 596 εἶδεν,
1469 531 1601 583 ἀλλα

204 621 509 689 περιέλειχε
570 623 637 673 τα
689 622 851 690 ἕλκη,
904 627 998 676 καὶ
1059 625 1341 692 ἀπέματτε
1399 625 1520 684 τοὺς
1573 624 1775 692 ἰχῶρας

204 713 300 764 καὶ
323 714 453 780 δήλη
479 708 548 782 ἦν
577 714 801 775 τούτους
834 715 1074 783 τιμῶσα,
1107 716 1203 767 καὶ
1239 715 1327 767 διὰ
1351 717 1533 784 πάσης
1570 715 1777 778 αἰδοῦς,

204 806 487 874 τιθεμένη.
517 807 762 857 Ταῦταὸ
810 808 908 876 μὲν
979 807 1288 876 περιεστὼς
1347 808 1518 876 δῆμος
1596 807 1782 874 θαῦμα

204 897 443 948 ἐποιεῖτο
475 899 570 948 καὶ
606 899 1052 967 διεθερμαίνοντο
1097 900 1233 967 πρὸς
1283 900 1586 952 εὐσέϐειαν.
1645 899 1699 951 Ὀ
1726 899 1781 950 δὲ

201 990 265 1039 τὸ
298 989 519 1058 θέατρον
550 990 1067 1054 διαθεὶςΔιο-Αᾶσιος,
1122 995 1380 1045 ἐλάνθανε
1447 993 1781 1045 καθ’ὲαυτοῦ

205 1079 336 1140 τοὺς
369 1082 644 1148 παρόντας
675 1082 1025 1152 συνειλοχὼς,
1056 1085 1151 1136 καὶ
1194 1084 1293 1150 τῆς
1326 1084 1538 1144 οἰκείας
1582 1083 1782 1149 μᾶλλον

205 1173 469 1241 αἰσχύνης
517 1175 776 1242 θεωροὺς,
806 1179 863 1226 οὑ
903 1178 1002 1243 τῆς
1061 1176 1170 1227 τῶν
1203 1175 1500 1244 μαρτύρων
1543 1176 1781 1240 ἀγωνίας

208 1266 470 1328 καλέσας,
505 1269 590 1334 ἐφ’
619 1264 699 1330 οἷς
735 1269 936 1336 μᾶλλον
962 1270 1125 1330 αὐτὸς
1152 1270 1506 1337 ἐξεθηριοῦτο
1537 1286 1548 1300 ⁸
1585 1270 1675 1320 καὶ
1706 1268 1783 1336 τῷ

207 1359 319 1422 τῷν
356 1359 560 1426 θηρίων
599 1361 908 1429 ἐπιμελητῇ
959 1360 1266 1428 βαρύτατον
1303 1361 1534 1412 θανάτου
1584 1361 1783 1430 τρόπον

203 1451 446 1516 ἠπείλει.
496 1451 552 1502 Ὀ
587 1452 640 1502 δὲ
666 1452 869 1513 δείσας,
912 1454 1003 1504 καὶ
1032 1452 1221 1504 λέοντα
1264 1453 1404 1504 κατὰ
1432 1453 1544 1504 τῶν
1580 1452 1786 1522 μαρτύ-

209 1557 318 1608 ρων
337 1542 566 1611 dicina-1v
588 1559 602 1572 ·
633 1544 746 1595 ἀλλ’
767 1545 885 1596 οὐδὲ
923 1542 1073 1607 οὗτος
1107 1545 1211 1597 τῶν
1231 1545 1552 1612 φθασάντων
1583 1546 1787 1614 θηρίων

206 1636 390 1703 ἥττων
415 1637 589 1704 ἐφάνη
615 1638 749 1706 πρὶς
787 1640 1126 1707 ἡμερότητα.
1156 1639 1479 1690 Τοῦναντίον
1525 1638 1622 1705 μὲν
1664 1637 1782 1699 οὖν,

210 1729 308 1779 καὶ
343 1733 594 1794 γενναῖον
620 1749 670 1780 τι
706 1732 849 1782 κατα
879 1730 970 1781 τοῦ
1015 1731 1376 1799 λεοντοκὸμου
1447 1731 1782 1793 ἐπεδείξατο.

225 1819 284 1873 Ὀ
312 1821 408 1887 μὲν
437 1823 543 1889 γὰρ
573 1824 758 1890 ἠρέμα
797 1824 1051 1890 πρόσεισι
1095 1826 1208 1883 τοῖς
1269 1823 1464 1888 ἁγίοις,
1507 1823 1597 1875 καὶ
1641 1824 1788 1874 κάτω

1478 410 1655 478 νιτλ
1700 411 1763 476 S.
1805 417 2193 477 ΜΑΤΤΗᾸΞῘ.

3337 417 3441 480 ’150

1681 546 1776 582 και
1811 542 1848 593 Α
1882 530 2062 594 batur,
2106 541 2160 583 et
2189 524 2632 584 inflammabalur
2677 531 2742 584 ad
2779 530 3055 599 pietatem.
3110 529 3210 596 Qui
3270 543 3448 587 autem

1885 623 2159 675 theatrum
2193 632 2444 692 coegerat
2489 622 2800 692 Dionysius,
2840 637 2947 676 non
2985 623 3453 683 animadverterat

1885 729 1940 768 se
1967 730 2058 767 eos
2094 716 2181 784 qui
2226 716 2472 778 aderant,
2507 723 2694 771 contra
2733 731 2789 770 se
2834 731 3190 785 congregasse
3221 733 3234 767 :
3261 728 3315 770 et
3369 719 3451 770 sui

1889 807 2064 874 potius
2129 806 2411 859 dedecoris
2501 815 2857 873 spectaturos,
2909 822 3069 874 quam
3143 809 3455 860 certaminis

1889 905 2182 965 martyrum
2254 911 2606 950 convocasse.
2670 898 2898 965 Propter
2939 913 3061 966 quae
3113 898 3226 967 ipse
3285 899 3455 967 magis

1886 989 2233 1050 elIerabatur,
2272 999 2324 1041 et
2364 989 2434 1048 ei,
2475 991 2565 1056 qui
2618 1004 2803 1041 curam
2857 991 3077 1058 gerebat
3131 989 3452 1049 bestiarum,

1887 1094 2119 1134 mortem
2157 1082 2464 1134 minabatur
2486 1081 2884 1149 gravissimam.
2918 1081 3006 1133 Ille
3030 1090 3210 1133 autem
3260 1081 3454 1134 timore.

1887 1170 2136 1230 aﬂ‘ectus,
2173 1171 2382 1224 leonem
2410 1185 2628 1239 quoque
2655 1170 2882 1223 immisit
2931 1171 2984 1224 in
3021 1180 3304 1240 martyres.
3350 1169 3454 1222 Sed

1888 1277 1987 1314 nec
2021 1263 2063 1315 is
2093 1262 2193 1315 fuit
2241 1263 2422 1316 minus
2451 1263 2710 1331 placidus,
2769 1278 2933 1330 quam
2983 1263 3196 1331 priores
3247 1261 3455 1315 bestiae.

1886 1353 2085 1406 Contra
2127 1363 2305 1407 autem
2341 1371 2451 1407 rem
2517 1355 2642 1408 fecit
2709 1357 3029 1424 praeclaram
3075 1355 3127 1408 in
3170 1371 3311 1417 eum,
3368 1356 3455 1420 qui

1891 1447 2036 1500 illius
2067 1461 2207 1499 curae
2241 1456 2489 1514 pricerat.
2553 1445 2685 1500 Nam
2714 1447 2800 1500 ille
2833 1448 3050 1515 quidem
3113 1445 3339 1508 sensim,
3405 1456 3460 1498 et

1891 1548 2052 1605 caput
2081 1539 2332 1590 deorsum
2370 1538 2662 1599 inclinans,
2726 1539 2939 1592 accedit
3001 1538 3067 1591 ad
3109 1547 3351 1592 sanctos.
3411 1537 3460 1589 ls

1891 1642 2072 1682 autem
2095 1630 2270 1698 ipsum
2296 1630 2546 1683 irritabat
2581 1631 2780 1683 acriter
2817 1631 3151 1692 exclamans,
3186 1631 3453 1682 etexhor-

1894 1721 2107 1773 labatur
2133 1723 2398 1774 adversus
2431 1731 2669 1775 sanctos.
2689 1722 2989 1774 Leoautem
3014 1721 3066 1773 in
3095 1736 3216 1773 eum
3238 1731 3460 1789 repente

1893 1810 2162 1870 insiliens,
2197 1811 2402 1863 lacerat
2443 1821 2495 1864 et
2522 1812 2785 1880 discerpit
2841 1810 3112 1880 protinus.
3144 1808 3305 1866 Omni
3361 1812 3462 1863 ila-

208 1911 383 1961 νεύων
410 1913 506 1979 τὴν
540 1913 804 1982 κεφαλὴν,
838 1915 958 1965 οὐδὲ
993 1914 1348 1964 ἀντιϐλέπειν
1377 1916 1560 1976 αὐτοῖς
1622 1915 1784 1984 εἶχεν.

1858 1894 1864 1937 ί
1893 1888 1999 1970 (ιὐο
2031 1917 2124 1969 spe
2156 1901 2388 1970 abjecta,
2425 1901 2717 1971 Dionysius
2749 1917 2842 1954 eos
2879 1903 3231 1961 condemnat,
3261 1913 3318 1953 ut
3350 1902 3464 1969 gla-

222 2005 281 2053 'U
322 2004 395 2064 δὲ,
427 2004 718 2073 ἀνηρέθιζε
751 2005 938 2057 τοῦτον
973 2006 1065 2069 ὀξυ
1099 2006 1337 2075 ἐμϐοῶν,
1367 2008 1460 2057 καὶ
1514 2009 1652 2060 κατὰ
1681 2010 1790 2061 τῶν

209 2095 386 2162 ἁγίων
411 2097 774 2151 ἐνεκελεύετο.
825 2101 1043 2168 Ἀμέλει
1088 2101 1181 2150 καὶ
1213 2099 1410 2168 ἀθρόον
1443 2101 1792 2168 ἐπιπηδήσας

207 2192 235 2241 ὁ
266 2189 401 2240 λέων
439 2189 589 2258 αὐτῷ
627 2192 973 2261 παραχρῆμα
1020 2191 1436 2260 διατι-ταράττει.
1503 2190 1790 2244 Ἀττάντων

214 2283 396 2332 τοίνυν
485 2285 755 2349 ἀπογνοὺς
828 2283 1124 2346 Διονύσιος,
1183 2285 1273 2335 τὸν
1312 2284 1397 2337 διὰ
1477 2284 1661 2353 ξίφους
1696 2286 1791 2336 αὖ·

208 2372 320 2422 τῶν
353 2372 584 2422 θάνατον
630 2375 976 2442 κατακρίνει,
1044 2379 1136 2428 καὶ
1203 2377 1417 2428 κελεύει
1470 2376 1624 2446 θυμῷ
1681 2379 1793 2437 τοῖς

208 2463 429 2529 δημίοις
461 2462 520 2513 τὸ
555 2465 770 2514 στάδιον
794 2468 1255 2534 εἰσπηδήσαντας,
1290 2471 1386 2530 τὰς
1406 2470 1513 2522 τῶν
1533 2471 1794 2536 γενναίων

207 2558 398 2620 τεμεῖν
429 2554 689 2620 κεφαλάς
717 2550 817 2625 ἦγε
855 2559 950 2624 μὲν
981 2555 1072 2609 οὖν
1109 2559 1306 2627 ἐνάτην
1342 2559 1462 2609 τότε
1497 2560 1634 2628 πρὸς
1679 2563 1793 2621 τοῖς

208 2644 342 2696 δέκα
377 2646 772 2715 Σεπτεμϐριος,
825 2654 916 2700 καὶ
957 2651 1006 2702 οἱ
1086 2649 1179 2702 τοῦ
1226 2649 1463 2719 Χριστοῦ
1516 2653 1794 2720 μάρτυρες

210 2736 354 2788 οὕτω
384 2739 476 2788 τοῦ
503 2738 570 2789 δι’
599 2742 760 2791 αὐτὸν
782 2740 966 2802 τέλους
1015 2743 1390 2813 ἐπιτυχόντες,
1445 2746 1544 2805 τὰς
1581 2745 1790 2795 ἑαυτῶν

208 2830 390 2896 ψυχὰς
419 2833 540 2892 ταῖς
566 2832 776 2884 ἐκείνου
810 2836 971 2902 χερσὶ
1000 2828 1455 2903 ’ῑταροιτίθενται.⁸
1490 2837 1570 2889 Τὰ
1603 2836 1787 2903 μέντοι

213 2923 534 2991 μαρτυρικὶι
570 2923 778 2975 τούτων
814 2927 1067 2993 σώματα.
1100 2928 1304 2996 σπουδῇ
1361 2928 1524 2995 πολλῇ
1577 2929 1663 2978 διὰ
1698 2928 1790 2978 τὶν

209 3013 308 3063 τοῦ
343 3014 607 3082 ἡγεμόνος
636 3015 822 3084 φόϐον,
847 3018 955 3069 τῶν
983 3018 1230 3070 εὐλαὸὤι
1250 3036 1393 3080 τινες
1449 3019 1787 3086 ἀνελόμενοι,

1890 1995 1982 2047 dio
2021 1994 2106 2047 eis
2143 2009 2290 2047 mors
2323 1993 2584 2047 alTeratur
2623 2008 2636 2044 :
2664 2001 2716 2046 et
2743 1994 2818 2045 ira
2844 1993 3107 2061 percitus,
3132 1992 3469 2061 jubelcarni-

1891 2087 2102 2146 licibus,
2129 2097 2184 2140 ut
2229 2087 2595 2155 irrumpenlcs
2653 2086 2706 2138 in
2764 2085 3022 2147 stadium,
3074 2085 3457 2153 praeclarorum

1892 2186 2194 2245 martyrum
2242 2177 2418 2243 capita
2471 2186 2841 2244 amputarent.
2915 2175 3068 2228 Tunc
3115 2158 3464 2231 autenferat

1890 2283 2068 2321 nonus
2124 2268 2366 2321 decimus
2402 2267 2762 2336 Septembris.
2815 2269 2881 2321 Et
2936 2267 3135 2321 Christi
3198 2277 3462 2336 martyres

1894 2360 2308 2429 propteripsum
2337 2359 2486 2414 hunc
2524 2362 2686 2414 linem
2715 2364 2974 2424 assecuti,
3003 2361 3054 2414 in
3093 2361 3235 2414 illius
3262 2375 3462 2414 manus

1896 2468 2022 2506 suas
2049 2452 2393 2506 tradiderunt
2422 2453 2657 2506 animas.
2705 2451 2993 2517 Martyrica
3037 2460 3220 2504 autem
3275 2463 3461 2504 eorum

1894 2557 2124 2607 corpora
2159 2557 2284 2594 cum
2329 2558 2524 2611 magno
2562 2543 2764 2603 studio,
2838 2541 3049 2593 occulte
3103 2549 3282 2592 tamen
3334 2554 3464 2608 pro-

1895 2641 2014 2699 pter
2079 2643 2283 2685 motum
2349 2634 2618 2700 praesidis,
2671 2631 2889 2699 quidam
2952 2631 3024 2699 pii
3080 2630 3456 2691 sustulissent,

1895 2733 1950 2779 et
2025 2740 2087 2778 ea
2167 2726 2466 2779 honoriﬁce
2555 2724 3007 2792 composuissent,
3075 2724 3465 2790 deposuerunt,

1899 2815 2266 2885 gloriﬁcantes
2310 2815 2549 2876 Patrem,
2595 2823 2644 2868 et
2688 2812 2909 2876 Filium,
2959 2822 3014 2866 et
3044 2811 3307 2881 Spiritum
3337 2827 3465 2864 san-

1898 2917 2080 2968 ctum,
2114 2922 2260 2962 nunc
2311 2917 2365 2961 et
2393 2923 2634 2977 semper,
2675 2916 2729 2961 et
2765 2908 2818 2960 in
2873 2906 3066 2961 sarcula
3123 2905 3466 2959 saeculorum.

1897 2999 2092 3050 Amen.

212 3109 311 3161 καὶ
369 3107 669 3177 φιλοτίμως
736 3111 875 3162 αὐτὰ
927 3113 1392 3183 περιστείλαντες,
1445 3113 1499 3162 ὲν
1554 3110 1860 3180 ἀποκρύφῳ
1903 3110 2299 3164 κατατιθέασιο
2360 3109 2676 3174 δοξάζοντες
2728 3109 2970 3180 Πατέρα,
3033 3107 3127 3164 καὶ
3185 3109 3333 3170 Υῐδν,
3373 3099 3467 3159 καὶ

213 3201 444 3267 Πνεῦμα
469 3200 646 3269 ἆγιον,
673 3202 766 3256 νῦν
798 3206 889 3256 καὶ
920 3207 1028 3269 ἀεὶ,
1057 3207 1147 3258 καὶ
1171 3208 1248 3266 εἰς
1278 3206 1402 3265 τοὺς
1431 3204 1627 3264 αἰῶνας
1657 3204 1763 3254 τῶν
1793 3203 2020 3258 αἰώνων.
2066 3205 2264 3274 Ἀμήν.
2883 3185 2897 3206 θ

223 3373 3446 3408 W

749 3559 932 3670 DE
1069 3560 1186 3669 S.
1344 3561 2087 3674 MATTHAK)

2232 3558 2960 3674 APOSTOLO

1294 3798 1444 3888 ΕΤ
1550 3797 2406 3889 EVANGELISTA.

1018 3989 1160 4053 (Acta
1187 3991 1477 4038 Sanctorum
1508 3989 1736 4039 Bolland.
1766 3991 1824 4039 ad
1845 3991 1973 4038 diem
1998 3991 2047 4038 2|
2082 3991 2405 4053 Septembris,
2434 3999 2548 4040 tom.
2579 3991 2682 4056 Vl.)

219 4346 250 4417 ᾗ
279 4347 322 4399 1.
350 4344 600 4400 Memoria
630 4342 810 4398 Sancti
837 4344 890 4396 in
935 4343 1108 4417 Fastis
1161 4345 1427 4417 variarum
1453 4343 1682 4417 gentium
1715 4343 1798 4417 di—

298 4417 456 4469 versis
506 4417 681 4466 diebus
724 4416 1046 4466 annuntiala
1082 4430 1098 4465 :
1144 4426 1264 4466 acra
1313 4414 1465 4482 plura
1503 4415 1713 4480 aliaque
1740 4414 1801 4466 de

297 4495 475 4537 ,ςηηειο
505 4493 838 4535 monumento
868 4490 1264 4536 enumerantur.

299 4596 349 4649 1·
380 4595 830 4663 Quandoquidem
858 4611 1027 4665 pauca
1058 4596 1124 4650 de
1155 4595 1318 4665 gestis
1349 4595 1521 4650 sancti
1559 4596 1793 4650 Matthtei

228 4689 464 4758 apostoli
511 4696 567 4742 et
614 4689 960 4757 evangelista
996 4697 1270 4756 comperta
1315 4696 1442 4740 sunt
1493 4694 1547 4740 et
1577 4687 1799 4740 indubi-
1841 4715 1846 4719 -

228 4790 361 4840 tata,
392 4793 621 4846 eamque
666 4778 735 4830 ob
767 4793 986 4835 causam
1031 4779 1182 4847 plura
1228 4775 1296 4830 de
1339 4793 1402 4831 eo
1444 4777 1802 4831 examinanda

229 4870 484 4930 veniunt,
540 4882 698 4938 quam
733 4868 1056 4935 simpliciter
1107 4870 1445 4933 enarranda;
1481 4881 1801 4921 enumerare

228 4961 464 5030 primum
491 4961 669 5026 placet
705 4961 1003 5015 vetustiora
1030 4959 1427 5030 Martyrologia,
1451 4961 1648 5028 quibus
1679 4973 1805 5013 san-

223 5051 302 5106 cti
337 5051 598 5104 memoria
629 5052 828 5120 legitur
865 5051 1110 5112 inserta;
1144 5063 1197 5105 et
1225 5067 1347 5105 mox
1381 5066 1487 5104 non
1533 5051 1692 5104 modo
1717 5067 1805 5104 as-

228 5145 471 5215 signare,
503 5142 598 5198 sed
628 5146 790 5197 etiam
818 5156 1092 5213 utcunque
1150 5145 1452 5214 ponderare
1478 5143 1802 5196 documenta

228 5236 380 5291 varia
409 5277 421 5299 ,
468 5251 535 5290 ex
581 5235 778 5305 quibus
835 5247 983 5304 gesta
1024 5236 1198 5292 sancti
1240 5234 1471 5289 Matthzei
1513 5233 1804 5287 haurienda

227 5337 377 5382 sunt.
404 5327 644 5382 Ecclesia
670 5328 862 5383 Latina
910 5339 1157 5383 sanctum
1194 5329 1500 5383 Matthmum
1535 5328 1805 5396 praecipue

229 5422 480 5476 celebrat
513 5417 600 5474 die
627 5420 689 5473 il
730 5419 1089 5490 Septembris,
1117 5436 1224 5489 quo
1245 5421 1498 5474 onmibus
1523 5418 1636 5473 fere
1665 5419 1806 5476 Mar-

234 5510 516 5579 tyrologiis
556 5520 610 5562 et
657 5508 994 5564 Kalend-ariis
1027 5507 1231 5561 Latinis
1270 5509 1527 5561 memoria
1562 5507 1804 5574 ejusdem

232 5598 441 5654 inserta
476 5612 579 5655 est.
618 5602 728 5655 ilac
757 5602 903 5653 enim
951 5601 1039 5654 die
1075 5601 1272 5670 legitur
1323 5601 1372 5652 in
1404 5599 1807 5668 Martyrologiis

239 5691 696 5759 Hieronymiauis.
738 5694 790 5747 in
849 5695 1095 5748 Romano
1157 5694 1349 5755 Parvo,
1387 5695 1526 5762 apud
1583 5693 1802 5756 Bedam,

240 5785 480 5844 Florum,
587 5784 892 5850 Rabanum,
977 5786 1444 5850 Wandclbertum,
1540 5787 1806 5852 Adonem,

238 5875 566 5941 Usuardum,
627 5875 950 5944 Notberum,
985 5880 1037 5932 in
1085 5880 1479 5950 MarterIOgiis
1511 5890 1562 5934 et
1612 5879 1808 5934 Kaleno

1806 4168 1874 4183 ὴ

1827 4325 1869 4380 C,
1903 4317 2068 4371 dariis
2098 4316 2367 4386 plerisque
2417 4315 2822 4384 particularium
2860 4317 3233 4387 ecclesiarum,
3277 4338 3337 4376 ac
3373 4325 3469 4379 de-

1907 4426 2051 4462 mum
2099 4410 2151 4462 in
2191 4408 2438 4463 Romano
2489 4408 2873 4480 Martyrologio
2904 4420 2957 4464 et
2985 4410 3283 4479 Breviario,
3325 4427 3377 4469 et
3415 4418 3467 4472 in

1907 4502 2165 4554 omnibus
2211 4500 2410 4568 passim
2473 4502 2890 4555 recentioribus.
2953 4503 3132 4572 Elogia
3175 4505 3263 4559 hic
3322 4508 3470 4562 nulla

1908 4595 2102 4655 aﬂ'ero,
2136 4595 2261 4662 quia
2300 4592 2411 4646 suis
2470 4593 2679 4660 singula
2735 4594 3026 4663 producam
3065 4597 3217 4659 lacis,
3250 4599 3339 4652 ubi
3373 4617 3470 4654 ex-

1909 4687 2094 4756 pedire
2132 4687 2403 4740 videbitur
2445 4686 2510 4739 ad
2555 4687 3017 4754 przrdicationcut,
3067 4697 3317 4753 mortem,
3379 4703 3475 4747 aut

1907 4781 2008 4832 alia
2054 4781 2118 4833 ad
2171 4790 2417 4832 sanctum
2449 4780 2742 4846 spectantia
2775 4779 3173 4832 elucidandum.
3211 4781 3472 4852 Martyro-

1910 4867 2065 4935 logiis
2122 4875 2391 4920 consonat
2438 4867 2574 4919 liber
2611 4866 3086 4920 Sacramenlorum
3142 4883 3171 4921 a
3220 4867 3473 4924 Menardo

1909 4961 2111 5021 editus,
2139 4969 2191 5012 et
2221 4960 2277 5013 S.
2317 4959 2578 5028 Gregorio
2606 4959 2923 5021 attributus,
2968 4959 3020 5012 in
3067 4975 3173 5029 quo
3209 4962 3276 5016 ad
3330 4964 3474 5017 hunc

1909 5052 2049 5106 diem
2092 5051 2287 5120 legitur
2325 5051 2483 5105 Missa
2540 5052 2606 5106 de
2643 5061 2832 5106 sancto
2889 5050 3159 5117 Matthaeo,
3197 5063 3249 5109 et
3304 5056 3475 5123 pridie

1911 5155 2131 5199 notatur
2161 5144 2358 5214 vigilia,
2389 5144 2844 5212 quemadmodum
2898 5145 3136 5214 ejusdem
3169 5147 3340 5215 vigilia
3376 5165 3474 5202 an-

1912 5237 2194 5292 nuntiatur
2241 5238 2294 5290 in
2352 5239 2535 5291 multis
2587 5238 2937 5292 Kalendariis
2974 5247 3029 5291 et
3085 5237 3474 5312 Martyrologiis

1912 5329 2334 5384 recentioribus.

1983 5423 2036 5476 2.
2065 5421 2382 5474 Celebratur
2418 5431 2592 5475 tamen
2630 5421 2749 5474 aliis
2778 5439 2993 5494 quoque
3038 5423 3227 5478 diebus
3259 5439 3477 5479 sanctus

1916 5513 2200 5566 Mattlimus
2232 5513 2283 5566 in
2317 5515 2523 5582 aliquot
2570 5514 2966 5584 Martyrologiis
3000 5514 3226 5572 Latinis.
3258 5516 3385 5571 Nam
3423 5522 3476 5574 in

1914 5603 2353 5676 Hieronymianis
2377 5607 2538 5659 etiam
2578 5606 2772 5677 legitur
2806 5607 2871 5660 ad
2910 5609 2932 5658 1
2975 5606 3120 5672 Maii,
3175 5626 3386 5664 rursum
3410 5613 3475 5666 ad

1917 5698 1947 5751 6
1991 5697 2130 5758 Maii,
2164 5707 2214 5750 et
2245 5699 2308 5751 ad
2356 5701 2386 5752 9
2418 5697 2688 5752 Octobris.
2731 5701 2788 5750 ln
2828 5701 3028 5768 aliquot
3060 5702 3222 5754 etiam
3278 5706 3480 5759 codici-

1920 5793 2042 5855 bus,
2071 5793 2325 5845 videlicet
2356 5793 2406 5844 in
2438 5792 2848 5861 Epternacensi.
2889 5793 3220 5855 Cor-beiensi,
3255 5797 3479 5863 aliisque

1921 5885 2092 5937 sancti
2125 5883 2359 5938 Matlhaai
2387 5883 2440 5938 lit
2467 5887 2671 5938 mentio
2705 5883 2766 5937 ad
2788 5885 2849 5938 ‘2!
2889 5883 3030 5948 Maii,
3067 5887 3153 5939 ubi
3187 5889 3325 5956 apud
3357 5886 3480 5941 Flo.
