4198 6438
210 408 315 474 753

1463 398 1641 466 νιΤΑ
1684 396 1750 463 S.
1797 401 2181 470 ΜΑΪΤΗΑΞΙ.

3351 403 3460 464 ’154

218 540 236 570 ι
274 519 405 572 Cum
449 517 557 581 ille,
601 519 691 586 qui
760 517 1012 586 prafatas
1070 518 1436 586 apostolorum
1489 507 2178 585 passionesArecentiora
2232 522 2361 586 sint,
2412 522 2711 590 eademque
2758 533 2878 572 cum
2915 518 3053 582 aliis,
3107 517 3209 572 sed
3263 528 3466 576 utcum-

208 609 452 680 scripsit.
489 611 606 679 ipse
634 626 692 664 se
729 612 1034 665 certissime
1085 611 1286 664 incerta
1345 619 1397 663 et
1444 607 1575 662 falsa
1637 607 1779 662 scri-

213 704 388 774 psisse
417 703 743 772 prodiderit.
776 702 912 758 Dicit
949 704 1117 762 enim,
1178 700 1303 774 quia
1361 700 1628 756 Candacis
1680 716 1782 755 eu-

211 797 448 856 nuchus,
477 811 637 864 quem
668 795 987 864 baptizasset
1017 793 1305 864 Philippus
1363 795 1414 846 in
1475 793 1658 847 Judzea
1715 809 1780 847 eo

210 898 458 956 tempore
487 887 650 940 fuerit
711 888 761 939 in
819 885 1120 954 Aithiopia,
1190 902 1297 952 quo
1365 884 1651 940 Mattltzeus
1707 885 1778 938 ibi

204 979 456 1040 docebat.
488 981 645 1048 eique
685 980 899 1034 ducenti
926 980 1186 1032 auxilium
1223 979 1426 1041 tulerit,
1486 994 1607 1031 cum
1671 994 1782 1030 ma-

206 1072 470 1125 nifestum
503 1072 573 1126 sit
603 1073 909 1126 Candacem
942 1088 1139 1125 nomen
1203 1088 1323 1125 esse
1358 1087 1464 1127 non
1536 1072 1656 1132 viri,
1688 1069 1781 1124 sed

206 1163 424 1218 femina:
458 1180 472 1227 ;
538 1165 587 1216 id
626 1175 725 1227 est,
761 1181 866 1216 non
910 1165 1167 1226 eunueln,
1220 1166 1311 1217 sed
1372 1163 1602 1216 dominae
1640 1163 1779 1228 ejus,

214 1257 418 1325 regina:
454 1254 705 1309 videlicet
744 1255 1088 1322 Ethiopum,
1118 1270 1255 1324 qum.
1313 1255 1454 1308 sicut
1508 1270 1571 1306 ex
1635 1262 1782 1306 vete-

205 1361 328 1399 rum
365 1349 734 1399 monumentis
777 1351 1166 1414 comperimus,
1225 1362 1416 1400 omnes
1481 1345 1782 1412 antiquitus

205 1439 286 1492 sic
319 1439 582 1506 appellari
605 1439 873 1492 solebant.
916 1459 931 1488 ι
970 1437 1092 1493 Haec
1114 1439 1281 1503 Beda,
1315 1456 1421 1493 non
1453 1441 1628 1494 solum
1650 1440 1782 1492 Acta

209 1548 311 1601 pro
401 1531 726 1601 apocryphis
833 1532 1072 1594 habens,
1163 1533 1258 1586 sed
1342 1546 1530 1585 eorum
1618 1532 1782 1584 etiam

204 1630 489 1674 auctorem
527 1623 798 1675 mendacii
833 1639 1091 1689 arguens.
1131 1623 1359 1677 Possent
1389 1634 1443 1676 et
1481 1625 1650 1675 multa
1683 1622 1786 1675 alia

204 1729 272 1767 ex
305 1714 454 1768 Actis
487 1713 707 1784 alit-gari
735 1715 799 1768 ad
834 1715 991 1768 Iidem
1061 1716 1125 1768 iis
1184 1716 1604 1779 detrahendam,
1661 1733 1784 1770 cum

205 1814 398 1859 auctor
426 1806 493 1859 ab
528 1805 683 1858 initio
727 1821 894 1873 usque
950 1807 1015 1859 ad
1054 1807 1211 1860 ﬁnem
1276 1808 1544 1860 mirabilia
1616 1809 1785 1876 magis

1883 624 1988 679 quc
2020 611 2334 668 emendata.

1955 701 2005 754 7.
2030 699 2418 757 Verumtamen
2456 719 2564 757 non
2593 713 2738 758 tanta
2768 702 3011 759 adhibita
3044 700 3146 756 fuit
3166 701 3458 758 correctio.

1885 801 2104 863 utgesta
2139 794 2190 846 in
2219 795 2282 849 iis
2314 797 2482 850 relata
2504 797 2698 851 ﬁerent
2730 797 2860 852 satis
2887 793 3211 862 probabilia,
3244 791 3457 845 etiamsi

1886 903 1992 940 non
2027 897 2300 941 constaret
2338 888 2406 942 de
2441 888 2653 958 origine
2709 903 2776 942 ex
2834 887 2983 940 fonte
3038 886 3272 954 impuro.
3321 880 3455 935 Nam

1890 981 2063 1047 primo
2098 981 2278 1033 statim
2330 980 2642 1034 advenienti
2705 980 2759 1033 in
2809 978 3141 1048 Ethiopiam
3209 975 3458 1032 Matthaso

1885 1071 2084 1124 dicitur
2117 1073 2423 1127 occurrisse
2459 1073 2746 1126 eunuchus
2789 1070 2989 1141 regina:
3033 1069 3321 1130 Candacis.
3365 1066 3457 1134 qui

1887 1163 2196 1232 baptizatus
2228 1174 2396 1216 erata
2429 1164 2683 1234 Philippo
2715 1163 2835 1216 Act.
2872 1179 2988 1222 vnt.
3025 1171 3084 1216 ut
3122 1169 3310 1214 auctor
3336 1172 3457 1212 om-

1886 1257 2019 1308 nino
2053 1267 2285 1320 asserat,
2324 1256 2630 1315 Matthaeum
2656 1256 2867 1310 venisse
2899 1255 2964 1308 ad
3013 1255 3228 1314 urbem,
3253 1251 3306 1304 in
3353 1265 3458 1318 qua

1885 1349 2067 1417 regina
2097 1347 2352 1403 Candace
2379 1350 2657 1418 regnabat,
2701 1348 2917 1416 quando
2945 1347 3122 1399 dictus
3175 1340 3461 1397 eunuchus

1887 1440 1988 1494 fuit
2022 1454 2336 1493 conversus.
2366 1439 2434 1492 At
2468 1440 2540 1491 ibi
2578 1449 2689 1492 tum
2725 1439 2918 1493 dicitur
2954 1438 3121 1491 fuisse
3155 1451 3244 1489 rex
3280 1433 3462 1503 Egyp-

1889 1546 2011 1598 pus,
2071 1530 2254 1599 regina
2295 1529 2601 1583 Eufenissa.
2657 1531 2729 1582 De
2789 1528 3067 1592 Caudace,
3117 1541 3237 1596 quae
3301 1521 3463 1592 paulo

1889 1633 2013 1675 ante
2049 1631 2347 1691 regnasset,
2377 1621 2524 1674 nulla
2585 1620 2643 1673 Iit
2707 1621 2936 1673 mentio.
2999 1619 3184 1684 Itaque
3262 1628 3462 1667 nomen

1891 1715 2086 1786 regina:
2126 1715 2408 1767 Euienissa
2437 1713 2652 1766 videtur
2709 1710 3046 1766 contrarium
3101 1706 3282 1761 verbis
3309 1704 3466 1758 Beda

1891 1823 2009 1858 mox
2045 1806 2206 1871 datis,
2241 1823 2364 1859 cum
2398 1815 2630 1866 asserat,
2663 1806 2920 1859 omnibus
2970 1816 3265 1856 commune
3296 1799 3466 1853 fuisse

205 1905 414 1957 narret,
445 1910 604 1962 quam
633 1895 958 1960 Credibilia;
1012 1897 1292 1965 multaque
1343 1899 1494 1965 plura
1551 1875 1788 1968 nugetur
1819 1875 1859 1929 Β
1893 1914 2089 1952 nomen
2121 1899 2391 1953 Candace.
2443 1898 2728 1953 Consentit
2788 1897 3014 1958 Plinius,
3049 1895 3143 1948 lib.
3209 1911 3282 1958 vr,
3344 1908 3465 1958 cap.

204 1987 275 2041 de
308 1988 558 2054 paradiso
580 1989 852 2049 terrestri,
889 2005 1046 2057 quant
1105 1992 1417 2044 observavit
1473 1991 1784 2057 Hesselius;

203 2087 262 2132 et
295 2079 708 2147 conceptionem
738 2080 1066 2134 beatissima:
1095 2082 1330 2152 Virginis
1355 2095 1593 2152 exponat
1626 2088 1786 2138 modo

205 2171 512 2239 incongrue
530 2179 582 2224 et
617 2172 911 2233 indecenti,
935 2183 993 2227 ut
1026 2175 1236 2227 mittam
1289 2177 1412 2228 alia.
1475 2176 1670 2229 Verum
1705 2177 1787 2230 di-

202 2268 291 2315 cta
321 2257 597 2315 sulliciunt
635 2262 701 2314 ad
750 2277 967 2316 onmem
1023 2263 1180 2317 ﬁdem
1257 2267 1440 2320 Abdize
1497 2275 1787 2336 personato

204 2351 579 2419 abrOgandam
617 2369 628 2404 :
664 2361 717 2404 at
761 2368 822 2404 ex
855 2354 939 2406 his
977 2356 1077 2406 alia
1109 2357 1239 2408 mihi
1284 2359 1458 2412 oritur
1495 2359 1786 2414 dubitatio.

279 2443 333 2496 6.
363 2447 523 2496 Anno
560 2444 694 2497 I755
727 2444 782 2497 in
811 2445 1146 2498 bibliotheca
1185 2446 1438 2501 Vaticana
1475 2451 1787 2506 invenimus

204 2530 312 2584 alia
348 2532 401 2584 S.
429 2529 664 2584 Matth-.ci
702 2535 832 2585 Acta
868 2533 919 2586 in
956 2534 1142 2590 codice
1199 2535 1391 2590 Latino
1430 2539 1588 2602 1188,
1613 2557 1785 2608 eaque

205 2624 566 2678 exscribenda
593 2625 929 2689 curavimus,
1011 2636 1064 2681 et
1105 2642 1206 2681 nos
1264 2629 1364 2698 ipsi
1418 2646 1539 2684 cum
1597 2632 1785 2686 codice

205 2714 562 2767 contulimus.
594 2714 714 2766 Hzec
740 2715 872 2769 Acta
907 2727 1095 2771 carent
1124 2720 1386 2774 omnibus
1445 2722 1585 2775 vitiis
1626 2724 1786 2777 modo

207 2801 418 2856 relatis.
453 2803 523 2856 ob
549 2819 667 2870 qua:
698 2804 974 2860 Hesselins
1024 2811 1157 2861 Acta
1218 2811 1642 2878 pseudo-Abdice
1701 2832 1787 2870 rc-

207 2894 484 2961 probavit,
515 2897 759 2949 eamdem
799 2898 862 2950 de
897 2900 1062 2952 rebus
1098 2903 1260 2970 gestis
1309 2905 1480 2958 sancti
1546 2907 1783 2963 Matthazi

205 2983 495 3037 continent
525 2985 864 3041 relationem.
898 2987 1077 3053 Quare
1110 2993 1345 3047 dubitari
1381 3007 1578 3064 potest,
1603 3010 1783 3056 utrum

206 3072 652 3141 pseudo-Abdias
681 3079 979 3135 vetustiora
1005 3086 1178 3137 sancti
1214 3085 1459 3155 Apostoli
1519 3093 1651 3144 Acta
1696 3094 1782 3147 in-

205 3166 580 3231 terpolaverit,
617 3178 670 3224 et
711 3173 895 3225 multis
925 3176 1144 3244 ineptiis
1175 3178 1480 3248 impleverit
1509 3200 1522 3246 ;
1557 3194 1624 3236 an
1654 3202 1781 3240 vero

207 3270 488 3311 nonnemo
509 3262 693 3319 Abdire
713 3264 779 3318 de
814 3265 869 3318 S.
892 3266 1144 3321 Matthaeo
1166 3271 1601 3328 lucubrationem
1628 3293 1779 3332 cras-

207 3346 451 3404 sioribus
489 3353 764 3408 erroribus
800 3355 1034 3410 voluerit
1092 3373 1417 3430 expurgare.
1466 3374 1518 3418 et
1549 3365 1627 3420 sic
1648 3369 1779 3422 Acta

215 3435 382 3506 hujus
474 3445 699 3511 apostoli
793 3457 1065 3518 utcunque
1147 3455 1443 3522 probabilia
1532 3461 1777 3516 reddere.

205 3526 510 3601 Utrumque
545 3537 654 3590 ﬁeri
688 3541 862 3607 potuit
892 3583 907 3606 ,
943 3542 1035 3596 sed
1075 3548 1375 3601 secundum
1431 3552 1780 3609 verisimilius

205 3633 292 3678 est
322 3627 392 3680 ob
425 3629 600 3681 varias
644 3634 904 3687 rationes.
942 3633 1125 3688 Primo
1201 3653 1266 3690 ex
1334 3639 1578 3710 allegatis
1625 3641 1780 3699 Beda:

206 3719 389 3772 verbis
424 3720 707 3787 habemus,
761 3729 1126 3798 apocrypliam
1179 3729 1320 3784 illam
1359 3733 1425 3787 de
1465 3739 1628 3804 gestis
1657 3754 1784 3808 apo-

204 3809 471 3865 stolorum
526 3813 820 3872 Historiam
856 3832 1005 3876 certo
1041 3824 1401 3893 antiquiorem
1434 3844 1554 3885 esse
1583 3833 1780 3892 sarculo

206 3919 326 3969 vm,
352 3920 473 3961 cum
513 3909 652 3964 Beda
683 3911 925 3966 ﬂoruerit
958 3916 1058 3968 sub
1097 3917 1314 3970 initium
1383 3921 1529 3974 illius
1598 3927 1778 3978 saeculi

205 4008 270 4053 et
298 3998 440 4052 illam
481 3998 772 4055 Historiam
802 4004 1017 4076 alleget,
1074 4023 1182 4062 non
1236 4021 1292 4063 ut
1380 4013 1646 4066 novellam
1689 4027 1781 4072 aut

204 4105 384 4158 nuper
416 4094 730 4159 conlictam,
786 4098 882 4150 sed
937 4108 990 4152 ut
1059 4102 1350 4155 multorum
1406 4104 1612 4171 judicio
1649 4125 1781 4180 apo-

205 4183 492 4253 crypham.
533 4187 607 4242 Ex
653 4205 716 4242 eo
751 4192 976 4244 ulterius
1030 4193 1243 4261 colligo,
1295 4196 1406 4264 jam
1479 4203 1675 4255 Sﬂ‘Cttit)
1705 4221 1778 4269 vr,

205 4291 316 4345 quo
387 4278 612 4334 ﬂorebat
686 4281 989 4339 Venantius
1063 4283 1432 4354 Fortunatus,
1513 4304 1785 4351 vetustam

205 4369 380 4425 visam
417 4388 536 4426 esse
567 4375 710 4426 illam
749 4374 1067 4442 Historiam,
1103 4397 1224 4434 cum
1291 4386 1657 4441 verisimiliter
1714 4406 1779 4446 ex

205 4463 296 4516 illa
329 4465 494 4526 dicat,
523 4481 721 4536 corpus
752 4467 809 4524 S.
869 4471 1100 4525 Mattlicei
1160 4489 1280 4529 esse
1351 4477 1404 4530 in
1473 4479 1778 4540 Naddaver.

1889 1991 1957 2044 29
2012 1992 2234 2050 docens,
2308 2005 2580 2057 «regnare
2637 1989 2894 2041 feminam
2955 1986 3282 2046 Candaeem,
3319 1983 3463 2051 quod

1889 2098 2089 2139 nomen
2123 2082 2305 2137 multis
2339 2081 2454 2149 jam
2493 2081 2653 2135 annis
2683 2081 2749 2134 ad
2807 2080 3023 2149 reginas
3081 2076 3320 2134 transiit,
3358 2092 3374 2124 i
3413 2077 3466 2126 tn

1891 2175 1980 2228 illo
2012 2177 2270 2229 nimirum
2309 2175 2606 2244 [Ethiopize
2667 2190 2855 2243 regno,
2932 2174 3089 2240 cujus
3152 2166 3471 2236 metrOpoIis

1889 2279 2005 2323 erat
2030 2269 2232 2323 Meroe.
2260 2268 2668 2321 Asseritautem
2702 2267 2952 2319 laudatus
2988 2264 3236 2324 .I’Iinius,
3297 2276 3360 2314 ea
3401 2260 3468 2314 do

1890 2357 2074 2429 regnis
2101 2358 2391 2426 zEthiopia:
2422 2369 2474 2410 et
2499 2357 2709 2410 Meroes
2749 2355 2965 2423 cognita
2992 2363 3049 2408 et
3090 2353 3259 2406 rrlata
3297 2349 3468 2404 fuisse

1890 2468 1989 2520 per
2023 2452 2391 2522 exploratores
2424 2449 2675 2504 Neronis.
2755 2447 3034 2518 Regnabat
3086 2447 3248 2516 igitur
3288 2444 3468 2513 regina

1888 2543 2146 2597 Candace
2194 2542 2411 2596 Nerone
2466 2543 2767 2608 imperante
2822 2549 2875 2592 et
2927 2537 3020 2591 diu
3068 2537 3318 2590 Candace
3373 2533 3471 2586 ali-

1885 2650 1990 2704 qua
2039 2633 2236 2687 ibidem
2278 2640 2619 2699 regnaverat,
2667 2630 2856 2682 saltem
2902 2644 2929 2682 a
2972 2627 3310 2696 temporibus
3356 2628 3470 2679 Au-

1888 2725 2049 2795 gusti,
2086 2735 2143 2778 ut
2186 2724 2458 2794 colligitur
2507 2738 2570 2775 ex
2619 2721 2907 2782 Strabone,
2960 2719 3050 2787 qui
3086 2719 3188 2772 sub
3224 2721 3471 2785 Augusto

1889 2819 2095 2872 ﬂoruit.
2130 2817 2327 2872 Strabo
2371 2818 2540 2880 enim,
2601 2814 2695 2868 lib.
2741 2829 2871 2875 xvn,
2932 2827 3056 2881 pag.
3098 2809 3223 2869 89.0.
3279 2816 3470 2861 narrat

1887 2911 2128 2974 bellum,
2181 2925 2292 2979 quo
2349 2926 2366 2959 ι
2429 2907 2707 2970 (landace,
2772 2921 2890 2975 qua:
2949 2919 3046 2971 per
3101 2911 3321 2962 nostra,
3386 2900 3470 2952 ln-

1886 3005 2024 3073 quit,
2085 3011 2325 3072 tempora
2380 3001 2732 3069 Althiopibus
2791 2996 3112 3062 imperavit,
3174 3013 3192 3045 ι
3261 2995 3465 3046 Itonia.

1885 3111 1986 3152 nos
2015 3093 2230 3166 Egypti
2262 3094 2514 3147 dominos
2577 3089 2832 3160 impetiit,
2867 3088 3173 3156 imperante
3199 3087 3472 3154 Augusto.

1808 3213 1850 3267 ε
1888 3192 2075 3257 Itaque
2118 3197 2420 3255 regnarunt
2447 3188 2500 3240 in
2533 3185 2808 3254 z’ErltiOpia
2842 3183 3099 3252 reginam
3128 3181 3324 3248 quibus
3373 3193 3469 3267 ηοξ

1888 3297 2013 3335 men
2049 3289 2163 3332 erat
2197 3276 2680 3336 Candace,saitem
2739 3277 2808 3327 ab
2869 3277 3107 3340 Angusto
3175 3284 3345 3336 usque
3397 3265 3466 3322 ad

1887 3375 2121 3430 Neronis
2146 3384 2421 3441 tempora;
2453 3386 2552 3425 nec
2582 3369 2726 3423 addit
2758 3368 2984 3428 Plinius,
3023 3364 3127 3417 alio
3160 3363 3320 3416 modo
3353 3362 3468 3415 suis

1891 3467 2228 3537 temporibus
2251 3464 2690 3519 administratum
2718 3460 2885 3514 fuisse
2907 3457 3196 3526 Ethiopia:
3216 3467 3467 3523 regnum.

1888 3559 2049 3628 Atqui
2088 3569 2310 3612 sanctus
2335 3554 2635 3618 Matthaeus,
2671 3555 2713 3606 si
2767 3550 3084 3621 praedicavit
3129 3549 3183 3602 in
3247 3543 3468 3599 Aitbio-

1890 3650 1997 3718 pia.
2037 3665 2102 3701 co
2133 3648 2508 3700 vcrisimiliter
2541 3645 2688 3696 venit
2728 3653 2852 3694 ante
2879 3640 3170 3708 imperium
3207 3635 3462 3700 Neronis,

1888 3751 1982 3796 aut
2022 3750 2170 3794 certe
2209 3739 2420 3792 Nerone
2452 3752 2562 3790 non
2617 3735 2708 3790 diu
2747 3735 3074 3801 imperante.
3115 3727 3308 3784 Omnia
3358 3727 3462 3796 igio

1893 3845 1997 3895 tur,
2032 3851 2150 3902 quae
2181 3833 2248 3887 de
2304 3839 2448 3885 statu
2504 3829 2654 3899 regni
2706 3826 3002 3894 Ethiopiae
3064 3823 3357 3877 traduntur
3407 3819 3468 3872 in

1889 3929 2059 3988 Actis,
2108 3938 2330 3993 prorsus
2359 3923 2610 3976 videntur
2637 3919 2845 3982 Iictitia,
2883 3931 2985 3970 nec
3019 3915 3184 3968 ullam
3247 3927 3465 3968 meren-

1891 4029 1977 4074 tur
2009 4019 2189 4072 Iidem.

1960 4112 2011 4166 8.
2034 4111 2152 4163 Non
2190 4111 2368 4163 minus
2401 4105 2584 4160 ﬁetitia
2626 4104 2897 4165 videntur,
2926 4115 3044 4169 quze
3075 4099 3142 4154 de
3174 4109 3466 4168 progressu

1889 4208 2007 4262 ﬁdei
2054 4205 2372 4259 Christianae
2403 4202 2455 4254 in
2492 4197 2767 4265 IElhiopia
2821 4196 3041 4250 tradunt
3070 4193 3220 4246 Acta.
3249 4187 3302 4244 Si
3343 4190 3470 4258 quis

1889 4302 2032 4357 enim
2065 4299 2213 4353 Actis
2245 4297 2468 4351 credere
2502 4292 2753 4356 voluerit,
2791 4289 3060 4346 convertit
3089 4286 3146 4340 S.
3179 4284 3466 4340 Matthzeus

1891 4409 2071 4462 regem
2105 4392 2407 4462 Egyppum,
2463 4387 2702 4455 reginam
2769 4383 3131 4443 Eufenissam,
3164 4390 3468 4444 eorumque

1893 4486 2089 4548 ﬁlium,
2121 4491 2353 4537 amor-te
2424 4478 2578 4548 prius
2620 4476 2962 4538 suscitatum,
3019 4472 3112 4540 qui
3191 4467 3467 4523 Eufranon

207 4553 382 4609 Tanta
411 4571 562 4613 certo
595 4577 703 4616 non
733 4572 817 4617 est
847 4574 1091 4619 vetustas
1137 4568 1339 4623 codicis
1404 4569 1669 4641 Vaticani,
1732 4579 1784 4632 in
1813 4572 1865 4632 D
1896 4584 2142 4637 vocatur,
2188 4573 2457 4638 ﬁliau'ique
2483 4567 2857 4637 Epliigeniam,
2915 4562 3076 4616 modo
3131 4557 3464 4628 Iphigeniam

205 4661 316 4716 quo
351 4649 711 4706 tolerabiliora
755 4663 971 4710 exstant
1017 4656 1072 4712 S.
1125 4657 1359 4714 Matthmi
1431 4665 1582 4718 Acta.
1638 4669 1786 4733 Qua-

206 4754 435 4812 propter
465 4745 722 4800 videntur
767 4747 818 4802 in
875 4750 964 4805 illo
1001 4753 1186 4807 codice
1233 4755 1482 4811 nonnihil
1543 4774 1785 4817 correcta

209 4834 404 4898 fuisse,
440 4848 496 4892 et
532 4839 949 4898 absurdioribus
991 4846 1138 4899 vitiis
1177 4860 1496 4919 expurgatu,
1553 4869 1784 4920 prreser-

211 4926 305 4978 tim
351 4941 473 4980 cum
510 4931 701 4998 reliqui
746 4936 946 5001 passim
1004 4938 1219 4990 codices
1255 4943 1383 4994 Acta
1442 4945 1785 5012 contineant,

208 5015 389 5083 qualia
435 5023 727 5088 suntapud
763 5025 1014 5090 Abdiam,
1041 5036 1095 5081 et
1130 5028 1364 5082 necdum
1412 5032 1577 5087 alium
1636 5037 1783 5090 vide-

209 5112 311 5164 rim
350 5115 615 5172 codicem.
658 5115 746 5182 qui
813 5120 1122 5174 consentiat
1187 5137 1308 5174 cum
1362 5123 1453 5176 illo
1502 5125 1782 5183 Vaticano.

211 5203 476 5261 Prasterea
502 5204 555 5259 in
591 5209 694 5263 boc
749 5211 939 5274 qodice
991 5215 1239 5280 praefatio
1294 5217 1527 5286 vulgaris
1584 5222 1785 5276 omissa

209 5306 314 5359 est,
374 5306 429 5350 et
492 5301 788 5356 substituta
860 5304 984 5367 alia,
1037 5322 1154 5373 qua:
1213 5324 1336 5362 cum
1397 5311 1526 5378 ipsis
1583 5325 1786 5383 pugnat

211 5391 386 5443 Actis.
424 5390 556 5445 Nam
603 5397 910 5449 secundum
973 5399 1340 5467 pr:el'ationem
1382 5402 1441 5457 S.
1503 5404 1783 5461 Matthrcus

213 5495 408 5550 paSSIIS
439 5493 517 5539 est
542 5487 593 5538 in
618 5484 873 5555 Perside;
906 5493 1205 5546 secundum
1230 5497 1381 5559 Acta,
1409 5496 1459 5547 in
1481 5497 1782 5567 zEtbiopia.

213 5575 366 5627 Actis
411 5575 542 5640 ipsis
576 5588 823 5632 assutum
858 5583 1117 5637 estaliud
1151 5586 1480 5656 principium
1524 5589 1590 5642 de.
1647 5589 1784 5643 scrio

212 5681 308 5738 pto
350 5683 442 5737 per
469 5668 784 5728 Matthaeum
823 5673 1139 5746 Evangelio,
1211 5691 1263 5733 et
1332 5690 1451 5749 post
1520 5681 1649 5736 illud
1701 5697 1782 5735 se-

214 5770 458 5827 quuntur
492 5760 623 5816 Acta
657 5767 926 5832 personati
962 5767 1168 5829 Abdire.
1219 5771 1311 5825 sed
1379 5772 1624 5824 nonnihil
1691 5789 1782 5826 ex-

216 5864 463 5925 purgata.
517 5856 706 5926 Itaque
765 5862 848 5912 vix
914 5859 1160 5915 dubitare
1226 5864 1423 5932 possim
1475 5864 1600 5933 quin
1663 5866 1775 5919 haec

1890 4667 2089 4738 passim
2124 4667 2344 4719 dictam.
2379 4662 2616 4716 Ecclesia
2645 4674 2859 4729 quoque
2888 4662 3199 4710 constructa
3243 4648 3465 4711 dicitur.

1889 4759 1942 4812 in
1979 4775 2083 4827 qua
2120 4755 2403 4810 lilatthaeus
2433 4752 2632 4806 sederit
2704 4749 2862 4803 annis
2908 4747 3000 4801 Ξῖ.
3057 4747 3170 4800 Iloc
3219 4752 3467 4811 tempore

1889 4849 2395 4907 multasrabricavit
2425 4846 2710 4906 ecclesias,
2750 4861 2766 4893 ι
2807 4835 3463 4904 constituitpresbyteros

1887 4955 1941 4999 et
1970 4947 2318 5007 diaconos,...
2351 4950 2403 4994 et
2463 4954 2560 5006 per
2591 4938 2839 4990 civitates
2863 4942 2916 4987 ct
2943 4929 3162 4985 castella
3194 4927 3466 4982 ordinavit

1886 5041 2186 5106 epiScopos.
2227 5052 2243 5082 i
2293 5032 2560 5084 Prteterea
2611 5047 2626 5078 ι
2661 5028 2844 5080 omnia
2906 5026 3219 5082 simulacra,
3254 5019 3465 5073 omnia-

1887 5126 2208 5199 quetempla
2246 5142 2266 5177 i
2303 5131 2630 5179 asseruntur
2667 5138 2682 5169 ε
2723 5121 3020 5173 destructa.
3066 5133 3083 5166 ι
3140 5114 3272 5167 Filia
3319 5113 3462 5180 regis

1891 5241 1909 5273 ι
1955 5217 2250 5289 prigenia
2293 5234 2310 5266 ι
2352 5213 2717 5282 virginitatem
2764 5207 3031 5277 professa,
3101 5223 3121 5257 ι
3157 5213 3274 5259 erat
3323 5219 3460 5272 prte—

1887 5313 2060 5382 posita
2098 5311 2363 5379 virginum
2389 5304 2622 5372 amplius
2707 5318 2866 5372 quam
2910 5299 3290 5353 ducentarum.
3337 5296 3461 5348 Haec

1885 5405 2067 5458 omnia
2099 5402 2238 5454 facta
2294 5399 2575 5458 dicuntur,
2637 5398 2852 5449 vivente
2905 5407 3028 5462 rege
3082 5390 3324 5460 Egyppo.
3384 5386 3459 5438 Eo

1885 5495 2164 5555 defuncto,
2192 5490 2484 5558 occisoque
2517 5487 2575 5541 S.
2625 5487 2874 5540 .‘tlatrlueo
2934 5482 3004 5536 ob
3054 5489 3359 5535 recusatum
3390 5475 3458 5534 ab

1889 5585 2183 5657 Iipliigenia
2218 5582 2623 5636 matrimonium
2658 5595 2780 5634 cum
2823 5590 2966 5630 novo
3017 5589 3142 5644 rege
3202 5573 3457 5644 Ilyrtaco.

1888 5696 1974 5734 res
2031 5675 2466 5730 Christianorum
2506 5671 2718 5725 modico
2770 5680 3010 5738 tempore
3073 5665 3256 5720 minus
3302 5666 3461 5717 erant

1890 5784 2185 5843 prosperae.
2222 5771 2291 5824 At
2316 5758 2437 5823 cum
2471 5766 2693 5836 punitus
2737 5781 2765 5818 a
2801 5779 2858 5817 se
2888 5771 3031 5816 esset
3087 5757 3372 5829 Hyrtacus.
3405 5763 3460 5808 et

1887 5864 2102 5928 Pl'OPl'iO
2141 5878 2194 5917 se
2238 5861 2411 5930 gladio
2444 5857 2759 5924 occidisset,
2797 5856 2962 5910 frater
2988 5848 3297 5923 Ephigeniae
3321 5844 3455 5900 dici-
