4198 6438
779 407 885 465 ⁸155

2003 397 2283 457 MENSIS
2321 394 2610 454 SEPTEM
2625 393 2789 452 BER.

3942 402 4056 459 756

781 530 870 569 tur
902 531 1125 585 regnum
1155 517 1405 588 adeptus,
1439 513 1680 590 illudque
1724 519 1962 573 tenuisse
1992 518 2148 569 annis
2183 531 2339 568 sexa-
2374 514 2413 565 A
2446 526 2551 563 non
2587 512 2844 576 facerem,
2883 513 2924 564 si
2955 511 3067 566 haec
3095 515 3226 566 Acta
3277 513 3518 575 ederem,
3581 531 3644 567 ex
3699 514 4046 582 apographo

784 612 928 676 ginta
964 611 1158 664 tribus.
1190 630 1208 661 ι
1241 609 1444 666 Omnes
1466 625 1646 667 autem
1676 611 1971 681 provinciae
2024 608 2341 675 AZthiopum

780 699 1029 751 ecclesiis
1064 699 1279 767 repletae
1332 700 1627 754 Catholicis
1683 713 1853 766 usque
1915 697 1968 750 in
2020 695 2342 748 hodiernunt

781 789 948 851 diem,
986 790 1394 857 inquitauctor,
1460 806 1559 859 per
1610 788 1962 857 Ephigeniam
2016 785 2343 839 benedicunt

782 882 972 947 Deum,
1028 893 1081 936 et
1114 883 1249 938 ﬁunt
1291 886 1554 939 mirabilia
1597 899 1787 955 magna
1843 885 1907 938 ad
1944 883 2342 937 confessionem

784 977 1172 1044 beatiapostoli
1207 977 1465 1030 Matthxi.
1499 998 1516 1028 ι
1561 977 1764 1046 Itaque,
1791 977 1832 1028 si
1867 976 2014 1030 Actis
2043 975 2341 1034 credimus.

782 1070 925 1121 circa
959 1070 1197 1123 medium
1220 1071 1399 1123 saeculi
1433 1087 1468 1123 tt
1511 1073 1682 1139 magis
1711 1069 1992 1123 Catholica
2049 1068 2153 1121 ﬁde
2187 1067 2346 1120 ﬁore-

781 1162 873 1213 bat
907 1161 1149 1215 Ecclesia
1200 1162 1520 1232 JEtIiiopiae,
1578 1177 1739 1232 quam
1799 1162 1904 1214 ulla
1978 1157 2082 1213 alia
2135 1160 2189 1212 in
2233 1168 2345 1212 toto

781 1253 1006 1306 mundo.

851 1346 904 1399 9.
943 1347 1011 1398 At
1037 1363 1098 1400 ea
1127 1361 1349 1416 prorsus
1376 1347 1714 1400 incredibilia
1744 1355 1874 1398 sunt
1903 1360 1964 1398 cx
1991 1344 2206 1399 silentio
2231 1359 2345 1398 om-

784 1439 933 1491 nium
963 1440 1290 1507 scriptorum
1327 1441 1693 1508 antiquorum.
1721 1438 1853 1492 Cum
1879 1440 2021 1492 enim
2071 1439 2346 1507 Aithiopia

781 1527 1014 1599 Aigypto
1049 1529 1122 1583 sit
1144 1531 1504 1593 contermina,
1531 1545 1640 1582 non
1671 1531 1977 1597 potuissent
2009 1531 2196 1583 Patres
2227 1530 2347 1582 alii-

781 1639 888 1690 que
919 1623 1212 1691 scriptores
1239 1623 1558 1686 Christiani,
1619 1625 1710 1692 qui
1767 1625 2038 1693 prioribus
2095 1623 2349 1676 Ecclesia:

783 1716 994 1768 s:ecnlis
1045 1697 1345 1768 floruerunt
1405 1716 1452 1768 in
1509 1714 1762 1785 Egypto,
1814 1717 1869 1768 in
1947 1716 2252 1776 Palaestina,
2294 1715 2345 1767 in

781 1809 984 1870 Africa,
1014 1817 1106 1861 aut
1139 1809 1300 1861 etiam
1330 1810 1382 1862 in
1421 1809 1716 1877 provinciis
1749 1808 1815 1862 ab
1869 1807 2142 1876 [Ethiopia
2180 1808 2348 1877 magis

785 1900 1024 1964 remotis,
1060 1900 1305 1969 ignorare
1338 1901 1633 1954 Ecclesiam
1686 1902 1836 1969 regni
1868 1900 2183 1969 amplissimi
2217 1899 2350 1952 adeo

783 1990 1088 2059 florentem,
1119 2004 1172 2047 et
1197 1994 1265 2047 de
1304 2009 1365 2046 ca
1392 2009 1616 2062 prorsus
1644 2004 1846 2048 tacere.
1888 1991 2092 2047 Deinde
2155 2007 2284 2044 vero
2309 1991 2351 2043 si

782 2081 1090 2135 Christiana
1152 2083 1284 2135 ﬁdes
1309 2091 1416 2134 tant
1441 2084 1578 2136 bene
1599 2083 1820 2135 fundata
1851 2082 2042 2134 fuisset
2069 2081 2119 2132 in
2142 2078 2355 2131 [Ethio-

792 2174 899 2241 pia,
927 2188 1031 2225 non
1063 2175 1328 2242 potuisset
1356 2175 1646 2236 eliminari,
1687 2175 1796 2226 nisi
1833 2173 2169 2241 gravissimis
2231 2187 2354 2240 pcr-

785 2267 1162 2320 secutiouibus
1191 2260 1250 2320 ct'
1272 2267 1433 2336 longo
1479 2275 1742 2335 tempore.
1771 2264 1845 2317 De
1885 2265 1965 2317 his
1995 2274 2174 2316 autem
2233 2277 2357 2331 per-

785 2357 1156 2410 sccutionibus
1192 2356 1379 2410 saltem
1423 2357 1746 2410 innotuisset
1780 2355 1996 2407 illorum
2051 2363 2354 2421 temporum

788 2448 1177 2514 scriptoribus,
1202 2449 1292 2515 qui
1333 2449 1396 2500 de
1429 2447 1534 2499 illis
1559 2462 1661 2499 non
1701 2446 2022 2505 tacuissent,
2062 2454 2224 2512 prout
2252 2458 2359 2496 non

786 2554 974 2591 omnes
1011 2549 1288 2592 tacuerunt
1326 2539 1392 2592 de
1427 2538 1896 2607 persecutionibus
1927 2537 2359 2590 Christianorum

788 2631 838 2682 in
860 2629 1100 2695 Perside,
1128 2631 1215 2685 ubi
1245 2633 1373 2684 lides
1397 2647 1670 2699 nunquam
1701 2631 1957 2685 tambene
1988 2632 2086 2682 luit
2106 2630 2359 2694 stabilita,

787 2738 944 2790 quam
972 2723 1260 2776 stabilitam
1292 2723 1457 2777 fuisse
1499 2725 1551 2775 itt
1577 2720 1846 2791 {Etliiopia
1883 2735 2071 2775 auctor
2104 2724 2360 2774 Actorum

787 2816 1068 2870 continuit.
1104 2813 1216 2869 Hoc
1245 2826 1425 2869 tamen
1466 2825 1838 2883 argumentum
1865 2815 2028 2867 nolim
2053 2815 2221 2868 lector
2249 2829 2364 2867 ver-

789 2917 868 2961 tat
930 2920 1118 2961 contra
1146 2906 1591 2975 praedicationem
1628 2906 1798 2973 ipsam
1850 2905 2017 2958 sancti
2054 2904 2285 2956 Matth-rei
2312 2906 2360 2957 in

786 2999 1089 3067 EthiOpia,
1125 3002 1190 3054 de
1213 3015 1316 3068 qua
1351 3013 1451 3052 suo
1515 2998 1636 3052 loco
1697 3012 1895 3067 agam:
1971 3012 2160 3066 magna
2214 2997 2360 3049 enim

789 3092 1264 3160 estdiscrepantia
1299 3092 1444 3144 inter
1474 3090 1774 3159 simplicem
1831 3089 1954 3142 ﬁdei
2010 3089 2355 3156 praedicatio-

2447 613 2632 655 nostro
2664 602 3040 656 brevissimum
3088 605 3226 658 dabo
3257 606 3661 674 compendium,
3723 605 3877 675 quod
3929 605 4048 657 suf-

2449 693 2591 746 ﬁciet
2621 692 2684 745 ad
2722 691 2876 745 ﬁdem
2902 692 2966 746 iis
2991 692 3405 748 detrahendam.

2519 805 2604 859 ll.
2639 805 2999 859 Constituitur
3022 816 3241 860 sanctus
3271 806 3557 861 Mattlneus
3582 809 3734 876 quasi
3769 823 3834 861 ex
3861 809 4042 862 abru-

2449 907 2540 964 pto
2571 896 2717 949 solus
2748 896 2798 947 in
2832 906 3014 949 monte
3049 911 3233 958 orans,
3266 898 3562 965 vidensque
3624 913 3831 963 pueros
3897 901 4042 950 mulo

2451 995 2534 1038 tos
2567 1001 2689 1037 cum
2731 986 2858 1038 .lesu
2895 987 3122 1054 parvttlo
3149 988 3201 1040 in
3229 988 3476 1054 paradiso
3541 999 3854 1042 cantantes.
3918 989 4043 1041 Mox

2449 1076 3008 1140 adestJesusoranti,
3071 1085 3126 1129 et
3189 1077 3469 1143 apostolus
3555 1077 3743 1130 videns
3799 1093 4040 1143 puerum

2451 1170 2899 1239 pulcherrimum,
2944 1171 3168 1222 multum
3197 1168 3582 1221 sollicitudinis
3617 1170 3892 1233 insinuat,
3930 1186 4040 1236 quo

2450 1277 2573 1315 eum
2611 1263 2768 1314 modo
2807 1262 3018 1313 nutrire
3071 1259 3239 1328 possit
3295 1258 3347 1310 in
3419 1259 3539 1312 loro
3581 1259 3824 1321 deserto,
3891 1261 4041 1312 omni

2449 1352 2572 1405 cibo
2609 1362 2661 1404 et
2686 1350 2812 1418 potu
2850 1350 3159 1403 destitutus.
3181 1356 3247 1402 At
3283 1349 3441 1403 Jcsus
3466 1350 3700 1418 explicat
3725 1351 3854 1416 quis
3881 1354 4042 1407 sit.et

2453 1455 2574 1512 post
2599 1443 2798 1494 multos
2832 1456 3115 1494 sermones
3154 1439 3378 1493 minime
3436 1441 3795 1503 verisimiles,
3838 1443 4042 1508 quibus

2452 1533 2592 1584 inter
2614 1533 2716 1583 alia
2737 1530 2887 1596 dicit,
2917 1529 3186 1582 l-lerodem
3223 1529 3274 1579 in
3311 1528 3527 1581 inferno
3569 1543 3688 1581 esse
3749 1529 3822 1580 ob
3861 1531 4042 1580 occisa

2452 1623 2702 1676 undecim
2738 1636 3033 1689 puerorum
3106 1619 3295 1680 tnillia,
3341 1619 3594 1672 Matthtco
3651 1620 3746 1674 dat
3802 1621 4038 1688 virgam.

2455 1731 2618 1784 quam
2670 1714 2824 1783 jubet
2850 1713 3271 1781 plantarejuxta
3329 1719 3541 1778 portam
3593 1712 3847 1764 ecclesia:
3921 1711 4042 1764 fun-

2455 1807 2592 1859 data:
2618 1807 2684 1859 ab
2707 1807 2820 1873 ipso
2850 1814 2904 1857 et
2933 1803 3142 1857 Andrea
3175 1805 3418 1870 apostolo
3464 1803 3514 1854 in
3552 1803 3772 1855 civitate
3797 1805 4043 1858 Anthro-

2457 1897 3102 1969 popltagortitn.Virgant
3137 1896 3266 1949 dicit
3317 1910 3600 1948 evasuram
3656 1897 3710 1947 itt
3758 1896 4039 1955 arborem,

2455 1991 2688 2060 indeque
2723 1989 2989 2043 oriturum
3021 1989 3250 2049 fontem,
3284 1987 3351 2039 de
3381 2002 3487 2054 quo
3508 1987 3586 2040 uti
3639 1997 3693 2040 et
3749 1985 3818 2039 de
3850 1986 4043 2038 arbore

2457 2086 2829 2152 adjunguntur
2854 2080 3062 2133 fabella:
3104 2079 3388 2147 plurimm;
3417 2079 3797 2148 przcdictoque
3824 2082 4043 2132 demum

2461 2177 2720 2246 martyrio
2753 2174 2988 2226 Matthzei
3027 2190 3120 2241 per
3150 2172 3354 2240 ignem,
3393 2187 3530 2239 puer
3555 2172 3739 2224 subito
3803 2173 3873 2224 ad
3938 2188 4046 2224 ca:-

2461 2270 2569 2321 lum
2603 2267 2912 2319 revertitur.
2942 2264 3227 2316 Matthteus
3256 2277 3383 2315 vero
3413 2267 3478 2314 ad
3531 2263 3722 2314 urbem
3760 2277 4043 2330 properat,

2460 2359 2675 2429 quando
2701 2365 2996 2411 occurrunt
3031 2355 3311 2408 Phulbana
3345 2355 3550 2423 regina.
3581 2351 3912 2406 Phulbanus
3934 2357 4046 2420 ejus

2463 2452 2624 2513 ﬁlius,
2668 2460 2722 2501 et
2780 2449 2941 2517 hujus
2997 2462 3130 2500 uxor
3197 2447 3361 2510 Erba,
3433 2463 3623 2500 omnes
3661 2446 4045 2516 energumeni,

2463 2543 2792 2596 ciMalthcco
2853 2542 3189 2604 minitantes,
3256 2556 3323 2593 ne
3389 2543 3661 2608 plunlaret
3709 2543 3946 2611 virgam.
3981 2545 4046 2594 At

2465 2633 2550 2685 his
2617 2632 2844 2700 singulis
2917 2647 3109 2683 manus
3158 2631 3469 2698 imponens,
3524 2633 3684 2700 ejecit.
3745 2633 4044 2693 daemones,

2465 2735 2656 2778 etmox
2686 2723 2908 2776 obvium
2958 2723 3146 2776 habuit
3196 2722 3476 2776 Platonem
3537 2723 3863 2792 episcopum
3929 2740 4044 2776 cum

2468 2825 2578 2868 toto
2609 2815 2776 2868 clero.
2811 2815 3150 2884 Congregato
3221 2815 3417 2866 deinde
3461 2816 3690 2881 populo,
3727 2829 4042 2877 sermonem

2468 2906 2724 2969 instituit,
2784 2915 2836 2958 et
2864 2906 3063 2975 virgam
3091 2907 3317 2973 plantat,
3361 2915 3437 2968 et,
3484 2904 3713 2971 jubenle
3771 2909 4042 2973 apostolo,

2466 2997 2618 3049 Plato
2668 2998 2912 3067 reginam
2952 2999 3179 3067 ejusque
3218 2997 3384 3050 ﬁlium
3417 3007 3470 3050 et
3518 3013 3718 3050 nurutn
3783 2999 4041 3065 baptizat.

2471 3092 2736 3146 POstridie
2778 3091 2922 3160 virga
2955 3091 3007 3143 in
3040 3091 3290 3143 arborem
3325 3100 3574 3143 creverat
3607 3100 3661 3142 et
3730 3091 3940 3142 ﬁuvius
3987 3107 4042 3141 τι

791 3199 912 3236 nem
947 3199 1066 3237 cum
1099 3182 1360 3235 nonnullo
1389 3183 1549 3234 etiam
1585 3180 1786 3243 fructu,
1837 3189 1892 3231 et
1945 3181 2356 3232 conversionem
2385 3192 2428 3254 ς
2465 3183 2660 3236 arbore
2733 3180 3136 3248 egrediebatur.
3204 3176 3444 3246 Populus
3511 3193 3640 3230 vero
3706 3181 4044 3235 manducaus

794 3277 960 3329 totius
990 3275 1165 3344 regni,
1195 3290 1314 3343 quae
1344 3275 1408 3327 ad
1439 3275 1708 3339 integrum
1746 3271 1858 3325 fere
1913 3272 2170 3324 saeculum
2238 3270 2357 3323 sine

794 3368 1262 3434 persecutionibus
1292 3366 1482 3419 fuisset
1518 3368 1830 3419 continuata
1871 3365 2172 3418 secundum
2200 3366 2353 3427 Acta,

790 3471 845 3511 et
876 3462 952 3514 sic
980 3459 1184 3527 Optime
1217 3457 1445 3510 ﬁrmata.
1490 3457 1755 3510 Caeterum
1782 3459 1948 3510 multa
1977 3471 2194 3526 quoque
2248 3457 2354 3508 alia

791 3555 847 3605 in
882 3554 1028 3606 Actis
1049 3562 1179 3604 sunt
1225 3551 1620 3618 improbabilia,
1659 3566 1779 3616 quae
1824 3551 2060 3603 breviter
2111 3550 2162 3600 in
2193 3551 2358 3603 adno-

795 3645 922 3699 tatis
950 3645 1238 3712 assignabo
1267 3663 1278 3698 :
1310 3659 1433 3697 nam
1465 3645 1580 3697 ham
1615 3645 1773 3705 Acta,
1805 3644 2054 3711 quamvis
2113 3642 2354 3696 fabulosa

794 3739 1100 3803 siut,edere
1131 3739 1318 3803 statui,
1374 3739 1498 3806 quia
1588 3736 1764 3790 Latini
1846 3737 2200 3801 recentiores,
2267 3736 2357 3803 qui

793 3841 962 3900 agunt
995 3833 1060 3886 de
1092 3841 1282 3886 sancto
1313 3830 1588 3893 Matth-reo,
1611 3830 1793 3882 omnia
1827 3829 1938 3882 fere
1973 3845 2068 3882 sua
2115 3845 2182 3881 ex
2256 3829 2360 3882 illis

794 3927 1121 3978 hauserunt.

867 4017 954 4073 10.
996 4019 1128 4071 Acta
1162 4017 1349 4070 Grreca
1391 4056 1404 4079 ,
1432 4032 1494 4070 ex
1529 4016 1728 4085 quibus
1749 4017 2083 4069 recentiores
2138 4015 2357 4083 quidam

793 4113 863 4168 de
893 4121 1084 4167 sancto
1164 4109 1419 4163 Matrhzeo
1481 4117 1727 4176 egerunt,
1786 4108 1944 4161 nobis
2004 4108 2248 4161 similiter
2296 4109 2359 4160 ad

795 4219 1019 4258 manum
1085 4211 1232 4264 sunt,
1274 4200 1545 4270 descripta
1595 4215 1661 4254 ex
1721 4199 1911 4252 codice
1964 4197 2224 4251 Vaticano
2259 4200 2362 4253 808

797 4300 941 4351 inter
959 4296 1198 4350 Graecos.
1227 4294 1375 4346 Nihil
1405 4294 1520 4346 haec
1553 4293 1754 4346 habent
1787 4305 2077 4344 commune
2125 4305 2244 4344 cum
2267 4291 2364 4343 La-

796 4389 929 4442 tinis
964 4388 1126 4442 modo
1149 4385 1468 4456 improbatis
1491 4401 1505 4447 ;
1531 4385 1623 4438 sed
1646 4385 1791 4437 hisce
1809 4385 1971 4437 etiam
2007 4384 2178 4453 magis
2235 4391 2363 4436 sunt

798 4481 1074 4544 informia,
1114 4480 1389 4548 magisque
1425 4478 1671 4542 ridicula,
1711 4491 1834 4530 cum
1868 4491 1976 4528 non
2026 4478 2126 4531 nisi
2165 4492 2364 4545 pauco-

799 4588 919 4626 rum
961 4572 1172 4626 dierum
1205 4581 1353 4640 gesta
1389 4570 1501 4622 fere
1526 4568 1863 4630 contineant,
1915 4577 1968 4619 et
2019 4569 2155 4620 nihil
2219 4571 2362 4623 refe-

801 4674 921 4718 rant
959 4672 1151 4732 prrter
1179 4663 1386 4730 aliquot
1414 4661 1552 4714 facta
1585 4670 1639 4714 et
1689 4659 1934 4728 prodigia
1997 4659 2156 4729 plane
2180 4649 2366 4713 incre-

796 4757 1006 4811 dibilia.
1041 4755 1242 4809 llorum
1279 4757 1536 4808 Actorum
1575 4753 1954 4821 compendium
1981 4754 2071 4807 dat
2094 4754 2364 4822 Nicepho-

801 4867 894 4907 rus
933 4849 1208 4909 Callistus,
1237 4848 1329 4901 lib.
1399 4863 1433 4899 ll
1504 4847 1781 4907 ilistoriie,
1852 4861 1970 4913 cap.
2013 4847 2101 4898 41.
2154 4847 2226 4900 De
2263 4848 2365 4900 hoc

801 4944 1124 5011 compendio
1151 4941 1412 4994 Baronius
1444 4940 1494 4992 in
1528 4941 1798 4992 adnotatis
1827 4941 1891 4993 ad
1929 4939 2363 5008 Martyrologium

799 5039 872 5091 ita
927 5035 1183 5102 loquitur.
1227 5053 1242 5083 ι
1292 5033 1560 5085 Nonnulla
1597 5034 1661 5084 de
1709 5031 1957 5084 Mattlneo
1989 5033 2174 5085 scribit
2209 5033 2367 5086 Nice~

799 5129 1026 5198 phorus,
1059 5127 1150 5181 lib.
1192 5141 1248 5183 tt,
1290 5139 1407 5192 cap.
1438 5125 1494 5175 4|
1533 5141 1544 5184 ;
1581 5125 1674 5174 scd
1727 5139 1845 5191 qtne
1894 5124 2100 5176 nulliUs
2143 5135 2366 5190 prorsus

801 5229 931 5275 sunt
963 5219 1270 5273 testimonio
1299 5218 1666 5286 comprobata.
1712 5235 1727 5263 ι
1790 5215 1874 5270 Vel
1909 5219 1986 5270 sic
2052 5228 2228 5270 tamen
2269 5215 2365 5269 Νῖσ-

799 5314 1020 5382 ecphori
1055 5310 1433 5378 compendium
1459 5310 1605 5374 Artis
1640 5310 1770 5376 ipsis
1806 5310 1983 5361 minus
2031 5314 2219 5362 saltem
2281 5319 2363 5362 est

801 5407 1276 5468 ridiculum;cutn
1336 5403 1508 5455 multa
1557 5401 1806 5454 omiserit
1878 5402 2129 5468 adiuncta
2197 5403 2365 5470 magis

805 5509 992 5569 aperte
1021 5499 1277 5561 fabulosa,
1303 5508 1356 5550 et
1390 5494 1545 5547 initio
1575 5510 1739 5561 pau_ca
1796 5494 2115 5561 prin-miserit
2148 5494 2212 5546 dc
2238 5505 2363 5546 sau-

803 5601 890 5648 cto
924 5592 1173 5646 Mattha-o
1209 5591 1422 5642 aliunde
1449 5598 1595 5642 nota.
1633 5588 1705 5638 Ex
1728 5587 1912 5640 iisdem
1980 5587 2126 5639 Actis
2150 5597 2366 5639 contra-

805 5696 951 5739 ctum
981 5697 1057 5736 est
1091 5683 1347 5757 elogium,
1385 5682 1523 5748 quod
1547 5679 1809 5734 exhibent
1841 5679 2039 5731 Mena‘a
2101 5678 2363 5748 impressa

798 5778 868 5835 ad
902 5793 986 5829 tm
1027 5775 1345 5832 Novembris
1382 5791 1399 5838 ;
1428 5775 1519 5827 sed
1546 5785 1597 5826 ei
1627 5773 1696 5826 ibi
1723 5772 1898 5838 aliqua
1937 5771 2090 5825 initio
2111 5774 2365 5826 dicuntur

804 5870 1014 5933 abaliis
1043 5869 1382 5929 documentis
1406 5877 1644 5934 accepta.
1702 5866 1836 5920 Cum
1900 5879 2075 5933 operte
2129 5870 2360 5936 pretium

2462 3264 2700 3324 fructum
2727 3269 2940 3321 arboris
2973 3266 3227 3336 cognovit
3259 3282 3318 3320 se
3371 3267 3575 3318 nudum
3645 3282 3793 3328 esse,
3849 3273 4043 3321 erube-

2461 3373 2785 3429 scentcsque
2818 3360 3014 3429 singuli
3049 3360 3270 3412 domum
3307 3373 3673 3412 cucurrerunt
3728 3359 3798 3410 ad
3865 3375 4041 3414 vestes

2461 3454 2878 3518 comparandas.
2943 3450 3098 3502 Mitto
3160 3464 3331 3516 nugas
3383 3449 3610 3510 similes,
3673 3459 3733 3500 ut
3786 3450 3952 3506 citius
3987 3452 4041 3503 ad

2463 3544 2654 3598 fabula:
2691 3543 3076 3610 catastrOphen
3117 3541 3522 3610 perveniamus.

2536 3657 2620 3709 12.
2655 3655 2968 3710 Phulbanus
3032 3669 3149 3717 rex,
3231 3654 3496 3708 excitatus
3549 3671 3576 3707 a
3623 3655 3902 3721 daemone.
3961 3661 4040 3713 dlll

2463 3755 2661 3809 frustra
2699 3755 3016 3806 Mattlncum
3052 3751 3524 3819 comprehendere
3551 3763 3810 3811 conatur,
3856 3769 3920 3803 ac
3959 3756 4042 3803 dc-

2463 3863 2632 3906 mum.
2680 3846 2769 3898 ubi
2801 3847 2978 3914 ipsum
3023 3843 3405 3904 advocaverat,
3438 3841 3682 3893 caecitate
3718 3845 4040 3908 percutitur.

2465 3940 2700 3993 Sau‘atus
2723 3937 2790 3991 ab
2827 3935 3094 4006 apostolo,
3131 3934 3276 3987 hunc
3309 3933 3393 3987 vel
3463 3933 3541 3988 sic
3599 3934 4041 4000 comprehendit,

2464 4045 2517 4086 et
2553 4032 2724 4100 longis
2781 4031 2950 4084 clavis
3007 4039 3162 4080 terrrc
3231 4027 3371 4094 afﬁgi
3413 4027 3587 4094 jubet,
3653 4027 4042 4094 materiemque

2465 4124 2689 4175 multam
2721 4120 2874 4174 facile
2907 4114 3345 4172 combustibilem
3397 4117 3542 4169 circa
3599 4117 3781 4182 ipsum
3821 4133 4042 4186 congre-

2464 4215 2600 4282 gari,
2638 4221 2693 4265 et
2730 4210 2806 4264 sic
2839 4208 3109 4263 comburi.
3174 4207 3372 4261 Verum
3443 4207 3734 4261 combusta
3829 4211 4040 4275 quidem

2465 4304 2692 4357 materia
2721 4303 3146 4370 circumposita,
3180 4315 3293 4353 non
3331 4301 3460 4353 item
3522 4300 3682 4352 lzesus
3738 4302 4036 4367 apostolus.

2465 4395 2636 4448 .lussit
2667 4393 2830 4463 igitur
2855 4410 2946 4446 rex
2982 4393 3268 4446 duodecim
3301 4393 3644 4444 deosaureos
3683 4404 4039 4462 etargenteos

2467 4490 2668 4542 circum
2697 4501 2881 4557 pyram
2918 4485 3067 4555 poni,
3113 4500 3181 4539 ne
3245 4485 3325 4538 vis
3353 4484 3580 4538 flamma:
3639 4485 4036 4553 impediretur;

2473 4581 2696 4647 ipseque
2742 4579 2998 4634 adlocum
3025 4579 3277 4632 necessit.
3306 4578 3374 4630 At
3403 4578 3492 4630 ubi
3522 4579 3747 4629 incensa
3780 4591 3865 4630 est
3897 4595 4035 4646 pyra,

2472 4687 2592 4726 mox
2637 4671 2776 4741 ignis
2809 4671 3031 4724 recessit
3070 4686 3099 4724 a
3152 4670 3426 4732 Matlhteo,
3477 4671 3897 4738 combussrtque
3928 4687 4037 4723 om-

2473 4780 2568 4818 nes
2593 4764 2723 4816 deos
2752 4777 2942 4815 aureos
2969 4772 3024 4815 et
3050 4775 3359 4830 argenteos,
3395 4761 3809 4828 fugientemque
3867 4779 4034 4834 regem

2471 4855 2738 4924 serpentis
2773 4853 2953 4920 specie
3013 4853 3314 4914 insecutus,
3346 4851 3667 4917 prohibebat
3699 4853 3770 4902 ab
3800 4853 4032 4920 ingressu

2471 4946 2651 5014 palatii
2685 4942 2789 5006 sui,
2819 4944 2993 4998 donec
3055 4951 3422 4996 reverteretur
3472 4942 3539 4995 ad
3597 4938 3938 5002 Matthzeum,
3977 4939 4034 4996 ab

2471 5051 2643 5105 eoque
2676 5036 3107 5089 misericordiam
3148 5042 3381 5100 peteret.
3428 5031 3589 5092 Tum,
3655 5044 3852 5085 orante
3917 5035 4034 5085 llat-

2471 5135 2632 5197 thteo,
2660 5131 2847 5199 igneus
2873 5130 3035 5182 draco
3067 5127 3288 5179 evanuit
3319 5143 3331 5188 ;
3390 5125 3671 5192 apostolus
3706 5142 3838 5177 vero
3884 5143 4032 5180 orans

2471 5224 2715 5290 Spiritum
2755 5223 2862 5272 Deo
2890 5220 3126 5280 tradidit,
3152 5227 3205 5271 et
3228 5218 3444 5284 quidem
3478 5217 3565 5270 die
3606 5218 3665 5269 ιδ
3694 5218 4027 5278 Novembris,

2469 5320 2511 5370 si
2556 5314 2840 5370 fabuiatori
2880 5312 3168 5365 credimus.
3201 5312 3266 5363 At
3329 5312 3560 5364 necdum
3614 5310 3920 5361 fabularum
3976 5315 4029 5361 li-

2470 5411 2572 5462 nis.
2599 5408 2757 5461 Jubet
2786 5421 2877 5458 rex
2910 5405 3152 5457 defuncti
3181 5420 3400 5471 corpus,
3491 5416 3659 5454 aureo
3725 5402 4022 5469 impositum

2470 5503 2627 5562 lecto,
2657 5500 2720 5551 ad
2758 5497 3013 5567 palatium
3046 5513 3201 5548 suum
3231 5493 3453 5561 perferri
3485 5515 3496 5546 :
3527 5495 3730 5548 deinde
3769 5494 4019 5545 inclusum

2471 5610 2606 5645 arca:
2643 5592 2850 5649 ferrere.
2883 5590 3100 5658 plumbo
3130 5587 3288 5640 etiam
3317 5598 3566 5656 gravate,
3609 5588 3662 5638 in
3741 5604 3885 5639 mare
3920 5602 4021 5654 pro—

2467 5685 2579 5754 jici,
2626 5693 2685 5735 ut
2752 5684 3022 5738 crederet.
3063 5680 3104 5732 si
3138 5694 3336 5746 corpus
3360 5696 3422 5732 ex
3461 5678 3594 5730 mari
3632 5677 3838 5729 rediret
3891 5680 4016 5728 inm-

2472 5778 2632 5830 lume.
2664 5775 2758 5830 llis
2813 5777 3063 5844 peractis,
3095 5785 3319 5840 apparet
3339 5782 3560 5825 sanctus
3609 5769 3893 5823 Mattheus
3920 5766 4014 5818 Pla-

2475 5867 2584 5926 toni
2611 5869 2886 5936 episcotio,
2913 5873 3221 5931 monetque,
3264 5872 3316 5916 ut
3353 5861 3414 5914 ad
3453 5877 3602 5916 mare
3637 5859 3888 5931 procedat
3927 5859 4008 5906 rdu
