4198 6438
206 408 313 468 7S7

1488 395 1671 465 VITA
1707 402 1772 466 S.
1814 405 2198 466 ΜΑΤΤΗΕΙ.

3356 400 3458 464 758

204 524 441 578 solemni
472 539 596 577 cum
629 524 778 579 clero
800 540 923 579 suo.
968 526 1105 579 Cum
1136 527 1208 580 ibi
1244 534 1450 589 essent,
1483 525 1629 578 circa
1664 535 1789 577 sex-
1818 524 1863 583 Λ
1892 534 1945 577 et
1978 524 2032 577 in
2067 524 2209 579 idem
2230 526 2447 589 recidit,
2474 525 2614 582 sicut
2643 533 2697 579 et
2721 525 2929 593 reliqua
2983 524 3193 586 omnia,
3248 522 3464 578 duobus

207 614 436 669 tamdiei
467 614 654 669 horam
683 615 828 671 videt
853 632 881 670 e
908 617 1205 689 longinquo
1232 618 1787 687 episc0pussanctutn

204 708 525 762 Matthazum
562 710 705 764 inter
741 712 879 765 duos
898 712 1043 765 viros
1076 711 1449 766 ambulantem
1475 727 1572 775 per
1597 728 1746 765 mare
1773 729 1785 766 Ζ

206 812 330 870 post
373 800 561 854 horam
596 803 745 858 videt
781 820 997 858 crucem
1027 821 1056 858 e
1101 806 1236 859 mari
1309 817 1708 875 emergentem,
1736 813 1791 859 et

204 891 274 943 ad
313 890 472 944 finem
500 893 682 946 crucis
711 908 914 959 arcam,
948 895 999 949 in
1033 912 1137 964 qua
1170 907 1289 951 erat
1343 898 1530 954 Sancti
1566 917 1786 970 corpus.

206 981 335 1037 Haec
365 997 546 1038 autem
589 1001 807 1041 crucem
840 990 1173 1058 sequebatur
1205 1008 1377 1061 usque
1424 996 1488 1049 ad
1564 1005 1785 1051 terram.

282 1079 367 1131 15.
412 1077 489 1132 Re
524 1080 823 1141 intellecta,
851 1086 1091 1139 accurrit
1128 1088 1384 1156 populus,
1418 1100 1471 1143 et
1500 1107 1593 1145 rex
1648 1092 1784 1158 ipr.

206 1169 456 1238 deposita
487 1173 635 1225 omni
659 1173 1062 1239 incredulitate,
1086 1181 1318 1241 accedit,
1352 1192 1664 1250 prostratus
1694 1202 1786 1238 ve-

203 1262 353 1315 niam
388 1264 541 1331 petit,
580 1275 631 1318 et
662 1265 821 1320 fidem
870 1270 1236 1336 amplectitur.
1273 1272 1455 1337 Quare
1490 1275 1787 1333 honorifice

203 1351 270 1405 ad
301 1355 591 1408 ecclesiam
632 1366 878 1424 portatur
900 1377 1101 1429 corpus
1124 1366 1299 1418 sancti
1356 1366 1617 1424 Matthmi.
1690 1370 1784 1423 Ba-

202 1443 407 1511 ptizato
434 1446 544 1514 regi
578 1460 744 1501 noctu
819 1462 1041 1507 sanctus
1096 1453 1380 1512 Matthmus
1429 1463 1702 1529 apparuit,
1734 1473 1787 1521 et

203 1536 521 1592 Manlianum
551 1542 731 1594 vocari
761 1542 945 1612 jussit,
989 1556 1043 1600 et
1078 1551 1452 1621 presbyterum
1488 1557 1782 1622 ordinavit,

203 1630 376 1681 tilium
412 1645 542 1683 vero
574 1632 693 1700 ejus
720 1635 1040 1701 diaconum,
1104 1644 1392 1713 utriusque
1437 1662 1634 1701 uxores
1672 1651 1785 1704 dia-

201 1720 470 1780 conissas,
498 1726 740 1779 onmium
777 1743 993 1797 quoque
1017 1735 1241 1789 mutatis
1308 1738 1642 1794 nominibus.
1671 1741 1783 1798 Rex

1895 619 2137 686 exceptis
2176 618 2329 679 locis,
2373 618 2425 672 in
2451 619 2652 689 quibus
2708 619 2979 686 interpres
3012 618 3278 671 alteruter
3307 618 3463 671 aber-

1895 710 2050 773 ravit,
2085 719 2180 763 aut
2209 711 2453 767 codicem
2488 710 2678 765 habuit
2704 723 3049 780 corruptum,
3081 719 3140 763 ut
3182 708 3351 762 latius
3376 707 3464 762 di-

1894 817 2034 865 cam,
2072 802 2160 857 ubi
2198 812 2388 873 agetur
2417 803 2484 857 de
2540 804 2924 872 praedicatione
2978 802 3148 857 sancti
3198 800 3461 862 Mattluei,

1893 896 1959 949 ad
1982 912 2140 966 quam
2183 897 2591 965 locusnterque
2624 906 2853 967 spectat,
2904 906 2997 950 aut
3038 897 3092 949 in
3151 893 3460 949 Adnotatis.

1895 988 2041 1041 Dabo
2077 990 2190 1042 luce
2212 992 2365 1052 Acta,
2392 989 2609 1043 etiamsi
2636 1006 2746 1044 non
2775 991 2881 1043 sint
2916 988 3261 1049 auctoritatis
3316 1001 3464 1040 sum-

1894 1096 2010 1143 mai,
2033 1083 2157 1150 quia
2189 1098 2296 1135 non
2321 1084 2583 1137 habemus
2611 1082 2834 1136 meliora
2857 1082 2923 1137 de
2951 1092 3141 1135 sancto
3171 1079 3460 1142 Matthteo;

1892 1190 2196 1245 sequarque
2241 1175 2539 1229 editionem
2579 1175 2936 1240 Surii,altera
2999 1174 3322 1242 planiorem,
3346 1186 3465 1225 me-

1894 1268 2211 1335 lioremque,
2255 1278 2313 1321 ut
2341 1268 2612 1329 existimo,
2644 1268 2753 1321 imo
2796 1268 2863 1321 ab
2896 1268 3015 1335 ipso
3063 1265 3229 1319 etiam
3300 1263 3463 1333 Lipo-

1892 1374 2053 1411 mano
2074 1361 2275 1423 datam,
2311 1370 2443 1413 tom.
2486 1358 2591 1421 Vll,
2625 1359 2713 1412 tibi
2759 1358 2851 1413 fol.
2901 1357 3006 1413 256
3073 1355 3253 1420 docet,
3293 1355 3465 1407 inter-

1891 1456 2061 1524 pretis
2111 1470 2232 1509 esse
2265 1454 2465 1508 Sirleti.
2510 1454 2582 1507 Ex
2618 1455 2698 1507 his
2760 1462 2945 1507 autem
3029 1452 3177 1505 Actis
3225 1449 3466 1519 prudens

1892 1552 2061 1601 lector
2089 1550 2344 1619 colligere
2372 1550 2592 1618 poterit,
2629 1547 3033 1618 Metaphrasten
3068 1561 3176 1599 non
3223 1559 3345 1599 esse
3387 1543 3468 1597 fa-

1892 1644 2140 1697 bularum
2170 1643 2540 1705 inventorem,
2562 1652 2619 1697 ut
2651 1642 2967 1710 frequenter
2998 1650 3252 1695 asserunt
3290 1638 3464 1707 aliqui

1891 1736 2087 1798 eritici,
2125 1735 2356 1789 maxime
2379 1733 2667 1789 Bailletus.
2706 1732 2761 1787 Si
2789 1734 2933 1787 enim
2956 1732 3158 1802 fingere
3184 1731 3465 1793 voluisset,

200 1810 373 1880 igitur
402 1828 598 1869 omnes
636 1818 687 1870 in
732 1836 898 1889 regno
929 1839 1028 1877 suo
1054 1825 1217 1892 jussit
1257 1842 1380 1884 esse
1413 1830 1783 1898 Christianos,

200 1904 417 1928 ..Ιζηηηιι
458 1921 575 1928 κ-.-
624 1923 641 1928 Α
689 1912 811 1928 ..,.-.
867 1923 876 1928 .
1011 1925 1020 1928 -
1537 1927 1543 1928 ,

1892 1826 1942 1880 id
1973 1825 2152 1879 facere
2183 1824 2450 1893 potuisset
2483 1839 2591 1876 non
2634 1825 2816 1876 minus
2850 1822 2917 1875 de
2960 1831 3150 1876 sancto
3215 1819 3467 1872 Matthato

198 1904 420 1973 alioque
458 1921 581 1977 rege
617 1912 937 1975 constituto,
974 1925 1026 1968 et
1054 1928 1272 1973 mortuo
1306 1932 1427 1989 post
1481 1927 1775 1982 triennium

200 1995 448 2062 Platone,
478 1999 653 2053 factus
678 2012 761 2055 est
790 2005 1105 2074 cpiscopus,
1143 2010 1220 2064 uti
1258 2023 1310 2067 et
1339 2013 1480 2069 filius
1510 2018 1633 2085 ejus
1658 2030 1779 2088 post

200 2090 402 2157 ipsum.
434 2092 708 2149 Hactenus
738 2096 869 2151 Acta
903 2100 1036 2155 satis
1076 2105 1419 2171 prolixa,sed
1456 2114 1626 2167 multo
1664 2129 1779 2166 ma-

198 2181 282 2250 gis
317 2184 584 2245 fabulosa,
619 2203 738 2254 quze
768 2192 1041 2258 patienter
1084 2197 1287 2268 perlegi
1350 2212 1403 2256 et
1435 2206 1488 2257 in
1523 2221 1781 2276 compen-

196 2275 349 2327 dium
385 2282 651 2341 contraxi,
692 2284 914 2339 omissis
952 2297 1133 2343 tamen
1170 2292 1478 2351 visionibus
1546 2309 1600 2353 et
1654 2275 1781 2357 aliis

198 2366 544 2460 mirabilibus
571 2385 679 2425 non
736 2378 946 2443 paucis,
992 2388 1048 2433 ut
1085 2384 1314 2451 quilibet
1367 2388 1549 2445 videre
1579 2395 1776 2460 possit,

195 2458 635 2553 nulliusquoque
672 2469 791 2522 lidei
827 2486 946 2525 esse
982 2475 1177 2529 tradila
1211 2482 1353 2547 apud
1384 2458 1776 2553 Nicephorum,

199 2551 255 2603 in
288 2550 529 2620 Mensis,
564 2568 618 2611 et
656 2561 887 2618 fortasse
916 2567 1069 2621 alibi.
1099 2570 1306 2625 Civitas
1336 2550 1631 2644 Myrmcne,
1659 2597 1780 2648 qua:

197 2659 312 2697 Uno
352 2659 559 2702 tantum
602 2657 859 2709 Actorum
899 2658 1018 2712 loco
1052 2664 1389 2732 nominatur,
1433 2686 1587 2739 sique
1643 2676 1781 2729 ﬁcti-

200 2740 318 2791 tltia
354 2750 457 2803 est,
487 2745 879 2817 opinor,quam
912 2754 1116 2825 reliqua
1149 2764 1327 2816 omnia
1356 2782 1368 2828 ;
1406 2775 1458 2818 et
1485 2770 1632 2837 regio
1667 2770 1781 2827 An-

196 2828 722 2934 tl’irOpophagorum,
746 2847 959 2900 etiamsi
997 2866 1104 2904 non
1157 2853 1430 2910 defuerint
1465 2828 1777 2934 Anthropo-

198 2922 385 2995 phagi,
416 2929 531 2985 sive
578 2936 813 2991 humana
868 2954 1154 3000 vescentes
1204 2963 1388 3012 carne,
1429 2922 1779 3014 similiter-ab

197 3028 425 3073 auctore
463 3022 676 3118 videtur
731 3030 986 3085 conficta.
1011 3034 1160 3089 Plato
1186 3040 1507 3111 episcopus,
1548 3048 1780 3118 ejusque

196 3124 487 3164 successor
519 3112 855 3183 Phulbanus,
894 3132 946 3175 et
984 3125 1147 3193 hujus
1200 3129 1343 3184 ﬁlius
1406 3150 1513 3188 non
1579 3112 1778 3197 “minus

1886 1930 1940 1973 et
1969 1920 2090 1973 aliis
2127 1918 2407 1986 apostolis,
2451 1917 2518 1971 de
2547 1932 2782 1987 quorum
2867 1916 3032 1986 gestis
3077 1930 3249 1983 pauca
3289 1914 3465 1966 solum

1882 2012 2345 2072 commemoravit,
2403 2010 2542 2079 quod
2627 2025 2733 2062 non
2797 2007 3065 2075 reperiret
3118 2007 3271 2074 plura
3322 2006 3467 2072 apud

1881 2104 2239 2173 antiquiores.
2302 2102 2418 2157 Non
2477 2102 2741 2158 confinxit
2779 2101 2940 2172 igitur
2975 2099 3125 2154 Vitas
3193 2096 3469 2151 fabulosas

1884 2198 2302 2268 Melaphrastes,
2380 2198 2473 2251 sed
2535 2196 2826 2250 nonnullas
2895 2194 3189 2264 adoptavit,
3250 2201 3304 2246 et
3368 2208 3466 2246 suo

1883 2291 2019 2360 stylo
2043 2291 2316 2358 exposuit.

1959 2382 2047 2437 15.
2087 2380 2402 2436 Orationem
2439 2380 2891 2435 encomiasticam
2950 2379 3019 2433 de
3089 2387 3282 2431 sancto
3326 2376 3466 2430 Mat-

1885 2475 2025 2529 thaeo
2058 2476 2306 2545 apostolo
2371 2475 2706 2545 evangelista
2772 2476 2936 2527 etiam
2993 2472 3211 2541 scripsit
3252 2468 3474 2524 Nicetas

1884 2568 2200 2633 David,aut
2232 2569 2529 2638 Paphlago,
2570 2568 2663 2637 qui
2712 2567 2902 2620 eodem
2956 2565 3069 2619 fere
3138 2582 3261 2618 eum
3304 2564 3471 2619 Metav

1882 2664 2102 2733 phraste
2147 2663 2282 2717 vixit
2321 2676 2585 2732 tempore.
2630 2663 2790 2732 paulo
2824 2673 3005 2716 tamen
3056 2662 3273 2718 videtur
3329 2660 3471 2714 antio

1881 2759 2060 2827 quior.
2098 2757 2247 2810 Hanc
2279 2756 2483 2811 Nicetze
2519 2758 2825 2811 orationem
2864 2753 3327 2813 Graeco-Latinam
3353 2756 3477 2807 edi-

1884 2849 1964 2904 dit
2007 2848 2367 2903 Combefisius
2408 2850 2461 2902 in
2504 2849 2754 2902 Auctario
2804 2848 3125 2911 novissimo,
3169 2862 3292 2915 pag.
3342 2844 3465 2900 601.

1881 2939 2029 2993 lllam
2076 2940 2338 2994 recudere
2391 2954 2736 3009 nequaquam
2784 2938 2947 2997 libet,
2988 2938 3114 3006 quia
3166 2935 3299 2989 nihil
3353 2933 3469 2987 fere

1882 3033 2044 3087 habet
2074 3032 2139 3085 de
2166 3032 2328 3101 gestis
2360 3033 2533 3085 sancti
2566 3030 2802 3084 Matthazi
2833 3041 3024 3100 prmter
3055 3029 3391 3083 vocationem
3418 3037 3471 3081 et

1882 3123 2238 3195 Evangelium
2285 3123 2576 3193 scriptum.
2611 3123 2684 3177 De
2730 3122 3115 3192 praedicatione
3152 3138 3277 3174 vero
3330 3137 3468 3191 pau-

198 3214 449 3315 plersolnaz
480 3203 738 3260 videntur
772 3217 1184 3271 commentitite.
1229 3220 1395 3277 Certe
1436 3225 1503 3280 de
1552 3228 1852 3315 Platonec
1886 3218 2035 3272 ciora
2097 3218 2358 3279 narravit,
2415 3233 2574 3287 quam
2629 3216 3048 3286 Metaphrastes,
3103 3232 3224 3270 cum
3290 3220 3466 3270 tamen

198 3289 545 3315 :l:...:....JA
588 3298 767 3315 _'|-II
926 3305 935 3314 ι
1115 3308 1125 3315 .
1288 3311 1299 3315 -
1422 3314 1473 3315 ,,
2023 3312 2032 3315 _
2217 3312 2227 3315 _
2370 3311 2380 3315 -
2564 3311 2593 3315 --
2641 3311 2652 3315 -
2810 3311 2820 3315 -
3109 3310 3120 3315 -
3218 3310 3228 3315 -
3296 3309 3306 3315 .

197 3288 294 3341 ilto
330 3290 549 3349 aliunde
587 3298 723 3352 nihil
754 3300 996 3369 invenio,
1023 3308 1226 3363 nedum
1270 3311 1337 3366 de
1386 3314 1531 3379 aliis,
1575 3328 1633 3372 ut
1660 3335 1782 3375 om-

199 3382 335 3434 nino
376 3386 467 3438 liat
500 3390 816 3457 verisimile,
852 3393 1133 3454 Platonem
1170 3418 1236 3457 ex
1263 3405 1344 3459 his
1385 3422 1605 3478 quoque
1631 3412 1784 3470 Actis

201 3478 496 3567 memorari
528 3479 579 3529 in
613 3482 790 3552 elogio
830 3485 889 3541 S.
926 3488 1187 3555 Mattlimi,
1224 3497 1369 3563 quod
1398 3502 1675 3567 reperitur
1728 3503 1781 3557 in

201 3561 510 3629 Menologio
540 3567 833 3637 Basiliano,
855 3587 909 3629 et
934 3580 1084 3645 plura
1120 3584 1172 3635 in
1228 3561 1330 3637 isto
1364 3561 1540 3659 elogio
1590 3608 1653 3645 ex
1700 3596 1784 3648 his

199 3655 354 3708 Actis
384 3657 703 3733 deprompta
738 3682 879 3731 esse,
917 3670 1043 3727 licet
1073 3689 1182 3728 non
1207 3679 1391 3735 omnia
1455 3655 1781 3755 congruant.

275 3748 362 3801 Η.
391 3751 506 3804 Alia
544 3769 759 3811 rursum
788 3763 961 3816 sancti
990 3763 1223 3822 Matthmi
1279 3771 1414 3826 Acta
1456 3748 1787 3846 conscripsit

201 3839 425 3896 Simeon
457 3845 871 3920 Metaphrastes,
909 3872 1028 3926 qua:
1076 3860 1258 3917 Grzcca
1297 3866 1362 3919 ad
1422 3884 1641 3925 manum
1675 3887 1783 3924 non

204 3931 403 3992 habeo.
441 3953 541 3989 nec
568 3942 699 3995 tanti
734 3945 983 4002 facienda
1033 3964 1180 4017 sunt,
1218 3967 1272 4007 ut
1328 3961 1574 4013 studiose
1625 3964 1784 4015 modo

202 4032 497 4098 qua'renda
527 4032 836 4089 existimem
878 4056 891 4091 :
936 4056 1058 4094 nam
1095 4061 1153 4096 ea
1186 4045 1375 4102 Latine
1404 4050 1577 4104 edidit
1623 4053 1784 4125 Lipo-

204 4136 421 4183 manus,
462 4134 593 4181 toni.
637 4128 700 4192 V,
737 4132 832 4188 fol.
883 4136 980 4191 l37
1009 4150 1061 4193 et
1091 4141 1207 4204 138,
1241 4155 1292 4197 et
1325 4142 1516 4199 Surius
1548 4152 1614 4205 ad
1642 4149 1786 4203 hunc

204 4214 372 4269 diem.
412 4218 533 4273 Haec
555 4223 734 4277 minus
772 4225 1019 4281 fabulosa
1045 4242 1196 4297 sunt,
1217 4237 1309 4287 sed
1348 4237 1531 4291 brevia
1559 4242 1787 4295 omnino

202 4304 494 4401 etjejuna,
516 4321 575 4364 ut
600 4313 684 4365 vix
707 4316 1005 4385 quidquam
1028 4320 1263 4378 afferant
1290 4324 1357 4380 de
1378 4325 1605 4393 Sancto,
1642 4335 1785 4401 quod

202 4394 429 4453 aliunde
462 4416 567 4456 non
598 4407 667 4460 sit
696 4418 909 4463 notum.
948 4409 1126 4467 Pauca
1156 4426 1339 4469 autem
1397 4418 1508 4484 illa,
1547 4394 1673 4491 quae
1719 4427 1785 4479 de

203 4493 596 4556 prmdicatione
622 4496 809 4553 Sancti
839 4502 1122 4566 dicuntur,
1163 4523 1272 4559 non
1300 4522 1429 4563 sunt
1463 4513 1585 4568 fidei
1623 4515 1785 4572 indu-

1898 3312 2071 3362 oratio
2119 3312 2289 3362 multo
2338 3311 2409 3364 sit
2459 3311 2721 3378 prolixior
2773 3311 2841 3363 ob
2892 3325 3055 3379 vagas
3109 3309 3469 3363 laudationes.

1893 3399 2128 3453 Aﬂeram
2184 3398 2367 3469 itaque
2410 3414 2475 3453 ex
2523 3414 2584 3453 ea
2631 3398 2682 3452 in
2732 3397 3160 3462 Commentario,
3207 3400 3471 3470 quidquid

1894 3488 2026 3544 utile
2078 3491 2350 3545 videbitur
2394 3491 2459 3545 ad
2507 3492 2844 3561 propositum
2883 3501 3153 3545 nostrum.
3194 3488 3471 3546 Laudatus

1892 3582 2121 3635 Allatius
2162 3600 2282 3652 pag.
2318 3584 2435 3648 I932,
2473 3584 2617 3637 inter
2655 3583 2807 3637 Vitas
2842 3582 3190 3646 Sanctorum,
3213 3598 3332 3652 qua:
3359 3598 3468 3636 non

1894 3684 2022 3729 sunt
2063 3674 2463 3743 Metaplirastte,
2501 3687 2774 3729 recenset.
2814 3678 2974 3728 «Acta
3023 3675 3194 3728 sancti
3238 3677 3472 3745 apostoli

1895 3777 1949 3822 et
1994 3769 2336 3839 evangelista:
2378 3767 2636 3830 Matthxi,
2687 3784 2919 3838 quorum
2967 3768 3071 3821 tale
3127 3766 3217 3821 dat
3270 3767 3471 3835 princi-

1896 3862 2044 3932 pium
2084 3881 2096 3916 :
2128 3864 2408 3925 Ματθαῑος
2433 3863 2730 3924 ἀπόστολος
2753 3864 2846 3915 καὶ
2872 3856 3346 3930 εὖαγγελιστὴςῆν
3377 3860 3473 3927 μὲν

1894 3956 1957 4006 ἐκ
2000 3955 2208 4017 πόλεως
2271 3956 2651 4022 Ἰερουσαλήμ.
2698 3974 2715 4004 ι
2774 3956 3059 4007 Matthccus
3097 3953 3380 4020 apOStolus
3419 3961 3477 4005 ct

1894 4046 2224 4116 evangelista
2291 4055 2409 4099 erat
2468 4061 2533 4099 ex
2596 4044 2813 4099 civitate
2884 4044 3398 4114 Hierosolymitana.
3451 4062 3467 4091 ι

1895 4140 2149 4195 Auctoris
2205 4149 2288 4193 est
2354 4140 2543 4209 ignoti.
2610 4148 2663 4193 et
2724 4138 3093 4193 verisiniiliter
3154 4135 3474 4207 posterioris

1898 4230 2081 4284 Niccta
2142 4241 2194 4284 et
2242 4230 2627 4298 Metaphraste.
2682 4230 2866 4282 Prodit
2925 4231 3013 4282 ille
3067 4233 3172 4299 jam
3226 4229 3473 4296 allegatis

1897 4325 2098 4386 verbis,
2143 4339 2302 4392 quam
2356 4322 2512 4377 nihili
2566 4322 2636 4377 sit
2675 4321 2983 4385 faciendus,
3039 4322 3167 4376 dum
3202 4319 3471 4376 'sanctum

1894 4415 2210 4470 Matthaaum
2244 4416 2373 4472 facit
2416 4417 2984 4489 Hierosolyniilanum,
3018 4430 3140 4470 cum
3178 4414 3265 4469 vix
3300 4416 3471 4470 ullum

1896 4508 1966 4563 sit
1995 4509 2241 4573 dubium,
2282 4510 2413 4578 quin
2447 4511 2517 4564 sit
2550 4508 2822 4569 Galil-.eus,
2852 4517 2911 4559 ut
2935 4523 3035 4560 suo
3066 4507 3187 4561 loco
3218 4505 3470 4579 dicetur;

207 4586 390 4641 bitatm
426 4603 439 4650 ;
477 4586 568 4641 sed
604 4600 765 4645 tantae
796 4594 972 4648 solum
1006 4601 1374 4666 auctoritatis,
1409 4616 1613 4670 quanta
1646 4609 1787 4664 solet
1822 4632 1865 4686 ο
1897 4609 1956 4652 ιιι
2025 4616 2171 4654 certe
2227 4601 2374 4653 ηυΗει
2428 4601 2498 4654 δίε
2546 4599 2681 4652 τδῑίο
2733 4612 2853 4666 qua:
2903 4595 3233 4667 Persuadere
3303 4598 3474 4665 9°55“

202 4680 258 4732 in
287 4679 409 4733 aliis
430 4687 855 4740 esscauctoritas
879 4688 1283 4759 leetaplirastis.
1312 4694 1506 4752 Surius
1532 4703 1784 4756 eamdem

209 4770 382 4827 edidit
413 4775 802 4843 Metaphrastis
828 4782 1289 4853 lucubrationem,
1317 4790 1411 4844 sed
1460 4792 1566 4848 alio
1628 4796 1788 4850 modo

205 4863 402 4937 Latine
443 4871 729 4936 redditam,
768 4890 874 4944 quo
907 4876 1107 4932 factum
1137 4892 1242 4942 est.
1280 4893 1336 4936 ut
1385 4884 1653 4941 Barouius
1703 4888 1787 4942 di-

208 4974 402 5013 versas
428 4964 724 5018 crediderit
764 4969 1200 5038 lucubrationes,
1232 4992 1356 5030 cum
1401 4995 1508 5032 non
1571 4980 1642 5034 sit
1682 4983 1787 5038 nisi

209 5067 316 5105 una
354 5055 657 5125 eademque
680 5056 886 5125 Grarca,
938 5079 1099 5131 quam
1166 5068 1309 5122 inter
1361 5070 1510 5125 Vitas
1541 5088 1569 5126 a
1621 5073 1788 5129 Meta-

206 5142 433 5210 phraste
468 5147 703 5215 scriptas
741 5157 1068 5209 memoravit
1096 5146 1326 5213 Allatins
1358 5161 1426 5216 de
1465 5135 1785 5218 Siineonuin

204 5236 441 5301 scriptis,
482 5253 600 5309 pag.
639 5240 758 5309 126,
803 5247 1040 5301 recitans
1096 5250 1306 5305 initium
1352 5256 1611 5310 Actorum
1639 5258 1790 5312 Graz-

204 5343 419 5392 Corllm.
462 5332 563 5401 ἤδη
599 5335 697 5401 μὲν
728 5338 818 5389 τὸν
860 5344 1010 5409 παρὰ
1036 5344 1131 5396 τοῦ
1160 5346 1463 5411 πλάσαντος
1517 5352 1664 5420 ἡμᾶς
1701 5352 1788 5405 δο-

210 5418 395 5472 Οεῖσιν
424 5424 789 5491 φυλάττοντες
818 5432 1220 5505 ἐντολὴνμιιιοιι
1250 5438 1322 5493 ita
1354 5456 1677 5510 expressum
1706 5456 1789 5500 est

206 5515 349 5582 apud
384 5515 739 5585 Lipomanum
776 5539 789 5576 :
826 5542 842 5573 ι
869 5525 985 5580 Jam
1044 5530 1260 5598 quidem
1299 5538 1581 5604 nos,quod
1612 5538 1679 5592 ab
1700 5555 1787 5606 eo,

203 5611 300 5678 qui
332 5625 434 5663 nos
470 5612 719 5679 finxerat,
742 5615 926 5671 datum
959 5620 1504 5697 fucratprazceptum,
1558 5647 1788 5686 servan-

211 5712 314 5756 tes.
358 5721 377 5753 ι
403 5706 557 5774 Apud
594 5707 808 5763 Suriutn
847 5728 1015 5769 vero:
1060 5735 1077 5766 ι
1118 5715 1173 5769 Si
1246 5730 1575 5789 prwceptum
1636 5724 1786 5788 illud,

208 5798 355 5864 quod
384 5798 451 5852 ab
478 5815 564 5859 eo,
600 5803 688 5872 qui
725 5802 1000 5871 formavit,
1061 5809 1367 5880 injunctum
1438 5815 1595 5875 nobis
1664 5819 1785 5878 fuit.

212 5907 432 5948 servare
464 5893 846 5958 voluissemus.
882 5899 1121 5972 Utraque
1179 5910 1446 5975 expositio
1500 5918 1623 5980 apta
1681 5923 1783 5978 est,

1895 4688 2442 4762 Hierosolyuiitanum
2502 4688 2688 4744 fuisse.
2735 4690 2856 4745 Non
2914 4689 3091 4767 habeor
3129 4689 3198 4743 ad
3249 4703 3470 4741 manum

1893 4786 2010 4841 haec
2046 4788 2197 4852 Acta,
2245 4787 2483 4856 facitque
2531 4787 2819 4856 allegatum
2869 4786 3111 4848 initium,
3158 4792 3217 4836 ut
3250 4798 3313 4837 ea
3349 4791 3471 4837 stu-

1892 4880 2043 4933 diose
2064 4879 2355 4948 quaerenda
2388 4895 2499 4932 non
2535 4893 2809 4931 censeam.
2844 4874 3074 4931 Exstant
3106 4886 3158 4929 et
3189 4875 3370 4944 plures
3401 4875 3470 4928 de

1894 4985 2084 5028 sancto
2126 4973 2380 5029 Matthch
2410 4987 2723 5038 sermones,
2761 4972 2854 5024 sed
2887 4972 2979 5041 qui
3020 4969 3086 5022 ad
3121 4978 3268 5039 gesta
3298 4968 3472 5037 ipsius

1894 5066 2255 5120 examinanda
2280 5078 2373 5119 aut
2399 5066 2704 5119 enarranda
2735 5062 2872 5117 nihil
2894 5061 3231 5118 conducunt.
3257 5061 3393 5115 Tres
3419 5062 3473 5114 id

1895 5173 2063 5226 genus
2099 5172 2379 5211 sermones
2421 5157 2584 5211 habet
2628 5157 2683 5210 S.
2721 5155 2914 5209 Petrus
2943 5153 3233 5209 Da‘mianus
3263 5146 3395 5207 tom.
3427 5153 3471 5208 ll

1895 5248 2157 5317 Operum.

1968 5355 2051 5410 lti.
2101 5355 2409 5426 Scriptores
2466 5358 2831 5427 posteriorum
2880 5357 3205 5412 smculorum
3262 5355 3465 5421 Latini,

1894 5449 1985 5518 qui
2031 5460 2183 5520 gesta
2232 5448 2286 5501 S.
2328 5450 2565 5504 Mattliaai
2612 5465 2873 5505 enarrare
2918 5451 3244 5511 voluerunt.
3284 5453 3469 5506 omnia

1898 5542 2009 5596 fere
2054 5539 2352 5596 hauserunt
2386 5558 2450 5597 ex
2492 5544 2640 5597 Actis
2681 5544 2855 5613 primo
2903 5544 3023 5598 loco
3055 5543 3307 5603 edendis,
3349 5559 3471 5612 qua:

1896 5649 2045 5693 certo
2091 5638 2310 5707 antiqua
2370 5641 2539 5709 magis
2584 5652 2729 5701 sunt,
2776 5655 2943 5709 quam
2995 5640 3317 5711 probabilia.
3376 5639 3467 5694 Illa

1900 5728 2008 5783 fere
2046 5728 2248 5798 integra
2295 5731 2385 5785 dat
2420 5730 2736 5786 Vincentius
2778 5731 3202 5797 Bellovacensis,
3249 5734 3299 5787 in
3335 5733 3465 5804 Spe-

1897 5823 2030 5885 culo,
2082 5822 2171 5878 lib.
2221 5839 2290 5884 ix.
2346 5840 2463 5894 cap.
2500 5825 2564 5876 ’ἱεί-
2608 5835 2660 5875 et
2710 5837 2862 5894 seqq.
2904 5825 3137 5880 Jacobus
3176 5823 3470 5880 Jannensis

1896 5930 2014 5985 cap.
2062 5914 2156 5971 135
2185 5934 2245 5969 er.
2284 5916 2467 5972 iisdem.
2504 5918 2650 5973 Actis
2688 5919 2866 5973 omnia
2905 5919 3236 5990 deprompsit
3274 5930 3470 5990 praeter
