4198 6438
790 395 896 463 759
2016 402 2301 463 MENSIS
2346 405 2812 464 SEPTEMBER.
3948 397 4071 458 760

788 525 852 560 ea
884 523 1004 574 quae
1036 508 1408 562 ratiocinando
1456 510 1519 562 de
1568 510 1860 563 virtutibus
1902 512 2086 565 Sancti
2127 511 2358 566 addidit.
2398 524 2434 572 Α
2466 528 2615 566 num.
2667 532 2683 563 ι
2735 511 2790 563 1η
2829 513 3108 580 prolixiori
3160 512 3352 565 unicus
3404 510 3557 563 initio
3597 519 3675 563 est
3732 507 3935 563 titulus
3984 509 4065 559 ita

791 595 987 651 Eadem
1024 613 1238 652 rursum
1275 600 1404 653 Acta
1440 599 1552 655 fere
1594 603 1837 670 sequitur
1870 602 2056 658 Petrus
2099 603 2167 657 de
2201 605 2363 657 Nata-
2470 622 2767 675 expressus
2801 624 2811 657 :
2851 626 2867 656 ε
2905 604 3103 673 incipit
3129 604 3409 657 translatio
3444 603 3500 655 Β.
3536 600 3771 655 Matthaei
3806 600 4064 669 apostoli

790 690 949 752 libus,
981 690 1071 743 lib.
1111 706 1226 752 vni,
1273 706 1393 761 cap.
1440 693 1579 756 100;
1630 702 1738 747 tam
1785 710 1972 764 presse
2005 706 2182 749 tamen
2216 695 2362 752 Actis
2471 706 2523 751 et
2566 696 2932 765 evangelista.
2978 716 2995 748 ι
3039 696 3095 749 In
3132 705 3357 763 utroque
3394 694 3742 763 prreinittitur
3778 695 4061 747 Actorum

790 797 898 835 non
955 781 1206 847 inheret,
1261 793 1321 837 ut
1371 786 1606 840 subinde
1649 802 1755 840 non
1810 788 1969 841 addat
2019 788 2221 856 aliquid
2269 798 2361 841 aut
2471 790 2851 858 compendium
2887 805 2949 842 ex
2991 789 3407 858 pseudo-Abdiae
3442 786 3671 839 Historia
3712 787 3783 840 ita
3821 788 4063 840 desum-

789 884 963 927 mutet
1013 875 1317 929 secundum
1351 892 1412 930 ea
1450 893 1569 945 quae
1606 879 1728 932 alibi
1762 878 1980 948 legerat.
2014 879 2279 933 Baronius
2309 880 2361 932 in

788 966 1076 1019 Adnotatis
1121 967 1189 1021 ad
1231 969 1665 1039 Martyrol0gium
1708 973 1846 1025 duos
1878 974 1957 1025 sui
2008 972 2265 1040 temporis
2295 972 2360 1025 de

790 1056 849 1109 8.
889 1058 1137 1112 Matthzeo
1169 1063 1466 1130 scriptores
1502 1076 1750 1117 recenset
1782 1065 1869 1117 his
1896 1064 2074 1117 verbis
2108 1082 2119 1116 :
2158 1082 2175 1113 ι
2216 1063 2361 1116 Peri-

790 1152 949 1205 onius
984 1152 1086 1204 alia
1148 1169 1322 1221 nuper
1379 1155 1719 1223 conscripsit,
1784 1174 1803 1206 ι
1861 1158 1990 1209 Acta
2043 1156 2296 1208 videlicet
2343 1173 2355 1207 :

797 1262 815 1292 ι
853 1242 1157 1296 Novissime
1189 1260 1319 1298 vero
1352 1260 1415 1299 ex
1444 1248 1683 1314 antiquis
1716 1247 2104 1305 monumentis.
2149 1258 2201 1300 et
2231 1262 2357 1300 san-

789 1349 1001 1388 ctorum
1039 1336 1255 1388 Patrum
1290 1338 1508 1406 scriptis
1538 1337 1751 1408 collegit
1790 1354 1903 1392 rev.
1949 1340 2200 1391 dominus
2224 1338 2357 1393 Mar-

789 1427 1173 1479 cusAntonius
1196 1427 1485 1491 Columna,
1508 1429 1952 1498 archiepiscopus
1965 1429 2359 1494 Saiernitanus,

788 1530 844 1571 et
901 1534 1031 1573 sane
1077 1520 1299 1587 quidem
1357 1521 1588 1575 erudite.
1641 1539 1659 1570 ι
1708 1520 1945 1589 Uterque
1996 1520 2126 1573 Acta
2185 1522 2357 1588 prima

792 1625 902 1677 pra:
938 1609 1111 1661 oculis
1155 1608 1366 1671 habuit,
1412 1618 1466 1662 et
1501 1610 1617 1663 sine
1658 1612 1917 1679 scrupulo
1965 1619 2183 1663 secutus
2228 1622 2309 1662 est
2343 1627 2357 1662 :

791 1714 882 1757 aut
914 1702 1090 1769 potius
1117 1702 1231 1769 ipsa
1262 1701 1390 1754 Acta
1416 1703 1843 1770 pseudo-Abdia:
1871 1702 2022 1755 dedit
2051 1700 2357 1763 Perionius,

790 1793 1009 1846 omissis
1043 1793 1302 1845 duntaxat
1332 1794 1696 1861 paucissimis,
1739 1804 1791 1846 et
1822 1794 2017 1846 additis
2052 1792 2203 1844 initio
2232 1808 2363 1861 pau-

793 1888 891 1945 cis,
937 1894 1099 1954 prout
1140 1885 1273 1936 Acta
1324 1886 1375 1935 in
1424 1885 1611 1937 codice
1660 1885 1840 1953 aliquo
1884 1884 2065 1937 forsan
2109 1886 2358 1938 invenit:
2398 1856 2439 1911 Β

792 1990 917 2029 nam
970 1989 1024 2029 et
1071 1981 1123 2028 in
1180 1976 1419 2029 editione
1480 1974 1723 2029 Historiae
1753 1978 2142 2044 apostolorum,
2193 1992 2354 2045 quam

792 2083 938 2119 anno
978 2066 1107 2120 1571
1159 2067 1309 2121 dedit
1347 2066 1592 2121 Joannes
1632 2066 1807 2122 Faber
1832 2110 1845 2131 ,
1881 2084 1989 2121 non
2026 2083 2191 2135 pauca
2236 2078 2361 2120 sunt

792 2160 1017 2222 omissa,
1060 2174 1177 2226 qurc
1208 2160 1260 2210 in
1293 2159 1565 2226 plerisque
1610 2160 1892 2212 codicibus
1926 2161 2196 2227 leguntur.
2231 2159 2357 2211 lliu-

794 2250 1107 2303 Itrissimus
1141 2248 1404 2303 Columna
1442 2250 1677 2317 undique
1704 2265 1799 2302 sua
1835 2250 2047 2315 collegit
2084 2250 2205 2302 sine
2232 2248 2359 2302 erisi

792 2340 1112 2402 suiliciente,
1145 2342 1287 2409 quod
1316 2342 1458 2394 atati
1493 2342 1661 2409 ipsius
1688 2341 1988 2395 condonari
2032 2351 2229 2410 potest.
2259 2339 2364 2392 Re-

793 2432 959 2498 liquis
1013 2440 1194 2483 tamen
1250 2430 1398 2483 Actis
1463 2430 1764 2497 praetulisse
1817 2431 2028 2483 videtur
2088 2430 2361 2498 personati

795 2522 980 2576 Abdia:
1023 2520 1337 2581 Historiam,
1382 2521 1464 2574 cui
1496 2521 1754 2574 nonnulla
1792 2537 1854 2573 ex
1890 2520 2269 2590 Metaphraste,
2310 2530 2363 2574 et

798 2616 948 2683 plura
988 2630 1050 2667 ex
1101 2615 1251 2669 Actis
1306 2613 1527 2677 ϐαρεῖς,
1576 2613 1688 2666 sive
1736 2629 1797 2666 ex
1840 2615 2160 2683 compendio
2204 2612 2362 2666 Nice-

796 2707 951 2775 phori
985 2706 1253 2774 adjunxit.
1282 2704 1499 2759 Meliora
1533 2715 1715 2758 tamen
1740 2706 1899 2757 etiam
1929 2706 2076 2758 dedit
2106 2722 2170 2758 ex
2196 2706 2363 2759 sacris

798 2799 1018 2852 Litteris
1066 2808 1118 2852 ct
1158 2797 1429 2852 Patribus.
1468 2796 1801 2849 Exatninabo
1835 2798 1995 2866 igitur
2038 2807 2091 2851 et
2136 2799 2363 2853 subinde

796 2890 1031 2942 laudabo
1084 2898 1291 2940 asserta
1342 2884 1641 2949 Columnae,
1676 2892 1749 2941 uti
1794 2898 1847 2941 et
1896 2888 2110 2945 Baronii
2163 2891 2213 2942 in
2257 2893 2364 2942 An-

797 2982 1031 3044 nalibus,
1056 2978 1387 3033 Tillemontii
1414 2978 1465 3031 in
1494 2982 1844 3032 Monumeutis
1870 2980 2139 3043 l-jcclesiw,
2169 2990 2298 3034 tom.
2322 2981 2362 3047 l,

795 3077 1132 3142 aliorumque
1181 3073 1503 3137 recentium,
1559 3073 1650 3141 qui
1715 3073 2113 3127 accuratiorem
2173 3075 2357 3127 crisim

796 3168 1143 3237 profitentur.

870 3260 956 3313 17.
1000 3257 1275 3312 Laudatus
1299 3257 1561 3313 Columna
1588 3256 2035 3327 archiepiscopus
2052 3274 2159 3312 non
2188 3258 2358 3313 solum

797 3354 862 3405 de
912 3352 1075 3422 gestis
1119 3360 1172 3405 et
1218 3352 1477 3422 martyrio
1520 3353 1695 3405 sancti
1743 3350 1975 3407 Martha-i
2013 3354 2360 3406 Commenta-

802 3446 942 3495 rium
994 3444 1184 3507 edidit,
1236 3444 1331 3497 sed
1371 3445 1541 3497 varias
1587 3460 1803 3511 quoque
1854 3446 2097 3511 corporis
2138 3447 2364 3496 transla-

800 3538 974 3589 tiones
1034 3551 1287 3589 sermone
1345 3539 1555 3603 prolixo
1605 3535 1796 3602 magis,
1857 3550 2013 3602 quam
2072 3532 2359 3603 probabili,

796 3628 1092 3681 enarravit.
1133 3627 1275 3680 Vidit
1308 3628 1497 3694 procul
1533 3627 1698 3681 dubio
1740 3628 2004 3681 Baronius
2035 3642 2139 3679 non
2179 3630 2362 3681 colue-

801 3735 919 3773 rere
963 3719 1282 3772 relationem
1321 3717 1618 3783 Columnae,
1658 3738 1779 3775 cum
1829 3721 1970 3774 illam
2006 3738 2110 3774 non
2149 3723 2371 3790 ignora-

800 3816 957 3874 verit,
997 3827 1098 3865 nec
1145 3820 1326 3864 tamen
1361 3813 1656 3878 quidquam
1705 3828 1769 3865 ex
1814 3828 1874 3865 ea
1912 3812 2211 3864 Annalibus
2253 3814 2365 3866 suis

802 3905 1134 3967 inseruerit;
1193 3906 1446 3972 quamvis
1502 3902 1568 3955 ad
1627 3918 1830 3956 annum
1898 3903 2002 3957 954
2061 3920 2123 3957 ex
2188 3904 2365 3958 Leone

800 3994 1060 4058 Ostiensi,
1095 4009 1146 4049 et
1179 3998 1243 4050 ad
1282 4013 1488 4049 annum
1526 3997 1658 4051 1080
1690 4014 1752 4050 ex
1793 3997 2035 4065 Gregorii
2088 3997 2240 4065 Papm
2274 3996 2364 4051 Vil

804 4091 1038 4158 Epistola
1067 4090 1130 4141 dc
1155 4090 1469 4142 inventione
1496 4099 1547 4141 et
1575 4090 1927 4143 translatione
1957 4091 2197 4157 corporis
2220 4099 2361 4159 agat.

802 4184 1143 4251 Quapropter
1191 4181 1270 4235 vel
1326 4181 1440 4236 solo
1495 4182 1708 4235 silentio
1753 4199 1853 4235 suo
1903 4183 2366 4237 eminentissimus

804 4274 1036 4341 seriptor
1094 4273 1422 4336 declaravit,
1478 4284 1727 4339 suspecta
1783 4276 1881 4326 sibi
1940 4274 2186 4326 falsitatis
2247 4289 2367 4327 esse

803 4367 1059 4433 adjuncta
1098 4364 1363 4427 locorum,
1411 4378 1760 4433 personarum
1795 4375 1847 4419 et
1895 4374 2220 4434 temporum,
2250 4380 2367 4434 qum

808 4464 861 4514 in
900 4459 1135 4513 HistOria
1169 4459 1581 4516 translationum
1618 4458 1757 4525 apud
1795 4457 2111 4511 Columnam
2156 4462 2362 4528 reperi-

2473 892 2648 953 ptum,
2681 892 2737 934 ut
2776 883 3101 951 paucissima
3144 889 3347 946 tamen,
3388 895 3559 949 eaque
3593 879 3764 933 nihilo
3793 880 4055 943 meliora,

2470 973 2648 1026 addita
2680 974 2785 1025 sint
2815 983 2908 1025 aut
2942 983 3162 1027 mutata.

2542 1065 2626 1120 18.
2677 1063 2878 1117 Deinde
2905 1066 3146 1134 sequitur
3181 1063 3464 1119 translatio
3497 1073 3603 1116 tam
3644 1061 3880 1115 ridicule
3910 1076 4053 1114 con-

2471 1157 2589 1212 ficta
2628 1172 2690 1209 ex
2736 1157 3015 1224 A‘Jtliiopia
3060 1159 3110 1209 in
3154 1156 3509 1214 Britanniam,
3557 1165 3614 1207 ut
3660 1154 3746 1206 vel
3779 1170 3845 1205 ex
3890 1169 3947 1204 ea
3986 1153 4053 1204 li-

2469 1259 2649 1318 queat,
2683 1258 2955 1303 auctorem
2986 1248 3107 1303 crisi
3142 1249 3394 1302 historica
3432 1261 3651 1314 prorsus
3678 1247 3853 1299 fuisse
3876 1246 4053 1297 desti-

2470 1349 2666 1395 tutum.
2702 1339 2856 1401 Nam,
2898 1350 2955 1393 ut
3001 1340 3101 1394 alia
3139 1340 3347 1393 mittam
3395 1340 3799 1405 improbabilia.
3836 1353 4049 1390 merca—

2469 1442 2614 1485 tores
2674 1431 2964 1487 Britannos
3024 1445 3218 1487 auctor
3275 1435 3519 1503 perducit
3570 1436 3623 1486 in
3679 1434 4046 1500 Altliiopiam,

2469 1525 2763 1594 paucisque
2795 1525 2986 1579 diebus
3015 1526 3218 1579 reducit
3251 1526 3302 1578 in
3336 1526 3692 1578 Britanniam.
3726 1525 3878 1577 Inter
3908 1540 4045 1593 gen-

2467 1625 2553 1670 tes
2608 1631 2762 1678 vero,
2804 1631 2832 1669 a
2894 1617 3089 1684 quibus
3132 1628 3391 1670 vastatam
3452 1618 3596 1669 circa
3660 1616 3927 1669 smculum
3990 1630 4044 1667 tv

2469 1707 2799 1777 Ethiopiam
2849 1709 3018 1779 ﬁngit,
3073 1710 3321 1762 nominat
3372 1707 3669 1763 Sarmatas.
3732 1709 4048 1777 Utrumque

2470 1808 2621 1852 certo
2657 1812 2763 1853 tam
2815 1801 3168 1870 improbabile
3201 1800 3473 1856 videbitur
3510 1800 3776 1852 historico
3827 1800 4048 1854 cuilibet

2466 1893 2807 1960 geographia
2852 1902 3124 1963 utcunque
3184 1894 3361 1962 perito
3390 1931 3403 1953 ,
3450 1900 3506 1944 ut
3547 1905 3774 1943 necesse
3827 1905 3938 1941 non
3973 1892 4046 1941 sit

2462 1988 2735 2054 exagitare
2762 1986 2864 2039 alia
2905 1988 2980 2039 rei
3020 1996 3252 2054 peractae
3284 1983 3539 2053 adjuncta
3583 1983 3746 2051 plane
3789 1982 4043 2040 ridicula,

2464 2077 2762 2144 praisertitn
2797 2093 2919 2129 cum
2950 2088 3136 2130 auctor
3167 2088 3316 2131 certo
3344 2094 3449 2131 non
3477 2077 3673 2129 vixerit
3707 2084 3834 2127 ante
3868 2089 4042 2126 saecu-

2465 2170 2571 2221 lum
2600 2187 2651 2232 x,
2680 2184 2776 2223 nec
2803 2170 2941 2223 ullos
2971 2171 3210 2223 nominet
3234 2179 3401 2223 testes
3427 2177 3695 2229 vetustos,
3717 2183 3781 2219 ex
3809 2182 4042 2232 quorum

2465 2261 2684 2329 scriptis
2734 2278 2828 2315 sua
2885 2262 3175 2315 hausisset.
3230 2260 3371 2327 Quin
3429 2262 3535 2313 imo
3582 2262 3697 2326 ipse
3751 2258 4038 2317 Paulinus,

2465 2356 2825 2424 Legiouensis
2860 2366 2954 2409 aut
2994 2356 3292 2410 Leoncnsis
3341 2360 3391 2409 in
3436 2356 3714 2409 Britannia
3751 2357 4043 2417 Armorica

2466 2450 2775 2517 episcopus,
2814 2448 2898 2500 cui
2943 2448 3204 2516 scriptum
3248 2448 3378 2498 illud
3414 2449 3761 2502 attribuitur,
3806 2460 4042 2514 persona

2465 2540 2681 2593 videtur
2732 2539 2940 2603 ﬁctilia,
2981 2552 3103 2592 cum
3150 2537 3551 2593 Sammartltani
3586 2547 3718 2588 tom.
3758 2537 3797 2588 li
3850 2534 4045 2587 Gallic:

2466 2629 2801 2693 Christianae,
2835 2631 2921 2685 ubi
2967 2631 3095 2684 dant
3127 2630 3430 2697 catalogum
3468 2629 3852 2695 episcoporum
3893 2626 4033 2678 Leo-

2466 2724 2743 2781 ncnsiuin,
2779 2724 2984 2775 nullum
3030 2724 3170 2773 inter
3214 2723 3332 2773 illos
3387 2722 3685 2773 exhibeant
3725 2719 4041 2777 Paulinum,

2466 2831 2640 2881 neque
2691 2816 2837 2867 hunc
2885 2813 3008 2870 alibi
3061 2813 3357 2867 inveniam.
3406 2811 3768 2865 Chi-onotaxis
3814 2827 3925 2865 non
3964 2820 4047 2864 est

2468 2907 2679 2966 melior,
2721 2921 2880 2979 quam
2919 2906 3078 2958 crisis
3124 2905 3382 2957 historica
3420 2925 3430 2956 :
3476 2919 3597 2955 nam
3648 2913 3900 2955 mortuus
3938 2913 4048 2956 sta-

2468 2995 2636 3047 tuitur
2681 2999 2777 3047 sub
2824 2994 3009 3057 Galba,
3051 2996 3099 3048 id
3135 3007 3237 3058 est,
3266 3011 3410 3047 anno
3442 3010 3563 3047 tera:
3603 2992 3942 3048 Christiana‘
3979 2993 4047 3049 68

2467 3095 2558 3137 aut
2590 3085 2675 3138 69.
2711 3084 2845 3139 Tum
2878 3087 3074 3139 dicitur
3108 3086 3365 3139 trecentis
3396 3086 3556 3138 annis
3589 3094 3642 3139 et
3680 3086 3821 3137 ultra
3863 3086 4050 3153 religio

2391 3175 2770 3251 CChristiana
2831 3177 3077 3231 floruisse
3141 3178 3193 3229 in
3263 3174 3558 3243 AZthiOpia.
3627 3176 3742 3229 Mox
3800 3178 4049 3243 sequitur

2472 3268 2618 3337 regni
2647 3272 2874 3321 vastatio
2906 3279 2960 3321 et
2993 3268 3292 3330 translatio,
3355 3277 3413 3320 ut
3474 3267 3584 3319 hcc
3616 3266 3828 3333 figenda
3896 3274 4046 3317 esset

2470 3360 2665 3412 smcuio
2707 3376 2755 3411 tv
2798 3369 3033 3412 exeunte
3080 3368 3172 3417 aut
3202 3357 3401 3409 saeculo
3446 3373 3497 3407 v.
3543 3358 3796 3405 Attamen
3850 3354 4049 3407 asserit

2471 3460 2679 3511 auctor,
2726 3464 2924 3517 corpus
2964 3450 3015 3499 in
3054 3448 3382 3499 Britanniam
3414 3447 3751 3498 Armoricam
3804 3449 4047 3509 venisse,

2472 3547 2597 3598 dum
2634 3543 2891 3613 regnabat
2942 3542 3140 3596 ibidem
3184 3540 3461 3602 Salomon,
3503 3541 3591 3607 qui
3638 3550 3760 3609 post
3806 3544 4046 3593 medium

2473 3637 2651 3691 saculi
2711 3653 2760 3689 ix
2816 3652 3040 3705 regnare
3095 3636 3258 3705 coepit
3320 3636 3617 3689 secundum
3664 3636 4047 3687 chronoluittt

2470 3729 2746 3783 Lobineau
2810 3730 2862 3782 in
2917 3729 3149 3781 Historia
3200 3730 3489 3781 Armoricce
3549 3727 3613 3781 ad
3662 3742 3870 3779 annum
3921 3726 4047 3778 857.

2472 3822 2707 3875 Rursum
2762 3821 3115 3888 quadraginta
3162 3831 3215 3872 et
3260 3836 3451 3872 novem
3500 3836 3671 3873 annos
3724 3829 4048 3873 numerata

2473 3912 2715 3980 COrporis
2755 3911 3111 3964 translatione
3151 3911 3199 3961 in
3237 3909 3592 3967 Britanniam,
3640 3911 3863 3977 quando
3892 3912 4050 3963 Salo-

2472 4024 2597 4061 mon
2634 4024 2724 4061 rex
2766 4021 2793 4059 a
2833 4012 2944 4059 suis
2978 4004 3075 4058 fuit
3106 4003 3341 4058 occisus.
3378 4002 3448 4055 At
3483 4001 3733 4052 laudatus
3768 4001 4049 4055 Lollium-au

2472 4115 2578 4152 non
2622 4109 2760 4152 totos
2794 4099 2979 4167 viginti
3026 4113 3199 4148 annos
3234 4112 3399 4166 regno
3432 4094 3739 4148 Salomonis
3772 4096 4044 4147 attribuit.

2544 4188 2626 4239 19.
2690 4185 2807 4238 Mox
2870 4185 3087 4251 ineptus
3146 4194 3573 4234 commentorum
3633 4185 4053 4235 consarcinator

2475 4276 2684 4328 inducit
2709 4277 2952 4328 Flavium
2987 4272 3352 4326 Romanorum
3392 4274 3698 4339 patricium,
3736 4274 4051 4329 Salomonis

2474 4368 2636 4421 Occisi
2675 4380 2942 4425 socerum,
2978 4364 3045 4417 de
3077 4366 3194 4432 eius
3218 4375 3389 4415 morte
3415 4364 3685 4416 scribente
3714 4364 3778 4414 ad
3810 4364 4054 4417 Valenti-

2473 4461 2690 4514 nianum
2716 4460 3126 4528 imperatorem;
3153 4456 3588 4512 Valentinianum
3618 4472 3746 4509 vero
3771 4459 4051 4525 ingentem

805 4563 993 4605 untur.
1032 4550 1215 4603 Habeo
1255 4551 1386 4604 Acta
1438 4566 1562 4611 ms.,
1607 4548 1832 4604 Salerno
1862 4550 1986 4603 olim
2034 4552 2098 4602 ad
2138 4552 2368 4619 maiores
2403 4544 2442 4597 ῐ)
2475 4551 2525 4603 in
2562 4553 2705 4603 italia
2737 4553 2963 4604 classem
2997 4550 3278 4618 collegisse
3317 4550 3525 4603 asserit.
3554 4551 3709 4618 eique
3745 4551 4051 4601 exercitum

806 4651 1025 4694 nostros
1060 4640 1402 4698 transmissa,
1445 4655 1509 4693 ex
1552 4642 1753 4707 quibus
1799 4641 1953 4693 video
1994 4657 2087 4693 sua
2125 4642 2370 4700 hausisse

804 4733 1079 4791 laudatum
1116 4732 1353 4785 Marcum
1389 4732 1680 4785 Antonium
1706 4729 2023 4785 Columnam
2052 4732 2368 4790 Marsilium.

808 4822 1011 4879 Vellem
1056 4839 1205 4888 sane,
1250 4834 1301 4877 ut
1336 4836 1397 4877 ea
1428 4826 1605 4893 potius
1652 4840 1840 4878 severa
1870 4826 1993 4878 crisi
2033 4825 2365 4894 castigasset,

808 4927 901 4971 aut
947 4916 1171 4969 omnino
1222 4917 1385 4969 etiam
1440 4915 1747 4981 abiecisset,
1798 4925 2048 4982 tanquam
2097 4916 2370 4984 improba-

811 5010 955 5066 bilia.
990 5009 1077 5072 At,
1113 5023 1233 5060 cum
1271 5006 1411 5061 istud
1448 5024 1553 5059 nou
1586 5007 1791 5071 fecerit,
1824 5023 1922 5073 pro
1950 5006 2200 5059 instituto
2231 5008 2371 5075 Ope-

809 5102 885 5154 ris
916 5101 1085 5152 nostri
1128 5098 1178 5150 id
1218 5098 1346 5151 mihi
1390 5098 1696 5151 faciendum
1739 5100 1911 5152 video.
1958 5096 2242 5152 Geminum
2290 5108 2373 5152 est

810 5190 1093 5258 scriptum,
1120 5189 1346 5241 alterum
1376 5190 1543 5241 altero
1571 5189 1727 5257 paulo
1752 5189 2037 5256 prolixius;
2065 5188 2157 5241 sed
2186 5187 2370 5240 eadem

811 5283 862 5334 iu
893 5290 1120 5348 utroque
1146 5279 1459 5333 referuntur
1483 5281 1643 5333 facta.
1674 5280 1823 5345 Quod
1857 5280 2071 5333 brevius
2099 5290 2199 5340 est,
2226 5277 2373 5330 hunc

812 5376 976 5428 habet
1016 5375 1231 5427 titulum
1274 5392 1287 5428 :
1327 5392 1344 5424 ‹
1393 5374 1585 5427 Sermo
1628 5374 1950 5426 venerabilis
1990 5372 2217 5434 Paulini,
2268 5369 2371 5423 Le-

812 5468 1087 5537 gionensis
1120 5468 1409 5521 Britannia
1446 5468 1594 5520 urbis
1627 5470 1887 5533 episcopi,
1921 5472 1986 5519 de
2020 5467 2373 5519 translatione

812 5561 981 5615 sancti
1014 5558 1247 5613 Mattltazi
1279 5561 1502 5627 apostoli
1527 5561 1592 5612 ab
1619 5558 1892 5636 [Ethiopia
1932 5560 1983 5610 in
2020 5559 2369 5623 Britanniam,

814 5653 1053 5721 itemque
1098 5653 1163 5703 de
1217 5650 1488 5703 Britannia
1539 5652 1589 5702 in
1640 5650 1865 5703 italiam.
1912 5670 1928 5700 ι
1970 5650 2097 5702 Post
2135 5650 2370 5704 mediunt

814 5758 1029 5799 rursum
1074 5744 1161 5798 hic
1200 5744 1395 5813 legitur
1439 5744 1625 5795 titulus
1673 5758 1684 5794 :
1731 5743 1978 5797 Miracula
2028 5746 2195 5797 sancti
2243 5758 2373 5811 apo-

818 5832 935 5889 stoli
986 5845 1035 5888 et
1086 5834 1421 5904 evangelista:
1466 5833 1697 5888 Matthxi
1754 5850 1845 5902 per
1892 5834 2136 5891 eumdem
2195 5833 2371 5887 Pauli-

2472 4643 2821 4711 imposuisse,
2856 4652 2909 4693 et
2950 4643 3025 4694 sic
3071 4655 3407 4708 expugnasse
3456 4656 3679 4707 regnum
3730 4642 4047 4696 Britannim.

2472 4744 2524 4788 et
2562 4750 2620 4786 ea
2663 4733 2945 4787 occasione
2989 4748 3187 4801 corpus
3237 4731 3288 4784 in
3344 4731 3545 4784 Italiam
3586 4732 3931 4784 translatum.
3984 4735 4051 4783 At

2472 4842 2632 4895 quam
2683 4825 2767 4879 illa
2815 4828 2923 4878 sint
2971 4826 3173 4891 inepta,
3230 4840 3390 4879 nemo
3444 4841 3549 4877 non
3611 4823 3843 4879 videbit.
3890 4824 4050 4875 modo

2473 4916 2922 4975 consideraverit,
2982 4916 3232 4967 ultimum
3289 4931 3352 4967 ex
3412 4916 3587 4967 tribus
3642 4915 4048 4969 Valentinianis

2474 5011 2594 5079 plus
2635 5024 2793 5076 quam
2854 5015 3086 5074 quatuor
3151 5007 3362 5060 szecuiis
3419 5018 3687 5058 mortuum
3750 5022 3874 5058 esse
3924 5019 4043 5059 ante

2474 5102 2814 5153 Salomonem
2842 5099 3130 5152 Britannire
3162 5114 3361 5167 regem.
3390 5097 3539 5149 Mitto
3570 5100 3828 5165 adjuncta
3869 5116 4040 5152 rerum

2476 5191 2705 5260 plurima
2748 5206 2896 5257 usque
2940 5190 3143 5257 inepta,
3189 5200 3243 5243 et
3281 5205 3443 5258 pergo
3475 5191 3538 5243 ad
3582 5190 3959 5244 inventionem
3996 5192 4041 5242 in

2478 5284 2751 5352 prolixiori
2788 5284 2961 5336 solum
3016 5286 3220 5350 scripto
3256 5284 3499 5333 relatam.
3538 5281 3747 5332 Dicitur
3791 5284 3879 5334 illa
3916 5299 4043 5335 con-

2478 5376 2659 5443 tigisse
2685 5390 2827 5427 anno
2855 5374 2978 5435 95$,
3009 5375 3223 5441 quando
3252 5372 3611 5440 principatum
3641 5370 4039 5425 Salernitanum

2475 5470 2750 5523 obtinebat
2783 5469 3100 5534 Gisulplins.
3151 5468 3272 5520 Haec
3307 5466 3512 5533 cpocha
3556 5482 3654 5519 suo
3696 5466 3819 5517 loco
3853 5468 4043 5520 conﬁr-

2476 5563 2668 5615 manda
2706 5564 2900 5615 veniet.
2937 5562 3157 5613 interim
3204 5574 3419 5621 moneo,
3466 5560 3634 5611 multa
3682 5575 3902 5612 rursum
3950 5561 4042 5611 im-

2476 5654 2773 5723 probabilia
2802 5665 2852 5707 et
2876 5655 3054 5721 inepta
3093 5651 3329 5705 historia:
3364 5650 3698 5703 inventionis
3734 5651 4033 5703 admisceri.

2476 5744 2583 5800 Has
2612 5746 2679 5799 ob
2704 5761 2896 5799 causas
2936 5754 3100 5798 totam
3141 5744 3285 5797 illam
3320 5741 3690 5795 translationis
3738 5742 4031 5797 historiam,

2477 5843 2656 5904 utpote
2686 5838 2958 5889 sexcentis
2994 5833 3183 5887 fabulis
3213 5842 3300 5885 aut
3326 5832 3541 5900 ineptiis
3570 5831 3845 5889 foedatam,
3882 5832 4029 5883 omit-
