4198 6438
205 401 306 469 ’161

1482 411 1651 476 VITA
1699 406 1764 474 ὃ.
1809 414 2201 478 ΜΑΤἸἩΙΕΙ.

3350 411 3455 476 762

203 528 321 573 tere
372 518 554 572 statui.
599 517 734 574 Cum
778 525 959 573 tamen
998 521 1298 588 posteriora
1345 520 1525 576 minus
1578 515 1773 574 saltem
1804 523 2048 588 Ανεηῖι,
2095 534 2149 580 et
2193 524 2462 580 habitavit
2511 524 2565 579 In
2618 525 3001 594 Capllamaum
3051 521 3347 587 maritima,
3399 522 3454 576 in

204 612 402 664 vitiosa
441 621 760 679 appareant,
795 613 936 681 quod
971 613 1200 680 scriptor
1234 612 1383 667 hisce
1419 612 1777 682 propinqulor

203 702 405 766 fuerit;
433 703 517 756 illa
541 704 769 759 subinde
809 705 1082 758 conferam
1113 719 1234 758 cum
1266 705 1385 758 aliis
1412 705 1773 770 documentis,

206 806 262 848 et
307 807 427 847 cum
478 795 663 848 relatis
697 795 765 848 ab
811 795 1179 850 illustrissimo
1221 797 1484 851 Columna
1521 798 1777 860 Marsilio,

209 896 271 940 ut
300 886 350 938 in
383 886 786 940 Commentario
818 888 1095 940 studiosus
1131 890 1300 942 lector
1326 891 1395 944 sit
1430 893 1775 953 inventurus,

205 975 472 1043 quidquid
519 976 797 1028 tolerabile
840 976 891 1028 in
927 976 1028 1029 illis
1062 977 1277 1044 scriptis
1304 989 1542 1047 apparet.
1580 977 1777 1048 Ughel-

205 1065 315 1127 lus,
350 1075 477 1118 tom.
515 1065 605 1119 VII
642 1067 812 1118 Italia!
845 1083 1012 1118 sacrae
1045 1067 1094 1118 in
1142 1067 1563 1138 archiepiscopis
1602 1071 1781 1123 Saler-

206 1158 416 1212 nilauis
467 1159 629 1210 variis
680 1158 812 1211 locis
856 1158 922 1211 de
957 1159 1310 1212 translatione
1355 1171 1407 1214 et
1466 1162 1778 1217 inventione

207 1250 384 1302 sancti
427 1247 659 1302 Matthxi
702 1251 831 1319 agit,
865 1258 920 1302 et
963 1249 1191 1301 tnultunt
1237 1250 1417 1304 laudat
1449 1250 1776 1318 Opusculum

208 1339 451 1403 Marsilii,
484 1340 628 1408 quod
661 1355 724 1391 ex
764 1355 919 1401 mss...
953 1341 1016 1392 de
1059 1340 1257 1407 quibus
1296 1341 1522 1411 agimus,
1556 1349 1782 1395 cont-tn-

208 1443 396 1486 natum
442 1442 544 1487 est.
601 1431 943 1498 QuaprOpter
1015 1433 1258 1485 studiose
1310 1450 1371 1486 ex
1423 1435 1780 1502 scriptoribus

208 1524 376 1578 medii
407 1523 506 1577 aevi
549 1522 755 1591 singula
787 1523 898 1576 suis
927 1522 1058 1577 locis
1092 1523 1399 1577 examinare
1437 1525 1775 1578 conabimur.

207 1638 235 1706 §
266 1636 328 1690 ll.
471 1636 705 1690 Matt/uri
737 1638 939 1690 vacatio
969 1652 1031 1689 ea:
1064 1635 1349 1705 Evangelia
1383 1653 1496 1689 cum
1538 1637 1781 1689 observa-

284 1708 507 1760 tionibus
556 1706 777 1758 Patrum
822 1723 840 1760 :
882 1707 1082 1776 aliquot
1122 1709 1487 1760 controversia:
1537 1710 1602 1760 ad
1644 1706 1782 1760 San-

281 1787 425 1830 ctum
467 1787 778 1845 spectantes.

1887 616 2089 670 ﬁnibus
2133 615 2376 670 Zabulon
2421 627 2476 672 et
2509 615 2857 686 Nephthalim
2887 655 2902 679 ,
2970 625 3030 670 ut
3070 614 3457 682 adimpleretur

1884 707 2027 774 quod
2071 708 2274 761 dictum
2327 715 2412 762 est
2461 723 2557 777 per
2610 705 2800 760 Isaiam
2861 707 3188 776 prophetam
3233 721 3247 758 :
3289 704 3459 758 Terra

1887 797 2128 873 Zabplou
2179 808 2235 853 et
2301 809 2442 853 terra
2505 796 2878 868 Nephthalim,
2928 800 3016 851 via
3077 797 3244 850 maris
3307 803 3456 848 trans

1885 890 2171 945 Jordanem
2201 934 2215 956 ,
2251 891 2466 946 Galilaea
2511 892 2772 962 gentium.
2823 890 3070 958 populus,
3099 887 3188 956 qui
3233 887 3457 940 sedebat

1888 987 1942 1036 in
1991 985 2252 1045 tenebris,
2305 985 2438 1037 vidit
2489 986 2659 1036 lucem
2715 995 3008 1048 magnam;
3049 991 3103 1034 et
3141 979 3458 1034 sedentibus

1887 1075 1938 1128 iu
1974 1078 2192 1144 regione
2225 1077 2429 1130 umbrae
2463 1077 2653 1128 mortis
2692 1075 2779 1128 lux
2823 1085 2940 1130 orta
2975 1081 3059 1129 est
3086 1073 3186 1126 eis.
3236 1089 3254 1122 ι
3293 1070 3459 1123 Recte

1886 1165 2329 1237 Chrysostomus.
2380 1169 2528 1221 hom.
2561 1168 2649 1227 29,
2681 1176 2773 1219 aut
2813 1166 2884 1218 50
2917 1169 2968 1217 in
3011 1165 3354 1219 Matthatum.
3393 1161 3460 1215 de

1886 1260 2067 1312 verbis
2107 1259 2350 1328 allegatis
2399 1259 2580 1313 dicit:
2625 1276 2641 1309 ι
2688 1257 2978 1310 Civitatem
3028 1272 3177 1308 suam
3224 1254 3308 1306 hic
3350 1251 3458 1306 Ca-

1887 1366 2145 1418 pernaum
2173 1351 2405 1418 appellat
2435 1368 2447 1404 :
2485 1364 2629 1411 nam,
2662 1364 2780 1417 qua:
2812 1349 2928 1401 tulit
2955 1347 3130 1414 ipsum
3185 1344 3458 1398 Bethleem

1889 1443 2033 1502 fuit;
2078 1458 2198 1510 qua
2239 1442 2511 1501 educavit,
2542 1441 2846 1501 Nazarelh;
2892 1454 3012 1507 quae
3065 1438 3456 1490 inhabitantem

1889 1532 2096 1591 habuit.
2143 1533 2513 1602 Capernaum.
2547 1551 2567 1582 ι
2612 1532 2896 1586 Habitabat
2939 1529 3101 1599 igitur
3153 1525 3457 1594 Capharnai

1887 1620 2068 1682 Jesus,
2104 1623 2194 1674 ubi
2235 1623 2517 1676 Matthzeus
2551 1624 2738 1690 procul
2774 1623 2939 1674 dubio
2979 1636 3105 1674 eum
3141 1619 3458 1687 frequenter

1889 1713 2122 1774 viderat,
2161 1715 2441 1782 multaque
2472 1715 2722 1769 audierat
2760 1712 3020 1769 miracula
3047 1751 3059 1770 .
3104 1727 3224 1779 qua:
3259 1711 3455 1776 partim

1890 1804 2219 1875 Capharnai,
2252 1806 2445 1874 partim
2498 1806 2552 1858 in
2595 1806 2728 1858 locis
2765 1805 2958 1858 vicinis
3006 1813 3210 1871 patrata
3246 1800 3462 1854 fuerant

278 1891 552 1948 ἳοᾶδξιυοει
572 1891 860 1946 admodum
877 1891 941 1945 de
958 1891 1782 1947 sanctoMattszoinnotuerunt
1818 1883 1859 1942 Β
1889 1918 1917 1952 a
1943 1898 2092 1961 Jcsu'
2127 1908 2419 1966 anlequam
2453 1898 2629 1966 ipsum
2663 1898 2908 1958 vocabat.
2943 1906 3000 1949 ιιι
3031 1909 3247 1948 rursum
3272 1893 3462 1946 obser-

209 2001 278 2040 οι
311 1985 622 2055 Evangelio,
649 1986 699 2038 in
733 2002 838 2054 quo
861 1988 970 2040 sola
1002 1986 1187 2040 Sancti
1222 1988 1433 2039 vocatio
1456 2001 1575 2038 cum
1597 1997 1783 2039 secuto

210 2079 483 2133 ccttvivio.
515 2089 568 2130 et
597 2077 792 2132 deinde
821 2078 1015 2132 electio
1044 2079 1114 2132 ad
1146 2079 1511 2148 apostolatum
1554 2094 1780 2132 enarra—

210 2179 322 2230 tur,
371 2171 612 2236 exceptis
669 2179 852 2223 tamen
899 2171 1194 2233 nonnullis,
1228 2185 1347 2238 qua:
1379 2171 1676 2240 generatim
1719 2169 1786 2221 de

213 2261 469 2313 omnibus
513 2263 773 2328 apostolis
821 2260 1152 2315 referuntur.
1193 2260 1479 2316 Matth-eus
1520 2261 1632 2325 ipse
1661 2273 1780 2326 cap.

212 2368 292 2415 ix,
329 2353 495 2410 relata
527 2353 826 2421 Capharnai
859 2354 1139 2407 sanatione
1170 2353 1465 2424 paralytiei,
1498 2352 1528 2419 3'
1562 2351 1592 2405 9
1629 2364 1787 2402 Voca-

212 2447 416 2498 tionetn
462 2460 610 2496 suam
648 2455 830 2497 narrat
862 2445 943 2498 his
976 2445 1154 2498 verbis
1191 2463 1203 2496 :
1245 2463 1262 2494 ι
1289 2445 1497 2498 Etcum
1532 2443 1787 2496 transiret

213 2537 343 2591 inde
388 2534 569 2598 Jesus,
624 2536 752 2588 vidit
805 2537 1076 2590 hominem
1125 2537 1405 2590 sedentem
1449 2537 1500 2588 itt
1559 2535 1782 2600 telonio,

211 2628 520 2682 Mattlueum
579 2630 819 2691 nomine,
871 2638 923 2682 et
973 2630 1047 2681 ait
1097 2628 1167 2680 illi
1215 2646 1228 2680 :
1277 2629 1516 2694 Sequere
1563 2642 1647 2680 me
1687 2636 1783 2690 ;et

210 2737 442 2790 surgens
467 2729 687 2774 secutus
713 2729 954 2773 esteum.
983 2739 999 2770 ι
1030 2719 1241 2774 Marcus
1265 2735 1380 2789 cap.
1412 2735 1466 2781 ιι,
1501 2720 1528 2786 3'
1566 2721 1624 2773 15
1645 2720 1783 2772 idem

210 2823 432 2869 enarrat
466 2813 567 2866 hoc
593 2813 754 2866 modo
787 2834 796 2866 :
835 2831 852 2863 ‹
888 2812 946 2866 Et
977 2829 1228 2883 egressus
1251 2821 1331 2868 est
1367 2829 1553 2867 rursus
1585 2811 1783 2880 (Iesus)

210 2907 279 2961 ad
319 2920 464 2956 mare
509 2923 520 2956 :
569 2905 860 2974 omnisque
917 2905 1071 2959 turba
1128 2907 1376 2960 veniebat
1425 2906 1490 2958 ad
1545 2921 1690 2967 eum,
1732 2913 1788 2957 et

210 2996 442 3050 docebat
479 3011 590 3048 eos.
632 2995 693 3049 lit
730 3013 853 3050 cum
889 3000 1212 3065 praeteriret,
1253 2998 1388 3052 vidit
1421 2996 1546 3049 Levi
1582 2995 1783 3064 Alphei

213 3089 493 3144 sedentem
523 3088 587 3141 ad
619 3088 901 3148 telonium,
936 3099 990 3139 et
1028 3090 1102 3139 ait
1142 3088 1214 3138 illi
1257 3106 1269 3140 :
1307 3087 1544 3155 Sequere
1585 3103 1686 3139 tne.
1721 3084 1785 3137 Et

213 3197 443 3253 surgens
477 3191 696 3234 secutus
731 3189 810 3233 est
847 3195 992 3233 eum.
1032 3197 1050 3228 ι
1096 3179 1335 3247 Uterque
1366 3178 1642 3248 subiungit
1673 3178 1782 3240 illa,
1815 3221 1855 3278 Γ

214 3293 337 3345 qua:
379 3275 513 3329 facta
554 3283 699 3334 sunt,
735 3273 950 3341 quando
987 3273 1040 3324 in
1085 3271 1246 3323 domo
1303 3271 1538 3325 Mattbaei
1572 3287 1787 3325 accum-
1818 3265 1856 3279 “’

219 3368 384 3419 bebat
408 3365 583 3418 Jesus.
629 3370 693 3417 At
727 3363 860 3418 satis
893 3364 1016 3422 erit,
1050 3362 1092 3415 si
1119 3360 1186 3415 de
1227 3361 1319 3414 illo
1351 3360 1598 3413 convivio
1626 3359 1788 3412 dede-

218 3461 390 3511 rimus
419 3461 579 3516 verba
624 3457 800 3517 Lucae,
835 3457 926 3524 qui
961 3470 1081 3523 eap.
1119 3471 1149 3508 v
1180 3470 1207 3508 a
1241 3456 1272 3522 ᾖ
1306 3453 1370 3505 27
1405 3454 1470 3506 de
1509 3453 1788 3506 vocatione

217 3561 270 3603 et
300 3559 485 3601 secuto
507 3548 754 3599 convivio
782 3548 854 3599 ita
882 3547 1162 3613 loquitur:
1203 3565 1220 3594 ι
1260 3543 1324 3598 Et
1353 3554 1471 3613 post
1497 3543 1610 3596 [nec
1636 3543 1785 3606 exiit,

218 3651 274 3697 et
328 3640 459 3693 vidit
513 3638 853 3707 publicanum
916 3637 1135 3689 nomine
1183 3637 1330 3696 Levi,
1385 3636 1667 3689 sedentem
1721 3633 1786 3684 ad

219 3734 507 3794 telonium,
549 3742 603 3786 et
633 3731 704 3785 ait
735 3731 808 3782 illi
850 3746 862 3782 :
898 3728 1284 3799 Sequere_me.
1328 3726 1392 3780 Et
1437 3726 1640 3780 relictis
1673 3739 1789 3776 ont-

217 3825 400 3884 nibus,
447 3837 674 3890 surgens
722 3832 941 3875 secutus
985 3829 1068 3873 est
1123 3831 1269 3872 eum.
1326 3816 1387 3868 Et
1419 3817 1545 3871 fecit
1574 3817 1620 3869 ei
1654 3830 1788 3870 con-

217 3918 423 3970 viviutn
467 3930 720 3982 magnum
766 3913 891 3966 Levi
927 3913 978 3965 in
1026 3912 1187 3964 domo
1221 3926 1340 3968 sua,
1375 3921 1427 3960 et
1466 3918 1584 3962 erat
1632 3908 1787 3958 turba

221 4008 388 4059 multa
417 4007 852 4072 publicanorum,
882 4013 936 4054 ct
963 4003 1212 4064 aliorum,
1233 4000 1321 4064 qui
1355 4015 1476 4052 cum
1506 3999 1610 4052 illis
1635 4004 1790 4050 erant.

218 4097 645 4152 discumbentes.
684 4094 747 4147 Et
782 4094 1192 4146 murmurabant
1221 4091 1474 4144 Pharisaei
1512 4102 1563 4144 et
1591 4090 1790 4144 Scrist

220 4205 434 4249 corum,
470 4186 711 4242 dicentes
761 4187 826 4241 ad
877 4184 1172 4254 discipulos
1219 4185 1338 4251 ejus
1385 4201 1396 4235 :
1450 4184 1626 4246 Quare
1664 4196 1786 4234 cum

219 4281 528 4350 publicanis
569 4287 619 4331 et
655 4277 1030 4346 peccatoribus
1077 4275 1413 4326 manducatis
1448 4282 1500 4324 et
1551 4272 1784 4325 bibitis?

225 4373 289 4425 lit
315 4371 648 4437 restiondens
671 4368 848 4428 Jesus,
876 4367 1010 4423 dixit
1039 4366 1103 4419 ad
1143 4365 1262 4419 illos
1295 4384 1307 4419 :
1339 4365 1452 4417 Non
1485 4373 1664 4432 egent,
1697 4364 1787 4431 qui

223 4465 338 4517 sani
381 4473 532 4521 sunt,
566 4462 798 4523 medico,
825 4461 918 4512 sed
956 4460 1044 4526 qui
1088 4460 1227 4511 male
1269 4458 1486 4510 habent.
1519 4457 1633 4512 Non
1669 4456 1788 4508 veni

1886 2001 1975 2044 vat
2023 1991 2465 2062 Chrysostomus,
2514 1991 2659 2044 hont.
2715 1991 2801 2053 30,
2838 1999 2931 2043 aut
2977 1991 3065 2043 5|.
3095 1987 3241 2040 Data:
3273 1995 3457 2039 autem

1885 2084 2313 2138 observationes
2364 2085 2680 2150 sanatioque
2751 2081 3030 2151 paralytici
3115 2079 3274 2146 paulo
3336 2087 3461 2131 ante

1888 2179 2025 2230 facta
2064 2178 2379 2236 ostendunt,
2410 2191 2570 2244 quam
2612 2177 2794 2243 inepte
2835 2172 3080 2227 Julianus
3111 2181 3165 2224 et
3213 2167 3458 2237 Porphy-

1886 2269 1999 2320 rius
2058 2272 2400 2320 vocationem
2471 2264 2705 2318 Mattluei
2768 2262 3098 2316 Christianis
3155 2258 3460 2326 objecerint

1887 2369 2140 2428 tanquam
2175 2359 2569 2415 incredibilem.
2607 2367 2664 2411 ut
2707 2367 2850 2411 recte
2900 2355 3134 2409 advertit
3166 2353 3220 2408 S.
3263 2352 3455 2406 Hiero-

1889 2467 2080 2522 nymus
2113 2452 2164 2504 in
2197 2462 2359 2520 caput
2395 2466 2446 2504 nt
2481 2448 2741 2513 Matthxi,
2771 2449 2861 2501 ubi
2901 2447 3005 2502 illis
3038 2447 3195 2516 plura
3229 2460 3458 2516 respon-
3503 2447 3506 2450 ’

1888 2543 1998 2597 det.

1956 2632 2047 2686 2‘2.
2096 2631 2189 2685 Vel
2218 2632 2296 2684 sic
2329 2641 2508 2685 tamen
2550 2630 2682 2684 nihil
2719 2630 3115 2684 detrahendum
3146 2637 3228 2682 est
3272 2643 3459 2696 prom-

1887 2735 1988 2794 pta:
2010 2725 2332 2781 obedientiae
2359 2724 2614 2789 llattlnei,
2639 2724 2704 2776 de
2731 2739 2835 2791 qua
2862 2723 3110 2778 laudatus
3131 2721 3460 2793 Chrysosto-

1890 2821 2103 2874 musita
2140 2821 2498 2874 ratiocinator
2541 2836 2555 2873 :
2591 2837 2609 2864 σ
2652 2818 2720 2874 Ut
2751 2819 2985 2872 didicisti
3019 2820 3263 2872 vocantis
3309 2826 3460 2887 pote-

1888 2925 2104 2976 statem,
2137 2913 2217 2966 sic
2259 2914 2409 2969 disce
2441 2914 2612 2966 vocali
2655 2912 3044 2966 obedientiam.
3094 2911 3276 2978 Neque
3317 2911 3458 2963 enim

1891 3005 2230 3075 repugnavit,
2274 3021 2452 3073 neque
2500 3004 2754 3057 dttbitans
2784 3005 2920 3057 dixit
2960 3003 3142 3066 :Quid
3196 3005 3294 3056 hoc
3336 3001 3463 3055 est?

1889 3096 2025 3150 Num
2060 3112 2143 3151 me
2171 3097 2447 3150 hominem
2493 3096 2801 3163 huiusmodi
2853 3096 3225 3150 fraudulenter
3263 3094 3462 3146 vocat?

1891 3191 2022 3244 Nam
2056 3202 2202 3244 certe
2234 3192 2610 3258 intempestiva
2657 3191 2849 3244 fuisset
2906 3190 3212 3258 huiusmodi
3279 3188 3460 3241 humi-

1892 3284 2032 3336 litas.
2067 3282 2172 3336 Sed
2231 3282 2411 3335 statim
2444 3283 2682 3336 obedivit
2719 3300 2731 3337 :
2768 3297 2942 3348 neque
2977 3283 3129 3349 petiit
3161 3291 3216 3333 nt
3243 3281 3461 3334 domum

1890 3377 1966 3428 ire
2004 3376 2210 3436 liceret,
2248 3385 2304 3428 ut
2332 3391 2442 3428 rem
2471 3391 2592 3428 cum
2629 3376 2742 3428 suis
2780 3375 3235 3434 communicaret,
3269 3387 3462 3440 quern-

1889 3469 2178 3521 admodum
2224 3468 2386 3520 etiam
2466 3468 2759 3536 piscatores
2799 3467 3060 3520 fecerunt.
3096 3463 3166 3519 Ut
3199 3466 3343 3518 enim
3387 3462 3461 3515 illi

1889 3561 2047 3621 retia,
2078 3560 2404 3621 naviculam,
2437 3567 2490 3612 et
2523 3568 2751 3626 patrem,
2790 3558 2859 3610 ita
2896 3566 2950 3610 et
2998 3558 3081 3608 hic
3115 3553 3460 3610 teloniariam

1890 3666 2137 3703 mensam
2161 3659 2215 3702 et
2242 3650 2450 3704 lucrum
2482 3650 2720 3716 reliquit,
2745 3660 2802 3700 ut
2831 3657 3169 3716 sequeretur,
3194 3649 3256 3698 ad
3283 3649 3466 3696 omnia

1891 3747 2136 3805 paratum
2185 3737 2423 3789 auituum
2461 3738 2729 3789 exhibens
2779 3752 2792 3788 :
2840 3747 2894 3789 et
2935 3752 2963 3788 a
3006 3737 3164 3790 rebus
3211 3735 3464 3788 omnibus

1891 3826 2242 3883 saecularibus
2273 3840 2330 3878 se
2364 3825 2546 3879 statim
2585 3824 2936 3885 abscindens,
2973 3838 3069 3891 per
3094 3821 3460 3875 obedientiam

1892 3920 2187 3986 perfectam
2229 3918 2642 3977 testificati-ator,
2680 3932 2838 3986 quam
2873 3913 3193 3982 tempestive
3236 3921 3464 3966 vocatus

1892 4008 2102 4061 fuisset.
2148 4027 2166 4058 ι
2209 4008 2263 4061 S.
2315 4007 2545 4060 Basilius
2600 4013 2650 4060 in
2699 4007 2916 4076 Regillis
2975 4006 3148 4058 fusius
3197 4005 3460 4062 tractatis,

1892 4101 2076 4154 interr.
2112 4102 2166 4158 8.
2197 4100 2367 4169 magis
2398 4101 2560 4154 etiam
2588 4110 2870 4168 exaggerat
2898 4106 3198 4166 promptam
3229 4110 3462 4164 sequen-

1894 4191 1960 4245 tis
2005 4192 2390 4248 obedientiam,
2441 4191 2511 4241 ita
2565 4190 2809 4242 scribens
2856 4205 2868 4240 :
2926 4208 2942 4236 σ
2985 4187 3268 4240 Matutinus
3309 4199 3456 4247 vero,

1891 4293 2012 4332 cum
2038 4280 2104 4330 ab
2139 4279 2255 4345 ipso
2293 4279 2490 4330 telonio
2514 4278 2769 4339 surrexit,
2807 4276 3204 4339 Dominamque
3235 4283 3458 4326 secutus

1891 4378 1994 4430 est,
2042 4370 2186 4428 (nos
2217 4368 2405 4422 docuit
2437 4369 2492 4436 :)
2525 4367 2614 4435 qui
2650 4383 2756 4420 non
2805 4366 2986 4421 telonii
3030 4365 3202 4418 solum
3248 4364 3459 4416 etnnlu-

1893 4473 2070 4515 menta
2097 4463 2330 4529 reliquit,
2365 4462 2457 4514 sed
2490 4460 2728 4528 pericula
2757 4460 2918 4511 etiam
2946 4456 3304 4523 contempsit,
3340 4468 3460 4519 quae

221 4568 420 4606 vocare
461 4554 658 4618 justus,
716 4550 808 4602 sed
860 4560 1172 4618 peccatores
1220 4550 1285 4601 ad
1333 4548 1726 4616 paenitentiam.
1762 4566 1779 4596 ι
1821 4556 1862 4607 D
1893 4571 1919 4607 ει
1955 4556 2361 4624 magistratibus
2403 4564 2513 4605 tum
2569 4553 2669 4606 sibi
2716 4566 2827 4603 tum
2875 4547 3296 4614 consanguineis
3345 4545 3459 4599 suis

222 4644 497 4698 Hactenus
528 4641 872 4712 evangelistze
914 4641 980 4694 de
1017 4639 1326 4693 vocatione.

291 4740 382 4793 ‘21.
439 4737 519 4792 Ad
575 4737 800 4800 allegata
861 4746 1038 4786 autem
1097 4733 1553 4800 evangelistarum
1624 4732 1787 4785 verba

222 4835 513 4885 observare
575 4841 888 4896 possumus,
943 4837 1189 4878 sanctum
1253 4825 1563 4878 Matthteum
1626 4826 1791 4878 fuisse

224 4934 474 4977 vocatum
536 4933 705 4990 prope
750 4919 1020 4971 civitatem
1073 4916 1453 4985 Capharnautn
1512 4917 1576 4969 ad
1643 4930 1791 4969 mare

222 5016 477 5074 Galilzna»,
504 5013 617 5065 sive
646 5011 966 5067 'l‘iberiadis.
1000 5009 1132 5063 alias
1169 5011 1340 5062 lacum
1369 5009 1700 5062 Genesareth
1737 5008 1788 5060 itt

224 5106 520 5174 scripturis
570 5105 799 5164 dictum,
846 5104 931 5155 ubi
972 5113 1128 5156 erant
1180 5102 1434 5155 solvenda
1486 5101 1787 5168 vectigalia.

222 5200 354 5255 Nam
399 5197 608 5252 Marcus
639 5197 781 5250 clare
811 5197 883 5249 ait
919 5197 947 5263 ᾗ
992 5197 1026 5249 i.
1066 5195 1246 5248 Jcsutn
1296 5194 1504 5247 venisse
1546 5193 1790 5261 Caphar-

225 5305 423 5353 nanm,
483 5290 666 5353 ibique
720 5303 938 5340 satiassi-
983 5286 1353 5355 paralyticum,
1411 5295 1520 5338 tum
1577 5301 1789 5340 rursum

226 5383 396 5436 fuisse
437 5395 737 5449 egressura,
781 5388 833 5430 et
870 5378 1173 5431 Matlltmunt
1228 5377 1341 5430 sive
1379 5377 1503 5430 Levi
1548 5391 1788 5432 vocasse.

223 5475 513 5526 Matthmus
556 5485 683 5521 vero
728 5469 879 5528 dicit.
921 5466 1104 5522 Jesum
1143 5470 1357 5522 venisse
1397 5469 1447 5521 in
1513 5468 1788 5522 civitatem

225 5580 402 5623 suam,
434 5563 524 5616 ubi
561 5561 816 5615 nimirum
865 5573 992 5614 tunc
1025 5562 1323 5624 habitabat,
1369 5571 1427 5613 ιιι
1474 5561 1612 5614 idem
1656 5561 1788 5614 Mat-

228 5659 403 5710 lhaens
452 5670 572 5720 cap.
620 5654 750 5720 ιν.Ῡ
800 5653 862 5708 l5
913 5662 1140 5706 testatur
1187 5653 1268 5706 his
1323 5653 1550 5707 verbis:
1599 5671 1615 5703 ι
1655 5655 1789 5707 Cum

229 5755 410 5801 autem
444 5744 681 5798 audisset
718 5743 896 5807 Jesus,
925 5745 1065 5812 quod
1094 5742 1331 5797 Joannes
1364 5744 1591 5798 traditus
1621 5755 1787 5809 esset,

231 5835 458 5891 secessit
488 5836 539 5890 in
571 5834 842 5890 Galilaeam
877 5852 889 5888 :
924 5847 975 5890 et
1011 5836 1196 5890 relicta
1237 5837 1459 5891 civitate
1497 5835 1788 5901 Nazareth,

1893 4648 2310 4717 impendebant,
2336 4645 2480 4714 quod
2514 4644 2853 4714 vectigalium
2888 4644 3127 4693 rationes
3154 4637 3459 4705 reliquisset

1893 4743 2138 4796 infectas.
2175 4741 2442 4808 Autiquus
2489 4746 2789 4804 anonymus
2830 4735 2892 4784 ad
2929 4729 3262 4799 praesidium,
3298 4730 3456 4796 cuius

1895 4832 2130 4900 Epistula
2167 4830 2309 4881 inter
2353 4827 2528 4895 Opera
2573 4826 2628 4877 S.
2679 4824 2988 4894 Hieronymi
3023 4826 3280 4878 editiOnis
3314 4823 3454 4874 Mar-

1896 4924 2089 4978 tianeae
2122 4921 2347 4974 habetur
2386 4928 2519 4972 tom.
2564 4917 2626 4980 γ,
2678 4918 2782 4971 col.
2826 4920 2946 4978 146.
2996 4919 3249 4971 observat
3293 4915 3457 4969 etiam

1895 5019 2020 5074 alia,
2049 5017 2116 5067 ita
2146 5014 2371 5081 loquens
2403 5029 2416 5065 :
2466 5030 2484 5061 ι
2524 5011 2804 5064 Μςιιιὴςειις
2846 5008 3040 5063 sedens
3082 5011 3146 5059 ad
3184 5009 3457 5060 teloneum

1892 5107 2041 5158 audit
2078 5123 2089 5158 :
2119 5102 2359 5171 Sequere
2391 5117 2492 5154 nte.
2529 5099 2798 5168 Numquid
2834 5100 2981 5168 prius
3014 5098 3295 5154 ratiocinia
3328 5113 3459 5164 sup-

1894 5195 2121 5265 putavit,
2170 5203 2224 5246 et
2278 5206 2528 5245 reversus
2588 5192 2810 5245 domum
2860 5206 3080 5243 suorum
3141 5204 3328 5257 passus
3373 5197 3458 5241 cst

1895 5289 2176 5355 lacrymas,
2205 5284 2635 5352 prterliorumque
2662 5282 2910 5340 auctione
2937 5285 3218 5338 sollicitus.
3254 5295 3456 5348 nequa.

1893 5393 2053 5448 quam
2094 5381 2267 5447 potuit
2306 5376 2516 5430 Domini
2559 5376 2709 5444 sequi
2756 5375 2998 5444 vestigia,
3037 5372 3139 5426 nisi
3174 5374 3356 5426 mundi
3395 5388 3452 5428 se

1896 5474 2044 5542 prius
2072 5486 2238 5525 onere
2272 5469 2566 5523 liberaret?
2612 5488 2628 5519 ι
2670 5468 2744 5520 lta
2773 5469 2989 5534 quidem
3024 5481 3324 5535 anonytuus
3365 5465 3453 5519 hic

1894 5581 2016 5618 cum
2069 5562 2122 5617 S.
2172 5562 2366 5614 Basilio
2400 5562 2609 5614 videtur
2656 5560 2954 5619 insinuare,
3009 5558 3250 5612 rationes
3288 5556 3455 5610 fuisse

1898 5657 2197 5711 reddendas
2233 5657 2422 5708 sancio
2454 5653 2705 5709 Mattltaao
2737 5652 2804 5704 de
2832 5662 3053 5719 accepta
3089 5665 3155 5701 ex
3183 5646 3457 5716 vectigali.

1894 5747 1998 5802 bus
2048 5746 2295 5815 pecunia,
2344 5759 2443 5797 nec
2495 5755 2671 5798 tamen
2726 5744 2793 5798 de
2845 5743 2912 5797 iis
2957 5737 3247 5794 reddendis
3285 5737 3456 5793 fuisse

1897 5841 2203 5895 sollicitum.
2261 5836 2453 5892 Verum
2505 5851 2564 5890 ea
2620 5836 2926 5890 observatio
2970 5847 3119 5901 atque
3174 5830 3304 5884 mihi
3360 5829 3441 5884 in'
