4188 6436
771 384 873 448 763

2012 395 2293 455 MENSIS
2336 397 2804 462 SEPTEMBER.

3950 406 4070 467 πει

771 511 921 552 certa
971 509 1025 553 et
1069 515 1257 567 parum
1319 505 1612 571 probabilis
1663 518 1902 574 apparet,
1955 524 2016 562 ac
2071 512 2193 563 aliis
2235 512 2346 579 jam
2380 518 2420 568 A
2455 513 2638 565 telonii
2675 516 2862 570 usibus
2896 519 3159 577 serviebat
3193 520 3343 575 ?Sed
3377 522 3444 576 de
3485 534 3624 576 terra
3669 524 3968 578 sublatus.
4011 526 4068 572 in

771 593 888 645 visa
932 603 1035 654 est,
1077 592 1178 645 nisi
1226 611 1343 647 eam
1386 599 1562 650 solum
1599 599 1968 669 intelligamus
1993 602 2060 656 de
2095 615 2347 673 prompta

773 684 1051 739 voluntate
1077 689 1142 739 ad
1173 687 1477 742 faciendum
1506 691 1769 760 quidquid
1815 695 2033 762 juberet
2068 698 2346 763 Dominus,

773 793 897 829 cum
944 779 1077 830 satis
1117 794 1275 832 nosse
1315 793 1496 848 posset
1530 785 1664 836 nihil
1695 787 1818 839 ntali
1864 788 2167 854 jussnrnm.
2195 790 2348 853 Quod

775 884 905 922 vero
952 881 1160 937 spectat
1203 873 1265 924 ad
1313 875 1552 928 rationes
1587 877 1746 931 oﬂicii
1788 881 2198 949 magistratibus
2228 885 2350 936 red-

772 958 999 1016 dendas.
1047 962 1320 1029 conjicere
1377 981 1691 1031 possumus.
1747 982 1838 1022 aut
1889 973 2186 1041 obligatum
2240 991 2348 1027 non

776 1047 943 1101 fuisse
978 1049 1284 1104 Matthmnm
1323 1054 1386 1105 ad
1436 1070 1527 1108 eas
1578 1060 1899 1124 reddendas,
1939 1065 2078 1129 quod
2125 1063 2350 1118 fortasse

775 1149 927 1206 pater
968 1143 1137 1207 ipsius
1171 1145 1424 1211 Alpheus
1469 1149 1630 1201 etiam
1683 1163 1790 1204 tum
1847 1156 2075 1220 viveret,
2124 1168 2239 1213 ant.
2296 1159 2340 1210 si

779 1229 1066 1286 )iattlneus
1129 1238 1353 1288 omnino
1417 1253 1578 1308 caput
1628 1242 1842 1298 familiae
1907 1263 2015 1299 sua:
2077 1259 2242 1310 esset,
2297 1263 2349 1304 et

775 1325 1127 1393 vectigalibus
1170 1330 1475 1392 praefectus,
1531 1335 1820 1387 Dominum
1871 1339 2046 1391 eidem
2082 1352 2202 1408 post
2237 1343 2350 1409 pri-

778 1430 920 1466 mam
969 1417 1339 1471 obedientiam
1395 1423 1707 1484 mandasse,
1753 1438 1808 1478 ut
1862 1430 1941 1481 vel
1980 1432 2212 1485 rationes
2243 1434 2349 1487 cito

775 1505 1050 1571 redderet,
1087 1511 1171 1562 vel
1208 1526 1324 1564 eam
1360 1528 1546 1567 curam
1586 1518 1737 1571 alteri
1773 1522 2146 1576 demandaret.
2187 1526 2348 1580 Certe

776 1598 1114 1664 convivium,
1167 1603 1311 1669 quod
1367 1605 1419 1656 in
1471 1605 1632 1660 domo
1667 1624 1760 1662 sua
1793 1612 2010 1666 Christo
2061 1617 2348 1684 multisque

773 1687 1081 1755 publicanis
1132 1695 1400 1748 exstruxit
1452 1697 1771 1764 Matthaens,
1819 1703 2034 1757 abunde
2081 1706 2342 1770 insinuat,

774 1777 950 1843 ipsum
995 1777 1157 1832 facile
1193 1782 1246 1833 in
1293 1785 1427 1837 alios
1467 1791 1849 1844 transfundere
1898 1795 2158 1860 potuisse,
2193 1800 2349 1864 qttid-

772 1866 900 1934 quid
939 1869 1286 1938 obligationis
1319 1891 1380 1925 ex
1415 1875 1592 1928 officio
1627 1891 1991 1936 contraxerat.

842 1957 933 2011 :23.
983 1959 1153 2015 Porro
1197 1965 1399 2019 laudati
1439 1968 1857 2039 Chrysostotnus
1891 1989 1943 2030 et
1988 1977 2346 2050 Hieronymus

772 2064 894 2123 euut
957 2052 1112 2106 laude
1173 2057 1462 2112 observant
1523 2064 1814 2117 candorem
1883 2080 1938 2121 et
1986 2071 2343 2127 humilitatem

774 2141 832 2193 S.
878 2140 1137 2208 Matth-an,
1173 2149 1314 2214 quod
1367 2152 1478 2217 ipse
1517 2155 1568 2204 in
1609 2153 1902 2224 Evangelio
1948 2151 2222 2228 professus
2250 2166 2341 2229 sit,

775 2228 1127 2296 publicanum
1178 2251 1236 2287 se
1293 2238 1496 2303 l'uisse,
1553 2258 1787 2313 ususque
1850 2250 1915 2300 sit
1967 2255 2186 2306 nomine
2242 2271 2344 2310 suo

775 2320 946 2385 magis
992 2321 1225 2388 vulgato,
1271 2341 1394 2381 cum
1434 2330 1644 2386 Marcus
1693 2343 1746 2388 et
1787 2336 1959 2393 Lucas
1994 2341 2122 2396 Levi
2167 2345 2343 2412 ipsum

771 2411 1080 2476 nominent,
1134 2416 1263 2469 dum
1309 2422 1556 2477 scribunt
1600 2429 1986 2496 vocationem;
2034 2435 2343 2490 Mattlneum

773 2516 923 2566 vero,
952 2503 1075 2557 dum
1107 2510 1354 2562 eumdem
1401 2519 1662 2581 apostolis
1693 2532 2077 2578 annumerant.
2111 2527 2162 2578 Si
2201 2529 2343 2584 idem

770 2593 991 2650 fecisset
1067 2600 1353 2658 illattlneus
1404 2607 1538 2675 ipse,
1591 2622 1645 2665 et
1707 2615 1950 2670 similiter
2001 2619 2053 2671 in
2103 2625 2344 2693 catalogo

772 2689 1140 2753 apostolorum
1189 2697 1531 2762 publicanum
1563 2718 1621 2756 se
1650 2721 1756 2758 non
1785 2711 2137 2774 nominasset,
2163 2718 2342 2772 nullus

768 2777 967 2833 deinde
999 2797 1064 2835 ex
1103 2785 1395 2855 Evangelio
1424 2795 1633 2847 nescire
1669 2799 1955 2864 potuisset,
1996 2805 2341 2871 publicanum

771 2868 938 2923 fuisse
977 2872 1310 2940 Manlia-um,
1357 2891 1448 2935 aut
1498 2887 1743 2941 eumdem
1795 2907 1914 2944 cum
1955 2868 2104 2948 Levi.
2142 2901 2342 2952 Audia-

771 2973 890 3013 mus
914 2965 1070 3018 verba
1104 2973 1274 3024 sancti
1307 2971 1614 3045 Hieronymi
1648 2999 1658 3030 :
1696 3001 1712 3030 ι
1753 2981 1944 3037 Cazteri
1975 2991 2340 3058 evangelistae,

772 3051 969 3119 inquit,
1013 3070 1233 3126 propter
1268 3067 1650 3120 verecundiam
1685 3079 1738 3122 et
1777 3072 2039 3128 honorem
2079 3051 2336 3147 M'atthaai,

766 3143 1061 3201 noluerunt
1119 3166 1243 3204 cum
1304 3156 1523 3211 nomine
1582 3162 1856 3228 appellare
1917 3167 2178 3237 vulgato,
2238 3173 2408 3240 sedc

766 3234 1044 3303 dixerunt,
1102 3242 1269 3309 Levi;
1327 3247 1531 3315 duplici
1590 3254 1790 3321 quippe
1840 3234 2103 3312 vocabulo
2161 3262 2281 3316 fuit.
2317 3283 2334 3314 ι

767 3326 888 3393 Ipse
934 3341 1113 3384 autem
1153 3334 1436 3392 Mattlimus
1474 3345 1773 3396 secundum
1804 3346 1955 3413 illud,
1993 3352 2135 3419 quod
2170 3369 2196 3405 a
2240 3355 2338 3408 Sa-

767 3417 985 3473 lomone
1030 3425 1341 3492 przccipitur
1379 3444 1393 3480 :
1438 3448 1454 3480 ι
1491 3431 1648 3487 Jesus
1692 3452 1978 3495 accusator
2013 3454 2092 3498 est
2150 3451 2234 3500 sui
2285 3449 2339 3501 in

769 3510 1041 3580 principio
1081 3520 1369 3574 sermonis.
1414 3542 1431 3573 ι
1483 3525 1547 3578 Et
1596 3528 1647 3579 in
1703 3531 1812 3581 alio
1851 3534 1969 3584 loco
2019 3554 2031 3585 :
2085 3554 2101 3584 ι
2146 3536 2237 3589 Die
2284 3550 2338 3591 tu

765 3615 987 3669 peccata
1023 3617 1130 3670 tua,
1171 3622 1228 3662 ut
1257 3612 1574 3675 institit-eris
1610 3634 1626 3683 ;
1668 3637 1684 3668 ι
1725 3620 2033 3677 Mattliaeum
2066 3642 2124 3680 se
2156 3636 2210 3680 et
2241 3647 2338 3697 pu-

765 3698 1037 3754 blicanum
1072 3707 1337 3773 nominat,
1388 3720 1445 3764 ut
1472 3717 1721 3769 Ostendat
1762 3719 2088 3788 legentibus,
2123 3727 2334 3782 nullum

761 3790 966 3847 debere
988 3796 1218 3852 salutem
1258 3804 1571 3870 desperare,
1609 3810 1650 3860 si
1685 3812 1747 3861 ad
1785 3813 2005 3865 meliora
2035 3832 2338 3872 conversus

763 3883 856 3946 sit,
885 3901 1006 3937 cum
1035 3889 1153 3956 ipse
1177 3892 1242 3942 de
1275 3895 1560 3959 publicano
1587 3899 1639 3950 in
1688 3904 1992 3967 apostolum
2019 3907 2089 3958 sit
2114 3920 2337 3976 repente

766 3987 1029 4030 mutatus.
1065 3999 1082 4029 ›
1116 3980 1312 4036 Eadem
1343 3985 1454 4040 fere
1490 3989 1740 4044 observat
1767 3993 2207 4064 Chrysostomus,
2244 4003 2335 4070 qui

761 4066 1004 4136 adiungit
1034 4072 1194 4124 etiam
1221 4081 1506 4144 Sequentia
1546 4100 1556 4131 :
1597 4100 1612 4130 ι
1651 4085 1760 4136 Cur
1791 4104 1948 4152 porro
1978 4090 2132 4154 dixit,
2157 4066 2335 4158 ipsum

761 4160 971 4213 sedisse
1006 4163 1061 4214 in
1116 4165 1354 4220 telonio?
1388 4169 1639 4225 Vocantis
1675 4177 1777 4228 vim
1825 4182 2145 4247 ostendens,
2186 4188 2333 4252 quod

761 4263 886 4302 cum
920 4255 1160 4307 nondum
1194 4257 1510 4326 destitisset,
1549 4275 1604 4318 et
1645 4269 1892 4337 improbo
1931 4275 2133 4329 telonio
2162 4278 2334 4333 haere-

759 4352 860 4402 ret,
899 4359 964 4397 ex
999 4350 1186 4402 mediis
1228 4351 1398 4418 ipsum
1433 4359 1585 4410 malis
1612 4366 1923 4418 extraxerit.
1953 4385 1969 4415 ι
2005 4368 2069 4420 Et
2105 4388 2225 4423 mox
2268 4375 2334 4427 de

757 4437 936 4493 ollicio
971 4443 1388 4510 publicanorum
1433 4451 1504 4504 ita
1551 4466 1788 4510 mentem
1833 4473 1984 4514 suam
2035 4464 2275 4520 declarat
2314 4487 2326 4522 :

765 4551 783 4582 ι
826 4531 947 4588 Ηῖο
986 4547 1166 4588 autem
1207 4539 1454 4595 lucrandi
1491 4547 1627 4599 ratio
1656 4549 1990 4616 impudentia
2027 4559 2180 4623 plena
2212 4573 2329 4615 erat

758 4639 821 4675 ac
865 4629 1185 4692 petulantia,
1219 4645 1456 4698 quaestus
1492 4637 1707 4707 iniquus
1734 4658 1796 4696 ac
1823 4658 2124 4702 mercatura
2159 4654 2329 4707 illibe-

760 4716 906 4770 ralis.
949 4738 966 4769 ι
1017 4722 1154 4774 Hine
1202 4722 1256 4776 S.
1299 4726 1614 4797 Gregorius,
1651 4735 1796 4788 hom.
1837 4739 1904 4790 24
1948 4740 1997 4793 in
2044 4743 2329 4813 Evangelia

757 4808 1015 4873 advertit,
1078 4812 1299 4869 Petrum
1369 4821 1586 4887 quidem
1645 4827 1932 4894 aliquando
1994 4808 2220 4890 rediisse
2261 4841 2326 4892 ad

757 4897 1138 4966 piscationem,
1190 4911 1282 4961 sed
1318 4911 1630 4968 Matthzeum
1673 4935 1946 4987 nunquam
1991 4929 2055 4979 ad
2089 4928 2323 4983 officium

757 4990 1023 5056 publicani
1077 4999 1319 5064 periculo
1341 5004 1605 5070 .plennm.
1658 5026 1676 5058 ι
1717 5012 1852 5074 Quia
1901 5015 2043 5068 aliud
2099 5029 2202 5082 est,
2245 5021 2328 5074 in-

754 5084 894 5146 quit,
923 5085 1124 5139 victum
1153 5105 1250 5157 per
1282 5094 1642 5159 piscationem
1674 5117 1934 5168 quaerere,
1972 5109 2113 5160 aliud
2147 5122 2324 5166 autem

754 5172 940 5227 telonii
975 5177 1142 5232 lucris
1181 5186 1439 5250 pecunias
1472 5204 1694 5258 augere.
1719 5194 1855 5248 Sunt
1885 5201 2028 5252 enim
2069 5205 2325 5272 pleraque

752 5271 992 5337 negotia,
1042 5290 1162 5341 qtne
1223 5282 1339 5333 sine
1394 5288 1631 5350 peccatis
1681 5292 1921 5345 exhiberi
1969 5307 2059 5348 aut
2101 5299 2180 5350 vix
2232 5313 2325 5355 aut

749 5363 1063 5419 nullatenus
1095 5383 1347 5434 possunt.
1391 5374 1522 5438 Qum.
1556 5395 1683 5448 ergo
1714 5385 1775 5434 ad
1813 5401 2093 5451 peceatum
2137 5395 2318 5460 impli-

748 5465 898 5519 cant,
961 5459 1026 5510 ad
1087 5461 1200 5514 haec
1255 5480 1477 5520 necesse
1508 5482 1590 5525 est
1647 5482 1702 5524 ut
1745 5489 1859 5542 post
1908 5485 2317 5537 conversionem

747 5548 969 5602 animus
995 5568 1100 5604 non
1128 5569 1394 5610 recurrat.
1429 5559 1704 5618 Laudatus
1729 5569 2038 5636 Gregorius,
2069 5576 2160 5626 lib.
2193 5593 2318 5632 xvut

749 5640 1034 5698 Moralium
1077 5646 1128 5699 in
1165 5647 1266 5703 Job
1298 5667 1418 5720 cap.
1451 5654 1521 5708 2⁵1
1551 5657 1616 5710 de
1655 5675 1846 5730 magna
1879 5665 2046 5717 sancti
2088 5667 2321 5722 Malthaei

745 5739 1052 5792 mutatione
1106 5742 1175 5795 ita
1228 5744 1469 5813 loquitur
1524 5768 1535 5802 :
1595 5769 1610 5802 ι
1655 5755 1846 5807 Annon
1924 5759 2205 5816 Matth-«eus
2266 5763 2316 5815 in

742 5835 887 5881 terra
923 5831 1175 5889 inventus
1205 5849 1300 5904 est,
1324 5841 1436 5909 qui,
1472 5847 1702 5902 terrenis
1733 5852 1960 5919 negotiis
1991 5853 2312 5922 implicatus,

2454 605 2828 659 fortitudinem
2858 609 2980 661 ferri
3009 612 3283 665 convaluit
3321 633 3330 665 :
3361 615 3516 680 cujus
3543 614 3800 667 videlicet
3829 615 4062 682 lingua.

2453 699 2601 764 quasi
2636 700 2950 753 acutissimo
2996 704 3193 771 gladio,
3236 706 3510 781 Evangelii
3560 708 4067 759 administratione

2456 789 2716 843 Dominus
2752 791 3043 845 infidelium
3093 797 3252 849 corda
3300 798 3608 850 transfixit:
3647 807 3701 850 et
3746 799 3842 865 qui
3890 800 4063 849 inﬁr-

2456 897 2574 934 mus
2600 884 2746 949 prius
2775 883 3173 953 despectusquc
3214 889 3389 942 fuerat
3423 907 3516 957 per
3543 892 3758 942 terrena
3797 893 4056 958 negotia,

2455 971 2610 1023 fortis
2657 974 3000 1040 postmodum
3052 976 3228 1031 factus
3267 989 3347 1032 est
3393 981 3458 1032 ad
3491 980 3731 1033 ccclestia
3770 980 4056 1047 praedica-

2455 1074 2658 1116 menta.

2506 1174 2608 1233 Ὡ-ῑ.
2660 1179 2812 1243 Quod
2865 1182 2931 1234 ab
2984 1182 3314 1252 Hieronymo
3364 1201 3526 1254 supra
3575 1187 3780 1240 dictum
3838 1200 3921 1242 est
3976 1192 4049 1243 de

2452 1271 2909 1340 geminonomine
2949 1275 3196 1340 apostoli,
3245 1276 3333 1341 qni
3390 1275 3683 1330 Marthaens
3733 1283 4050 1334 vocabatur

2452 1371 2505 1414 et
2562 1361 2708 1421 Levi.
2768 1373 2825 1414 ut
2862 1381 3053 1418 omnes
3121 1368 3316 1433 passim
3371 1370 3920 1434 animadverterunt,
3986 1383 4049 1424 et

2454 1453 2743 1520 Evangelia
2805 1455 3106 1510 clarissime
3162 1457 3459 1519 insinuant,
3515 1462 3734 1514 videtur
3805 1479 4046 1533 negasse

2451 1542 2730 1612 Origenes,
2775 1547 2866 1600 lib.
2899 1563 2912 1599 ι
2958 1547 3152 1602 Contra
3191 1549 3434 1610 Cei'sum,
3471 1568 3623 1605 num.
3667 1555 3757 1617 6‘2,
3796 1557 3887 1607 tibi
3925 1558 4045 1610 hanc

2452 1635 2613 1687 habet
2649 1653 2661 1688 :
2705 1655 2721 1687 ι
2755 1635 2834 1688 Sit
2858 1649 2909 1690 et
2935 1639 3060 1692 Levi
3091 1640 3432 1707 publicanus,
3470 1644 3558 1708 qui
3587 1644 3774 1698 Jesuin
3811 1649 4042 1702 secutus

2452 1729 2542 1781 sit.
2586 1728 2654 1781 At
2704 1746 2807 1781 non
2851 1730 2952 1783 fuit
2987 1731 3074 1783 ille
3114 1747 3179 1784 ex
3236 1735 3604 1800 apostolorum
3639 1752 3901 1801 numero,
3934 1743 4041 1795 nisi

2381 1849 2422 1903 Β
2449 1821 2598 1883 juxta
2628 1821 2870 1887 qnmdam
2909 1823 3181 1892 Evangelii
3217 1825 3515 1876 secundum
3556 1824 3808 1879 Marcum
3849 1846 4038 1883 exem-

2451 1911 2638 1979 plaria.
2685 1931 2701 1962 ι
2738 1910 3074 1967 Novissimus
3125 1916 3303 1969 editor
3347 1915 3584 1984 Operam
3621 1916 3906 1987 Origenis,
3939 1921 4043 1974 Ca-

2450 2005 2594 2056 roins
2631 2004 2873 2067 Delarue,
2916 2015 3042 2059 tom.
3080 2007 3121 2067 l.
3157 2024 3275 2078 pag.
3314 2009 3415 2062 576
3459 2010 3510 2062 in
3565 2011 3863 2063 Adnotatis
3891 2015 4042 2068 addit

2449 2095 2602 2159 alios,
2655 2095 2724 2147 ita
2755 2097 2997 2151 scribens
3030 2117 3043 2153 :
3085 2117 3101 2149 ι
3141 2098 3305 2152 Levin
3345 2117 3372 2152 a
3425 2100 3686 2154 Matthato
3737 2104 4039 2174 distinguit

2447 2190 2608 2238 etiam
2676 2186 2972 2240 lleracleon
3038 2182 3328 2242 haereticus
3396 2189 3824 2246 Valentinianus
3885 2198 4033 2263 apud

2446 2278 2781 2332 Clementem
2818 2281 3243 2333 Alexandrinum
3279 2299 3327 2334 tv
3359 2283 3619 2336 Stromal.
3661 2301 3786 2354 pag.
3819 2287 3947 2349 50-2,
3980 2301 4037 2341 et

2449 2368 2592 2421 inter
2643 2373 2982 2422 recentiores
3042 2371 3194 2441 Hugo
3252 2371 3506 2437 Grotius,
3566 2392 3828 2446 magnum
3891 2382 4035 2448 apud

2448 2459 2791 2515 Calvinianos
2819 2462 3059 2530 aliosque
3086 2464 3448 2521 heterodoxos
3478 2483 3699 2522 nomen.
3739 2470 4038 2522 Premnittit

2448 2553 2514 2606 de
2559 2551 2810 2621 Origene,
2855 2554 2996 2622 quod
3040 2573 3056 2605 ι
3113 2555 3236 2609 Levi
3288 2573 3409 2610 cuin
3460 2559 3712 2612 Mattliteo
3772 2562 4034 2612 eumdem

2448 2661 2670 2712 prorsus
2702 2647 2975 2700 hominem
3022 2663 3142 2701 esse
3190 2651 3439 2701 videatur
3483 2652 3686 2702 sentire
3735 2651 3786 2701 in
3830 2651 4036 2703 Praefa-

2448 2737 2596 2787 tione
2638 2738 3030 2803 explanationis
3085 2739 3137 2789 in
3200 2739 3494 2807 Epistulam
3550 2740 3617 2792 ad
3662 2740 3964 2795 Romanos.
4009 2762 4026 2793 ι

2447 2828 2622 2880 Verba
2666 2828 2778 2894 ipsa
2811 2827 3063 2897 Origenis
3107 2845 3169 2882 ex
3205 2831 3425 2898 antiqua
3463 2832 3706 2885 editione
3745 2836 3896 2901 (nam
3947 2846 4031 2889 to-

2447 2933 2592 2969 mum
2629 2917 2691 2970 ιν
2724 2934 2874 2971 nova:
2912 2919 3140 2972 necdum
3174 2920 3455 2986 habemus)
3489 2922 3786 2991 subjongo.
3821 2923 4032 2979 Obser-

2448 3013 2534 3056 vat
2583 3002 2867 3073 Origenes,
2919 3007 3104 3060 multis
3136 3009 3243 3062 duo
3292 3019 3386 3062 aut
3442 3012 3539 3063 tria
3573 3014 3742 3065 fuisse
3781 3019 4026 3079 nomina,

2446 3097 2696 3166 interque
2756 3117 2850 3153 eos
2907 3105 3153 3154 nominat
3209 3103 3552 3166 Matthaeum,
3603 3107 3672 3158 ita
3719 3110 4029 3162 scribens:

2447 3206 2463 3236 ι
2504 3186 2635 3240 Nam
2682 3201 2735 3241 et
2775 3189 3053 3243 Matlhaeus
3089 3193 3202 3260 ipse
3236 3193 3400 3246 refert
3455 3197 3518 3250 de
3569 3214 3648 3261 se,
3701 3200 3850 3267 quod
3904 3217 4025 3251 cum

2447 3281 2701 3335 transiret
2751 3281 2948 3345 Jesus,
3005 3283 3211 3339 invenit
3277 3289 3564 3356 quemdam
3618 3292 3904 3343 sedentem
3964 3296 4032 3347 ad

2446 3372 2724 3435 tel0nium,
2760 3376 2979 3428 nomine
3013 3375 3342 3429 Mattlnrum.
3373 3379 3542 3429 Lucas
3576 3395 3703 3431 vero
3731 3381 3797 3431 de
3836 3384 4028 3437 eodem

2443 3463 2592 3523 dicit,
2650 3466 2775 3529 quia
2833 3481 2956 3516 cum
3013 3468 3268 3518 transiret
3317 3466 3495 3530 Jesus,
3549 3471 3846 3535 quemdam
3897 3476 4030 3527 vidit

2444 3553 2812 3620 publicanum,
2856 3556 3075 3608 nomine
3116 3555 3268 3615 Levi.
3306 3568 3359 3610 et
3401 3560 3555 3619 dixit.
3587 3561 3835 3629 Sequere
3871 3582 4024 3619 me...

2440 3645 2656 3698 Certum
2689 3657 2765 3700 est
2795 3660 2993 3714 autem,
3049 3648 3412 3719 evangelistas
3443 3668 3549 3704 non
3585 3670 3802 3707 errasse
3839 3658 3890 3708 in
3927 3675 4028 3712 no-

2441 3736 2679 3790 minibus
2721 3740 3129 3807 apostolorum;
3187 3744 3279 3797 sed
3333 3744 3458 3812 quia
3505 3746 3671 3798 moris
3715 3758 3838 3800 erat
3884 3749 4026 3804 binis

2443 3823 2523 3875 vel
2562 3825 2729 3876 ternis
2767 3828 3077 3882 nominibus
3111 3831 3184 3882 ιιιί
3221 3831 3474 3885 Hebraeos
3498 3873 3511 3895 ,
3546 3837 3708 3888 unius
3743 3836 4026 3903 ejusdem-

2441 3930 2545 3982 que
2598 3917 2693 3969 viri
2745 3917 2954 3971 diversa
3010 3920 3206 3989 singuli
3265 3923 3548 3975 nominum
3607 3929 3878 3981 vocabula
3931 3949 4027 4000 po-

2440 4023 2618 4063 suere.
2663 4030 2681 4060 ›
2714 4010 2810 4063 llic
2844 4027 2949 4065 non
2975 4015 3134 4067 modo
3171 4014 3480 4068 Mattltwum
3518 4025 3566 4068 et
3598 4015 3729 4070 Levi
3764 4025 4023 4076 eumdem

2439 4101 2712 4154 declarant
2768 4102 3064 4170 Origenes;
3117 4109 3207 4160 sed
3255 4109 3417 4160 etiam
3465 4111 3710 4164 ostendit
3766 4115 4022 4168 eumdem

2440 4204 2580 4252 esse,
2632 4209 2752 4244 cum
2805 4195 3013 4261 Lucas,
3069 4199 3142 4250 uti
3185 4208 3237 4249 et
3278 4200 3485 4253 Marcus
3512 4239 3526 4262 ,
3574 4202 3716 4256 idem
3759 4206 3920 4270 plane
3961 4208 4022 4260 de

2442 4280 2569 4334 Levi
2603 4287 2919 4347 narraverit,
2948 4289 3092 4353 quod
3124 4288 3410 4340 Mattlucus
3441 4290 3505 4341 de
3534 4306 3612 4343 se.
3643 4294 4017 4363 Quapmptcr.

2439 4374 2480 4427 si
2514 4371 2794 4443 Origenes,
2841 4389 3027 4429 contra
3073 4378 3289 4430 Celsum
3345 4380 3610 4441 scribens,
3654 4397 3848 4436 revera
3893 4388 4015 4440 Leti

2438 4463 2600 4519 alium
2655 4486 2681 4520 a
2732 4469 2980 4523 Matth-deo
3031 4470 3347 4534 crediderit,
3413 4485 3598 4540 postea
3654 4472 4014 4541 frequentiori

2438 4573 2532 4610 usu
2568 4574 2733 4611 sacra:
2777 4561 3069 4627 Scriptura:
3103 4577 3345 4616 errorem
3385 4565 3646 4618 correxit.
3682 4567 3752 4618 At
3787 4568 4014 4620 fortasse

2432 4649 2689 4716 Origenes
2737 4653 2959 4719 allegata
3006 4654 3167 4708 verba
3225 4657 3403 4708 solum
3456 4659 3681 4723 protulit
3717 4677 3782 4713 ex
3833 4675 4013 4715 mente

2431 4750 2524 4792 aut
2577 4742 2735 4795 dictis
2785 4745 2948 4807 Celsi,
2993 4759 3182 4800 contra
3233 4764 3392 4814 quem
3446 4750 3602 4801 dere
3641 4753 3871 4805 omnino
3913 4755 4011 4807 alia

2431 4833 2753 4886 disserebat.
2803 4836 2954 4899 Quod
2998 4849 3204 4905 Spectat
3255 4839 3316 4890 ad
3357 4839 3749 4894 Heracleonem
3783 4854 3840 4896 et
3875 4845 4010 4897 Gro-

2435 4924 2585 4981 tium.
2623 4926 2990 4994 relinquemus
3038 4929 3141 4980 illis
3173 4929 3489 4995 opinionem
3524 4948 3677 4984 suam
3728 4932 4007 5002 improba-

2433 5015 2610 5078 bilem,
2670 5034 2696 5070 a
2754 5021 2915 5073 variis
2968 5021 3074 5090 jam
3132 5024 3444 5084 refutatam,
3498 5037 3549 5076 et
3596 5042 3894 5097 pergeinus
3945 5032 4005 5081 ad

2431 5107 2587 5158 aliam
2626 5113 3055 5165 controversiam
3092 5116 3260 5182 magis
3293 5115 3627 5183 ambiguam.

2497 5214 2583 5266 95.
2627 5213 2976 5269 Recentiores
3010 5216 3202 5281 Graeci,
3247 5220 3360 5272 sive
3399 5219 3493 5282 illi,
3537 5221 3624 5285 qui
3678 5224 3862 5274 medio
3894 5241 4001 5276 avo

2428 5305 2748 5371 floruerunt,
2794 5310 2851 5358 S.
2898 5309 3208 5363 Matth-xum
3257 5313 3569 5366 existimant
3616 5312 3846 5365 fratrem
3887 5332 4000 5370 esse

2431 5397 2485 5449 S.
2521 5397 2704 5452 Jacobi
2741 5400 2941 5466 Alplnei
2979 5404 3228 5469 apostoli,
3263 5405 3471 5471 sibique
3507 5403 3756 5458 faventes
3793 5409 3992 5459 habent

2427 5490 2715 5541 nonnullos
2755 5507 2783 5541 e
2821 5491 3110 5555 l’atribus;
3155 5494 3248 5545 sed
3289 5494 3451 5561 aliqui
3498 5497 3762 5548 resistunt
3799 5500 3991 5550 eruditi

2427 5582 2706 5633 neoterici.
2741 5582 3118 5636 llcnschenius
3146 5595 3331 5638 noster
3356 5590 3420 5638 ad
3457 5589 3467 5639 Ι
3511 5587 3629 5639 Maii
3665 5592 3992 5641 examinavit

2426 5674 2742 5726 Sententiain
2792 5674 3096 5730 Graecorum
3149 5678 3200 5729 in
3257 5677 3310 5731 S.
3351 5679 3574 5741 Jacobo,
3628 5683 3742 5733 sive
3798 5696 3926 5734 tom.
3974 5681 3987 5731 ι

2426 5763 2568 5826 Maii,
2596 5780 2712 5835 pag.
2756 5768 2838 5829 It),
2873 5768 2957 5819 ubi
2995 5785 3087 5836 pro
3126 5769 3209 5821 illa
3247 5774 3515 5825 sententia
3547 5773 3724 5826 laudat
3759 5768 3986 5827 Menolov

2428 5855 2572 5926 giuin
2624 5856 2970 5925 Basilianum,
3022 5858 3377 5928 Synaxarium
3429 5867 3797 5932 pervetustum
3851 5865 3982 5919 Con-
